  <div class='ocr_page' id='page_1' title='image "/cluster/home/n/w/nwhite01/storage/ocr_20150623/73:no.6/coo.31924054869692/100.png"; bbox 0 0 4106 6486; ppageno 0'>
   <div class='ocr_carea' id='block_1_1' title="bbox 351 371 466 429">
    <p class='ocr_par' dir='ltr' id='par_1_1' title="bbox 351 371 466 429">
     <span class='ocr_line' id='line_1_1' title="bbox 351 371 466 429; baseline 0 0"><span class='ocrx_word' id='word_1_1' title='bbox 351 371 466 429; x_wconf 78' lang='grc'><strong>185</strong></span> 
     </span>
    </p>
   </div>
   <div class='ocr_carea' id='block_1_2' title="bbox 1413 364 2539 429">
    <p class='ocr_par' dir='ltr' id='par_1_2' title="bbox 1413 364 2539 429">
     <span class='ocr_line' id='line_1_2' title="bbox 1413 364 2539 429; baseline 0.001 -3"><span class='ocrx_word' id='word_1_2' title='bbox 1413 368 1481 426; x_wconf 81' lang='lat' dir='ltr'><strong>IN</strong></span> <span class='ocrx_word' id='word_1_3' title='bbox 1518 367 1809 429; x_wconf 75' lang='lat' dir='ltr'><strong>JOANNIS</strong></span> <span class='ocrx_word' id='word_1_4' title='bbox 1835 364 2288 426; x_wconf 78' lang='lat' dir='ltr'><strong>EVANGELIUM</strong></span> <span class='ocrx_word' id='word_1_5' title='bbox 2330 365 2459 425; x_wconf 87' lang='lat' dir='ltr'><strong>LIB.</strong></span> <span class='ocrx_word' id='word_1_6' title='bbox 2497 369 2539 428; x_wconf 79' lang='grc' dir='ltr'>ι.</span> 
     </span>
    </p>
   </div>
   <div class='ocr_carea' id='block_1_3' title="bbox 3540 365 3648 424">
    <p class='ocr_par' dir='ltr' id='par_1_3' title="bbox 3540 365 3648 424">
     <span class='ocr_line' id='line_1_3' title="bbox 3540 365 3648 424; baseline -0.019 1"><span class='ocrx_word' id='word_1_7' title='bbox 3540 365 3648 424; x_wconf 67' lang='grc' dir='ltr'>ηε</span> 
     </span>
    </p>
   </div>
   <div class='ocr_carea' id='block_1_4' title="bbox 341 483 1981 565">
    <p class='ocr_par' dir='ltr' id='par_1_4' title="bbox 341 487 1981 565">
     <span class='ocr_line' id='line_1_4' title="bbox 341 487 1981 565; baseline -0.001 -17"><span class='ocrx_word' id='word_1_8' title='bbox 341 497 456 560; x_wconf 71' lang='grc' dir='ltr'><strong>τὰς</strong></span> <span class='ocrx_word' id='word_1_9' title='bbox 508 487 754 565; x_wconf 86' lang='grc' dir='ltr'>Γραφάς.</span> <span class='ocrx_word' id='word_1_10' title='bbox 802 508 822 542; x_wconf 74' lang='grc' dir='ltr'><strong>ι</strong></span> <span class='ocrx_word' id='word_1_11' title='bbox 893 488 1332 562; x_wconf 82' lang='grc' dir='ltr'>Διερωτήσαντες</span> <span class='ocrx_word' id='word_1_12' title='bbox 1376 488 1486 562; x_wconf 83' lang='grc' dir='ltr'>γὰρ</span> <span class='ocrx_word' id='word_1_13' title='bbox 1534 489 1628 544; x_wconf 83' lang='grc' dir='ltr'><strong>τὸν</strong></span> <span class='ocrx_word' id='word_1_14' title='bbox 1676 490 1981 561; x_wconf 71' lang='grc' dir='ltr'>μακάριον</span> 
     </span>
    </p>
   </div>
   <div class='ocr_carea' id='block_1_5' title="bbox 2084 483 3646 565">
    <p class='ocr_par' dir='ltr' id='par_1_5' title="bbox 2087 483 3646 561">
     <span class='ocr_line' id='line_1_5' title="bbox 2087 483 3646 561; baseline -0.004 -17"><span class='ocrx_word' id='word_1_15' title='bbox 2087 501 2270 545; x_wconf 83' lang='lat' dir='ltr'><strong>oanne</strong></span> <span class='ocrx_word' id='word_1_16' title='bbox 2300 487 2569 559; x_wconf 86' lang='lat' dir='ltr'><strong>Baptista,</strong></span> <span class='ocrx_word' id='word_1_17' title='bbox 2599 494 2893 561; x_wconf 74' lang='lat' dir='ltr'><strong>postquam</strong></span> <span class='ocrx_word' id='word_1_18' title='bbox 2935 491 3272 557; x_wconf 83' lang='lat' dir='ltr'><strong>acceperunt</strong></span> <span class='ocrx_word' id='word_1_19' title='bbox 3320 483 3500 556; x_wconf 87' lang='lat' dir='ltr'><strong>ipsum</strong></span> <span class='ocrx_word' id='word_1_20' title='bbox 3535 500 3646 539; x_wconf 87' lang='lat' dir='ltr'><strong>non</strong></span> 
     </span>
    </p>
   </div>
   <div class='ocr_carea' id='block_1_6' title="bbox 345 577 1956 650">
    <p class='ocr_par' dir='ltr' id='par_1_6' title="bbox 345 577 1956 650">
     <span class='ocr_line' id='line_1_6' title="bbox 345 577 1956 650; baseline -0.002 -13"><span class='ocrx_word' id='word_1_21' title='bbox 345 581 702 650; x_wconf 80' lang='grc' dir='ltr'>Βαπτιστὴν,</span> <span class='ocrx_word' id='word_1_22' title='bbox 747 577 846 633; x_wconf 74' lang='grc' dir='ltr'>καὶ</span> <span class='ocrx_word' id='word_1_23' title='bbox 897 577 1163 649; x_wconf 76' lang='grc' dir='ltr'><strong>μαθόντες</strong></span> <span class='ocrx_word' id='word_1_24' title='bbox 1211 579 1404 650; x_wconf 81' lang='grc' dir='ltr'><strong>ὅτιπερ</strong></span> <span class='ocrx_word' id='word_1_25' title='bbox 1449 578 1615 642; x_wconf 81' lang='grc' dir='ltr'>αὐτὸς</span> <span class='ocrx_word' id='word_1_26' title='bbox 1661 579 1762 634; x_wconf 82' lang='grc' dir='ltr'>οὐκ</span> <span class='ocrx_word' id='word_1_27' title='bbox 1806 579 1895 649; x_wconf 87' lang='grc' dir='ltr'>εῐη</span> <span class='ocrx_word' id='word_1_28' title='bbox 1925 580 1956 633; x_wconf 78' lang='grc' dir='ltr'><strong>ὁ</strong></span> 
     </span>
    </p>
   </div>
   <div class='ocr_carea' id='block_1_7' title="bbox 343 665 1954 750">
    <p class='ocr_par' dir='ltr' id='par_1_7' title="bbox 343 665 1954 750">
     <span class='ocr_line' id='line_1_7' title="bbox 343 665 1954 750; baseline -0.004 -20"><span class='ocrx_word' id='word_1_29' title='bbox 343 673 623 750; x_wconf 80' lang='grc' dir='ltr'>Χριστὸς,</span> <span class='ocrx_word' id='word_1_30' title='bbox 652 671 1080 744; x_wconf 77' lang='grc' dir='ltr'><strong>ἀποκρίνονται·</strong></span> <span class='ocrx_word' id='word_1_31' title='bbox 1108 670 1174 726; x_wconf 89' lang='grc' dir='ltr'>Τί</span> <span class='ocrx_word' id='word_1_32' title='bbox 1200 665 1328 739; x_wconf 83' lang='grc' dir='ltr'>οὗν;</span> <span class='ocrx_word' id='word_1_33' title='bbox 1373 671 1563 736; x_wconf 82' lang='grc' dir='ltr'>Ἠλίας</span> <span class='ocrx_word' id='word_1_34' title='bbox 1592 669 1676 738; x_wconf 70' lang='lat' dir='ltr'><strong>ei;</strong></span> <span class='ocrx_word' id='word_1_35' title='bbox 1720 672 1832 725; x_wconf 81' lang='lat' dir='ltr'><strong>Kal.</strong></span> <span class='ocrx_word' id='word_1_36' title='bbox 1865 669 1954 724; x_wconf 80' lang='grc' dir='ltr'>λέ-</span> 
     </span>
    </p>
   </div>
   <div class='ocr_carea' id='block_1_8' title="bbox 347 761 1956 836">
    <p class='ocr_par' dir='ltr' id='par_1_8' title="bbox 347 761 1956 836">
     <span class='ocr_line' id='line_1_8' title="bbox 347 761 1956 836; baseline -0.005 -14"><span class='ocrx_word' id='word_1_37' title='bbox 347 782 574 836; x_wconf 86' lang='grc' dir='ltr'>γοντος,</span> <span class='ocrx_word' id='word_1_38' title='bbox 603 764 721 818; x_wconf 83' lang='grc' dir='ltr'><strong>Ούκ</strong></span> <span class='ocrx_word' id='word_1_39' title='bbox 751 763 890 834; x_wconf 75' lang='grc' dir='ltr'>εἰμὶ,</span> <span class='ocrx_word' id='word_1_40' title='bbox 943 762 1063 816; x_wconf 84' lang='grc' dir='ltr'>δέον</span> <span class='ocrx_word' id='word_1_41' title='bbox 1110 762 1308 826; x_wconf 78' lang='grc' dir='ltr'>αὐτοὺς</span> <span class='ocrx_word' id='word_1_42' title='bbox 1347 763 1476 834; x_wconf 79' lang='grc' dir='ltr'>περὶ</span> <span class='ocrx_word' id='word_1_43' title='bbox 1506 763 1603 816; x_wconf 79' lang='grc' dir='ltr'><strong>τοῦ</strong></span> <span class='ocrx_word' id='word_1_44' title='bbox 1635 761 1956 834; x_wconf 80' lang='grc' dir='ltr'>Προδρὸμου</span> 
     </span>
    </p>
   </div>
   <div class='ocr_carea' id='block_1_9' title="bbox 343 853 1954 927">
    <p class='ocr_par' dir='ltr' id='par_1_9' title="bbox 343 853 1954 927">
     <span class='ocr_line' id='line_1_9' title="bbox 343 853 1954 927; baseline -0.006 -12"><span class='ocrx_word' id='word_1_45' title='bbox 343 860 546 915; x_wconf 81' lang='grc' dir='ltr'>λοιπὸν</span> <span class='ocrx_word' id='word_1_46' title='bbox 594 853 1070 912; x_wconf 81' lang='grc' dir='ltr'><strong>ἀναπυνθάνεσθαι</strong></span> <span class='ocrx_word' id='word_1_47' title='bbox 1103 853 1286 924; x_wconf 78' lang='grc' dir='ltr'>(τοῦτο</span> <span class='ocrx_word' id='word_1_48' title='bbox 1332 853 1442 927; x_wconf 81' lang='grc' dir='ltr'><strong>γὰρ</strong></span> <span class='ocrx_word' id='word_1_49' title='bbox 1491 853 1572 908; x_wconf 67' lang='grc' dir='ltr'>ἔτι</span> <span class='ocrx_word' id='word_1_50' title='bbox 1613 855 1676 909; x_wconf 85' lang='grc' dir='ltr'>τὸ</span> <span class='ocrx_word' id='word_1_51' title='bbox 1721 853 1954 924; x_wconf 83' lang='grc' dir='ltr'>λοιπὸν),</span> 
     </span>
    </p>
   </div>
   <div class='ocr_carea' id='block_1_10' title="bbox 345 932 1958 1019">
    <p class='ocr_par' dir='ltr' id='par_1_10' title="bbox 345 932 1958 1019">
     <span class='ocr_line' id='line_1_10' title="bbox 345 932 1958 1019; baseline -0.004 -14"><span class='ocrx_word' id='word_1_52' title='bbox 345 949 708 1012; x_wconf 81' lang='grc' dir='ltr'><strong>ἀπαιδεύτως</strong></span> <span class='ocrx_word' id='word_1_53' title='bbox 744 949 832 1001; x_wconf 66' lang='grc' dir='ltr'><strong>ἐπ’</strong></span> <span class='ocrx_word' id='word_1_54' title='bbox 862 947 1025 1002; x_wconf 82' lang='grc' dir='ltr'>αὑτὸν</span> <span class='ocrx_word' id='word_1_55' title='bbox 1056 947 1411 1019; x_wconf 85' lang='grc' dir='ltr'>ἀνατρέχουσι</span> <span class='ocrx_word' id='word_1_56' title='bbox 1439 947 1533 1001; x_wconf 79' lang='grc' dir='ltr'>τὸν</span> <span class='ocrx_word' id='word_1_57' title='bbox 1571 932 1826 1018; x_wconf 81' lang='grc' dir='ltr'>Χριστὸν,</span> <span class='ocrx_word' id='word_1_58' title='bbox 1865 945 1958 999; x_wconf 83' lang='grc' dir='ltr'>τὸν</span> 
     </span>
    </p>
   </div>
   <div class='ocr_carea' id='block_1_11' title="bbox 344 1038 1959 1114">
    <p class='ocr_par' dir='ltr' id='par_1_11' title="bbox 344 1038 1959 1114">
     <span class='ocr_line' id='line_1_11' title="bbox 344 1038 1959 1114; baseline -0.003 -17"><span class='ocrx_word' id='word_1_59' title='bbox 344 1045 433 1108; x_wconf 79' lang='grc' dir='ltr'>ὡς</span> <span class='ocrx_word' id='word_1_60' title='bbox 475 1042 773 1114; x_wconf 81' lang='grc' dir='ltr'>προφήτην</span> <span class='ocrx_word' id='word_1_61' title='bbox 802 1040 890 1094; x_wconf 87' lang='grc' dir='ltr'><strong>διά</strong></span> <span class='ocrx_word' id='word_1_62' title='bbox 930 1038 1028 1094; x_wconf 82' lang='grc' dir='ltr'><strong>τοῦ</strong></span> <span class='ocrx_word' id='word_1_63' title='bbox 1075 1041 1241 1110; x_wconf 78' lang='grc' dir='ltr'>νόμου</span> <span class='ocrx_word' id='word_1_64' title='bbox 1273 1039 1767 1111; x_wconf 88' lang='grc' dir='ltr'>καταδηλούμενον.</span> <span class='ocrx_word' id='word_1_65' title='bbox 1814 1040 1959 1110; x_wconf 90' lang='grc' dir='ltr'>Ὅρα</span> 
     </span>
    </p>
   </div>
   <div class='ocr_carea' id='block_1_12' title="bbox 347 1129 1959 1204">
    <p class='ocr_par' dir='ltr' id='par_1_12' title="bbox 347 1129 1959 1204">
     <span class='ocr_line' id='line_1_12' title="bbox 347 1129 1959 1204; baseline -0.003 -17"><span class='ocrx_word' id='word_1_66' title='bbox 347 1134 467 1204; x_wconf 75' lang='grc' dir='ltr'>γὰρ</span> <span class='ocrx_word' id='word_1_67' title='bbox 495 1133 553 1185; x_wconf 86' lang='grc' dir='ltr'><strong>τί</strong></span> <span class='ocrx_word' id='word_1_68' title='bbox 581 1147 750 1202; x_wconf 82' lang='grc' dir='ltr'>φασιν</span> <span class='ocrx_word' id='word_1_69' title='bbox 774 1131 876 1184; x_wconf 88' lang='grc' dir='ltr'>οὐκ</span> <span class='ocrx_word' id='word_1_70' title='bbox 904 1131 1107 1195; x_wconf 81' lang='grc' dir='ltr'>εἰδότες</span> <span class='ocrx_word' id='word_1_71' title='bbox 1129 1131 1199 1184; x_wconf 74' lang='grc' dir='ltr'><strong>τὰ</strong></span> <span class='ocrx_word' id='word_1_72' title='bbox 1225 1129 1315 1186; x_wconf 90' lang='grc' dir='ltr'><strong>διά</strong></span> <span class='ocrx_word' id='word_1_73' title='bbox 1346 1131 1594 1195; x_wconf 84' lang='grc' dir='ltr'>Μωσέως</span> <span class='ocrx_word' id='word_1_74' title='bbox 1617 1147 1632 1161; x_wconf 87' lang='grc'><strong>·</strong></span> <span class='ocrx_word' id='word_1_75' title='bbox 1685 1149 1704 1182; x_wconf 74' lang='grc' dir='ltr'><strong>ι</strong></span> <span class='ocrx_word' id='word_1_76' title='bbox 1741 1131 1799 1185; x_wconf 82' lang='lat'><strong>&#39;0</strong></span> <span class='ocrx_word' id='word_1_77' title='bbox 1823 1147 1959 1200; x_wconf 86' lang='grc' dir='ltr'>προ-</span> 
     </span>
    </p>
   </div>
   <div class='ocr_carea' id='block_1_13' title="bbox 349 1218 1960 1298">
    <p class='ocr_par' dir='ltr' id='par_1_13' title="bbox 349 1218 1960 1298">
     <span class='ocr_line' id='line_1_13' title="bbox 349 1218 1960 1298; baseline -0.002 -18"><span class='ocrx_word' id='word_1_78' title='bbox 349 1227 543 1298; x_wconf 76' lang='grc' dir='ltr'>φήτης</span> <span class='ocrx_word' id='word_1_79' title='bbox 568 1219 623 1278; x_wconf 73' lang='grc' dir='ltr'>εἴ</span> <span class='ocrx_word' id='word_1_80' title='bbox 655 1222 757 1288; x_wconf 85' lang='grc' dir='ltr'>σύ;</span> <span class='ocrx_word' id='word_1_81' title='bbox 784 1222 896 1277; x_wconf 81' lang='grc' dir='ltr'><strong>Καὶ</strong></span> <span class='ocrx_word' id='word_1_82' title='bbox 925 1223 1220 1295; x_wconf 80' lang='grc' dir='ltr'><strong>ἀπεκρίθη·</strong></span> <span class='ocrx_word' id='word_1_83' title='bbox 1249 1221 1348 1279; x_wconf 79' lang='grc' dir='ltr'><strong>Οὔ.</strong></span> <span class='ocrx_word' id='word_1_84' title='bbox 1383 1242 1404 1278; x_wconf 74' lang='grc' dir='ltr'><strong>ι</strong></span> <span class='ocrx_word' id='word_1_85' title='bbox 1454 1223 1531 1278; x_wconf 86' lang='grc' dir='ltr'>Ού</span> <span class='ocrx_word' id='word_1_86' title='bbox 1561 1223 1670 1297; x_wconf 83' lang='grc' dir='ltr'>γὰρ</span> <span class='ocrx_word' id='word_1_87' title='bbox 1695 1218 1764 1294; x_wconf 76' lang='grc' dir='ltr'>ἦν</span> <span class='ocrx_word' id='word_1_88' title='bbox 1796 1221 1960 1286; x_wconf 81' lang='grc' dir='ltr'>αὐτὸς</span> 
     </span>
    </p>
   </div>
   <div class='ocr_carea' id='block_1_14' title="bbox 346 1315 1800 1390">
    <p class='ocr_par' dir='ltr' id='par_1_14' title="bbox 346 1315 1800 1390">
     <span class='ocr_line' id='line_1_14' title="bbox 346 1315 1800 1390; baseline -0.002 -16"><span class='ocrx_word' id='word_1_89' title='bbox 346 1321 381 1374; x_wconf 75' lang='grc' dir='ltr'><strong>ὁ</strong></span> <span class='ocrx_word' id='word_1_90' title='bbox 419 1317 687 1390; x_wconf 81' lang='grc' dir='ltr'>Χριστὸς,</span> <span class='ocrx_word' id='word_1_91' title='bbox 724 1315 872 1370; x_wconf 81' lang='grc' dir='ltr'><strong>καθά</strong></span> <span class='ocrx_word' id='word_1_92' title='bbox 901 1317 994 1370; x_wconf 82' lang='grc' dir='ltr'>καὶ</span> <span class='ocrx_word' id='word_1_93' title='bbox 1029 1315 1244 1386; x_wconf 84' lang='grc' dir='ltr'>φθάσας</span> <span class='ocrx_word' id='word_1_94' title='bbox 1271 1317 1370 1388; x_wconf 75' lang='grc' dir='ltr'>ἥδη</span> <span class='ocrx_word' id='word_1_95' title='bbox 1403 1316 1800 1388; x_wconf 51' lang='grc' dir='ltr'>διισχυρίσαλτο.</span> 
     </span>
    </p>
   </div>
   <div class='ocr_carea' id='block_1_15' title="bbox 433 1408 1962 1480">
    <p class='ocr_par' dir='ltr' id='par_1_15' title="bbox 433 1408 1962 1480">
     <span class='ocr_line' id='line_1_15' title="bbox 433 1408 1962 1480; baseline -0.002 -14"><span class='ocrx_word' id='word_1_96' title='bbox 433 1411 505 1466; x_wconf 87' lang='grc' dir='ltr'>Τί</span> <span class='ocrx_word' id='word_1_97' title='bbox 518 1411 603 1466; x_wconf 88' lang='grc' dir='ltr'>σὺ</span> <span class='ocrx_word' id='word_1_98' title='bbox 628 1409 830 1479; x_wconf 73' lang='grc' dir='ltr'>λέγεις</span> <span class='ocrx_word' id='word_1_99' title='bbox 857 1410 993 1478; x_wconf 79' lang='grc' dir='ltr'>περὶ</span> <span class='ocrx_word' id='word_1_100' title='bbox 1013 1409 1278 1466; x_wconf 81' lang='grc' dir='ltr'><strong>σεαυτοῦ</strong></span> <span class='ocrx_word' id='word_1_101' title='bbox 1299 1409 1473 1480; x_wconf 78' lang='grc' dir='ltr'><strong>’Ἐγὼ</strong></span> <span class='ocrx_word' id='word_1_102' title='bbox 1498 1410 1670 1480; x_wconf 75' lang='grc' dir='ltr'>φωνὴ</span> <span class='ocrx_word' id='word_1_103' title='bbox 1687 1408 1962 1475; x_wconf 75' lang='grc' dir='ltr'>,ϐοῶντος</span> 
     </span>
    </p>
   </div>
   <div class='ocr_carea' id='block_1_16' title="bbox 347 1501 782 1572">
    <p class='ocr_par' dir='ltr' id='par_1_16' title="bbox 347 1501 782 1572">
     <span class='ocr_line' id='line_1_16' title="bbox 347 1501 782 1572; baseline -0.009 -13"><span class='ocrx_word' id='word_1_104' title='bbox 347 1505 432 1559; x_wconf 74' lang='grc' dir='ltr'><strong>ἐν</strong></span> <span class='ocrx_word' id='word_1_105' title='bbox 455 1502 536 1572; x_wconf 77' lang='grc' dir='ltr'><strong>τῇ</strong></span> <span class='ocrx_word' id='word_1_106' title='bbox 562 1501 782 1572; x_wconf 81' lang='grc' dir='ltr'><strong>ἐρήμῳ.</strong></span> 
     </span>
    </p>
   </div>
   <div class='ocr_carea' id='block_1_17' title="bbox 449 1592 1960 1666">
    <p class='ocr_par' dir='ltr' id='par_1_17' title="bbox 449 1592 1960 1666">
     <span class='ocr_line' id='line_1_17' title="bbox 449 1592 1960 1666; baseline -0.001 -19"><span class='ocrx_word' id='word_1_107' title='bbox 449 1595 542 1657; x_wconf 82' lang='grc' dir='ltr'>Ὠς</span> <span class='ocrx_word' id='word_1_108' title='bbox 568 1593 720 1648; x_wconf 81' lang='grc' dir='ltr'>οὐδὲν</span> <span class='ocrx_word' id='word_1_109' title='bbox 757 1592 967 1657; x_wconf 77' lang='grc' dir='ltr'><strong>εἰδότας</strong></span> <span class='ocrx_word' id='word_1_110' title='bbox 999 1593 1214 1664; x_wconf 76' lang='grc' dir='ltr'><strong>ἐλέγχει</strong></span> <span class='ocrx_word' id='word_1_111' title='bbox 1239 1593 1490 1666; x_wconf 85' lang='grc' dir='ltr'>γοργῶς,</span> <span class='ocrx_word' id='word_1_112' title='bbox 1528 1594 1625 1649; x_wconf 73' lang='grc' dir='ltr'>καὶ</span> <span class='ocrx_word' id='word_1_113' title='bbox 1645 1595 1960 1666; x_wconf 77' lang='grc' dir='ltr'>προφητικῇ</span> 
     </span>
    </p>
   </div>
   <div class='ocr_carea' id='block_1_18' title="bbox 348 1684 1960 1758">
    <p class='ocr_par' dir='ltr' id='par_1_18' title="bbox 348 1684 1960 1758">
     <span class='ocr_line' id='line_1_18' title="bbox 348 1684 1960 1758; baseline -0.003 -16"><span class='ocrx_word' id='word_1_114' title='bbox 348 1685 657 1742; x_wconf 80' lang='grc' dir='ltr'>πιστοῦται</span> <span class='ocrx_word' id='word_1_115' title='bbox 699 1685 983 1758; x_wconf 77' lang='grc' dir='ltr'>μαρτυρίᾳ</span> <span class='ocrx_word' id='word_1_116' title='bbox 1041 1685 1145 1758; x_wconf 80' lang='grc' dir='ltr'>τὴν</span> <span class='ocrx_word' id='word_1_117' title='bbox 1186 1685 1624 1757; x_wconf 80' lang='grc' dir='ltr'>ὲγχειρισθείσαν</span> <span class='ocrx_word' id='word_1_118' title='bbox 1679 1684 1960 1749; x_wconf 81' lang='grc' dir='ltr'>ὑπόθεσιν,</span> 
     </span>
    </p>
   </div>
   <div class='ocr_carea' id='block_1_19' title="bbox 346 1776 1963 1851">
    <p class='ocr_par' dir='ltr' id='par_1_19' title="bbox 346 1776 1963 1851">
     <span class='ocr_line' id='line_1_19' title="bbox 346 1776 1963 1851; baseline -0.002 -18"><span class='ocrx_word' id='word_1_119' title='bbox 346 1780 484 1851; x_wconf 71' lang='grc' dir='ltr'>ἤτοι</span> <span class='ocrx_word' id='word_1_120' title='bbox 513 1777 798 1833; x_wconf 83' lang='grc' dir='ltr'>διακονίαν</span> <span class='ocrx_word' id='word_1_121' title='bbox 826 1777 998 1846; x_wconf 81' lang='grc' dir='ltr'>αὐτῷ.</span> <span class='ocrx_word' id='word_1_122' title='bbox 1036 1777 1198 1832; x_wconf 87' lang='grc' dir='ltr'><strong>Ἥκω</strong></span> <span class='ocrx_word' id='word_1_123' title='bbox 1222 1780 1353 1848; x_wconf 78' lang='grc' dir='ltr'>γὰρ,</span> <span class='ocrx_word' id='word_1_124' title='bbox 1382 1778 1569 1850; x_wconf 75' lang='grc' dir='ltr'>φησὶν,</span> <span class='ocrx_word' id='word_1_125' title='bbox 1599 1776 1751 1831; x_wconf 86' lang='grc' dir='ltr'>οὐδὲν</span> <span class='ocrx_word' id='word_1_126' title='bbox 1775 1776 1963 1847; x_wconf 82' lang='grc' dir='ltr'>ἓτερον</span> 
     </span>
    </p>
   </div>
   <div class='ocr_carea' id='block_1_20' title="bbox 349 1866 1966 1943">
    <p class='ocr_par' dir='ltr' id='par_1_20' title="bbox 349 1866 1966 1943">
     <span class='ocr_line' id='line_1_20' title="bbox 349 1866 1966 1943; baseline -0.002 -19"><span class='ocrx_word' id='word_1_127' title='bbox 349 1870 530 1943; x_wconf 73' lang='grc' dir='ltr'>ἐρῶν,</span> <span class='ocrx_word' id='word_1_128' title='bbox 553 1871 589 1942; x_wconf 72' lang='grc' dir='ltr'>ἢ</span> <span class='ocrx_word' id='word_1_129' title='bbox 617 1871 703 1925; x_wconf 85' lang='grc' dir='ltr'>ὃτι</span> <span class='ocrx_word' id='word_1_130' title='bbox 726 1870 914 1924; x_wconf 82' lang='grc' dir='ltr'>λοιπὸν</span> <span class='ocrx_word' id='word_1_131' title='bbox 944 1870 1039 1924; x_wconf 76' lang='grc' dir='ltr'><strong>ἐπὶ</strong></span> <span class='ocrx_word' id='word_1_132' title='bbox 1059 1868 1253 1942; x_wconf 84' lang='grc' dir='ltr'>θύραις</span> <span class='ocrx_word' id='word_1_133' title='bbox 1270 1871 1300 1923; x_wconf 87' lang='grc' dir='ltr'>ὁ</span> <span class='ocrx_word' id='word_1_134' title='bbox 1327 1866 1800 1941; x_wconf 81' lang='grc' dir='ltr'>προσδοκώμενος,</span> <span class='ocrx_word' id='word_1_135' title='bbox 1827 1866 1966 1940; x_wconf 65' lang='grc' dir='ltr'><strong>μᾶλα</strong></span> 
     </span>
    </p>
   </div>
   <div class='ocr_carea' id='block_1_21' title="bbox 352 1957 1971 2034">
    <p class='ocr_par' dir='ltr' id='par_1_21' title="bbox 352 1957 1971 2034">
     <span class='ocr_line' id='line_1_21' title="bbox 352 1957 1971 2034; baseline -0.003 -17"><span class='ocrx_word' id='word_1_136' title='bbox 352 1964 454 2017; x_wconf 85' lang='grc' dir='ltr'><strong>λον</strong></span> <span class='ocrx_word' id='word_1_137' title='bbox 478 1963 542 2016; x_wconf 82' lang='grc' dir='ltr'>δὲ</span> <span class='ocrx_word' id='word_1_138' title='bbox 583 1962 719 2017; x_wconf 83' lang='grc' dir='ltr'>εῐσω</span> <span class='ocrx_word' id='word_1_139' title='bbox 747 1961 930 2032; x_wconf 82' lang='grc' dir='ltr'>θυρῶν</span> <span class='ocrx_word' id='word_1_140' title='bbox 973 1962 1004 2015; x_wconf 86' lang='grc' dir='ltr'>ὁ</span> <span class='ocrx_word' id='word_1_141' title='bbox 1052 1961 1353 2034; x_wconf 84' lang='grc' dir='ltr'>Δεσπότης.</span> <span class='ocrx_word' id='word_1_142' title='bbox 1401 1959 1800 2032; x_wconf 80' lang='grc' dir='ltr'>Ἐτοιμάσθητε</span> <span class='ocrx_word' id='word_1_143' title='bbox 1831 1957 1971 2030; x_wconf 82' lang='grc' dir='ltr'>πρὸς</span> 
     </span>
    </p>
   </div>
   <div class='ocr_carea' id='block_1_22' title="bbox 359 2046 1970 2124">
    <p class='ocr_par' dir='ltr' id='par_1_22' title="bbox 359 2046 1970 2124">
     <span class='ocr_line' id='line_1_22' title="bbox 359 2046 1970 2124; baseline -0.004 -18"><span class='ocrx_word' id='word_1_144' title='bbox 359 2054 542 2124; x_wconf 73' lang='grc' dir='ltr'>ἥνπερ</span> <span class='ocrx_word' id='word_1_145' title='bbox 582 2051 653 2106; x_wconf 79' lang='grc' dir='ltr'>ἂν</span> <span class='ocrx_word' id='word_1_146' title='bbox 699 2050 985 2106; x_wconf 74' lang='grc' dir='ltr'>ἐπιτάττει</span> <span class='ocrx_word' id='word_1_147' title='bbox 1029 2049 1270 2121; x_wconf 79' lang='grc' dir='ltr'>βαδίζειν</span> <span class='ocrx_word' id='word_1_148' title='bbox 1319 2051 1474 2114; x_wconf 71' lang='grc' dir='ltr'>ὁδὸν,</span> <span class='ocrx_word' id='word_1_149' title='bbox 1532 2047 1822 2104; x_wconf 82' lang='grc' dir='ltr'>ὲϐαδίσατε</span> <span class='ocrx_word' id='word_1_150' title='bbox 1868 2046 1970 2118; x_wconf 80' lang='grc' dir='ltr'>τὴν</span> 
     </span>
    </p>
   </div>
   <div class='ocr_carea' id='block_1_23' title="bbox 359 2138 1970 2216">
    <p class='ocr_par' dir='ltr' id='par_1_23' title="bbox 359 2138 1970 2216">
     <span class='ocr_line' id='line_1_23' title="bbox 359 2138 1970 2216; baseline -0.004 -17"><span class='ocrx_word' id='word_1_151' title='bbox 359 2143 457 2199; x_wconf 78' lang='grc' dir='ltr'>διὰ</span> <span class='ocrx_word' id='word_1_152' title='bbox 498 2143 787 2209; x_wconf 77' lang='grc' dir='ltr'><strong>Μωσέως,</strong></span> <span class='ocrx_word' id='word_1_153' title='bbox 839 2143 1136 2199; x_wconf 83' lang='grc' dir='ltr'>ἀνελάϐετε</span> <span class='ocrx_word' id='word_1_154' title='bbox 1187 2144 1289 2216; x_wconf 84' lang='grc' dir='ltr'><strong>τὴν</strong></span> <span class='ocrx_word' id='word_1_155' title='bbox 1318 2142 1408 2197; x_wconf 88' lang='grc' dir='ltr'><strong>διά</strong></span> <span class='ocrx_word' id='word_1_156' title='bbox 1437 2140 1675 2214; x_wconf 81' lang='grc' dir='ltr'>Χριστοῦ</span> <span class='ocrx_word' id='word_1_157' title='bbox 1700 2158 1715 2173; x_wconf 93' lang='grc'><strong>·</strong></span> <span class='ocrx_word' id='word_1_158' title='bbox 1764 2138 1970 2212; x_wconf 80' lang='grc' dir='ltr'>ταύτην</span> 
     </span>
    </p>
   </div>
   <div class='ocr_carea' id='block_1_24' title="bbox 355 2233 1862 2309">
    <p class='ocr_par' dir='ltr' id='par_1_24' title="bbox 355 2233 1862 2309">
     <span class='ocr_line' id='line_1_24' title="bbox 355 2233 1862 2309; baseline -0.003 -18"><span class='ocrx_word' id='word_1_159' title='bbox 355 2240 501 2309; x_wconf 72' lang='grc' dir='ltr'>ἡμῖν</span> <span class='ocrx_word' id='word_1_160' title='bbox 527 2237 558 2290; x_wconf 83' lang='grc' dir='ltr'><strong>δ</strong></span> <span class='ocrx_word' id='word_1_161' title='bbox 583 2236 697 2291; x_wconf 87' lang='grc' dir='ltr'><strong>τῶν</strong></span> <span class='ocrx_word' id='word_1_162' title='bbox 723 2235 901 2306; x_wconf 81' lang='grc' dir='ltr'>ἁγίων</span> <span class='ocrx_word' id='word_1_163' title='bbox 935 2235 1236 2307; x_wconf 83' lang='grc' dir='ltr'>προφητῶν</span> <span class='ocrx_word' id='word_1_164' title='bbox 1267 2235 1649 2306; x_wconf 83' lang='grc' dir='ltr'>προεκήρυττε</span> <span class='ocrx_word' id='word_1_165' title='bbox 1682 2233 1862 2306; x_wconf 87' lang='grc' dir='ltr'>χορός.</span> 
     </span>
    </p>
   </div>
   <div class='ocr_carea' id='block_1_25' title="bbox 352 2320 1969 2397">
    <p class='ocr_par' dir='ltr' id='par_1_25' title="bbox 352 2320 1969 2397">
     <span class='ocr_line' id='line_1_25' title="bbox 352 2320 1969 2397; baseline -0.005 -13"><span class='ocrx_word' id='word_1_166' title='bbox 352 2328 710 2397; x_wconf 76' lang='grc' dir='ltr'>Παράθεσις</span> <span class='ocrx_word' id='word_1_167' title='bbox 743 2327 952 2397; x_wconf 76' lang='grc' dir='ltr'>ῥητῶν</span> <span class='ocrx_word' id='word_1_168' title='bbox 996 2326 1134 2396; x_wconf 78' lang='grc' dir='ltr'>περὶ</span> <span class='ocrx_word' id='word_1_169' title='bbox 1177 2324 1322 2381; x_wconf 81' lang='grc' dir='ltr'>ὀδοῦ</span> <span class='ocrx_word' id='word_1_170' title='bbox 1361 2325 1474 2392; x_wconf 82' lang='grc' dir='ltr'>τῆς</span> <span class='ocrx_word' id='word_1_171' title='bbox 1507 2323 1660 2378; x_wconf 81' lang='grc' dir='ltr'>κατὰ</span> <span class='ocrx_word' id='word_1_172' title='bbox 1688 2320 1969 2392; x_wconf 76' lang='grc' dir='ltr'>Χριστόν.</span> 
     </span>
    </p>
   </div>
   <div class='ocr_carea' id='block_1_26' title="bbox 448 2412 1972 2490">
    <p class='ocr_par' dir='ltr' id='par_1_26' title="bbox 448 2412 1972 2490">
     <span class='ocr_line' id='line_1_26' title="bbox 448 2412 1972 2490; baseline -0.005 -15"><span class='ocrx_word' id='word_1_173' title='bbox 448 2421 719 2487; x_wconf 82' lang='grc' dir='ltr'>Ἡσαΐας.</span> <span class='ocrx_word' id='word_1_174' title='bbox 760 2438 781 2473; x_wconf 76' lang='grc' dir='ltr'><strong>ι</strong></span> <span class='ocrx_word' id='word_1_175' title='bbox 825 2418 996 2474; x_wconf 79' lang='grc' dir='ltr'>Δεῦτε</span> <span class='ocrx_word' id='word_1_176' title='bbox 1028 2420 1124 2474; x_wconf 76' lang='grc' dir='ltr'>καὶ</span> <span class='ocrx_word' id='word_1_177' title='bbox 1153 2418 1448 2490; x_wconf 77' lang='grc' dir='ltr'>ἀναδῶμεν</span> <span class='ocrx_word' id='word_1_178' title='bbox 1492 2419 1573 2481; x_wconf 83' lang='grc' dir='ltr'>εἰς</span> <span class='ocrx_word' id='word_1_179' title='bbox 1611 2417 1674 2470; x_wconf 84' lang='grc' dir='ltr'><strong>τδ</strong></span> <span class='ocrx_word' id='word_1_180' title='bbox 1703 2416 1829 2487; x_wconf 76' lang='grc' dir='ltr'>ὅρος</span> <span class='ocrx_word' id='word_1_181' title='bbox 1873 2412 1972 2468; x_wconf 78' lang='grc' dir='ltr'><strong>τοῦ</strong></span> 
     </span>
    </p>
   </div>
   <div class='ocr_carea' id='block_1_27' title="bbox 354 2505 1974 2585">
    <p class='ocr_par' dir='ltr' id='par_1_27' title="bbox 354 2505 1974 2585">
     <span class='ocr_line' id='line_1_27' title="bbox 354 2505 1974 2585; baseline -0.006 -17"><span class='ocrx_word' id='word_1_182' title='bbox 354 2513 612 2585; x_wconf 83' lang='grc' dir='ltr'>Κυρίου,</span> <span class='ocrx_word' id='word_1_183' title='bbox 639 2514 736 2566; x_wconf 77' lang='grc' dir='ltr'>καὶ</span> <span class='ocrx_word' id='word_1_184' title='bbox 767 2514 849 2576; x_wconf 86' lang='grc' dir='ltr'><strong>είς</strong></span> <span class='ocrx_word' id='word_1_185' title='bbox 875 2512 969 2566; x_wconf 84' lang='grc' dir='ltr'>τὸν</span> <span class='ocrx_word' id='word_1_186' title='bbox 997 2506 1149 2566; x_wconf 88' lang='grc' dir='ltr'>οἷκον</span> <span class='ocrx_word' id='word_1_187' title='bbox 1183 2510 1279 2564; x_wconf 81' lang='grc' dir='ltr'>τοῦ</span> <span class='ocrx_word' id='word_1_188' title='bbox 1308 2507 1446 2564; x_wconf 81' lang='grc' dir='ltr'>Θεοῦ</span> <span class='ocrx_word' id='word_1_189' title='bbox 1484 2507 1712 2572; x_wconf 85' lang='grc' dir='ltr'>Ἰακὼϐ,</span> <span class='ocrx_word' id='word_1_190' title='bbox 1749 2506 1847 2561; x_wconf 73' lang='grc' dir='ltr'>καὶ</span> <span class='ocrx_word' id='word_1_191' title='bbox 1879 2505 1974 2560; x_wconf 84' lang='grc' dir='ltr'>ἀν-</span> 
     </span>
    </p>
   </div>
   <div class='ocr_carea' id='block_1_28' title="bbox 357 2598 1975 2677">
    <p class='ocr_par' dir='ltr' id='par_1_28' title="bbox 357 2598 1975 2677">
     <span class='ocr_line' id='line_1_28' title="bbox 357 2598 1975 2677; baseline -0.006 -16"><span class='ocrx_word' id='word_1_192' title='bbox 357 2605 598 2676; x_wconf 76' lang='grc' dir='ltr'>αγγελεῖ</span> <span class='ocrx_word' id='word_1_193' title='bbox 635 2605 774 2677; x_wconf 73' lang='grc' dir='ltr'><strong>ἡμῖν</strong></span> <span class='ocrx_word' id='word_1_194' title='bbox 815 2603 918 2676; x_wconf 80' lang='grc' dir='ltr'>τὴν</span> <span class='ocrx_word' id='word_1_195' title='bbox 950 2603 1070 2658; x_wconf 81' lang='grc' dir='ltr'>ὁδὸν</span> <span class='ocrx_word' id='word_1_196' title='bbox 1115 2601 1314 2666; x_wconf 81' lang='grc' dir='ltr'>αὑτοῦ,</span> <span class='ocrx_word' id='word_1_197' title='bbox 1363 2601 1459 2655; x_wconf 75' lang='grc' dir='ltr'>καὶ</span> <span class='ocrx_word' id='word_1_198' title='bbox 1504 2598 1888 2673; x_wconf 79' lang='grc' dir='ltr'>πορευσόμεθα</span> <span class='ocrx_word' id='word_1_199' title='bbox 1917 2599 1975 2651; x_wconf 78' lang='grc' dir='ltr'>ἐν</span> 
     </span>
    </p>
   </div>
   <div class='ocr_carea' id='block_1_29' title="bbox 356 2699 590 2769">
    <p class='ocr_par' dir='ltr' id='par_1_29' title="bbox 356 2699 590 2769">
     <span class='ocr_line' id='line_1_29' title="bbox 356 2699 590 2769; baseline -0.013 -16"><span class='ocrx_word' id='word_1_200' title='bbox 356 2699 532 2769; x_wconf 76' lang='grc' dir='ltr'>αὐτῇ.</span> <span class='ocrx_word' id='word_1_201' title='bbox 569 2715 590 2750; x_wconf 74' lang='grc' dir='ltr'><strong>ι</strong></span> 
     </span>
    </p>
   </div>
   <div class='ocr_carea' id='block_1_30' title="bbox 449 2777 1976 2854">
    <p class='ocr_par' dir='ltr' id='par_1_30' title="bbox 449 2777 1976 2854">
     <span class='ocr_line' id='line_1_30' title="bbox 449 2777 1976 2854; baseline -0.007 -12"><span class='ocrx_word' id='word_1_202' title='bbox 449 2789 509 2842; x_wconf 88' lang='lat'><strong>&#39;0</strong></span> <span class='ocrx_word' id='word_1_203' title='bbox 535 2787 747 2854; x_wconf 83' lang='grc' dir='ltr'>αὐτός.</span> <span class='ocrx_word' id='word_1_204' title='bbox 793 2804 814 2838; x_wconf 79' lang='grc' dir='ltr'><strong>ι</strong></span> <span class='ocrx_word' id='word_1_205' title='bbox 863 2787 1061 2840; x_wconf 85' lang='grc' dir='ltr'>Ἔσται</span> <span class='ocrx_word' id='word_1_206' title='bbox 1101 2786 1220 2840; x_wconf 78' lang='grc' dir='ltr'>ἐκεῖ</span> <span class='ocrx_word' id='word_1_207' title='bbox 1250 2783 1368 2848; x_wconf 81' lang='grc' dir='ltr'>ὁδὸς</span> <span class='ocrx_word' id='word_1_208' title='bbox 1398 2780 1652 2853; x_wconf 71' lang='grc' dir='ltr'>καθαρὰ,</span> <span class='ocrx_word' id='word_1_209' title='bbox 1705 2779 1803 2834; x_wconf 71' lang='grc' dir='ltr'><strong>καὶ</strong></span> <span class='ocrx_word' id='word_1_210' title='bbox 1858 2777 1976 2842; x_wconf 79' lang='grc' dir='ltr'>ὁδὸς</span> 
     </span>
    </p>
   </div>
   <div class='ocr_carea' id='block_1_31' title="bbox 369 2870 1977 2952">
    <p class='ocr_par' dir='ltr' id='par_1_31' title="bbox 369 2870 1977 2952">
     <span class='ocr_line' id='line_1_31' title="bbox 369 2870 1977 2952; baseline -0.008 -16"><span class='ocrx_word' id='word_1_211' title='bbox 369 2881 504 2952; x_wconf 83' lang='grc' dir='ltr'>ἀγία</span> <span class='ocrx_word' id='word_1_212' title='bbox 527 2879 900 2952; x_wconf 88' lang='grc' dir='ltr'>κληθήσεται,</span> <span class='ocrx_word' id='word_1_213' title='bbox 947 2880 1043 2934; x_wconf 75' lang='grc' dir='ltr'>καὶ</span> <span class='ocrx_word' id='word_1_214' title='bbox 1064 2879 1166 2932; x_wconf 76' lang='grc' dir='ltr'>οὐκ</span> <span class='ocrx_word' id='word_1_215' title='bbox 1195 2877 1347 2931; x_wconf 79' lang='grc' dir='ltr'>ἔσται</span> <span class='ocrx_word' id='word_1_216' title='bbox 1378 2877 1494 2929; x_wconf 75' lang='grc' dir='ltr'>ἐκεῖ</span> <span class='ocrx_word' id='word_1_217' title='bbox 1521 2873 1691 2938; x_wconf 84' lang='grc' dir='ltr'>λέων,</span> <span class='ocrx_word' id='word_1_218' title='bbox 1717 2871 1840 2926; x_wconf 78' lang='grc' dir='ltr'>οὐδὲ</span> <span class='ocrx_word' id='word_1_219' title='bbox 1867 2870 1977 2924; x_wconf 88' lang='grc' dir='ltr'><strong>τῶν</strong></span> 
     </span>
    </p>
   </div>
   <div class='ocr_carea' id='block_1_32' title="bbox 366 2961 1978 3046">
    <p class='ocr_par' dir='ltr' id='par_1_32' title="bbox 366 2961 1978 3046">
     <span class='ocr_line' id='line_1_32' title="bbox 366 2961 1978 3046; baseline -0.009 -17"><span class='ocrx_word' id='word_1_220' title='bbox 366 2974 582 3046; x_wconf 89' lang='grc' dir='ltr'>θηρίων</span> <span class='ocrx_word' id='word_1_221' title='bbox 610 2973 721 3028; x_wconf 89' lang='grc' dir='ltr'><strong>τῶν</strong></span> <span class='ocrx_word' id='word_1_222' title='bbox 754 2971 1010 3044; x_wconf 85' lang='grc' dir='ltr'>πονηρῶν</span> <span class='ocrx_word' id='word_1_223' title='bbox 1039 2971 1192 3026; x_wconf 82' lang='grc' dir='ltr'>οὐδὲν</span> <span class='ocrx_word' id='word_1_224' title='bbox 1220 2970 1282 3024; x_wconf 86' lang='grc' dir='ltr'>οὐ</span> <span class='ocrx_word' id='word_1_225' title='bbox 1331 2968 1406 3040; x_wconf 84' lang='grc' dir='ltr'><strong>μὴ</strong></span> <span class='ocrx_word' id='word_1_226' title='bbox 1434 2965 1610 3037; x_wconf 78' lang='grc' dir='ltr'>ἀναϐῇ</span> <span class='ocrx_word' id='word_1_227' title='bbox 1640 2966 1757 3019; x_wconf 75' lang='grc' dir='ltr'>ἐκεῖ</span> <span class='ocrx_word' id='word_1_228' title='bbox 1779 3001 1794 3028; x_wconf 96' lang='grc'><strong>,</strong></span> <span class='ocrx_word' id='word_1_229' title='bbox 1841 2963 1892 3016; x_wconf 77' lang='lat' dir='ltr'><strong>oi</strong></span> <span class='ocrx_word' id='word_1_230' title='bbox 1921 2961 1978 3015; x_wconf 82' lang='grc' dir='ltr'>δὲ</span> 
     </span>
    </p>
   </div>
   <div class='ocr_carea' id='block_1_33' title="bbox 361 3061 1498 3139">
    <p class='ocr_par' dir='ltr' id='par_1_33' title="bbox 361 3061 1498 3139">
     <span class='ocr_line' id='line_1_33' title="bbox 361 3061 1498 3139; baseline -0.009 -16"><span class='ocrx_word' id='word_1_231' title='bbox 361 3067 770 3139; x_wconf 79' lang='grc' dir='ltr'>διεσπαρμένοι</span> <span class='ocrx_word' id='word_1_232' title='bbox 796 3064 1158 3137; x_wconf 79' lang='grc' dir='ltr'>πορεύσονται</span> <span class='ocrx_word' id='word_1_233' title='bbox 1191 3063 1250 3115; x_wconf 82' lang='grc' dir='ltr'>ἐν</span> <span class='ocrx_word' id='word_1_234' title='bbox 1281 3061 1444 3131; x_wconf 80' lang='grc' dir='ltr'>αὐτῇ.</span> <span class='ocrx_word' id='word_1_235' title='bbox 1478 3077 1498 3112; x_wconf 72' lang='grc' dir='ltr'><strong>ι</strong></span> 
     </span>
    </p>
   </div>
   <div class='ocr_carea' id='block_1_34' title="bbox 2056 575 3648 652">
    <p class='ocr_par' dir='ltr' id='par_1_34' title="bbox 2056 575 3648 652">
     <span class='ocr_line' id='line_1_34' title="bbox 2056 575 3648 652; baseline -0.005 -16"><span class='ocrx_word' id='word_1_236' title='bbox 2056 595 2180 638; x_wconf 83' lang='lat' dir='ltr'><strong>esse</strong></span> <span class='ocrx_word' id='word_1_237' title='bbox 2215 579 2518 645; x_wconf 87' lang='lat' dir='ltr'><strong>Christum,</strong></span> <span class='ocrx_word' id='word_1_238' title='bbox 2547 580 2854 652; x_wconf 75' lang='lat' dir='ltr'><strong>subjiciunt</strong></span> <span class='ocrx_word' id='word_1_239' title='bbox 2877 595 2892 634; x_wconf 88' lang='lat'><strong>:</strong></span> <span class='ocrx_word' id='word_1_240' title='bbox 2914 579 3056 646; x_wconf 79' lang='lat' dir='ltr'><strong>Quid</strong></span> <span class='ocrx_word' id='word_1_241' title='bbox 3081 578 3248 650; x_wconf 89' lang='lat' dir='ltr'><strong>ergo?</strong></span> <span class='ocrx_word' id='word_1_242' title='bbox 3284 575 3433 632; x_wconf 75' lang='lat' dir='ltr'><strong>Elias</strong></span> <span class='ocrx_word' id='word_1_243' title='bbox 3464 575 3648 630; x_wconf 82' lang='lat' dir='ltr'><strong>estut</strong></span> 
     </span>
    </p>
   </div>
   <div class='ocr_carea' id='block_1_35' title="bbox 2057 665 3646 741">
    <p class='ocr_par' dir='ltr' id='par_1_35' title="bbox 2057 665 3646 741">
     <span class='ocr_line' id='line_1_35' title="bbox 2057 665 3646 741; baseline -0.005 -16"><span class='ocrx_word' id='word_1_244' title='bbox 2057 668 2157 725; x_wconf 89' lang='lat' dir='ltr'><strong>lllo</strong></span> <span class='ocrx_word' id='word_1_245' title='bbox 2183 675 2439 741; x_wconf 86' lang='lat' dir='ltr'><strong>negante,</strong></span> <span class='ocrx_word' id='word_1_246' title='bbox 2476 683 2603 724; x_wconf 91' lang='lat' dir='ltr'><strong>cum</strong></span> <span class='ocrx_word' id='word_1_247' title='bbox 2649 677 2797 726; x_wconf 88' lang='lat' dir='ltr'><strong>esset</strong></span> <span class='ocrx_word' id='word_1_248' title='bbox 2824 676 3256 725; x_wconf 75' lang='lat' dir='ltr'><strong>consentaneum</strong></span> <span class='ocrx_word' id='word_1_249' title='bbox 3293 665 3646 738; x_wconf 73' lang='lat' dir='ltr'><strong>percunctari</strong></span> 
     </span>
    </p>
   </div>
   <div class='ocr_carea' id='block_1_36' title="bbox 2057 756 3648 834">
    <p class='ocr_par' dir='ltr' id='par_1_36' title="bbox 2057 756 3648 834">
     <span class='ocr_line' id='line_1_36' title="bbox 2057 756 3648 834; baseline -0.006 -16"><span class='ocrx_word' id='word_1_250' title='bbox 2057 762 2126 818; x_wconf 90' lang='lat' dir='ltr'><strong>de</strong></span> <span class='ocrx_word' id='word_1_251' title='bbox 2164 763 2547 833; x_wconf 66' lang='lat' dir='ltr'><strong>praecursore,‘</strong></span> <span class='ocrx_word' id='word_1_252' title='bbox 2586 762 2748 834; x_wconf 78' lang='lat'><strong>109</strong></span> <span class='ocrx_word' id='word_1_253' title='bbox 2781 761 2872 830; x_wconf 91' lang='lat' dir='ltr'><strong>(id</strong></span> <span class='ocrx_word' id='word_1_254' title='bbox 2906 764 3053 818; x_wconf 87' lang='lat' dir='ltr'><strong>enim</strong></span> <span class='ocrx_word' id='word_1_255' title='bbox 3090 760 3360 828; x_wconf 89' lang='lat' dir='ltr'><strong>restabat)</strong></span> <span class='ocrx_word' id='word_1_256' title='bbox 3394 756 3648 827; x_wconf 80' lang='lat' dir='ltr'><strong>imperite</strong></span> 
     </span>
    </p>
   </div>
   <div class='ocr_carea' id='block_1_37' title="bbox 2058 847 3648 926">
    <p class='ocr_par' dir='ltr' id='par_1_37' title="bbox 2058 847 3648 926">
     <span class='ocr_line' id='line_1_37' title="bbox 2058 847 3648 926; baseline -0.006 -18"><span class='ocrx_word' id='word_1_257' title='bbox 2058 853 2129 910; x_wconf 86' lang='lat' dir='ltr'><strong>ad</strong></span> <span class='ocrx_word' id='word_1_258' title='bbox 2176 853 2356 926; x_wconf 77' lang='lat' dir='ltr'><strong>ipsum</strong></span> <span class='ocrx_word' id='word_1_259' title='bbox 2388 853 2673 912; x_wconf 81' lang='lat' dir='ltr'><strong>Christum</strong></span> <span class='ocrx_word' id='word_1_260' title='bbox 2708 853 2894 910; x_wconf 78' lang='lat' dir='ltr'><strong>statim</strong></span> <span class='ocrx_word' id='word_1_261' title='bbox 2947 867 3008 908; x_wconf 89' lang='lat' dir='ltr'><strong>se</strong></span> <span class='ocrx_word' id='word_1_262' title='bbox 3061 850 3379 912; x_wconf 79' lang='lat' dir='ltr'><strong>conterunt,</strong></span> <span class='ocrx_word' id='word_1_263' title='bbox 3431 847 3526 918; x_wconf 86' lang='lat' dir='ltr'><strong>qui</strong></span> <span class='ocrx_word' id='word_1_264' title='bbox 3587 853 3648 898; x_wconf 90' lang='lat' dir='ltr'><strong>ut</strong></span> 
     </span>
    </p>
   </div>
   <div class='ocr_carea' id='block_1_38' title="bbox 2057 937 3646 1018">
    <p class='ocr_par' dir='ltr' id='par_1_38' title="bbox 2057 937 3646 1018">
     <span class='ocr_line' id='line_1_38' title="bbox 2057 937 3646 1018; baseline -0.007 -16"><span class='ocrx_word' id='word_1_265' title='bbox 2057 947 2327 1018; x_wconf 84' lang='lat' dir='ltr'><strong>propheta</strong></span> <span class='ocrx_word' id='word_1_266' title='bbox 2368 961 2466 1017; x_wconf 88' lang='lat' dir='ltr'><strong>per</strong></span> <span class='ocrx_word' id='word_1_267' title='bbox 2500 947 2674 1018; x_wconf 87' lang='lat' dir='ltr'><strong>legem</strong></span> <span class='ocrx_word' id='word_1_268' title='bbox 2719 945 3088 1015; x_wconf 81' lang='lat' dir='ltr'><strong>signiﬁcatur.</strong></span> <span class='ocrx_word' id='word_1_269' title='bbox 3136 941 3275 998; x_wconf 76' lang='lat' dir='ltr'><strong>Vide</strong></span> <span class='ocrx_word' id='word_1_270' title='bbox 3319 940 3465 995; x_wconf 90' lang='lat' dir='ltr'><strong>enim</strong></span> <span class='ocrx_word' id='word_1_271' title='bbox 3513 937 3646 1008; x_wconf 87' lang='lat' dir='ltr'><strong>quid</strong></span> 
     </span>
    </p>
   </div>
   <div class='ocr_carea' id='block_1_39' title="bbox 2059 1029 3649 1110">
    <p class='ocr_par' dir='ltr' id='par_1_39' title="bbox 2059 1029 3649 1110">
     <span class='ocr_line' id='line_1_39' title="bbox 2059 1029 3649 1110; baseline -0.009 -14"><span class='ocrx_word' id='word_1_272' title='bbox 2059 1039 2248 1096; x_wconf 85' lang='lat' dir='ltr'><strong>dicant</strong></span> <span class='ocrx_word' id='word_1_273' title='bbox 2275 1039 2608 1110; x_wconf 88' lang='lat' dir='ltr'><strong>scriptorum</strong></span> <span class='ocrx_word' id='word_1_274' title='bbox 2653 1035 3024 1093; x_wconf 82' lang='lat' dir='ltr'><strong>Mosaicorum</strong></span> <span class='ocrx_word' id='word_1_275' title='bbox 3062 1033 3282 1106; x_wconf 89' lang='lat' dir='ltr'><strong>ignari:</strong></span> <span class='ocrx_word' id='word_1_276' title='bbox 3319 1051 3336 1084; x_wconf 80' lang='grc' dir='ltr'><strong>ι</strong></span> <span class='ocrx_word' id='word_1_277' title='bbox 3373 1029 3649 1101; x_wconf 85' lang='lat' dir='ltr'><strong>Propheta</strong></span> 
     </span>
    </p>
   </div>
   <div class='ocr_carea' id='block_1_40' title="bbox 2059 1122 3653 1201">
    <p class='ocr_par' dir='ltr' id='par_1_40' title="bbox 2059 1122 3653 1201">
     <span class='ocr_line' id='line_1_40' title="bbox 2059 1122 3653 1201; baseline -0.007 -11"><span class='ocrx_word' id='word_1_278' title='bbox 2059 1148 2122 1190; x_wconf 88' lang='lat' dir='ltr'><strong>es</strong></span> <span class='ocrx_word' id='word_1_279' title='bbox 2149 1132 2250 1188; x_wconf 87' lang='lat' dir='ltr'><strong>tu?</strong></span> <span class='ocrx_word' id='word_1_280' title='bbox 2289 1131 2354 1185; x_wconf 82' lang='lat' dir='ltr'><strong>Et</strong></span> <span class='ocrx_word' id='word_1_281' title='bbox 2394 1130 2701 1201; x_wconf 87' lang='lat' dir='ltr'><strong>respondit,</strong></span> <span class='ocrx_word' id='word_1_282' title='bbox 2743 1127 2886 1184; x_wconf 85' lang='lat' dir='ltr'><strong>Non.</strong></span> <span class='ocrx_word' id='word_1_283' title='bbox 2931 1147 2950 1180; x_wconf 72' lang='grc' dir='ltr'><strong>ι</strong></span> <span class='ocrx_word' id='word_1_284' title='bbox 2994 1125 3116 1182; x_wconf 79' lang='lat' dir='ltr'><strong>Non</strong></span> <span class='ocrx_word' id='word_1_285' title='bbox 3159 1131 3280 1182; x_wconf 91' lang='lat' dir='ltr'><strong>erat</strong></span> <span class='ocrx_word' id='word_1_286' title='bbox 3323 1124 3472 1180; x_wconf 90' lang='lat' dir='ltr'><strong>enim</strong></span> <span class='ocrx_word' id='word_1_287' title='bbox 3532 1122 3653 1194; x_wconf 78' lang='lat' dir='ltr'><strong>ipso</strong></span> 
     </span>
    </p>
   </div>
   <div class='ocr_carea' id='block_1_41' title="bbox 2059 1219 3136 1294">
    <p class='ocr_par' dir='ltr' id='par_1_41' title="bbox 2059 1219 3136 1294">
     <span class='ocr_line' id='line_1_41' title="bbox 2059 1219 3136 1294; baseline -0.011 -14"><span class='ocrx_word' id='word_1_288' title='bbox 2059 1224 2340 1288; x_wconf 87' lang='lat' dir='ltr'><strong>Christus,</strong></span> <span class='ocrx_word' id='word_1_289' title='bbox 2375 1233 2436 1278; x_wconf 92' lang='lat' dir='ltr'><strong>ut</strong></span> <span class='ocrx_word' id='word_1_290' title='bbox 2458 1223 2573 1294; x_wconf 83' lang='lat' dir='ltr'><strong>jam</strong></span> <span class='ocrx_word' id='word_1_291' title='bbox 2609 1231 2738 1278; x_wconf 84' lang='lat' dir='ltr'><strong>ante</strong></span> <span class='ocrx_word' id='word_1_292' title='bbox 2762 1219 3136 1277; x_wconf 79' lang='lat' dir='ltr'><strong>conﬁrmavit.</strong></span> 
     </span>
    </p>
   </div>
   <div class='ocr_carea' id='block_1_42' title="bbox 2131 1390 3653 1470">
    <p class='ocr_par' dir='ltr' id='par_1_42' title="bbox 2131 1390 3653 1470">
     <span class='ocr_line' id='line_1_42' title="bbox 2131 1390 3653 1470; baseline -0.01 -11"><span class='ocrx_word' id='word_1_293' title='bbox 2131 1403 2172 1470; x_wconf 89' lang='grc'>1,</span> <span class='ocrx_word' id='word_1_294' title='bbox 2190 1401 2284 1466; x_wconf 68' lang='lat'><strong>‘22,</strong></span> <span class='ocrx_word' id='word_1_295' title='bbox 2307 1401 2414 1457; x_wconf 70' lang='lat'><strong>23.</strong></span> <span class='ocrx_word' id='word_1_296' title='bbox 2435 1399 2578 1467; x_wconf 79' lang='lat' dir='ltr'><strong>Quid</strong></span> <span class='ocrx_word' id='word_1_297' title='bbox 2596 1398 2732 1452; x_wconf 82' lang='lat' dir='ltr'><strong>dicis</strong></span> <span class='ocrx_word' id='word_1_298' title='bbox 2762 1396 2828 1452; x_wconf 88' lang='lat' dir='ltr'><strong>de</strong></span> <span class='ocrx_word' id='word_1_299' title='bbox 2855 1397 3023 1466; x_wconf 80' lang='lat' dir='ltr'><strong>teipse</strong></span> <span class='ocrx_word' id='word_1_300' title='bbox 3043 1397 3069 1452; x_wconf 77' lang='grc'><em>1</em></span> <span class='ocrx_word' id='word_1_301' title='bbox 3089 1392 3203 1465; x_wconf 82' lang='lat' dir='ltr'><strong>Ego</strong></span> <span class='ocrx_word' id='word_1_302' title='bbox 3235 1407 3334 1448; x_wconf 71' lang='lat' dir='ltr'><strong>vox</strong></span> <span class='ocrx_word' id='word_1_303' title='bbox 3367 1390 3653 1446; x_wconf 77' lang='lat' dir='ltr'><strong>clamantis</strong></span> 
     </span>
    </p>
   </div>
   <div class='ocr_carea' id='block_1_43' title="bbox 2062 1496 2630 1553">
    <p class='ocr_par' dir='ltr' id='par_1_43' title="bbox 2062 1496 2630 1553">
     <span class='ocr_line' id='line_1_43' title="bbox 2062 1496 2630 1553; baseline -0.005 -1"><span class='ocrx_word' id='word_1_304' title='bbox 2062 1499 2118 1553; x_wconf 83' lang='lat' dir='ltr'><strong>in</strong></span> <span class='ocrx_word' id='word_1_305' title='bbox 2140 1496 2368 1552; x_wconf 81' lang='lat' dir='ltr'><strong>deserto.</strong></span> <span class='ocrx_word' id='word_1_306' title='bbox 2627 1496 2630 1498; x_wconf 62' lang='grc'>⁷</span> 
     </span>
    </p>
   </div>
   <div class='ocr_carea' id='block_1_44' title="bbox 2135 1571 3656 1657">
    <p class='ocr_par' dir='ltr' id='par_1_44' title="bbox 2135 1571 3656 1657">
     <span class='ocr_line' id='line_1_44' title="bbox 2135 1571 3656 1657; baseline -0.012 -14"><span class='ocrx_word' id='word_1_307' title='bbox 2135 1586 2417 1657; x_wconf 87' lang='lat' dir='ltr'><strong>Tanquam</strong></span> <span class='ocrx_word' id='word_1_308' title='bbox 2447 1585 2667 1657; x_wconf 89' lang='lat' dir='ltr'><strong>ignaros</strong></span> <span class='ocrx_word' id='word_1_309' title='bbox 2688 1581 3099 1652; x_wconf 88' lang='lat' dir='ltr'><strong>Scripturarum</strong></span> <span class='ocrx_word' id='word_1_310' title='bbox 3126 1576 3332 1632; x_wconf 82' lang='lat' dir='ltr'><strong>acriter</strong></span> <span class='ocrx_word' id='word_1_311' title='bbox 3354 1590 3451 1630; x_wconf 92' lang='lat' dir='ltr'><strong>eos</strong></span> <span class='ocrx_word' id='word_1_312' title='bbox 3474 1571 3656 1645; x_wconf 79' lang='lat' dir='ltr'><strong>arguit</strong></span> 
     </span>
    </p>
   </div>
   <div class='ocr_carea' id='block_1_45' title="bbox 2064 1664 3656 1750">
    <p class='ocr_par' dir='ltr' id='par_1_45' title="bbox 2064 1664 3656 1750">
     <span class='ocr_line' id='line_1_45' title="bbox 2064 1664 3656 1750; baseline -0.011 -14"><span class='ocrx_word' id='word_1_313' title='bbox 2064 1689 2118 1736; x_wconf 90' lang='lat' dir='ltr'><strong>et</strong></span> <span class='ocrx_word' id='word_1_314' title='bbox 2145 1677 2468 1750; x_wconf 86' lang='lat' dir='ltr'><strong>prephetico</strong></span> <span class='ocrx_word' id='word_1_315' title='bbox 2496 1672 2810 1731; x_wconf 85' lang='lat' dir='ltr'><strong>testimonio</strong></span> <span class='ocrx_word' id='word_1_316' title='bbox 2843 1670 3004 1725; x_wconf 83' lang='lat' dir='ltr'><strong>ﬁdem</strong></span> <span class='ocrx_word' id='word_1_317' title='bbox 3058 1667 3192 1722; x_wconf 82' lang='lat' dir='ltr'><strong>facit</strong></span> <span class='ocrx_word' id='word_1_318' title='bbox 3239 1664 3539 1720; x_wconf 76' lang='lat' dir='ltr'><strong>ministerii</strong></span> <span class='ocrx_word' id='word_1_319' title='bbox 3589 1677 3656 1718; x_wconf 88' lang='lat' dir='ltr'><strong>ac</strong></span> 
     </span>
    </p>
   </div>
   <div class='ocr_carea' id='block_1_46' title="bbox 2066 1737 3702 1828">
    <p class='ocr_par' dir='ltr' id='par_1_46' title="bbox 2066 1737 3702 1828">
     <span class='ocr_line' id='line_1_46' title="bbox 2066 1737 3702 1828; baseline -0.012 -4"><span class='ocrx_word' id='word_1_320' title='bbox 2066 1737 2206 1828; x_wconf 74' lang='lat' dir='ltr'><strong>vicis</strong></span> <span class='ocrx_word' id='word_1_321' title='bbox 2243 1737 2349 1826; x_wconf 79' lang='lat' dir='ltr'><strong>sibi</strong></span> <span class='ocrx_word' id='word_1_322' title='bbox 2396 1765 2761 1824; x_wconf 62' lang='lat' dir='ltr'><strong>demandata.</strong></span> <span class='ocrx_word' id='word_1_323' title='bbox 2802 1761 2984 1818; x_wconf 71' lang='lat' dir='ltr'><strong>Venio</strong></span> <span class='ocrx_word' id='word_1_324' title='bbox 3039 1759 3212 1826; x_wconf 91' lang='lat' dir='ltr'><strong>enim,</strong></span> <span class='ocrx_word' id='word_1_325' title='bbox 3271 1757 3472 1826; x_wconf 89' lang='lat' dir='ltr'><strong>inquit,</strong></span> <span class='ocrx_word' id='word_1_326' title='bbox 3518 1753 3655 1809; x_wconf 87' lang='lat' dir='ltr'><strong>nihil</strong></span> <span class='ocrx_word' id='word_1_327' title='bbox 3687 1737 3702 1746; x_wconf 53' lang='grc'><em>“</em></span> 
     </span>
    </p>
   </div>
   <div class='ocr_carea' id='block_1_47' title="bbox 2068 1851 3655 1929">
    <p class='ocr_par' dir='ltr' id='par_1_47' title="bbox 2068 1851 3655 1929">
     <span class='ocr_line' id='line_1_47' title="bbox 2068 1851 3655 1929; baseline -0.014 -9"><span class='ocrx_word' id='word_1_328' title='bbox 2068 1865 2321 1920; x_wconf 87' lang='lat' dir='ltr'><strong>dicturus</strong></span> <span class='ocrx_word' id='word_1_329' title='bbox 2354 1861 2502 1917; x_wconf 87' lang='lat' dir='ltr'><strong>aliud</strong></span> <span class='ocrx_word' id='word_1_330' title='bbox 2548 1858 2656 1915; x_wconf 86' lang='lat' dir='ltr'><strong>nisi</strong></span> <span class='ocrx_word' id='word_1_331' title='bbox 2705 1871 2806 1929; x_wconf 92' lang='lat' dir='ltr'><strong>pro</strong></span> <span class='ocrx_word' id='word_1_332' title='bbox 2835 1853 3051 1910; x_wconf 81' lang='lat' dir='ltr'><strong>foribus</strong></span> <span class='ocrx_word' id='word_1_333' title='bbox 3085 1851 3309 1906; x_wconf 89' lang='lat' dir='ltr'><strong>demum</strong></span> <span class='ocrx_word' id='word_1_334' title='bbox 3350 1862 3477 1902; x_wconf 90' lang='lat' dir='ltr'><strong>esse</strong></span> <span class='ocrx_word' id='word_1_335' title='bbox 3528 1859 3655 1900; x_wconf 90' lang='lat' dir='ltr'><strong>cum</strong></span> 
     </span>
    </p>
   </div>
   <div class='ocr_carea' id='block_1_48' title="bbox 2067 1941 3654 2029">
    <p class='ocr_par' dir='ltr' id='par_1_48' title="bbox 2067 1941 3654 2029">
     <span class='ocr_line' id='line_1_48' title="bbox 2067 1941 3654 2029; baseline -0.014 -14"><span class='ocrx_word' id='word_1_336' title='bbox 2067 1957 2163 2029; x_wconf 90' lang='lat' dir='ltr'><strong>qui</strong></span> <span class='ocrx_word' id='word_1_337' title='bbox 2185 1961 2563 2027; x_wconf 77' lang='lat' dir='ltr'><strong>exspectatur,</strong></span> <span class='ocrx_word' id='word_1_338' title='bbox 2585 1951 2700 2006; x_wconf 91' lang='lat' dir='ltr'><strong>imo</strong></span> <span class='ocrx_word' id='word_1_339' title='bbox 2729 1946 2916 2020; x_wconf 84' lang='lat' dir='ltr'><strong>potius</strong></span> <span class='ocrx_word' id='word_1_340' title='bbox 2941 1944 3230 1999; x_wconf 90' lang='lat' dir='ltr'><strong>Dominum</strong></span> <span class='ocrx_word' id='word_1_341' title='bbox 3262 1941 3407 1994; x_wconf 89' lang='lat' dir='ltr'><strong>intra</strong></span> <span class='ocrx_word' id='word_1_342' title='bbox 3441 1945 3654 2008; x_wconf 86' lang='lat' dir='ltr'><strong>portas.</strong></span> 
     </span>
    </p>
   </div>
   <div class='ocr_carea' id='block_1_49' title="bbox 2070 2031 3661 2118">
    <p class='ocr_par' dir='ltr' id='par_1_49' title="bbox 2070 2031 3661 2118">
     <span class='ocr_line' id='line_1_49' title="bbox 2070 2031 3661 2118; baseline -0.016 -14"><span class='ocrx_word' id='word_1_343' title='bbox 2070 2048 2255 2106; x_wconf 83' lang='lat' dir='ltr'><strong>Parati</strong></span> <span class='ocrx_word' id='word_1_344' title='bbox 2288 2047 2411 2104; x_wconf 85' lang='lat' dir='ltr'><strong>sitis</strong></span> <span class='ocrx_word' id='word_1_345' title='bbox 2439 2056 2834 2118; x_wconf 86' lang='lat' dir='ltr'><strong>quamcunque</strong></span> <span class='ocrx_word' id='word_1_346' title='bbox 2854 2039 3015 2111; x_wconf 81' lang='lat' dir='ltr'><strong>jubet</strong></span> <span class='ocrx_word' id='word_1_347' title='bbox 3039 2035 3187 2090; x_wconf 90' lang='lat' dir='ltr'><strong>viam</strong></span> <span class='ocrx_word' id='word_1_348' title='bbox 3211 2031 3504 2088; x_wconf 85' lang='lat' dir='ltr'><strong>insistere:</strong></span> <span class='ocrx_word' id='word_1_349' title='bbox 3543 2041 3661 2080; x_wconf 90' lang='lat' dir='ltr'><strong>am-</strong></span> 
     </span>
    </p>
   </div>
   <div class='ocr_carea' id='block_1_50' title="bbox 2070 2118 3661 2199">
    <p class='ocr_par' dir='ltr' id='par_1_50' title="bbox 2070 2118 3661 2199">
     <span class='ocr_line' id='line_1_50' title="bbox 2070 2118 3661 2199; baseline -0.019 0"><span class='ocrx_word' id='word_1_350' title='bbox 2070 2141 2308 2199; x_wconf 84' lang='lat' dir='ltr'><strong>bulastis</strong></span> <span class='ocrx_word' id='word_1_351' title='bbox 2341 2139 2398 2194; x_wconf 91' lang='lat' dir='ltr'><strong>in</strong></span> <span class='ocrx_word' id='word_1_352' title='bbox 2427 2138 2516 2192; x_wconf 91' lang='lat' dir='ltr'><strong>via</strong></span> <span class='ocrx_word' id='word_1_353' title='bbox 2547 2135 2740 2199; x_wconf 70' lang='lat' dir='ltr'><strong>Hosis,</strong></span> <span class='ocrx_word' id='word_1_354' title='bbox 2763 2130 2975 2188; x_wconf 89' lang='lat' dir='ltr'><strong>Christi</strong></span> <span class='ocrx_word' id='word_1_355' title='bbox 3001 2127 3148 2182; x_wconf 89' lang='lat' dir='ltr'><strong>viam</strong></span> <span class='ocrx_word' id='word_1_356' title='bbox 3183 2121 3488 2193; x_wconf 85' lang='lat' dir='ltr'><strong>suscipite:</strong></span> <span class='ocrx_word' id='word_1_357' title='bbox 3514 2118 3661 2173; x_wconf 87' lang='lat' dir='ltr'><strong>hanc</strong></span> 
     </span>
    </p>
   </div>
   <div class='ocr_carea' id='block_1_51' title="bbox 2071 2212 3563 2298">
    <p class='ocr_par' dir='ltr' id='par_1_51' title="bbox 2071 2212 3563 2298">
     <span class='ocr_line' id='line_1_51' title="bbox 2071 2212 3563 2298; baseline -0.019 -7"><span class='ocrx_word' id='word_1_358' title='bbox 2071 2232 2234 2290; x_wconf 86' lang='lat' dir='ltr'><strong>nobis</strong></span> <span class='ocrx_word' id='word_1_359' title='bbox 2267 2237 2590 2288; x_wconf 87' lang='lat' dir='ltr'><strong>sanctorum</strong></span> <span class='ocrx_word' id='word_1_360' title='bbox 2621 2225 3014 2298; x_wconf 89' lang='lat' dir='ltr'><strong>prophetarum</strong></span> <span class='ocrx_word' id='word_1_361' title='bbox 3048 2215 3302 2289; x_wconf 76' lang='lat' dir='ltr'><strong>pra-dixit</strong></span> <span class='ocrx_word' id='word_1_362' title='bbox 3334 2212 3563 2268; x_wconf 89' lang='lat' dir='ltr'><strong>chorus.</strong></span> 
     </span>
    </p>
   </div>
   <div class='ocr_carea' id='block_1_52' title="bbox 2251 2301 3480 2386">
    <p class='ocr_par' dir='ltr' id='par_1_52' title="bbox 2251 2301 3480 2386">
     <span class='ocr_line' id='line_1_52' title="bbox 2251 2301 3480 2386; baseline -0.02 -6"><span class='ocrx_word' id='word_1_363' title='bbox 2251 2321 2584 2380; x_wconf 74' lang='lat' dir='ltr'><strong>Testimonia</strong></span> <span class='ocrx_word' id='word_1_364' title='bbox 2615 2316 2996 2386; x_wconf 77' lang='lat' dir='ltr'><strong>prophetarum</strong></span> <span class='ocrx_word' id='word_1_365' title='bbox 3033 2307 3098 2363; x_wconf 80' lang='lat' dir='ltr'><strong>de</strong></span> <span class='ocrx_word' id='word_1_366' title='bbox 3134 2307 3222 2361; x_wconf 81' lang='lat' dir='ltr'><strong>via</strong></span> <span class='ocrx_word' id='word_1_367' title='bbox 3253 2301 3480 2359; x_wconf 76' lang='lat' dir='ltr'><strong>Christi.</strong></span> 
     </span>
    </p>
   </div>
   <div class='ocr_carea' id='block_1_53' title="bbox 2146 2388 3655 2476">
    <p class='ocr_par' dir='ltr' id='par_1_53' title="bbox 2146 2388 3655 2476">
     <span class='ocr_line' id='line_1_53' title="bbox 2146 2388 3655 2476; baseline -0.02 -2"><span class='ocrx_word' id='word_1_368' title='bbox 2146 2417 2348 2476; x_wconf 75' lang='lat' dir='ltr'><strong>Isaias.</strong></span> <span class='ocrx_word' id='word_1_369' title='bbox 2390 2435 2409 2469; x_wconf 83' lang='grc' dir='ltr'><strong>ι</strong></span> <span class='ocrx_word' id='word_1_370' title='bbox 2441 2411 2639 2469; x_wconf 81' lang='lat' dir='ltr'><strong>Venite</strong></span> <span class='ocrx_word' id='word_1_371' title='bbox 2656 2405 3023 2464; x_wconf 91' lang='lat' dir='ltr'><strong>ascendamns</strong></span> <span class='ocrx_word' id='word_1_372' title='bbox 3053 2399 3109 2454; x_wconf 93' lang='lat' dir='ltr'><strong>in</strong></span> <span class='ocrx_word' id='word_1_373' title='bbox 3134 2401 3376 2451; x_wconf 87' lang='lat' dir='ltr'><strong>montem</strong></span> <span class='ocrx_word' id='word_1_374' title='bbox 3412 2388 3655 2452; x_wconf 88' lang='lat' dir='ltr'><strong>Domini,</strong></span> 
     </span>
    </p>
   </div>
   <div class='ocr_carea' id='block_1_54' title="bbox 2074 2483 3656 2574">
    <p class='ocr_par' dir='ltr' id='par_1_54' title="bbox 2074 2483 3656 2574">
     <span class='ocr_line' id='line_1_54' title="bbox 2074 2483 3656 2574; baseline -0.025 -1"><span class='ocrx_word' id='word_1_375' title='bbox 2074 2526 2130 2574; x_wconf 88' lang='lat' dir='ltr'><strong>et</strong></span> <span class='ocrx_word' id='word_1_376' title='bbox 2157 2513 2227 2570; x_wconf 82' lang='lat' dir='ltr'><strong>ad</strong></span> <span class='ocrx_word' id='word_1_377' title='bbox 2251 2513 2474 2569; x_wconf 91' lang='lat' dir='ltr'><strong>domum</strong></span> <span class='ocrx_word' id='word_1_378' title='bbox 2497 2504 2594 2560; x_wconf 87' lang='lat' dir='ltr'><strong>Dei</strong></span> <span class='ocrx_word' id='word_1_379' title='bbox 2617 2501 2810 2566; x_wconf 70' lang='lat' dir='ltr'><strong>Iacob,</strong></span> <span class='ocrx_word' id='word_1_380' title='bbox 2847 2508 2902 2553; x_wconf 91' lang='lat' dir='ltr'><strong>et</strong></span> <span class='ocrx_word' id='word_1_381' title='bbox 2937 2488 3289 2549; x_wconf 87' lang='lat' dir='ltr'><strong>annuntiahit</strong></span> <span class='ocrx_word' id='word_1_382' title='bbox 3321 2484 3484 2541; x_wconf 89' lang='lat' dir='ltr'><strong>nobis</strong></span> <span class='ocrx_word' id='word_1_383' title='bbox 3510 2483 3656 2536; x_wconf 82' lang='lat' dir='ltr'><strong>viam</strong></span> 
     </span>
    </p>
   </div>
   <div class='ocr_carea' id='block_1_55' title="bbox 2076 2585 3105 2675">
    <p class='ocr_par' dir='ltr' id='par_1_55' title="bbox 2076 2585 3105 2675">
     <span class='ocr_line' id='line_1_55' title="bbox 2076 2585 3105 2675; baseline -0.027 -8"><span class='ocrx_word' id='word_1_384' title='bbox 2076 2623 2258 2675; x_wconf 83' lang='lat' dir='ltr'><strong>suam,</strong></span> <span class='ocrx_word' id='word_1_385' title='bbox 2283 2611 2339 2661; x_wconf 91' lang='lat' dir='ltr'><strong>et</strong></span> <span class='ocrx_word' id='word_1_386' title='bbox 2367 2597 2778 2658; x_wconf 87' lang='lat' dir='ltr'><strong>ambulabimus</strong></span> <span class='ocrx_word' id='word_1_387' title='bbox 2811 2593 2867 2646; x_wconf 92' lang='lat' dir='ltr'><strong>in</strong></span> <span class='ocrx_word' id='word_1_388' title='bbox 2891 2604 2956 2646; x_wconf 89' lang='lat' dir='ltr'><strong>ea</strong></span> <span class='ocrx_word' id='word_1_389' title='bbox 2981 2585 3105 2641; x_wconf 59' lang='lat'><strong>&quot;.5</strong></span> 
     </span>
    </p>
   </div>
   <div class='ocr_carea' id='block_1_56' title="bbox 2148 2757 3669 2840">
    <p class='ocr_par' dir='ltr' id='par_1_56' title="bbox 2148 2757 3669 2840">
     <span class='ocr_line' id='line_1_56' title="bbox 2148 2757 3669 2840; baseline -0.025 0"><span class='ocrx_word' id='word_1_390' title='bbox 2148 2783 2322 2840; x_wconf 82' lang='lat' dir='ltr'><strong>Idem.</strong></span> <span class='ocrx_word' id='word_1_391' title='bbox 2362 2797 2382 2832; x_wconf 81' lang='grc' dir='ltr'><strong>ι</strong></span> <span class='ocrx_word' id='word_1_392' title='bbox 2419 2776 2542 2832; x_wconf 85' lang='lat' dir='ltr'><strong>Erit</strong></span> <span class='ocrx_word' id='word_1_393' title='bbox 2571 2773 2646 2830; x_wconf 87' lang='lat' dir='ltr'><strong>ibi</strong></span> <span class='ocrx_word' id='word_1_394' title='bbox 2671 2770 2759 2827; x_wconf 89' lang='lat' dir='ltr'><strong>via</strong></span> <span class='ocrx_word' id='word_1_395' title='bbox 2790 2765 3024 2828; x_wconf 88' lang='lat' dir='ltr'><strong>munda,</strong></span> <span class='ocrx_word' id='word_1_396' title='bbox 3056 2767 3112 2816; x_wconf 92' lang='lat' dir='ltr'><strong>et</strong></span> <span class='ocrx_word' id='word_1_397' title='bbox 3143 2757 3234 2814; x_wconf 86' lang='lat' dir='ltr'><strong>via</strong></span> <span class='ocrx_word' id='word_1_398' title='bbox 3276 2761 3466 2812; x_wconf 89' lang='lat' dir='ltr'><strong>sancta</strong></span> <span class='ocrx_word' id='word_1_399' title='bbox 3501 2763 3669 2805; x_wconf 81' lang='lat' dir='ltr'><strong>voca-</strong></span> 
     </span>
    </p>
   </div>
   <div class='ocr_carea' id='block_1_57' title="bbox 2078 2851 3670 2935">
    <p class='ocr_par' dir='ltr' id='par_1_57' title="bbox 2078 2851 3670 2935">
     <span class='ocr_line' id='line_1_57' title="bbox 2078 2851 3670 2935; baseline -0.026 0"><span class='ocrx_word' id='word_1_400' title='bbox 2078 2878 2271 2935; x_wconf 84' lang='lat' dir='ltr'><strong>bitur:</strong></span> <span class='ocrx_word' id='word_1_401' title='bbox 2309 2887 2421 2928; x_wconf 91' lang='lat' dir='ltr'><strong>non</strong></span> <span class='ocrx_word' id='word_1_402' title='bbox 2453 2869 2561 2926; x_wconf 90' lang='lat' dir='ltr'><strong>erit</strong></span> <span class='ocrx_word' id='word_1_403' title='bbox 2591 2867 2663 2921; x_wconf 89' lang='lat' dir='ltr'><strong>ibi</strong></span> <span class='ocrx_word' id='word_1_404' title='bbox 2701 2865 2810 2925; x_wconf 91' lang='lat' dir='ltr'><strong>leo,</strong></span> <span class='ocrx_word' id='word_1_405' title='bbox 2847 2867 2903 2916; x_wconf 86' lang='lat' dir='ltr'><strong>et</strong></span> <span class='ocrx_word' id='word_1_406' title='bbox 2936 2851 3294 2912; x_wconf 60' lang='lat' dir='ltr'><strong>mala‘hestia</strong></span> <span class='ocrx_word' id='word_1_407' title='bbox 3332 2862 3440 2902; x_wconf 91' lang='lat' dir='ltr'><strong>non</strong></span> <span class='ocrx_word' id='word_1_408' title='bbox 3473 2857 3670 2898; x_wconf 80' lang='lat' dir='ltr'><strong>ascen-</strong></span> 
     </span>
    </p>
   </div>
   <div class='ocr_carea' id='block_1_58' title="bbox 2079 2937 3557 3028">
    <p class='ocr_par' dir='ltr' id='par_1_58' title="bbox 2079 2937 3557 3028">
     <span class='ocr_line' id='line_1_58' title="bbox 2079 2937 3557 3028; baseline -0.028 0"><span class='ocrx_word' id='word_1_409' title='bbox 2079 2972 2172 3028; x_wconf 88' lang='lat' dir='ltr'><strong>det</strong></span> <span class='ocrx_word' id='word_1_410' title='bbox 2192 2970 2248 3024; x_wconf 92' lang='lat' dir='ltr'><strong>in</strong></span> <span class='ocrx_word' id='word_1_411' title='bbox 2279 2979 2422 3028; x_wconf 88' lang='lat' dir='ltr'><strong>eam,</strong></span> <span class='ocrx_word' id='word_1_412' title='bbox 2461 2959 2556 3016; x_wconf 86' lang='lat' dir='ltr'><strong>sed</strong></span> <span class='ocrx_word' id='word_1_413' title='bbox 2582 2953 2948 3012; x_wconf 88' lang='lat' dir='ltr'><strong>ambulabunt</strong></span> <span class='ocrx_word' id='word_1_414' title='bbox 2974 2949 3028 3003; x_wconf 91' lang='lat' dir='ltr'><strong>in</strong></span> <span class='ocrx_word' id='word_1_415' title='bbox 3054 2959 3118 3001; x_wconf 86' lang='lat' dir='ltr'><strong>ea</strong></span> <span class='ocrx_word' id='word_1_416' title='bbox 3150 2937 3407 3010; x_wconf 89' lang='lat' dir='ltr'><strong>dissipati</strong></span> <span class='ocrx_word' id='word_1_417' title='bbox 3432 2937 3500 2988; x_wconf 82' lang='grc'><strong>’⁸.</strong></span> <span class='ocrx_word' id='word_1_418' title='bbox 3537 2951 3557 2984; x_wconf 74' lang='grc' dir='ltr'><strong>ι</strong></span> 
     </span>
    </p>
   </div>
   <div class='ocr_carea' id='block_1_59' title="bbox 455 3109 1981 3240">
    <p class='ocr_par' dir='ltr' id='par_1_59' title="bbox 455 3109 1980 3231">
     <span class='ocr_line' id='line_1_59' title="bbox 455 3109 1980 3231; baseline -0.01 -14"><span class='ocrx_word' id='word_1_419' title='bbox 455 3165 514 3216; x_wconf 86' lang='lat'><strong>&#39;0</strong></span> <span class='ocrx_word' id='word_1_420' title='bbox 539 3109 748 3228; x_wconf 47' lang='grc' dir='ltr'>αἱῖτός.</span> <span class='ocrx_word' id='word_1_421' title='bbox 798 3180 818 3212; x_wconf 77' lang='grc' dir='ltr'><strong>ι</strong></span> <span class='ocrx_word' id='word_1_422' title='bbox 861 3109 1063 3231; x_wconf 53' lang='grc' dir='ltr'>’ἵλρχὴν</span> <span class='ocrx_word' id='word_1_423' title='bbox 1095 3156 1234 3211; x_wconf 87' lang='grc' dir='ltr'>Σιὼν</span> <span class='ocrx_word' id='word_1_424' title='bbox 1258 3109 1450 3222; x_wconf 42' lang='lat' dir='ltr'><strong>sese,</strong></span> <span class='ocrx_word' id='word_1_425' title='bbox 1492 3153 1589 3209; x_wconf 75' lang='grc' dir='ltr'>καὶ</span> <span class='ocrx_word' id='word_1_426' title='bbox 1624 3147 1980 3224; x_wconf 83' lang='grc' dir='ltr'>Ἰερουσαλὴμ</span> 
     </span>
    </p>
   </div>
   <div class='ocr_carea' id='block_1_60' title="bbox 2084 3109 3671 3240">
    <p class='ocr_par' dir='ltr' id='par_1_60' title="bbox 2154 3109 3671 3206">
     <span class='ocr_line' id='line_1_60' title="bbox 2154 3109 3671 3206; baseline -0.026 -3"><span class='ocrx_word' id='word_1_427' title='bbox 2154 3147 2328 3203; x_wconf 86' lang='lat' dir='ltr'><strong>Idem.</strong></span> <span class='ocrx_word' id='word_1_428' title='bbox 2369 3161 2388 3196; x_wconf 81' lang='grc' dir='ltr'><strong>ι</strong></span> <span class='ocrx_word' id='word_1_429' title='bbox 2447 3134 2789 3206; x_wconf 88' lang='lat' dir='ltr'><strong>Principium</strong></span> <span class='ocrx_word' id='word_1_430' title='bbox 2844 3127 2991 3184; x_wconf 87' lang='lat' dir='ltr'><strong>dabo</strong></span> <span class='ocrx_word' id='word_1_431' title='bbox 3043 3121 3198 3186; x_wconf 91' lang='lat' dir='ltr'><strong>Sion,</strong></span> <span class='ocrx_word' id='word_1_432' title='bbox 3261 3128 3315 3174; x_wconf 87' lang='lat' dir='ltr'><strong>et</strong></span> <span class='ocrx_word' id='word_1_433' title='bbox 3362 3109 3671 3171; x_wconf 76' lang='lat' dir='ltr'><strong>Jerusalem</strong></span> 
     </span>
    </p>
   </div>
   <div class='ocr_carea' id='block_1_61' title="bbox 366 3251 1102 3328">
    <p class='ocr_par' dir='ltr' id='par_1_61' title="bbox 366 3251 1102 3328">
     <span class='ocr_line' id='line_1_61' title="bbox 366 3251 1102 3328; baseline -0.014 -16"><span class='ocrx_word' id='word_1_434' title='bbox 366 3254 760 3328; x_wconf 76' lang='grc' dir='ltr'>παρακαλέσω</span> <span class='ocrx_word' id='word_1_435' title='bbox 791 3253 873 3316; x_wconf 79' lang='grc' dir='ltr'><strong>εἰς</strong></span> <span class='ocrx_word' id='word_1_436' title='bbox 905 3251 1047 3305; x_wconf 85' lang='grc' dir='ltr'>ὁδόν.</span> <span class='ocrx_word' id='word_1_437' title='bbox 1085 3269 1102 3301; x_wconf 83' lang='grc' dir='ltr'><strong>ι</strong></span> 
     </span>
    </p>
   </div>
   <div class='ocr_carea' id='block_1_62' title="bbox 456 3328 1984 3412">
    <p class='ocr_par' dir='ltr' id='par_1_62' title="bbox 456 3328 1984 3412">
     <span class='ocr_line' id='line_1_62' title="bbox 456 3328 1984 3412; baseline -0.01 -9"><span class='ocrx_word' id='word_1_438' title='bbox 456 3349 525 3403; x_wconf 90' lang='lat'><strong>&#39;0</strong></span> <span class='ocrx_word' id='word_1_439' title='bbox 567 3347 773 3412; x_wconf 82' lang='grc' dir='ltr'>αὐτός.</span> <span class='ocrx_word' id='word_1_440' title='bbox 833 3363 853 3397; x_wconf 75' lang='grc' dir='ltr'><strong>ι</strong></span> <span class='ocrx_word' id='word_1_441' title='bbox 907 3343 1020 3397; x_wconf 76' lang='grc' dir='ltr'><strong>Καὶ</strong></span> <span class='ocrx_word' id='word_1_442' title='bbox 1065 3341 1182 3408; x_wconf 79' lang='grc' dir='ltr'>ἀξω</span> <span class='ocrx_word' id='word_1_443' title='bbox 1224 3340 1463 3411; x_wconf 82' lang='grc' dir='ltr'>τυφλοὺς</span> <span class='ocrx_word' id='word_1_444' title='bbox 1505 3356 1564 3392; x_wconf 89' lang='grc' dir='ltr'><strong>εν</strong></span> <span class='ocrx_word' id='word_1_445' title='bbox 1605 3336 1740 3409; x_wconf 82' lang='grc' dir='ltr'>ὀδῷ,</span> <span class='ocrx_word' id='word_1_446' title='bbox 1796 3328 1832 3411; x_wconf 78' lang='grc' dir='ltr'>ᾗ</span> <span class='ocrx_word' id='word_1_447' title='bbox 1880 3333 1984 3388; x_wconf 81' lang='grc' dir='ltr'>οὐκ</span> 
     </span>
    </p>
   </div>
   <div class='ocr_carea' id='block_1_63' title="bbox 368 3428 1986 3512">
    <p class='ocr_par' dir='ltr' id='par_1_63' title="bbox 368 3428 1986 3512">
     <span class='ocr_line' id='line_1_63' title="bbox 368 3428 1986 3512; baseline -0.009 -16"><span class='ocrx_word' id='word_1_448' title='bbox 368 3442 650 3512; x_wconf 75' lang='grc' dir='ltr'>ἔγνωσαν·</span> <span class='ocrx_word' id='word_1_449' title='bbox 671 3439 768 3493; x_wconf 80' lang='grc' dir='ltr'>καὶ</span> <span class='ocrx_word' id='word_1_450' title='bbox 785 3437 1032 3511; x_wconf 87' lang='grc' dir='ltr'>τρίϐους,</span> <span class='ocrx_word' id='word_1_451' title='bbox 1055 3435 1124 3501; x_wconf 80' lang='grc' dir='ltr'>ἃς</span> <span class='ocrx_word' id='word_1_452' title='bbox 1145 3435 1246 3489; x_wconf 83' lang='grc' dir='ltr'>οὐκ</span> <span class='ocrx_word' id='word_1_453' title='bbox 1261 3433 1486 3507; x_wconf 70' lang='grc' dir='ltr'>ᾔδεσαν,</span> <span class='ocrx_word' id='word_1_454' title='bbox 1505 3433 1750 3502; x_wconf 86' lang='grc' dir='ltr'>πατῆσαι</span> <span class='ocrx_word' id='word_1_455' title='bbox 1771 3428 1986 3499; x_wconf 87' lang='grc' dir='ltr'>ποιήσω</span> 
     </span>
    </p>
   </div>
   <div class='ocr_carea' id='block_1_64' title="bbox 369 3526 666 3591">
    <p class='ocr_par' dir='ltr' id='par_1_64' title="bbox 369 3526 666 3591">
     <span class='ocr_line' id='line_1_64' title="bbox 369 3526 666 3591; baseline -0.01 -9"><span class='ocrx_word' id='word_1_456' title='bbox 369 3526 607 3591; x_wconf 77' lang='grc' dir='ltr'>αὐτούς.</span> <span class='ocrx_word' id='word_1_457' title='bbox 646 3545 666 3578; x_wconf 74' lang='grc' dir='ltr'><strong>ι</strong></span> 
     </span>
    </p>
   </div>
   <div class='ocr_carea' id='block_1_65' title="bbox 461 3611 1986 3690">
    <p class='ocr_par' dir='ltr' id='par_1_65' title="bbox 461 3611 1986 3690">
     <span class='ocr_line' id='line_1_65' title="bbox 461 3611 1986 3690; baseline -0.009 -14"><span class='ocrx_word' id='word_1_458' title='bbox 461 3619 775 3690; x_wconf 79' lang='grc' dir='ltr'>Ἱερεμίας.</span> <span class='ocrx_word' id='word_1_459' title='bbox 816 3635 836 3670; x_wconf 81' lang='grc' dir='ltr'><strong>ι</strong></span> <span class='ocrx_word' id='word_1_460' title='bbox 871 3617 1042 3687; x_wconf 84' lang='grc' dir='ltr'>Στῆτε</span> <span class='ocrx_word' id='word_1_461' title='bbox 1081 3614 1178 3668; x_wconf 75' lang='grc' dir='ltr'><strong>ἐπὶ</strong></span> <span class='ocrx_word' id='word_1_462' title='bbox 1199 3615 1320 3678; x_wconf 87' lang='grc' dir='ltr'>ταῖς</span> <span class='ocrx_word' id='word_1_463' title='bbox 1348 3613 1512 3680; x_wconf 84' lang='grc' dir='ltr'>ὁδοῖς,</span> <span class='ocrx_word' id='word_1_464' title='bbox 1543 3611 1636 3666; x_wconf 77' lang='grc' dir='ltr'>καὶ</span> <span class='ocrx_word' id='word_1_465' title='bbox 1671 3611 1986 3682; x_wconf 79' lang='grc' dir='ltr'>ἐρωτήσατε</span> 
     </span>
    </p>
   </div>
   <div class='ocr_carea' id='block_1_66' title="bbox 374 3699 1990 3787">
    <p class='ocr_par' dir='ltr' id='par_1_66' title="bbox 374 3699 1990 3787">
     <span class='ocr_line' id='line_1_66' title="bbox 374 3699 1990 3787; baseline -0.008 -19"><span class='ocrx_word' id='word_1_466' title='bbox 374 3713 611 3787; x_wconf 88' lang='grc' dir='ltr'>τρίϐους</span> <span class='ocrx_word' id='word_1_467' title='bbox 636 3709 842 3782; x_wconf 86' lang='grc' dir='ltr'>Κυρίου</span> <span class='ocrx_word' id='word_1_468' title='bbox 869 3709 1142 3772; x_wconf 78' lang='grc' dir='ltr'>αἰωνίους,</span> <span class='ocrx_word' id='word_1_469' title='bbox 1175 3699 1268 3762; x_wconf 74' lang='grc' dir='ltr'>κάὶ</span> <span class='ocrx_word' id='word_1_470' title='bbox 1298 3707 1437 3761; x_wconf 86' lang='grc' dir='ltr'>ίδετε</span> <span class='ocrx_word' id='word_1_471' title='bbox 1466 3706 1597 3761; x_wconf 87' lang='grc' dir='ltr'>ποία</span> <span class='ocrx_word' id='word_1_472' title='bbox 1634 3704 1782 3757; x_wconf 74' lang='grc' dir='ltr'>ἐστὶν</span> <span class='ocrx_word' id='word_1_473' title='bbox 1814 3704 1848 3773; x_wconf 85' lang='grc' dir='ltr'><strong>ἡ</strong></span> <span class='ocrx_word' id='word_1_474' title='bbox 1871 3701 1990 3766; x_wconf 82' lang='grc' dir='ltr'>ὁδὸς</span> 
     </span>
    </p>
   </div>
   <div class='ocr_carea' id='block_1_67' title="bbox 377 3795 1990 3877">
    <p class='ocr_par' dir='ltr' id='par_1_67' title="bbox 377 3795 1990 3877">
     <span class='ocr_line' id='line_1_67' title="bbox 377 3795 1990 3877; baseline -0.009 -16"><span class='ocrx_word' id='word_1_475' title='bbox 377 3809 414 3877; x_wconf 83' lang='grc' dir='ltr'><strong>ἡ</strong></span> <span class='ocrx_word' id='word_1_476' title='bbox 441 3805 655 3876; x_wconf 83' lang='grc' dir='ltr'>ἀγαθὴ,</span> <span class='ocrx_word' id='word_1_477' title='bbox 689 3804 785 3858; x_wconf 75' lang='grc' dir='ltr'>καὶ</span> <span class='ocrx_word' id='word_1_478' title='bbox 814 3801 1060 3873; x_wconf 80' lang='grc' dir='ltr'>βαδίζετε</span> <span class='ocrx_word' id='word_1_479' title='bbox 1087 3801 1146 3854; x_wconf 79' lang='grc' dir='ltr'>ὲν</span> <span class='ocrx_word' id='word_1_480' title='bbox 1174 3799 1316 3871; x_wconf 78' lang='grc' dir='ltr'>αὐτῇ</span> <span class='ocrx_word' id='word_1_481' title='bbox 1339 3839 1356 3864; x_wconf 89' lang='grc'><strong>,</strong></span> <span class='ocrx_word' id='word_1_482' title='bbox 1411 3798 1507 3852; x_wconf 74' lang='grc' dir='ltr'>καὶ</span> <span class='ocrx_word' id='word_1_483' title='bbox 1531 3797 1794 3869; x_wconf 83' lang='grc' dir='ltr'>εὑρήσετε</span> <span class='ocrx_word' id='word_1_484' title='bbox 1827 3795 1990 3863; x_wconf 83' lang='grc' dir='ltr'>ἀγια-</span> 
     </span>
    </p>
   </div>
   <div class='ocr_carea' id='block_1_68' title="bbox 380 3891 1341 3970">
    <p class='ocr_par' dir='ltr' id='par_1_68' title="bbox 380 3891 1341 3970">
     <span class='ocr_line' id='line_1_68' title="bbox 380 3891 1341 3970; baseline -0.012 -16"><span class='ocrx_word' id='word_1_485' title='bbox 380 3899 530 3970; x_wconf 80' lang='grc' dir='ltr'>σμὸν</span> <span class='ocrx_word' id='word_1_486' title='bbox 560 3899 684 3961; x_wconf 85' lang='grc' dir='ltr'>ταῖς</span> <span class='ocrx_word' id='word_1_487' title='bbox 709 3896 910 3968; x_wconf 75' lang='grc' dir='ltr'>ψυχαῖς</span> <span class='ocrx_word' id='word_1_488' title='bbox 938 3891 1114 3964; x_wconf 80' lang='grc' dir='ltr'>ὑμῶν.</span> <span class='ocrx_word' id='word_1_489' title='bbox 1155 3910 1174 3944; x_wconf 76' lang='grc' dir='ltr'><strong>ι</strong></span> <span class='ocrx_word' id='word_1_490' title='bbox 1337 3961 1341 3966; x_wconf 21' lang='grc' dir='ltr'><em>ι</em></span> 
     </span>
    </p>
   </div>
   <div class='ocr_carea' id='block_1_69' title="bbox 454 3971 1992 4060">
    <p class='ocr_par' dir='ltr' id='par_1_69' title="bbox 454 3971 1992 4060">
     <span class='ocr_line' id='line_1_69' title="bbox 454 3971 1992 4060; baseline -0.007 -15"><span class='ocrx_word' id='word_1_491' title='bbox 454 3990 559 4054; x_wconf 87' lang='grc' dir='ltr'>Τίς</span> <span class='ocrx_word' id='word_1_492' title='bbox 582 3985 677 4045; x_wconf 78' lang='grc' dir='ltr'>οὖν</span> <span class='ocrx_word' id='word_1_493' title='bbox 710 3991 744 4060; x_wconf 83' lang='grc' dir='ltr'><strong>ἡ</strong></span> <span class='ocrx_word' id='word_1_494' title='bbox 771 3988 892 4052; x_wconf 80' lang='grc' dir='ltr'>ὁδὸς</span> <span class='ocrx_word' id='word_1_495' title='bbox 925 3988 960 4058; x_wconf 80' lang='grc' dir='ltr'><strong>ἡ</strong></span> <span class='ocrx_word' id='word_1_496' title='bbox 985 3985 1168 4057; x_wconf 81' lang='grc' dir='ltr'>ἀγαθὴ</span> <span class='ocrx_word' id='word_1_497' title='bbox 1208 3984 1303 4038; x_wconf 72' lang='grc' dir='ltr'>καὶ</span> <span class='ocrx_word' id='word_1_498' title='bbox 1332 3971 1631 4052; x_wconf 80' lang='grc' dir='ltr'>ἀγνίζουσα</span> <span class='ocrx_word' id='word_1_499' title='bbox 1684 3982 1812 4047; x_wconf 77' lang='grc' dir='ltr'>τοὺς</span> <span class='ocrx_word' id='word_1_500' title='bbox 1844 3980 1992 4052; x_wconf 84' lang='grc' dir='ltr'>βαδί-</span> 
     </span>
    </p>
   </div>
   <div class='ocr_carea' id='block_1_70' title="bbox 381 4073 1992 4154">
    <p class='ocr_par' dir='ltr' id='par_1_70' title="bbox 381 4073 1992 4154">
     <span class='ocr_line' id='line_1_70' title="bbox 381 4073 1992 4154; baseline -0.006 -15"><span class='ocrx_word' id='word_1_501' title='bbox 381 4087 588 4152; x_wconf 80' lang='grc' dir='ltr'>ζοντας</span> <span class='ocrx_word' id='word_1_502' title='bbox 618 4083 676 4136; x_wconf 78' lang='grc' dir='ltr'>ἐν</span> <span class='ocrx_word' id='word_1_503' title='bbox 702 4083 867 4154; x_wconf 78' lang='grc' dir='ltr'>αὐτῇ,</span> <span class='ocrx_word' id='word_1_504' title='bbox 899 4079 1062 4144; x_wconf 76' lang='grc' dir='ltr'>αὐτὸς</span> <span class='ocrx_word' id='word_1_505' title='bbox 1089 4076 1296 4148; x_wconf 80' lang='grc' dir='ltr'>λεγέτω</span> <span class='ocrx_word' id='word_1_506' title='bbox 1330 4075 1567 4148; x_wconf 81' lang='grc' dir='ltr'>Χριστός</span> <span class='ocrx_word' id='word_1_507' title='bbox 1593 4092 1607 4108; x_wconf 94' lang='grc'><strong>·</strong></span> <span class='ocrx_word' id='word_1_508' title='bbox 1644 4095 1663 4128; x_wconf 78' lang='grc' dir='ltr'><strong>ι</strong></span> <span class='ocrx_word' id='word_1_509' title='bbox 1705 4073 1850 4146; x_wconf 86' lang='grc' dir='ltr'><strong>Ἑγὼ</strong></span> <span class='ocrx_word' id='word_1_510' title='bbox 1875 4075 1992 4147; x_wconf 87' lang='grc' dir='ltr'>είμι</span> 
     </span>
    </p>
   </div>
   <div class='ocr_carea' id='block_1_71' title="bbox 382 4174 656 4247">
    <p class='ocr_par' dir='ltr' id='par_1_71' title="bbox 382 4174 656 4247">
     <span class='ocr_line' id='line_1_71' title="bbox 382 4174 656 4247; baseline -0.058 -8"><span class='ocrx_word' id='word_1_511' title='bbox 382 4174 656 4247; x_wconf 81' lang='grc' dir='ltr'><strong>ὴόδός.›</strong></span> 
     </span>
    </p>
   </div>
   <div class='ocr_carea' id='block_1_72' title="bbox 454 4255 1993 4332">
    <p class='ocr_par' dir='ltr' id='par_1_72' title="bbox 454 4255 1993 4332">
     <span class='ocr_line' id='line_1_72' title="bbox 454 4255 1993 4332; baseline -0.006 -11"><span class='ocrx_word' id='word_1_512' title='bbox 454 4265 573 4320; x_wconf 76' lang='grc' dir='ltr'><strong>Καὶ</strong></span> <span class='ocrx_word' id='word_1_513' title='bbox 605 4266 661 4320; x_wconf 86' lang='grc' dir='ltr'><strong>οί</strong></span> <span class='ocrx_word' id='word_1_514' title='bbox 687 4261 1137 4332; x_wconf 75' lang='grc' dir='ltr'>ἀπεσταλμένοι</span> <span class='ocrx_word' id='word_1_515' title='bbox 1161 4255 1327 4331; x_wconf 80' lang='grc' dir='ltr'>ἦσαν</span> <span class='ocrx_word' id='word_1_516' title='bbox 1363 4258 1434 4313; x_wconf 82' lang='grc' dir='ltr'>ἐκ</span> <span class='ocrx_word' id='word_1_517' title='bbox 1478 4257 1598 4312; x_wconf 79' lang='grc' dir='ltr'>τῶν</span> <span class='ocrx_word' id='word_1_518' title='bbox 1619 4258 1993 4327; x_wconf 77' lang='grc' dir='ltr'>Φαρισαίων,</span> 
     </span>
    </p>
   </div>
   <div class='ocr_carea' id='block_1_73' title="bbox 384 4344 1999 4426">
    <p class='ocr_par' dir='ltr' id='par_1_73' title="bbox 384 4344 1999 4426">
     <span class='ocr_line' id='line_1_73' title="bbox 384 4344 1999 4426; baseline -0.006 -12"><span class='ocrx_word' id='word_1_519' title='bbox 384 4358 496 4414; x_wconf 70' lang='grc' dir='ltr'><strong>καί</strong></span> <span class='ocrx_word' id='word_1_520' title='bbox 540 4356 868 4426; x_wconf 79' lang='grc' dir='ltr'>ἠρώτησαν</span> <span class='ocrx_word' id='word_1_521' title='bbox 911 4353 1132 4416; x_wconf 84' lang='grc' dir='ltr'>αὑτὸν,</span> <span class='ocrx_word' id='word_1_522' title='bbox 1178 4351 1278 4405; x_wconf 82' lang='grc' dir='ltr'>καὶ</span> <span class='ocrx_word' id='word_1_523' title='bbox 1323 4347 1498 4405; x_wconf 77' lang='grc' dir='ltr'>εἷπον</span> <span class='ocrx_word' id='word_1_524' title='bbox 1535 4349 1728 4416; x_wconf 80' lang='grc' dir='ltr'>αὐτῷ·</span> <span class='ocrx_word' id='word_1_525' title='bbox 1783 4351 1846 4405; x_wconf 90' lang='grc' dir='ltr'>Τί</span> <span class='ocrx_word' id='word_1_526' title='bbox 1883 4344 1999 4404; x_wconf 78' lang='grc' dir='ltr'><strong>οὖν</strong></span> 
     </span>
    </p>
   </div>
   <div class='ocr_carea' id='block_1_74' title="bbox 2085 3228 2757 3299">
    <p class='ocr_par' dir='ltr' id='par_1_74' title="bbox 2085 3228 2757 3299">
     <span class='ocr_line' id='line_1_74' title="bbox 2085 3228 2757 3299; baseline -0.034 1"><span class='ocrx_word' id='word_1_527' title='bbox 2085 3239 2348 3299; x_wconf 88' lang='lat' dir='ltr'><strong>hortabor</strong></span> <span class='ocrx_word' id='word_1_528' title='bbox 2372 3234 2439 3290; x_wconf 89' lang='lat' dir='ltr'><strong>ad</strong></span> <span class='ocrx_word' id='word_1_529' title='bbox 2463 3231 2610 3287; x_wconf 88' lang='lat' dir='ltr'><strong>viam</strong></span> <span class='ocrx_word' id='word_1_530' title='bbox 2630 3228 2701 3281; x_wconf 80' lang='lat'><strong>”.</strong></span> <span class='ocrx_word' id='word_1_531' title='bbox 2739 3243 2757 3276; x_wconf 75' lang='grc' dir='ltr'><strong>ι</strong></span> 
     </span>
    </p>
   </div>
   <div class='ocr_carea' id='block_1_75' title="bbox 2158 3306 3678 3389">
    <p class='ocr_par' dir='ltr' id='par_1_75' title="bbox 2158 3306 3678 3389">
     <span class='ocr_line' id='line_1_75' title="bbox 2158 3306 3678 3389; baseline -0.027 0"><span class='ocrx_word' id='word_1_532' title='bbox 2158 3332 2330 3389; x_wconf 88' lang='lat' dir='ltr'><strong>Idem.</strong></span> <span class='ocrx_word' id='word_1_533' title='bbox 2361 3347 2380 3381; x_wconf 78' lang='grc' dir='ltr'><strong>ι</strong></span> <span class='ocrx_word' id='word_1_534' title='bbox 2419 3324 2488 3380; x_wconf 85' lang='grc' dir='ltr'>Ει</span> <span class='ocrx_word' id='word_1_535' title='bbox 2529 3323 2730 3378; x_wconf 91' lang='lat' dir='ltr'><strong>ducam</strong></span> <span class='ocrx_word' id='word_1_536' title='bbox 2781 3328 2960 3372; x_wconf 80' lang='lat' dir='ltr'><strong>caecos</strong></span> <span class='ocrx_word' id='word_1_537' title='bbox 2995 3311 3051 3366; x_wconf 89' lang='lat' dir='ltr'><strong>in</strong></span> <span class='ocrx_word' id='word_1_538' title='bbox 3087 3306 3176 3361; x_wconf 88' lang='lat' dir='ltr'><strong>via</strong></span> <span class='ocrx_word' id='word_1_539' title='bbox 3214 3317 3381 3376; x_wconf 88' lang='lat' dir='ltr'><strong>quam</strong></span> <span class='ocrx_word' id='word_1_540' title='bbox 3417 3313 3528 3354; x_wconf 88' lang='lat' dir='ltr'><strong>non</strong></span> <span class='ocrx_word' id='word_1_541' title='bbox 3574 3309 3678 3350; x_wconf 90' lang='lat' dir='ltr'><strong>no-</strong></span> 
     </span>
    </p>
   </div>
   <div class='ocr_carea' id='block_1_76' title="bbox 2081 3388 3679 3491">
    <p class='ocr_par' dir='ltr' id='par_1_76' title="bbox 2081 3388 3679 3491">
     <span class='ocr_line' id='line_1_76' title="bbox 2081 3388 3679 3491; baseline -0.026 -9"><span class='ocrx_word' id='word_1_542' title='bbox 2081 3433 2302 3491; x_wconf 88' lang='lat' dir='ltr'><strong>verunt,</strong></span> <span class='ocrx_word' id='word_1_543' title='bbox 2330 3431 2382 3478; x_wconf 90' lang='lat' dir='ltr'><strong>et</strong></span> <span class='ocrx_word' id='word_1_544' title='bbox 2411 3433 2513 3491; x_wconf 90' lang='lat' dir='ltr'><strong>per</strong></span> <span class='ocrx_word' id='word_1_545' title='bbox 2543 3413 2772 3472; x_wconf 88' lang='lat' dir='ltr'><strong>semitas</strong></span> <span class='ocrx_word' id='word_1_546' title='bbox 2800 3422 2942 3481; x_wconf 90' lang='lat' dir='ltr'><strong>quas</strong></span> <span class='ocrx_word' id='word_1_547' title='bbox 3003 3417 3115 3458; x_wconf 90' lang='lat' dir='ltr'><strong>non</strong></span> <span class='ocrx_word' id='word_1_548' title='bbox 3163 3400 3373 3454; x_wconf 91' lang='lat' dir='ltr'><strong>norunt</strong></span> <span class='ocrx_word' id='word_1_549' title='bbox 3419 3388 3679 3446; x_wconf 80' lang='lat' dir='ltr'><strong>incedere</strong></span> 
     </span>
    </p>
   </div>
   <div class='ocr_carea' id='block_1_77' title="bbox 2085 3509 2606 3592">
    <p class='ocr_par' dir='ltr' id='par_1_77' title="bbox 2085 3509 2606 3592">
     <span class='ocr_line' id='line_1_77' title="bbox 2085 3509 2606 3592; baseline -0.025 -21"><span class='ocrx_word' id='word_1_550' title='bbox 2085 3520 2237 3592; x_wconf 86' lang='lat' dir='ltr'><strong>ipsos</strong></span> <span class='ocrx_word' id='word_1_551' title='bbox 2272 3513 2471 3568; x_wconf 81' lang='lat' dir='ltr'><strong>iaciam</strong></span> <span class='ocrx_word' id='word_1_552' title='bbox 2495 3509 2536 3562; x_wconf 87' lang='grc'><strong>¹.</strong></span> <span class='ocrx_word' id='word_1_553' title='bbox 2586 3525 2606 3558; x_wconf 77' lang='grc' dir='ltr'><strong>ι</strong></span> 
     </span>
    </p>
   </div>
   <div class='ocr_carea' id='block_1_78' title="bbox 2155 3582 3681 3664">
    <p class='ocr_par' dir='ltr' id='par_1_78' title="bbox 2155 3582 3681 3664">
     <span class='ocr_line' id='line_1_78' title="bbox 2155 3582 3681 3664; baseline -0.027 0"><span class='ocrx_word' id='word_1_554' title='bbox 2155 3605 2441 3663; x_wconf 80' lang='lat' dir='ltr'><strong>Jeremias.</strong></span> <span class='ocrx_word' id='word_1_555' title='bbox 2479 3617 2498 3651; x_wconf 79' lang='grc' dir='ltr'><strong>ι</strong></span> <span class='ocrx_word' id='word_1_556' title='bbox 2541 3597 2696 3653; x_wconf 85' lang='lat' dir='ltr'><strong>State</strong></span> <span class='ocrx_word' id='word_1_557' title='bbox 2723 3606 2892 3664; x_wconf 85' lang='lat' dir='ltr'><strong>super</strong></span> <span class='ocrx_word' id='word_1_558' title='bbox 2920 3588 3062 3653; x_wconf 91' lang='lat' dir='ltr'><strong>vias,</strong></span> <span class='ocrx_word' id='word_1_559' title='bbox 3112 3590 3169 3640; x_wconf 87' lang='lat' dir='ltr'><strong>et</strong></span> <span class='ocrx_word' id='word_1_560' title='bbox 3201 3582 3542 3645; x_wconf 86' lang='lat' dir='ltr'><strong>interrogate</strong></span> <span class='ocrx_word' id='word_1_561' title='bbox 3587 3585 3681 3628; x_wconf 80' lang='lat' dir='ltr'><strong>se-</strong></span> 
     </span>
    </p>
   </div>
   <div class='ocr_carea' id='block_1_79' title="bbox 2087 3666 3684 3764">
    <p class='ocr_par' dir='ltr' id='par_1_79' title="bbox 2087 3666 3684 3764">
     <span class='ocr_line' id='line_1_79' title="bbox 2087 3666 3684 3764; baseline -0.029 -3"><span class='ocrx_word' id='word_1_562' title='bbox 2087 3705 2256 3760; x_wconf 87' lang='lat' dir='ltr'><strong>mitas</strong></span> <span class='ocrx_word' id='word_1_563' title='bbox 2291 3694 2504 3752; x_wconf 88' lang='lat' dir='ltr'><strong>Domini</strong></span> <span class='ocrx_word' id='word_1_564' title='bbox 2540 3706 2662 3764; x_wconf 63' lang='lat' dir='ltr'><strong>quae</strong></span> <span class='ocrx_word' id='word_1_565' title='bbox 2691 3703 2722 3743; x_wconf 90' lang='lat' dir='ltr'><strong>a</strong></span> <span class='ocrx_word' id='word_1_566' title='bbox 2756 3685 2998 3764; x_wconf 59' lang='lat' dir='ltr'><strong>sacculo:</strong></span> <span class='ocrx_word' id='word_1_567' title='bbox 3052 3687 3108 3735; x_wconf 91' lang='lat' dir='ltr'><strong>et</strong></span> <span class='ocrx_word' id='word_1_568' title='bbox 3145 3675 3327 3730; x_wconf 81' lang='lat' dir='ltr'><strong>videte</strong></span> <span class='ocrx_word' id='word_1_569' title='bbox 3373 3666 3558 3739; x_wconf 87' lang='lat' dir='ltr'><strong>qualis</strong></span> <span class='ocrx_word' id='word_1_570' title='bbox 3598 3670 3684 3764; x_wconf 72' lang='lat' dir='ltr'><strong>est</strong></span> 
     </span>
    </p>
   </div>
   <div class='ocr_carea' id='block_1_80' title="bbox 2087 3753 3686 3852">
    <p class='ocr_par' dir='ltr' id='par_1_80' title="bbox 2087 3753 3686 3852">
     <span class='ocr_line' id='line_1_80' title="bbox 2087 3753 3686 3852; baseline -0.026 -4"><span class='ocrx_word' id='word_1_571' title='bbox 2087 3795 2177 3848; x_wconf 87' lang='lat' dir='ltr'><strong>via</strong></span> <span class='ocrx_word' id='word_1_572' title='bbox 2199 3791 2368 3852; x_wconf 86' lang='lat' dir='ltr'><strong>bona,</strong></span> <span class='ocrx_word' id='word_1_573' title='bbox 2402 3792 2458 3841; x_wconf 85' lang='lat' dir='ltr'><strong>et</strong></span> <span class='ocrx_word' id='word_1_574' title='bbox 2496 3753 2774 3838; x_wconf 77' lang='lat' dir='ltr'><strong>ambulate</strong></span> <span class='ocrx_word' id='word_1_575' title='bbox 2823 3763 2882 3830; x_wconf 85' lang='lat' dir='ltr'><strong>in</strong></span> <span class='ocrx_word' id='word_1_576' title='bbox 2930 3787 3017 3835; x_wconf 89' lang='lat' dir='ltr'><strong>ea,</strong></span> <span class='ocrx_word' id='word_1_577' title='bbox 3049 3778 3104 3824; x_wconf 89' lang='lat' dir='ltr'><strong>et</strong></span> <span class='ocrx_word' id='word_1_578' title='bbox 3142 3760 3444 3822; x_wconf 85' lang='lat' dir='ltr'><strong>invenietis</strong></span> <span class='ocrx_word' id='word_1_579' title='bbox 3492 3753 3686 3826; x_wconf 87' lang='lat' dir='ltr'><strong>purill-</strong></span> 
     </span>
    </p>
   </div>
   <div class='ocr_carea' id='block_1_81' title="bbox 2091 3866 3054 3944">
    <p class='ocr_par' dir='ltr' id='par_1_81' title="bbox 2091 3866 3054 3944">
     <span class='ocr_line' id='line_1_81' title="bbox 2091 3866 3054 3944; baseline -0.029 0"><span class='ocrx_word' id='word_1_580' title='bbox 2091 3884 2363 3944; x_wconf 88' lang='lat' dir='ltr'><strong>cationem</strong></span> <span class='ocrx_word' id='word_1_581' title='bbox 2399 3873 2692 3931; x_wconf 87' lang='lat' dir='ltr'><strong>animabus</strong></span> <span class='ocrx_word' id='word_1_582' title='bbox 2724 3866 2930 3924; x_wconf 89' lang='lat' dir='ltr'><strong>vestris</strong></span> <span class='ocrx_word' id='word_1_583' title='bbox 2949 3866 2994 3919; x_wconf 82' lang='lat'><strong>&#39;.</strong></span> <span class='ocrx_word' id='word_1_584' title='bbox 3036 3881 3054 3914; x_wconf 80' lang='grc' dir='ltr'><strong>ι</strong></span> 
     </span>
    </p>
   </div>
   <div class='ocr_carea' id='block_1_82' title="bbox 2164 3941 3689 4043">
    <p class='ocr_par' dir='ltr' id='par_1_82' title="bbox 2164 3941 3689 4043">
     <span class='ocr_line' id='line_1_82' title="bbox 2164 3941 3689 4043; baseline -0.024 -11"><span class='ocrx_word' id='word_1_585' title='bbox 2164 3976 2426 4043; x_wconf 69' lang='lat' dir='ltr'><strong>Quaenam</strong></span> <span class='ocrx_word' id='word_1_586' title='bbox 2452 3981 2583 4037; x_wconf 91' lang='lat' dir='ltr'><strong>ergo</strong></span> <span class='ocrx_word' id='word_1_587' title='bbox 2613 3964 2686 4020; x_wconf 91' lang='lat' dir='ltr'><strong>sit</strong></span> <span class='ocrx_word' id='word_1_588' title='bbox 2727 3961 2820 4016; x_wconf 89' lang='lat' dir='ltr'><strong>illa</strong></span> <span class='ocrx_word' id='word_1_589' title='bbox 2853 3959 2940 4012; x_wconf 86' lang='lat' dir='ltr'><strong>via</strong></span> <span class='ocrx_word' id='word_1_590' title='bbox 2976 3958 3145 4019; x_wconf 83' lang='lat' dir='ltr'><strong>bona,</strong></span> <span class='ocrx_word' id='word_1_591' title='bbox 3178 3964 3411 4020; x_wconf 70' lang='lat' dir='ltr'><strong>qumque</strong></span> <span class='ocrx_word' id='word_1_592' title='bbox 3441 3941 3689 4002; x_wconf 71' lang='lat' dir='ltr'><strong>&#39;sanctiﬂ-</strong></span> 
     </span>
    </p>
   </div>
   <div class='ocr_carea' id='block_1_83' title="bbox 2093 4034 3689 4126">
    <p class='ocr_par' dir='ltr' id='par_1_83' title="bbox 2093 4034 3689 4126">
     <span class='ocr_line' id='line_1_83' title="bbox 2093 4034 3689 4126; baseline -0.025 -1"><span class='ocrx_word' id='word_1_593' title='bbox 2093 4034 2539 4126; x_wconf 49' lang='lat' dir='ltr'><strong>eat~incedentes</strong></span> <span class='ocrx_word' id='word_1_594' title='bbox 2572 4058 2631 4112; x_wconf 92' lang='lat' dir='ltr'><strong>in</strong></span> <span class='ocrx_word' id='word_1_595' title='bbox 2661 4069 2748 4120; x_wconf 89' lang='lat' dir='ltr'><strong>ea,</strong></span> <span class='ocrx_word' id='word_1_596' title='bbox 2795 4053 2912 4121; x_wconf 91' lang='lat' dir='ltr'><strong>ipse</strong></span> <span class='ocrx_word' id='word_1_597' title='bbox 2963 4047 3112 4103; x_wconf 90' lang='lat' dir='ltr'><strong>dicat</strong></span> <span class='ocrx_word' id='word_1_598' title='bbox 3169 4041 3468 4097; x_wconf 85' lang='lat' dir='ltr'><strong>Christus:</strong></span> <span class='ocrx_word' id='word_1_599' title='bbox 3510 4054 3530 4087; x_wconf 74' lang='grc' dir='ltr'><strong>ι</strong></span> <span class='ocrx_word' id='word_1_600' title='bbox 3574 4034 3689 4102; x_wconf 89' lang='lat' dir='ltr'><strong>Ego</strong></span> 
     </span>
    </p>
   </div>
   <div class='ocr_carea' id='block_1_84' title="bbox 2096 4155 2464 4220">
    <p class='ocr_par' dir='ltr' id='par_1_84' title="bbox 2096 4155 2464 4220">
     <span class='ocr_line' id='line_1_84' title="bbox 2096 4155 2464 4220; baseline -0.027 -3"><span class='ocrx_word' id='word_1_601' title='bbox 2096 4177 2219 4220; x_wconf 90' lang='lat' dir='ltr'><strong>sum</strong></span> <span class='ocrx_word' id='word_1_602' title='bbox 2244 4158 2334 4212; x_wconf 93' lang='lat' dir='ltr'><strong>via</strong></span> <span class='ocrx_word' id='word_1_603' title='bbox 2357 4155 2400 4208; x_wconf 86' lang='grc'><strong>³.</strong></span> <span class='ocrx_word' id='word_1_604' title='bbox 2444 4171 2464 4203; x_wconf 74' lang='grc' dir='ltr'><strong>ι</strong></span> 
     </span>
    </p>
   </div>
   <div class='ocr_carea' id='block_1_85' title="bbox 2166 4213 3692 4319">
    <p class='ocr_par' dir='ltr' id='par_1_85' title="bbox 2166 4213 3692 4319">
     <span class='ocr_line' id='line_1_85' title="bbox 2166 4213 3692 4319; baseline -0.028 -11"><span class='ocrx_word' id='word_1_605' title='bbox 2166 4213 2435 4319; x_wconf 63' lang='lat'><strong>24-25.</strong></span> <span class='ocrx_word' id='word_1_606' title='bbox 2474 4242 2542 4298; x_wconf 85' lang='grc' dir='ltr'>Ει</span> <span class='ocrx_word' id='word_1_607' title='bbox 2587 4239 2679 4312; x_wconf 86' lang='lat' dir='ltr'><strong>qui</strong></span> <span class='ocrx_word' id='word_1_608' title='bbox 2716 4233 2869 4291; x_wconf 81' lang='lat' dir='ltr'><strong>missi</strong></span> <span class='ocrx_word' id='word_1_609' title='bbox 2903 4231 3143 4301; x_wconf 81' lang='lat' dir='ltr'><strong>fuerant,</strong></span> <span class='ocrx_word' id='word_1_610' title='bbox 3198 4231 3354 4279; x_wconf 88' lang='lat' dir='ltr'><strong>erant</strong></span> <span class='ocrx_word' id='word_1_611' title='bbox 3384 4234 3448 4275; x_wconf 83' lang='lat' dir='ltr'><strong>ea:</strong></span> <span class='ocrx_word' id='word_1_612' title='bbox 3497 4213 3692 4316; x_wconf 74' lang='lat' dir='ltr'><strong>Phari-</strong></span> 
     </span>
    </p>
   </div>
   <div class='ocr_carea' id='block_1_86' title="bbox 2099 4305 3691 4404">
    <p class='ocr_par' dir='ltr' id='par_1_86' title="bbox 2099 4305 3691 4404">
     <span class='ocr_line' id='line_1_86' title="bbox 2099 4305 3691 4404; baseline -0.028 -3"><span class='ocrx_word' id='word_1_613' title='bbox 2099 4305 2221 4402; x_wconf 54' lang='lat' dir='ltr'><strong>saei;</strong></span> <span class='ocrx_word' id='word_1_614' title='bbox 2248 4359 2266 4397; x_wconf 91' lang='lat'><strong><em>:</em></strong></span> <span class='ocrx_word' id='word_1_615' title='bbox 2297 4351 2346 4395; x_wconf 90' lang='lat' dir='ltr'><strong>et</strong></span> <span class='ocrx_word' id='word_1_616' title='bbox 2375 4336 2838 4404; x_wconf 81' lang='lat' dir='ltr'><strong>interrogaverunt</strong></span> <span class='ocrx_word' id='word_1_617' title='bbox 2871 4339 3012 4387; x_wconf 87' lang='lat' dir='ltr'><strong>eum,</strong></span> <span class='ocrx_word' id='word_1_618' title='bbox 3045 4329 3096 4374; x_wconf 87' lang='lat' dir='ltr'><strong>et</strong></span> <span class='ocrx_word' id='word_1_619' title='bbox 3133 4319 3389 4372; x_wconf 68' lang='lat' dir='ltr'><strong>dixerunt</strong></span> <span class='ocrx_word' id='word_1_620' title='bbox 3417 4313 3466 4366; x_wconf 88' lang='lat' dir='ltr'><strong>ei</strong></span> <span class='ocrx_word' id='word_1_621' title='bbox 3498 4326 3516 4362; x_wconf 93' lang='lat'><strong><em>:</em></strong></span> <span class='ocrx_word' id='word_1_622' title='bbox 3548 4305 3691 4372; x_wconf 83' lang='lat' dir='ltr'><strong>Quid</strong></span> 
     </span>
    </p>
   </div>
   <div class='ocr_carea' id='block_1_87' title="bbox 379 4396 1981 4520">
    <p class='ocr_par' dir='ltr' id='par_1_87' title="bbox 379 4396 1981 4520">
     <span class='ocr_line' id='line_1_87' title="bbox 385 4396 1974 4426; baseline -0.009 -7"><span class='ocrx_word' id='word_1_623' title='bbox 385 4396 496 4414; x_wconf 74' lang='grc' dir='ltr'><strong>υ-υη</strong></span> <span class='ocrx_word' id='word_1_624' title='bbox 546 4396 850 4426; x_wconf 55' lang='grc' dir='ltr'><strong>,σίων-,νυν</strong></span> <span class='ocrx_word' id='word_1_625' title='bbox 911 4396 1081 4408; x_wconf 60' lang='lat' dir='ltr'><strong>mw.</strong></span> <span class='ocrx_word' id='word_1_626' title='bbox 1116 4396 1132 4416; x_wconf 83' lang='grc'><strong>,</strong></span> <span class='ocrx_word' id='word_1_627' title='bbox 1178 4396 1277 4405; x_wconf 71' lang='grc' dir='ltr'><strong>η..-</strong></span> <span class='ocrx_word' id='word_1_628' title='bbox 1323 4396 1476 4405; x_wconf 59' lang='grc' dir='ltr'><strong>νην</strong></span> <span class='ocrx_word' id='word_1_629' title='bbox 1536 4396 1693 4416; x_wconf 65' lang='grc' dir='ltr'><strong>πητ</strong></span> <span class='ocrx_word' id='word_1_630' title='bbox 1784 4396 1840 4405; x_wconf 65' lang='grc' dir='ltr'>η</span> <span class='ocrx_word' id='word_1_631' title='bbox 1884 4396 1974 4404; x_wconf 61' lang='grc' dir='ltr'><strong>ν-.</strong></span> 
     </span>
     <span class='ocr_line' id='line_1_88' title="bbox 379 4438 1981 4520; baseline -0.011 -12"><span class='ocrx_word' id='word_1_632' title='bbox 379 4449 704 4520; x_wconf 75' lang='grc' dir='ltr'>βαπτίζεις</span> <span class='ocrx_word' id='word_1_633' title='bbox 724 4489 738 4512; x_wconf 90' lang='grc'><strong>,</strong></span> <span class='ocrx_word' id='word_1_634' title='bbox 769 4449 822 4502; x_wconf 84' lang='grc' dir='ltr'>ει</span> <span class='ocrx_word' id='word_1_635' title='bbox 861 4445 942 4500; x_wconf 88' lang='grc' dir='ltr'>σὺ</span> <span class='ocrx_word' id='word_1_636' title='bbox 967 4447 1080 4500; x_wconf 82' lang='grc' dir='ltr'>οὐκ</span> <span class='ocrx_word' id='word_1_637' title='bbox 1111 4438 1172 4498; x_wconf 77' lang='grc' dir='ltr'>εἶ</span> <span class='ocrx_word' id='word_1_638' title='bbox 1207 4445 1241 4498; x_wconf 87' lang='grc' dir='ltr'><strong><em>ό</em></strong></span> <span class='ocrx_word' id='word_1_639' title='bbox 1269 4442 1524 4511; x_wconf 84' lang='grc' dir='ltr'>Χριστὸς</span> <span class='ocrx_word' id='word_1_640' title='bbox 1544 4479 1560 4504; x_wconf 87' lang='grc'><strong>,</strong></span> <span class='ocrx_word' id='word_1_641' title='bbox 1600 4441 1739 4496; x_wconf 84' lang='grc' dir='ltr'>οὔτε</span> <span class='ocrx_word' id='word_1_642' title='bbox 1771 4440 1981 4507; x_wconf 77' lang='grc' dir='ltr'>Ἠλίας</span> 
     </span>
    </p>
   </div>
   <div class='ocr_carea' id='block_1_88' title="bbox 2084 4396 3692 4520">
    <p class='ocr_par' dir='ltr' id='par_1_88' title="bbox 2099 4396 3692 4506">
     <span class='ocr_line' id='line_1_89' title="bbox 2099 4396 3692 4506; baseline -0.027 -16"><span class='ocrx_word' id='word_1_643' title='bbox 2273 4430 2540 4500; x_wconf 75' lang='lat' dir='ltr'><strong>baptizas,</strong></span> <span class='ocrx_word' id='word_1_644' title='bbox 2582 4396 2630 4479; x_wconf 66' lang='grc' dir='ltr'><strong>ἓξ</strong></span> <span class='ocrx_word' id='word_1_645' title='bbox 2665 4430 2723 4476; x_wconf 86' lang='lat' dir='ltr'><strong>tu</strong></span> <span class='ocrx_word' id='word_1_646' title='bbox 2750 4433 2857 4473; x_wconf 85' lang='lat' dir='ltr'><strong>non</strong></span> <span class='ocrx_word' id='word_1_647' title='bbox 2889 4431 2944 4470; x_wconf 80' lang='lat' dir='ltr'><strong>es</strong></span> <span class='ocrx_word' id='word_1_648' title='bbox 2976 4411 3250 4471; x_wconf 79' lang='lat' dir='ltr'><strong>Christus,</strong></span> <span class='ocrx_word' id='word_1_649' title='bbox 3301 4417 3466 4470; x_wconf 85' lang='lat' dir='ltr'><strong>neque</strong></span> <span class='ocrx_word' id='word_1_650' title='bbox 3514 4396 3692 4459; x_wconf 75' lang='lat' dir='ltr'><strong>Elius,</strong></span> 
     </span>
    </p>
   </div>
   <div class='ocr_carea' id='block_1_89' title="bbox 386 4539 982 4612">
    <p class='ocr_par' dir='ltr' id='par_1_89' title="bbox 386 4539 982 4612">
     <span class='ocr_line' id='line_1_90' title="bbox 386 4539 982 4612; baseline -0.017 -11"><span class='ocrx_word' id='word_1_651' title='bbox 386 4546 540 4602; x_wconf 83' lang='grc' dir='ltr'>οὔτε</span> <span class='ocrx_word' id='word_1_652' title='bbox 562 4547 596 4598; x_wconf 86' lang='grc' dir='ltr'><em>ὁ</em></span> <span class='ocrx_word' id='word_1_653' title='bbox 626 4539 942 4612; x_wconf 77' lang='grc' dir='ltr'>προφήτης</span> <span class='ocrx_word' id='word_1_654' title='bbox 964 4555 982 4602; x_wconf 90' lang='grc'><em>;</em></span> 
     </span>
    </p>
   </div>
   <div class='ocr_carea' id='block_1_90' title="bbox 465 4620 1998 4704">
    <p class='ocr_par' dir='ltr' id='par_1_90' title="bbox 465 4620 1998 4704">
     <span class='ocr_line' id='line_1_91' title="bbox 465 4620 1998 4704; baseline -0.01 -14"><span class='ocrx_word' id='word_1_655' title='bbox 465 4636 536 4690; x_wconf 80' lang='grc' dir='ltr'><strong>Οἱ</strong></span> <span class='ocrx_word' id='word_1_656' title='bbox 577 4633 730 4704; x_wconf 71' lang='grc' dir='ltr'>παρὰ</span> <span class='ocrx_word' id='word_1_657' title='bbox 755 4630 868 4685; x_wconf 90' lang='grc' dir='ltr'><strong>τῶν</strong></span> <span class='ocrx_word' id='word_1_658' title='bbox 905 4625 1178 4683; x_wconf 85' lang='grc' dir='ltr'>Ἰουδαίων</span> <span class='ocrx_word' id='word_1_659' title='bbox 1211 4622 1614 4695; x_wconf 75' lang='grc' dir='ltr'>ἀπεσταλμένοι</span> <span class='ocrx_word' id='word_1_660' title='bbox 1654 4620 1902 4694; x_wconf 82' lang='grc' dir='ltr'>(Λευῖται</span> <span class='ocrx_word' id='word_1_661' title='bbox 1939 4621 1998 4675; x_wconf 84' lang='grc' dir='ltr'>δὲ</span> 
     </span>
    </p>
   </div>
   <div class='ocr_carea' id='block_1_91' title="bbox 387 4715 1999 4802">
    <p class='ocr_par' dir='ltr' id='par_1_91' title="bbox 387 4715 1999 4802">
     <span class='ocr_line' id='line_1_92' title="bbox 387 4715 1999 4802; baseline -0.011 -19"><span class='ocrx_word' id='word_1_662' title='bbox 387 4726 563 4802; x_wconf 81' lang='grc' dir='ltr'>ἦσαν,</span> <span class='ocrx_word' id='word_1_663' title='bbox 594 4725 690 4779; x_wconf 74' lang='grc' dir='ltr'>καὶ</span> <span class='ocrx_word' id='word_1_664' title='bbox 727 4723 837 4776; x_wconf 89' lang='grc' dir='ltr'><strong>τῶν</strong></span> <span class='ocrx_word' id='word_1_665' title='bbox 867 4723 924 4775; x_wconf 79' lang='grc' dir='ltr'>ὲν</span> <span class='ocrx_word' id='word_1_666' title='bbox 956 4717 1226 4790; x_wconf 78' lang='grc' dir='ltr'>ἱερωσύνῃ</span> <span class='ocrx_word' id='word_1_667' title='bbox 1256 4717 1446 4787; x_wconf 83' lang='grc' dir='ltr'>τινὲς),</span> <span class='ocrx_word' id='word_1_668' title='bbox 1480 4715 1827 4775; x_wconf 80' lang='grc' dir='ltr'>ἀπαιδεύτως</span> <span class='ocrx_word' id='word_1_669' title='bbox 1855 4715 1999 4785; x_wconf 71' lang='grc' dir='ltr'>ἐρω-</span> 
     </span>
    </p>
   </div>
   <div class='ocr_carea' id='block_1_92' title="bbox 387 4803 1998 4887">
    <p class='ocr_par' dir='ltr' id='par_1_92' title="bbox 387 4803 1998 4887">
     <span class='ocr_line' id='line_1_93' title="bbox 387 4803 1998 4887; baseline -0.011 -12"><span class='ocrx_word' id='word_1_670' title='bbox 387 4820 606 4882; x_wconf 87' lang='grc' dir='ltr'>τῶντες</span> <span class='ocrx_word' id='word_1_671' title='bbox 647 4816 966 4887; x_wconf 73' lang='grc' dir='ltr'>ἠλέγχοντο.</span> <span class='ocrx_word' id='word_1_672' title='bbox 1015 4811 1246 4884; x_wconf 86' lang='grc' dir='ltr'>Ἕτερον</span> <span class='ocrx_word' id='word_1_673' title='bbox 1285 4809 1397 4881; x_wconf 81' lang='grc' dir='ltr'>γὰρ</span> <span class='ocrx_word' id='word_1_674' title='bbox 1440 4803 1582 4862; x_wconf 67' lang='grc' dir='ltr'>εἶναι</span> <span class='ocrx_word' id='word_1_675' title='bbox 1607 4807 1699 4861; x_wconf 82' lang='grc' dir='ltr'>τὸν</span> <span class='ocrx_word' id='word_1_676' title='bbox 1736 4805 1998 4878; x_wconf 81' lang='grc' dir='ltr'>Χριστὸν,</span> 
     </span>
    </p>
   </div>
   <div class='ocr_carea' id='block_1_93' title="bbox 388 4899 2004 4984">
    <p class='ocr_par' dir='ltr' id='par_1_93' title="bbox 388 4899 2004 4984">
     <span class='ocr_line' id='line_1_94' title="bbox 388 4899 2004 4984; baseline -0.018 -16"><span class='ocrx_word' id='word_1_677' title='bbox 388 4914 592 4984; x_wconf 71' lang='grc' dir='ltr'>ἕτερον</span> <span class='ocrx_word' id='word_1_678' title='bbox 639 4909 697 4962; x_wconf 72' lang='grc' dir='ltr'>δὲ</span> <span class='ocrx_word' id='word_1_679' title='bbox 730 4908 821 4962; x_wconf 82' lang='grc' dir='ltr'>τὸν</span> <span class='ocrx_word' id='word_1_680' title='bbox 845 4905 934 4959; x_wconf 83' lang='grc' dir='ltr'><strong>διὰ</strong></span> <span class='ocrx_word' id='word_1_681' title='bbox 953 4902 1050 4957; x_wconf 82' lang='grc' dir='ltr'><strong>τοῦ</strong></span> <span class='ocrx_word' id='word_1_682' title='bbox 1083 4903 1251 4973; x_wconf 86' lang='grc' dir='ltr'>νόμου</span> <span class='ocrx_word' id='word_1_683' title='bbox 1292 4901 1578 4972; x_wconf 78' lang='grc' dir='ltr'>προφήτην</span> <span class='ocrx_word' id='word_1_684' title='bbox 1622 4899 2004 4954; x_wconf 56' lang='lat' dir='ltr'><strong>euocandum-</strong></span> 
     </span>
    </p>
   </div>
   <div class='ocr_carea' id='block_1_94' title="bbox 389 4989 2004 5070">
    <p class='ocr_par' dir='ltr' id='par_1_94' title="bbox 389 4989 2004 5070">
     <span class='ocr_line' id='line_1_95' title="bbox 389 4989 2004 5070; baseline -0.01 -12"><span class='ocrx_word' id='word_1_685' title='bbox 389 5002 787 5070; x_wconf 77' lang='grc' dir='ltr'>τες,ἔφασκον,</span> <span class='ocrx_word' id='word_1_686' title='bbox 804 4996 943 5069; x_wconf 88' lang='grc' dir='ltr'>μετά</span> <span class='ocrx_word' id='word_1_687' title='bbox 954 4996 1011 5049; x_wconf 85' lang='grc' dir='ltr'>τὸ</span> <span class='ocrx_word' id='word_1_688' title='bbox 1037 4997 1208 5066; x_wconf 79' lang='grc' dir='ltr'>φῆσαι</span> <span class='ocrx_word' id='word_1_689' title='bbox 1228 4993 1318 5047; x_wconf 81' lang='grc' dir='ltr'>τὸν</span> <span class='ocrx_word' id='word_1_690' title='bbox 1334 4993 1489 5062; x_wconf 78' lang='grc' dir='ltr'>ἀγιον</span> <span class='ocrx_word' id='word_1_691' title='bbox 1516 4989 2004 5061; x_wconf 82' lang='grc' dir='ltr'>Βαπτιστὴν,Ἐγὼ</span> 
     </span>
    </p>
   </div>
   <div class='ocr_carea' id='block_1_95' title="bbox 390 5077 2004 5163">
    <p class='ocr_par' dir='ltr' id='par_1_95' title="bbox 390 5077 2004 5163">
     <span class='ocr_line' id='line_1_96' title="bbox 390 5077 2004 5163; baseline -0.011 -13"><span class='ocrx_word' id='word_1_692' title='bbox 390 5096 504 5151; x_wconf 85' lang='grc' dir='ltr'><strong>ούκ</strong></span> <span class='ocrx_word' id='word_1_693' title='bbox 539 5092 661 5163; x_wconf 76' lang='grc' dir='ltr'>εἰμὶ</span> <span class='ocrx_word' id='word_1_694' title='bbox 694 5094 722 5145; x_wconf 83' lang='grc' dir='ltr'>ὁ</span> <span class='ocrx_word' id='word_1_695' title='bbox 755 5087 993 5160; x_wconf 86' lang='grc' dir='ltr'>Χριστός</span> <span class='ocrx_word' id='word_1_696' title='bbox 1019 5101 1034 5115; x_wconf 89' lang='grc'><strong>·</strong></span> <span class='ocrx_word' id='word_1_697' title='bbox 1080 5103 1098 5137; x_wconf 81' lang='grc' dir='ltr'><strong>ι</strong></span> <span class='ocrx_word' id='word_1_698' title='bbox 1140 5085 1196 5138; x_wconf 88' lang='lat'><strong>&#39;0</strong></span> <span class='ocrx_word' id='word_1_699' title='bbox 1223 5085 1510 5155; x_wconf 85' lang='grc' dir='ltr'>προφήτης</span> <span class='ocrx_word' id='word_1_700' title='bbox 1551 5077 1601 5136; x_wconf 76' lang='grc' dir='ltr'>εἳ</span> <span class='ocrx_word' id='word_1_701' title='bbox 1647 5081 1752 5149; x_wconf 87' lang='grc' dir='ltr'>σύ;</span> <span class='ocrx_word' id='word_1_702' title='bbox 1789 5101 1809 5134; x_wconf 73' lang='grc' dir='ltr'><strong>ι</strong></span> <span class='ocrx_word' id='word_1_703' title='bbox 1861 5081 2004 5135; x_wconf 85' lang='grc' dir='ltr'>Ἀλλ’</span> 
     </span>
    </p>
   </div>
   <div class='ocr_carea' id='block_1_96' title="bbox 397 5171 2005 5255">
    <p class='ocr_par' dir='ltr' id='par_1_96' title="bbox 397 5171 2005 5255">
     <span class='ocr_line' id='line_1_97' title="bbox 397 5171 2005 5255; baseline -0.011 -12"><span class='ocrx_word' id='word_1_704' title='bbox 397 5189 517 5244; x_wconf 76' lang='grc' dir='ltr'>ἰδοὺ</span> <span class='ocrx_word' id='word_1_705' title='bbox 567 5184 665 5240; x_wconf 69' lang='grc' dir='ltr'>καὶ</span> <span class='ocrx_word' id='word_1_706' title='bbox 710 5186 746 5255; x_wconf 77' lang='grc' dir='ltr'><strong>ἡ</strong></span> <span class='ocrx_word' id='word_1_707' title='bbox 793 5181 904 5236; x_wconf 88' lang='grc' dir='ltr'><strong>τῶν</strong></span> <span class='ocrx_word' id='word_1_708' title='bbox 943 5176 1256 5250; x_wconf 80' lang='grc' dir='ltr'>Φαρισαίων</span> <span class='ocrx_word' id='word_1_709' title='bbox 1308 5174 1521 5246; x_wconf 84' lang='grc' dir='ltr'>πληθὺς</span> <span class='ocrx_word' id='word_1_710' title='bbox 1566 5171 2005 5244; x_wconf 76' lang='grc' dir='ltr'>δοκησισοφοῦσα</span> 
     </span>
    </p>
   </div>
   <div class='ocr_carea' id='block_1_97' title="bbox 397 5264 2005 5354">
    <p class='ocr_par' dir='ltr' id='par_1_97' title="bbox 397 5264 2005 5354">
     <span class='ocr_line' id='line_1_98' title="bbox 397 5264 2005 5354; baseline -0.012 -18"><span class='ocrx_word' id='word_1_711' title='bbox 397 5280 616 5354; x_wconf 76' lang='grc' dir='ltr'>μᾶλλον</span> <span class='ocrx_word' id='word_1_712' title='bbox 663 5277 808 5349; x_wconf 65' lang='grc' dir='ltr'>ᾗπερ</span> <span class='ocrx_word' id='word_1_713' title='bbox 845 5274 1017 5338; x_wconf 74' lang='grc' dir='ltr'>ὅντως</span> <span class='ocrx_word' id='word_1_714' title='bbox 1063 5269 1266 5342; x_wconf 83' lang='grc' dir='ltr'>ἀκριϐῆ</span> <span class='ocrx_word' id='word_1_715' title='bbox 1308 5265 1418 5321; x_wconf 86' lang='grc' dir='ltr'><strong>τῶν</strong></span> <span class='ocrx_word' id='word_1_716' title='bbox 1465 5265 1627 5320; x_wconf 85' lang='grc' dir='ltr'>θείων</span> <span class='ocrx_word' id='word_1_717' title='bbox 1668 5265 1864 5335; x_wconf 84' lang='grc' dir='ltr'>λογίων</span> <span class='ocrx_word' id='word_1_718' title='bbox 1905 5264 2005 5337; x_wconf 84' lang='grc' dir='ltr'>τὴν</span> 
     </span>
    </p>
   </div>
   <div class='ocr_carea' id='block_1_98' title="bbox 398 5356 2005 5445">
    <p class='ocr_par' dir='ltr' id='par_1_98' title="bbox 398 5356 2005 5445">
     <span class='ocr_line' id='line_1_99' title="bbox 398 5356 2005 5445; baseline -0.011 -19"><span class='ocrx_word' id='word_1_719' title='bbox 398 5372 612 5445; x_wconf 74' lang='grc' dir='ltr'>γνῶσιν</span> <span class='ocrx_word' id='word_1_720' title='bbox 637 5369 840 5442; x_wconf 83' lang='grc' dir='ltr'>ἔχουσα</span> <span class='ocrx_word' id='word_1_721' title='bbox 877 5365 1165 5436; x_wconf 77' lang='grc' dir='ltr'>φωρᾶται·</span> <span class='ocrx_word' id='word_1_722' title='bbox 1216 5379 1234 5411; x_wconf 79' lang='grc' dir='ltr'><strong>ι</strong></span> <span class='ocrx_word' id='word_1_723' title='bbox 1276 5359 1342 5411; x_wconf 86' lang='grc' dir='ltr'>Τί</span> <span class='ocrx_word' id='word_1_724' title='bbox 1381 5357 1490 5428; x_wconf 69' lang='grc' dir='ltr'><strong>γὰρ</strong></span> <span class='ocrx_word' id='word_1_725' title='bbox 1524 5357 1660 5419; x_wconf 78' lang='grc' dir='ltr'>ὅλως</span> <span class='ocrx_word' id='word_1_726' title='bbox 1700 5356 2005 5427; x_wconf 80' lang='grc' dir='ltr'>βαπτίζεις,</span> 
     </span>
    </p>
   </div>
   <div class='ocr_carea' id='block_1_99' title="bbox 399 5419 1981 5537">
    <p class='ocr_par' dir='ltr' id='par_1_99' title="bbox 399 5419 1974 5537">
     <span class='ocr_line' id='line_1_100' title="bbox 399 5419 1974 5537; baseline -0.014 -18"><span class='ocrx_word' id='word_1_727' title='bbox 399 5419 580 5537; x_wconf 56' lang='grc' dir='ltr'>φησιν</span> <span class='ocrx_word' id='word_1_728' title='bbox 598 5502 614 5527; x_wconf 96' lang='grc'><strong>,</strong></span> <span class='ocrx_word' id='word_1_729' title='bbox 640 5419 928 5515; x_wconf 16' lang='grc' dir='ltr'>εῖνσὺῗούκ</span> <span class='ocrx_word' id='word_1_730' title='bbox 956 5419 1009 5510; x_wconf 74' lang='grc' dir='ltr'><strong>ἑῑ</strong></span> <span class='ocrx_word' id='word_1_731' title='bbox 1035 5457 1064 5509; x_wconf 89' lang='grc' dir='ltr'><strong>ὁ</strong></span> <span class='ocrx_word' id='word_1_732' title='bbox 1096 5449 1333 5524; x_wconf 82' lang='grc' dir='ltr'>Χριστὸς</span> <span class='ocrx_word' id='word_1_733' title='bbox 1351 5489 1368 5515; x_wconf 97' lang='grc'><strong>,</strong></span> <span class='ocrx_word' id='word_1_734' title='bbox 1393 5419 1530 5501; x_wconf 29' lang='grc' dir='ltr'>ἰούδὲ</span> <span class='ocrx_word' id='word_1_735' title='bbox 1579 5419 1769 5512; x_wconf 75' lang='grc' dir='ltr'>Ἠλίας</span> <span class='ocrx_word' id='word_1_736' title='bbox 1791 5486 1804 5511; x_wconf 95' lang='grc'><strong>,</strong></span> <span class='ocrx_word' id='word_1_737' title='bbox 1840 5419 1974 5500; x_wconf 15' lang='grc' dir='ltr'>ούδὲή</span> 
     </span>
    </p>
   </div>
   <div class='ocr_carea' id='block_1_100' title="bbox 2084 5419 3517 5537">
    <p class='ocr_par' dir='ltr' id='par_1_100' title="bbox 2116 5419 3517 5537">
     <span class='ocr_line' id='line_1_101' title="bbox 2116 5419 3517 5515; baseline -0.029 -9"><span class='ocrx_word' id='word_1_738' title='bbox 2116 5462 2241 5506; x_wconf 88' lang='lat' dir='ltr'><strong>esse</strong></span> <span class='ocrx_word' id='word_1_739' title='bbox 2264 5438 2719 5515; x_wconf 88' lang='lat' dir='ltr'><strong>deprehenditur.</strong></span> <span class='ocrx_word' id='word_1_740' title='bbox 2760 5451 2779 5485; x_wconf 78' lang='grc' dir='ltr'><strong>ι</strong></span> <span class='ocrx_word' id='word_1_741' title='bbox 2817 5428 2961 5498; x_wconf 87' lang='lat' dir='ltr'><strong>Quid</strong></span> <span class='ocrx_word' id='word_1_742' title='bbox 2985 5426 3158 5488; x_wconf 90' lang='lat' dir='ltr'><strong>enim,</strong></span> <span class='ocrx_word' id='word_1_743' title='bbox 3207 5440 3225 5474; x_wconf 77' lang='grc' dir='ltr'><strong>ι</strong></span> <span class='ocrx_word' id='word_1_744' title='bbox 3265 5419 3517 5478; x_wconf 85' lang='lat' dir='ltr'><strong>obsecro,</strong></span> 
     </span>
     <span class='ocr_line' id='line_1_102' title="bbox 2423 5511 3452 5537; baseline -0.022 23"><span class='ocrx_word' id='word_1_745' title='bbox 2423 5536 2429 5537; x_wconf 52' lang='lat'><strong><em>&#39;</em></strong></span> <span class='ocrx_word' id='word_1_746' title='bbox 2559 5533 2568 5537; x_wconf 83' lang='lat'><strong>‘</strong></span> <span class='ocrx_word' id='word_1_747' title='bbox 2833 5525 2844 5536; x_wconf 86' lang='lat'>&#39;</span> <span class='ocrx_word' id='word_1_748' title='bbox 2879 5531 2890 5537; x_wconf 59' lang='grc' dir='ltr'><strong>Α</strong></span> <span class='ocrx_word' id='word_1_749' title='bbox 3014 5534 3067 5537; x_wconf 26' lang='lat' dir='ltr'><strong>Ar-</strong></span> <span class='ocrx_word' id='word_1_750' title='bbox 3125 5530 3175 5537; x_wconf 42' lang='grc' dir='ltr'><strong>ν--</strong></span> <span class='ocrx_word' id='word_1_751' title='bbox 3199 5511 3452 5537; x_wconf 59' lang='grc' dir='ltr'><strong>ιιι-1....η,</strong></span> 
     </span>
    </p>
   </div>
   <div class='ocr_carea' id='block_1_101' title="bbox 400 5539 2012 5631">
    <p class='ocr_par' dir='ltr' id='par_1_101' title="bbox 400 5539 2012 5631">
     <span class='ocr_line' id='line_1_103' title="bbox 400 5539 2012 5631; baseline -0.014 -16"><span class='ocrx_word' id='word_1_752' title='bbox 400 5559 702 5631; x_wconf 81' lang='grc' dir='ltr'>προφήτης</span> <span class='ocrx_word' id='word_1_753' title='bbox 727 5571 742 5618; x_wconf 87' lang='grc'>;</span> <span class='ocrx_word' id='word_1_754' title='bbox 771 5571 790 5604; x_wconf 76' lang='grc' dir='ltr'><strong>ι</strong></span> <span class='ocrx_word' id='word_1_755' title='bbox 840 5550 1122 5604; x_wconf 81' lang='grc' dir='ltr'>Φαίνονται</span> <span class='ocrx_word' id='word_1_756' title='bbox 1151 5545 1208 5598; x_wconf 79' lang='grc' dir='ltr'>δὲ</span> <span class='ocrx_word' id='word_1_757' title='bbox 1237 5541 1400 5596; x_wconf 80' lang='grc' dir='ltr'>πάλιν</span> <span class='ocrx_word' id='word_1_758' title='bbox 1422 5581 1436 5605; x_wconf 90' lang='grc'><strong>,</strong></span> <span class='ocrx_word' id='word_1_759' title='bbox 1471 5540 1530 5593; x_wconf 78' lang='grc' dir='ltr'>οὐ</span> <span class='ocrx_word' id='word_1_760' title='bbox 1569 5539 1770 5611; x_wconf 76' lang='grc' dir='ltr'>μικρὰν</span> <span class='ocrx_word' id='word_1_761' title='bbox 1796 5539 2012 5592; x_wconf 80' lang='grc' dir='ltr'>ὠδίνον-</span> 
     </span>
    </p>
   </div>
   <div class='ocr_carea' id='block_1_102' title="bbox 399 5630 2012 5716">
    <p class='ocr_par' dir='ltr' id='par_1_102' title="bbox 399 5630 2012 5716">
     <span class='ocr_line' id='line_1_104' title="bbox 399 5630 2012 5716; baseline -0.017 -10"><span class='ocrx_word' id='word_1_762' title='bbox 399 5630 500 5716; x_wconf 80' lang='grc' dir='ltr'><strong>τες</strong></span> <span class='ocrx_word' id='word_1_763' title='bbox 530 5649 674 5704; x_wconf 82' lang='grc' dir='ltr'>κατὰ</span> <span class='ocrx_word' id='word_1_764' title='bbox 696 5645 792 5700; x_wconf 80' lang='grc' dir='ltr'><strong>τοῦ</strong></span> <span class='ocrx_word' id='word_1_765' title='bbox 819 5637 1124 5697; x_wconf 78' lang='grc' dir='ltr'>Βαπτιστοῦ</span> <span class='ocrx_word' id='word_1_766' title='bbox 1146 5637 1244 5707; x_wconf 77' lang='grc' dir='ltr'>τὴν</span> <span class='ocrx_word' id='word_1_767' title='bbox 1266 5634 1631 5690; x_wconf 80' lang='grc' dir='ltr'>ἀπόνοιαν.ού</span> <span class='ocrx_word' id='word_1_768' title='bbox 1653 5633 1760 5706; x_wconf 75' lang='grc' dir='ltr'><strong>γὰρ</strong></span> <span class='ocrx_word' id='word_1_769' title='bbox 1779 5630 2012 5696; x_wconf 58' lang='grc' dir='ltr'>ἀξιοῦσι,</span> 
     </span>
    </p>
   </div>
   <div class='ocr_carea' id='block_1_103' title="bbox 479 5751 2024 5829">
    <p class='ocr_par' dir='ltr' id='par_1_103' title="bbox 479 5751 2024 5829">
     <span class='ocr_line' id='line_1_105' title="bbox 479 5751 2024 5829; baseline -0.017 -4"><span class='ocrx_word' id='word_1_770' title='bbox 479 5769 530 5799; x_wconf 78' lang='grc'>’⁷</span> <span class='ocrx_word' id='word_1_771' title='bbox 559 5767 673 5829; x_wconf 84' lang='lat' dir='ltr'><strong>lsa.</strong></span> <span class='ocrx_word' id='word_1_772' title='bbox 705 5781 764 5824; x_wconf 84' lang='lat' dir='ltr'><strong>tl,</strong></span> <span class='ocrx_word' id='word_1_773' title='bbox 790 5764 844 5819; x_wconf 71' lang='lat'><strong>3.</strong></span> <span class='ocrx_word' id='word_1_774' title='bbox 922 5762 968 5795; x_wconf 75' lang='lat'><strong>&quot;</strong></span> <span class='ocrx_word' id='word_1_775' title='bbox 992 5763 1098 5816; x_wconf 89' lang='lat' dir='ltr'><strong>lsa.</strong></span> <span class='ocrx_word' id='word_1_776' title='bbox 1126 5771 1290 5820; x_wconf 78' lang='lat' dir='ltr'><strong>xxxv,</strong></span> <span class='ocrx_word' id='word_1_777' title='bbox 1323 5751 1374 5817; x_wconf 82' lang='lat'><strong>8,</strong></span> <span class='ocrx_word' id='word_1_778' title='bbox 1414 5755 1466 5809; x_wconf 85' lang='lat'><strong>9.</strong></span> <span class='ocrx_word' id='word_1_779' title='bbox 1545 5757 1589 5788; x_wconf 60' lang='grc' dir='ltr'><em>’Ψ</em></span> <span class='ocrx_word' id='word_1_780' title='bbox 1634 5755 1738 5812; x_wconf 79' lang='lat' dir='ltr'><strong>lsa.</strong></span> <span class='ocrx_word' id='word_1_781' title='bbox 1775 5771 1886 5821; x_wconf 60' lang='lat' dir='ltr'><strong>xu,</strong></span> <span class='ocrx_word' id='word_1_782' title='bbox 1933 5754 2024 5809; x_wconf 77' lang='lat'><strong>‘27,</strong></span> 
     </span>
    </p>
   </div>
   <div class='ocr_carea' id='block_1_104' title="bbox 409 5835 826 5900">
    <p class='ocr_par' dir='ltr' id='par_1_104' title="bbox 409 5835 826 5900">
     <span class='ocr_line' id='line_1_106' title="bbox 409 5835 826 5900; baseline -0.024 -3"><span class='ocrx_word' id='word_1_783' title='bbox 409 5843 431 5876; x_wconf 69' lang='grc'><strong><em>⁸</em></strong></span> <span class='ocrx_word' id='word_1_784' title='bbox 451 5841 617 5897; x_wconf 84' lang='lat' dir='ltr'><strong>Joan.</strong></span> <span class='ocrx_word' id='word_1_785' title='bbox 665 5853 703 5900; x_wconf 91' lang='grc' dir='ltr'><strong>ι,</strong></span> <span class='ocrx_word' id='word_1_786' title='bbox 736 5835 826 5890; x_wconf 69' lang='lat'><strong>25.</strong></span> 
     </span>
    </p>
   </div>
   <div class='ocr_carea' id='block_1_105' title="bbox 2029 4518 2610 4599">
    <p class='ocr_par' dir='ltr' id='par_1_105' title="bbox 2029 4518 2610 4599">
     <span class='ocr_line' id='line_1_107' title="bbox 2029 4518 2610 4599; baseline -0.022 -15"><span class='ocrx_word' id='word_1_787' title='bbox 2029 4518 2075 4573; x_wconf 77' lang='grc' dir='ltr'><strong>Ι)</strong></span> <span class='ocrx_word' id='word_1_788' title='bbox 2105 4542 2269 4599; x_wconf 84' lang='lat' dir='ltr'><strong>neque</strong></span> <span class='ocrx_word' id='word_1_789' title='bbox 2295 4520 2558 4594; x_wconf 84' lang='lat' dir='ltr'><strong>propheta</strong></span> <span class='ocrx_word' id='word_1_790' title='bbox 2585 4519 2610 4573; x_wconf 73' lang='grc' dir='ltr'><strong>ε)</strong></span> 
     </span>
    </p>
   </div>
   <div class='ocr_carea' id='block_1_106' title="bbox 2171 4588 3698 4687">
    <p class='ocr_par' dir='ltr' id='par_1_106' title="bbox 2171 4588 3698 4687">
     <span class='ocr_line' id='line_1_108' title="bbox 2171 4588 3698 4687; baseline -0.024 -12"><span class='ocrx_word' id='word_1_791' title='bbox 2171 4588 2331 4687; x_wconf 59' lang='lat' dir='ltr'><strong>Quia</strong></span> <span class='ocrx_word' id='word_1_792' title='bbox 2365 4588 2572 4669; x_wconf 73' lang='lat' dir='ltr'><strong>Iudaeis</strong></span> <span class='ocrx_word' id='word_1_793' title='bbox 2631 4605 2788 4662; x_wconf 90' lang='lat' dir='ltr'><strong>missi</strong></span> <span class='ocrx_word' id='word_1_794' title='bbox 2823 4607 3006 4660; x_wconf 88' lang='lat' dir='ltr'><strong>erant.</strong></span> <span class='ocrx_word' id='word_1_795' title='bbox 3055 4594 3258 4651; x_wconf 62' lang='lat' dir='ltr'><strong>Levita!</strong></span> <span class='ocrx_word' id='word_1_796' title='bbox 3309 4588 3594 4651; x_wconf 75' lang='lat' dir='ltr'><strong>nimirum,</strong></span> <span class='ocrx_word' id='word_1_797' title='bbox 3645 4593 3698 4641; x_wconf 91' lang='lat' dir='ltr'><strong>et</strong></span> 
     </span>
    </p>
   </div>
   <div class='ocr_carea' id='block_1_107' title="bbox 2099 4681 3700 4786">
    <p class='ocr_par' dir='ltr' id='par_1_107' title="bbox 2099 4681 3700 4786">
     <span class='ocr_line' id='line_1_109' title="bbox 2099 4681 3700 4786; baseline -0.026 -16"><span class='ocrx_word' id='word_1_798' title='bbox 2099 4681 2326 4786; x_wconf 79' lang='lat' dir='ltr'><strong>quidam</strong></span> <span class='ocrx_word' id='word_1_799' title='bbox 2352 4723 2420 4764; x_wconf 78' lang='lat' dir='ltr'><strong>ex</strong></span> <span class='ocrx_word' id='word_1_800' title='bbox 2461 4700 2822 4762; x_wconf 86' lang='lat' dir='ltr'><strong>sacerdotum</strong></span> <span class='ocrx_word' id='word_1_801' title='bbox 2864 4691 3083 4753; x_wconf 89' lang='lat' dir='ltr'><strong>ordine,</strong></span> <span class='ocrx_word' id='word_1_802' title='bbox 3113 4683 3277 4755; x_wconf 81' lang='lat'><strong>110</strong></span> <span class='ocrx_word' id='word_1_803' title='bbox 3301 4681 3525 4738; x_wconf 86' lang='lat' dir='ltr'><strong>stultam</strong></span> <span class='ocrx_word' id='word_1_804' title='bbox 3550 4692 3700 4747; x_wconf 73' lang='lat' dir='ltr'><strong>qua:-</strong></span> 
     </span>
    </p>
   </div>
   <div class='ocr_carea' id='block_1_108' title="bbox 2100 4773 3702 4864">
    <p class='ocr_par' dir='ltr' id='par_1_108' title="bbox 2100 4773 3702 4864">
     <span class='ocr_line' id='line_1_110' title="bbox 2100 4773 3702 4864; baseline -0.024 -1"><span class='ocrx_word' id='word_1_805' title='bbox 2100 4773 2340 4864; x_wconf 68' lang='lat' dir='ltr'><strong>stionem</strong></span> <span class='ocrx_word' id='word_1_806' title='bbox 2402 4797 2604 4854; x_wconf 79' lang='lat' dir='ltr'><strong>fecisse</strong></span> <span class='ocrx_word' id='word_1_807' title='bbox 2669 4787 3067 4861; x_wconf 89' lang='lat' dir='ltr'><strong>arguebantur.</strong></span> <span class='ocrx_word' id='word_1_808' title='bbox 3127 4779 3309 4832; x_wconf 80' lang='lat' dir='ltr'><strong>Alium</strong></span> <span class='ocrx_word' id='word_1_809' title='bbox 3368 4773 3514 4828; x_wconf 88' lang='lat' dir='ltr'><strong>enim</strong></span> <span class='ocrx_word' id='word_1_810' title='bbox 3575 4783 3702 4825; x_wconf 88' lang='lat' dir='ltr'><strong>esse</strong></span> 
     </span>
    </p>
   </div>
   <div class='ocr_carea' id='block_1_109' title="bbox 2103 4861 3701 4956">
    <p class='ocr_par' dir='ltr' id='par_1_109' title="bbox 2103 4861 3701 4956">
     <span class='ocr_line' id='line_1_111' title="bbox 2103 4861 3701 4956; baseline -0.026 -1"><span class='ocrx_word' id='word_1_811' title='bbox 2103 4861 2410 4956; x_wconf 77' lang='lat' dir='ltr'><strong>Christum,</strong></span> <span class='ocrx_word' id='word_1_812' title='bbox 2439 4891 2605 4945; x_wconf 89' lang='lat' dir='ltr'><strong>alium</strong></span> <span class='ocrx_word' id='word_1_813' title='bbox 2632 4880 2958 4955; x_wconf 87' lang='lat' dir='ltr'><strong>prophetam</strong></span> <span class='ocrx_word' id='word_1_814' title='bbox 2985 4874 3162 4937; x_wconf 90' lang='lat' dir='ltr'><strong>illum,</strong></span> <span class='ocrx_word' id='word_1_815' title='bbox 3198 4866 3362 4936; x_wconf 80' lang='lat' dir='ltr'><strong>cujus</strong></span> <span class='ocrx_word' id='word_1_816' title='bbox 3403 4865 3462 4920; x_wconf 89' lang='lat' dir='ltr'><strong>in</strong></span> <span class='ocrx_word' id='word_1_817' title='bbox 3490 4863 3607 4931; x_wconf 87' lang='lat' dir='ltr'><strong>lege</strong></span> <span class='ocrx_word' id='word_1_818' title='bbox 3643 4861 3701 4913; x_wconf 82' lang='lat' dir='ltr'><strong>iit</strong></span> 
     </span>
    </p>
   </div>
   <div class='ocr_carea' id='block_1_110' title="bbox 2110 4953 3701 5052">
    <p class='ocr_par' dir='ltr' id='par_1_110' title="bbox 2110 4953 3701 5052">
     <span class='ocr_line' id='line_1_112' title="bbox 2110 4953 3701 5052; baseline -0.025 -6"><span class='ocrx_word' id='word_1_819' title='bbox 2110 4987 2318 5046; x_wconf 85' lang='lat' dir='ltr'><strong>mentio</strong></span> <span class='ocrx_word' id='word_1_820' title='bbox 2345 4953 2651 5052; x_wconf 42' lang='lat' dir='ltr'><strong>suspicati;</strong></span> <span class='ocrx_word' id='word_1_821' title='bbox 2670 4988 2797 5030; x_wconf 91' lang='lat' dir='ltr'><strong>cum</strong></span> <span class='ocrx_word' id='word_1_822' title='bbox 2830 4985 2888 5026; x_wconf 90' lang='lat' dir='ltr'><strong>sa</strong></span> <span class='ocrx_word' id='word_1_823' title='bbox 2903 4976 3062 5023; x_wconf 88' lang='lat' dir='ltr'><strong>nctus</strong></span> <span class='ocrx_word' id='word_1_824' title='bbox 3089 4960 3342 5033; x_wconf 87' lang='lat' dir='ltr'><strong>Baptista</strong></span> <span class='ocrx_word' id='word_1_825' title='bbox 3381 4953 3701 5026; x_wconf 85' lang='lat' dir='ltr'><strong>respondis-</strong></span> 
     </span>
    </p>
   </div>
   <div class='ocr_carea' id='block_1_111' title="bbox 2111 5048 3703 5137">
    <p class='ocr_par' dir='ltr' id='par_1_111' title="bbox 2111 5048 3703 5137">
     <span class='ocr_line' id='line_1_113' title="bbox 2111 5048 3703 5137; baseline -0.023 0"><span class='ocrx_word' id='word_1_826' title='bbox 2111 5089 2197 5137; x_wconf 91' lang='lat' dir='ltr'><strong>set</strong></span> <span class='ocrx_word' id='word_1_827' title='bbox 2223 5094 2283 5135; x_wconf 88' lang='lat' dir='ltr'><strong>se</strong></span> <span class='ocrx_word' id='word_1_828' title='bbox 2312 5091 2424 5132; x_wconf 89' lang='lat' dir='ltr'><strong>non</strong></span> <span class='ocrx_word' id='word_1_829' title='bbox 2447 5048 2575 5129; x_wconf 80' lang='lat' dir='ltr'><strong>esse</strong></span> <span class='ocrx_word' id='word_1_830' title='bbox 2599 5065 2912 5124; x_wconf 85' lang='lat' dir='ltr'><strong>Christum,</strong></span> <span class='ocrx_word' id='word_1_831' title='bbox 2945 5057 3204 5113; x_wconf 86' lang='lat' dir='ltr'><strong>dicebant</strong></span> <span class='ocrx_word' id='word_1_832' title='bbox 3229 5070 3246 5108; x_wconf 71' lang='grc' dir='ltr'><strong><em>τ</em></strong></span> <span class='ocrx_word' id='word_1_833' title='bbox 3287 5070 3304 5103; x_wconf 78' lang='grc' dir='ltr'><strong>ι</strong></span> <span class='ocrx_word' id='word_1_834' title='bbox 3336 5048 3614 5119; x_wconf 84' lang='lat' dir='ltr'><strong>Propheta</strong></span> <span class='ocrx_word' id='word_1_835' title='bbox 3641 5060 3703 5102; x_wconf 87' lang='lat' dir='ltr'><strong>es</strong></span> 
     </span>
    </p>
   </div>
   <div class='ocr_carea' id='block_1_112' title="bbox 2112 5141 3702 5228">
    <p class='ocr_par' dir='ltr' id='par_1_112' title="bbox 2112 5141 3702 5228">
     <span class='ocr_line' id='line_1_114' title="bbox 2112 5141 3702 5228; baseline -0.024 0"><span class='ocrx_word' id='word_1_836' title='bbox 2112 5172 2211 5228; x_wconf 85' lang='lat' dir='ltr'><strong>tu?</strong></span> <span class='ocrx_word' id='word_1_837' title='bbox 2252 5189 2269 5223; x_wconf 80' lang='grc' dir='ltr'><strong>ι</strong></span> <span class='ocrx_word' id='word_1_838' title='bbox 2319 5165 2426 5223; x_wconf 89' lang='lat' dir='ltr'><strong>Sed</strong></span> <span class='ocrx_word' id='word_1_839' title='bbox 2475 5177 2606 5220; x_wconf 90' lang='lat' dir='ltr'><strong>ecce</strong></span> <span class='ocrx_word' id='word_1_840' title='bbox 2660 5158 2822 5214; x_wconf 88' lang='lat' dir='ltr'><strong>turba</strong></span> <span class='ocrx_word' id='word_1_841' title='bbox 2857 5156 2978 5226; x_wconf 89' lang='lat' dir='ltr'><strong>ipsa</strong></span> <span class='ocrx_word' id='word_1_842' title='bbox 3027 5161 3250 5220; x_wconf 89' lang='lat' dir='ltr'><strong>quoque</strong></span> <span class='ocrx_word' id='word_1_843' title='bbox 3296 5141 3702 5197; x_wconf 75' lang='lat' dir='ltr'><strong>Phariszeorum</strong></span> 
     </span>
    </p>
   </div>
   <div class='ocr_carea' id='block_1_113' title="bbox 2110 5236 3703 5331">
    <p class='ocr_par' dir='ltr' id='par_1_113' title="bbox 2110 5236 3703 5331">
     <span class='ocr_line' id='line_1_115' title="bbox 2110 5236 3703 5331; baseline -0.023 -12"><span class='ocrx_word' id='word_1_844' title='bbox 2110 5279 2254 5319; x_wconf 89' lang='lat' dir='ltr'><strong>vana</strong></span> <span class='ocrx_word' id='word_1_845' title='bbox 2304 5256 2664 5331; x_wconf 86' lang='lat' dir='ltr'><strong>persuasione</strong></span> <span class='ocrx_word' id='word_1_846' title='bbox 2725 5245 3016 5321; x_wconf 61' lang='lat' dir='ltr'><strong>sapientia</strong></span> <span class='ocrx_word' id='word_1_847' title='bbox 3068 5241 3253 5296; x_wconf 87' lang='lat' dir='ltr'><strong>inllata</strong></span> <span class='ocrx_word' id='word_1_848' title='bbox 3296 5236 3486 5308; x_wconf 89' lang='lat' dir='ltr'><strong>potius</strong></span> <span class='ocrx_word' id='word_1_849' title='bbox 3539 5245 3703 5301; x_wconf 88' lang='lat' dir='ltr'><strong>quam</strong></span> 
     </span>
    </p>
   </div>
   <div class='ocr_carea' id='block_1_114' title="bbox 2113 5320 3706 5411">
    <p class='ocr_par' dir='ltr' id='par_1_114' title="bbox 2113 5320 3706 5411">
     <span class='ocr_line' id='line_1_116' title="bbox 2113 5320 3706 5411; baseline -0.023 -3"><span class='ocrx_word' id='word_1_850' title='bbox 2113 5371 2242 5411; x_wconf 85' lang='lat' dir='ltr'><strong>vera</strong></span> <span class='ocrx_word' id='word_1_851' title='bbox 2293 5351 2614 5408; x_wconf 90' lang='lat' dir='ltr'><strong>divinorum</strong></span> <span class='ocrx_word' id='word_1_852' title='bbox 2679 5340 3039 5398; x_wconf 89' lang='lat' dir='ltr'><strong>oraculorum</strong></span> <span class='ocrx_word' id='word_1_853' title='bbox 3105 5329 3422 5402; x_wconf 90' lang='lat' dir='ltr'><strong>cognitione</strong></span> <span class='ocrx_word' id='word_1_854' title='bbox 3478 5320 3706 5393; x_wconf 75' lang='lat' dir='ltr'><strong>praedita</strong></span> 
     </span>
    </p>
   </div>
   <div class='ocr_carea' id='block_1_115' title="bbox 3554 5411 3711 5466">
    <p class='ocr_par' dir='ltr' id='par_1_115' title="bbox 3554 5411 3711 5466">
     <span class='ocr_line' id='line_1_117' title="bbox 3554 5411 3711 5466; baseline -0.006 -1"><span class='ocrx_word' id='word_1_855' title='bbox 3554 5430 3576 5464; x_wconf 77' lang='grc' dir='ltr'><strong>ι</strong></span> <span class='ocrx_word' id='word_1_856' title='bbox 3610 5411 3711 5466; x_wconf 83' lang='lat' dir='ltr'><strong>ba-</strong></span> 
     </span>
    </p>
   </div>
   <div class='ocr_carea' id='block_1_116' title="bbox 2119 5511 3709 5612">
    <p class='ocr_par' dir='ltr' id='par_1_116' title="bbox 2119 5511 3709 5612">
     <span class='ocr_line' id='line_1_118' title="bbox 2119 5511 3709 5612; baseline -0.024 -16"><span class='ocrx_word' id='word_1_857' title='bbox 2119 5511 2379 5612; x_wconf 39' lang='lat' dir='ltr'><strong>ptizas,-t</strong></span> <span class='ocrx_word' id='word_1_858' title='bbox 2421 5533 2702 5605; x_wconf 84' lang='lat' dir='ltr'><strong>inquiunt,</strong></span> <span class='ocrx_word' id='word_1_859' title='bbox 2744 5547 2762 5578; x_wconf 80' lang='grc' dir='ltr'><strong>ι</strong></span> <span class='ocrx_word' id='word_1_860' title='bbox 2803 5525 2846 5581; x_wconf 90' lang='lat' dir='ltr'><strong>si</strong></span> <span class='ocrx_word' id='word_1_861' title='bbox 2877 5531 2934 5578; x_wconf 91' lang='lat' dir='ltr'><strong>tu</strong></span> <span class='ocrx_word' id='word_1_862' title='bbox 2965 5534 3074 5587; x_wconf 76' lang='lat' dir='ltr'><strong>non</strong></span> <span class='ocrx_word' id='word_1_863' title='bbox 3118 5530 3180 5570; x_wconf 89' lang='lat' dir='ltr'><strong>es</strong></span> <span class='ocrx_word' id='word_1_864' title='bbox 3199 5511 3454 5567; x_wconf 87' lang='lat' dir='ltr'><strong>Christus</strong></span> <span class='ocrx_word' id='word_1_865' title='bbox 3475 5517 3709 5612; x_wconf 50' lang='lat' dir='ltr'><strong>,uneque</strong></span> 
     </span>
    </p>
   </div>
   <div class='ocr_carea' id='block_1_117' title="bbox 2125 5593 3708 5699">
    <p class='ocr_par' dir='ltr' id='par_1_117' title="bbox 2125 5593 3708 5699">
     <span class='ocr_line' id='line_1_119' title="bbox 2125 5593 3708 5699; baseline -0.027 -9"><span class='ocrx_word' id='word_1_866' title='bbox 2125 5593 2319 5695; x_wconf 16' lang='lat' dir='ltr'><strong>II&#39;VZIVias,’</strong></span> <span class='ocrx_word' id='word_1_867' title='bbox 2359 5593 2536 5699; x_wconf 73' lang='lat' dir='ltr'><strong>neque</strong></span> <span class='ocrx_word' id='word_1_868' title='bbox 2593 5614 2950 5694; x_wconf 69' lang='lat' dir='ltr'><strong>propheta‘?</strong></span> <span class='ocrx_word' id='word_1_869' title='bbox 2989 5629 3008 5663; x_wconf 74' lang='grc' dir='ltr'><strong>ι</strong></span> <span class='ocrx_word' id='word_1_870' title='bbox 3069 5605 3172 5662; x_wconf 82' lang='lat' dir='ltr'><strong>liic</strong></span> <span class='ocrx_word' id='word_1_871' title='bbox 3205 5614 3401 5656; x_wconf 81' lang='lat' dir='ltr'><strong>rursus</strong></span> <span class='ocrx_word' id='word_1_872' title='bbox 3454 5593 3708 5650; x_wconf 80' lang='lat' dir='ltr'><strong>videntur</strong></span> 
     </span>
    </p>
   </div>
   <div class='ocr_carea' id='block_1_118' title="bbox 2107 5711 3706 5819">
    <p class='ocr_par' dir='ltr' id='par_1_118' title="bbox 2107 5711 3706 5819">
     <span class='ocr_line' id='line_1_120' title="bbox 2107 5711 3706 5819; baseline -0.028 -10"><span class='ocrx_word' id='word_1_873' title='bbox 2107 5753 2119 5784; x_wconf 87' lang='grc'>¹</span> <span class='ocrx_word' id='word_1_874' title='bbox 2170 5752 2274 5819; x_wconf 82' lang='lat' dir='ltr'><strong>lsa.</strong></span> <span class='ocrx_word' id='word_1_875' title='bbox 2317 5765 2448 5814; x_wconf 68' lang='lat' dir='ltr'><strong>XLII,</strong></span> <span class='ocrx_word' id='word_1_876' title='bbox 2496 5745 2581 5801; x_wconf 75' lang='grc'><strong>16.</strong></span> <span class='ocrx_word' id='word_1_877' title='bbox 2661 5744 2680 5772; x_wconf 80' lang='grc'>²</span> <span class='ocrx_word' id='word_1_878' title='bbox 2709 5738 2913 5795; x_wconf 82' lang='lat' dir='ltr'><strong>Jerem.</strong></span> <span class='ocrx_word' id='word_1_879' title='bbox 2953 5744 3030 5795; x_wconf 78' lang='lat' dir='ltr'><strong>vr,</strong></span> <span class='ocrx_word' id='word_1_880' title='bbox 3073 5723 3161 5780; x_wconf 76' lang='grc'><strong>16.</strong></span> <span class='ocrx_word' id='word_1_881' title='bbox 3252 5719 3271 5751; x_wconf 86' lang='grc'>³</span> <span class='ocrx_word' id='word_1_882' title='bbox 3301 5715 3458 5774; x_wconf 84' lang='lat' dir='ltr'><strong>Joan.</strong></span> <span class='ocrx_word' id='word_1_883' title='bbox 3499 5729 3610 5780; x_wconf 70' lang='lat' dir='ltr'><strong>Juv,</strong></span> <span class='ocrx_word' id='word_1_884' title='bbox 3652 5711 3706 5766; x_wconf 84' lang='grc' dir='ltr'>ϐ.</span> 
     </span>
    </p>
   </div>
  </div>
