  <div class='ocr_page' id='page_1' title='image "/cluster/home/n/w/nwhite01/storage/ocr_20150623/73:no.6/coo.31924054869692/101.png"; bbox 0 0 4106 6500; ppageno 0'>
   <div class='ocr_carea' id='block_1_1' title="bbox 541 378 633 442">
    <p class='ocr_par' dir='ltr' id='par_1_1' title="bbox 541 378 633 442">
     <span class='ocr_line' id='line_1_1' title="bbox 541 378 633 442; baseline 0.011 -2"><span class='ocrx_word' id='word_1_1' title='bbox 541 378 633 442; x_wconf 77' lang='grc'><strong>187</strong></span> 
     </span>
    </p>
   </div>
   <div class='ocr_carea' id='block_1_2' title="bbox 1533 363 2768 448">
    <p class='ocr_par' dir='ltr' id='par_1_2' title="bbox 1533 363 2768 448">
     <span class='ocr_line' id='line_1_2' title="bbox 1533 363 2768 448; baseline -0.011 -12"><span class='ocrx_word' id='word_1_2' title='bbox 1533 378 1590 448; x_wconf 81' lang='lat'><strong>8,</strong></span> <span class='ocrx_word' id='word_1_3' title='bbox 1630 372 1907 434; x_wconf 74' lang='lat' dir='ltr'><strong>CY&#39;RILLI</strong></span> <span class='ocrx_word' id='word_1_4' title='bbox 1946 368 2423 431; x_wconf 47' lang='lat' dir='ltr'><strong>ALEXANDHINI&#39;</strong></span> <span class='ocrx_word' id='word_1_5' title='bbox 2451 363 2768 427; x_wconf 79' lang='lat' dir='ltr'><strong>ARCIIIEP.</strong></span> 
     </span>
    </p>
   </div>
   <div class='ocr_carea' id='block_1_3' title="bbox 3701 366 3802 423">
    <p class='ocr_par' dir='ltr' id='par_1_3' title="bbox 3701 366 3802 423">
     <span class='ocr_line' id='line_1_3' title="bbox 3701 366 3802 423; baseline 0 -2"><span class='ocrx_word' id='word_1_6' title='bbox 3701 366 3802 423; x_wconf 72' lang='lat'><strong>1‘88</strong></span> 
     </span>
    </p>
   </div>
   <div class='ocr_carea' id='block_1_4' title="bbox 533 478 2094 568">
    <p class='ocr_par' dir='ltr' id='par_1_4' title="bbox 533 490 2094 568">
     <span class='ocr_line' id='line_1_4' title="bbox 533 490 2094 568; baseline -0.005 -16"><span class='ocrx_word' id='word_1_7' title='bbox 533 490 799 552; x_wconf 77' lang='lat' dir='ltr'><strong>Joannem</strong></span> <span class='ocrx_word' id='word_1_8' title='bbox 832 495 1128 568; x_wconf 84' lang='lat' dir='ltr'><strong>Baptistam</strong></span> <span class='ocrx_word' id='word_1_9' title='bbox 1160 506 1270 551; x_wconf 84' lang='lat' dir='ltr'><strong>non</strong></span> <span class='ocrx_word' id='word_1_10' title='bbox 1317 509 1508 566; x_wconf 89' lang='lat' dir='ltr'><strong>parum</strong></span> <span class='ocrx_word' id='word_1_11' title='bbox 1558 495 1768 550; x_wconf 86' lang='lat' dir='ltr'><strong>habere</strong></span> <span class='ocrx_word' id='word_1_12' title='bbox 1796 491 2094 564; x_wconf 77' lang='lat' dir='ltr'><strong>despectui.</strong></span> 
     </span>
    </p>
   </div>
   <div class='ocr_carea' id='block_1_5' title="bbox 2191 478 3803 568">
    <p class='ocr_par' dir='ltr' id='par_1_5' title="bbox 2211 478 3803 552">
     <span class='ocr_line' id='line_1_5' title="bbox 2211 478 3803 552; baseline -0.004 -12"><span class='ocrx_word' id='word_1_13' title='bbox 2211 487 2350 540; x_wconf 82' lang='grc' dir='ltr'><strong>κατά</strong></span> <span class='ocrx_word' id='word_1_14' title='bbox 2380 486 2440 539; x_wconf 73' lang='grc' dir='ltr'><strong>τὸ</strong></span> <span class='ocrx_word' id='word_1_15' title='bbox 2469 485 2643 548; x_wconf 75' lang='grc' dir='ltr'><strong>εἰκὸς,</strong></span> <span class='ocrx_word' id='word_1_16' title='bbox 2671 487 2730 537; x_wconf 76' lang='grc' dir='ltr'><strong>ὲν</strong></span> <span class='ocrx_word' id='word_1_17' title='bbox 2759 481 2837 552; x_wconf 79' lang='grc' dir='ltr'><strong>τῷ</strong></span> <span class='ocrx_word' id='word_1_18' title='bbox 2869 480 3158 550; x_wconf 76' lang='grc' dir='ltr'><strong>καταλόγῳ</strong></span> <span class='ocrx_word' id='word_1_19' title='bbox 3187 478 3297 533; x_wconf 77' lang='grc' dir='ltr'><strong>τῶν</strong></span> <span class='ocrx_word' id='word_1_20' title='bbox 3337 480 3803 551; x_wconf 69' lang='grc' dir='ltr'><strong>προσδοκωμένων</strong></span> 
     </span>
    </p>
   </div>
   <div class='ocr_carea' id='block_1_6' title="bbox 536 587 2117 659">
    <p class='ocr_par' dir='ltr' id='par_1_6' title="bbox 536 587 2117 659">
     <span class='ocr_line' id='line_1_6' title="bbox 536 587 2117 659; baseline 0 -17"><span class='ocrx_word' id='word_1_21' title='bbox 536 588 740 642; x_wconf 78' lang='lat' dir='ltr'><strong>Nolunt</strong></span> <span class='ocrx_word' id='word_1_22' title='bbox 763 590 931 655; x_wconf 86' lang='lat' dir='ltr'><strong>enim,</strong></span> <span class='ocrx_word' id='word_1_23' title='bbox 960 597 1018 644; x_wconf 94' lang='lat' dir='ltr'><strong>ut</strong></span> <span class='ocrx_word' id='word_1_24' title='bbox 1048 597 1298 659; x_wconf 87' lang='lat' dir='ltr'><strong>apparet,</strong></span> <span class='ocrx_word' id='word_1_25' title='bbox 1343 587 1525 659; x_wconf 87' lang='lat' dir='ltr'><strong>ipsum</strong></span> <span class='ocrx_word' id='word_1_26' title='bbox 1557 588 1611 642; x_wconf 90' lang='lat' dir='ltr'><strong>in</strong></span> <span class='ocrx_word' id='word_1_27' title='bbox 1650 600 1841 642; x_wconf 74' lang='lat' dir='ltr'><strong>corium</strong></span> <span class='ocrx_word' id='word_1_28' title='bbox 1888 600 2117 642; x_wconf 87' lang='lat' dir='ltr'><strong>numero</strong></span> 
     </span>
    </p>
   </div>
   <div class='ocr_carea' id='block_1_7' title="bbox 535 668 2115 748">
    <p class='ocr_par' dir='ltr' id='par_1_7' title="bbox 535 668 2115 748">
     <span class='ocr_line' id='line_1_7' title="bbox 535 668 2115 748; baseline 0 -17"><span class='ocrx_word' id='word_1_29' title='bbox 535 680 629 748; x_wconf 88' lang='lat' dir='ltr'><strong>qui</strong></span> <span class='ocrx_word' id='word_1_30' title='bbox 686 681 1156 748; x_wconf 81' lang='lat' dir='ltr'><strong>exspectabantur</strong></span> <span class='ocrx_word' id='word_1_31' title='bbox 1189 680 1488 746; x_wconf 77' lang='lat' dir='ltr'><strong>collocare,</strong></span> <span class='ocrx_word' id='word_1_32' title='bbox 1549 668 1646 735; x_wconf 81' lang='lat' dir='ltr'><strong>sed</strong></span> <span class='ocrx_word' id='word_1_33' title='bbox 1715 677 1973 732; x_wconf 71' lang='lat' dir='ltr'><strong>familiari</strong></span> <span class='ocrx_word' id='word_1_34' title='bbox 2012 677 2115 733; x_wconf 87' lang='lat' dir='ltr'><strong>sibi</strong></span> 
     </span>
    </p>
   </div>
   <div class='ocr_carea' id='block_1_8' title="bbox 536 769 2118 841">
    <p class='ocr_par' dir='ltr' id='par_1_8' title="bbox 536 769 2118 841">
     <span class='ocr_line' id='line_1_8' title="bbox 536 769 2118 841; baseline 0 -19"><span class='ocrx_word' id='word_1_35' title='bbox 536 769 681 826; x_wconf 84' lang='lat' dir='ltr'><strong>fastu</strong></span> <span class='ocrx_word' id='word_1_36' title='bbox 714 771 874 825; x_wconf 88' lang='lat' dir='ltr'><strong>nihili</strong></span> <span class='ocrx_word' id='word_1_37' title='bbox 909 770 1142 835; x_wconf 84' lang='lat' dir='ltr'><strong>faciunt,</strong></span> <span class='ocrx_word' id='word_1_38' title='bbox 1192 773 1449 841; x_wconf 75' lang='lat' dir='ltr'><strong>quamvis</strong></span> <span class='ocrx_word' id='word_1_39' title='bbox 1502 771 1784 841; x_wconf 66' lang='lat' dir='ltr'><strong>propheta:</strong></span> <span class='ocrx_word' id='word_1_40' title='bbox 1816 785 1949 824; x_wconf 89' lang='lat' dir='ltr'><strong>voce</strong></span> <span class='ocrx_word' id='word_1_41' title='bbox 1985 784 2118 839; x_wconf 66' lang='lat' dir='ltr'><strong>prac-</strong></span> 
     </span>
    </p>
   </div>
   <div class='ocr_carea' id='block_1_9' title="bbox 534 861 2115 933">
    <p class='ocr_par' dir='ltr' id='par_1_9' title="bbox 534 861 2115 933">
     <span class='ocr_line' id='line_1_9' title="bbox 534 861 2115 933; baseline 0 -18"><span class='ocrx_word' id='word_1_42' title='bbox 534 862 823 916; x_wconf 84' lang='lat' dir='ltr'><strong>nuntiatus</strong></span> <span class='ocrx_word' id='word_1_43' title='bbox 852 862 948 917; x_wconf 87' lang='lat' dir='ltr'><strong>sit.</strong></span> <span class='ocrx_word' id='word_1_44' title='bbox 982 864 1118 918; x_wconf 83' lang='lat' dir='ltr'><strong>Cum</strong></span> <span class='ocrx_word' id='word_1_45' title='bbox 1147 864 1295 917; x_wconf 90' lang='lat' dir='ltr'><strong>enim</strong></span> <span class='ocrx_word' id='word_1_46' title='bbox 1324 863 1631 918; x_wconf 87' lang='lat' dir='ltr'><strong>audierint:</strong></span> <span class='ocrx_word' id='word_1_47' title='bbox 1661 882 1681 915; x_wconf 87' lang='grc'><em>‹</em></span> <span class='ocrx_word' id='word_1_48' title='bbox 1718 861 1831 933; x_wconf 83' lang='lat' dir='ltr'><strong>Ego</strong></span> <span class='ocrx_word' id='word_1_49' title='bbox 1860 877 1980 916; x_wconf 91' lang='lat' dir='ltr'><strong>sum</strong></span> <span class='ocrx_word' id='word_1_50' title='bbox 2010 876 2115 916; x_wconf 78' lang='lat' dir='ltr'><strong>vox</strong></span> 
     </span>
    </p>
   </div>
   <div class='ocr_carea' id='block_1_10' title="bbox 531 954 2117 1021">
    <p class='ocr_par' dir='ltr' id='par_1_10' title="bbox 531 954 2117 1021">
     <span class='ocr_line' id='line_1_10' title="bbox 531 954 2117 1021; baseline 0.001 -14"><span class='ocrx_word' id='word_1_51' title='bbox 531 954 825 1010; x_wconf 84' lang='lat' dir='ltr'><strong>clamantis</strong></span> <span class='ocrx_word' id='word_1_52' title='bbox 850 955 907 1009; x_wconf 88' lang='lat' dir='ltr'><strong>in</strong></span> <span class='ocrx_word' id='word_1_53' title='bbox 940 956 1160 1010; x_wconf 84' lang='lat' dir='ltr'><strong>deserto</strong></span> <span class='ocrx_word' id='word_1_54' title='bbox 1195 974 1207 1009; x_wconf 90' lang='lat'><strong>:</strong></span> <span class='ocrx_word' id='word_1_55' title='bbox 1235 955 1430 1010; x_wconf 84' lang='lat' dir='ltr'><strong>Parate</strong></span> <span class='ocrx_word' id='word_1_56' title='bbox 1460 956 1604 1011; x_wconf 73' lang='lat' dir='ltr'><strong>viam</strong></span> <span class='ocrx_word' id='word_1_57' title='bbox 1634 955 1848 1010; x_wconf 89' lang='lat' dir='ltr'><strong>Domini</strong></span> <span class='ocrx_word' id='word_1_58' title='bbox 1872 955 1916 1021; x_wconf 86' lang='grc'><strong>⁸,</strong></span> <span class='ocrx_word' id='word_1_59' title='bbox 1941 974 1959 1008; x_wconf 78' lang='grc' dir='ltr'><strong>ι</strong></span> <span class='ocrx_word' id='word_1_60' title='bbox 1990 969 2117 1009; x_wconf 82' lang='lat' dir='ltr'><strong>ora-</strong></span> 
     </span>
    </p>
   </div>
   <div class='ocr_carea' id='block_1_11' title="bbox 531 1045 2109 1117">
    <p class='ocr_par' dir='ltr' id='par_1_11' title="bbox 531 1045 2109 1117">
     <span class='ocr_line' id='line_1_11' title="bbox 531 1045 2109 1117; baseline -0.001 -17"><span class='ocrx_word' id='word_1_61' title='bbox 531 1045 659 1100; x_wconf 88' lang='lat' dir='ltr'><strong>culo</strong></span> <span class='ocrx_word' id='word_1_62' title='bbox 697 1046 927 1114; x_wconf 90' lang='lat' dir='ltr'><strong>rejecto,</strong></span> <span class='ocrx_word' id='word_1_63' title='bbox 969 1046 1323 1115; x_wconf 86' lang='lat' dir='ltr'><strong>impudenter</strong></span> <span class='ocrx_word' id='word_1_64' title='bbox 1353 1047 1536 1117; x_wconf 88' lang='lat' dir='ltr'><strong>ipsum</strong></span> <span class='ocrx_word' id='word_1_65' title='bbox 1592 1046 1679 1100; x_wconf 92' lang='lat' dir='ltr'><strong>his</strong></span> <span class='ocrx_word' id='word_1_66' title='bbox 1711 1045 2109 1116; x_wconf 87' lang='lat' dir='ltr'><strong>propemodum</strong></span> 
     </span>
    </p>
   </div>
   <div class='ocr_carea' id='block_1_12' title="bbox 528 1138 2114 1209">
    <p class='ocr_par' dir='ltr' id='par_1_12' title="bbox 528 1138 2114 1209">
     <span class='ocr_line' id='line_1_12' title="bbox 528 1138 2114 1209; baseline 0.002 -18"><span class='ocrx_word' id='word_1_67' title='bbox 528 1138 717 1193; x_wconf 73' lang='lat' dir='ltr'><strong>Verbis</strong></span> <span class='ocrx_word' id='word_1_68' title='bbox 753 1140 1185 1209; x_wconf 81' lang='lat' dir='ltr'><strong>aggrediuntur:</strong></span> <span class='ocrx_word' id='word_1_69' title='bbox 1230 1139 1411 1202; x_wconf 84' lang='lat' dir='ltr'><strong>Nulla,</strong></span> <span class='ocrx_word' id='word_1_70' title='bbox 1443 1156 1477 1194; x_wconf 90' lang='grc' dir='ltr'><strong>ο</strong></span> <span class='ocrx_word' id='word_1_71' title='bbox 1531 1140 1786 1208; x_wconf 85' lang='lat' dir='ltr'><strong>quisquis</strong></span> <span class='ocrx_word' id='word_1_72' title='bbox 1828 1154 1910 1202; x_wconf 87' lang='lat' dir='ltr'><strong>es,</strong></span> <span class='ocrx_word' id='word_1_73' title='bbox 1953 1139 2007 1192; x_wconf 87' lang='lat' dir='ltr'><strong>in</strong></span> <span class='ocrx_word' id='word_1_74' title='bbox 2060 1147 2114 1194; x_wconf 87' lang='lat' dir='ltr'><strong>te</strong></span> 
     </span>
    </p>
   </div>
   <div class='ocr_carea' id='block_1_13' title="bbox 526 1231 2108 1302">
    <p class='ocr_par' dir='ltr' id='par_1_13' title="bbox 526 1231 2108 1302">
     <span class='ocr_line' id='line_1_13' title="bbox 526 1231 2108 1302; baseline -0.001 -16"><span class='ocrx_word' id='word_1_75' title='bbox 526 1238 614 1286; x_wconf 86' lang='lat' dir='ltr'><strong>est</strong></span> <span class='ocrx_word' id='word_1_76' title='bbox 644 1232 972 1292; x_wconf 88' lang='lat' dir='ltr'><strong>auctoritas,</strong></span> <span class='ocrx_word' id='word_1_77' title='bbox 1006 1231 1140 1285; x_wconf 85' lang='lat' dir='ltr'><strong>nihil</strong></span> <span class='ocrx_word' id='word_1_78' title='bbox 1178 1232 1357 1302; x_wconf 80' lang='lat' dir='ltr'><strong>magni</strong></span> <span class='ocrx_word' id='word_1_79' title='bbox 1392 1240 1487 1286; x_wconf 87' lang='lat' dir='ltr'><strong>aut</strong></span> <span class='ocrx_word' id='word_1_80' title='bbox 1537 1232 1922 1287; x_wconf 78' lang='lat' dir='ltr'><strong>admirabilis:</strong></span> <span class='ocrx_word' id='word_1_81' title='bbox 1955 1231 2108 1300; x_wconf 91' lang='lat' dir='ltr'><strong>quid,</strong></span> 
     </span>
    </p>
   </div>
   <div class='ocr_carea' id='block_1_14' title="bbox 529 1322 2109 1394">
    <p class='ocr_par' dir='ltr' id='par_1_14' title="bbox 529 1322 2109 1394">
     <span class='ocr_line' id='line_1_14' title="bbox 529 1322 2109 1394; baseline 0.001 -19"><span class='ocrx_word' id='word_1_82' title='bbox 529 1337 656 1376; x_wconf 88' lang='lat' dir='ltr'><strong>cum</strong></span> <span class='ocrx_word' id='word_1_83' title='bbox 686 1324 824 1377; x_wconf 88' lang='lat' dir='ltr'><strong>nihil</strong></span> <span class='ocrx_word' id='word_1_84' title='bbox 865 1325 984 1394; x_wconf 88' lang='lat' dir='ltr'><strong>ipse</strong></span> <span class='ocrx_word' id='word_1_85' title='bbox 1005 1324 1104 1387; x_wconf 89' lang='lat' dir='ltr'><strong>sis,</strong></span> <span class='ocrx_word' id='word_1_86' title='bbox 1138 1332 1351 1378; x_wconf 86' lang='lat' dir='ltr'><strong>tantam</strong></span> <span class='ocrx_word' id='word_1_87' title='bbox 1372 1338 1488 1378; x_wconf 91' lang='lat' dir='ltr'><strong>rem</strong></span> <span class='ocrx_word' id='word_1_88' title='bbox 1525 1322 1740 1379; x_wconf 86' lang='lat' dir='ltr'><strong>moliris</strong></span> <span class='ocrx_word' id='word_1_89' title='bbox 1764 1323 1788 1375; x_wconf 82' lang='lat'><strong>?</strong></span> <span class='ocrx_word' id='word_1_90' title='bbox 1812 1322 2109 1393; x_wconf 86' lang='lat' dir='ltr'><strong>impiorum</strong></span> 
     </span>
    </p>
   </div>
   <div class='ocr_carea' id='block_1_15' title="bbox 528 1410 2105 1485">
    <p class='ocr_par' dir='ltr' id='par_1_15' title="bbox 528 1410 2105 1485">
     <span class='ocr_line' id='line_1_15' title="bbox 528 1410 2105 1485; baseline 0.003 -19"><span class='ocrx_word' id='word_1_91' title='bbox 528 1410 934 1470; x_wconf 67' lang='lat' dir='ltr'><strong>Pharisaeorum</strong></span> <span class='ocrx_word' id='word_1_92' title='bbox 972 1415 1074 1471; x_wconf 88' lang='lat' dir='ltr'><strong>iste</strong></span> <span class='ocrx_word' id='word_1_93' title='bbox 1118 1432 1236 1471; x_wconf 88' lang='lat' dir='ltr'><strong>mos</strong></span> <span class='ocrx_word' id='word_1_94' title='bbox 1278 1424 1418 1481; x_wconf 89' lang='lat' dir='ltr'><strong>erat,</strong></span> <span class='ocrx_word' id='word_1_95' title='bbox 1484 1423 1812 1485; x_wconf 82' lang='lat' dir='ltr'><strong>praesentem</strong></span> <span class='ocrx_word' id='word_1_96' title='bbox 1868 1416 2105 1482; x_wconf 85' lang='lat' dir='ltr'><strong>elevare,</strong></span> 
     </span>
    </p>
   </div>
   <div class='ocr_carea' id='block_1_16' title="bbox 523 1506 2102 1578">
    <p class='ocr_par' dir='ltr' id='par_1_16' title="bbox 523 1506 2102 1578">
     <span class='ocr_line' id='line_1_16' title="bbox 523 1506 2102 1578; baseline 0.003 -20"><span class='ocrx_word' id='word_1_97' title='bbox 523 1521 650 1560; x_wconf 81' lang='lat' dir='ltr'><strong>eum</strong></span> <span class='ocrx_word' id='word_1_98' title='bbox 685 1515 867 1563; x_wconf 88' lang='lat' dir='ltr'><strong>autem</strong></span> <span class='ocrx_word' id='word_1_99' title='bbox 905 1509 1000 1578; x_wconf 91' lang='lat' dir='ltr'><strong>qui</strong></span> <span class='ocrx_word' id='word_1_100' title='bbox 1033 1517 1299 1562; x_wconf 83' lang='lat' dir='ltr'><strong>venturus</strong></span> <span class='ocrx_word' id='word_1_101' title='bbox 1325 1516 1442 1563; x_wconf 88' lang='lat' dir='ltr'><strong>erat</strong></span> <span class='ocrx_word' id='word_1_102' title='bbox 1470 1509 1598 1562; x_wconf 79' lang='lat' dir='ltr'><strong>ficto</strong></span> <span class='ocrx_word' id='word_1_103' title='bbox 1627 1509 1835 1561; x_wconf 86' lang='lat' dir='ltr'><strong>honore</strong></span> <span class='ocrx_word' id='word_1_104' title='bbox 1867 1506 2102 1563; x_wconf 77' lang='lat' dir='ltr'><strong>allicere.</strong></span> 
     </span>
    </p>
   </div>
   <div class='ocr_carea' id='block_1_17' title="bbox 529 1592 2109 1669">
    <p class='ocr_par' dir='ltr' id='par_1_17' title="bbox 529 1592 2109 1669">
     <span class='ocr_line' id='line_1_17' title="bbox 529 1592 2109 1669; baseline 0.002 -19"><span class='ocrx_word' id='word_1_105' title='bbox 529 1592 597 1651; x_wconf 81' lang='lat' dir='ltr'><strong>Ut</strong></span> <span class='ocrx_word' id='word_1_106' title='bbox 634 1597 779 1651; x_wconf 92' lang='lat' dir='ltr'><strong>enim</strong></span> <span class='ocrx_word' id='word_1_107' title='bbox 808 1598 951 1668; x_wconf 90' lang='lat' dir='ltr'><strong>apud</strong></span> <span class='ocrx_word' id='word_1_108' title='bbox 980 1594 1198 1654; x_wconf 64' lang='lat' dir='ltr'><strong>Judzeos</strong></span> <span class='ocrx_word' id='word_1_109' title='bbox 1223 1599 1275 1652; x_wconf 89' lang='lat' dir='ltr'><strong>in</strong></span> <span class='ocrx_word' id='word_1_110' title='bbox 1306 1599 1516 1652; x_wconf 89' lang='lat' dir='ltr'><strong>honore</strong></span> <span class='ocrx_word' id='word_1_111' title='bbox 1542 1613 1758 1669; x_wconf 84' lang='lat' dir='ltr'><strong>semper</strong></span> <span class='ocrx_word' id='word_1_112' title='bbox 1797 1606 2005 1662; x_wconf 90' lang='lat' dir='ltr'><strong>essent,</strong></span> <span class='ocrx_word' id='word_1_113' title='bbox 2052 1605 2109 1653; x_wconf 84' lang='lat' dir='ltr'><strong>et</strong></span> 
     </span>
    </p>
   </div>
   <div class='ocr_carea' id='block_1_18' title="bbox 521 1688 2107 1761">
    <p class='ocr_par' dir='ltr' id='par_1_18' title="bbox 521 1688 2107 1761">
     <span class='ocr_line' id='line_1_18' title="bbox 521 1688 2107 1761; baseline 0.003 -19"><span class='ocrx_word' id='word_1_114' title='bbox 521 1688 744 1745; x_wconf 84' lang='lat' dir='ltr'><strong>divitias</strong></span> <span class='ocrx_word' id='word_1_115' title='bbox 773 1689 1023 1760; x_wconf 73' lang='lat' dir='ltr'><strong>ingentes</strong></span> <span class='ocrx_word' id='word_1_116' title='bbox 1041 1691 1144 1746; x_wconf 89' lang='lat' dir='ltr'><strong>sibi</strong></span> <span class='ocrx_word' id='word_1_117' title='bbox 1167 1699 1576 1761; x_wconf 84' lang='lat' dir='ltr'><strong>compararent,</strong></span> <span class='ocrx_word' id='word_1_118' title='bbox 1601 1692 1879 1745; x_wconf 86' lang='lat' dir='ltr'><strong>neminem</strong></span> <span class='ocrx_word' id='word_1_119' title='bbox 1905 1702 2107 1760; x_wconf 64' lang='lat' dir='ltr'><strong>praeter</strong></span> 
     </span>
    </p>
   </div>
   <div class='ocr_carea' id='block_1_19' title="bbox 520 1780 2104 1856">
    <p class='ocr_par' dir='ltr' id='par_1_19' title="bbox 520 1780 2104 1856">
     <span class='ocr_line' id='line_1_19' title="bbox 520 1780 2104 1856; baseline 0.003 -21"><span class='ocrx_word' id='word_1_120' title='bbox 520 1794 583 1835; x_wconf 85' lang='lat' dir='ltr'><strong>se</strong></span> <span class='ocrx_word' id='word_1_121' title='bbox 614 1780 875 1836; x_wconf 86' lang='lat' dir='ltr'><strong>honorari</strong></span> <span class='ocrx_word' id='word_1_122' title='bbox 910 1784 1281 1852; x_wconf 86' lang='lat' dir='ltr'><strong>patiebantur.</strong></span> <span class='ocrx_word' id='word_1_123' title='bbox 1315 1782 1618 1855; x_wconf 79' lang='lat' dir='ltr'><strong>PrOpterea</strong></span> <span class='ocrx_word' id='word_1_124' title='bbox 1654 1786 1834 1855; x_wconf 87' lang='lat' dir='ltr'><strong>ipsum</strong></span> <span class='ocrx_word' id='word_1_125' title='bbox 1883 1800 2104 1856; x_wconf 89' lang='lat' dir='ltr'><strong>quoque</strong></span> 
     </span>
    </p>
   </div>
   <div class='ocr_carea' id='block_1_20' title="bbox 519 1869 2105 1944">
    <p class='ocr_par' dir='ltr' id='par_1_20' title="bbox 519 1869 2105 1944">
     <span class='ocr_line' id='line_1_20' title="bbox 519 1869 2105 1944; baseline 0.006 -21"><span class='ocrx_word' id='word_1_126' title='bbox 519 1869 914 1928; x_wconf 87' lang='lat' dir='ltr'><strong>interfecerunt</strong></span> <span class='ocrx_word' id='word_1_127' title='bbox 963 1873 1256 1939; x_wconf 64' lang='lat' dir='ltr'><strong>haeredem,</strong></span> <span class='ocrx_word' id='word_1_128' title='bbox 1311 1875 1594 1933; x_wconf 88' lang='lat' dir='ltr'><strong>dicentes:</strong></span> <span class='ocrx_word' id='word_1_129' title='bbox 1641 1894 1661 1928; x_wconf 75' lang='grc' dir='ltr'><strong>ι</strong></span> <span class='ocrx_word' id='word_1_130' title='bbox 1707 1875 1923 1944; x_wconf 73' lang='lat' dir='ltr'><strong>Venite,</strong></span> <span class='ocrx_word' id='word_1_131' title='bbox 1954 1879 2105 1933; x_wconf 82' lang='lat' dir='ltr'><strong>occi-</strong></span> 
     </span>
    </p>
   </div>
   <div class='ocr_carea' id='block_1_21' title="bbox 515 1961 2097 2041">
    <p class='ocr_par' dir='ltr' id='par_1_21' title="bbox 515 1961 2097 2041">
     <span class='ocr_line' id='line_1_21' title="bbox 515 1961 2097 2041; baseline 0.004 -25"><span class='ocrx_word' id='word_1_132' title='bbox 515 1961 718 2020; x_wconf 77' lang='lat' dir='ltr'><strong>damus</strong></span> <span class='ocrx_word' id='word_1_133' title='bbox 746 1980 895 2029; x_wconf 75' lang='lat' dir='ltr'><strong>cuin,</strong></span> <span class='ocrx_word' id='word_1_134' title='bbox 922 1975 977 2021; x_wconf 92' lang='lat' dir='ltr'><strong>et</strong></span> <span class='ocrx_word' id='word_1_135' title='bbox 1031 1966 1358 2024; x_wconf 89' lang='lat' dir='ltr'><strong>habebimus</strong></span> <span class='ocrx_word' id='word_1_136' title='bbox 1422 1967 1802 2025; x_wconf 71' lang='lat' dir='ltr'><strong>haereditatem</strong></span> <span class='ocrx_word' id='word_1_137' title='bbox 1850 1969 2033 2041; x_wconf 85' lang='lat' dir='ltr'><strong>ejus‘.</strong></span> <span class='ocrx_word' id='word_1_138' title='bbox 2079 1989 2097 2022; x_wconf 80' lang='grc' dir='ltr'><strong>ι</strong></span> 
     </span>
    </p>
   </div>
   <div class='ocr_carea' id='block_1_22' title="bbox 588 2220 2103 2301">
    <p class='ocr_par' dir='ltr' id='par_1_22' title="bbox 588 2220 2103 2301">
     <span class='ocr_line' id='line_1_22' title="bbox 588 2220 2103 2301; baseline 0.005 -23"><span class='ocrx_word' id='word_1_139' title='bbox 588 2220 634 2290; x_wconf 83' lang='grc' dir='ltr'><strong>Ι,</strong></span> <span class='ocrx_word' id='word_1_140' title='bbox 659 2222 849 2279; x_wconf 71' lang='grc'><strong>26-27.</strong></span> <span class='ocrx_word' id='word_1_141' title='bbox 886 2223 1178 2295; x_wconf 79' lang='lat' dir='ltr'><strong>Respondit</strong></span> <span class='ocrx_word' id='word_1_142' title='bbox 1214 2228 1290 2282; x_wconf 82' lang='lat' dir='ltr'><strong>eis</strong></span> <span class='ocrx_word' id='word_1_143' title='bbox 1317 2221 1579 2297; x_wconf 73' lang='lat' dir='ltr'><strong>Joannes,</strong></span> <span class='ocrx_word' id='word_1_144' title='bbox 1615 2229 1834 2285; x_wconf 80' lang='lat' dir='ltr'><strong>dicens:</strong></span> <span class='ocrx_word' id='word_1_145' title='bbox 1868 2229 1976 2301; x_wconf 84' lang='lat' dir='ltr'><strong>Ego</strong></span> <span class='ocrx_word' id='word_1_146' title='bbox 2009 2232 2103 2287; x_wconf 84' lang='lat' dir='ltr'><strong>ba-</strong></span> 
     </span>
    </p>
   </div>
   <div class='ocr_carea' id='block_1_23' title="bbox 2219 569 3802 647">
    <p class='ocr_par' dir='ltr' id='par_1_23' title="bbox 2219 569 3802 647">
     <span class='ocr_line' id='line_1_23' title="bbox 2219 569 3802 647; baseline -0.01 -16"><span class='ocrx_word' id='word_1_147' title='bbox 2219 574 2630 647; x_wconf 66' lang='lat' dir='ltr'><strong>xat[atjdc&#39;:stv</strong></span> <span class='ocrx_word' id='word_1_148' title='bbox 2674 572 2859 637; x_wconf 77' lang='grc' dir='ltr'><strong>αὑτὸν,</strong></span> <span class='ocrx_word' id='word_1_149' title='bbox 2890 571 2990 642; x_wconf 74' lang='grc' dir='ltr'><strong>τήν</strong></span> <span class='ocrx_word' id='word_1_150' title='bbox 3029 570 3088 623; x_wconf 72' lang='grc' dir='ltr'><strong>δὲ</strong></span> <span class='ocrx_word' id='word_1_151' title='bbox 3135 570 3349 646; x_wconf 58' lang='grc' dir='ltr'><strong>ἑαυτοῖς</strong></span> <span class='ocrx_word' id='word_1_152' title='bbox 3387 569 3802 642; x_wconf 74' lang='grc' dir='ltr'><strong>συντεθραμμέ-</strong></span> 
     </span>
    </p>
   </div>
   <div class='ocr_carea' id='block_1_24' title="bbox 2217 660 3800 739">
    <p class='ocr_par' dir='ltr' id='par_1_24' title="bbox 2217 660 3800 739">
     <span class='ocr_line' id='line_1_24' title="bbox 2217 660 3800 739; baseline -0.002 -17"><span class='ocrx_word' id='word_1_153' title='bbox 2217 686 2317 739; x_wconf 90' lang='grc' dir='ltr'><strong>νην</strong></span> <span class='ocrx_word' id='word_1_154' title='bbox 2343 667 2624 729; x_wconf 75' lang='grc' dir='ltr'><strong>νοσοῦντες</strong></span> <span class='ocrx_word' id='word_1_155' title='bbox 2645 660 3037 735; x_wconf 81' lang='grc' dir='ltr'><strong>ἀλαζον[ε]ίαν,</strong></span> <span class='ocrx_word' id='word_1_156' title='bbox 3056 661 3209 714; x_wconf 79' lang='grc' dir='ltr'><strong>οὐδὲν</strong></span> <span class='ocrx_word' id='word_1_157' title='bbox 3227 660 3366 715; x_wconf 70' lang='grc' dir='ltr'><strong>εἶναι</strong></span> <span class='ocrx_word' id='word_1_158' title='bbox 3380 662 3683 732; x_wconf 74' lang='grc' dir='ltr'><strong>νομίζουσι,</strong></span> <span class='ocrx_word' id='word_1_159' title='bbox 3698 665 3800 719; x_wconf 80' lang='grc' dir='ltr'><strong>κᾶν</strong></span> 
     </span>
    </p>
   </div>
   <div class='ocr_carea' id='block_1_25' title="bbox 2212 752 3802 828">
    <p class='ocr_par' dir='ltr' id='par_1_25' title="bbox 2212 752 3802 828">
     <span class='ocr_line' id='line_1_25' title="bbox 2212 752 3802 828; baseline -0.01 -15"><span class='ocrx_word' id='word_1_160' title='bbox 2212 758 2306 813; x_wconf 84' lang='grc' dir='ltr'><strong>διὰ</strong></span> <span class='ocrx_word' id='word_1_161' title='bbox 2334 758 2435 828; x_wconf 83' lang='grc' dir='ltr'><strong>τῆς</strong></span> <span class='ocrx_word' id='word_1_162' title='bbox 2461 756 2555 811; x_wconf 83' lang='grc' dir='ltr'><strong>τοῦ</strong></span> <span class='ocrx_word' id='word_1_163' title='bbox 2591 756 2872 827; x_wconf 76' lang='grc' dir='ltr'><strong>προφήτου</strong></span> <span class='ocrx_word' id='word_1_164' title='bbox 2907 752 3352 824; x_wconf 84' lang='grc' dir='ltr'><strong>προαγγέλληται</strong></span> <span class='ocrx_word' id='word_1_165' title='bbox 3381 754 3588 824; x_wconf 82' lang='grc' dir='ltr'><strong>φωνῆς.</strong></span> <span class='ocrx_word' id='word_1_166' title='bbox 3608 755 3802 808; x_wconf 75' lang='grc' dir='ltr'><strong>Ἀκού-</strong></span> 
     </span>
    </p>
   </div>
   <div class='ocr_carea' id='block_1_26' title="bbox 2217 842 3798 919">
    <p class='ocr_par' dir='ltr' id='par_1_26' title="bbox 2217 842 3798 919">
     <span class='ocr_line' id='line_1_26' title="bbox 2217 842 3798 919; baseline -0.003 -17"><span class='ocrx_word' id='word_1_167' title='bbox 2217 864 2411 913; x_wconf 78' lang='grc' dir='ltr'><strong>σαντες</strong></span> <span class='ocrx_word' id='word_1_168' title='bbox 2441 848 2586 919; x_wconf 86' lang='grc' dir='ltr'><strong>γάρ,</strong></span> <span class='ocrx_word' id='word_1_169' title='bbox 2631 848 2713 901; x_wconf 81' lang='grc' dir='ltr'><strong>ὅτι</strong></span> <span class='ocrx_word' id='word_1_170' title='bbox 2744 865 2771 897; x_wconf 68' lang='grc' dir='ltr'><strong>ς</strong></span> <span class='ocrx_word' id='word_1_171' title='bbox 2806 843 2948 913; x_wconf 85' lang='grc' dir='ltr'><strong>Ἐγώ</strong></span> <span class='ocrx_word' id='word_1_172' title='bbox 2973 845 3093 913; x_wconf 82' lang='grc' dir='ltr'><strong>ειμι</strong></span> <span class='ocrx_word' id='word_1_173' title='bbox 3134 842 3289 914; x_wconf 82' lang='grc' dir='ltr'><strong>φωνὴ</strong></span> <span class='ocrx_word' id='word_1_174' title='bbox 3340 843 3576 913; x_wconf 80' lang='grc' dir='ltr'><strong>βοῶντος</strong></span> <span class='ocrx_word' id='word_1_175' title='bbox 3622 846 3680 897; x_wconf 83' lang='grc' dir='ltr'><strong>ἐν</strong></span> <span class='ocrx_word' id='word_1_176' title='bbox 3728 848 3798 915; x_wconf 83' lang='grc' dir='ltr'><strong>τῇ</strong></span> 
     </span>
    </p>
   </div>
   <div class='ocr_carea' id='block_1_27' title="bbox 2216 934 3801 1012">
    <p class='ocr_par' dir='ltr' id='par_1_27' title="bbox 2216 934 3801 1012">
     <span class='ocr_line' id='line_1_27' title="bbox 2216 934 3801 1012; baseline -0.003 -19"><span class='ocrx_word' id='word_1_177' title='bbox 2216 942 2428 1012; x_wconf 76' lang='grc' dir='ltr'><strong>ἐρήμῳ·</strong></span> <span class='ocrx_word' id='word_1_178' title='bbox 2453 937 2812 1010; x_wconf 77' lang='grc' dir='ltr'><strong>Ἑτοιμάσατε</strong></span> <span class='ocrx_word' id='word_1_179' title='bbox 2840 936 2940 1008; x_wconf 80' lang='grc' dir='ltr'><strong>τὴν</strong></span> <span class='ocrx_word' id='word_1_180' title='bbox 2965 936 3089 990; x_wconf 80' lang='grc' dir='ltr'><strong>ὁδὸν</strong></span> <span class='ocrx_word' id='word_1_181' title='bbox 3116 936 3343 1007; x_wconf 80' lang='grc' dir='ltr'><strong>Κυρίου,</strong></span> <span class='ocrx_word' id='word_1_182' title='bbox 3381 953 3401 986; x_wconf 73' lang='grc' dir='ltr'><strong>ι</strong></span> <span class='ocrx_word' id='word_1_183' title='bbox 3435 934 3528 988; x_wconf 74' lang='grc' dir='ltr'><strong>τὸν</strong></span> <span class='ocrx_word' id='word_1_184' title='bbox 3554 934 3710 1003; x_wconf 87' lang='grc' dir='ltr'><strong>λόγον</strong></span> <span class='ocrx_word' id='word_1_185' title='bbox 3737 939 3801 989; x_wconf 82' lang='grc' dir='ltr'><strong>οὐ</strong></span> 
     </span>
    </p>
   </div>
   <div class='ocr_carea' id='block_1_28' title="bbox 2213 1026 3803 1103">
    <p class='ocr_par' dir='ltr' id='par_1_28' title="bbox 2213 1026 3803 1103">
     <span class='ocr_line' id='line_1_28' title="bbox 2213 1026 3803 1103; baseline -0.004 -18"><span class='ocrx_word' id='word_1_186' title='bbox 2213 1028 2650 1103; x_wconf 80' lang='grc' dir='ltr'><strong>παραδεξάμενοι</strong></span> <span class='ocrx_word' id='word_1_187' title='bbox 2671 1068 2687 1095; x_wconf 92' lang='grc'><strong>,</strong></span> <span class='ocrx_word' id='word_1_188' title='bbox 2745 1026 3057 1099; x_wconf 78' lang='grc' dir='ltr'><strong>μονονουχὶ,</strong></span> <span class='ocrx_word' id='word_1_189' title='bbox 3113 1026 3209 1079; x_wconf 79' lang='grc' dir='ltr'><strong>καὶ</strong></span> <span class='ocrx_word' id='word_1_190' title='bbox 3259 1026 3456 1095; x_wconf 79' lang='grc' dir='ltr'><strong>ἀνέδην</strong></span> <span class='ocrx_word' id='word_1_191' title='bbox 3502 1026 3803 1096; x_wconf 71' lang='grc' dir='ltr'><strong>ἐπιτιμῶσι</strong></span> 
     </span>
    </p>
   </div>
   <div class='ocr_carea' id='block_1_29' title="bbox 2213 1114 3802 1192">
    <p class='ocr_par' dir='ltr' id='par_1_29' title="bbox 2213 1114 3802 1192">
     <span class='ocr_line' id='line_1_29' title="bbox 2213 1114 3802 1192; baseline -0.003 -16"><span class='ocrx_word' id='word_1_192' title='bbox 2213 1122 2488 1192; x_wconf 75' lang='grc' dir='ltr'><strong>λέγοντες⁸</strong></span> <span class='ocrx_word' id='word_1_193' title='bbox 2509 1122 2706 1188; x_wconf 74' lang='grc' dir='ltr'><strong>Οὐδὲν,</strong></span> <span class='ocrx_word' id='word_1_194' title='bbox 2736 1114 2782 1174; x_wconf 79' lang='grc' dir='ltr'>ὦ</span> <span class='ocrx_word' id='word_1_195' title='bbox 2812 1114 2992 1186; x_wconf 74' lang='grc' dir='ltr'><strong>οὗτος,</strong></span> <span class='ocrx_word' id='word_1_196' title='bbox 3017 1121 3077 1174; x_wconf 82' lang='grc' dir='ltr'><strong>ὲν</strong></span> <span class='ocrx_word' id='word_1_197' title='bbox 3108 1120 3191 1172; x_wconf 83' lang='grc' dir='ltr'><strong>σοὶ</strong></span> <span class='ocrx_word' id='word_1_198' title='bbox 3213 1119 3277 1172; x_wconf 80' lang='grc' dir='ltr'><strong>τὸ</strong></span> <span class='ocrx_word' id='word_1_199' title='bbox 3304 1118 3647 1183; x_wconf 81' lang='grc' dir='ltr'><strong>ἀξιόπιστον,</strong></span> <span class='ocrx_word' id='word_1_200' title='bbox 3682 1118 3802 1173; x_wconf 81' lang='grc' dir='ltr'><strong>ἀλλ’</strong></span> 
     </span>
    </p>
   </div>
   <div class='ocr_carea' id='block_1_30' title="bbox 2212 1210 3816 1285">
    <p class='ocr_par' dir='ltr' id='par_1_30' title="bbox 2212 1210 3816 1285">
     <span class='ocr_line' id='line_1_30' title="bbox 2212 1210 3816 1285; baseline -0.004 -16"><span class='ocrx_word' id='word_1_201' title='bbox 2212 1216 2334 1269; x_wconf 73' lang='grc' dir='ltr'><strong>οὑδὲ</strong></span> <span class='ocrx_word' id='word_1_202' title='bbox 2365 1214 2428 1269; x_wconf 77' lang='grc' dir='ltr'><strong>τὸ</strong></span> <span class='ocrx_word' id='word_1_203' title='bbox 2459 1214 2795 1285; x_wconf 79' lang='grc' dir='ltr'><strong>θαυμαστὸν,</strong></span> <span class='ocrx_word' id='word_1_204' title='bbox 2825 1212 2858 1285; x_wconf 80' lang='grc' dir='ltr'><strong>ἢ</strong></span> <span class='ocrx_word' id='word_1_205' title='bbox 2894 1213 3068 1283; x_wconf 80' lang='grc' dir='ltr'><strong>μέγα’</strong></span> <span class='ocrx_word' id='word_1_206' title='bbox 3099 1211 3155 1265; x_wconf 88' lang='grc' dir='ltr'><strong>τί</strong></span> <span class='ocrx_word' id='word_1_207' title='bbox 3186 1210 3282 1264; x_wconf 75' lang='grc' dir='ltr'><strong>καὶ</strong></span> <span class='ocrx_word' id='word_1_208' title='bbox 3310 1211 3447 1274; x_wconf 83' lang='grc' dir='ltr'><strong>ὅλως</strong></span> <span class='ocrx_word' id='word_1_209' title='bbox 3476 1210 3762 1281; x_wconf 77' lang='grc' dir='ltr'><strong>βαπτίζεις</strong></span> <span class='ocrx_word' id='word_1_210' title='bbox 3783 1229 3816 1277; x_wconf 88' lang='lat'><strong>;.</strong></span> 
     </span>
    </p>
   </div>
   <div class='ocr_carea' id='block_1_31' title="bbox 2209 1302 3798 1377">
    <p class='ocr_par' dir='ltr' id='par_1_31' title="bbox 2209 1302 3798 1377">
     <span class='ocr_line' id='line_1_31' title="bbox 2209 1302 3798 1377; baseline -0.003 -17"><span class='ocrx_word' id='word_1_211' title='bbox 2209 1307 2265 1360; x_wconf 86' lang='grc' dir='ltr'><strong>τί</strong></span> <span class='ocrx_word' id='word_1_212' title='bbox 2286 1307 2341 1360; x_wconf 88' lang='grc' dir='ltr'><strong>δὲ</strong></span> <span class='ocrx_word' id='word_1_213' title='bbox 2363 1307 2650 1377; x_wconf 79' lang='grc' dir='ltr'><strong>πράγματι</strong></span> <span class='ocrx_word' id='word_1_214' title='bbox 2677 1304 3014 1377; x_wconf 72' lang='grc' dir='ltr'><strong>τηλικούτῳ,</strong></span> <span class='ocrx_word' id='word_1_215' title='bbox 3043 1304 3104 1358; x_wconf 73' lang='grc' dir='ltr'>τὸ</span> <span class='ocrx_word' id='word_1_216' title='bbox 3133 1302 3434 1375; x_wconf 78' lang='grc' dir='ltr'><strong>μηδὲν-ὣν,</strong></span> <span class='ocrx_word' id='word_1_217' title='bbox 3460 1304 3798 1374; x_wconf 74' lang='grc' dir='ltr'><strong>ὲπιχειρεῖςς</strong></span> 
     </span>
    </p>
   </div>
   <div class='ocr_carea' id='block_1_32' title="bbox 2208 1396 3800 1465">
    <p class='ocr_par' dir='ltr' id='par_1_32' title="bbox 2208 1396 3800 1465">
     <span class='ocr_line' id='line_1_32' title="bbox 2208 1396 3800 1465; baseline -0.004 -12"><span class='ocrx_word' id='word_1_218' title='bbox 2208 1397 2369 1462; x_wconf 77' lang='grc' dir='ltr'><strong>Ἔθος</strong></span> <span class='ocrx_word' id='word_1_219' title='bbox 2403 1398 2462 1453; x_wconf 70' lang='grc' dir='ltr'><strong>δὲ</strong></span> <span class='ocrx_word' id='word_1_220' title='bbox 2496 1398 2657 1452; x_wconf 86' lang='grc' dir='ltr'><strong>τοῦτο</strong></span> <span class='ocrx_word' id='word_1_221' title='bbox 2686 1401 2861 1452; x_wconf 86' lang='grc' dir='ltr'><strong>ποιεῖν</strong></span> <span class='ocrx_word' id='word_1_222' title='bbox 2897 1400 3012 1461; x_wconf 88' lang='grc' dir='ltr'><strong>τοῖς</strong></span> <span class='ocrx_word' id='word_1_223' title='bbox 3039 1397 3276 1459; x_wconf 77' lang='grc' dir='ltr'><strong>ἀνοσίοις</strong></span> <span class='ocrx_word' id='word_1_224' title='bbox 3313 1396 3628 1465; x_wconf 73' lang='grc' dir='ltr'><strong>Φαρισαίοις</strong></span> <span class='ocrx_word' id='word_1_225' title='bbox 3648 1435 3663 1457; x_wconf 91' lang='grc'><strong>,</strong></span> <span class='ocrx_word' id='word_1_226' title='bbox 3702 1396 3800 1448; x_wconf 71' lang='grc' dir='ltr'><strong>τὸν</strong></span> 
     </span>
    </p>
   </div>
   <div class='ocr_carea' id='block_1_33' title="bbox 2213 1485 3798 1561">
    <p class='ocr_par' dir='ltr' id='par_1_33' title="bbox 2213 1485 3798 1561">
     <span class='ocr_line' id='line_1_33' title="bbox 2213 1485 3798 1561; baseline -0.002 -17"><span class='ocrx_word' id='word_1_227' title='bbox 2213 1491 2311 1561; x_wconf 87' lang='grc' dir='ltr'><strong>μὲν</strong></span> <span class='ocrx_word' id='word_1_228' title='bbox 2342 1491 2444 1561; x_wconf 75' lang='grc' dir='ltr'><strong>ἤδη</strong></span> <span class='ocrx_word' id='word_1_229' title='bbox 2475 1492 2719 1561; x_wconf 80' lang='grc' dir='ltr'><strong>παρόντα</strong></span> <span class='ocrx_word' id='word_1_230' title='bbox 2745 1488 3244 1560; x_wconf 83' lang='grc' dir='ltr'><strong>κατασμικρύνειν,</strong></span> <span class='ocrx_word' id='word_1_231' title='bbox 3296 1485 3713 1557; x_wconf 81' lang='grc' dir='ltr'><strong>προσποιεῖσθαι</strong></span> <span class='ocrx_word' id='word_1_232' title='bbox 3736 1488 3798 1541; x_wconf 82' lang='grc' dir='ltr'><strong>δὲ</strong></span> 
     </span>
    </p>
   </div>
   <div class='ocr_carea' id='block_1_34' title="bbox 2212 1578 3800 1654">
    <p class='ocr_par' dir='ltr' id='par_1_34' title="bbox 2212 1578 3800 1654">
     <span class='ocr_line' id='line_1_34' title="bbox 2212 1578 3800 1654; baseline -0.002 -18"><span class='ocrx_word' id='word_1_233' title='bbox 2212 1582 2413 1653; x_wconf 79' lang='grc' dir='ltr'><strong>μᾶλλον</strong></span> <span class='ocrx_word' id='word_1_234' title='bbox 2440 1584 2608 1654; x_wconf 81' lang='grc' dir='ltr'><strong>τιμᾷν</strong></span> <span class='ocrx_word' id='word_1_235' title='bbox 2635 1581 2727 1637; x_wconf 73' lang='grc' dir='ltr'><strong>τὸν</strong></span> <span class='ocrx_word' id='word_1_236' title='bbox 2761 1580 3089 1653; x_wconf 78' lang='grc' dir='ltr'><strong>ἀφιξόμενον</strong></span> <span class='ocrx_word' id='word_1_237' title='bbox 3114 1598 3130 1613; x_wconf 91' lang='grc'><strong>·</strong></span> <span class='ocrx_word' id='word_1_238' title='bbox 3160 1581 3251 1634; x_wconf 67' lang='grc' dir='ltr'><strong>ἵνα</strong></span> <span class='ocrx_word' id='word_1_239' title='bbox 3267 1580 3379 1651; x_wconf 90' lang='grc' dir='ltr'><strong>γάρ</strong></span> <span class='ocrx_word' id='word_1_240' title='bbox 3410 1580 3498 1634; x_wconf 71' lang='grc' dir='ltr'><strong>ἀεὶ</strong></span> <span class='ocrx_word' id='word_1_241' title='bbox 3515 1578 3616 1642; x_wconf 79' lang='grc' dir='ltr'><strong>τὰς</strong></span> <span class='ocrx_word' id='word_1_242' title='bbox 3643 1580 3800 1649; x_wconf 84' lang='grc' dir='ltr'><strong>παρά</strong></span> 
     </span>
    </p>
   </div>
   <div class='ocr_carea' id='block_1_35' title="bbox 2204 1671 3801 1746">
    <p class='ocr_par' dir='ltr' id='par_1_35' title="bbox 2204 1671 3801 1746">
     <span class='ocr_line' id='line_1_35' title="bbox 2204 1671 3801 1746; baseline -0.003 -20"><span class='ocrx_word' id='word_1_243' title='bbox 2204 1673 2316 1727; x_wconf 86' lang='grc' dir='ltr'><strong>τῶν</strong></span> <span class='ocrx_word' id='word_1_244' title='bbox 2345 1674 2614 1728; x_wconf 80' lang='grc' dir='ltr'><strong>Ἰουδαίων</strong></span> <span class='ocrx_word' id='word_1_245' title='bbox 2634 1672 3133 1746; x_wconf 87' lang='grc' dir='ltr'><strong>πραγματεύωνται</strong></span> <span class='ocrx_word' id='word_1_246' title='bbox 3155 1672 3343 1743; x_wconf 78' lang='grc' dir='ltr'><strong>τιμὰς,</strong></span> <span class='ocrx_word' id='word_1_247' title='bbox 3369 1671 3460 1725; x_wconf 75' lang='grc' dir='ltr'><strong>καὶ</strong></span> <span class='ocrx_word' id='word_1_248' title='bbox 3494 1671 3801 1742; x_wconf 78' lang='grc' dir='ltr'><strong>χρημάτων</strong></span> 
     </span>
    </p>
   </div>
   <div class='ocr_carea' id='block_1_36' title="bbox 2208 1763 3803 1838">
    <p class='ocr_par' dir='ltr' id='par_1_36' title="bbox 2208 1763 3803 1838">
     <span class='ocr_line' id='line_1_36' title="bbox 2208 1763 3803 1838; baseline -0.002 -20"><span class='ocrx_word' id='word_1_249' title='bbox 2208 1766 2421 1829; x_wconf 79' lang='grc' dir='ltr'><strong>ἑαυτοῖς</strong></span> <span class='ocrx_word' id='word_1_250' title='bbox 2475 1766 2777 1836; x_wconf 80' lang='grc' dir='ltr'><strong>προξενῶσι</strong></span> <span class='ocrx_word' id='word_1_251' title='bbox 2829 1765 3134 1838; x_wconf 71' lang='grc' dir='ltr'><strong>πορισμοὺς</strong></span> <span class='ocrx_word' id='word_1_252' title='bbox 3157 1804 3173 1831; x_wconf 95' lang='grc'><strong>,</strong></span> <span class='ocrx_word' id='word_1_253' title='bbox 3226 1764 3418 1818; x_wconf 76' lang='grc' dir='ltr'><strong>οὐδένα</strong></span> <span class='ocrx_word' id='word_1_254' title='bbox 3461 1763 3574 1817; x_wconf 85' lang='grc' dir='ltr'><strong>τῶν</strong></span> <span class='ocrx_word' id='word_1_255' title='bbox 3612 1763 3803 1819; x_wconf 82' lang='grc' dir='ltr'><strong>ἀλλων</strong></span> 
     </span>
    </p>
   </div>
   <div class='ocr_carea' id='block_1_37' title="bbox 2136 1829 3800 1928">
    <p class='ocr_par' dir='ltr' id='par_1_37' title="bbox 2136 1829 3800 1928">
     <span class='ocr_line' id='line_1_37' title="bbox 2136 1829 3800 1928; baseline 0 -19"><span class='ocrx_word' id='word_1_256' title='bbox 2136 1829 2178 1889; x_wconf 75' lang='grc' dir='ltr'><strong>Β</strong></span> <span class='ocrx_word' id='word_1_257' title='bbox 2206 1856 2437 1927; x_wconf 82' lang='grc' dir='ltr'><strong>ὁρᾶσθαι</strong></span> <span class='ocrx_word' id='word_1_258' title='bbox 2487 1829 2766 1927; x_wconf 71' lang='grc' dir='ltr'><strong>βούλονται</strong></span> <span class='ocrx_word' id='word_1_259' title='bbox 2799 1829 3100 1928; x_wconf 72' lang='grc' dir='ltr'><strong>διαπρεπῆ.</strong></span> <span class='ocrx_word' id='word_1_260' title='bbox 3156 1829 3316 1909; x_wconf 76' lang='grc' dir='ltr'><strong>Οὕτω</strong></span> <span class='ocrx_word' id='word_1_261' title='bbox 3346 1857 3458 1927; x_wconf 85' lang='grc' dir='ltr'><strong>γὰρ</strong></span> <span class='ocrx_word' id='word_1_262' title='bbox 3501 1856 3597 1910; x_wconf 72' lang='grc' dir='ltr'><strong>καὶ</strong></span> <span class='ocrx_word' id='word_1_263' title='bbox 3627 1856 3800 1910; x_wconf 78' lang='grc' dir='ltr'><strong>αὐτὸν</strong></span> 
     </span>
    </p>
   </div>
   <div class='ocr_carea' id='block_1_38' title="bbox 2205 1944 3798 2021">
    <p class='ocr_par' dir='ltr' id='par_1_38' title="bbox 2205 1944 3798 2021">
     <span class='ocr_line' id='line_1_38' title="bbox 2205 1944 3798 2021; baseline 0 -20"><span class='ocrx_word' id='word_1_264' title='bbox 2205 1947 2534 2003; x_wconf 67' lang='grc' dir='ltr'><strong>ἀπέκτειναν</strong></span> <span class='ocrx_word' id='word_1_265' title='bbox 2553 1950 2647 2004; x_wconf 76' lang='grc' dir='ltr'><strong>τὸν</strong></span> <span class='ocrx_word' id='word_1_266' title='bbox 2676 1944 3037 2021; x_wconf 67' lang='grc' dir='ltr'><strong>ἱιληρονόμον,</strong></span> <span class='ocrx_word' id='word_1_267' title='bbox 3068 1947 3349 2017; x_wconf 80' lang='grc' dir='ltr'><strong>λέγοντες·</strong></span> <span class='ocrx_word' id='word_1_268' title='bbox 3391 1946 3798 2013; x_wconf 45' lang='lat' dir='ltr'><strong>«£stst-</strong></span> 
     </span>
    </p>
   </div>
   <div class='ocr_carea' id='block_1_39' title="bbox 2206 2040 3815 2113">
    <p class='ocr_par' dir='ltr' id='par_1_39' title="bbox 2206 2040 3815 2113">
     <span class='ocr_line' id='line_1_39' title="bbox 2206 2040 3815 2113; baseline -0.001 -18"><span class='ocrx_word' id='word_1_269' title='bbox 2206 2041 2508 2112; x_wconf 82' lang='grc' dir='ltr'><strong>κτείνωμεν</strong></span> <span class='ocrx_word' id='word_1_270' title='bbox 2563 2042 2756 2108; x_wconf 80' lang='grc' dir='ltr'><strong>αὐτὸν,</strong></span> <span class='ocrx_word' id='word_1_271' title='bbox 2814 2042 2909 2096; x_wconf 75' lang='grc' dir='ltr'><strong>καὶ</strong></span> <span class='ocrx_word' id='word_1_272' title='bbox 2980 2040 3202 2113; x_wconf 82' lang='grc' dir='ltr'><strong>σχῶμεν</strong></span> <span class='ocrx_word' id='word_1_273' title='bbox 3258 2040 3359 2112; x_wconf 80' lang='grc' dir='ltr'><strong>τὴν</strong></span> <span class='ocrx_word' id='word_1_274' title='bbox 3426 2040 3815 2112; x_wconf 80' lang='grc' dir='ltr'><strong>κληρονομίαν-</strong></span> 
     </span>
    </p>
   </div>
   <div class='ocr_carea' id='block_1_40' title="bbox 2204 2132 2448 2188">
    <p class='ocr_par' dir='ltr' id='par_1_40' title="bbox 2204 2132 2448 2188">
     <span class='ocr_line' id='line_1_40' title="bbox 2204 2132 2448 2188; baseline 0.004 -3"><span class='ocrx_word' id='word_1_275' title='bbox 2204 2132 2389 2188; x_wconf 84' lang='grc' dir='ltr'><strong>αὐτοῦ.</strong></span> <span class='ocrx_word' id='word_1_276' title='bbox 2428 2152 2448 2186; x_wconf 76' lang='grc' dir='ltr'><strong>ι</strong></span> 
     </span>
    </p>
   </div>
   <div class='ocr_carea' id='block_1_41' title="bbox 2288 2222 3800 2293">
    <p class='ocr_par' dir='ltr' id='par_1_41' title="bbox 2288 2222 3800 2293">
     <span class='ocr_line' id='line_1_41' title="bbox 2288 2222 3800 2293; baseline -0.002 -15"><span class='ocrx_word' id='word_1_277' title='bbox 2288 2225 2591 2293; x_wconf 76' lang='grc' dir='ltr'><strong>Ἀπεκρίθη</strong></span> <span class='ocrx_word' id='word_1_278' title='bbox 2620 2224 2826 2291; x_wconf 78' lang='grc' dir='ltr'><strong>αὐτοῖς</strong></span> <span class='ocrx_word' id='word_1_279' title='bbox 2850 2227 2884 2279; x_wconf 83' lang='grc' dir='ltr'><em>ὁ</em></span> <span class='ocrx_word' id='word_1_280' title='bbox 2924 2222 3219 2291; x_wconf 64' lang='grc' dir='ltr'><strong>Ἰωάννης,</strong></span> <span class='ocrx_word' id='word_1_281' title='bbox 3250 2223 3466 2293; x_wconf 57' lang='grc' dir='ltr'><strong>λέγων’</strong></span> <span class='ocrx_word' id='word_1_282' title='bbox 3511 2223 3654 2293; x_wconf 75' lang='grc' dir='ltr'><strong>Ἐγὼ</strong></span> <span class='ocrx_word' id='word_1_283' title='bbox 3668 2225 3800 2287; x_wconf 56' lang='grc' dir='ltr'><strong>ιβι-</strong></span> 
     </span>
    </p>
   </div>
   <div class='ocr_carea' id='block_1_42' title="bbox 513 2314 2094 2395">
    <p class='ocr_par' dir='ltr' id='par_1_42' title="bbox 513 2317 2094 2395">
     <span class='ocr_line' id='line_1_42' title="bbox 513 2317 2094 2395; baseline 0.006 -25"><span class='ocrx_word' id='word_1_284' title='bbox 513 2318 660 2383; x_wconf 72' lang='lat' dir='ltr'><strong>ptizo</strong></span> <span class='ocrx_word' id='word_1_285' title='bbox 690 2317 748 2371; x_wconf 80' lang='lat' dir='ltr'><strong>in</strong></span> <span class='ocrx_word' id='word_1_286' title='bbox 804 2334 985 2388; x_wconf 86' lang='lat' dir='ltr'><strong>aqua:</strong></span> <span class='ocrx_word' id='word_1_287' title='bbox 1024 2319 1228 2373; x_wconf 79' lang='lat' dir='ltr'><strong>medius</strong></span> <span class='ocrx_word' id='word_1_288' title='bbox 1265 2331 1441 2374; x_wconf 83' lang='lat' dir='ltr'><strong>autem</strong></span> <span class='ocrx_word' id='word_1_289' title='bbox 1481 2331 1709 2376; x_wconf 75' lang='lat' dir='ltr'><strong>vestrum</strong></span> <span class='ocrx_word' id='word_1_290' title='bbox 1737 2326 1907 2387; x_wconf 80' lang='lat' dir='ltr'><strong>stetit,</strong></span> <span class='ocrx_word' id='word_1_291' title='bbox 1948 2343 2094 2395; x_wconf 82' lang='lat' dir='ltr'><strong>quem</strong></span> 
     </span>
    </p>
   </div>
   <div class='ocr_carea' id='block_1_43' title="bbox 2191 2314 3803 2395">
    <p class='ocr_par' dir='ltr' id='par_1_43' title="bbox 2203 2314 3803 2387">
     <span class='ocr_line' id='line_1_43' title="bbox 2203 2314 3803 2387; baseline 0 -18"><span class='ocrx_word' id='word_1_292' title='bbox 2203 2314 2379 2378; x_wconf 74' lang='grc' dir='ltr'><strong>πτίζω</strong></span> <span class='ocrx_word' id='word_1_293' title='bbox 2398 2318 2469 2371; x_wconf 80' lang='grc' dir='ltr'><strong>ἐν</strong></span> <span class='ocrx_word' id='word_1_294' title='bbox 2487 2316 2660 2372; x_wconf 77' lang='grc' dir='ltr'><strong>ὕδατι</strong></span> <span class='ocrx_word' id='word_1_295' title='bbox 2682 2335 2697 2348; x_wconf 77' lang='lat'><strong>-</strong></span> <span class='ocrx_word' id='word_1_296' title='bbox 2728 2318 2920 2387; x_wconf 82' lang='grc' dir='ltr'><strong>μέσος</strong></span> <span class='ocrx_word' id='word_1_297' title='bbox 2943 2317 3011 2370; x_wconf 83' lang='grc' dir='ltr'><strong>δὲ</strong></span> <span class='ocrx_word' id='word_1_298' title='bbox 3030 2316 3197 2385; x_wconf 78' lang='grc' dir='ltr'><strong>ὑμῶν</strong></span> <span class='ocrx_word' id='word_1_299' title='bbox 3215 2315 3495 2383; x_wconf 73' lang='grc' dir='ltr'><strong>ἕστηκεν,</strong></span> <span class='ocrx_word' id='word_1_300' title='bbox 3521 2316 3597 2369; x_wconf 76' lang='grc' dir='ltr'><strong>ὃν</strong></span> <span class='ocrx_word' id='word_1_301' title='bbox 3617 2315 3803 2384; x_wconf 77' lang='grc' dir='ltr'><strong>ὑμεῖς</strong></span> 
     </span>
    </p>
   </div>
   <div class='ocr_carea' id='block_1_44' title="bbox 514 2407 2094 2487">
    <p class='ocr_par' dir='ltr' id='par_1_44' title="bbox 514 2409 2094 2487">
     <span class='ocr_line' id='line_1_44' title="bbox 514 2409 2094 2487; baseline 0.007 -25"><span class='ocrx_word' id='word_1_302' title='bbox 514 2424 605 2463; x_wconf 75' lang='lat' dir='ltr'><strong>vos</strong></span> <span class='ocrx_word' id='word_1_303' title='bbox 637 2410 871 2464; x_wconf 81' lang='lat' dir='ltr'><strong>nescitis.</strong></span> <span class='ocrx_word' id='word_1_304' title='bbox 905 2409 1022 2476; x_wconf 78' lang='lat' dir='ltr'><strong>Ipse</strong></span> <span class='ocrx_word' id='word_1_305' title='bbox 1045 2422 1145 2475; x_wconf 84' lang='lat' dir='ltr'><strong>est,</strong></span> <span class='ocrx_word' id='word_1_306' title='bbox 1177 2413 1268 2482; x_wconf 83' lang='lat' dir='ltr'><strong>qui</strong></span> <span class='ocrx_word' id='word_1_307' title='bbox 1307 2423 1422 2482; x_wconf 84' lang='lat' dir='ltr'><strong>post</strong></span> <span class='ocrx_word' id='word_1_308' title='bbox 1460 2430 1541 2468; x_wconf 81' lang='lat' dir='ltr'><strong>me</strong></span> <span class='ocrx_word' id='word_1_309' title='bbox 1585 2425 1833 2470; x_wconf 82' lang='lat' dir='ltr'><strong>venturus</strong></span> <span class='ocrx_word' id='word_1_310' title='bbox 1863 2426 1963 2477; x_wconf 82' lang='lat' dir='ltr'><strong>est.</strong></span> <span class='ocrx_word' id='word_1_311' title='bbox 2012 2421 2094 2487; x_wconf 82' lang='lat' dir='ltr'><strong>qui</strong></span> 
     </span>
    </p>
   </div>
   <div class='ocr_carea' id='block_1_45' title="bbox 2191 2407 3796 2487">
    <p class='ocr_par' dir='ltr' id='par_1_45' title="bbox 2201 2407 3796 2477">
     <span class='ocr_line' id='line_1_45' title="bbox 2201 2407 3796 2477; baseline -0.001 -16"><span class='ocrx_word' id='word_1_312' title='bbox 2201 2411 2312 2463; x_wconf 78' lang='grc' dir='ltr'><strong>οὐκ</strong></span> <span class='ocrx_word' id='word_1_313' title='bbox 2334 2409 2554 2464; x_wconf 73' lang='grc' dir='ltr'><strong>οἴδατε.</strong></span> <span class='ocrx_word' id='word_1_314' title='bbox 2576 2408 2768 2475; x_wconf 80' lang='grc' dir='ltr'><strong>Αὐτός</strong></span> <span class='ocrx_word' id='word_1_315' title='bbox 2787 2410 2977 2473; x_wconf 79' lang='grc' dir='ltr'><strong>ἐστιν,</strong></span> <span class='ocrx_word' id='word_1_316' title='bbox 3005 2411 3039 2462; x_wconf 87' lang='grc' dir='ltr'><strong>ό</strong></span> <span class='ocrx_word' id='word_1_317' title='bbox 3071 2408 3266 2462; x_wconf 74' lang='grc' dir='ltr'><strong>ὀπίσω</strong></span> <span class='ocrx_word' id='word_1_318' title='bbox 3294 2425 3412 2477; x_wconf 91' lang='grc' dir='ltr'><strong>μου</strong></span> <span class='ocrx_word' id='word_1_319' title='bbox 3441 2407 3796 2477; x_wconf 78' lang='grc' dir='ltr'><strong>ἐρχόμενος,</strong></span> 
     </span>
    </p>
   </div>
   <div class='ocr_carea' id='block_1_46' title="bbox 515 2495 2094 2575">
    <p class='ocr_par' dir='ltr' id='par_1_46' title="bbox 515 2499 2094 2575">
     <span class='ocr_line' id='line_1_46' title="bbox 515 2499 2094 2575; baseline 0.008 -24"><span class='ocrx_word' id='word_1_320' title='bbox 515 2507 640 2553; x_wconf 83' lang='lat' dir='ltr'><strong>ante</strong></span> <span class='ocrx_word' id='word_1_321' title='bbox 673 2516 754 2552; x_wconf 84' lang='lat' dir='ltr'><strong>me</strong></span> <span class='ocrx_word' id='word_1_322' title='bbox 774 2499 953 2568; x_wconf 82' lang='lat' dir='ltr'><strong>factus</strong></span> <span class='ocrx_word' id='word_1_323' title='bbox 982 2509 1099 2567; x_wconf 78' lang='lat' dir='ltr'><strong>est;</strong></span> <span class='ocrx_word' id='word_1_324' title='bbox 1126 2501 1278 2570; x_wconf 83' lang='lat' dir='ltr'><strong>cujus</strong></span> <span class='ocrx_word' id='word_1_325' title='bbox 1302 2518 1407 2556; x_wconf 82' lang='lat' dir='ltr'><strong>non</strong></span> <span class='ocrx_word' id='word_1_326' title='bbox 1429 2520 1547 2557; x_wconf 88' lang='lat' dir='ltr'><strong>sum</strong></span> <span class='ocrx_word' id='word_1_327' title='bbox 1573 2504 1787 2575; x_wconf 81' lang='lat' dir='ltr'><strong>dignus,</strong></span> <span class='ocrx_word' id='word_1_328' title='bbox 1820 2516 1878 2560; x_wconf 84' lang='lat' dir='ltr'><strong>ut</strong></span> <span class='ocrx_word' id='word_1_329' title='bbox 1896 2509 2094 2563; x_wconf 73' lang='lat' dir='ltr'><strong>solvam</strong></span> 
     </span>
    </p>
   </div>
   <div class='ocr_carea' id='block_1_47' title="bbox 2191 2495 3807 2575">
    <p class='ocr_par' dir='ltr' id='par_1_47' title="bbox 2202 2495 3807 2572">
     <span class='ocr_line' id='line_1_47' title="bbox 2202 2495 3807 2572; baseline -0.001 -19"><span class='ocrx_word' id='word_1_330' title='bbox 2202 2499 2271 2566; x_wconf 80' lang='grc' dir='ltr'><strong>ὃς</strong></span> <span class='ocrx_word' id='word_1_331' title='bbox 2318 2500 2662 2569; x_wconf 70' lang='grc' dir='ltr'><strong>ἔμπροσθέν</strong></span> <span class='ocrx_word' id='word_1_332' title='bbox 2716 2518 2837 2572; x_wconf 79' lang='grc' dir='ltr'><strong>μου</strong></span> <span class='ocrx_word' id='word_1_333' title='bbox 2889 2500 3169 2571; x_wconf 76' lang='grc' dir='ltr'><strong>γέγονεν,</strong></span> <span class='ocrx_word' id='word_1_334' title='bbox 3219 2495 3293 2556; x_wconf 84' lang='grc' dir='ltr'><strong>οὗ</strong></span> <span class='ocrx_word' id='word_1_335' title='bbox 3334 2498 3450 2570; x_wconf 76' lang='grc' dir='ltr'><strong>ἐγὼ</strong></span> <span class='ocrx_word' id='word_1_336' title='bbox 3506 2502 3620 2554; x_wconf 78' lang='grc' dir='ltr'><strong>οὐκ</strong></span> <span class='ocrx_word' id='word_1_337' title='bbox 3669 2499 3807 2568; x_wconf 63' lang='grc' dir='ltr'><strong>ειμι»</strong></span> 
     </span>
    </p>
   </div>
   <div class='ocr_carea' id='block_1_48' title="bbox 511 2592 1358 2663">
    <p class='ocr_par' dir='ltr' id='par_1_48' title="bbox 511 2592 1358 2663">
     <span class='ocr_line' id='line_1_48' title="bbox 511 2592 1358 2663; baseline 0.002 -17"><span class='ocrx_word' id='word_1_338' title='bbox 511 2592 628 2662; x_wconf 79' lang='lat' dir='ltr'><strong>ejus</strong></span> <span class='ocrx_word' id='word_1_339' title='bbox 659 2594 950 2663; x_wconf 83' lang='lat' dir='ltr'><strong>corrigiam</strong></span> <span class='ocrx_word' id='word_1_340' title='bbox 990 2592 1358 2649; x_wconf 80' lang='lat' dir='ltr'><strong>calceamenti.</strong></span> 
     </span>
    </p>
   </div>
   <div class='ocr_carea' id='block_1_49' title="bbox 582 2772 2093 2851">
    <p class='ocr_par' dir='ltr' id='par_1_49' title="bbox 582 2772 2093 2851">
     <span class='ocr_line' id='line_1_49' title="bbox 582 2772 2093 2851; baseline 0.006 -22"><span class='ocrx_word' id='word_1_341' title='bbox 582 2772 783 2829; x_wconf 80' lang='lat' dir='ltr'><strong>Beatus</strong></span> <span class='ocrx_word' id='word_1_342' title='bbox 823 2772 1068 2844; x_wconf 87' lang='lat' dir='ltr'><strong>Baptista</strong></span> <span class='ocrx_word' id='word_1_343' title='bbox 1115 2790 1273 2847; x_wconf 68' lang='lat' dir='ltr'><strong>aequo</strong></span> <span class='ocrx_word' id='word_1_344' title='bbox 1321 2777 1507 2832; x_wconf 88' lang='lat' dir='ltr'><strong>animo</strong></span> <span class='ocrx_word' id='word_1_345' title='bbox 1556 2777 1664 2833; x_wconf 90' lang='lat' dir='ltr'><strong>fert</strong></span> <span class='ocrx_word' id='word_1_346' title='bbox 1717 2778 2093 2851; x_wconf 85' lang='lat' dir='ltr'><strong>increpantes,</strong></span> 
     </span>
    </p>
   </div>
   <div class='ocr_carea' id='block_1_50' title="bbox 505 2867 2097 2941">
    <p class='ocr_par' dir='ltr' id='par_1_50' title="bbox 505 2867 2097 2941">
     <span class='ocr_line' id='line_1_50' title="bbox 505 2867 2097 2941; baseline 0.004 -19"><span class='ocrx_word' id='word_1_347' title='bbox 505 2872 563 2922; x_wconf 76' lang='lat' dir='ltr'><strong>et</strong></span> <span class='ocrx_word' id='word_1_348' title='bbox 592 2867 749 2922; x_wconf 88' lang='lat' dir='ltr'><strong>valde</strong></span> <span class='ocrx_word' id='word_1_349' title='bbox 763 2868 1015 2938; x_wconf 86' lang='lat' dir='ltr'><strong>apposite</strong></span> <span class='ocrx_word' id='word_1_350' title='bbox 1043 2868 1306 2925; x_wconf 89' lang='lat' dir='ltr'><strong>salutaris</strong></span> <span class='ocrx_word' id='word_1_351' title='bbox 1333 2872 1596 2941; x_wconf 64' lang='lat' dir='ltr'><strong>praeconii</strong></span> <span class='ocrx_word' id='word_1_352' title='bbox 1620 2873 1967 2929; x_wconf 83' lang='lat' dir='ltr'><strong>occasionem</strong></span> <span class='ocrx_word' id='word_1_353' title='bbox 2002 2891 2097 2930; x_wconf 90' lang='lat' dir='ltr'><strong>su-</strong></span> 
     </span>
    </p>
   </div>
   <div class='ocr_carea' id='block_1_51' title="bbox 504 2958 2092 3035">
    <p class='ocr_par' dir='ltr' id='par_1_51' title="bbox 504 2958 2092 3035">
     <span class='ocr_line' id='line_1_51' title="bbox 504 2958 2092 3035; baseline 0.008 -23"><span class='ocrx_word' id='word_1_354' title='bbox 504 2959 607 3013; x_wconf 85' lang='lat' dir='ltr'><strong>mit</strong></span> <span class='ocrx_word' id='word_1_355' title='bbox 631 2974 697 3013; x_wconf 77' lang='lat' dir='ltr'><strong>ex</strong></span> <span class='ocrx_word' id='word_1_356' title='bbox 723 2958 791 3014; x_wconf 86' lang='lat' dir='ltr'><strong>iis</strong></span> <span class='ocrx_word' id='word_1_357' title='bbox 821 2974 943 3030; x_wconf 69' lang='lat' dir='ltr'><strong>qua:</strong></span> <span class='ocrx_word' id='word_1_358' title='bbox 973 2960 1040 3016; x_wconf 90' lang='lat' dir='ltr'><strong>de</strong></span> <span class='ocrx_word' id='word_1_359' title='bbox 1071 2976 1131 3017; x_wconf 89' lang='lat' dir='ltr'><strong>se</strong></span> <span class='ocrx_word' id='word_1_360' title='bbox 1178 2970 1402 3017; x_wconf 87' lang='lat' dir='ltr'><strong>narrat:</strong></span> <span class='ocrx_word' id='word_1_361' title='bbox 1444 2963 1715 3035; x_wconf 88' lang='lat' dir='ltr'><strong>docetque</strong></span> <span class='ocrx_word' id='word_1_362' title='bbox 1746 2965 1966 3021; x_wconf 90' lang='lat' dir='ltr'><strong>demum</strong></span> <span class='ocrx_word' id='word_1_363' title='bbox 2005 2970 2092 3024; x_wconf 86' lang='lat' dir='ltr'><strong>vel</strong></span> 
     </span>
    </p>
   </div>
   <div class='ocr_carea' id='block_1_52' title="bbox 503 3048 2088 3119">
    <p class='ocr_par' dir='ltr' id='par_1_52' title="bbox 503 3048 2088 3119">
     <span class='ocr_line' id='line_1_52' title="bbox 503 3048 2088 3119; baseline 0.006 -16"><span class='ocrx_word' id='word_1_364' title='bbox 503 3048 711 3105; x_wconf 75' lang='lat' dir='ltr'><strong>invitos</strong></span> <span class='ocrx_word' id='word_1_365' title='bbox 742 3050 836 3119; x_wconf 84' lang='lat' dir='ltr'><strong>qui</strong></span> <span class='ocrx_word' id='word_1_366' title='bbox 869 3050 938 3104; x_wconf 91' lang='lat' dir='ltr'><strong>ad</strong></span> <span class='ocrx_word' id='word_1_367' title='bbox 972 3066 1033 3106; x_wconf 87' lang='lat' dir='ltr'><strong>se</strong></span> <span class='ocrx_word' id='word_1_368' title='bbox 1060 3051 1215 3107; x_wconf 90' lang='lat' dir='ltr'><strong>missi</strong></span> <span class='ocrx_word' id='word_1_369' title='bbox 1244 3062 1402 3107; x_wconf 86' lang='lat' dir='ltr'><strong>erant</strong></span> <span class='ocrx_word' id='word_1_370' title='bbox 1435 3050 1769 3118; x_wconf 83' lang='lat' dir='ltr'><strong>Pharisaeos,</strong></span> <span class='ocrx_word' id='word_1_371' title='bbox 1801 3056 2088 3113; x_wconf 86' lang='lat' dir='ltr'><strong>Christum</strong></span> 
     </span>
    </p>
   </div>
   <div class='ocr_carea' id='block_1_53' title="bbox 2200 2590 3801 2664">
    <p class='ocr_par' dir='ltr' id='par_1_53' title="bbox 2200 2590 3801 2664">
     <span class='ocr_line' id='line_1_53' title="bbox 2200 2590 3801 2664; baseline 0 -19"><span class='ocrx_word' id='word_1_372' title='bbox 2200 2591 2400 2660; x_wconf 79' lang='grc' dir='ltr'><strong>ἄξιος,</strong></span> <span class='ocrx_word' id='word_1_373' title='bbox 2451 2593 2553 2650; x_wconf 77' lang='grc' dir='ltr'><strong>ἵνα,</strong></span> <span class='ocrx_word' id='word_1_374' title='bbox 2583 2596 2755 2649; x_wconf 75' lang='grc' dir='ltr'><strong>λύσω</strong></span> <span class='ocrx_word' id='word_1_375' title='bbox 2799 2593 2988 2648; x_wconf 81' lang='grc' dir='ltr'><strong>αὐτοῦ</strong></span> <span class='ocrx_word' id='word_1_376' title='bbox 3028 2593 3137 2647; x_wconf 77' lang='grc' dir='ltr'><strong>τὸν</strong></span> <span class='ocrx_word' id='word_1_377' title='bbox 3168 2592 3382 2664; x_wconf 72' lang='grc' dir='ltr'><strong>ἱμάντα</strong></span> <span class='ocrx_word' id='word_1_378' title='bbox 3423 2592 3531 2646; x_wconf 80' lang='grc' dir='ltr'><strong>τοῦ</strong></span> <span class='ocrx_word' id='word_1_379' title='bbox 3556 2590 3801 2661; x_wconf 54' lang='lat'><strong>1530611-</strong></span> 
     </span>
    </p>
   </div>
   <div class='ocr_carea' id='block_1_54' title="bbox 2193 2701 2407 2752">
    <p class='ocr_par' dir='ltr' id='par_1_54' title="bbox 2193 2701 2407 2752">
     <span class='ocr_line' id='line_1_54' title="bbox 2193 2701 2407 2752; baseline 0.005 -14"><span class='ocrx_word' id='word_1_380' title='bbox 2193 2701 2407 2752; x_wconf 80' lang='grc' dir='ltr'><strong>ματος.</strong></span> 
     </span>
    </p>
   </div>
   <div class='ocr_carea' id='block_1_55' title="bbox 2282 2772 3797 2849">
    <p class='ocr_par' dir='ltr' id='par_1_55' title="bbox 2282 2772 3797 2849">
     <span class='ocr_line' id='line_1_55' title="bbox 2282 2772 3797 2849; baseline -0.001 -20"><span class='ocrx_word' id='word_1_381' title='bbox 2282 2774 2643 2843; x_wconf 81' lang='grc' dir='ltr'><strong>Ἀνεξικάκως</strong></span> <span class='ocrx_word' id='word_1_382' title='bbox 2686 2779 2715 2832; x_wconf 84' lang='grc' dir='ltr'><strong>ό</strong></span> <span class='ocrx_word' id='word_1_383' title='bbox 2750 2777 3019 2849; x_wconf 80' lang='grc' dir='ltr'><strong>μακάριος</strong></span> <span class='ocrx_word' id='word_1_384' title='bbox 3042 2774 3357 2847; x_wconf 76' lang='grc' dir='ltr'><strong>Βαπτιστὴς</strong></span> <span class='ocrx_word' id='word_1_385' title='bbox 3401 2772 3797 2843; x_wconf 73' lang='grc' dir='ltr'><strong>ἐπιτιμώντων</strong></span> 
     </span>
    </p>
   </div>
   <div class='ocr_carea' id='block_1_56' title="bbox 2198 2863 3792 2942">
    <p class='ocr_par' dir='ltr' id='par_1_56' title="bbox 2198 2863 3792 2942">
     <span class='ocr_line' id='line_1_56' title="bbox 2198 2863 3792 2942; baseline -0.002 -21"><span class='ocrx_word' id='word_1_386' title='bbox 2198 2867 2487 2938; x_wconf 79' lang='grc' dir='ltr'><strong>ἀνέχεται’</strong></span> <span class='ocrx_word' id='word_1_387' title='bbox 2521 2869 2853 2942; x_wconf 77' lang='grc' dir='ltr'><strong>εὐαφόρμως</strong></span> <span class='ocrx_word' id='word_1_388' title='bbox 2902 2867 2961 2921; x_wconf 85' lang='grc' dir='ltr'><strong>δὲ</strong></span> <span class='ocrx_word' id='word_1_389' title='bbox 2986 2867 3107 2921; x_wconf 84' lang='grc' dir='ltr'><strong>λίαν</strong></span> <span class='ocrx_word' id='word_1_390' title='bbox 3142 2865 3242 2938; x_wconf 78' lang='grc' dir='ltr'><strong>τὴν</strong></span> <span class='ocrx_word' id='word_1_391' title='bbox 3267 2867 3324 2919; x_wconf 79' lang='grc' dir='ltr'><strong>ἐν</strong></span> <span class='ocrx_word' id='word_1_392' title='bbox 3353 2867 3468 2927; x_wconf 88' lang='grc' dir='ltr'><strong>τοῖς</strong></span> <span class='ocrx_word' id='word_1_393' title='bbox 3498 2863 3622 2918; x_wconf 83' lang='grc' dir='ltr'><strong>καθ’</strong></span> <span class='ocrx_word' id='word_1_394' title='bbox 3653 2864 3792 2918; x_wconf 66' lang='grc' dir='ltr'><strong>ἑαυ-</strong></span> 
     </span>
    </p>
   </div>
   <div class='ocr_carea' id='block_1_57' title="bbox 2195 2955 3791 3031">
    <p class='ocr_par' dir='ltr' id='par_1_57' title="bbox 2195 2955 3791 3031">
     <span class='ocr_line' id='line_1_57' title="bbox 2195 2955 3791 3031; baseline -0.004 -18"><span class='ocrx_word' id='word_1_395' title='bbox 2195 2959 2287 3013; x_wconf 79' lang='grc' dir='ltr'><strong>τὸν</strong></span> <span class='ocrx_word' id='word_1_396' title='bbox 2333 2959 2594 3031; x_wconf 70' lang='grc' dir='ltr'><strong>ἐξήγησιν</strong></span> <span class='ocrx_word' id='word_1_397' title='bbox 2634 2958 2892 3014; x_wconf 79' lang='grc' dir='ltr'><strong>ὑπόθεσιν</strong></span> <span class='ocrx_word' id='word_1_398' title='bbox 2936 2960 3175 3013; x_wconf 77' lang='grc' dir='ltr'><strong>ἐποιεῖτο</strong></span> <span class='ocrx_word' id='word_1_399' title='bbox 3220 2956 3313 3011; x_wconf 85' lang='grc' dir='ltr'><strong>τοῦ</strong></span> <span class='ocrx_word' id='word_1_400' title='bbox 3368 2955 3638 3026; x_wconf 81' lang='grc' dir='ltr'><strong>σωτηρίου</strong></span> <span class='ocrx_word' id='word_1_401' title='bbox 3680 2971 3791 3026; x_wconf 79' lang='grc' dir='ltr'><strong>κη-</strong></span> 
     </span>
    </p>
   </div>
   <div class='ocr_carea' id='block_1_58' title="bbox 2200 3044 3790 3120">
    <p class='ocr_par' dir='ltr' id='par_1_58' title="bbox 2200 3044 3790 3120">
     <span class='ocr_line' id='line_1_58' title="bbox 2200 3044 3790 3120; baseline -0.002 -18"><span class='ocrx_word' id='word_1_402' title='bbox 2200 3047 2477 3120; x_wconf 87' lang='grc' dir='ltr'><strong>ρύγματος</strong></span> <span class='ocrx_word' id='word_1_403' title='bbox 2501 3065 2516 3079; x_wconf 82' lang='lat'>&#39;</span> <span class='ocrx_word' id='word_1_404' title='bbox 2568 3049 2810 3104; x_wconf 75' lang='grc' dir='ltr'><strong>διδάσκει</strong></span> <span class='ocrx_word' id='word_1_405' title='bbox 2860 3048 2918 3102; x_wconf 85' lang='grc' dir='ltr'><strong>δὲ</strong></span> <span class='ocrx_word' id='word_1_406' title='bbox 2967 3048 3067 3119; x_wconf 77' lang='grc' dir='ltr'><strong>ἤδη</strong></span> <span class='ocrx_word' id='word_1_407' title='bbox 3122 3047 3218 3101; x_wconf 74' lang='grc' dir='ltr'><strong>καὶ</strong></span> <span class='ocrx_word' id='word_1_408' title='bbox 3256 3048 3357 3116; x_wconf 84' lang='grc' dir='ltr'><strong>οὐχ</strong></span> <span class='ocrx_word' id='word_1_409' title='bbox 3395 3044 3623 3108; x_wconf 76' lang='grc' dir='ltr'><strong>ἑκόντας</strong></span> <span class='ocrx_word' id='word_1_410' title='bbox 3655 3046 3790 3109; x_wconf 72' lang='grc' dir='ltr'><strong>τοὺς</strong></span> 
     </span>
    </p>
   </div>
   <div class='ocr_carea' id='block_1_59' title="bbox 501 3135 2094 3237">
    <p class='ocr_par' dir='ltr' id='par_1_59' title="bbox 501 3139 2089 3217">
     <span class='ocr_line' id='line_1_59' title="bbox 501 3139 2089 3217; baseline 0.006 -24"><span class='ocrx_word' id='word_1_411' title='bbox 501 3139 647 3194; x_wconf 88' lang='lat' dir='ltr'><strong>intra</strong></span> <span class='ocrx_word' id='word_1_412' title='bbox 674 3148 864 3211; x_wconf 89' lang='lat' dir='ltr'><strong>portas</strong></span> <span class='ocrx_word' id='word_1_413' title='bbox 899 3155 1041 3195; x_wconf 89' lang='lat' dir='ltr'><strong>esse.</strong></span> <span class='ocrx_word' id='word_1_414' title='bbox 1098 3139 1213 3212; x_wconf 80' lang='lat' dir='ltr'><strong>Ego</strong></span> <span class='ocrx_word' id='word_1_415' title='bbox 1270 3143 1441 3208; x_wconf 89' lang='lat' dir='ltr'><strong>enim,</strong></span> <span class='ocrx_word' id='word_1_416' title='bbox 1494 3143 1695 3215; x_wconf 90' lang='lat' dir='ltr'><strong>inquit,</strong></span> <span class='ocrx_word' id='word_1_417' title='bbox 1757 3146 2089 3217; x_wconf 85' lang='lat' dir='ltr'><strong>baptismum</strong></span> 
     </span>
    </p>
   </div>
   <div class='ocr_carea' id='block_1_60' title="bbox 2191 3135 3805 3237">
    <p class='ocr_par' dir='ltr' id='par_1_60' title="bbox 2196 3135 3805 3211">
     <span class='ocr_line' id='line_1_60' title="bbox 2196 3135 3805 3211; baseline -0.002 -19"><span class='ocrx_word' id='word_1_418' title='bbox 2196 3139 2347 3211; x_wconf 82' lang='grc' dir='ltr'><strong>παρὰ</strong></span> <span class='ocrx_word' id='word_1_419' title='bbox 2373 3138 2482 3192; x_wconf 82' lang='grc' dir='ltr'><strong>τῶν</strong></span> <span class='ocrx_word' id='word_1_420' title='bbox 2521 3139 2834 3211; x_wconf 83' lang='grc' dir='ltr'><strong>Φαρισαίων</strong></span> <span class='ocrx_word' id='word_1_421' title='bbox 2879 3139 3364 3209; x_wconf 79' lang='grc' dir='ltr'><strong>ἀπεσταλμένους,</strong></span> <span class='ocrx_word' id='word_1_422' title='bbox 3405 3137 3597 3206; x_wconf 81' lang='grc' dir='ltr'><strong>ὅτιπερ</strong></span> <span class='ocrx_word' id='word_1_423' title='bbox 3649 3135 3805 3189; x_wconf 69' lang='grc' dir='ltr'><strong>εἴσω»</strong></span> 
     </span>
    </p>
   </div>
   <div class='ocr_carea' id='block_1_61' title="bbox 500 3232 2091 3311">
    <p class='ocr_par' dir='ltr' id='par_1_61' title="bbox 500 3232 2091 3311">
     <span class='ocr_line' id='line_1_61' title="bbox 500 3232 2091 3311; baseline 0.008 -26"><span class='ocrx_word' id='word_1_424' title='bbox 500 3232 673 3289; x_wconf 73' lang='lat' dir='ltr'><strong>Iﬂero</strong></span> <span class='ocrx_word' id='word_1_425' title='bbox 703 3233 1101 3297; x_wconf 86' lang='lat' dir='ltr'><strong>institutivum,</strong></span> <span class='ocrx_word' id='word_1_426' title='bbox 1134 3235 1371 3291; x_wconf 84' lang='lat' dir='ltr'><strong>abluens</strong></span> <span class='ocrx_word' id='word_1_427' title='bbox 1407 3251 1549 3306; x_wconf 90' lang='lat' dir='ltr'><strong>aqua</strong></span> <span class='ocrx_word' id='word_1_428' title='bbox 1580 3246 1810 3308; x_wconf 85' lang='lat' dir='ltr'><strong>peccato</strong></span> <span class='ocrx_word' id='word_1_429' title='bbox 1840 3241 2091 3311; x_wconf 90' lang='lat' dir='ltr'><strong>inquina-</strong></span> 
     </span>
    </p>
   </div>
   <div class='ocr_carea' id='block_1_62' title="bbox 498 3324 2089 3403">
    <p class='ocr_par' dir='ltr' id='par_1_62' title="bbox 498 3324 2089 3403">
     <span class='ocr_line' id='line_1_62' title="bbox 498 3324 2089 3403; baseline 0.006 -24"><span class='ocrx_word' id='word_1_430' title='bbox 498 3332 592 3380; x_wconf 82' lang='lat' dir='ltr'><strong>tos</strong></span> <span class='ocrx_word' id='word_1_431' title='bbox 620 3324 688 3379; x_wconf 88' lang='lat' dir='ltr'><strong>ad</strong></span> <span class='ocrx_word' id='word_1_432' title='bbox 714 3324 928 3379; x_wconf 91' lang='lat' dir='ltr'><strong>initium</strong></span> <span class='ocrx_word' id='word_1_433' title='bbox 962 3327 1323 3395; x_wconf 59' lang='lat' dir='ltr'><strong>paenitentiae,</strong></span> <span class='ocrx_word' id='word_1_434' title='bbox 1363 3338 1420 3382; x_wconf 91' lang='lat' dir='ltr'><strong>et</strong></span> <span class='ocrx_word' id='word_1_435' title='bbox 1448 3328 1701 3385; x_wconf 88' lang='lat' dir='ltr'><strong>homines</strong></span> <span class='ocrx_word' id='word_1_436' title='bbox 1741 3346 1771 3385; x_wconf 90' lang='lat' dir='ltr'><strong>a</strong></span> <span class='ocrx_word' id='word_1_437' title='bbox 1803 3332 1989 3403; x_wconf 79' lang='lat' dir='ltr'><strong>parvis</strong></span> <span class='ocrx_word' id='word_1_438' title='bbox 2021 3333 2089 3388; x_wconf 84' lang='lat' dir='ltr'><strong>ad</strong></span> 
     </span>
    </p>
   </div>
   <div class='ocr_carea' id='block_1_63' title="bbox 503 3414 2090 3496">
    <p class='ocr_par' dir='ltr' id='par_1_63' title="bbox 503 3414 2090 3496">
     <span class='ocr_line' id='line_1_63' title="bbox 503 3414 2090 3496; baseline 0.007 -26"><span class='ocrx_word' id='word_1_439' title='bbox 503 3414 833 3486; x_wconf 82' lang='lat' dir='ltr'><strong>perfectiora</strong></span> <span class='ocrx_word' id='word_1_440' title='bbox 898 3416 1104 3471; x_wconf 88' lang='lat' dir='ltr'><strong>docens</strong></span> <span class='ocrx_word' id='word_1_441' title='bbox 1146 3417 1327 3473; x_wconf 86' lang='lat' dir='ltr'><strong>evehi.</strong></span> <span class='ocrx_word' id='word_1_442' title='bbox 1395 3416 1513 3474; x_wconf 81' lang='lat' dir='ltr'><strong>Hoc</strong></span> <span class='ocrx_word' id='word_1_443' title='bbox 1566 3420 1715 3475; x_wconf 88' lang='lat' dir='ltr'><strong>enim</strong></span> <span class='ocrx_word' id='word_1_444' title='bbox 1770 3430 1856 3478; x_wconf 92' lang='lat' dir='ltr'><strong>est</strong></span> <span class='ocrx_word' id='word_1_445' title='bbox 1895 3440 2090 3496; x_wconf 89' lang='lat' dir='ltr'><strong>reapse</strong></span> 
     </span>
    </p>
   </div>
   <div class='ocr_carea' id='block_1_64' title="bbox 498 3506 2085 3582">
    <p class='ocr_par' dir='ltr' id='par_1_64' title="bbox 498 3506 2085 3582">
     <span class='ocr_line' id='line_1_64' title="bbox 498 3506 2085 3582; baseline 0.006 -18"><span class='ocrx_word' id='word_1_446' title='bbox 498 3507 771 3578; x_wconf 85' lang='lat' dir='ltr'><strong>implere,</strong></span> <span class='ocrx_word' id='word_1_447' title='bbox 825 3506 897 3563; x_wconf 90' lang='lat' dir='ltr'><strong>ad</strong></span> <span class='ocrx_word' id='word_1_448' title='bbox 959 3508 1108 3577; x_wconf 91' lang='lat' dir='ltr'><strong>quod</strong></span> <span class='ocrx_word' id='word_1_449' title='bbox 1168 3509 1584 3580; x_wconf 69' lang='lat' dir='ltr'><strong>praedicandum</strong></span> <span class='ocrx_word' id='word_1_450' title='bbox 1655 3529 1777 3570; x_wconf 88' lang='lat' dir='ltr'><strong>sum</strong></span> <span class='ocrx_word' id='word_1_451' title='bbox 1838 3517 2085 3582; x_wconf 88' lang='lat' dir='ltr'><strong>missus,</strong></span> 
     </span>
    </p>
   </div>
   <div class='ocr_carea' id='block_1_65' title="bbox 504 3599 2084 3675">
    <p class='ocr_par' dir='ltr' id='par_1_65' title="bbox 504 3599 2084 3675">
     <span class='ocr_line' id='line_1_65' title="bbox 504 3599 2084 3675; baseline 0.008 -22"><span class='ocrx_word' id='word_1_452' title='bbox 504 3620 526 3653; x_wconf 74' lang='grc' dir='ltr'><strong>ι</strong></span> <span class='ocrx_word' id='word_1_453' title='bbox 553 3599 771 3663; x_wconf 81' lang='lat' dir='ltr'><strong>Parate,</strong></span> <span class='ocrx_word' id='word_1_454' title='bbox 798 3618 816 3651; x_wconf 79' lang='grc' dir='ltr'><strong>ι</strong></span> <span class='ocrx_word' id='word_1_455' title='bbox 845 3600 1274 3670; x_wconf 76' lang='grc' dir='ltr'><strong>ιιιεοὶιίοει,‹</strong></span> <span class='ocrx_word' id='word_1_456' title='bbox 1299 3604 1438 3661; x_wconf 89' lang='lat' dir='ltr'><strong>viam</strong></span> <span class='ocrx_word' id='word_1_457' title='bbox 1458 3603 1696 3661; x_wconf 88' lang='lat' dir='ltr'><strong>Domini.</strong></span> <span class='ocrx_word' id='word_1_458' title='bbox 1721 3625 1741 3659; x_wconf 71' lang='grc' dir='ltr'><strong>ι</strong></span> <span class='ocrx_word' id='word_1_459' title='bbox 1764 3606 1867 3675; x_wconf 86' lang='lat' dir='ltr'><strong>Qui</strong></span> <span class='ocrx_word' id='word_1_460' title='bbox 1902 3619 2084 3667; x_wconf 89' lang='lat' dir='ltr'><strong>autem</strong></span> 
     </span>
    </p>
   </div>
   <div class='ocr_carea' id='block_1_66' title="bbox 499 3691 2086 3764">
    <p class='ocr_par' dir='ltr' id='par_1_66' title="bbox 499 3691 2086 3764">
     <span class='ocr_line' id='line_1_66' title="bbox 499 3691 2086 3764; baseline 0.008 -19"><span class='ocrx_word' id='word_1_461' title='bbox 499 3691 771 3760; x_wconf 85' lang='lat' dir='ltr'><strong>majorum</strong></span> <span class='ocrx_word' id='word_1_462' title='bbox 824 3701 881 3749; x_wconf 88' lang='lat' dir='ltr'><strong>et</strong></span> <span class='ocrx_word' id='word_1_463' title='bbox 930 3693 1244 3764; x_wconf 46' lang='lat' dir='ltr'><strong>dgniorum</strong></span> <span class='ocrx_word' id='word_1_464' title='bbox 1295 3694 1459 3751; x_wconf 87' lang='lat' dir='ltr'><strong>dator</strong></span> <span class='ocrx_word' id='word_1_465' title='bbox 1515 3706 1620 3764; x_wconf 88' lang='lat' dir='ltr'><strong>est,</strong></span> <span class='ocrx_word' id='word_1_466' title='bbox 1684 3714 1750 3755; x_wconf 89' lang='lat' dir='ltr'><strong>ac</strong></span> <span class='ocrx_word' id='word_1_467' title='bbox 1816 3701 2086 3760; x_wconf 86' lang='lat' dir='ltr'><strong>universae</strong></span> 
     </span>
    </p>
   </div>
   <div class='ocr_carea' id='block_1_67' title="bbox 498 3783 2080 3860">
    <p class='ocr_par' dir='ltr' id='par_1_67' title="bbox 498 3783 2080 3860">
     <span class='ocr_line' id='line_1_67' title="bbox 498 3783 2080 3860; baseline 0.008 -23"><span class='ocrx_word' id='word_1_468' title='bbox 498 3783 768 3838; x_wconf 88' lang='lat' dir='ltr'><strong>bonorum</strong></span> <span class='ocrx_word' id='word_1_469' title='bbox 803 3784 1159 3855; x_wconf 86' lang='lat' dir='ltr'><strong>perfectionis</strong></span> <span class='ocrx_word' id='word_1_470' title='bbox 1184 3786 1434 3859; x_wconf 88' lang='lat' dir='ltr'><strong>largitor,</strong></span> <span class='ocrx_word' id='word_1_471' title='bbox 1462 3790 1516 3844; x_wconf 91' lang='lat' dir='ltr'><strong>in</strong></span> <span class='ocrx_word' id='word_1_472' title='bbox 1544 3789 1729 3846; x_wconf 91' lang='lat' dir='ltr'><strong>medio</strong></span> <span class='ocrx_word' id='word_1_473' title='bbox 1750 3801 1860 3848; x_wconf 87' lang='lat' dir='ltr'><strong>stat</strong></span> <span class='ocrx_word' id='word_1_474' title='bbox 1890 3797 2080 3860; x_wconf 88' lang='lat' dir='ltr'><strong>vestri,</strong></span> 
     </span>
    </p>
   </div>
   <div class='ocr_carea' id='block_1_68' title="bbox 499 3873 2083 3953">
    <p class='ocr_par' dir='ltr' id='par_1_68' title="bbox 499 3873 2083 3953">
     <span class='ocr_line' id='line_1_68' title="bbox 499 3873 2083 3953; baseline 0.008 -26"><span class='ocrx_word' id='word_1_475' title='bbox 499 3873 720 3944; x_wconf 86' lang='lat' dir='ltr'><strong>ignotus</strong></span> <span class='ocrx_word' id='word_1_476' title='bbox 752 3873 953 3939; x_wconf 88' lang='lat' dir='ltr'><strong>adhuc,</strong></span> <span class='ocrx_word' id='word_1_477' title='bbox 988 3876 1118 3946; x_wconf 89' lang='lat' dir='ltr'><strong>quia</strong></span> <span class='ocrx_word' id='word_1_478' title='bbox 1158 3891 1329 3933; x_wconf 87' lang='lat' dir='ltr'><strong>carne</strong></span> <span class='ocrx_word' id='word_1_479' title='bbox 1364 3877 1591 3934; x_wconf 88' lang='lat' dir='ltr'><strong>indutus</strong></span> <span class='ocrx_word' id='word_1_480' title='bbox 1625 3888 1751 3935; x_wconf 90' lang='lat' dir='ltr'><strong>est:</strong></span> <span class='ocrx_word' id='word_1_481' title='bbox 1791 3883 1886 3953; x_wconf 90' lang='lat' dir='ltr'><strong>qui</strong></span> <span class='ocrx_word' id='word_1_482' title='bbox 1928 3890 2083 3939; x_wconf 90' lang='lat' dir='ltr'><strong>tanto</strong></span> 
     </span>
    </p>
   </div>
   <div class='ocr_carea' id='block_1_69' title="bbox 496 3965 2083 4045">
    <p class='ocr_par' dir='ltr' id='par_1_69' title="bbox 496 3965 2083 4045">
     <span class='ocr_line' id='line_1_69' title="bbox 496 3965 2083 4045; baseline 0.008 -25"><span class='ocrx_word' id='word_1_483' title='bbox 496 3979 587 4021; x_wconf 85' lang='lat' dir='ltr'><strong>me</strong></span> <span class='ocrx_word' id='word_1_484' title='bbox 618 3965 907 4022; x_wconf 89' lang='lat' dir='ltr'><strong>intervallo</strong></span> <span class='ocrx_word' id='word_1_485' title='bbox 936 3976 1183 4038; x_wconf 89' lang='lat' dir='ltr'><strong>superat,</strong></span> <span class='ocrx_word' id='word_1_486' title='bbox 1215 3977 1275 4023; x_wconf 92' lang='lat' dir='ltr'><strong>ut</strong></span> <span class='ocrx_word' id='word_1_487' title='bbox 1310 3985 1378 4026; x_wconf 85' lang='lat' dir='ltr'><strong>ne</strong></span> <span class='ocrx_word' id='word_1_488' title='bbox 1408 3971 1554 4027; x_wconf 85' lang='lat' dir='ltr'><strong>servi</strong></span> <span class='ocrx_word' id='word_1_489' title='bbox 1582 3973 1707 4027; x_wconf 88' lang='lat' dir='ltr'><strong>loco</strong></span> <span class='ocrx_word' id='word_1_490' title='bbox 1733 3972 1961 4045; x_wconf 84' lang='lat' dir='ltr'><strong>dignum</strong></span> <span class='ocrx_word' id='word_1_491' title='bbox 1993 3992 2083 4033; x_wconf 88' lang='lat' dir='ltr'><strong>me</strong></span> 
     </span>
    </p>
   </div>
   <div class='ocr_carea' id='block_1_70' title="bbox 491 4058 2077 4136">
    <p class='ocr_par' dir='ltr' id='par_1_70' title="bbox 491 4058 2077 4136">
     <span class='ocr_line' id='line_1_70' title="bbox 491 4058 2077 4136; baseline 0.008 -25"><span class='ocrx_word' id='word_1_492' title='bbox 491 4058 636 4128; x_wconf 86' lang='lat' dir='ltr'><strong>apud</strong></span> <span class='ocrx_word' id='word_1_493' title='bbox 670 4058 851 4129; x_wconf 89' lang='lat' dir='ltr'><strong>ipsum</strong></span> <span class='ocrx_word' id='word_1_494' title='bbox 899 4068 1171 4131; x_wconf 88' lang='lat' dir='ltr'><strong>reputem,</strong></span> <span class='ocrx_word' id='word_1_495' title='bbox 1233 4064 1337 4117; x_wconf 89' lang='lat' dir='ltr'><strong>hoc</strong></span> <span class='ocrx_word' id='word_1_496' title='bbox 1388 4067 1558 4133; x_wconf 91' lang='lat' dir='ltr'><strong>enim,</strong></span> <span class='ocrx_word' id='word_1_497' title='bbox 1605 4082 1727 4123; x_wconf 89' lang='lat' dir='ltr'><strong>mea</strong></span> <span class='ocrx_word' id='word_1_498' title='bbox 1783 4071 2077 4136; x_wconf 87' lang='lat' dir='ltr'><strong>sententia,</strong></span> 
     </span>
    </p>
   </div>
   <div class='ocr_carea' id='block_1_71' title="bbox 490 4149 2078 4228">
    <p class='ocr_par' dir='ltr' id='par_1_71' title="bbox 490 4149 2078 4228">
     <span class='ocr_line' id='line_1_71' title="bbox 490 4149 2078 4228; baseline 0.007 -23"><span class='ocrx_word' id='word_1_499' title='bbox 490 4149 769 4220; x_wconf 75' lang='lat' dir='ltr'><strong>signiﬁcat</strong></span> <span class='ocrx_word' id='word_1_500' title='bbox 801 4152 958 4219; x_wconf 80' lang='lat' dir='ltr'><strong>illud,</strong></span> <span class='ocrx_word' id='word_1_501' title='bbox 996 4172 1016 4204; x_wconf 76' lang='grc' dir='ltr'><strong>ι</strong></span> <span class='ocrx_word' id='word_1_502' title='bbox 1058 4150 1178 4208; x_wconf 85' lang='lat' dir='ltr'><strong>Non</strong></span> <span class='ocrx_word' id='word_1_503' title='bbox 1212 4168 1335 4210; x_wconf 89' lang='lat' dir='ltr'><strong>sum</strong></span> <span class='ocrx_word' id='word_1_504' title='bbox 1360 4154 1562 4226; x_wconf 89' lang='lat' dir='ltr'><strong>dignus</strong></span> <span class='ocrx_word' id='word_1_505' title='bbox 1605 4165 1667 4213; x_wconf 93' lang='lat' dir='ltr'><strong>ut</strong></span> <span class='ocrx_word' id='word_1_506' title='bbox 1715 4160 1921 4214; x_wconf 87' lang='lat' dir='ltr'><strong>solvam</strong></span> <span class='ocrx_word' id='word_1_507' title='bbox 1958 4160 2078 4228; x_wconf 88' lang='lat' dir='ltr'><strong>ejus</strong></span> 
     </span>
    </p>
   </div>
   <div class='ocr_carea' id='block_1_72' title="bbox 489 4237 2073 4316">
    <p class='ocr_par' dir='ltr' id='par_1_72' title="bbox 489 4237 2073 4316">
     <span class='ocr_line' id='line_1_72' title="bbox 489 4237 2073 4316; baseline 0.008 -27"><span class='ocrx_word' id='word_1_508' title='bbox 489 4237 787 4308; x_wconf 80' lang='lat' dir='ltr'><strong>corrigiam</strong></span> <span class='ocrx_word' id='word_1_509' title='bbox 821 4240 1208 4296; x_wconf 88' lang='lat' dir='ltr'><strong>calceamenti.</strong></span> <span class='ocrx_word' id='word_1_510' title='bbox 1251 4261 1271 4294; x_wconf 87' lang='grc'><strong>›</strong></span> <span class='ocrx_word' id='word_1_511' title='bbox 1306 4243 1365 4297; x_wconf 89' lang='lat' dir='ltr'><strong>In</strong></span> <span class='ocrx_word' id='word_1_512' title='bbox 1398 4260 1508 4315; x_wconf 92' lang='lat' dir='ltr'><strong>quo</strong></span> <span class='ocrx_word' id='word_1_513' title='bbox 1539 4261 1666 4301; x_wconf 91' lang='lat' dir='ltr'><strong>cum</strong></span> <span class='ocrx_word' id='word_1_514' title='bbox 1700 4264 1885 4303; x_wconf 90' lang='lat' dir='ltr'><strong>verum</strong></span> <span class='ocrx_word' id='word_1_515' title='bbox 1917 4249 2073 4316; x_wconf 87' lang='lat' dir='ltr'><strong>dicit,</strong></span> 
     </span>
    </p>
   </div>
   <div class='ocr_carea' id='block_1_73' title="bbox 484 4328 2074 4412">
    <p class='ocr_par' dir='ltr' id='par_1_73' title="bbox 484 4328 2074 4412">
     <span class='ocr_line' id='line_1_73' title="bbox 484 4328 2074 4412; baseline 0.013 -32"><span class='ocrx_word' id='word_1_516' title='bbox 484 4333 606 4382; x_wconf 76' lang='lat' dir='ltr'><strong>tum</strong></span> <span class='ocrx_word' id='word_1_517' title='bbox 663 4329 813 4384; x_wconf 85' lang='lat' dir='ltr'><strong>aliud</strong></span> <span class='ocrx_word' id='word_1_518' title='bbox 849 4328 981 4385; x_wconf 88' lang='lat' dir='ltr'><strong>facit</strong></span> <span class='ocrx_word' id='word_1_519' title='bbox 1015 4332 1402 4394; x_wconf 86' lang='lat' dir='ltr'><strong>observatione</strong></span> <span class='ocrx_word' id='word_1_520' title='bbox 1444 4339 1694 4412; x_wconf 83' lang='lat' dir='ltr'><strong>dignum.</strong></span> <span class='ocrx_word' id='word_1_521' title='bbox 1760 4339 2074 4401; x_wconf 73' lang='lat' dir='ltr'><strong>Pliariszcos</strong></span> 
     </span>
    </p>
   </div>
   <div class='ocr_carea' id='block_1_74' title="bbox 484 4419 2073 4505">
    <p class='ocr_par' dir='ltr' id='par_1_74' title="bbox 484 4419 2073 4505">
     <span class='ocr_line' id='line_1_74' title="bbox 484 4419 2073 4505; baseline 0.013 -33"><span class='ocrx_word' id='word_1_522' title='bbox 484 4419 640 4473; x_wconf 85' lang='lat' dir='ltr'><strong>enim</strong></span> <span class='ocrx_word' id='word_1_523' title='bbox 696 4419 764 4473; x_wconf 90' lang='lat' dir='ltr'><strong>ad</strong></span> <span class='ocrx_word' id='word_1_524' title='bbox 812 4422 1136 4480; x_wconf 70' lang='lat' dir='ltr'><strong>modesﬁam</strong></span> <span class='ocrx_word' id='word_1_525' title='bbox 1196 4439 1447 4497; x_wconf 83' lang='lat' dir='ltr'><strong>revocat,</strong></span> <span class='ocrx_word' id='word_1_526' title='bbox 1507 4432 1806 4505; x_wconf 86' lang='lat' dir='ltr'><strong>semetipso</strong></span> <span class='ocrx_word' id='word_1_527' title='bbox 1865 4434 1933 4489; x_wconf 89' lang='lat' dir='ltr'><strong>ad</strong></span> <span class='ocrx_word' id='word_1_528' title='bbox 1990 4437 2073 4492; x_wconf 86' lang='lat' dir='ltr'><strong>rei</strong></span> 
     </span>
    </p>
   </div>
   <div class='ocr_carea' id='block_1_75' title="bbox 480 4509 1132 4582">
    <p class='ocr_par' dir='ltr' id='par_1_75' title="bbox 480 4509 1132 4582">
     <span class='ocr_line' id='line_1_75' title="bbox 480 4509 1132 4582; baseline 0.008 -18"><span class='ocrx_word' id='word_1_529' title='bbox 480 4509 800 4580; x_wconf 67' lang='lat' dir='ltr'><strong>exemplum</strong></span> <span class='ocrx_word' id='word_1_530' title='bbox 826 4514 1132 4582; x_wconf 81' lang='lat' dir='ltr'><strong>proposito.</strong></span> 
     </span>
    </p>
   </div>
   <div class='ocr_carea' id='block_1_76' title="bbox 551 4766 2065 4851">
    <p class='ocr_par' dir='ltr' id='par_1_76' title="bbox 551 4766 2065 4851">
     <span class='ocr_line' id='line_1_76' title="bbox 551 4766 2065 4851; baseline 0.012 -29"><span class='ocrx_word' id='word_1_531' title='bbox 551 4766 592 4834; x_wconf 92' lang='grc'><strong>1,</strong></span> <span class='ocrx_word' id='word_1_532' title='bbox 616 4768 707 4825; x_wconf 72' lang='lat'><strong>28.</strong></span> <span class='ocrx_word' id='word_1_533' title='bbox 745 4769 873 4826; x_wconf 65' lang='lat' dir='ltr'><strong>Hac</strong></span> <span class='ocrx_word' id='word_1_534' title='bbox 897 4772 951 4827; x_wconf 87' lang='lat' dir='ltr'><strong>in</strong></span> <span class='ocrx_word' id='word_1_535' title='bbox 973 4771 1234 4830; x_wconf 75' lang='lat' dir='ltr'><strong>Bethania</strong></span> <span class='ocrx_word' id='word_1_536' title='bbox 1252 4778 1401 4848; x_wconf 79' lang='lat' dir='ltr'><strong>facta</strong></span> <span class='ocrx_word' id='word_1_537' title='bbox 1428 4791 1552 4835; x_wconf 84' lang='lat' dir='ltr'><strong>sunt</strong></span> <span class='ocrx_word' id='word_1_538' title='bbox 1577 4790 1726 4836; x_wconf 79' lang='lat' dir='ltr'><strong>trans</strong></span> <span class='ocrx_word' id='word_1_539' title='bbox 1749 4780 2065 4851; x_wconf 76' lang='lat' dir='ltr'><strong>Iordanem,</strong></span> 
     </span>
    </p>
   </div>
   <div class='ocr_carea' id='block_1_77' title="bbox 479 4856 1319 4933">
    <p class='ocr_par' dir='ltr' id='par_1_77' title="bbox 479 4856 1319 4933">
     <span class='ocr_line' id='line_1_77' title="bbox 479 4856 1319 4933; baseline 0.013 -23"><span class='ocrx_word' id='word_1_540' title='bbox 479 4856 574 4913; x_wconf 78' lang='lat' dir='ltr'><strong>ubi</strong></span> <span class='ocrx_word' id='word_1_541' title='bbox 599 4869 715 4913; x_wconf 78' lang='lat' dir='ltr'><strong>erat</strong></span> <span class='ocrx_word' id='word_1_542' title='bbox 744 4858 979 4917; x_wconf 78' lang='lat' dir='ltr'><strong>Joannes</strong></span> <span class='ocrx_word' id='word_1_543' title='bbox 1016 4863 1319 4933; x_wconf 76' lang='lat' dir='ltr'><strong>baptizans.</strong></span> 
     </span>
    </p>
   </div>
   <div class='ocr_carea' id='block_1_78' title="bbox 551 4948 2060 5032">
    <p class='ocr_par' dir='ltr' id='par_1_78' title="bbox 551 4948 2060 5032">
     <span class='ocr_line' id='line_1_78' title="bbox 551 4948 2060 5032; baseline 0.011 -28"><span class='ocrx_word' id='word_1_544' title='bbox 551 4948 759 5006; x_wconf 82' lang='lat' dir='ltr'><strong>Locum</strong></span> <span class='ocrx_word' id='word_1_545' title='bbox 793 4962 968 5020; x_wconf 86' lang='lat' dir='ltr'><strong>notat,</strong></span> <span class='ocrx_word' id='word_1_546' title='bbox 1025 4968 1084 5012; x_wconf 93' lang='lat' dir='ltr'><strong>ut</strong></span> <span class='ocrx_word' id='word_1_547' title='bbox 1133 4968 1396 5015; x_wconf 88' lang='lat' dir='ltr'><strong>accurate</strong></span> <span class='ocrx_word' id='word_1_548' title='bbox 1430 4959 1828 5032; x_wconf 88' lang='lat' dir='ltr'><strong>diligenterque</strong></span> <span class='ocrx_word' id='word_1_549' title='bbox 1864 4961 2060 5021; x_wconf 88' lang='lat' dir='ltr'><strong>factam</strong></span> 
     </span>
    </p>
   </div>
   <div class='ocr_carea' id='block_1_79' title="bbox 476 5041 2060 5118">
    <p class='ocr_par' dir='ltr' id='par_1_79' title="bbox 476 5041 2060 5118">
     <span class='ocr_line' id='line_1_79' title="bbox 476 5041 2060 5118; baseline 0.012 -25"><span class='ocrx_word' id='word_1_550' title='bbox 476 5054 606 5095; x_wconf 82' lang='lat' dir='ltr'><strong>csse</strong></span> <span class='ocrx_word' id='word_1_551' title='bbox 650 5044 1027 5099; x_wconf 88' lang='lat' dir='ltr'><strong>narrationem</strong></span> <span class='ocrx_word' id='word_1_552' title='bbox 1062 5047 1362 5117; x_wconf 85' lang='lat' dir='ltr'><strong>significet.</strong></span> <span class='ocrx_word' id='word_1_553' title='bbox 1400 5048 1656 5106; x_wconf 88' lang='lat' dir='ltr'><strong>Solemus</strong></span> <span class='ocrx_word' id='word_1_554' title='bbox 1712 5041 1882 5118; x_wconf 71' lang='lat' dir='ltr'><strong>enim,</strong></span> <span class='ocrx_word' id='word_1_555' title='bbox 1935 5070 2060 5111; x_wconf 85' lang='lat' dir='ltr'><strong>cum</strong></span> 
     </span>
    </p>
   </div>
   <div class='ocr_carea' id='block_1_80' title="bbox 476 5133 2060 5212">
    <p class='ocr_par' dir='ltr' id='par_1_80' title="bbox 476 5133 2060 5212">
     <span class='ocr_line' id='line_1_80' title="bbox 476 5133 2060 5212; baseline 0.012 -27"><span class='ocrx_word' id='word_1_556' title='bbox 476 5133 548 5185; x_wconf 77' lang='lat' dir='ltr'><strong>de</strong></span> <span class='ocrx_word' id='word_1_557' title='bbox 578 5133 742 5189; x_wconf 89' lang='lat' dir='ltr'><strong>rebus</strong></span> <span class='ocrx_word' id='word_1_558' title='bbox 767 5138 987 5208; x_wconf 84' lang='lat' dir='ltr'><strong>magnis</strong></span> <span class='ocrx_word' id='word_1_559' title='bbox 1020 5136 1271 5194; x_wconf 86' lang='lat' dir='ltr'><strong>facienda</strong></span> <span class='ocrx_word' id='word_1_560' title='bbox 1303 5141 1467 5198; x_wconf 89' lang='lat' dir='ltr'><strong>nobis</strong></span> <span class='ocrx_word' id='word_1_561' title='bbox 1486 5150 1572 5198; x_wconf 91' lang='lat' dir='ltr'><strong>est</strong></span> <span class='ocrx_word' id='word_1_562' title='bbox 1599 5146 1867 5212; x_wconf 90' lang='lat' dir='ltr'><strong>narratio,</strong></span> <span class='ocrx_word' id='word_1_563' title='bbox 1894 5148 2060 5203; x_wconf 89' lang='lat' dir='ltr'><strong>etiam</strong></span> 
     </span>
    </p>
   </div>
   <div class='ocr_carea' id='block_1_81' title="bbox 474 5225 1974 5312">
    <p class='ocr_par' dir='ltr' id='par_1_81' title="bbox 474 5225 1974 5312">
     <span class='ocr_line' id='line_1_81' title="bbox 474 5225 1974 5312; baseline 0.013 -35"><span class='ocrx_word' id='word_1_564' title='bbox 474 5225 795 5284; x_wconf 82' lang='lat' dir='ltr'><strong>meminisse</strong></span> <span class='ocrx_word' id='word_1_565' title='bbox 824 5228 1091 5296; x_wconf 91' lang='lat' dir='ltr'><strong>locorum,</strong></span> <span class='ocrx_word' id='word_1_566' title='bbox 1119 5232 1176 5286; x_wconf 90' lang='lat' dir='ltr'><strong>in</strong></span> <span class='ocrx_word' id='word_1_567' title='bbox 1208 5232 1411 5303; x_wconf 89' lang='lat' dir='ltr'><strong>quibus</strong></span> <span class='ocrx_word' id='word_1_568' title='bbox 1441 5249 1536 5292; x_wconf 89' lang='lat' dir='ltr'><strong>eas</strong></span> <span class='ocrx_word' id='word_1_569' title='bbox 1568 5235 1685 5293; x_wconf 82' lang='lat' dir='ltr'><strong>ﬁeri</strong></span> <span class='ocrx_word' id='word_1_570' title='bbox 1724 5240 1974 5312; x_wconf 90' lang='lat' dir='ltr'><strong>contigit.</strong></span> 
     </span>
    </p>
   </div>
   <div class='ocr_carea' id='block_1_82' title="bbox 530 5477 1914 5576">
    <p class='ocr_par' dir='ltr' id='par_1_82' title="bbox 530 5477 1914 5576">
     <span class='ocr_line' id='line_1_82' title="bbox 530 5477 1914 5576; baseline 0.01 -29"><span class='ocrx_word' id='word_1_571' title='bbox 530 5477 558 5513; x_wconf 66' lang='lat'><strong>&#39;</strong></span> <span class='ocrx_word' id='word_1_572' title='bbox 600 5488 705 5548; x_wconf 61' lang='lat' dir='ltr'><strong>ha.</strong></span> <span class='ocrx_word' id='word_1_573' title='bbox 736 5510 827 5560; x_wconf 72' lang='grc' dir='ltr'><strong>χι,</strong></span> <span class='ocrx_word' id='word_1_574' title='bbox 867 5494 932 5561; x_wconf 82' lang='lat'><strong>3;</strong></span> <span class='ocrx_word' id='word_1_575' title='bbox 960 5493 1115 5576; x_wconf 74' lang='lat' dir='ltr'><strong>toan.</strong></span> <span class='ocrx_word' id='word_1_576' title='bbox 1156 5512 1193 5564; x_wconf 85' lang='lat' dir='ltr'><strong>l,</strong></span> <span class='ocrx_word' id='word_1_577' title='bbox 1239 5500 1329 5553; x_wconf 72' lang='lat'><strong>‘23.</strong></span> <span class='ocrx_word' id='word_1_578' title='bbox 1406 5486 1644 5557; x_wconf 67' lang='lat' dir='ltr'><strong>6Matth.</strong></span> <span class='ocrx_word' id='word_1_579' title='bbox 1681 5519 1794 5571; x_wconf 78' lang='lat' dir='ltr'><strong>xxi,</strong></span> <span class='ocrx_word' id='word_1_580' title='bbox 1827 5506 1914 5561; x_wconf 79' lang='lat'><strong>58.</strong></span> 
     </span>
    </p>
   </div>
   <div class='ocr_carea' id='block_1_83' title="bbox 2193 3228 3790 3303">
    <p class='ocr_par' dir='ltr' id='par_1_83' title="bbox 2193 3228 3790 3303">
     <span class='ocr_line' id='line_1_83' title="bbox 2193 3228 3790 3303; baseline -0.001 -20"><span class='ocrx_word' id='word_1_581' title='bbox 2193 3230 2374 3303; x_wconf 80' lang='grc' dir='ltr'><strong>θυρῶν</strong></span> <span class='ocrx_word' id='word_1_582' title='bbox 2408 3232 2436 3284; x_wconf 87' lang='grc' dir='ltr'><strong>ό</strong></span> <span class='ocrx_word' id='word_1_583' title='bbox 2464 3231 2715 3303; x_wconf 85' lang='grc' dir='ltr'><strong>Χριστός.</strong></span> <span class='ocrx_word' id='word_1_584' title='bbox 2771 3230 2913 3299; x_wconf 87' lang='grc' dir='ltr'><strong>Ἐγὼ</strong></span> <span class='ocrx_word' id='word_1_585' title='bbox 2957 3228 3216 3302; x_wconf 75' lang='grc' dir='ltr'><strong>μὲνγὰρ,</strong></span> <span class='ocrx_word' id='word_1_586' title='bbox 3254 3229 3409 3299; x_wconf 77' lang='grc' dir='ltr'><strong>φησὶ,</strong></span> <span class='ocrx_word' id='word_1_587' title='bbox 3442 3228 3790 3296; x_wconf 85' lang='grc' dir='ltr'><strong>παιδαγωγι-</strong></span> 
     </span>
    </p>
   </div>
   <div class='ocr_carea' id='block_1_84' title="bbox 2192 3320 3787 3396">
    <p class='ocr_par' dir='ltr' id='par_1_84' title="bbox 2192 3320 3787 3396">
     <span class='ocr_line' id='line_1_84' title="bbox 2192 3320 3787 3396; baseline -0.003 -19"><span class='ocrx_word' id='word_1_588' title='bbox 2192 3325 2287 3378; x_wconf 77' lang='grc' dir='ltr'><strong>κδν</strong></span> <span class='ocrx_word' id='word_1_589' title='bbox 2309 3323 2549 3396; x_wconf 74' lang='grc' dir='ltr'><strong>εἰσφέρω</strong></span> <span class='ocrx_word' id='word_1_590' title='bbox 2578 3324 2638 3377; x_wconf 85' lang='grc' dir='ltr'><strong>τὺ</strong></span> <span class='ocrx_word' id='word_1_591' title='bbox 2669 3323 2951 3393; x_wconf 81' lang='grc' dir='ltr'><strong>βάπτισμα</strong></span> <span class='ocrx_word' id='word_1_592' title='bbox 2970 3363 2986 3388; x_wconf 94' lang='grc'><strong>,</strong></span> <span class='ocrx_word' id='word_1_593' title='bbox 3034 3323 3164 3386; x_wconf 82' lang='grc' dir='ltr'><strong>τοὺς</strong></span> <span class='ocrx_word' id='word_1_594' title='bbox 3195 3321 3254 3389; x_wconf 70' lang='grc' dir='ltr'><strong>ἐξ</strong></span> <span class='ocrx_word' id='word_1_595' title='bbox 3291 3320 3569 3392; x_wconf 81' lang='grc' dir='ltr'><strong>ἁμαρτίας</strong></span> <span class='ocrx_word' id='word_1_596' title='bbox 3606 3336 3787 3390; x_wconf 76' lang='grc' dir='ltr'><strong>μεμο-</strong></span> 
     </span>
    </p>
   </div>
   <div class='ocr_carea' id='block_1_85' title="bbox 2188 3412 3784 3488">
    <p class='ocr_par' dir='ltr' id='par_1_85' title="bbox 2188 3412 3784 3488">
     <span class='ocr_line' id='line_1_85' title="bbox 2188 3412 3784 3488; baseline -0.005 -16"><span class='ocrx_word' id='word_1_597' title='bbox 2188 3416 2492 3488; x_wconf 83' lang='grc' dir='ltr'><strong>λυσμένους</strong></span> <span class='ocrx_word' id='word_1_598' title='bbox 2530 3415 2811 3469; x_wconf 83' lang='grc' dir='ltr'><strong>ἀπολούων</strong></span> <span class='ocrx_word' id='word_1_599' title='bbox 2856 3414 3010 3469; x_wconf 80' lang='grc' dir='ltr'><strong>ὕδατι</strong></span> <span class='ocrx_word' id='word_1_600' title='bbox 3059 3415 3198 3487; x_wconf 76' lang='grc' dir='ltr'><strong>πρὸς</strong></span> <span class='ocrx_word' id='word_1_601' title='bbox 3242 3413 3530 3484; x_wconf 64' lang='grc' dir='ltr'><strong>μετανοίας</strong></span> <span class='ocrx_word' id='word_1_602' title='bbox 3579 3412 3784 3483; x_wconf 69' lang='grc' dir='ltr'><strong>ἀρχὴν,</strong></span> 
     </span>
    </p>
   </div>
   <div class='ocr_carea' id='block_1_86' title="bbox 2188 3504 3789 3579">
    <p class='ocr_par' dir='ltr' id='par_1_86' title="bbox 2188 3504 3789 3579">
     <span class='ocr_line' id='line_1_86' title="bbox 2188 3504 3789 3579; baseline -0.002 -16"><span class='ocrx_word' id='word_1_603' title='bbox 2188 3511 2283 3564; x_wconf 77' lang='grc' dir='ltr'><strong>καὶ</strong></span> <span class='ocrx_word' id='word_1_604' title='bbox 2318 3511 2384 3563; x_wconf 81' lang='grc' dir='ltr'><strong>ἐκ</strong></span> <span class='ocrx_word' id='word_1_605' title='bbox 2429 3508 2540 3562; x_wconf 83' lang='grc' dir='ltr'><strong>τῶν</strong></span> <span class='ocrx_word' id='word_1_606' title='bbox 2584 3507 3007 3579; x_wconf 77' lang='grc' dir='ltr'><strong>ὑποϐεϐηκότων</strong></span> <span class='ocrx_word' id='word_1_607' title='bbox 3050 3504 3480 3576; x_wconf 76' lang='grc' dir='ltr'><strong>ἀνακομίζεσθαι</strong></span> <span class='ocrx_word' id='word_1_608' title='bbox 3510 3504 3789 3559; x_wconf 85' lang='grc' dir='ltr'><strong>διδάσκων</strong></span> 
     </span>
    </p>
   </div>
   <div class='ocr_carea' id='block_1_87' title="bbox 2187 3594 3785 3677">
    <p class='ocr_par' dir='ltr' id='par_1_87' title="bbox 2187 3594 3785 3677">
     <span class='ocr_line' id='line_1_87' title="bbox 2187 3594 3785 3677; baseline -0.001 -24"><span class='ocrx_word' id='word_1_609' title='bbox 2187 3600 2279 3654; x_wconf 76' lang='grc' dir='ltr'><strong>ἐπὶ</strong></span> <span class='ocrx_word' id='word_1_610' title='bbox 2310 3600 2381 3655; x_wconf 84' lang='grc' dir='ltr'><strong>τά</strong></span> <span class='ocrx_word' id='word_1_611' title='bbox 2428 3598 2742 3671; x_wconf 82' lang='grc' dir='ltr'><strong>τελειότερα</strong></span> <span class='ocrx_word' id='word_1_612' title='bbox 2766 3614 2782 3629; x_wconf 74' lang='grc'><em>’</em></span> <span class='ocrx_word' id='word_1_613' title='bbox 2831 3597 2991 3677; x_wconf 74' lang='grc' dir='ltr'><strong>τοῦτο</strong></span> <span class='ocrx_word' id='word_1_614' title='bbox 3017 3598 3127 3669; x_wconf 79' lang='grc' dir='ltr'><strong>γὰρ</strong></span> <span class='ocrx_word' id='word_1_615' title='bbox 3162 3594 3230 3669; x_wconf 75' lang='grc' dir='ltr'><strong>ἦν</strong></span> <span class='ocrx_word' id='word_1_616' title='bbox 3273 3597 3420 3667; x_wconf 80' lang='grc' dir='ltr'><strong>ἔργῳ</strong></span> <span class='ocrx_word' id='word_1_617' title='bbox 3450 3594 3719 3666; x_wconf 82' lang='grc' dir='ltr'><strong>πληροῦν,</strong></span> <span class='ocrx_word' id='word_1_618' title='bbox 3751 3596 3785 3652; x_wconf 80' lang='grc' dir='ltr'>ὃ</span> 
     </span>
    </p>
   </div>
   <div class='ocr_carea' id='block_1_88' title="bbox 2186 3688 3781 3761">
    <p class='ocr_par' dir='ltr' id='par_1_88' title="bbox 2186 3688 3781 3761">
     <span class='ocr_line' id='line_1_88' title="bbox 2186 3688 3781 3761; baseline -0.002 -17"><span class='ocrx_word' id='word_1_619' title='bbox 2186 3690 2476 3761; x_wconf 78' lang='grc' dir='ltr'><strong>κηρύττειν</strong></span> <span class='ocrx_word' id='word_1_620' title='bbox 2520 3688 2867 3760; x_wconf 81' lang='grc' dir='ltr'><strong>ἀπεστάλην·</strong></span> <span class='ocrx_word' id='word_1_621' title='bbox 2926 3705 2950 3741; x_wconf 73' lang='grc' dir='ltr'><strong>ι</strong></span> <span class='ocrx_word' id='word_1_622' title='bbox 3000 3689 3392 3758; x_wconf 80' lang='grc' dir='ltr'><strong>Ἑτοιμάσατε,</strong></span> <span class='ocrx_word' id='word_1_623' title='bbox 3440 3707 3460 3741; x_wconf 77' lang='grc' dir='ltr'><strong>ι</strong></span> <span class='ocrx_word' id='word_1_624' title='bbox 3493 3689 3781 3759; x_wconf 78' lang='grc' dir='ltr'><strong>δηλονότι,</strong></span> 
     </span>
    </p>
   </div>
   <div class='ocr_carea' id='block_1_89' title="bbox 2192 3779 3786 3855">
    <p class='ocr_par' dir='ltr' id='par_1_89' title="bbox 2192 3779 3786 3855">
     <span class='ocr_line' id='line_1_89' title="bbox 2192 3779 3786 3855; baseline 0 -20"><span class='ocrx_word' id='word_1_625' title='bbox 2192 3800 2211 3835; x_wconf 79' lang='grc' dir='ltr'><strong>ι</strong></span> <span class='ocrx_word' id='word_1_626' title='bbox 2241 3782 2337 3855; x_wconf 81' lang='grc' dir='ltr'><strong>τὴν</strong></span> <span class='ocrx_word' id='word_1_627' title='bbox 2368 3783 2484 3837; x_wconf 73' lang='grc' dir='ltr'><strong>ὁδὸν</strong></span> <span class='ocrx_word' id='word_1_628' title='bbox 2516 3783 2743 3854; x_wconf 80' lang='grc' dir='ltr'><strong>Κυρίου.</strong></span> <span class='ocrx_word' id='word_1_629' title='bbox 2776 3801 2796 3834; x_wconf 76' lang='grc' dir='ltr'><strong>ι</strong></span> <span class='ocrx_word' id='word_1_630' title='bbox 2841 3782 2898 3837; x_wconf 90' lang='grc'><strong>’0</strong></span> <span class='ocrx_word' id='word_1_631' title='bbox 2926 3781 2982 3836; x_wconf 69' lang='grc' dir='ltr'><strong>δὲ</strong></span> <span class='ocrx_word' id='word_1_632' title='bbox 3005 3781 3115 3835; x_wconf 84' lang='grc' dir='ltr'><strong>τῶν</strong></span> <span class='ocrx_word' id='word_1_633' title='bbox 3140 3780 3405 3853; x_wconf 82' lang='grc' dir='ltr'><strong>μειζόνων</strong></span> <span class='ocrx_word' id='word_1_634' title='bbox 3432 3798 3491 3834; x_wconf 85' lang='grc' dir='ltr'><strong>τε</strong></span> <span class='ocrx_word' id='word_1_635' title='bbox 3512 3780 3607 3833; x_wconf 80' lang='grc' dir='ltr'><strong>καὶ</strong></span> <span class='ocrx_word' id='word_1_636' title='bbox 3627 3779 3786 3848; x_wconf 60' lang='lat' dir='ltr'><strong>deto-</strong></span> 
     </span>
    </p>
   </div>
   <div class='ocr_carea' id='block_1_90' title="bbox 2183 3872 3783 3946">
    <p class='ocr_par' dir='ltr' id='par_1_90' title="bbox 2183 3872 3783 3946">
     <span class='ocr_line' id='line_1_90' title="bbox 2183 3872 3783 3946; baseline -0.001 -19"><span class='ocrx_word' id='word_1_637' title='bbox 2183 3874 2508 3941; x_wconf 85' lang='grc' dir='ltr'><strong>λογωτάτων</strong></span> <span class='ocrx_word' id='word_1_638' title='bbox 2536 3873 2699 3946; x_wconf 80' lang='grc' dir='ltr'><strong>δοτὴρ</strong></span> <span class='ocrx_word' id='word_1_639' title='bbox 2718 3914 2733 3939; x_wconf 91' lang='grc'><strong>,</strong></span> <span class='ocrx_word' id='word_1_640' title='bbox 2794 3875 2891 3933; x_wconf 77' lang='grc' dir='ltr'><strong>καὶ</strong></span> <span class='ocrx_word' id='word_1_641' title='bbox 2922 3874 3142 3945; x_wconf 80' lang='grc' dir='ltr'><strong>ἀπάσης</strong></span> <span class='ocrx_word' id='word_1_642' title='bbox 3177 3872 3515 3943; x_wconf 85' lang='grc' dir='ltr'><strong>τελειότητος</strong></span> <span class='ocrx_word' id='word_1_643' title='bbox 3558 3873 3659 3943; x_wconf 84' lang='grc' dir='ltr'><strong>τῆς</strong></span> <span class='ocrx_word' id='word_1_644' title='bbox 3687 3872 3783 3925; x_wconf 63' lang='grc' dir='ltr'><strong>ἐπ’</strong></span> 
     </span>
    </p>
   </div>
   <div class='ocr_carea' id='block_1_91' title="bbox 2182 3964 3785 4038">
    <p class='ocr_par' dir='ltr' id='par_1_91' title="bbox 2182 3964 3785 4038">
     <span class='ocr_line' id='line_1_91' title="bbox 2182 3964 3785 4038; baseline -0.001 -19"><span class='ocrx_word' id='word_1_645' title='bbox 2182 3967 2409 4035; x_wconf 83' lang='grc' dir='ltr'><strong>ἀγαθοῖς</strong></span> <span class='ocrx_word' id='word_1_646' title='bbox 2441 3966 2679 4038; x_wconf 79' lang='grc' dir='ltr'><strong>χορηγὸς</strong></span> <span class='ocrx_word' id='word_1_647' title='bbox 2699 4005 2714 4030; x_wconf 91' lang='grc'><strong>,</strong></span> <span class='ocrx_word' id='word_1_648' title='bbox 2746 3965 2910 4036; x_wconf 83' lang='grc' dir='ltr'><strong>μέσος</strong></span> <span class='ocrx_word' id='word_1_649' title='bbox 2946 3965 3101 4035; x_wconf 85' lang='grc' dir='ltr'><strong>ὑμῶν</strong></span> <span class='ocrx_word' id='word_1_650' title='bbox 3133 3966 3323 4036; x_wconf 86' lang='grc' dir='ltr'><strong>στήκει</strong></span> <span class='ocrx_word' id='word_1_651' title='bbox 3343 4005 3357 4029; x_wconf 89' lang='grc'><strong>,</strong></span> <span class='ocrx_word' id='word_1_652' title='bbox 3410 3964 3785 4034; x_wconf 78' lang='grc' dir='ltr'><strong>ἀγνοούμενος</strong></span> 
     </span>
    </p>
   </div>
   <div class='ocr_carea' id='block_1_92' title="bbox 2180 4056 3782 4129">
    <p class='ocr_par' dir='ltr' id='par_1_92' title="bbox 2180 4056 3782 4129">
     <span class='ocr_line' id='line_1_92' title="bbox 2180 4056 3782 4129; baseline -0.001 -18"><span class='ocrx_word' id='word_1_653' title='bbox 2180 4057 2262 4111; x_wconf 74' lang='grc' dir='ltr'><strong>ἔτι</strong></span> <span class='ocrx_word' id='word_1_654' title='bbox 2290 4059 2378 4113; x_wconf 88' lang='grc' dir='ltr'><strong>διά</strong></span> <span class='ocrx_word' id='word_1_655' title='bbox 2420 4060 2519 4129; x_wconf 84' lang='grc' dir='ltr'><strong>τὴν</strong></span> <span class='ocrx_word' id='word_1_656' title='bbox 2549 4059 2613 4112; x_wconf 83' lang='grc' dir='ltr'><strong>ὲκ</strong></span> <span class='ocrx_word' id='word_1_657' title='bbox 2649 4057 2751 4129; x_wconf 80' lang='grc' dir='ltr'><strong>τῆς</strong></span> <span class='ocrx_word' id='word_1_658' title='bbox 2783 4057 2984 4128; x_wconf 77' lang='grc' dir='ltr'><strong>σαρκὸς</strong></span> <span class='ocrx_word' id='word_1_659' title='bbox 3012 4057 3328 4129; x_wconf 76' lang='grc' dir='ltr'><strong>περιϐολὴν,</strong></span> <span class='ocrx_word' id='word_1_660' title='bbox 3376 4056 3632 4112; x_wconf 85' lang='grc' dir='ltr'><strong>τοσοῦτον</strong></span> <span class='ocrx_word' id='word_1_661' title='bbox 3670 4058 3782 4127; x_wconf 66' lang='grc' dir='ltr'><strong>ἐμὲ</strong></span> 
     </span>
    </p>
   </div>
   <div class='ocr_carea' id='block_1_93' title="bbox 2178 4147 3783 4220">
    <p class='ocr_par' dir='ltr' id='par_1_93' title="bbox 2178 4147 3783 4220">
     <span class='ocr_line' id='line_1_93' title="bbox 2178 4147 3783 4220; baseline 0.001 -18"><span class='ocrx_word' id='word_1_662' title='bbox 2178 4149 2272 4203; x_wconf 75' lang='grc' dir='ltr'><strong>τὸν</strong></span> <span class='ocrx_word' id='word_1_663' title='bbox 2302 4148 2616 4217; x_wconf 83' lang='grc' dir='ltr'><strong>Βαπτιστὴν</strong></span> <span class='ocrx_word' id='word_1_664' title='bbox 2646 4148 3022 4220; x_wconf 84' lang='grc' dir='ltr'><strong>ὐπερτρέχων,</strong></span> <span class='ocrx_word' id='word_1_665' title='bbox 3051 4147 3127 4211; x_wconf 85' lang='grc' dir='ltr'><strong>ὡς</strong></span> <span class='ocrx_word' id='word_1_666' title='bbox 3159 4149 3365 4202; x_wconf 73' lang='grc' dir='ltr'><strong>οἴεσθαι</strong></span> <span class='ocrx_word' id='word_1_667' title='bbox 3396 4148 3506 4202; x_wconf 84' lang='grc' dir='ltr'><strong>δεῖν</strong></span> <span class='ocrx_word' id='word_1_668' title='bbox 3535 4149 3783 4219; x_wconf 78' lang='grc' dir='ltr'><strong>ἐμαυτὸν</strong></span> 
     </span>
    </p>
   </div>
   <div class='ocr_carea' id='block_1_94' title="bbox 2177 4241 3779 4315">
    <p class='ocr_par' dir='ltr' id='par_1_94' title="bbox 2177 4241 3779 4315">
     <span class='ocr_line' id='line_1_94' title="bbox 2177 4241 3779 4315; baseline -0.001 -18"><span class='ocrx_word' id='word_1_669' title='bbox 2177 4243 2296 4297; x_wconf 78' lang='grc' dir='ltr'><strong>οὐδὲ</strong></span> <span class='ocrx_word' id='word_1_670' title='bbox 2328 4246 2385 4297; x_wconf 80' lang='grc' dir='ltr'><strong>ὲν</strong></span> <span class='ocrx_word' id='word_1_671' title='bbox 2408 4243 2621 4296; x_wconf 82' lang='grc' dir='ltr'><strong>οἰκέτου</strong></span> <span class='ocrx_word' id='word_1_672' title='bbox 2647 4241 2801 4307; x_wconf 81' lang='grc' dir='ltr'><strong>τάξει</strong></span> <span class='ocrx_word' id='word_1_673' title='bbox 2831 4245 3145 4315; x_wconf 82' lang='grc' dir='ltr'><strong>μετρεῖσθαι</strong></span> <span class='ocrx_word' id='word_1_674' title='bbox 3178 4244 3307 4313; x_wconf 72' lang='grc' dir='ltr'><strong>παρ’</strong></span> <span class='ocrx_word' id='word_1_675' title='bbox 3338 4243 3533 4313; x_wconf 75' lang='grc' dir='ltr'><strong>ἐκείνῳ</strong></span> <span class='ocrx_word' id='word_1_676' title='bbox 3557 4260 3572 4274; x_wconf 88' lang='grc'><strong>·</strong></span> <span class='ocrx_word' id='word_1_677' title='bbox 3612 4244 3779 4297; x_wconf 86' lang='grc' dir='ltr'><strong>τοῦτο</strong></span> 
     </span>
    </p>
   </div>
   <div class='ocr_carea' id='block_1_95' title="bbox 2176 4318 3777 4406">
    <p class='ocr_par' dir='ltr' id='par_1_95' title="bbox 2176 4318 3777 4406">
     <span class='ocr_line' id='line_1_95' title="bbox 2176 4318 3777 4406; baseline 0.001 -20"><span class='ocrx_word' id='word_1_678' title='bbox 2176 4335 2285 4406; x_wconf 84' lang='grc' dir='ltr'><strong>γὰρ</strong></span> <span class='ocrx_word' id='word_1_679' title='bbox 2353 4318 2507 4403; x_wconf 69' lang='grc' dir='ltr'><strong>οἶμαι</strong></span> <span class='ocrx_word' id='word_1_680' title='bbox 2543 4332 2736 4404; x_wconf 80' lang='grc' dir='ltr'><strong>δηλοῦν</strong></span> <span class='ocrx_word' id='word_1_681' title='bbox 2766 4332 2856 4400; x_wconf 83' lang='grc' dir='ltr'><strong>τὸ,</strong></span> <span class='ocrx_word' id='word_1_682' title='bbox 2892 4351 2910 4384; x_wconf 78' lang='grc' dir='ltr'><strong>ι</strong></span> <span class='ocrx_word' id='word_1_683' title='bbox 2948 4334 3064 4386; x_wconf 82' lang='grc' dir='ltr'><strong>Οὐκ</strong></span> <span class='ocrx_word' id='word_1_684' title='bbox 3112 4334 3226 4403; x_wconf 70' lang='grc' dir='ltr'><strong>εἰμὶ</strong></span> <span class='ocrx_word' id='word_1_685' title='bbox 3264 4334 3479 4397; x_wconf 79' lang='grc' dir='ltr'><strong>ἱκανὸς,</strong></span> <span class='ocrx_word' id='word_1_686' title='bbox 3507 4332 3592 4386; x_wconf 86' lang='grc' dir='ltr'><strong>ῖνα</strong></span> <span class='ocrx_word' id='word_1_687' title='bbox 3622 4332 3777 4387; x_wconf 84' lang='grc' dir='ltr'><strong>λύσω</strong></span> 
     </span>
    </p>
   </div>
   <div class='ocr_carea' id='block_1_96' title="bbox 2176 4423 3779 4497">
    <p class='ocr_par' dir='ltr' id='par_1_96' title="bbox 2176 4423 3779 4497">
     <span class='ocr_line' id='line_1_96' title="bbox 2176 4423 3779 4497; baseline 0.002 -20"><span class='ocrx_word' id='word_1_688' title='bbox 2176 4423 2341 4478; x_wconf 78' lang='grc' dir='ltr'><strong>αὑτοῦ</strong></span> <span class='ocrx_word' id='word_1_689' title='bbox 2358 4423 2498 4497; x_wconf 80' lang='grc' dir='ltr'><strong>[τὸν]</strong></span> <span class='ocrx_word' id='word_1_690' title='bbox 2529 4425 2730 4496; x_wconf 86' lang='grc' dir='ltr'><strong>ίμάντα</strong></span> <span class='ocrx_word' id='word_1_691' title='bbox 2744 4423 2839 4478; x_wconf 88' lang='grc' dir='ltr'><strong>τοῦ</strong></span> <span class='ocrx_word' id='word_1_692' title='bbox 2860 4424 3029 4496; x_wconf 86' lang='grc' dir='ltr'><strong>ύποδή</strong></span> <span class='ocrx_word' id='word_1_693' title='bbox 3038 4441 3225 4495; x_wconf 88' lang='grc' dir='ltr'><strong>ματος.</strong></span> <span class='ocrx_word' id='word_1_694' title='bbox 3242 4424 3575 4495; x_wconf 78' lang='grc' dir='ltr'><strong>»Πρᾶγμαδὲ</strong></span> <span class='ocrx_word' id='word_1_695' title='bbox 3591 4423 3779 4493; x_wconf 80' lang='grc' dir='ltr'><strong>λέγων</strong></span> 
     </span>
    </p>
   </div>
   <div class='ocr_carea' id='block_1_97' title="bbox 2102 4510 3773 4585">
    <p class='ocr_par' dir='ltr' id='par_1_97' title="bbox 2102 4510 3773 4585">
     <span class='ocr_line' id='line_1_97' title="bbox 2102 4510 3773 4585; baseline 0.002 -22"><span class='ocrx_word' id='word_1_696' title='bbox 2102 4519 2151 4578; x_wconf 79' lang='grc' dir='ltr'>υ</span> <span class='ocrx_word' id='word_1_697' title='bbox 2176 4510 2394 4580; x_wconf 83' lang='grc' dir='ltr'><strong>ἀληθὲς,</strong></span> <span class='ocrx_word' id='word_1_698' title='bbox 2434 4512 2621 4583; x_wconf 76' lang='grc' dir='ltr'><strong>ἕτερον</strong></span> <span class='ocrx_word' id='word_1_699' title='bbox 2652 4513 2923 4584; x_wconf 80' lang='grc' dir='ltr'><strong>ἐπίσημον</strong></span> <span class='ocrx_word' id='word_1_700' title='bbox 2953 4513 3245 4585; x_wconf 72' lang='grc' dir='ltr'><strong>ἐργάζεται</strong></span> <span class='ocrx_word' id='word_1_701' title='bbox 3271 4529 3287 4544; x_wconf 69' lang='grc'><strong>⁸</strong></span> <span class='ocrx_word' id='word_1_702' title='bbox 3322 4514 3773 4584; x_wconf 78' lang='grc' dir='ltr'><strong>ταπεινοφρονεῖν</strong></span> 
     </span>
    </p>
   </div>
   <div class='ocr_carea' id='block_1_98' title="bbox 2177 4604 3770 4677">
    <p class='ocr_par' dir='ltr' id='par_1_98' title="bbox 2177 4604 3770 4677">
     <span class='ocr_line' id='line_1_98' title="bbox 2177 4604 3770 4677; baseline 0.002 -21"><span class='ocrx_word' id='word_1_703' title='bbox 2177 4604 2287 4677; x_wconf 79' lang='grc' dir='ltr'><strong>γὰρ</strong></span> <span class='ocrx_word' id='word_1_704' title='bbox 2312 4604 2594 4657; x_wconf 85' lang='grc' dir='ltr'><strong>ἀναπείθει</strong></span> <span class='ocrx_word' id='word_1_705' title='bbox 2627 4606 2716 4658; x_wconf 73' lang='grc' dir='ltr'><strong>τὸν</strong></span> <span class='ocrx_word' id='word_1_706' title='bbox 2746 4605 2982 4671; x_wconf 79' lang='grc' dir='ltr'><strong>ἀλαζόνα</strong></span> <span class='ocrx_word' id='word_1_707' title='bbox 3004 4606 3318 4677; x_wconf 80' lang='grc' dir='ltr'><strong>Φαρισαῖον,</strong></span> <span class='ocrx_word' id='word_1_708' title='bbox 3361 4604 3555 4660; x_wconf 75' lang='grc' dir='ltr'><strong>ἑαυτὸν</strong></span> <span class='ocrx_word' id='word_1_709' title='bbox 3579 4604 3637 4657; x_wconf 72' lang='grc' dir='ltr'><strong>δὲ</strong></span> <span class='ocrx_word' id='word_1_710' title='bbox 3669 4605 3770 4659; x_wconf 79' lang='grc' dir='ltr'><strong>τύο</strong></span> 
     </span>
    </p>
   </div>
   <div class='ocr_carea' id='block_1_99' title="bbox 2176 4694 3051 4769">
    <p class='ocr_par' dir='ltr' id='par_1_99' title="bbox 2176 4694 3051 4769">
     <span class='ocr_line' id='line_1_99' title="bbox 2176 4694 3051 4769; baseline 0.007 -22"><span class='ocrx_word' id='word_1_711' title='bbox 2176 4711 2278 4748; x_wconf 88' lang='grc' dir='ltr'><strong>πον</strong></span> <span class='ocrx_word' id='word_1_712' title='bbox 2306 4694 2549 4766; x_wconf 71' lang='grc' dir='ltr'><strong>εἰσφέρει</strong></span> <span class='ocrx_word' id='word_1_713' title='bbox 2577 4696 2673 4750; x_wconf 86' lang='grc' dir='ltr'><strong>τοῦ</strong></span> <span class='ocrx_word' id='word_1_714' title='bbox 2702 4698 3051 4769; x_wconf 80' lang='grc' dir='ltr'><strong>πράγματος.</strong></span> 
     </span>
    </p>
   </div>
   <div class='ocr_carea' id='block_1_100' title="bbox 2251 4783 3763 4858">
    <p class='ocr_par' dir='ltr' id='par_1_100' title="bbox 2251 4783 3763 4858">
     <span class='ocr_line' id='line_1_100' title="bbox 2251 4783 3763 4858; baseline 0.002 -20"><span class='ocrx_word' id='word_1_715' title='bbox 2251 4783 2442 4839; x_wconf 74' lang='grc' dir='ltr'><strong>Ταῦτα</strong></span> <span class='ocrx_word' id='word_1_716' title='bbox 2462 4786 2532 4839; x_wconf 86' lang='grc' dir='ltr'><strong>ὲν</strong></span> <span class='ocrx_word' id='word_1_717' title='bbox 2547 4787 2814 4855; x_wconf 79' lang='grc' dir='ltr'><strong>Βηθανίᾳ</strong></span> <span class='ocrx_word' id='word_1_718' title='bbox 2833 4785 3070 4858; x_wconf 78' lang='grc' dir='ltr'><strong>ἐγένετο</strong></span> <span class='ocrx_word' id='word_1_719' title='bbox 3088 4786 3279 4858; x_wconf 79' lang='grc' dir='ltr'><strong>πέραν</strong></span> <span class='ocrx_word' id='word_1_720' title='bbox 3297 4786 3405 4842; x_wconf 81' lang='grc' dir='ltr'><strong>τοῦ</strong></span> <span class='ocrx_word' id='word_1_721' title='bbox 3429 4785 3763 4856; x_wconf 75' lang='grc' dir='ltr'><strong>Ἰορδάνου,</strong></span> 
     </span>
    </p>
   </div>
   <div class='ocr_carea' id='block_1_101' title="bbox 2173 4870 3114 4946">
    <p class='ocr_par' dir='ltr' id='par_1_101' title="bbox 2173 4870 3114 4946">
     <span class='ocr_line' id='line_1_101' title="bbox 2173 4870 3114 4946; baseline 0.009 -20"><span class='ocrx_word' id='word_1_722' title='bbox 2173 4871 2327 4929; x_wconf 80' lang='grc' dir='ltr'><strong>ὅπου</strong></span> <span class='ocrx_word' id='word_1_723' title='bbox 2366 4870 2447 4945; x_wconf 82' lang='grc' dir='ltr'><strong>ἦν</strong></span> <span class='ocrx_word' id='word_1_724' title='bbox 2484 4877 2759 4946; x_wconf 73' lang='grc' dir='ltr'><strong>Ἰωάννης</strong></span> <span class='ocrx_word' id='word_1_725' title='bbox 2788 4879 3114 4945; x_wconf 74' lang='grc' dir='ltr'><strong>βαπτίζων.</strong></span> 
     </span>
    </p>
   </div>
   <div class='ocr_carea' id='block_1_102' title="bbox 2244 4964 3762 5043">
    <p class='ocr_par' dir='ltr' id='par_1_102' title="bbox 2244 4964 3762 5043">
     <span class='ocr_line' id='line_1_102' title="bbox 2244 4964 3762 5043; baseline 0.005 -26"><span class='ocrx_word' id='word_1_726' title='bbox 2244 4964 2475 5037; x_wconf 85' lang='grc' dir='ltr'><strong>Σημεῖον</strong></span> <span class='ocrx_word' id='word_1_727' title='bbox 2496 4966 2690 5040; x_wconf 80' lang='grc' dir='ltr'><strong>ὥσπερ</strong></span> <span class='ocrx_word' id='word_1_728' title='bbox 2714 4973 2808 5023; x_wconf 77' lang='grc' dir='ltr'><strong>καὶ</strong></span> <span class='ocrx_word' id='word_1_729' title='bbox 2846 4972 3003 5024; x_wconf 85' lang='grc' dir='ltr'><strong>τοῦτο</strong></span> <span class='ocrx_word' id='word_1_730' title='bbox 3029 4970 3198 5035; x_wconf 71' lang='grc' dir='ltr'><strong>τιθεὶς</strong></span> <span class='ocrx_word' id='word_1_731' title='bbox 3230 4972 3453 5043; x_wconf 86' lang='grc' dir='ltr'><strong>μνήμης</strong></span> <span class='ocrx_word' id='word_1_732' title='bbox 3495 4971 3762 5042; x_wconf 71' lang='grc' dir='ltr'><strong>ἀκριϐοῦς</strong></span> 
     </span>
    </p>
   </div>
   <div class='ocr_carea' id='block_1_103' title="bbox 2170 5056 3760 5134">
    <p class='ocr_par' dir='ltr' id='par_1_103' title="bbox 2170 5056 3760 5134">
     <span class='ocr_line' id='line_1_103' title="bbox 2170 5056 3760 5134; baseline 0.005 -25"><span class='ocrx_word' id='word_1_733' title='bbox 2170 5058 2266 5109; x_wconf 78' lang='grc' dir='ltr'><strong>καὶ</strong></span> <span class='ocrx_word' id='word_1_734' title='bbox 2290 5056 2514 5129; x_wconf 81' lang='grc' dir='ltr'><strong>λεπτῆς.</strong></span> <span class='ocrx_word' id='word_1_735' title='bbox 2542 5060 2873 5133; x_wconf 84' lang='grc' dir='ltr'><strong>Πεφύκαμεν</strong></span> <span class='ocrx_word' id='word_1_736' title='bbox 2900 5062 3009 5133; x_wconf 84' lang='grc' dir='ltr'><strong>γάρ</strong></span> <span class='ocrx_word' id='word_1_737' title='bbox 3033 5076 3153 5127; x_wconf 89' lang='grc' dir='ltr'><strong>πως</strong></span> <span class='ocrx_word' id='word_1_738' title='bbox 3174 5063 3268 5117; x_wconf 73' lang='grc' dir='ltr'><strong>καὶ</strong></span> <span class='ocrx_word' id='word_1_739' title='bbox 3296 5061 3583 5134; x_wconf 83' lang='grc' dir='ltr'><strong>εἰθίσμεθα</strong></span> <span class='ocrx_word' id='word_1_740' title='bbox 3617 5065 3760 5117; x_wconf 84' lang='grc' dir='ltr'><strong>πάν-</strong></span> 
     </span>
    </p>
   </div>
   <div class='ocr_carea' id='block_1_104' title="bbox 2168 5149 3758 5226">
    <p class='ocr_par' dir='ltr' id='par_1_104' title="bbox 2168 5149 3758 5226">
     <span class='ocr_line' id='line_1_104' title="bbox 2168 5149 3758 5226; baseline 0.004 -25"><span class='ocrx_word' id='word_1_741' title='bbox 2168 5164 2293 5214; x_wconf 88' lang='grc' dir='ltr'><strong>τες,</strong></span> <span class='ocrx_word' id='word_1_742' title='bbox 2351 5149 2426 5213; x_wconf 86' lang='grc' dir='ltr'><strong>ὡς</strong></span> <span class='ocrx_word' id='word_1_743' title='bbox 2458 5150 2589 5215; x_wconf 74' lang='grc' dir='ltr'><strong>ἔπος</strong></span> <span class='ocrx_word' id='word_1_744' title='bbox 2633 5154 2844 5220; x_wconf 74' lang='grc' dir='ltr'><strong>εἰπεῖν,</strong></span> <span class='ocrx_word' id='word_1_745' title='bbox 2886 5154 2943 5207; x_wconf 79' lang='grc' dir='ltr'><strong>ἐν</strong></span> <span class='ocrx_word' id='word_1_746' title='bbox 2967 5157 3080 5219; x_wconf 87' lang='grc' dir='ltr'><strong>τοῖς</strong></span> <span class='ocrx_word' id='word_1_747' title='bbox 3125 5154 3256 5226; x_wconf 77' lang='grc' dir='ltr'><strong>περὶ</strong></span> <span class='ocrx_word' id='word_1_748' title='bbox 3297 5153 3407 5208; x_wconf 85' lang='grc' dir='ltr'><strong>τῶν</strong></span> <span class='ocrx_word' id='word_1_749' title='bbox 3442 5153 3758 5223; x_wconf 81' lang='grc' dir='ltr'><strong>ἀναγκαίων</strong></span> 
     </span>
    </p>
   </div>
   <div class='ocr_carea' id='block_1_105' title="bbox 2168 5237 3754 5314">
    <p class='ocr_par' dir='ltr' id='par_1_105' title="bbox 2168 5237 3754 5314">
     <span class='ocr_line' id='line_1_105' title="bbox 2168 5237 3754 5314; baseline 0.006 -25"><span class='ocrx_word' id='word_1_750' title='bbox 2168 5237 2467 5309; x_wconf 84' lang='grc' dir='ltr'><strong>διηγήμασι</strong></span> <span class='ocrx_word' id='word_1_751' title='bbox 2497 5241 2807 5313; x_wconf 73' lang='grc' dir='ltr'><strong>μεμνῆσθαι</strong></span> <span class='ocrx_word' id='word_1_752' title='bbox 2845 5244 2937 5298; x_wconf 75' lang='grc' dir='ltr'><strong>καὶ</strong></span> <span class='ocrx_word' id='word_1_753' title='bbox 2965 5245 3167 5311; x_wconf 83' lang='grc' dir='ltr'><strong>τόπων,</strong></span> <span class='ocrx_word' id='word_1_754' title='bbox 3218 5247 3277 5300; x_wconf 86' lang='grc' dir='ltr'><strong>ὲν</strong></span> <span class='ocrx_word' id='word_1_755' title='bbox 3312 5239 3398 5309; x_wconf 71' lang='grc' dir='ltr'><strong>οἷς</strong></span> <span class='ocrx_word' id='word_1_756' title='bbox 3430 5243 3570 5299; x_wconf 83' lang='grc' dir='ltr'><strong>αύτά</strong></span> <span class='ocrx_word' id='word_1_757' title='bbox 3602 5242 3754 5314; x_wconf 73' lang='grc' dir='ltr'><strong>γενέ-</strong></span> 
     </span>
    </p>
   </div>
   <div class='ocr_carea' id='block_1_106' title="bbox 2166 5327 2690 5402">
    <p class='ocr_par' dir='ltr' id='par_1_106' title="bbox 2166 5327 2690 5402">
     <span class='ocr_line' id='line_1_106' title="bbox 2166 5327 2690 5402; baseline 0.011 -22"><span class='ocrx_word' id='word_1_758' title='bbox 2166 5327 2289 5382; x_wconf 88' lang='grc' dir='ltr'><strong>σθαι</strong></span> <span class='ocrx_word' id='word_1_759' title='bbox 2323 5330 2690 5402; x_wconf 72' lang='grc' dir='ltr'><strong>συμϐέϐηκεν.</strong></span> 
     </span>
    </p>
   </div>
  </div>
