4106 6498
465 327 560 386 l9l

1465 331 1530 389 S.
1569 331 1851 392 ετιιιιιι
1887 331 2364 392 ALEXANDRINI
2406 336 2734 393 ARCHIEP.

3634 339 3737 397 ιω

448 464 584 509 tem.
610 455 908 527 Pr0pterea
941 455 1222 527 praphetaa
1245 470 1468 528 quoque
1497 472 1823 515 mensuram
1845 473 2036 514 exces-

2143 460 2242 512 Διά
2293 458 2470 527 τοῦτο,
2502 462 2596 515 καὶ
2624 461 2685 514 τὸ
2727 458 3026 529 προφητῶν
3067 458 3378 542 ἀνεπήδησε
3409 457 3643 531 μέτρον,
3663 459 3732 525 ὡς

449 545 546 608 sit,
579 553 643 599 ut
679 547 798 618 ipse
852 547 1058 602 alicubi
1114 547 1372 602 Salvator
1431 548 1510 602 ait
1553 563 1681 604 cum
1731 546 1938 605 Iudaeis
1971 548 2040 604 de

450 649 520 689 eo
545 636 827 694 disserens
871 658 885 694 :
927 656 946 690 ι
989 638 1132 705 Quid
1161 639 1355 696 existis
1398 639 1456 694 in
1503 639 1784 695 desertum
1817 640 2044 696 videre?

458 729 824 798 l’r0phetam?
852 730 1032 785 Etiam
1062 731 1191 786 dico
1229 732 1406 796 vobis,
1440 740 1496 788 et
1529 731 1654 802 plus
1699 747 1865 801 quam
1913 747 2044 803 pro-

457 821 672 888 phetam
703 807 764 872 ⁷.’
791 841 811 876 ι
853 822 934 878 llli
971 823 1120 878 enim
1171 823 1456 878 Christum
1493 822 1789 892 aliquando
1841 831 2040 878 ventu-

456 929 576 966 rum
609 915 1017 984 prephetabant
1043 935 1062 981 ,ε
1094 916 1186 971 hic
1219 926 1402 970 autem
1433 931 1560 970 cum
1593 924 1891 971 venturum
1922 917 2040 971 cla-

455 1013 652 1071 uiaret,
682 1007 854 1061 ctiam
913 1007 1114 1063 adesse
1168 1008 1522 1062 monstravit.
1559 1026 1578 1058 ι
1625 1007 1816 1061 Altera
1892 1007 2039 1062 enim

454 1097 569 1163 die,
605 1097 812 1169 inquit,
847 1099 988 1153 vidit
1019 1097 1211 1154 Iesum
1252 1101 1564 1155 venientem
1596 1099 1662 1154 ad
1688 1115 1768 1154 se.
1799 1117 1818 1152 ι

525 1201 569 1264 1.
593 1201 685 1257 29.
719 1201 792 1256 Et
820 1203 900 1257 ait
929 1219 949 1258 :
981 1201 1119 1258 Ecce
1146 1203 1330 1274 Agnus
1365 1202 1484 1270 Dei,
1521 1203 1613 1272 qui
1663 1203 1804 1256 tollit
1849 1219 2034 1273 pecca-

456 1301 568 1347 tum
599 1295 806 1349 mundi.

525 1383 646 1439 Non
690 1385 806 1454 jam
855 1385 1057 1456 inquit,
1094 1404 1114 1438 ι
1161 1383 1356 1442 Paratc
1389 1403 1446 1443 ις
1489 1373 1890 1444 convenienter
1920 1401 2040 1441 am-

456 1473 602 1542 plius
659 1475 769 1530 dici
828 1483 1030 1545 potest,
1081 1491 1206 1530 cum
1262 1485 1526 1532 cernatur
1579 1478 1806 1533 demum
1863 1487 1922 1534 et
1981 1478 2038 1533 in

454 1568 633 1624 oculis
667 1567 741 1623 sit
786 1568 879 1624 ille
914 1577 1138 1640 propter
1167 1584 1330 1638 quem
1382 1569 1439 1624 llt
1483 1570 1836 1640 praeparatio.
1875 1570 2038 1625 Aliud

455 1658 713 1729 loquendi
747 1675 922 1732 genus
951 1676 1136 1716 rerum
1191 1669 1392 1716 natura
1429 1662 1700 1732 postulat.
1740 1662 2038 1733 Exponen-

452 1751 580 1806 dum
602 1760 691 1807 est
724 1751 886 1824 114
913 1754 1038 1823 quis
1069 1755 1144 1808 sit
1173 1753 1266 1808 ille
1306 1753 1402 1825 qui
1442 1753 1560 1824 jam
1601 1755 1782 1818 adest,
1811 1761 1866 1810 et
1894 1770 2037 1826 quas

449 1840 523 1895 ob
582 1856 673 1896 res
711 1841 778 1896 ad
839 1858 939 1898 nos
973 1843 1347 1907 descenderit,
1393 1844 1488 1914 qui
1528 1843 1596 1899 de
1649 1844 1807 1900 caelis
1863 1846 2035 1902 venit.

457 1951 478 1985 ι
527 1933 667 1988 Ecce
704 1953 722 1984 ι
762 1933 951 2003 igitur,
982 1934 1185 2004 inquit,
1223 1954 1241 1986 ι
1281 1936 1471 2004 Agnus
1497 1934 1617 1999 Dei,
1651 1955 1670 1988 ι
1705 1952 1870 2006 quem
1906 1954 2040 2007 pro-

451 2026 618 2096 pheta
655 2025 797 2080 Isaia
831 2026 994 2082 nobis
1026 2027 1499 2097 priesignilicavit,
1543 2027 1740 2084 dicens
1777 2047 1793 2085 :
1826 2049 1846 2082 ι
1880 2028 2039 2086 Sicut

450 2118 576 2172 ovis
592 2116 658 2170 ad
680 2119 1017 2173 occisionem
1048 2118 1255 2175 ductus
1272 2129 1380 2183 est,
1402 2127 1457 2176 et
1479 2121 1627 2177 sicut
1647 2137 1825 2192 agnus
1848 2139 2034 2178 coram

453 2209 719 2264 tondente
781 2226 842 2265 se
903 2211 1182 2266 obmutuit
1225 2213 1268 2269 ⁸.
1314 2231 1332 2264 ι
1373 2211 1550 2278 Quem
1614 2213 1772 2278 olim,
1835 2215 2036 2285 inquit,

450 2299 624 2356 Mosis
669 2301 754 2356 lex
794 2301 1189 2372 prrellguravit.
1251 2301 1359 2358 Sed
1405 2318 1472 2358 eo
1510 2303 1738 2374 quidem
1789 2311 2040 2376 tempore

451 2390 711 2446 servabat
743 2407 808 2447 ex
864 2400 1040 2462 parte,
1078 2407 1188 2448 non
1249 2393 1306 2448 in
1362 2409 1559 2451 omnes
1600 2395 2039 2452 misericordiam

450 2497 608 2538 suam
665 2483 985 2540 din‘undens
1035 2502 1049 2539 :
1101 2495 1265 2557 typus
1315 2487 1461 2542 enim
1518 2495 1640 2544 erat
1695 2496 1754 2544 et
1803 2490 2036 2556 umbra;

449 2590 602 2632 nunc
631 2585 819 2632 autem
863 2577 956 2632 ille
983 2577 1196 2648 Agnus,
1221 2580 1314 2650 qui
1346 2580 1478 2635 olim
1509 2581 1859 2650 aenigmatice
1896 2597 2040 2652 prae-

453 2666 817 2738 ligurabatur,
864 2668 1224 2725 immaculata
1278 2671 1372 2726 illa
1412 2671 1594 2728 hostia
1638 2688 1738 2743 pro
1777 2673 2038 2730 omnibus

449 2757 520 2812 ad
553 2760 892 2816 occisionem
928 2763 1174 2828 ducitur,
1205 2771 1268 2818 ut
1321 2763 1511 2819 mundi
1547 2774 1838 2835 peccatum
1881 2780 2038 2822 amo-

449 2858 594 2918 veat,
629 2860 689 2906 ut
720 2853 872 2908 orbis
901 2854 1396 2910 exterminatorem
1433 2862 1669 2921 evertat,
1701 2864 1765 2910 ut
1802 2864 2037 2912 mortem

449 2957 552 3012 pro
593 2944 853 3000 omnibus
900 2944 1164 3000 obeundo
1199 2953 1434 3002 mortem
1488 2947 1733 3012 aboleat,
1766 2955 1826 3002 ut
1859 2949 2039 3003 solvat

449 3033 730 3090 hominum
761 3036 1210 3093 maledictionem
1233 3038 1278 3106 ’,
1306 3046 1368 3093 ut
1399 3047 1578 3096 cesset
1610 3039 1831 3095 tandem
1866 3041 2034 3096 illud:

2145 549 2308 612 αὐτός
2359 549 2462 603 πού
2494 568 2658 622 φησιν
2707 551 2734 602 6
2764 549 2978 618 Σωτὴρ,
3012 548 3149 619 πρὸς
3177 548 3465 614 Ἰουδαίους
3497 550 3732 621 διαλεγό-

2147 657 2311 711 μενος
2357 641 2486 712 περὶ
2538 641 2737 695 αὑτοῦ·
2774 659 2794 694 ι
2837 640 2902 693 Τί
2939 639 3193 709 ἐξήλθετε
3241 642 3319 704 εἰς
3374 640 3474 712 τὴν
3531 640 3730 714 ἔρημον

2146 730 2276 785 ἰδεῖν
2301 748 2317 796 ;
2341 732 2637 802 Προφήτην
2663 750 2680 799 ;
2709 732 2820 786 Ναὶ
2847 731 2994 800 λέγω
3019 732 3172 802 ὑμῖν,
3207 733 3303 786 καὶ
3349 735 3730 806 περισσότερον

2143 823 2478 892 προφήτου.»
2511 823 2575 876 Oi
2602 822 2702 893 μέν
2733 822 2843 893 γὰρ
2877 822 2960 877 ὅτι
2993 822 3134 876 κατὰ
3161 824 3390 894 καιροὺς
3421 825 3733 904 ἀναδειχθή-

2144 927 2294 965 σεται
2326 912 2560 983 Χριστὸς
2601 913 2998 985 προεφήτευον,
3041 915 3070 968 6
3092 913 3149 967 δέ
3179 914 3255 978 ὼς
3291 914 3412 986 ήξει
3445 917 3605 987 βοῶν,
3643 921 3742 973 καὶ-

2143 1002 2388 1073 παρόντα
2401 1003 2623 1074 δέδειχε.
2648 1021 2667 1056 ι
2695 1005 2776 1076 Τῇ
2815 1004 2923 1076 γὰρ
2951 1005 3237 1073 ἐπαύριον,
3261 1007 3416 1078 φησὶ,
3437 1009 3622 1081 βλέπει
3646 1011 3740 1064 τὸν

2155 1093 2364 1166 Ἰησοῦν
2389 1095 2686 1167 ἐρχόμενον
2713 1097 2852 1168 πρὸς
2883 1097 3072 1155 αὐτόν.
3105 1117 3125 1152 ι

2215 1206 2328 1261 Καὶ
2355 1207 2516 1277 λέγει
2537 1227 2549 1238 ·
2579 1209 2702 1265 Ἴδε
2722 1212 2756 1266 ὁ
2795 1211 3014 1282 Ἀμνὸς
3045 1197 3154 1266 τοῦ
3187 1213 3338 1269 Θεοῦ
3362 1216 3396 1268 ὁ
3416 1213 3602 1284 αιρων
3621 1215 3748 1286 τὴν·

2138 1297 2438 1368 ἁμαρτίαν
2462 1299 2570 1356 τοῦ
2597 1301 2854 1371 κόσμου.
2891 1355 2894 1358 .

2212 1389 2409 1443 Οὐκέτι
2424 1391 2504 1456 τὸ,
2517 1409 2534 1442 ι
2556 1391 2938 1462 Ἑτοιμάσατε,
2952 1392 3171 1466 »καιρὸν
3192 1392 3416 1465 ἔχειτὸν
3432 1395 3730 1468 πρέπονταο

2140 1479 2326 1534 λοιπὸν
2365 1481 2651 1552 ὁρωμένου
2695 1483 2791 1538 κα)⁸
2837 1483 2992 1548 ὄντος
3035 1487 3094 1538 ἐν
3125 1484 3426 1557 ὀφθαλμοῖς
3456 1488 3548 1542 τοῦ
3581 1488 3650 1542 δι’
3677 1489 3734 1542 6v

2141 1572 2177 1641 ή
2227 1571 2516 1642 ἐτοιμασία
2573 1575 2785 1642 γίνεται
2808 1592 2822 1606 ·
2864 1575 3070 1647 ἐτέρων
3121 1577 3292 1631 ἐδεῖτο
3340 1577 3516 1646 λόγων
3569 1581 3604 1650 ή
3642 1579 3734 1634 τοῦ

2141 1661 2467 1732 πράγματος
2501 1661 2684 1731 φύσις.
2733 1664 2933 1736 Ἐχρῆν
2979 1664 3296 1737 ἐξηγεῖσθαι
3336 1667 3422 1730 τίς
3451 1669 3480 1721 6
3508 1668 3733 1739 παρὼν,

2142 1755 2236 1806 καὶ
2265 1755 2357 1808 ἐπὶ
2383 1755 2524 1808 τίσιν
2551 1754 2664 1825 ἔχει
2690 1754 2788 1825 τὴν
2815 1754 3044 1810 κάθοδον
3065 1758 3095 1810 ό
3129 1755 3268 1825 πρὸς
3299 1758 3450 1827 ἡμᾶς
3481 1756 3543 1823 ἐξ
3571 1759 3736 1830 οὐρα-

2143 1845 2251 1899 νῶν
2301 1846 2624 1915 ἀφιγμένος.
2660 1865 2681 1898 ι
2711 1845 2819 1900 Ἴδε
2849 1846 3049 1914 τοίνυν,
3088 1848 3278 1917 φησὶν,
3318 1848 3348 1901 6
3386 1848 3582 1918 ’Δμνὸς
3640 1848 3734 1902 τοῦ

2139 1936 2300 2000 Θεοῦ,
2335 1956 2356 1989 ι
2401 1937 2462 1991 ὃν
2499 1939 2527 1990 6
2559 1938 2852 2008 προφήτης
2901 1940 3036 2008 ἡμῖν
3092 1939 3321 2002 Ἡσαΐας
3365 1941 3737 2010 κατεσήμαινε

2139 2028 2315 2098 λέγων
2339 2045 2353 2059 ο
2391 2047 2410 2081 ι
2453 2028 2542 2092 Ὠς
2586 2028 2860 2101 πρόϐατον
2893 2031 2990 2083 ἐπὶ
3045 2030 3260 2102 σφαγήν
3306 2031 3447 2102 ήχθη
3474 2070 3488 2095 ,
3534 2031 3630 2086 καὶ
3661 2032 3737 2095 ὡς

2139 2120 2310 2190 ἀμνὸς
2340 2120 2582 2175 ἐναντίον
2614 2120 2708 2174 τοῦ
2745 2121 3023 2193 κείροντος
3043 2123 3204 2178 αὐτὸν
3226 2124 3496 2192 ἄφωνος.»
3521 2125 3618 2178 Ὃν
3646 2124 3741 2178 καὶ

2141 2212 2331 2277 πάλαι,
2366 2212 2532 2283 φησὶν
2552 2253 2567 2277 ,
2603 2213 2633 2266 6
2663 2212 2752 2266 διά
2784 2214 3028 2278 Μωσέως
3058 2215 3331 2268 άνετυπου
3366 2215 3533 2286 νόμος
3552 2231 3568 2247 ο
3598 2216 3739 2270 ἀλλά

2137 2303 2259 2356 τότε
2297 2302 2394 2373 μὲν
2444 2303 2615 2366 ἔσωζε
2649 2303 2912 2375 μερικῶς,
2946 2305 3048 2358 οὐκ
3080 2305 3162 2368 είς
3201 2305 3448 2369 ἅπαντας
3482 2305 3741 2360 ἐκτείνων

2139 2393 2230 2447 τὸν
2251 2391 2397 2446 ἔλεον
2416 2409 2430 2423 ο
2456 2391 2628 2456 τύπος
2644 2394 2752 2466 γὰρ
2769 2390 2858 2465 ἦν,
2881 2394 2976 2447 καὶ
3009 2393 3139 2448 σκιά
3155 2411 3168 2424 ·
3191 2395 3310 2448 νυνὶ
3331 2395 3389 2449 δὲ
3419 2395 3448 2447 6
3482 2394 3652 2449 πάλαι
3669 2377 3736 2450 δι’

2139 2482 2479 2554 αίνιγμάτων
2494 2482 2953 2554 ζωγραφούμενος
2969 2486 2998 2538 6
3009 2484 3263 2554 ἀληθινὸς
3292 2485 3575 2556 Ἀμνὸς,τὸ
3589 2486 3742 2556 ἀμω-

2143 2592 2244 2646 μον
2277 2577 2471 2646 ίερεῖον
2497 2575 2641 2648 ὑπὲρ
2687 2576 2907 2630 πάντων
2945 2576 3139 2644 ἄγεται
3188 2577 3326 2648 πρὸς
3363 2578 3613 2648 σφαγὴν,
3651 2579 3741 2631 ἵνα

2138 2665 2234 2720 τοῦ
2269 2665 2475 2736 κόσμου
2502 2665 2602 2736 τὴν
2647 2666 2927 2738 ἁμαρτίαν
2954 2667 3146 2740 ἐλάσῃ,
3184 2667 3272 2722 ἴνα
3298 2669 3389 2722 τὸν
3419 2671 3520 2738 τῆς
3552 2671 3740 2722 οἰκου-

2142 2756 2312 2826 μένης
2341 2755 2670 2828 όλοθρευτὴν
2697 2756 2998 2829 ἀνατρέψῃ,
3029 2758 3116 2811 ἵνα
3146 2759 3474 2830 καταργήσῃ
3514 2759 3608 2812 τὸν
3638 2759 3739 2814 θά-

2138 2864 2298 2901 νατον
2320 2847 2464 2919 ὑπὲρ
2497 2849 2715 2902 πάντων
2745 2848 3058 2915 ἀποθανὼν,
3087 2851 3176 2904 ἵνα
3201 2849 3338 2922 λύσῃ
3366 2851 3465 2924 τήν
3494 2852 3579 2920 ἐφ’
3604 2853 3742 2924 ἡμῖν

2140 2939 2405 3010 κατάραν,
2449 2939 2536 2993 ίνα
2585 2939 2863 3011 παύσηται
2901 2940 3087 2994 λοιπὸν
3111 2942 3197 3007 τὸ,
3235 2960 3252 2993 ι
3302 2943 3379 3012 Γῆ
3419 2938 3489 3007 εἶ,
3533 2943 3628 2997 καὶ
3658 2945 3743 3007 είς

2139 3028 2244 3102 γῆν
2276 3030 2578 3105 ἀπελεύσῃ,
2630 3051 2650 3083 ι
2701 3033 2790 3092 ἴνα
2832 3032 3060 3104 γένηται
3109 3032 3364 3106 δεύτερος
3405 3035 3598 3105 Ἀδὰμ,
3638 3035 3744 3088 οὐκ

453 3144 475 3178 ι
513 3126 684 3182 Terra
719 3143 802 3192 es,
836 3136 892 3183 et
935 3128 991 3183 in
1025 3135 1232 3185 terram
1265 3131 1564 3187 reverteris
1586 3133 1652 3196 ‘°,
1692 3151 1712 3184 ι
1747 3139 1808 3187 ut
1849 3132 1922 3187 sit
1948 3133 2036 3190 ille

2140 3129 2250 3183 ἀπὸ
2275 3130 2401 3200 γῆς,
2440 3130 2554 3184 ἀλλ’
2581 3128 2640 3195 ἐξ
2685 3129 2941 3200 ούρανοῦ,
2973 3130 3068 3184 καί
3099 3130 3244 3202 ἀρχὴ
3294 3130 3519 3202 γένηται
3545 3133 3612 3200 τῇ
3639 3130 3744 3184 ἀν-

447 3218 728 3275 secundus
756 3218 953 3286 Adam,
983 3235 1093 3277 non
1120 3237 1152 3277 e
1179 3228 1353 3290 terra,
1382 3223 1480 3279 sed
1505 3239 1535 3280 e
1559 3224 1722 3289 caelo,
1746 3224 2040 3295 omnisque

444 3306 579 3364 boni
611 3309 950 3378 principium
994 3318 1212 3380 naturg
1256 3313 1515 3369 humana:
1553 3316 1808 3382 exsistat,
1837 3317 2040 3372 solutio

445 3400 649 3455 invecti
695 3401 977 3470 interitus,
1027 3414 1251 3460 aeternae
1293 3404 1424 3460 vitae
1468 3407 1822 3475 conciliator,
1870 3423 2039 3465 causa

445 3491 865 3551 reformationis
901 3495 969 3550 ad
1022 3495 1220 3562 Deum,
1255 3497 1482 3568 pietatis
1516 3507 1572 3554 et
1611 3499 1841 3569 iustitia:
1882 3502 2038 3572 prin-

445 3582 680 3652 cipium,
719 3583 810 3638 via
861 3583 1105 3656 denique
1152 3585 1222 3640 ad
1275 3601 1504 3658 regnum
1540 3589 1828 3645 caelorum.
1879 3589 2037 3649 Unus

445 3673 597 3729 enim
638 3683 897 3732 mortuus
930 3685 1016 3733 est
1046 3691 1225 3749 agnus
1247 3693 1350 3749 pro
1379 3679 1662 3744 omnibus,
1684 3695 1904 3738 omnem
1937 3683 2038 3738 ho-

446 3763 661 3820 minum
707 3781 930 3838 gregem
981 3782 1212 3824 servans
1248 3767 1363 3824 Deo
1410 3784 1474 3824 ac
1499 3767 1650 3825 Patri
1702 3789 1716 3825 :
1761 3788 1906 3828 unus
1937 3789 2037 3843 pro

445 3857 730 3924 Omnibus,
765 3866 827 3913 ut
859 3873 1055 3916 omnes
1085 3859 1199 3916 Deo
1237 3859 1508 3932 subjiciat
1546 3879 1560 3918 :
1600 3879 1744 3920 unus
1782 3880 1883 3935 pro
1919 3881 2038 3920 om-

442 3947 633 4014 nibus,
688 3955 750 4004 ut
793 3965 986 4007 omnes
1035 3949 1481 4008 lucrifaciat:ut
1532 3968 1728 4011 omnes
1793 3955 2036 4027 denique

441 4052 556 4093 non
581 4037 694 4108 jam
726 4039 832 4096 sibi
870 4041 1079 4107 vivant,
1109 4040 1204 4097 sed
1236 4042 1288 4098 ei
1324 4041 1420 4112 qui
1464 4058 1566 4113 pro
1601 4045 1738 4114 ipsis
1778 4055 2034 4101 mortuus

439 4139 527 4186 est
561 4139 617 4187 et
651 4135 964 4189 resurrexit
998 4135 1062 4189 “.
1093 4133 1231 4189 Nam
1273 4151 1400 4192 cum
1451 4137 1506 4192 in
1551 4138 1745 4192 multis
1790 4140 2035 4207 peccatis

435 4238 714 4288 essemus,
748 4233 916 4296 atque
960 4224 1175 4280 ideirco
1227 4228 1394 4282 morti
1436 4235 1493 4283 et
1548 4229 1900 4300 corruptioni
1933 4229 2035 4284 ob-

440 4309 616 4374 noxii,
647 4309 796 4365 dedit
833 4309 1032 4366 Filium
1060 4328 1224 4370 suum
1257 4313 1424 4371 Pater
1457 4317 1898 4388 redemptionem
1932 4333 2034 4388 pro

439 4400 625 4465 nobis,
666 4401 838 4456 unum
889 4419 992 4474 pro
1032 4406 1310 4473 omnibus,
1347 4410 1610 4479 quoniam
1657 4410 1851 4465 omnia
1900 4416 2034 4467 sunt

2140 3221 2360 3296 θρώπου
2426 3222 2588 3292 φύσει
2645 3223 2846 3290 παντὸς
2894 3222 3146 3291 ἀγαθοῦ,
3200 3223 3355 3287 λύσις
3408 3223 3743 3276 ἐπεισάκτου

2139 3313 2367 3385 φθορᾶς,
2403 3313 2664 3384 πρόξενος
2692 3313 2917 3368 αἰωνίου
2951 3312 3098 3382 ζωῆς
3121 3351 3136 3379 ,
3162 3311 3614 3384 ἀναμορφώσεως
3639 3312 3746 3384 τῆς

2137 3407 2219 3468 εἰς
2245 3404 2376 3458 Θεὸν
2409 3404 2668 3468 ὑπόθεσις
2691 3445 2708 3472 ,
2737 3403 3025 3467 εὐσεϐείας
3065 3403 3161 3456 καὶ
3198 3401 3547 3470 δικαιοσύνης
3569 3402 3742 3474 ἀρχὴ,

2136 3497 2256 3560 ὁδὸς
2285 3497 2366 3559 είς
2411 3494 2690 3566 βασιλείαν
2740 3494 2988 3566 οὐρανῶν
3013 3510 3028 3522 ’
3064 3488 3147 3558 εἷς
3188 3494 3297 3566 γὰρ
3351 3493 3490 3564 ὑπὲρ
3517 3494 3748 3549 πάντων

2136 3589 2410 3642 ἀπέθανεν
2439 3587 2632 3659 ἀμνὸς,
2655 3587 2783 3657 ὅλην
2817 3584 3114 3650 ἀνασώζων
3143 3585 3242 3656 τὴν
3265 3586 3361 3638 ἐπὶ
3397 3587 3502 3654 γῆς
3531 3585 3746 3656 ἀγέλην

2136 3680 2214 3751 τῷ
2239 3679 2360 3750 Θεῷ
2409 3681 2505 3734 καὶ
2539 3679 2718 3750 Πατρί
2741 3693 2756 3709 °
2793 3672 2874 3742 εἷς
2925 3678 3069 3750 ὑπὲρ
3104 3679 3326 3732 πάντων
3347 3718 3362 3743 ,
3396 3678 3485 3732 ἵνα
3525 3678 3745 3742 πάντας

2138 3769 2384 3842 ὑποτάξῃ
2403 3769 2541 3840 Θεῷ·
2568 3766 2651 3834 εἷς
2676 3770 2816 3842 ὑπὲρ
2845 3770 3087 3834 πάντων,
3119 3770 3207 3822 ἴνα
3240 3769 3447 3832 πάντας
3476 3769 3741 3840 κερδάνῃο

2138 3862 2227 3917 ἵνα
2249 3861 2438 3916 λοιπὸν
2466 3865 2513 3916 οί
2544 3862 2748 3926 πάντες
2785 3863 2986 3934 μηκέτι
3017 3864 3232 3926 ἑαυτοῖς
3267 3861 3457 3926 ζῶσιν.
3490 3862 3630 3916 ἀλλά
3657 3862 3747 3933 τῷ

2136 3952 2279 4024 ὑπὲρ
2305 3951 2486 4006 αὐτῶν
2521 3952 2875 4017 ἀποθανόντι,
2905 3953 3000 4006 καὶ
3043 3952 3344 4023 ἐγερθέντι.
3383 3949 3604 4022 Ἐπειδὴ
3627 3950 3744 4022 γὰρ

2133 4039 2277 4116 ἦμεν
2332 4044 2391 4097 ἐν
2443 4044 2667 4107 πολλαῖς
2718 4045 3049 4116 ἁμαρτίαις,
3090 4044 3183 4098 διά
3230 4061 3290 4098 τε
3341 4043 3503 4096 τοῦτο
3559 4061 3744 4114 χρεω-

2138 4135 2425 4208 στούμενοι
2467 4137 2686 4207 θανάτῳ
2739 4138 2836 4190 καὶ
2884 4137 3061 4208 φθορᾷ
3084 4177 3098 4203 ,
3129 4136 3362 4190 δέδωκεν
3414 4135 3745 4206 ἀντίλυτρον

2136 4225 2279 4298 ὑπὲρ
2330 4225 2518 4298 ήμῶν,
2563 4226 2652 4279 τὸν
2696 4227 2822 4280 Υἱὸν
2855 4228 2885 4280 6
2930 4228 3121 4298 Πατὴρ
3147 4227 3244 4281 ἕνα
3293 4226 3436 4298 ὑπὲρ
3489 4227 3742 4290 πάντων,

2134 4319 2258 4371 ἐπεὶ
2310 4319 2407 4372 καὶ
2473 4319 2654 4373 πάντα
2705 4320 2764 4372 ἐν
2817 4319 2969 4389 αὑτῷ
2993 4360 3008 4385 ,
3042 4319 3138 4372 καὶ
3195 4319 3416 4372 πάντων
3469 4316 3744 4388 κρείττων

2135 4410 2283 4464 ἐστίν
2306 4427 2322 4441 ο
2373 4404 2455 4474 εἷς
2496 4409 2770 4464 ἀπέθανεν
2813 4411 2955 4481 ὑπὲρ
3014 4410 3270 4475 πάντων,
3298 4410 3387 4463 ἵνα
3426 4409 3478 4462 οῑ
3532 4408 3744 4473 πάντες

355 4489 358 4492 ’
440 4491 497 4544 in
540 4492 684 4562 ipso,
730 4500 786 4548 et
831 4496 1090 4553 omnibus
1135 4498 1334 4555 melior
1395 4509 1501 4556 est.
1540 4501 1696 4558 Unus
1753 4517 1857 4572 pro
1913 4518 2032 4558 om-

2139 4499 2392 4570 ζήσωμεν
2432 4501 2490 4554 ἐν
2520 4499 2698 4572 αὐτῷ·
2719 4500 3007 4556 καταπιὼν
3031 4503 3140 4573 γὰρ
3169 4503 3198 4555 6
3219 4501 3448 4564 θάνατος
3481 4501 3572 4554 τὸν
3593 4500 3744 4571 ὑπὲρ

440 4583 606 4639 nibus
643 4593 893 4642 mortuus
947 4597 1052 4656 est,
1101 4597 1162 4644 ut
1218 4606 1413 4648 omnes
1465 4594 1719 4650 vivamus
1777 4596 1832 4649 in
1886 4595 2030 4665 ipso.

444 4674 584 4729 Cum
644 4676 794 4730 enim
844 4679 1092 4734 occisum
1150 4696 1256 4752 pro
1309 4683 1568 4739 omnibus
1615 4683 1832 4756 Agnum
1880 4699 2033 4740 mors

437 4766 818 4837 absorpserit,
881 4771 1047 4826 simul
1109 4775 1276 4827 etiam
1327 4775 1384 4829 in
1441 4776 1562 4846 ipso
1615 4783 1670 4831 et
1725 4791 1852 4830 cum
1910 4777 2033 4847 ipso

437 4867 672 4914 cunctos
716 4862 984 4916 evomuit.
1021 4861 1224 4919 Omnes
1253 4865 1401 4920 enim
1446 4881 1668 4921 eramus
1718 4867 1773 4921 in
1807 4865 2034 4923 Christo

437 4950 532 5020 qui
568 4959 792 5020 propter
835 4969 937 5009 nos
986 4963 1038 5010 et
1073 4971 1174 5027 pro
1214 4956 1376 5014 nobis
1416 4966 1670 5014 mortuus
1706 4966 1813 5024 est,
1863 4966 2034 5030 atque

438 5044 746 5098 resurrexit
793 5063 807 5100 :
856 5047 1062 5103 abolito
1109 5065 1240 5106 vero
1300 5059 1554 5121 peccato,
1612 5052 1712 5122 qui
1757 5051 1876 5109 ﬁeri
1930 5067 2034 5124 po-

437 5143 583 5193 terat
638 5145 699 5193 ut
749 5156 903 5200 mors
947 5145 1180 5210 etiam,
1240 5160 1364 5215 quae
1416 5160 1484 5200 ex
1545 5147 1668 5217 ipso
1717 5155 1838 5213 est,
1892 5164 2027 5220 pro-

438 5239 560 5298 pter
608 5230 787 5301 ipsum
818 5248 928 5288 non
967 5235 1172 5290 abolita
1227 5235 1340 5290 sit?
1388 5233 1605 5290 Mortua
1644 5235 1832 5293 radice
1885 5253 2028 5309 quo-

441 5320 607 5375 modo
645 5337 870 5392 germen
927 5325 1282 5380 servabitur?
1334 5333 1556 5382 mortuo
1603 5337 1854 5398 peccato,
1908 5345 2032 5400 quae

441 5411 714 5467 moriendi
769 5413 931 5470 nobis
975 5428 1148 5468 causa
1199 5414 1341 5469 erit?
1387 5414 1571 5481 Quare
1626 5417 1696 5473 de
1749 5417 2029 5475 occisione

441 5502 582 5571 Agni
609 5501 704 5559 Dei
737 5505 971 5561 solemni
999 5505 1374 5563 exsultatione
1402 5507 1657 5566 dicamus
1679 5527 1694 5565 :
1714 5527 1734 5561 ι
1778 5510 1885 5566 Ubi
1915 5517 2028 5575 est,

442 5609 614 5662 mors,
666 5596 900 5653 victoria
952 5599 1088 5670 tua?
1131 5599 1229 5656 ubi
1253 5600 1512 5658 stimulus
1532 5612 1684 5670 tuus,
1723 5603 1978 5661 inferne?
2007 5621 2026 5655 ι

513 5747 533 5775 ’
565 5745 754 5803 Matth.
795 5765 870 5816 xi,
903 5750 954 5806 9.
1033 5753 1052 5784 ⁸
1082 5753 1190 5809 lsa.
1228 5771 1345 5824 Llll,
1381 5757 1432 5811 7.

1517 5759 1536 5788 ⁹
1570 5756 1734 5814 ICor.
1772 5772 1863 5824 xv,
1897 5758 1929 5813 3
1965 5773 2117 5829 seqq.

2140 4591 2361 4644 πάντων
2401 4591 2617 4662 Ἀμνὸν.
2653 4592 2861 4656 πάντας
2915 4592 3184 4664 ἐξήμεσεν
3227 4594 3285 4645 ἐν
3333 4591 3484 4662 αὐτῷ
3531 4608 3591 4645 τε
3640 4592 3746 4645 καὶ

2143 4683 2239 4736 σὺν
2265 4681 2435 4752 αὐτῷ.
2475 4685 2538 4736 Oi
2587 4684 2697 4754 γὰρ
2731 4683 2934 4748 πάντες
2966 4680 3111 4756 ἦμεν
3139 4687 3198 4738 ἐν
3242 4684 3320 4755 τῷ
3362 4685 3429 4737 δι’
3457 4685 3607 4754 ἡμᾶς
3641 4683 3746 4738 καὶ

2140 4771 2284 4842 ὑπὲρ
2306 4771 2466 4842 ήμῶν
2492 4771 2850 4839 ἀποθανόντι,
2883 4775 2978 4827 καὶ
3004 4774 3284 4845 ἐγερθέντι
3311 4773 3536 4845 Χριστῷ
3557 4791 3570 4804 ·
3598 4791 3744 4828 κατ-

2139 4853 2486 4934 αργουμένης
2531 4863 2589 4916 δὲ
2639 4865 2739 4935 τῆς
2787 4865 3061 4936 ἁμαρτίας
3087 4906 3103 4930 ,
3157 4864 3276 4928 πῶς
3327 4865 3605 4934 ἐνεδέχετο
3658 4865 3743 4936 μὴ

2137 4956 2261 5026 οὐχὶ
2283 4955 2506 5018 πάντως
2521 4954 2729 5010 καὶτὸν
2743 4956 2803 5022 ἐξ
2823 4957 2995 5026 αὐτῆς
3015 4957 3082 5009 δι’
3104 4956 3276 5026 αὐτὴν
3314 4956 3744 5028 καταργηθῆναι

2139 5047 2403 5114 θάνατον;
2453 5046 2860 5120 Ἀποθανούσης
2886 5049 2986 5118 τῆς
3017 5048 3196 5120 ῥίζης,
3229 5047 3350 5112 πῶς
3379 5049 3446 5102 ἂν
3496 5048 3578 5102 ἐτι
3618 5048 3742 5103 λοι-

2136 5139 2295 5194 πὸνό
2345 5138 2407 5205 ἐξ
2437 5139 2611 5210 αὐτῆς
2659 5138 2839 5211 ἐσώθη
2894 5137 3296 5209 βλαστός;Διά
3342 5139 3504 5191 ποίαν
3551 5139 3743 5192 αἰτίαν

2137 5227 2438 5299 ἐμέλλομεν
2453 5227 2823 5298 ἀποθνήσκειν
2851 5226 3066 5298 έτι,τῆς
3092 5227 3368 5299 ἁμαρτίας
3401 5228 3742 5299 ἀναιρουμέ-

2137 5336 2274 5390 νης;
2320 5318 2530 5373 Οὐκοῦν
2581 5317 2933 5390 ἑορτάζοντες
2991 5319 3242 5389 λέγωμεν
3279 5319 3374 5371 ἐπὶ
3420 5320 3488 5388 τῇ
3546 5320 3738 5389 σφαγῇ

2135 5412 2230 5468 τοῦ
2267 5412 2466 5485 ’Δμνοῦ
2487 5411 2581 5468 τοῦ
2611 5411 2749 5467 Θεοῦ
2775 5430 2789 5443 ·
2819 5411 2960 5467 «Ποῦ
2994 5415 3029 5482 ή
3053 5413 3179 5483 νίκη
3223 5428 3342 5475 σου,
3372 5411 3602 5478 θάνατε;
3630 5412 3741 5466 ποῦ

2137 5509 2201 5563 τὸ
2236 5509 2462 5580 κέντρον
2492 5525 2609 5572 σου,
2665 5507 2804 5578 6.61};
2841 5538 2912 5548 —
2955 5508 3113 5562 Πᾶσα
3153 5505 3264 5579 γὰρ
3291 5505 3514 5577 ἀνομία,
3540 5523 3559 5556 ι
3600 5504 3742 5560 καθ-

2141 5602 2286 5669 άπερ
2345 5600 2452 5672 ἔφη
2499 5617 2604 5654 που
2662 5599 2882 5670 ψάλλων
2910 5602 2940 5653 6
2979 5599 3256 5672 Μελῳδὸς,
3293 5617 3312 5652 ι
3349 5596 3622 5669 ἐμφράξει
3673 5594 3750 5649 τὸ.

2202 5755 2242 5786 ¹⁰
2279 5753 2414 5811 Gcn.
2455 5769 2539 5822 Ill,
2586 5753 2670 5808 i9.
2753 5753 2792 5787 ¹¹
2827 5753 2868 5811 ll
2899 5755 3025 5810 Cor.
3061 5770 3113 5820 ν,
3168 5754 3254 5822 Η,
3291 5753 3374 5808 15.
