4106 6520
329 383 445 441 195

1397 384 1467 442 IN
1507 383 1798 444 JOANNIS
1840 388 2300 449 EVANGELIUM
2341 391 2469 447 LIB.
2505 389 2568 446 ll.

3526 395 3631 454 ιρι

324 496 519 568 στόμα
543 499 738 570 αὐτῆς,
777 515 797 550 ι
843 499 1030 554 οὐκέτι
1063 504 1388 572 κατηγορεῖν
1413 503 1521 556 τῶν
1559 504 1616 571 ἐξ
1644 505 1932 571 ἀσθενείας

2044 525 2062 561 ι
2108 510 2304 565 Omnis
2352 495 2501 565 enim
2558 507 2947 579 iniquitas",s
2991 517 3050 564 ut
3091 509 3300 565 alicubi
3339 508 3640 568 Psalmista

318 591 747 660 ἡμαρτηκότων
791 592 1073 663 ίσχύουσα.
1110 613 1128 646 ι
1167 595 1300 658 Θεὸς
1326 594 1437 667 γὰρ
1465 597 1492 648 6
1528 595 1774 652 δικαιῶν·
1812 598 1941 669 Χρι-

320 679 455 740 στὸς
476 681 635 749 ἡμᾶς
663 679 1006 752 ἐξηγόρασεν
1032 685 1096 736 ὲκ
1123 685 1222 754 τῆς
1243 685 1488 756 κατάρας
1510 684 1603 738 τοῦ
1628 685 1817 757 νόμου,
1842 704 1939 755 γεο

316 769 561 840 νόμενος
603 773 746 843 ὑπὲρ
793 775 951 844 ἡμῶν
980 777 1227 848 κατάρα,
1256 777 1344 832 ἵνα
1377 778 1538 848 ἡμεῖς
1571 777 1671 850 τὴν
1715 779 1775 844 ἐξ
1811 780 1937 832 ἀνο-

321 863 462 933 μίας
498 865 641 934 ἀρὰν
671 863 1044 936 διαφύγωμεν.
1085 887 1104 920 ι

409 1035 608 1107 οὗτός
640 1041 775 1096 ἐστι
810 1045 944 1112 περὶ
973 1041 1045 1101 οὗ
1070 1043 1246 1101 εἷπον
1271 1065 1283 1080 ο
1302 1050 1531 1104 Ὀπίσω
1549 1069 1670 1120 μου
1699 1053 1936 1121 ἔρχεται

321 1131 582 1199 arma;
598 1132 943 1202 ἔμπροσθέν
951 1155 1070 1205 μου
1089 1137 1451 1209 γέγονεν-,ὄτι
1463 1145 1692 1212 πρῶτός
1701 1163 1823 1214 μου
1834 1141 1932 1216 ἦν.

399 1224 500 1288 Είς
540 1225 853 1298 ὑπόμνησιν
902 1228 1024 1298 άγει
1077 1228 1188 1286 τῶν
1245 1233 1304 1298 ὲξ
1353 1236 1519 1290 αὑτοῦ
1576 1237 1750 1306 λόγων
1811 1239 1936 1303 τοὺς

319 1315 748 1388 ἀκροωμένους,
779 1322 878 1374 καὶ
926 1322 987 1376 τὸ
1034 1325 1223 1394 μεῖζον
1255 1328 1310 1380 ὲν
1339 1327 1468 1400 δόξῃ
1502 1334 1824 1401 παραχωρεῖ
1859 1331 1936 1402 τῷ

319 1409 580 1481 Χριστῷ,
603 1409 705 1462 οὐκ
731 1412 979 1484 ἀγάπης,
999 1414 1260 1487 ἀληθείας
1283 1418 1339 1471 δὲ
1365 1419 1568 1490 μᾶλλον
1601 1421 1634 1491 ἢ
1662 1421 1756 1474 καὶ
1780 1422 1942 1490 ἀνάγ-

319 1515 437 1571 κης
487 1500 651 1572 ἔργον
706 1503 1044 1576 ἀποπληρῶν
1077 1523 1089 1534 ·
1123 1507 1478 1563 ὑποκείσεται
1521 1512 1631 1582 γὰρ
1656 1552 1670 1576 ,
1701 1512 1805 1566 κᾶν
1861 1513 1938 1584 μὴ

320 1593 616 1663 βούληται,
643 1594 720 1666 τῷ
752 1599 949 1668 ποιητῇ
979 1599 1040 1652 τὸ
1066 1599 1298 1671 ποίημα,
1326 1599 1405 1670 τῷ
1443 1601 1677 1675 δεσπότῃ
1709 1603 1772 1657 τὸ
1813 1603 1937 1658 δοῦ-

319 1684 443 1746 λον,
493 1684 573 1756 τῷ
627 1689 852 1760 χορηγῷ
911 1690 974 1743 τὸ
1020 1687 1450 1765 χορηγούμενον.
1506 1696 1664 1750 Κατά
1709 1698 1831 1750 τίνα
1876 1697 1933 1751 δὲ

2046 598 2274 665 cecinit,
2315 617 2336 650 ι
2381 597 2649 669 oppilabit
2683 614 2746 654 os
2773 614 2937 654 suum
2969 598 3033 666 ³³,
3065 618 3083 651 ι
3118 615 3222 656 nec
3271 602 3474 671 poterit
3520 616 3639 656 am-

2047 689 2196 759 plius
2235 704 2507 745 accusare
2542 704 2654 760 pra:
2694 690 3034 746 inﬁrmitate
3060 699 3385 762 peccantes.
3431 713 3450 747 ι
3491 693 3639 752 Deus

2045 780 2192 833 cutim
2234 789 2319 835 est
2348 780 2443 850 qui
2488 779 2766 848 justiﬁcat
2799 780 2844 812 “
2879 799 2893 834 :
2933 799 3042 831 »--
3065 799 3082 834 ι
3118 781 3374 839 Christus
3408 801 3511 841 nos
3548 800 3640 840 re-

2039 870 2210 927 demit
2230 872 2300 928 de
2324 871 2622 928 maledicto
2653 872 2810 944 legis,
2827 872 3012 929 factus
3035 889 3133 944 pro
3156 875 3314 945 115
3341 879 3498 931 nobis
3521 891 3641 931 ma-

2038 963 2304 1019 ledictum
2341 972 2401 1018 ut
2427 964 2874 1019 maledictionem
2897 965 3108 1034 peccati
3132 981 3230 1020 nos
3253 966 3632 1036 fugiamus“.s

2115 1054 2158 1120 l,
2202 1041 2292 1110 50.
2338 1056 2442 1108 Hic
2487 1066 2566 1111 est
2598 1055 2664 1110 de
2711 1071 2814 1126 quo
2857 1055 2972 1109 dixi
3000 1071 3018 1108 :
3048 1055 3182 1109 Post
3235 1073 3316 1110 me
3359 1059 3498 1111 venit
3536 1061 3637 1126 vir,

2045 1147 2134 1217 qui
2165 1156 2287 1201 ante
2318 1164 2399 1202 me
2429 1147 2604 1216 factus
2631 1157 2708 1202 est
2739 1162 2757 1200 :
2784 1148 2912 1217 quia
2947 1148 3096 1216 prior
3121 1163 3204 1201 me
3242 1149 3377 1202 e‘rat.

2041 1236 2050 1243 ’
2120 1239 2420 1296 Auditores
2437 1240 2505 1294 ad
2525 1239 2854 1295 memoriam
2875 1246 3097 1294 revocat
3125 1255 3318 1295 eorum
3341 1256 3462 1310 quae
3483 1242 3640 1312 prius

2046 1327 2194 1385 dicta
2236 1339 2390 1395 sunt,
2435 1338 2490 1386 et
2528 1331 2772 1401 palmam
2815 1331 3005 1400 gloriae
3042 1331 3270 1386 Christo
3318 1333 3488 1398 cedit,
3526 1347 3639 1388 non

2045 1421 2231 1475 studio
2257 1429 2353 1475 aut
2403 1421 2606 1477 affectu
2661 1423 2798 1487 ullo,
2825 1424 2921 1477 sed
2969 1425 3202 1478 veritate
3231 1424 3418 1491 potius
3451 1433 3505 1479 et
3537 1440 3640 1479 ne-

2043 1513 2311 1568 cessitate
2339 1512 2392 1567 id
2421 1510 2662 1570 faciens.
2696 1513 3009 1584 Subjicitur
3037 1516 3210 1581 enim,
3240 1516 3328 1571 vel
3373 1517 3498 1586 ipso
3535 1531 3641 1571 no-

2041 1602 2210 1668 lente,
2245 1618 2387 1674 opus
2425 1605 2647 1670 factori,
2687 1605 2916 1661 domino
2948 1621 3168 1671 servus,
3216 1608 3469 1679 largitori
3513 1625 3631 1664 mu-

2040 1711 2169 1751 nus.
2214 1695 2470 1762 Quonam
2503 1712 2634 1752 vero
2688 1699 2854 1753 modo
2909 1701 3184 1769 posterior
3225 1708 3377 1756 esset
3423 1699 3638 1757 Joanne

321 1778 536 1848 τρόπον
574 1780 754 1833 ὀπίσω
796 1781 895 1852 μὲν
925 1778 994 1854 ἦν
1031 1785 1282 1838 Ἰωάννου
1320 1787 1590 1856 Χριστὸς,
1622 1787 1932 1859 ἔμπροσθεν

2036 1787 2322 1853 Christus,
2363 1798 2417 1843 et
2452 1800 2581 1844 ante
2636 1789 2818 1845 factus
2873 1791 2948 1846 sit
2993 1792 3260 1860 quoniam
3297 1793 3452 1863 prior
3491 1802 3635 1859 erat,

319 1870 380 1923 δὲ
406 1871 661 1939 γέγονεν,
688 1873 773 1926 ἔτι
789 1873 1006 1945 πρῶτος
1023 1871 1112 1947 ἦν,
1137 1876 1212 1940 ὡς
1234 1878 1396 1943 αὐτὸς
1424 1879 1698 1950 ὁμολογεῖ,
1713 1880 1806 1934 διὰ
1824 1879 1934 1933 τῶν

322 1961 726 2033 προλαϐόντων
765 1964 1080 2035 ἀρκούντως
1101 1968 1430 2040 εἰρήκαμεν.

407 2053 580 2123 Κάγὼ
613 2057 729 2110 οὐκ
761 2056 934 2126 ᾔδειν
961 2059 1170 2126 αὐτόν,
1204 2061 1342 2115 ἀλλ’
1367 2063 1468 2114 ἵνα
1510 2063 1828 2132 φανερωθῇ
1854 2063 1935 2130 τῷ

341 2145 618 2215 Ἰσραὴλ,
646 2146 745 2200 διὰ
761 2147 940 2203 τοῦτο
967 2145 1160 2219 ἦλθον
1187 2151 1304 2221 ἐγὼ
1319 2152 1626 2216 βαπτίζων
1643 2156 1714 2209 ἐν
1738 2156 1930 2212 ὕδατι.

409 2238 471 2290 ὐ
501 2241 563 2292 ὲν
607 2241 676 2309 τῇ
711 2238 897 2312 κοιλίᾳ
927 2239 1027 2311 τῆς
1072 2240 1212 2304 ἰδίας
1255 2243 1668 2316 ἀνασκιρτήσας
1700 2247 1931 2318 μητρὸς,

316 2330 420 2388 ἔτιλ
435 2332 537 2400 τῆς
570 2331 738 2398 ἁγίας
773 2332 1056 2403 Παρθένου
1103 2337 1480 2406 κυοφορούσης
1508 2336 1599 2389 τὸν
1643 2336 1870 2409 Κύριον,
1904 2340 1933 2391 ὁ

316 2423 434 2494 πρὸ
476 2425 578 2493 τῆς
629 2423 818 2488 ὠδῖνος
863 2426 1184 2498 προφήτης,
1214 2429 1243 2480 6
1274 2429 1332 2480 ὲν
1374 2427 1603 2500 ὲμὸρύῳ
1659 2429 1930 2501 μαθητὴς,

322 2515 478 2570 ιοὺκ
512 2515 666 2587 ᾔδειν
696 2515 884 2582 αὑτὸν,
897 2537 914 2568 ›
939 2518 1182 2588 περὶτοῦ
1203 2518 1457 2588 Σωτῆρός
1474 2535 1659 2590 φησιν·
1678 2520 1933 2591 ἀληθέυει

314 2607 377 2660 δὲ
401 2606 608 2676 λέγων*
647 2608 709 2660 οὐ
743 2607 854 2679 γὰρ
899 2608 1152 2676 ψεύδεται
1189 2626 1203 2640 °
1228 2611 1408 2664 πάντα
1441 2613 1537 2682 μὲν
1560 2611 1668 2683 γὰρ
1693 2606 1834 2665 οἶδεν
1871 2611 1932 2680 ἐξ

317 2697 495 2752 αὑτοῦ
554 2699 649 2752 καὶ
699 2699 1004 2764 ἀδιδάκτως
1052 2700 1220 2766 Θεὸς,
1259 2700 1525 2767 διδακτῶς
1559 2703 1616 2756 δὲ
1648 2706 1680 2774 ὴ
1715 2703 1892 2767 κτίσις
1913 2720 1928 2735 ·

321 2788 576 2842 ἐνοικοῦν
603 2789 663 2842 δὲ
689 2793 803 2854 τοῖς
834 2792 1013 2860 ἁγίοις
1034 2792 1096 2846 τὸ
1122 2793 1367 2865 Πνεῦμα,
1391 2795 1452 2847 τὸ
1475 2794 1655 2850 ἐνδέον
1688 2795 1932 2867 ἀναπλη-

324 2885 430 2952 ροῖ,
462 2883 562 2935 καὶ
600 2883 662 2936 τὸ
686 2883 816 2937 ἴδιον
862 2884 1066 2953 ἀγαθὸν
1092 2888 1159 2957 τῇ
1192 2885 1482 2958 ἀνθρώπου
1511 2887 1672 2956 φύσει
1711 2886 1931 2958 χαρίζε-

317 2990 430 3039 ται,
449 2974 515 3027 τὸ
535 2974 763 3041 εἰδέναι,
792 2993 865 3048 φη
876 2976 958 3045 μὶ,
980 2976 1050 3031 τὰ
1078 2977 1333 3048 ἐσόμενα,
1362 2979 1455 3031 καὶ
1478 2978 1587 3032 τῶν
1610 2979 1932 3050 κεκρυμμέ-

315 3080 430 3116 νων
455 3065 782 3137 μυστηρίων
806 3067 909 3136 τὴν
931 3066 1151 3135 γνῶσιν.
1179 3067 1390 3121 Οὐκοῦν
1418 3069 1494 3140 μὴ
1525 3069 1727 3122 ειδέναι
1754 3069 1931 3138 λέγων

2039 1888 2098 1934 ut
2127 1880 2246 1950 ipse
2275 1881 2587 1950 proﬁtetur,
2617 1880 2839 1936 abunde
2863 1897 3029 1952 supra
3058 1883 3324 1939 diximus.

2111 2059 2151 2125 l,
2181 2059 2273 2115 3i.
2315 2057 2386 2114 Et
2410 2076 2505 2130 ego
2535 2059 2832 2115 nesciebam
2857 2076 2998 2126 eum,
3033 2062 3126 2116 sed
3166 2070 3227 2116 ut
3259 2063 3638 2133 manifestatur

2035 2151 2092 2204 in
2121 2147 2320 2215 Israel,
2352 2160 2632 2219 propterea
2665 2152 2783 2206 veni
2800 2168 2895 2221 ego
2915 2153 2971 2206 in
2997 2169 3140 2222 aqua
3169 2153 3474 2221 baptizans.

2108 2240 2214 2306 Qui
2270 2249 2464 2296 sancta
2510 2239 2741 2311 Virgine
2792 2240 3087 2296 Dominum
3134 2242 3322 2298 adhuc
3374 2244 3432 2298 in
3473 2251 3636 2299 utero

2038 2341 2299 2404 gestante
2345 2332 2576 2388 exsiluit
2627 2333 2684 2387 in
2743 2341 2905 2388 utero
2962 2349 3079 2389 suae
3121 2335 3342 2398 matris,
3380 2335 3472 2390 ille
3505 2344 3636 2392 ante

2036 2434 2254 2496 partum
2302 2425 2594 2496 propheta,
2629 2425 2725 2480 ille
2754 2424 2809 2478 in
2847 2433 3010 2481 utero
3052 2427 3250 2481 matris
3301 2426 3632 2498 discipulus,

2034 2516 2365 2573 Nesciebam
2400 2518 2609 2588 ipsum,
2644 2517 2832 2588 inquit
2867 2517 2937 2572 de
2979 2515 3290 2574 Salvatore.
3313 2519 3467 2585 Quod
3503 2534 3634 2576 cum

2036 2610 2112 2664 ait
2155 2625 2284 2665 vera
2316 2609 2587 2679 loquitur.
2630 2609 2777 2666 Deus
2819 2611 3026 2682 quippe
3058 2626 3205 2666 unus
3244 2613 3434 2666 omnia
3467 2628 3534 2668 ex
3569 2627 3632 2669 se

2034 2701 2213 2766 novit,
2247 2716 2277 2756 a
2317 2703 2473 2757 nullo
2495 2701 2752 2767 edoctus,
2807 2714 3067 2756 creatura
3095 2717 3228 2757 vero
3259 2702 3327 2756 ab
3361 2703 3472 2758 alio
3497 2719 3634 2758 eru~

1991 2842 2000 2849 .
2033 2794 2174 2849 dita.
2209 2793 2268 2847 In
2314 2793 2530 2848 sanctis
2563 2793 2714 2848 enim
2751 2793 3075 2848 inhabitans
3101 2792 3342 2864 Spiritus
3381 2794 3530 2866 quod
3574 2796 3633 2852 in

2034 2885 2129 2940 illa
2148 2884 2306 2940 deest
2322 2883 2608 2953 adimplet,
2623 2892 2678 2939 et
2697 2885 2844 2955 quod
2863 2899 3026 2940 suum
3047 2894 3133 2940 est
3149 2894 3362 2940 natura;
3379 2887 3635 2942 humanm

2035 2977 2296 3049 largitur,
2330 2991 2520 3032 rerum
2562 2991 2763 3047 nempe
2799 2976 3120 3032 futurarum
3170 2987 3228 3032 et
3281 2979 3632 3040 occultorum

2035 3068 2436 3140 mysteriorum
2471 3067 2756 3122 notitiam.
2799 3066 2938 3123 Cum
2974 3082 3109 3138 ergo
3157 3082 3219 3124 se
3272 3069 3494 3124 nescire
3525 3067 3635 3123 Do-

312 3155 413 3209 τὸν
471 3155 686 3228 Κύριον
717 3156 746 3209 6
774 3158 1046 3230 μακάριος
1084 3159 1420 3231 Βαπτιστὴς,
1445 3138 1797 3230 διαψεύσεται
1832 3162 1932 3232 μὲν

2036 3138 2250 3215 minum
2279 3158 2357 3213 ait
2397 3158 2598 3214 beatus
2636 3157 2912 3228 Baptista,
2941 3173 3052 3212 non
3103 3159 3396 3222 mentitur,
3427 3159 3474 3213 si
3527 3157 3634 3212 hu-

313 3249 603 3321 οὐδαμῶς,
628 3251 776 3304 κατά
794 3267 860 3320 γε
892 3250 952 3304 τὸ
977 3250 1080 3321 τῆς
1108 3251 1526 3323 ἀνθρωπότητος
1564 3252 1715 3317 ἴδιον,
1749 3253 1844 3307 καὶ¹
1872 3253 1934 3307 τὸ

317 3345 544 3416 πρέπον
573 3346 641 3415 τῇ
664 3343 845 3396 κτίσει
864 3346 1063 3414 μέτρον
1087 3359 1100 3372 '
1136 3343 1398 3414 ἀναθήσει
1421 3343 1479 3397 δὲ
1495 3344 1643 3416 μόνῳ
1663 3344 1725 3398 τὸ
1754 3345 1934 3400 πάντα

315 3437 525 3490 ειδέναι
550 3435 630 3507 τῷ
675 3435 815 3507 Θεῷ,
838 3435 917 3508 τῷ
943 3435 1035 3490 διὰ
1074 3437 1392 3507 Πνεύματος
1443 3437 1600 3506 ἁγίου
1651 3439 1790 3509 πρὸς
1829 3437 1932 3510 τὴν

312 3528 433 3581 τῶν
479 3529 888 3600 κεκρυμμένων
920 3527 1225 3599 κατάληψιν
1262 3529 1688 3598 φωταγωγοῦντι
1713 3530 1805 3584 τὸν
1835 3531 1931 3585 άν-

316 3621 571 3694 θρωπον·
603 3621 891 3692 χρησίμως
918 3621 976 3675 δὲ
1022 3621 1164 3686 λίαν,
1191 3622 1292 3675 οὐκ
1313 3622 1512 3676 ειδέναι
1546 3625 1646 3694 μέν
1670 3642 1835 3695 φησιν
1863 3624 1924 3689 ἐξ

315 3713 521 3768 ἑαυτοῦ
549 3713 642 3767 τὸν
670 3713 932 3784 Χριστὸν,
955 3712 1272 3784 ἐληλυθέναι
1300 3731 1364 3782 γε
1384 3713 1492 3785 μὴν
1524 3714 1612 3769 διὰ
1645 3715 1804 3770 τοῦτο
1828 3733 1930 3770 κυ-

318 3806 480 3878 ρίως,
506 3806 597 3860 ἵνα
637 3806 874 3877 φανερὸν
903 3807 1068 3861 αὐτὸν
1107 3809 1426 3879 καταστήσῃ
1455 3807 1535 3879 τῷ
1576 3809 1816 3881 Ἰσραὴλ,
1843 3809 1932 3863 ίνα

319 3901 397 3970 μὴ
435 3897 746 3969 αὐτόμολος
771 3900 868 3953 ἐπὶ
913 3898 1014 3971 τὴν
1047 3901 1358 3973 μαρτυρίαν
1382 3901 1641 3973 φαίνηται
1679 3901 1927 3975 δραμὼν,

319 3991 461 4062 μηδὲ
493 3990 647 4044 ἰδίων
677 3990 1006 4063 θελημάτων
1053 3993 1334 4065 ὑπηρέτης
1366 3993 1556 4064 νοῆται
1580 3995 1736 4067 παρὰ
1762 4012 1928 4062 τισιν,

314 4082 457 4136 ἀλλὰ
515 4081 672 4146 θείας
712 4083 814 4153 μὲν
857 4083 1172 4154 οἰκονομίας
1220 4084 1481 4156 ἐργάτης,
1520 4085 1714 4157 βουλῆς
1740 4086 1798 4140 δὲ
1829 4088 1932 4160 τῆς

317 4175 535 4229 ἀνωθεν
575 4173 871 4245 ὑπουργὸς,
902 4175 1398 4246 ἀποκαλυπτούσης
1428 4175 1579 4248 αὐτῷ
1607 4177 1700 4231 τὸν
1731 4178 1930 4250 Ἀμνὸν

2035 3250 2327 3306 manitatis
2354 3257 2412 3304 et
2453 3256 2728 3305 creatura:
2761 3249 3013 3304 conditio
3043 3257 3327 3321 spectetur
3355 3266 3370 3304 :
3402 3250 3500 3306 sed
3534 3251 3632 3306 uni

2033 3341 2148 3397 Deo
2176 3347 2383 3396 cuncta
2411 3354 2578 3396 nosse
2599 3339 2820 3405 tribuit,
2841 3339 2932 3412 qui
2952 3355 3052 3411 per
3071 3347 3325 3395 sanctum
3362 3341 3632 3412 Spiritum

2033 3432 2104 3488 ad
2137 3433 2690 3504 comprehensionem
2725 3448 2913 3489 rerum
2947 3432 3298 3488 occultarum
3346 3433 3630 3490 hominem

2031 3527 2399 3594 illuminat,et
2421 3526 2636 3582 utiliter
2672 3525 2832 3582 valde
2851 3524 3140 3596 proﬁtetur
3165 3541 3232 3581 ex
3252 3526 3439 3597 seipso
3463 3526 3630 3583 Chri-
3713 3561 3722 3567 -

2033 3625 2183 3673 stum
2224 3617 2468 3683 nescire,
2508 3633 2630 3673 eam
2663 3617 2736 3673 ob
2766 3632 2883 3673 rem
2915 3624 3098 3672 tamen
3130 3618 3352 3688 praprie
3381 3620 3626 3685 venisse,

2031 3722 2092 3767 ut
2136 3710 2329 3768 lsraeli
2376 3720 2569 3767 notum
2624 3711 2808 3782 ipsum
2847 3711 3017 3767 faciat
3053 3729 3068 3767 :
3102 3727 3173 3766 ne
3212 3712 3282 3766 ad
3329 3712 3632 3783 perhiben-

2032 3806 2162 3861 dum
2199 3805 2342 3860 illud
2396 3805 2777 3863 testimonium
2828 3820 2929 3861 sua
2961 3814 3162 3876 sponte
3210 3805 3517 3862 incurrisse
3546 3807 3630 3862 vi-

2031 3896 2251 3962 deatur,
2290 3912 2472 3968 neque
2508 3896 2838 3968 cupiditatis
2872 3914 2988 3954 sua:
3018 3913 3218 3954 servus
3249 3906 3500 3970 putetur,
3527 3898 3625 3954 sed

2031 3989 2208 4044 divini
2267 3989 2491 4044 consilii
2570 3989 2760 4058 potius
2824 3997 3141 4052 exsecutor,
3203 3990 3628 4060 voluntatisquo

2031 4095 2292 4153 supernae
2341 4081 2602 4135 minister
2638 4099 2657 4132 ι
2689 4081 2906 4150 Agnum
2957 4099 2976 4132 ι
3029 4080 3080 4134 ei
3114 4079 3433 4147 revelantis,
3469 4099 3489 4133 ι
3529 4081 3626 4151 qui

2029 4174 2185 4228 tollit
2213 4179 2500 4244 peccatum
2534 4170 2727 4226 mundi
2755 4171 2820 4224 “.
2862 4188 2881 4222 ι
2916 4168 2987 4225 Ut
3008 4184 3141 4240 ergo
3173 4167 3351 4224 Judaei
3382 4171 3626 4227 alacrius

2029 4263 2256 4321 Christo
2293 4260 2572 4318 Salvatori
2609 4263 2924 4325 crederent,
2951 4271 3004 4317 et
3035 4261 3524 4331 praeclarissimam
3555 4263 3628 4319 de

2031 4372 2100 4414 eo
2142 4357 2619 4414 existimationem
2662 4355 2952 4419 haberent,
3013 4354 3090 4408 ait
3123 4354 3305 4423 ipsum
3351 4369 3412 4410 se
3449 4370 3628 4425 agno.

318 4267 414 4319 τὸν
479 4264 713 4336 αῐροντα
765 4265 866 4336 τὴν
913 4265 1192 4337 ἁμαρτίαν
1235 4264 1331 4320 τοῦ
1360 4267 1590 4338 κόσμου.
1649 4267 1768 4322 Ἵνα
1811 4259 1932 4322 ἀτοί-

319 4373 417 4410 νυν
441 4355 845 4427 εὐπετέστερον
875 4355 968 4409 ἐπὶ
1007 4357 1070 4410 τὸ
1122 4357 1406 4410 πιστεύειν
1432 4356 1513 4427 τῷ
1545 4356 1759 4428 Σιιντῆρι
1791 4359 1931 4431 Χρι-

321 4447 436 4521 στῷ
488 4447 761 4520 βαδίζοιεν
815 4447 1102 4516 Ἰουδαῖοι,
1129 4449 1227 4503 καὶ
1274 4447 1710 4521 ἀξιολογωτάτην
1757 4450 1925 4522 ἔχωσι

2034 4465 2187 4507 scere
2225 4465 2392 4521 quem
2425 4463 2538 4504 non
2572 4457 2827 4510 noverat.
2857 4457 2920 4503 ut
2963 4448 3281 4517 intelligant
3326 4447 3553 4502 demum
3592 4463 3626 4502 a

319 4543 451 4612 περὶ
477 4542 648 4597 αὑτοῦ
681 4543 782 4616 τὴν
810 4543 1084 4615 διάληψιν,
1120 4543 1421 4613 ἐγνωκέναι
1449 4543 1616 4613 φησὶν
1637 4543 1929 4610 αὐτὸν,οὐκ

2037 4543 2150 4598 Deo
2179 4540 2511 4608 revelatum,
2548 4548 2605 4596 et
2637 4538 2880 4612 pristino
2912 4537 3083 4594 animi
3111 4546 3341 4609 stupore
3361 4553 3622 4605 excusso,

317 4634 500 4700 εἰδῶς’
529 4635 620 4690 ἵνα
666 4635 856 4692 λοιπὸν
903 4637 1129 4692 ὲννοῶσι
1175 4635 1270 4690 τὸν
1307 4636 1742 4708 ἀποκαλύψαντα
1769 4637 1924 4702 Θεὸν,

2034 4633 2158 4703 ejus
2192 4631 2358 4702 116
2388 4644 2705 4686 sermonem
2749 4628 3065 4692 admittant,
3097 4635 3153 4683 et
3183 4636 3396 4684 tantum
3437 4626 3625 4684 famu-

317 4727 506 4782 καὶτὸ
524 4725 735 4782 ἀνωθεν
763 4728 1251 4802 ἀποναρκήσαντες
1281 4731 1481 4800 κρῖμα,
1512 4725 1926 4801 παραδέξωνται

2034 4724 2148 4779 lum
2175 4729 2492 4786 cernentes,
2521 4721 2882 4792 proportione
2919 4717 3161 4790 quadam
3192 4713 3413 4774 Domini
3437 4717 3626 4789 digni-

314 4819 506 4874 τοίνυν
529 4819 624 4873 τὸν
655 4818 816 4888 λόγον
841 4820 1028 4885 αὑτοῦ,
1053 4820 1264 4875 καὶτὸν
1287 4820 1506 4892 οἰκέτην
1536 4819 1770 4892 ὁρῶντες
1793 4819 1922 4874 ὄντα

2034 4824 2202 4872 tatem
2243 4815 2542 4872 aestiment.
2579 4812 2742 4880 Quod
2778 4812 2927 4867 enim
2970 4810 3051 4865 ait
3079 4809 3303 4866 venisse
3347 4816 3406 4864 ut
3439 4811 3623 4866 mani-

312 4910 602 4975 τοσοῦτον,
637 4903 918 4981 ἀναλόγως
948 4913 1008 4967 τὸ
1036 4912 1131 4966 τοῦ
1180 4911 1510 4984 κρατοῦντος
1535 4911 1922 4984 ἀναμετρῶσιν

2034 4909 2238 4965 festum
2265 4923 2394 4963 eum
2433 4906 2601 4962 iaciat
2646 4902 2859 4968 Israeli,
2893 4900 3166 4974 numquid
3195 4900 3435 4958 oﬂicium
3472 4901 3620 4960 servi

308 5005 560 5074 ἀξίωμα.
597 5003 673 5058 Τὸ
710 5004 822 5076 γὰρ
853 5005 1174 5076 ἐληλυθέναι
1205 5005 1408 5082 λέγειν,
1438 5006 1526 5061 ἵνα
1565 5005 1798 5077 φανερὸν
1821 5006 1920 5060 αὐ·
2030 5001 2294 5059 denotat?

305 5099 403 5153 τὸν
425 5097 510 5169 τῷ
547 5096 769 5169 Ἰσραὴλ
790 5098 1133 5169 καταστήσῃ,
1157 5097 1274 5162 πῶς
1303 5093 1606 5161 ossa.wa
1633 5099 1736 5170 τὴν
1753 5097 1940 5169 οίκέτῃ
1979 5095 2298 5167 πρέπουσαν
2318 5091 2619 5164 θεραπείαν
2653 5089 2943 5163 σημαίνει;

929 5189 1181 5244 ΚΕΦΔΔ.
1212 5190 1291 5243 A'.

2700 5181 2853 5238 CAP.
2899 5181 2942 5238 Ι.

307 5279 446 5332 Ὀτι
471 5280 546 5332 οὐ
572 5279 726 5334 κατὰ
743 5277 1035 5347 μετοχὴν,
1048 5278 1192 5332 οὐδὲ
1214 5279 1297 5346 ὡς
1314 5279 1580 5334 ἐπακτόν
1601 5279 1672 5334 ἐν
1691 5278 1772 5346 τῷ
1809 5280 1918 5346 Υἱῷ

2034 5276 2180 5343 Quod
2198 5291 2313 5347 non
2342 5291 2432 5340 per
2449 5275 2934 5347 participationem,
2970 5292 3134 5347 neque
3157 5287 3216 5329 ut
3245 5279 3508 5334 ascititius
3537 5288 3616 5334 est

381 5349 454 5401 τὸ
502 5349 677 5418 ἅγιον
729 5344 976 5417 Πνεῦῂἁ
1002 5417 1008 5418 ί
1032 5349 1229 5413 ἐστιν,
1271 5344 1412 5404 ἀλλ’
1438 5344 1786 5418 οὐσιωὸῶςί,
1818 5344 1920 5406 καὶ

2098 5347 2151 5401 in
2189 5344 2335 5400 Filio
2363 5357 2583 5400 sanctus
2599 5345 2865 5416 ,Spiritus,
2903 5346 2994 5402 sed
3042 5344 3091 5401 ei
3123 5347 3548 5403 substantialiter
3566 5357 3616 5404 et

382 5417 557 5472 κατὰ
595 5419 787 5488 φύσιν
817 5417 1144 5486 ἐνυπάρχει
1193 5420 1373 5485 αὐτῷ.
1774 5417 1777 5418 ⁷

2098 5418 2385 5470 secundum
2418 5426 2665 5470 naturam
2699 5419 2854 5473 inest.

382 5513 499 5567 Καὶ
554 5512 974 5580 ἐμαρτύρησεν
1014 5509 1300 5580 Ἰωάννης
1335 5510 1547 5582 λέγων·
1574 5513 1703 5567 Ὅτι
1727 5513 1923 5568 τεθέα-

2103 5508 2145 5571 l,
2187 5507 2381 5562 52-55.
2424 5506 2494 5560 Et
2533 5509 2896 5563 testimonium
2944 5508 3209 5577 perhibuit
3245 5508 3499 5570 Joannes,
3529 5508 3612 5560 di-

299 5622 413 5677 μαι
461 5601 534 5656 τὸ
578 5602 824 5672 Πνεῦμα
852 5601 1236 5666 καταϐαῖνον,
1261 5602 1405 5656 ὡσεὶ
1439 5605 1814 5673 περιστερὰν,
1851 5603 1922 5669 ἐξ

2034 5601 2357 5667 rens:Quia
2403 5601 2514 5655 uidi
2562 5599 2819 5670 Spiritum
2852 5600 3284 5660 descendentem.
3333 5601 3489 5670 quasi
3530 5618 3614 5654 co-

301 5693 604 5766 οὑρανοῦ,
632 5694 730 5749 καὶ
780 5693 1018 5763 ἔμεινεν
1047 5695 1139 5747 ἐπ’
1169 5695 1376 5749 αὐτόν·
1415 5694 1580 5768 κάγὼ
1605 5697 1716 5751 οὐκ
1750 5696 1922 5766 ᾐδειν

2034 5691 2282 5760 lumbam,
2316 5691 2380 5746 de
2432 5692 2598 5760 creto,
2645 5703 2695 5748 et
2756 5693 2952 5746 mansit
3012 5705 3169 5758 super
3200 5707 3316 5744 eum
3359 5705 3378 5743 :
3419 5699 3468 5745 et
3521 5707 3614 5763 ego

389 5864 434 5896 "
477 5861 500 5918 Ι
550 5862 683 5921 Cor.
735 5880 828 5934 xv,
877 5863 966 5921 55.
1051 5865 1094 5947 9
1123 5863 1404 5939 Psal.cvr,
1436 5866 1525 5924 42.
1603 5869 1646 5904 ιδ
1703 5867 1866 5930 Rom.
1900 5886 1932 5930 v

2053 5874 2144 5932 53.
2228 5875 2272 5910 ⁸³
2305 5873 2482 5934 Galat.
2535 5891 2618 5944 Ill,
2665 5875 2753 5933 15.
2796 5871 3058 5957 "‘Joan.
3107 5889 3148 5943 ι,
3196 5871 3288 5930 29.
