4106 6494
504 342 610 402 195

1506 349 1564 403 S.
1608 347 1884 402 CYRILL!
1939 340 2412 398 ALEXANDRINI
2452 345 2771 402 ARCIIIEP.

3667 347 3771 405 H6

503 460 799 515 nesciebam
830 477 984 518 eum:
1009 464 1098 517 sed
1129 465 1217 532 qui
1240 465 1382 518 misit
1415 482 1496 520 me
1527 467 1798 535 baptizare
1833 470 1887 523 in
1917 482 2066 536 aquai

2187 465 2393 530 αὐτὸν,
2430 468 2569 521 ἀλλ’
2619 471 2652 520 ό
2684 467 2926 534 πέμψας
2980 482 3053 535 με
3098 464 3408 529 ,ϐαπτίζειν
3453 465 3525 519 ἐν
3568 465 3736 520 ὕδατι

504 549 592 602 ille
622 552 752 605 mihi
781 551 957 606 dixit:
977 554 1146 624 Super
1169 571 1320 624 quem
1347 557 1538 612 sideris
1568 557 1828 624 Spiritum
1870 562 2084 615 descen-

501 640 730 710 dentem,
757 656 805 698 et
837 659 1132 701 mattean
1157 665 1313 718 super
1337 668 1476 717 eum,
1504 653 1588 706 hic
1621 662 1698 706 est
1725 655 1816 723 qui
1844 654 2081 721 baptiaat

502 731 556 783 in
583 731 787 800 Spiritu
811 747 1016 790 sancto.

570 831 836 896 Quoniam
871 837 1130 907 superius
1169 840 1409 908 dixerat,
1450 858 1510 898 se
1562 859 1688 900 eum
1733 861 1842 901 non
1895 863 2080 911 nosse,

502 939 649 977 nunc
683 925 734 979 id
767 930 1019 985 exactius
1067 935 1318 1002 exponit,
1353 937 1787 1008 mysteriumque
1830 939 2081 994 divinum

501 1017 701 1084 aperit,
725 1021 1028 1076 ostendens
1061 1038 1194 1077 cum
1230 1025 1334 1079 sibi
1367 1041 1397 1079 a
1425 1025 1588 1084 Patre
1619 1027 1730 1084 Deo
1756 1017 2077 1093 revelatum,

500 1115 615 1160 tttm
659 1112 784 1177 quis
831 1114 1188 1170 revelationis
1235 1119 1433 1175 modus
1468 1119 1631 1176 fuerit
1675 1132 1865 1192 aperte
1901 1125 2081 1192 expli-

492 1211 636 1252 cans
685 1217 699 1252 :
743 1199 992 1271 adeoque
1044 1206 1362 1260 auditorum
1412 1210 1615 1266 animis
1663 1213 1812 1266 omni
1866 1215 2080 1268 ratione

501 1289 768 1357 prodest:
798 1301 854 1346 et
905 1309 1004 1362 per
1041 1311 1164 1366 qua;
1213 1299 1421 1355 Christi
1471 1304 1798 1372 mysterium
1836 1318 1897 1359 se
1936 1304 2081 1358 didi—

503 1383 647 1437 cisse
679 1386 778 1449 ait,
816 1401 914 1454 per
939 1401 1003 1442 ea
1034 1388 1236 1445 divinae
1269 1394 1562 1447 sententiae
1600 1394 1844 1448 ostendit
1874 1395 2077 1450 adver-

503 1471 684 1528 sarios
719 1467 1010 1544 reTragari,
1034 1487 1088 1531 et
1125 1494 1336 1548 magnae
1367 1479 1552 1534 Patris
1597 1483 1857 1538 resistere
1883 1485 2079 1538 volun-

501 1562 628 1618 tati.
654 1563 809 1628 Quod
847 1581 968 1620 cum
1003 1565 1153 1631 facit,
1189 1570 1326 1622 scite
1357 1585 1452 1625 eos
1485 1570 1704 1627 inducit
1730 1579 1789 1626 ut
1836 1575 2080 1630 vanitate

496 1653 702 1720 rejecta
740 1671 864 1709 eum
898 1659 1232 1727 suscipiant,
1277 1662 1370 1728 qui
1401 1660 1584 1716 Patris
1627 1663 1976 1734 beneplacito
2021 1667 2078 1721 in

495 1745 645 1800 hunc
674 1749 934 1803 mundum
962 1752 1186 1806 advenit
1217 1753 1289 1808 ad
1321 1754 1570 1808 omnium
1595 1757 1856 1811 salutem.
1883 1756 2078 1812 Testa-

489 1843 588 1889 tur
643 1839 828 1906 itaque
883 1856 945 1896 se
993 1840 1260 1910 Spiritum
1316 1853 1600 1913 spectasse
1649 1845 2073 1902 descendentem

491 1943 663 1997 super
690 1946 814 1984 eum
849 1931 916 1986 de
955 1935 1127 2000 caelo,
1165 1936 1221 1989 in
1261 1937 1526 1991 columba:
1576 1939 1781 2008 specie,
1823 1947 1878 1994 et
1908 1956 2076 2010 super

495 2037 620 2074 eum
654 2023 944 2079 mansisse.
978 2027 1060 2080 Ad
1106 2028 1242 2092 haec,
1269 2029 1348 2082 ait
1393 2044 1452 2084 se
1482 2031 1715 2085 auribus
1755 2031 1874 2086 suis
1913 2047 2075 2087 acce-

497 2113 645 2179 pisse
691 2113 760 2167 ab
792 2128 861 2168 eo
902 2131 934 2169 a
967 2131 1079 2184 quo
1124 2117 1332 2172 missus
1359 2125 1445 2172 est
1471 2119 1538 2173 ad
1587 2120 1975 2188 baptizandum
2020 2124 2072 2176 in

495 2217 658 2273 aqua,
692 2205 852 2259 illttm
912 2207 1324 2276 baptizaturum
1386 2211 1440 2262 in
1497 2217 1691 2264 saneto
1746 2210 1978 2280 Spiritu,
2015 2213 2072 2267 in

495 2311 655 2364 quem
690 2296 1090 2363 descendisset,
1131 2309 1186 2354 et
1248 2301 1303 2354 in
1355 2315 1466 2370 quo
1521 2314 1768 2356 maneret
1804 2302 2070 2373 Spiritus.

494 2381 990 2453 Locupletissimus
1017 2405 1148 2459 ergo
1169 2391 1349 2452 testis,
1377 2393 1798 2458 supernaturale
1826 2393 2070 2462 signum,

495 2475 646 2531 illius
677 2486 870 2534 auctor
904 2495 967 2534 ac
1031 2481 1444 2536 demonstrator
1494 2483 1678 2549 Pater,
1700 2487 1944 2539 omnium
1980 2503 2073 2540 su-

496 2583 738 2636 premus.
779 2571 956 2640 Atque
999 2572 1114 2627 haec
1178 2574 1396 2644 quidem
1461 2575 1534 2628 ita
1575 2590 1634 2629 se
1691 2576 1912 2631 habent.
1964 2578 2072 2633 Sed

492 2657 785 2713 insultahit
837 2660 1025 2715 forsan
1066 2662 1265 2716 iterum
1295 2663 1644 2734 vitilitigator
1670 2664 1984 2733 haereticus,
2017 2676 2074 2723 et

493 2749 550 2802 in
602 2750 937 2805 cachinnum
995 2753 1206 2807 eiiusns
1246 2753 1395 2808 dicet
1443 2770 1457 2806 :
1510 2755 1651 2820 Quid
1697 2772 1863 2825 porro
1911 2761 2070 2815 nobis

493 2842 813 2909 responsuri
848 2845 1007 2907 estis,
1045 2859 1078 2898 o
1112 2844 1264 2908 boni,
1292 2854 1389 2899 aut
1419 2846 1624 2914 quibus
1656 2850 1892 2917 argutiis
1919 2851 2070 2920 quod

491 2931 756 3000 scriptum
784 2942 868 2988 est
899 2935 1278 3005 redarguetis?
1303 2935 1446 2991 Ecce
1476 2935 1746 3006 Spiritum
1782 2940 1859 2993 ait
1885 2943 1940 2996 in
1979 2943 2071 2996 Fi-

489 3021 621 3074 lium
657 3022 990 3079 descendere
1032 3044 1044 3080 :
1082 3041 1214 3080 ecce
1259 3028 1489 3097 ungitur
1549 3040 1580 3078 a
1634 3026 1748 3082 Deo
1792 3046 1858 3085 ac
1911 3032 2069 3088 Patre

2183 555 2412 620 ἐκεῖνός
2426 575 2528 626 μοι
2542 553 2730 611 εἶπεν·
2765 558 2886 624 Ἐφ’
2912 555 2984 611 ὃν
2998 555 3075 609 ἂν
3091 555 3223 624 ἴδῃς
3243 557 3309 608 τὸ
3327 555 3568 625 Πνεῦμα
3590 573 3768 609 κατασ-

2184 646 2396 702 ϐαῒνον
2420 687 2435 710 ,
2472 648 2570 702 καὶ
2605 646 2798 717 μένον
2825 647 2917 700 ἐπ’
2947 645 3154 712 αὺτὸν,
3185 644 3364 714 οὗτός
3393 649 3565 702 ἐστιν
3599 651 3632 702 ό
3655 649 3770 712 ,βα-

2183 737 2400 799 πτίζων
2435 739 2504 791 ἐν
2532 741 2827 808 [Ir-stipat!
2856 742 3020 810 ἁγίῳ.

2253 828 2368 881 Οὐκ
2403 829 2604 881 εἰδέναι
2654 831 2834 899 φήσας
2875 831 3036 884 αὑτὸν
3068 832 3126 882 ἐν
3154 833 3266 893 τοῖς
3311 831 3569 901 ἀνωτέρω
3592 868 3607 892 ,
3633 846 3772 904 χρη-

2184 919 2358 987 σίμως
2404 919 2830 990 ὲπεξεργάζεται
2856 963 2868 984 ,
2898 924 2991 976 καὶ
3039 924 3099 974 τὸ
3139 923 3282 975 θεῖον
3325 925 3632 992 ἀπογυμνοί
3670 940 3770 991 μυ-

2184 1011 2404 1080 στήριον
2431 1051 2445 1071 ,
2489 1013 2582 1064 καὶ
2634 1012 2726 1064 τὸν
2776 1013 2926 1082 αὐτῷ
2973 1014 3286 1084 μηνύσαντα
3349 1013 3606 1068 δεικνύων
3657 1014 3771 1068 Ha.-

2182 1100 2315 1168 τέρα
2372 1100 2539 1168 Θεὸν,
2577 1104 2670 1156 καὶ
2716 1103 2800 1167 τίς
2847 1105 2876 1156 6
2928 1106 3024 1175 τῆς
3057 1105 3274 1170 δείξεως
3321 1106 3511 1174 γέγονε
3542 1109 3772 1177 τρόπος,

2180 1190 2482 1257 ἀναφανδὸν
2532 1193 2918 1264 ἐξηγούμενος.
2975 1197 3188 1266 Ὠφελεῖ
3212 1198 3270 1250 δὲ
3294 1198 3383 1250 διὰ
3410 1198 3628 1251 πάντων
3656 1199 3768 1252 τῶν

2179 1283 2548 1353 ἀκροωμένων
2598 1287 2688 1352 τὸν
2723 1287 2866 1348 νοῦν,
2897 1290 2990 1344 καὶ
3016 1289 3082 1341 δι’
3101 1283 3175 1342 ὧν
3205 1294 3268 1344 ἐκ
3301 1289 3436 1343 Θεοῦ
3473 1290 3770 1348 πεπαιδεῦ-

2182 1373 2306 1426 σθαί
2336 1391 2467 1444 φησι
2498 1376 2559 1429 τὸ
2588 1379 2713 1448 περὶ
2762 1380 2999 1450 Χριστοῦ
3042 1383 3361 1452 μυστήριον,
3394 1385 3514 1446 ταῖς
3559 1383 3772 1439 ἄνωθεν

2178 1466 2380 1537 ψήφοις
2436 1469 2806 1540 πολεμοῦντας
2863 1473 3152 1542 ἀποφαίνει
3196 1475 3322 1537 τοὺς
3364 1473 3771 1545 ἀνθεστηκότας

2179 1559 2347 1629 αὐτῷ,
2371 1561 2465 1614 καὶ
2500 1562 2888 1632 ῥιψοκινδύνως
2925 1568 2990 1635 τῇ
3017 1566 3226 1638 μεγάλῃ
3247 1566 3342 1620 τοῦ
3367 1566 3578 1636 Πατρὸς
3611 1567 3772 1619 ἀντι-

2179 1650 2612 1719 προστάττοντας
2641 1652 2856 1725 γνώμῃ.
2888 1654 3058 1707 Τοῦτο
3085 1655 3141 1708 δὲ
3178 1652 3246 1726 ἦν
3274 1656 3659 1718 ἀναπείθοντος
3682 1657 3776 1708 εύ-

2180 1739 2328 1809 φυῶς
2374 1742 2471 1810 τῆς
2504 1743 2605 1810 μὲν
2651 1745 2864 1808 εἰκαίας
2920 1746 3096 1799 αὐτῶν
3151 1747 3487 1817 ἀποσχέσθαι
3537 1746 3769 1817 βουλῆς,

2180 1832 2585 1902 παραδέξασθαι
2609 1835 2663 1889 δὲ
2685 1836 2776 1888 τὸν
2807 1837 3024 1907 εὐδοκία
3048 1838 3260 1911 Πατρὸς
3285 1839 3377 1892 ἐπὶ
3393 1841 3636 1910 σωτηρίᾳ
3658 1838 3775 1894 τῶν

2177 1924 2394 1978 πάντων
2427 1926 2857 1998 ἐπιδημήσαντα.
2891 1931 3178 2000 Μαρτυρεί
3219 1930 3525 2000 τοιγαροῦν,
3559 1931 3642 1982 ὅτι
3670 1930 3773 1986 καὶ

2177 2015 2238 2068 τὸ
2255 2016 2476 2088 Πνεῦμα
2501 2018 2753 2072 θεάσαιτο
2781 2020 3106 2074 καταϐαῖνον
3132 2021 3392 2080 ὲπάύτὸν
3422 2021 3483 2086 ἐξ
3507 2021 3764 2092 ούρανοῦ,

2176 2112 2504 2180 περιστερᾶς
2531 2113 2589 2163 ὲν
2620 2112 2883 2180 σχήματι,
2913 2113 3008 2168 καὶ
3025 2114 3106 2168 δτι
3137 2115 3447 2185 μεμένηκεν
3477 2115 3762 2170 ὲπ“αύτόν.

2174 2199 2309 2255 Εἶτα
2358 2203 2494 2276 πρὸς
2523 2203 2697 2274 τούτῳ
2720 2245 2736 2268 ,
2771 2207 2862 2260 καὶ
2915 2209 3182 2276 αὐτήκοος
3211 2207 3463 2275 γενέσθαι
3504 2206 3638 2276 φησὶ
3661 2205 3763 2264 τοῦ

2176 2293 2526 2362 πεπομφότος
2557 2293 2721 2347 αὐτὸν
2770 2295 2864 2348 ἐπὶ
2909 2297 2970 2349 τὸ
3019 2296 3303 2366 βαπτίζειν
3336 2298 3394 2350 ὲν
3446 2296 3623 2362 ὕδατι,
3681 2298 3766 2360 ὡς

2173 2382 2381 2445 ἐκεῖνός
2408 2384 2556 2437 ἐστιν
2580 2386 2638 2437 ὲν
2677 2383 2814 2456 ἁγίῳ
2845 2385 3121 2455 βαπτίζων
3167 2387 3469 2456 Πνεύματι,
3494 2382 3647 2458 ᾧπερ
3690 2388 3763 2444 ἂν

2175 2473 2533 2543 ἐπιφοιτῆσαιν
2565 2476 2894 2550 ὲναπομείνῃ
2922 2476 2983 2529 τό
3016 2476 3260 2547 Πνεῦμα.
3289 2477 3760 2544 Ἀξιοπιστότατος

2173 2563 2352 2616 τοίνυν
2389 2566 2418 2616 6
2456 2565 2686 2634 μάρτυς,
2733 2565 3011 2634 ὑπερφυὲς
3037 2567 3097 2618 τὸ
3141 2569 3386 2637 σημεῖον,
3414 2567 3600 2620 ἐπάνω
3627 2568 3762 2622 πάν-

2172 2669 2280 2706 των
2308 2655 2337 2706 ὁ
2368 2654 2545 2718 δείξας
2586 2657 2791 2725 Πατήρ.
2823 2657 2933 2708 Καὶ
2961 2656 3131 2710 ταῦτα
3166 2658 3262 2728 μὲν
3284 2658 3430 2729 τῇδε.
3473 2659 3760 2732 Ἀνασκιρ-

2172 2744 2327 2814 τήσει
2370 2743 2425 2796 δὲ
2473 2744 2602 2807 ἴσως
2630 2746 2658 2796 ὀ
2689 2745 3079 2816 φιλεγκλήμων
3127 2749 3420 2817 αἱρετικδς,
3462 2752 3557 2802 καὶ
3577 2749 3756 2807 πλατὺ

2171 2838 2407 2905 γελάσας
2434 2839 2575 2908 ἐρεῖ·
2604 2838 2668 2893 Τί
2693 2841 2853 2892 πάλιν
2877 2841 3030 2910 ἡμῖν,
3056 2835 3101 2892 ὦ
3131 2835 3295 2904 οὗτοι,
3315 2841 3408 2893 καὶ
3431 2842 3566 2912 πρὸς
3597 2841 3756 2899 τοῦτό

2173 2947 2308 2999 φατε
2335 2948 2350 2996 ;
2383 2931 2418 3000 ἢ
2449 2933 2600 2984 ποῖον
2629 2931 2942 3000 ὲξυφανείτε
2972 2931 3127 3000 λόγον
3167 2934 3657 3004 κατασοφιζόμενοι
3694 2935 3756 2993 τὸ

2171 3025 2606 3096 γεγραμμένον;
2653 3025 2784 3077 Ἰδοὺ
2819 3024 2880 3077 τὸ
2929 3025 3150 3096 Πνεῦμα
3197 3027 3545 3080 καταϐαίνειν
3588 3029 3755 3098 φησὶν

487 3109 682 3178 Filius,
715 3123 770 3170 et
800 3115 946 3184 quod
990 3132 1100 3172 non
1135 3118 1300 3172 habet
1347 3119 1612 3173 nimirum
1645 3122 1874 3192 accipit,
1907 3122 2066 3179 Psal-

2173 3119 2266 3172 ἐπὶ
2296 3118 2388 3172 τὸν
2442 3117 2604 3171 Υἱόν·
2651 3117 2760 3171 ἰδοὺ
2804 3118 3158 3187 καταχρίεται
3189 3118 3340 3189 παρὰ
3374 3118 3471 3172 τοῦ
3497 3119 3632 3173 Θεοῦ
3659 3121 3755 3180 καὶ.

489 3203 650 3257 mista
679 3205 843 3259 nobis
871 3205 1228 3275 suifragante,
1256 3217 1314 3262 et
1344 3211 1430 3267 his
1469 3213 1649 3282 ipsum
1687 3216 1874 3270 verbis
1911 3231 2062 3270 com-

485 3295 727 3364 pellante
760 3314 773 3348 :
812 3314 830 3346 ι
873 3295 1169 3366 Propterea
1217 3301 1374 3371 117
1419 3305 1577 3358 unxit
1621 3313 1675 3360 te
1723 3305 1888 3370 Deus,
1928 3307 2071 3362 Deus

487 3391 640 3448 tuus,
667 3385 792 3439 oleo
825 3389 1218 3444 exsultationis
1247 3406 1361 3459 prae
1392 3395 1760 3467 participibus
1792 3399 1903 3452 tuis
1939 3399 2002 3454 ".
2042 3419 2061 3450 ι

487 3473 780 3538 Quomodo
841 3477 1011 3546 igitur
1078 3483 1576 3542 consubstantialis
1645 3490 1753 3543 erit
1822 3491 2066 3559 perfecto

484 3564 636 3619 l‘atri
666 3565 865 3632 Filius,
903 3571 996 3638 qui
1029 3573 1177 3640 quod
1221 3575 1503 3642 perfectus
1535 3593 1644 3633 non
1681 3582 1775 3643 sit,
1808 3582 1929 3637 ideo
1959 3600 2064 3636 un-

485 3658 670 3725 gitur?
697 3658 1016 3715 Istiusmodi
1047 3665 1358 3721 hominibus
1397 3671 1490 3739 qui
1530 3673 1840 3726 veneranda
1874 3674 2062 3730 Eccle-

485 3745 583 3800 siae
627 3747 882 3818 dogmata
923 3754 1261 3817 convellunt,
1302 3767 1356 3810 ct
1403 3759 1813 3828 Scripturarutn
1851 3776 2060 3819 rectum

493 3853 720 3893 sensum
773 3851 1114 3910 pervertunt,
1143 3845 1437 3904 dicendum
1483 3867 1608 3906 reor
1648 3873 1661 3908 :
1709 3873 1728 3906 ι
1773 3854 2060 3925 Evigilate,

484 3931 577 3999 qui
609 3933 747 3986 ebrii
781 3935 915 3990 estis
947 3952 1013 3990 ex
1050 3939 1177 3994 vino
1206 3949 1394 3996 vestro
1423 3943 1485 4007 “,
1515 3963 1534 3994 ι
1575 3955 1655 4009 ut,
1676 3947 1876 4002 illustri
1910 3953 2058 4004 veri-

480 4023 613 4078 tatis
649 4025 1061 4092 pulchritudine
1092 4042 1398 4100 perspecta,
1433 4036 1726 4092 nobiscum
1763 4040 2060 4097 inclamare

481 4113 626 4169 Filio
680 4119 908 4186 possitis
959 4140 972 4176 :
1011 4141 1028 4174 t
1075 4123 1210 4178 Vere
1250 4123 1421 4182 Filius
1465 4127 1558 4182 Dei
1609 4146 1670 4186 es
1721 4140 1776 4185 ttt
1821 4134 1886 4187 ⁸³.
1927 4152 1945 4186 ι
1999 4133 2058 4192 Si

480 4208 626 4260 enim
655 4211 835 4264 credis
857 4212 1036 4280 ipsum
1080 4212 1251 4267 Deum
1281 4218 1584 4272 secundum
1623 4231 1877 4274 naturam
1912 4239 2057 4290 esse,

479 4299 774 4366 quomodo,
818 4318 1029 4370 quaso,
1074 4305 1413 4373 perfectione
1479 4313 1730 4366 carebit?
1793 4312 2059 4383 Sequitur

479 4393 626 4444 enim
662 4394 901 4462 idipsum
947 4396 1112 4450 etiam
1144 4413 1242 4454 vos
1283 4400 1448 4471 impie
1485 4403 1554 4458 de
1579 4403 1742 4459 Patre
1779 4420 2047 4462 asserere.

481 4483 639 4539 Unde
662 4488 807 4539 enim
831 4487 1189 4556 ipse,quaeso,
1208 4493 1603 4560 perfectionem
1640 4500 2052 4563 necessario,ut
2091 4479 2134 4534 ί)

475 4576 684 4638 dicitis,
719 4577 1008 4635 habiturus
1045 4583 1166 4636 est?
1200 4592 1297 4636 attt
1327 4586 1610 4652 quomodo
1655 4602 1767 4641 non
1804 4588 1869 4642 ad
1903 4590 2051 4645 illam

479 4667 908 4724 diminutionem.
946 4669 1092 4737 Filii,
1125 4675 1404 4730 sententia
1440 4686 1620 4730 vestra
1672 4679 2047 4747 imperfectam

476 4762 806 4830 delapsurus
835 4772 941 4826 est,
974 4767 1020 4817 si
1064 4766 1247 4820 divina
1289 4769 1532 4822 essentia
1581 4770 2048 4838 imperfectionem

479 4853 533 4906 in
572 4853 711 4907 Filio
757 4857 927 4908 semel
981 4858 1308 4927 susceperit,
1351 4866 1411 4910 ut
1469 4860 1636 4914 stulte
1689 4868 1744 4914 et
1801 4862 2052 4932 imperite

475 4943 988 5000 contenditis?Non
1023 4949 1169 4999 enim
1211 4956 1358 5002 certe
1399 4963 1649 5015 magnam
1692 4949 1837 5004 illam
1871 4961 1924 5006 et
1959 4953 2054 5005 im-

477 5035 760 5087 mortalem
789 5043 1039 5088 natnram
1073 5037 1128 5088 in
1159 5035 1408 5090 diversas
1439 5038 1681 5092 rationes
1712 5041 2048 5109 secabimus,

474 5134 536 5176 ut
565 5125 618 5176 in
655 5124 780 5185 hoc,
814 5126 966 5178 verbi
998 5127 1198 5194 gratia,
1226 5125 1300 5180 sit
1333 5127 1678 5196 imperfecta,
1706 5132 1756 5183 in
1791 5133 1882 5184 illo
1929 5150 2050 5202 per-

475 5214 617 5270 fecta
655 5233 670 5270 :
704 5231 830 5270 cum
882 5216 1244 5270 humanitatis
1275 5216 1523 5272 deﬁnitio
1567 5236 1675 5274 una
1713 5225 1788 5277 sit
1832 5225 1900 5278 de
1929 5241 2050 5280 om-

471 5309 656 5370 nibus,
686 5317 741 5362 et
772 5308 959 5362 eadem
998 5309 1054 5362 in
1088 5309 1344 5364 omnibus
1380 5311 1564 5377 nobis,
1609 5331 1707 5368 nec
1745 5315 1908 5370 homo
1949 5318 2048 5370 ali-

469 5398 603 5465 quid
657 5399 845 5453 minus
901 5409 995 5452 aut
1055 5398 1234 5467 majus
1284 5402 1356 5454 sit
1409 5402 1584 5456 altero
1647 5406 1894 5474 homine,
1937 5425 2045 5474 qua

469 5490 634 5544 homo
673 5498 758 5543 est
795 5511 805 5542 :
841 5505 941 5543 nec
993 5491 1239 5559 angelus,
1279 5494 1496 5561 opinor,
1538 5494 1607 5549 ab
1637 5497 1808 5550 altero
1851 5500 2044 5567 angelo

465 5581 706 5644 diﬂ‘erat,
740 5583 955 5634 ratione
995 5582 1257 5652 angelica:
1288 5584 1631 5651 substantiae,
1665 5587 1944 5650 omnibus,
1975 5606 2042 5643 ex

543 5739 582 5771 ’⁷
627 5735 771 5794 i’sal.
819 5755 964 5804 xuv,
1017 5740 1068 5795 8.
1151 5739 1316 5798 “Jocl
1349 5759 1384 5808 ι,
1432 5741 1482 5796 5.

1566 5745 1608 5775 ¹⁹
1646 5743 1835 5799 Matth.
1877 5759 1986 5810 xw,
2021 5745 2112 5806 35.

2173 3210 2402 3281 Πατρὸς,
2435 3214 2572 3282 ὅπερ
2596 3211 2654 3264 δὲ
2695 3211 2794 3264 οὐκ
2825 3210 2966 3280 ἔχει,
2998 3209 3264 3280 λαμϐάνει
3285 3210 3508 3282 δηλαδὴ,
3542 3229 3755 3273 συνεπι-

2174 3303 2576 3374 μαρτυροῦντος
2603 3302 2698 3356 τοῦ
2741 3301 3020 3371 Μελῳδοῦ,
3058 3303 3150 3355 καὶ
3189 3301 3460 3370 λέγοντος,
3510 3301 3586 3366 ὡς
3615 3304 3754 3376 πρὸς

2169 3393 2328 3446 αὐτόν
2344 3409 2357 3423 ο
2392 3413 2410 3444 ι
2441 3392 2540 3446 Διά
2561 3392 2718 3446 τοῦτο
2739 3391 2923 3462 ἕχρισέ
2949 3409 3008 3444 σε
3033 3395 3060 3445 6
3085 3391 3280 3457 Θεὸς,ό
3303 3392 3436 3455 Θεός
3466 3409 3581 3458 σου,
3604 3393 3754 3450 ἔλεον

2168 3485 2540 3552 ἀγαλλιάσεως
2572 3483 2724 3555 παρά
2755 3485 2882 3547 τοὺς
2913 3483 3175 3553 μετόχους
3204 3499 3320 3537 σου.
3360 3502 3378 3534 ι
3423 3483 3547 3547 Πῶς
3570 3485 3636 3538 ἂν
3666 3486 3753 3562 εἴη

2166 3577 2350 3631 λοιπὸν
2403 3577 2462 3627 ὲν
2495 3577 2872 3644 όμοουσιότητι
2918 3574 3012 3627 τοῦ
3063 3573 3268 3626 τελείου
3320 3574 3554 3644 Πατρδς,
3595 3576 3626 3627 ό
3675 3576 3752 3644 μὴ

2164 3669 2405 3730 τοιοῦτος
2426 3668 2575 3732 Υἱὸς,
2594 3669 2689 3721 καὶ
2709 3667 2796 3720 διὰ
2820 3667 2978 3721 τοῦτο
2994 3667 3280 3738 χριόμενος
3306 3684 3320 3733 ;
3345 3667 3487 3738 Πρὸς
3507 3667 3570 3736 δὴ
3591 3666 3752 3726 τοῦτο

2165 3761 2332 3828 φάναι
2365 3759 2474 3811 δεῖν
2516 3759 2887 3829 ὑπολαμὸάνω
2916 3761 3028 3821 τοῖς
3067 3757 3137 3812 τὰ
3170 3759 3344 3829 σεμνὰ
3380 3759 3479 3830 τῆς
3522 3756 3749 3828 Ἐκκληο

2167 3853 2288 3914 σίας
2331 3849 2703 3921 ἀνατρέπουσι
2734 3852 3001 3922 δόγματα,
3037 3851 3131 3906 καὶ
3158 3851 3256 3922 τὴν
3289 3852 3398 3906 τῶν
3434 3851 3751 3922 γεγραμμέ-

2163 3962 2269 3998 νων
2301 3943 2566 4015 όρθότητα
2593 3943 3006 4012 διαστρέφουσιν
3030 3961 3042 3974 ο
3069 3965 3086 3996 ι
3112 3944 3492 4014 Ἑκνήψατε,οἰ
3521 3943 3750 4014 μεθύοντ-

2163 4052 2274 4097 ssc,
2303 4033 2361 4097 ὲξ
2387 4034 2527 4086 οἴνου
2557 4033 2756 4098 αὐτῶν,
2790 4052 2808 4084 i
2848 4034 2932 4086 ἵνα
2966 4033 3215 4104 δύνησθε,
3249 4035 3310 4088 τὸ
3352 4035 3604 4107 λαμπρὸν
3652 4036 3749 4106 τῆς

2163 4125 2421 4194 ἀληθείας
2447 4123 2917 4195 περιαθρήσαντες
2951 4126 3166 4191 κάλλος,
3210 4127 3306 4180 σὺν
3341 4128 3472 4198 ήμῖν
3510 4125 3746 4196 ἀναϐοῆ-

2164 4235 2254 4271 σαι
2284 4217 2418 4289 πρὸς
2448 4217 2538 4270 τὸν
2559 4216 2714 4269 Υίόν·
2741 4236 2759 4267 t
2809 4217 3048 4288 Ἀληθῶς
3077 4219 3211 4272 Θεοῦ
3242 4220 3367 4282 Υἱὸς
3395 4215 3463 4272 εἷ.
3495 4239 3512 4270 ι
3544 4221 3604 4273 Ei
3637 4219 3748 4290 γάρ

2163 4309 2300 4371 ὅλως
2352 4307 2628 4370 πιστεύεις
2671 4309 2803 4361 Θεὸν
2854 4305 2993 4362 εἶναι
3031 4313 3172 4362 κατά
3205 4309 3365 4379 φύσιν
3407 4311 3590 4374 αὑτὸν,
3627 4310 3747 4372 πῶς

2161 4401 2262 4454 οὐκ
2293 4400 2358 4452 ἂν
2402 4399 2516 4470 ἔχοι
2541 4401 2605 4453 τὸ
2646 4400 2879 4466 τέλειον;
2921 4401 3062 4471 Ὥρα
3105 4401 3214 4472 γάρ
3244 4403 3387 4470 ὑμᾶς
3419 4402 3512 4455 καὶ
3542 4403 3620 4464 είς
3649 4402 3746 4454 αύ-

2162 4494 2252 4546 τὸν
2299 4492 2398 4562 ἤδη
2449 4491 2728 4546 δυσσεσείν
2778 4493 2869 4545 τὸν
2903 4494 3122 4563 Πατέρα
3149 4511 3160 4523 ·
3196 4493 3358 4546 πόθεν
3407 4494 3515 4564 γὰρ
3561 4494 3741 4556 αὐτὸς,

2161 4584 2238 4647 ὡς
2266 4583 2391 4653 φὴς,
2409 4582 2469 4649 ἐξ
2489 4584 2734 4654 ἀνάγκης
2765 4585 2876 4650 ἕξει
2901 4585 3002 4654 τὴν
3027 4585 3340 4654 τελειότητα
3362 4603 3376 4650 ;
3403 4585 3518 4648 πῶς
3543 4584 3602 4636 δὲ
3622 4583 3746 4653 οὐχὶ

2161 4676 2296 4745 πρὸς
2319 4674 2416 4744 τὴν
2450 4674 2544 4727 τοῦ
2570 4677 2910 4746 γεννήματος
2948 4676 3172 4745 ὕφεσιν,
3211 4678 3312 4747 τὴν
3339 4677 3415 4740 ὼς
3443 4677 3563 4730 καθ’
3599 4678 3744 4744 ὑμᾶς

2159 4765 2324 4834 ἀτελῆ
2358 4766 2796 4836 κατοισθήσεται,
2832 4766 3287 4837 παραδεξαμένης
3341 4767 3488 4832 ἅπαξ
3535 4767 3594 4819 ὲν
3627 4765 3744 4836 Υίῷ

2160 4857 2259 4926 τῆς
2305 4857 2453 4921 θείας
2485 4859 2672 4920 οὐσίας
2716 4859 2779 4912 τὸ
2817 4858 3077 4914 δύνασθαι
3113 4859 3188 4929 μὴ
3225 4858 3369 4928 ἔχειν
3405 4858 3465 4910 τὸ
3499 4857 3700 4910 τέλειον
3723 4895 3740 4919 ,

2160 4950 2304 5002 κατά
2331 4965 2393 5016 γε
2419 4950 2508 5003 τὸν
2538 4953 2668 5020 παρ’
2697 4951 2825 5020 ὑμῖν
2863 4950 3052 5022 ἀμαθῆ
3077 4951 3171 5004 καὶ
3198 4950 3523 5004 ἀπαίδευτον
3549 4949 3738 5018 λόγον;

2157 5042 2233 5094 Οὐ
2263 5041 2372 5111 γὰρ
2421 5041 2592 5111 δήπου
2641 5042 2737 5112 τὴν
2771 5042 3015 5113 μεγάλην
3053 5043 3305 5114 ἐκείνην,
3332 5042 3428 5096 καὶ
3462 5042 3738 5112 ἀκήρατον

2158 5134 2320 5202 φύσιν
2352 5135 2432 5196 εἰς
2458 5134 2751 5204 διαφόρους
2781 5133 3224 5204 καταμεριοῦμεν
3253 5133 3465 5200 λόγους,
3495 5131 3571 5193 ὡς
3597 5126 3736 5184 εἶναι

2159 5227 2257 5297 μὲν
2293 5228 2350 5280 ὲν
2401 5225 2537 5296 τῷδε
2583 5227 2744 5296 τυχὸν
2787 5226 2988 5296 ἀτελῆ,
3040 5224 3254 5279 τελείαν
3284 5225 3339 5278 δὲ
3383 5220 3449 5278 αὖ
3481 5223 3642 5278 πάλιν
3677 5226 3735 5277 ὲν

2154 5315 2343 5384 ἐκείνῳ
2364 5332 2376 5346 ·
2412 5315 2531 5367 ἐπεὶ
2569 5316 2662 5368 καὶ
2691 5317 2719 5367 6
2748 5315 2846 5386 τῆς
2887 5315 3308 5386 ἀνθρωπότητος
3333 5315 3457 5381 ὄρος
3485 5309 3562 5377 εἷς
3592 5313 3734 5367 κατά

2154 5407 2370 5460 πάντων
2409 5407 2525 5459 ἐστὶ
2551 5407 2646 5460 καὶ
2682 5406 2793 5468 ίσος
2823 5408 2881 5458 ὲν
2913 5408 3076 5460 πᾶσιν
3103 5407 3233 5475 ἡμῖν
3255 5423 3268 5436 ο
3307 5405 3524 5458 ἔλαττον
3557 5405 3614 5458 δέ
3648 5423 3734 5469 τις

2151 5499 2455 5568 ἄνθρωπος,
2484 5498 2619 5552 καθὸ
2663 5499 2907 5567 πέφυκεν
2946 5497 3251 5568 ἄνθρωπος,
3289 5496 3404 5551 ἀλλ’
3428 5497 3547 5550 οὐδὲ
3569 5496 3733 5548 πλέον

2152 5590 2338 5660 ἑτέρου
2387 5590 2864 5662 καταληφθήσεται
2893 5633 2907 5656 ,
2957 5589 3191 5659 ἀγγέλου
3232 5589 3313 5655 δὲ,
3339 5584 3515 5660 οἶμαι,
3543 5587 3733 5650 διοίσει
