4106 6518
334 358 444 416 137

1396 358 1465 413 ΙΝ
1501 358 1794 417 JOANNIS
1832 356 2285 417 EVANGELIUM
2322 358 2453 419 LIB.
2491 362 2555 420 ﬂ.
2632 404 2635 409 .

325 473 463 529 κατ’
496 470 651 527 οὐδὲν
688 469 881 543 ἔτερος
932 469 1185 541 ἄγγελος,
1215 471 1356 528 κατά
1391 490 1457 543 γε
1508 474 1573 527 τὸ
1619 472 1760 530 εἶναι
1794 475 1923 529 τοῦθ

2046 489 2114 529 eo
2169 477 2318 546 quod
2371 477 2623 547 ejusdem
2658 485 2790 536 sunt
2824 481 3053 553 speciei,
3092 482 3148 538 in
3170 498 3341 542 unam
3371 499 3637 551 naturam

320 564 492 635 ὃπερ’
531 564 669 619 είσίν
707 562 954 632 ἄγγελοι,
999 564 1201 636 δηλαδὴ
1241 563 1330 618 διὰ
1361 565 1460 633 τῆς
1506 566 1644 638 πρὸς
1677 566 1928 638 ἀλλήλους

2046 568 2347 639 colligatis.
2378 570 2670 636 Quomodo
2717 588 2849 644 ergo
2899 573 3088 630 divina
3143 584 3200 633 ct
3242 582 3491 639 omnium
3537 601 3637 642 su-

319 658 636 729 ὁμοειδίας,
677 658 759 719 είς
787 656 921 727 μίαν
948 656 1189 721 ἅπαντες
1238 657 1708 731 άναδεσμούμενοι
1751 660 1936 731 φύσιν.

320 749 457 813 Πῶς
486 748 555 803 ἂν
583 743 676 802 οὖν
697 750 731 819 ἡ
756 748 879 801 θεία
898 749 991 801 καὶ
1014 749 1268 804 ἁπάντων
1292 750 1735 822 ὑπερανίσχουσα
1750 752 1937 822 φύσις,

315 843 383 896 ἐν
418 839 676 895 ἐλάττοσι
721 840 832 895 τῶν
866 840 1110 910 γενητῶν
1156 844 1215 896 ἐν
1257 844 1372 905 τοῖς
1413 843 1539 896 καθῖ
1564 844 1764 915 ἑαυτὴν
1795 846 1937 914 ἀγα-υ

317 935 442 998 θοῖς
497 932 837 1003 δεθήσεται,
867 933 1133 1003 ὑπομενεί
1172 933 1230 986 δὲ
1281 933 1487 1002 πάθος,
1532 934 1562 990 6
1596 934 1791 990 παθεῖν
1836 937 1938 993 οὐκ

314 1025 468 1081 οἶδεν
500 1029 535 1098 ἡ
580 1026 791 1092 κτίσις;
823 1026 951 1089 Πῶς
998 1026 1055 1081 δὲ
1096 1026 1235 1089 ὅλως
1293 1027 1450 1080 ἔσται
1506 1028 1601 1080 καὶ
1640 1027 1789 1098 άπλῆ
1840 1028 1936 1082 καὶ

317 1118 650 1183 ἀτύνθετος,
686 1116 849 1188 εἴπερ
882 1116 940 1170 δν
973 1120 1032 1171 ἐν
1058 1118 1195 1189 αὐτῇ
1224 1120 1476 1187 φανεῖται
1510 1117 1571 1170 τὸ
1601 1117 1807 1172 τέλειον
1840 1120 1935 1173 καὶ

314 1209 383 1263 τὸ
440 1207 636 1272 ἀτελές
665 1227 681 1275 ;
710 1207 1071 1277 Συγκείσεται
1117 1209 1227 1280 γὰρ
1259 1209 1328 1263 δι’
1372 1209 1600 1278 ἀμφοῖν,
1627 1210 1785 1281 εἴπερ
1834 1212 1935 1282 οὐχ

315 1303 518 1372 ὅμοιον
565 1300 646 1371 τῷ
698 1300 893 1372 τελείῳ
946 1300 1008 1353 τὸ
1054 1300 1268 1363 ἀτελές.
1318 1301 1380 1353 Εἰ
1432 1302 1532 1370 μὲν
1585 1302 1694 1372 γὰρ
1746 1301 1933 1374 ὅμοιόν

313 1396 465 1459 ἐστι,
501 1394 599 1447 καὶ
643 1391 707 1445 τὸ
750 1392 1069 1447 διαλλάττον
1113 1392 1269 1446 οὐδὲν
1296 1394 1355 1447 ἐν
1390 1393 1599 1458 αὐτοῖς,
1632 1393 1764 1460 πᾶν,
1794 1393 1932 1462 ὅπερ

310 1485 385 1540 ἂν
442 1487 535 1558 εἴη
577 1484 812 1550 τέλειον,
842 1485 1153 1557 ἀδιαφόρως
1185 1484 1342 1540 ἔσται
1371 1486 1465 1539 καὶ
1495 1485 1717 1549 ἀτελές’
1743 1485 1838 1541 καὶ
1882 1486 1938 1542 εί

308 1595 370 1632 τι
401 1578 575 1631 πάλιν
599 1577 817 1642 ἀτελὲς,
847 1578 1009 1631 τοῦτο
1051 1580 1143 1633 καὶ
1167 1578 1395 1644 τέλειον,
1423 1580 1519 1632 καὶ
1551 1579 1703 1634 οὐδὲν
1729 1580 1787 1635 ἐν
1817 1579 1932 1650 Υίῷ

306 1665 377 1721 τὸ
410 1666 810 1739 κατηγόρημα,
825 1665 929 1721 κᾶν
946 1670 1064 1732 ταῖς
1089 1670 1258 1740 ἡμετέ
1268 1687 1389 1741 ραις
1418 1670 1684 1734 διανοίαις
1698 1670 1762 1723 τὸ
1777 1670 1931 1734 τέλος

2045 675 2234 727 prema
2299 660 2393 715 illa
2454 672 2676 730 natura,
2724 666 2906 722 minor
2958 668 3015 724 in
3079 685 3317 737 segesse
3356 676 3635 735 videbitur

2042 764 2207 821 quam
2251 762 2532 821 creatura,
2564 757 2725 825 eique
2756 760 3041 832 continget
3069 764 3217 833 quod
3266 782 3338 823 ne
3366 767 3421 822 in
3457 768 3637 839 ipsam

2041 844 2267 914 quidem
2302 856 2630 903 creaturam
2686 852 2889 911 cadere
2931 857 3140 925 possit?
3183 859 3293 914 Aut
3330 863 3633 930 quomodo,

2047 952 2261 1006 quaeso,
2284 938 2391 994 erit
2412 940 2654 1010 simplex
2689 950 2744 998 et
2771 943 3163 1015 incomposita,
3185 948 3232 1004 si
3274 951 3331 1006 in
3357 968 3421 1008 ea
3448 953 3637 1009 videa-

2037 1046 2165 1086 mus
2216 1045 2343 1087 esse
2390 1033 2793 1104 perfectionem
2853 1049 2907 1093 et
2976 1040 3488 1111 imperfectionem?
3552 1044 3634 1102 Ex

2038 1131 2275 1195 utroque
2307 1125 2457 1181 enim
2510 1137 2899 1197 componetur,
2931 1130 3210 1201 siquidem
3246 1136 3494 1205 perfecto
3530 1138 3636 1192 im-

2026 1214 2347 1285 perfectum
2412 1217 2597 1274 simile
2644 1236 2754 1275 non
2813 1232 2917 1279 est.
2972 1221 3030 1278 Si
3091 1226 3240 1280 enim
3296 1229 3483 1285 simile
3536 1230 3632 1298 sit,

2030 1308 2290 1380 nihilque
2320 1310 2394 1366 sit
2425 1311 2655 1369 interea
2684 1313 3049 1383 discriminis,
3082 1319 3460 1391 quodcunque
3509 1339 3634 1393 per-

2030 1397 2244 1454 fectum
2286 1410 2391 1466 est,
2428 1403 2636 1472 passim
2694 1421 2917 1476 quoque
2968 1408 3075 1463 erit
3118 1410 3539 1480 imperfectum;
3579 1424 3636 1470 et

2036 1492 2223 1561 siquid
2260 1493 2506 1549 vicissim
2563 1495 2987 1565 imperfectum,
3022 1501 3157 1556 illud
3194 1519 3416 1574 quoque
3455 1506 3637 1576 perfe-

2033 1592 2185 1634 ctum
2237 1582 2366 1647 eiit,
2416 1600 2519 1638 nec
2568 1583 3040 1665 Filioquidquam
3095 1590 3476 1659 detrahemus,
3504 1595 3635 1649 licet

2034 1686 2159 1724 eum
2193 1672 2539 1741 perfectione
2567 1690 2762 1733 carere
2794 1688 3056 1748 putemus
3088 1697 3099 1733 ε
3133 1683 3228 1737 sed
3263 1700 3443 1753 neque
3467 1684 3633 1740 Pater

308 1760 464 1831 ἔχων
502 1760 567 1814 οὐ
612 1760 927 1833 φαίνηταιο
959 1761 1076 1815 ἀλλ’
1110 1762 1233 1816 οὐδὲ
1279 1765 1490 1828 αὑτὸςὸ
1523 1764 1710 1835 Πατὴρ
1757 1766 1928 1835 ὑπερ-

2034 1761 2234 1817 Filium
2267 1769 2591 1837 superabit:
2625 1772 2881 1840 quamvis
2911 1772 2960 1827 ei
2994 1774 3263 1843 perfectio
3291 1777 3631 1842 ascribatur,

308 1852 536 1927 αλείται
566 1852 662 1907 τὸν
703 1852 832 1907 Υἰὸν
868 1854 962 1906 ἐπὶ
990 1852 1288 1926 τελειότητι
1327 1857 1799 1929 μαρτυρούμενος,
1838 1858 1928 1913 καὶ

2037 1860 2093 1907 et
2120 1855 2302 1931 soluta
2336 1872 2536 1914 rursus
2560 1861 2726 1915 nobis
2756 1870 2842 1917 est
2878 1866 3112 1933 quaestio
3144 1884 3155 1919 :
3190 1866 3277 1921 sin
3309 1876 3492 1922 autem
3527 1868 3635 1923 im-

304 1946 544 2000 λέλυται
574 1945 741 2000 πάλιν
765 1947 900 2018 ἡμῖν
934 1947 995 1999 τὸ
1030 1945 1366 2021 ζητούμενον
1386 1964 1399 1977 ·
1431 1949 1483 2001 εί
1509 1948 1566 2004 δὲ
1596 1948 1765 2013 πολὺς
1794 1951 1933 2005 ἀπο-

311 2038 553 2109 τειχίζει
592 2037 757 2102 λόγος
791 2037 885 2091 τοῦ
921 2038 1130 2092 τελείου
1164 2037 1226 2093 τὸ
1270 2039 1480 2105 ἀτελὲς,
1510 2040 1727 2111 δέχεται
1752 2040 1806 2094 δὲ
1838 2041 1934 2095 καὶ

315 2131 353 2202 ἡ
382 2130 505 2184 θεία
550 2129 719 2199 φύσις
770 2129 915 2185 κατὰ
953 2130 1152 2185 ταυτὸν
1182 2131 1490 2205 ἀμφότερα,
1516 2131 1770 2196 σύνθετος
1799 2134 1930 2205 ἄρα,

313 2223 416 2278 καὶ
462 2223 569 2295 οὐχ
601 2223 775 2295 ἁπλῆ.
816 2223 960 2278 Ἀλλ’
983 2226 1101 2297 ἐρεῖ
1145 2241 1231 2287 τις
1257 2223 1441 2295 τυχὸν,
1472 2222 1548 2287 ὼς
1575 2225 1842 2296 ἀσυμφυῆ
1873 2223 1931 2277 τέ
1973 2271 1989 2283 .

304 2316 436 2371 ἐστι
483 2316 585 2369 καὶ
623 2316 1025 2389 ἀαυνύπαρκτα
1070 2316 1212 2370 κατὰ
1247 2315 1444 2369 ταυτὸν
1479 2316 1538 2369 ἐν
1571 2316 1651 2370 ἐνὶ
1684 2314 1763 2387 τῷ
1799 2318 1933 2369 ὐπο-

302 2410 563 2484 κειμένῳ
582 2411 651 2465 τὰ
673 2412 918 2477 ἐναντία,
949 2412 1026 2475 ὡς
1054 2413 1114 2467 ἐν
1136 2410 1351 2478 σώματι
1374 2410 1533 2481 τυχὸν
1570 2410 1707 2482 ὁμοῦ
1731 2411 1931 2483 χρῶμα

300 2507 512 2563 λευκὸν
539 2509 639 2562 καὶ
671 2508 859 2578 μὲλαν.
907 2505 1106 2571 Καλῶς
1130 2523 1217 2575 γε,
1239 2499 1286 2560 ὦ
1310 2505 1482 2577 φίλος,
1508 2506 1602 2561 καὶ
1630 2503 1778 2576 μάλα
1800 2522 1933 2577 γορ·

300 2600 427 2670 γῶς
449 2602 568 2663 τοῖς
617 2599 913 2670 ἡμετέροις
961 2580 1297 2671 ἁπηγωνίσω
1326 2598 1524 2666 λόγοις.
1568 2598 1633 2652 Εἰ
1679 2597 1788 2669 γὰρ
1831 2598 1932 2669 μία

303 2689 394 2754 τίς
418 2691 578 2744 ἐστιν
594 2690 629 2759 ἡ
648 2687 766 2745 θεία
795 2687 980 2757 φύσις,
1011 2688 1106 2744 καὶ
1132 2689 1264 2758 παρ’
1283 2688 1451 2760 αὐτὴν
1478 2688 1577 2760 οὐχ
1599 2688 1783 2759 ἑτέρα,
1812 2687 1932 2752 πῶς

304 2781 542 2850 ἃν,είπέ
578 2798 695 2853 μοι,
724 2780 834 2835 τῶν
879 2780 1141 2835 ἐναντίων
1180 2781 1397 2850 γένοιτο
1432 2780 1691 2851 δεκτικὴ;
1720 2779 1836 2842 πῶς
1872 2777 1931 2833 δὲ

312 2875 439 2932 καθ’
475 2876 536 2930 ἐν
566 2893 623 2929 τι
644 2874 711 2927 τὸ
739 2872 1101 2943 ὑποκείμενον
1130 2873 1200 2930 τὰ
1240 2872 1495 2946 ἀλλήλοις
1526 2873 1758 2945 ἀνόμοια
1787 2889 1929 2942 συμ-

310 2970 584 3042 ϐήσεταις
615 2966 756 3021 Θεοῦ
781 2966 839 3020 δὲ
860 2966 1012 3030 ὄντος
1045 2965 1189 3020 κατὰ
1218 2964 1382 3036 φύσιν
1413 2962 1507 3020 τοῦ
1537 2964 1773 3036 Πατρὸς,
1795 2963 1931 3028 Θεός

298 3065 428 3118 ἐστι
460 3060 611 3117 κατὰ
639 3059 806 3130 φύσιν
829 3060 925 3113 καὶ
959 3062 988 3114 6
1011 3060 1139 3123 Υἱός
1158 3076 1173 3091 ’
1214 3059 1367 3113 οὐδὲν
1401 3059 1513 3129 ἄρα
1543 3055 1752 3119 διοίσει,
1788 3056 1931 3110 κατά

2036 1948 2344 2018 perfectum
2396 1967 2425 2006 a
2466 1952 2718 2023 perfecto
2747 1956 2938 2012 multis
2987 1958 3302 2015 rationibus
3334 1959 3635 2032 distingui-

2038 2050 2149 2106 tur,
2194 2050 2487 2113 utrumque
2528 2060 2657 2101 vero
2704 2045 2892 2101 divina
2932 2063 3156 2119 quoque
3202 2059 3405 2106 natura
3439 2052 3632 2108 eodem

2035 2133 2202 2186 modo
2229 2136 2488 2205 suscipit,
2521 2138 2828 2208 composita
2864 2139 3034 2209 igitur
3080 2141 3211 2207 erit,
3235 2150 3291 2197 et
3340 2157 3453 2199 non
3496 2144 3632 2199 sim-

2036 2227 2182 2294 plex.
2213 2223 2319 2280 Sed
2359 2226 2547 2285 forsan
2582 2228 2726 2284 dicet
2764 2232 3067 2301 quispiam.
3111 2235 3395 2290 contraria
3432 2235 3488 2290 in
3519 2249 3631 2291 uno

2034 2319 2288 2390 subjecto
2337 2320 2504 2375 simul
2563 2336 2675 2377 non
2707 2338 2874 2394 posse
2925 2325 3214 2393 exsistere,
3250 2335 3310 2383 ut
3355 2327 3412 2385 in
3466 2328 3635 2399 118

2033 2424 2292 2480 corpore,
2326 2410 2561 2482 exempli
2596 2427 2790 2479 causa,
2818 2414 2978 2470 albus
3001 2416 3158 2472 color
3186 2432 3253 2473 ac
3284 2419 3440 2489 niger
3462 2419 3632 2474 simul

2032 2517 2158 2557 esse
2205 2508 2512 2576 nequeunt.
2539 2501 2687 2558 Bene
2728 2503 2916 2571 habet,
2962 2507 3176 2575 amice;
3209 2510 3423 2564 nostris
3458 2508 3633 2565 dictis

2032 2592 2257 2664 egregie
2300 2602 2354 2647 tu
2388 2608 2611 2665 quoque
2643 2592 2990 2667 suﬂ’ragaris.
3017 2595 3156 2653 Nam
3189 2598 3235 2654 si
3274 2614 3384 2655 una
3416 2606 3503 2657 est
3531 2615 3632 2655 na-

2033 2692 2159 2740 tura
2219 2685 2439 2751 divina,
2487 2701 2589 2741 nec
2633 2692 2832 2756 prteter
2876 2703 2997 2743 eam
3052 2690 3226 2744 altera
3256 2730 3271 2756 ,
3328 2694 3630 2762 quomodo,

2034 2792 2244 2848 quaeso,
2268 2775 2523 2832 admittet
2553 2777 2873 2834 contraria?
2894 2782 3176 2851 quomodo
3211 2783 3267 2838 in
3297 2801 3467 2842 unum
3496 2786 3639 2840 sub-

2027 2872 2238 2942 jectum
2268 2885 2392 2940 qua:
2418 2870 2563 2924 inter
2594 2885 2655 2925 se
2680 2870 2976 2927 dissimilia
3014 2881 3146 2929 sunt
3176 2877 3633 2934 convenientYAt

2031 2977 2158 3017 cum
2195 2959 2357 3016 Pater
2386 2959 2536 3017 Deus
2568 2962 2642 3017 sit
2674 2962 2982 3017 secundum
3018 2973 3298 3034 naturam,
3318 2965 3463 3024 Deus
3487 2983 3631 3039 quo-

2031 3070 2141 3124 que
2184 3053 2492 3108 secundum
2523 3063 2781 3109 naturam
2831 3065 2914 3111 est
2936 3053 3111 3112 Filius
3138 3076 3151 3112 :
3179 3058 3314 3113 nihil
3360 3075 3493 3132 ergo
3522 3059 3641 3115 dif—

300 3172 371 3225 γε
412 3154 481 3207 τὸ
533 3150 682 3205 εἶναι
715 3149 941 3215 τέλειος,
970 3149 1047 3215 ὡς
1076 3150 1215 3225 πρὸς
1250 3150 1341 3203 τὸν
1373 3148 1614 3221 Πατέρα,
1647 3147 1745 3219 τῆς
1775 3144 1926 3210 θείας

2031 3146 2174 3203 feret
2205 3148 2298 3203 ille
2327 3163 2357 3202 a
2384 3145 2569 3211 Patre,
2596 3151 2813 3204 ratione
2843 3149 3231 3219 perfectionis,
3269 3152 3364 3222 qui
3404 3169 3469 3209 ex
3506 3154 3630 3226 ejus

298 3246 481 3303 αὐτοῦ
516 3245 617 3300 καὶ
648 3243 1001 3316 τελειοτάτης
1022 3242 1210 3307 οὐσίας
1241 3239 1604 3310 ἐκπεφυκῶς⁹
1630 3239 1664 3312 ἡ
1692 3238 1801 3310 γὰρ
1826 3237 1927 3293 οὐκ

2031 3239 2218 3296 divina
2248 3248 2304 3297 et
2348 3240 2758 3312 perfectissima
2790 3241 3103 3297 substantia
3137 3247 3430 3314 processit.
3458 3244 3631 3303 Num-

298 3342 532 3411 ἀνάγκη
560 3337 769 3392 τέλειον
817 3332 959 3391 εἶναι
993 3336 1211 3399 πάντως
1261 3336 1351 3388 τὸν
1380 3335 1446 3386 ἐκ
1495 3330 1699 3386 τελείου
1730 3331 1926 3401 γεννή-

300 3451 494 3506 τορος,
532 3431 696 3505 εἴπερ
746 3428 895 3484 ἐστὶν
925 3427 1093 3483 αὐτοῦ
1145 3427 1241 3481 καὶ
1292 3422 1712 3496 ἀπαράλλακτος
1739 3420 1924 3485 εἰκὼν,

301 3528 405 3584 καὶ
448 3524 749 3598 χαρακτὴρ
796 3523 899 3594 τῆς
948 3519 1305 3583 ὑποστάσεως
1329 3560 1343 3583 ,
1376 3516 1520 3597 καθά
1558 3518 1871 3588 γέγραπται
1908 3533 1923 3583 ;

317 3613 490 3682 Ἀλλ’,
522 3611 704 3686 οἶμαι,
736 3603 847 3678 πᾶς
866 3630 951 3676 τις
977 3613 1109 3684 ἡμῖν
1137 3610 1355 3681 συνερεῖ
1394 3609 1489 3663 καὶ
1519 3605 1925 3680 συνθήσεταιοῆ

301 3708 524 3779 λεγέτω
553 3706 720 3762 πάλιν
748 3707 829 3769 είς
857 3704 1026 3775 μέσον
1063 3699 1253 3767 ἐλθὼν,
1281 3699 1426 3754 κατὰ
1457 3704 1579 3753 τίνα
1604 3700 1806 3772 τρόπον
1829 3697 1924 3751 τοῦ

303 3801 521 3857 τελείου
548 3798 766 3871 Πατρὸς
794 3794 1213 3868 ἀπαράλλακτος
1242 3791 1398 3847 ἔσται
1431 3791 1718 3863 χαρακτὴρ
1742 3792 1770 3844 6
1796 3790 1927 3855 Υίὸς

304 3882 408 3949 οὐκ
456 3893 605 3964 ἔχων
652 3893 709 3947 ἐν
755 3889 863 3962 ἰδία
897 3886 1058 3958 φύσει
1105 3886 1167 3941 τδ
1196 3882 1339 3940 εἶναι
1378 3885 1603 3952 τέλειος,
1639 3883 1783 3938 κατὰ
1825 3884 1926 3955 τήν

302 4004 474 4041 τινων
519 3981 871 4039 δυσϐουλίαν.
939 3977 1160 4050 Ἐπειδὴ
1210 3976 1269 4032 δέ
1316 3976 1433 4033 ἐστι
1486 3975 1778 4050 χαρακτὴρ
1828 3977 1926 4031 καὶ

304 4078 499 4142 είκὼν,
527 4075 737 4140 τέλειος
764 4074 878 4147 ἄρα
894 4071 991 4126 καὶ
1016 4069 1180 4135 αὐτὸς
1218 4069 1293 4136 ὡς
1319 4070 1545 4136 ἐκεῖνος,
1573 4062 1635 4121 οὗ
1660 4068 1754 4122 καὶ
1778 4066 1924 4122 ἐστιν

304 4169 498 4226 εἰκῶν.
558 4166 701 4222 Ἀλλ’
740 4161 872 4232 είδε,
924 4162 1114 4237 φησὶν,
1167 4161 1423 4233 Ἰωάννης
1482 4160 1552 4232 ἐξ
1579 4157 1814 4233 οὐρανοῦ
1865 4158 1926 4214 τὸ

306 4260 546 4331 Πνεῦμα
574 4257 908 4315 καταόαῖνον
940 4255 1036 4310 ἐπὶ
1077 4254 1172 4309 τὸν
1216 4253 1366 4317 Υἰὸν,
1402 4253 1498 4307 καὶ
1536 4252 1775 4307 ἐπακτὸν
1810 4250 1925 4322 ἔχει

303 4351 399 4407 τὸν
415 4349 716 4423 ἁγιασμδνο
739 4349 955 4421 δέχεται
968 4346 1077 4420 γὰρ
1098 4346 1174 4410 ὡς
1196 4345 1298 4400 οὐκ
1318 4344 1456 4417 ἔχων
1468 4343 1842 4416 δηλαδή.”Ωρα
1858 4341 1925 4413 δὴ

302 4439 401 4501 οὗν
434 4442 751 4515 ἀναφανδὸν
785 4439 1001 4514 ποίημα
1034 4437 1133 4511 μὲν
1163 4437 1345 4507 λέγειν
1377 4436 1560 4503 αὑτὸν,
1590 4434 1746 4507 ὀλίγῃ
1772 4433 1924 4506 μόλις

2028 3332 2163 3403 quid
2193 3332 2365 3402 enim,
2400 3347 2616 3404 quaeso,
2640 3347 2872 3389 necesse
2896 3348 3004 3387 non
3040 3343 3126 3389 est
3151 3351 3274 3390 eum
3300 3353 3425 3394 esse
3447 3338 3631 3408 perfe-

2028 3436 2204 3489 ctum.
2221 3426 2314 3497 qui
2333 3441 2396 3481 ex
2415 3424 2662 3497 perfecto
2676 3434 2761 3483 est
2777 3423 2961 3494 Patre,
2977 3427 3247 3497 siquidem
3261 3428 3385 3499 ejus
3401 3440 3484 3486 est
3504 3447 3630 3487 cum

2029 3535 2127 3591 per
2150 3519 2335 3573 omnia
2364 3519 2563 3575 similis
2589 3515 2794 3590 imago,
2815 3527 2930 3575 tum
2962 3521 3293 3576 substantiae
3317 3522 3630 3589 character,

2029 3617 2091 3665 ut
2149 3613 2419 3682 scriptum
2472 3618 2559 3667 est
2591 3611 2687 3665 ’°?
2742 3610 2847 3665 Sed
2900 3627 3065 3667 nemo
3120 3628 3231 3667 non
3289 3614 3632 3671 assentietnr

2029 3703 2212 3768 nobis,
2246 3706 2469 3775 opinor,
2524 3713 2578 3760 et
2628 3703 3025 3775 suﬂragabitur
3077 3724 3091 3760 :
3138 3706 3346 3777 alioqui
3398 3709 3632 3779 prodeat

2029 3809 2230 3850 rursus
2266 3795 2320 3850 in
2356 3796 2621 3860 medium,
2651 3804 2707 3852 et
2742 3796 2896 3851 dicat
2927 3796 3211 3869 quomodo
3234 3786 3479 3869 perfecti
3523 3801 3629 3857 Pa-

2029 3886 2133 3942 tris
2189 3883 2416 3943 l‘uturus
2480 3887 2554 3944 sit
2613 3889 2963 3958 :equalis'in
3024 3890 3289 3946 omnibus
3338 3892 3632 3950 character

2027 3974 2228 4042 Filius,
2276 3977 2324 4032 si
2373 3985 2574 4031 natura
2628 3994 2729 4033 sua
2779 3979 3072 4050 perfectus
3126 3997 3251 4036 esse
3295 3983 3519 4052 nequit,
3568 3990 3630 4036 ut

2028 4069 2198 4127 stulte
2240 4068 2467 4139 quidam
2513 4069 2783 4123 sentiunt.
2823 4068 2963 4124 Cum
3006 4081 3189 4126 autem
3232 4071 3304 4127 sit
3338 4073 3630 4128 character

2026 4168 2084 4216 et
2121 4160 2325 4229 imago,
2362 4157 2647 4229 perfectus
2684 4160 2857 4230 igitur
2898 4176 3120 4231 (linoque
3163 4162 3271 4216 erit
3317 4178 3429 4217 non
3462 4179 3628 4221 secus

2028 4266 2093 4307 ac
2119 4251 2211 4306 ille
2238 4250 2403 4321 cujus
2428 4258 2528 4305 est-
2549 4251 2756 4321 imago.
2789 4249 2898 4307 Sed
2944 4250 3191 4308 Joannes
3220 4253 3385 4318 vidit,
3421 4253 3625 4326 inquit,

2031 4341 2304 4412 Spiritum
2335 4340 2770 4398 descendentem
2812 4341 2882 4398 de
2922 4343 3065 4399 ctelo
3109 4360 3279 4415 super
3305 4342 3505 4401 Filium
3556 4349 3625 4412 “,

2027 4441 2083 4490 et
2139 4433 2209 4488 ab
2263 4432 2375 4487 alio
2428 4432 2928 4489 sanetiﬁeationem
2988 4435 3155 4490 habet
3202 4453 3217 4490 :
3265 4452 3386 4492 eam
3426 4438 3629 4510 quippe

303 4538 560 4611 ὑπεροχῇ
614 4532 954 4606 τιμώμενον,
1004 4531 1065 4585 ἐν
1108 4530 1201 4602 ἴσῃ
1260 4529 1321 4584 δὲ
1373 4528 1528 4594 τάξει
1579 4529 1692 4591 τοῖς
1744 4525 1927 4590 ἄλλοις

2032 4528 2294 4601 suscipit,
2324 4537 2384 4584 ut
2418 4530 2512 4602 qui
2546 4544 2657 4584 non
2690 4529 2912 4595 habeat,
2939 4531 3177 4587 scilicet.
3211 4530 3475 4604 Sequitur
3496 4551 3629 4605 ergo

298 4625 693 4699 τελειούμενόν
758 4642 820 4679 τε
879 4625 975 4679 καὶ
1026 4621 1424 4695 ἄγιαζόμενον,
1472 4619 1569 4675 καὶ
1620 4619 1919 4691 ἐπίκτητον

299 4722 502 4794 ἔχοντα
529 4717 631 4792 τὴν
672 4717 784 4773 τῶν
816 4715 1040 4787 ἀγαθῶν
1067 4714 1334 4789 χορηγίαν
1369 4729 1386 4746 ο
1410 4707 1531 4767 εἶτα
1562 4710 1682 4776 πῶς
1713 4710 1775 4765 οὐ
1804 4709 1919 4763 δια-

294 4813 572 4885 ψεύδεται
602 4809 779 4881 λέγων
805 4810 835 4864 6
866 4807 1282 4881 εὐαγγελιστὴς,
1318 4825 1336 4857 ι
1379 4805 1505 4859 Ὀτι
1555 4806 1622 4858 ἐκ
1654 4800 1749 4858 τοῦ
1782 4801 1920 4873 πλη-

293 4908 565 4981 ρώματος
611 4903 780 4960 αὑτοῦ
816 4905 978 4976 ἡμεῖς
1022 4901 1225 4965 πάντες
1252 4898 1551 4970 ἐλάϐομεν;
1584 4917 1603 4951 ι
1638 4896 1767 4962 Πῶς
1806 4895 1918 4967 γὰρ

289 5001 461 5054 ἔσται
496 4996 718 5069 πλήρης
765 4996 824 5049 ἐν
864 4994 988 5066 ,ίδίᾳ
1040 4992 1199 5063 φύσει
1252 4990 1549 5062 λαμϐάνων
1576 4989 1740 5054 αὐτὸς
1780 4990 1915 5060 παρ’

289 5091 531 5163 ἐτέρου;
574 5088 609 5160 ἢ
642 5084 761 5150 πῶς
803 5084 871 5140 ἂν
893 5084 1032 5148 ὅλως
1086 5085 1260 5137 νοοῖτο
1287 5082 1479 5154 Πατὴρ
1510 5082 1540 5134 6
1565 5079 1719 5148 Θεὸς,
1760 5080 1919 5151 εἴπερ

287 5182 422 5236 ἐστὶ
468 5179 689 5250 ποίημα
735 5177 832 5231 καὶ
880 5175 1003 5249 οὒχὶ
1051 5175 1253 5247 μᾶλλον
1302 5173 1437 5237 Υἱὸς
1481 5173 1510 5225 6
1550 5171 1864 5241 Μονογενὴς
1900 5188 1915 5239 ;

286 5272 680 5344 Ψευδώνυμος
704 5262 837 5343 γὰρ,
871 5269 937 5325 ἂν
965 5268 1140 5333 οὕτως
1162 5267 1285 5341 ἔχῃ,
1315 5266 1410 5320 καί¹
1438 5266 1601 5329 αὐτὸς
1632 5265 1788 5319 ἔσται
1808 5264 1921 5319 Πα-

288 5368 427 5440 τὴρ,
474 5363 714 5436 ἀλήθεια
766 5364 827 5418 δὲ
878 5362 1131 5435 οὐδαμῶς
1183 5362 1211 5413 6
1267 5358 1617 5426 Υίὺς,νόθον
1659 5357 1799 5430 ἔχων
1832 5356 1921 5428 ἐφ’

288 5458 485 5532 ἐαυτῷ
520 5460 585 5512 τὸ
623 5456 879 5532 ἀξίωμα,
910 5457 1007 5511 καὶ
1058 5455 1222 5529 μέχρι
1250 5452 1475 5525 γυμνῶν
1526 5452 1788 5524 ῥημάτων
1822 5450 1923 5524 τὴν

291 5550 709 5625 προσηγορίαν.
762 5550 1062 5622 Οίχὴσεται
1100 5548 1166 5620 δὴ
1208 5541 1303 5602 οὖν
1355 5546 1438 5609 είς
1485 5544 1637 5601 οὐδὲν
1670 5543 1734 5597 τὸ
1784 5541 1921 5614 σύμ-

288 5663 410 5701 παν
442 5647 600 5718 ἡμῖν,
628 5643 756 5698 οὔτε
809 5641 907 5698 τοῦ
940 5642 1159 5715 Πατρὺς
1188 5642 1309 5696 κατ’
1335 5639 1594 5712 ἀλήθειαν
1618 5637 1772 5703 ὄντος
1797 5637 1915 5693 Πα-

2027 4623 2210 4694 ipsum
2246 4631 2436 4694 aperte
2466 4622 2767 4678 dicendum
2800 4638 2925 4679 esse
2953 4633 3292 4694 creaturam,
3321 4627 3414 4696 qui
3454 4643 3625 4697 parva

2027 4714 2365 4771 excellentia
2395 4714 2488 4770 vix
2542 4714 2617 4771 sit
2651 4724 2916 4779 ornatus,
2948 4724 3003 4770 et
3047 4715 3277 4786 perinde
3323 4725 3490 4787 atque
3534 4734 3625 4775 res

2027 4814 2247 4863 caeterae
2302 4806 2630 4880 perficiatur
2682 4816 2737 4862 et
2770 4806 3175 4874 sanctiﬁcetur,
3212 4818 3268 4862 et
3316 4824 3417 4863 sua
3478 4809 3624 4865 bona

2029 4898 2255 4954 aliunde
2308 4897 2600 4971 suscipiat.
2640 4895 2712 4951 At
2761 4896 2853 4969 qui
2905 4912 3016 4952 non
3063 4898 3360 4952 mentietur
3386 4914 3624 4972 evange-

2026 4991 2158 5049 lista
2206 4991 2403 5048 dicens
2462 5010 2474 5045 :
2544 5008 2562 5042 ι
2615 4989 2756 5057 Quia
2814 4989 2883 5047 de
2940 4991 3286 5063 plenitudine
3347 4993 3469 5065 ejus
3518 5012 3622 5053 nos

2027 5101 2226 5142 omnes
2278 5084 2597 5157 accepimus
2621 5084 2703 5139 ἠ
2736 5103 2755 5138 ι
2791 5082 3080 5153 Quomodo
3122 5086 3396 5149 enimille
3424 5087 3622 5159 plenus

2028 5179 2135 5235 erit
2170 5179 2223 5233 in
2266 5194 2367 5236 sua
2397 5187 2615 5247 natura,
2642 5179 2740 5251 qui
2783 5178 2853 5234 ab
2897 5178 3012 5235 alio
3042 5180 3292 5252 accepit?
3324 5179 3435 5236 Aut
3484 5199 3625 5255 quo-

2026 5272 2217 5341 modo,
2250 5288 2462 5345 quaeso,
2492 5271 2661 5328 Pater
2682 5272 3005 5329 censebitur
3043 5288 3168 5329 esse
3214 5271 3381 5342 Deus,
3405 5273 3453 5328 si
3485 5273 3622 5330 Uni.

2026 5368 2253 5438 genitus
2291 5373 2550 5423 creatura
2580 5372 2689 5432 est,
2719 5381 2830 5421 non
2859 5373 3042 5422 autem
3071 5362 3284 5422 Filius?
3309 5364 3431 5436 Ipse
3471 5364 3620 5422 enim

2025 5460 2193 5516 Pater
2217 5456 2361 5516 falso
2391 5477 2617 5533 quoque
2654 5460 3095 5530 nuncupabitur,
3119 5466 3173 5514 et
3201 5459 3408 5514 veritas
3439 5455 3622 5511 neuti-

2029 5567 2195 5623 quam
2223 5550 2331 5607 erit
2365 5548 2564 5617 Filius,
2604 5550 2853 5621 spuriam
2887 5549 3102 5605 habens
3131 5548 3186 5603 in
3220 5548 3407 5617 seipse
3432 5542 3620 5615 digni-

2025 5650 2219 5711 tatem,
2244 5651 2297 5700 et
2327 5644 2600 5702 vocabulo
2630 5651 2796 5701 tenus
2827 5640 3272 5714 appellationem.
3300 5636 3361 5693 In
3386 5635 3619 5692 nihilum

383 5808 436 5839 “
466 5830 591 5889 Col.
646 5846 687 5901 ι,
726 5827 1033 5898 {5;llebr.
1070 5844 1109 5897 I,
1148 5829 1204 5885 δ’.
1279 5825 1727 5898 “Joan.t,52.
1804 5827 1848 5858 ι’
1878 5823 2016 5883 ibid.
2054 5824 2144 5880 ιο.
