4106 6500
518 362 619 420 ἱυθ

1517 353 1575 411 S.
1617 350 1896 409 CYRILLI
1937 347 2408 407 ALEXANDRIN!
2448 350 2773 408 ARCBIEP.

3695 361 3801 420 200

513 495 646 549 ergo
673 478 832 549 plane
859 483 1104 540 corruet,
1130 487 1260 530 cum
1291 486 1472 542 neque
1492 470 1656 528 Pater
1679 488 1804 527 vere
1827 471 1898 526 sit
1919 468 2102 530 Pater,

2208 466 2355 536 τρὸς,
2372 465 2495 520 οὔτε
2525 467 2630 538 μὴν
2654 466 2749 519 τοῦ
2771 465 2901 520 Υἱοῦ
2927 465 3082 520 τοῦτο
3101 468 3242 522 κατὰ
3262 467 3422 538 φύσιν
3439 467 3797 541 ὑπάρχοντος.

514 587 697 642 neque
732 570 904 624 Filius
939 567 1246 623 secundum
1285 572 1540 618 naturam
1589 565 1662 620 sit
1710 564 1764 618 id
1797 563 1944 634 quod
1981 576 2108 617 esse

515 664 737 718 dicitur.
789 660 887 714 Sin
947 666 1130 713 autem
1185 655 1350 710 Pater
1387 669 1515 710 vere
1563 664 1649 710 est
1698 653 1865 719 Deus,
1916 653 2107 723 utique

515 757 682 810 habet
731 754 782 808 id
830 752 990 819 cujus
1036 760 1122 806 est
1153 747 1337 815 Pater,
1368 745 1570 801 Filium
1607 743 1880 809 videlicet,
1908 746 2001 815 qui
2037 760 2107 799 ex

516 849 636 918 ipso
677 846 976 916 processit.
1034 844 1104 898 At
1138 842 1417 913 quomodo
1472 857 1569 911 per
1623 849 1874 894 naturam
1913 844 2106 894 sancta

518 938 705 992 Deitas
735 935 938 991 Filium
963 935 1280 990 sanctitatis
1317 940 1597 1004 expertem
1651 931 1856 1001 gignet,
1888 936 1944 984 et
1987 927 2107 984 fru-

515 1035 664 1082 ctum
690 1027 815 1081 edet
862 1027 978 1081 suis
1011 1024 1444 1095 proprietatibus
1487 1022 2007 1081 destitutum?Nam
2056 1022 2105 1078 si

515 1115 740 1170 aliunde
785 1113 1286 1170 sanctiﬁcationem
1330 1115 1534 1179 habet,
1570 1122 1631 1169 ut
1679 1113 1758 1167 illi
1802 1120 2102 1184 nugantur,

515 1222 744 1263 necesse
787 1214 873 1262 est
918 1205 1005 1260 vel
1053 1206 1258 1260 invitos
1309 1205 1464 1276 ipsos
1511 1205 1696 1270 fateri,
1724 1221 1835 1260 non
1887 1219 2106 1274 semper

515 1297 690 1352 fuisse
726 1305 1011 1360 sanctum,
1061 1297 1158 1351 sed
1201 1305 1318 1351 tum
1372 1296 1596 1350 demum
1647 1295 1944 1357 exstitisse,
1977 1309 2102 1349 cum

518 1387 789 1458 Spiritus,
811 1395 871 1441 ut
895 1388 1094 1444 scribit
1127 1385 1393 1452 Joannes,
1421 1386 1706 1442 descendit
1737 1401 1906 1456 super
1951 1400 2101 1441 eum.

516 1483 804 1550 Quomodo
843 1485 1011 1553 igitur
1041 1493 1271 1539 sanctus
1306 1490 1428 1537 erat
1473 1483 1640 1537 etiam
1677 1491 1806 1536 ante
1846 1481 2105 1534 incarna-

519 1576 724 1632 tionem
772 1576 934 1646 119
970 1575 1178 1631 Filius?
1199 1573 1293 1629 Sic
1326 1573 1473 1629 enim
1501 1574 1682 1643 ipsum
1708 1572 1992 1628 celebrant
2018 1585 2105 1626 se-

515 1667 728 1736 raphim
748 1668 950 1737 hymno
976 1667 1070 1720 illo
1094 1666 1322 1736 trisagio
1348 1680 1463 1736 quo
1490 1679 1594 1720 vox
1619 1661 1734 1730 illa,
1769 1663 2062 1726 «Sanctus,
2080 1681 2097 1713 ι

2214 556 2352 628 ὅπερ
2381 551 2518 610 εἶναι
2550 558 2789 626 λέγεται.
2819 558 2883 612 Et
2901 559 2958 612 δὲ
2981 560 3197 630 ἀληθῶς
3226 561 3416 632 Πατήρ
3439 564 3586 615 ἐστιν
3607 561 3801 625 ὁθεδς,

2213 647 2328 717 ἔχει
2357 647 2423 718 δὴ
2451 648 2692 714 πάντως,
2715 642 2776 702 οῦ
2797 649 2892 702 καὶ
2915 648 3033 703 ἐστι
3052 650 3265 722 Πατὴρ,
3298 651 3428 705 Υίὸν
3451 651 3694 722 δηλονότι
3712 651 3805 705 τὸν

2213 737 2276 803 ἐξ
2304 738 2490 792 αὑτοῦ.
2507 734 2641 792 Εἶτα
2667 739 2784 803 πῶς
2805 739 2995 809 ἡξκατά
3018 740 3181 809 φύσιν
3205 740 3336 810 ἁγία
3350 741 3809 812 Θεότης,ἁγιότη-

2212 845 2305 892 τος
2346 828 2554 900 ἔρημον
2580 830 2643 882 τὸ
2663 829 2723 894 ἐξ
2747 831 2918 900 αὐτῆς
2943 831 3288 899 άποτέξεται,
3305 832 3401 885 καὶ
3427 833 3632 903 γυμνὸν
3649 859 3657 867 -
3674 835 3810 904 ἡμῖν

2211 919 2324 974 τῶν
2341 920 2481 990 αὑτῇ
2503 920 2820 990 προσόντων
2849 921 3158 990 ἰδιωμάτων
3187 923 3280 976 τὸν
3305 925 3504 978 οἰκεῖον
3536 925 3810 980 ἀποδώσει

2214 1009 2428 1081 καρπόν
2447 1027 2461 1076 ;
2486 1010 2548 1063 Ei
2565 1010 2672 1080 γὰρ
2692 1009 2806 1080 ἔχει
2829 1011 2922 1064 τὸν
2939 1012 3210 1083 ἀγιασμὸν
3235 1014 3494 1080 ἐπακτὸν,
3517 1015 3592 1078 ὡς
3609 1017 3810 1068 ἐκεῖνοι

2213 1099 2507 1172 ληροῦντές
2539 1117 2703 1170 φασι·
2729 1103 2943 1173 ἀνάγκη
2995 1102 3060 1175 δὴ
3092 1106 3244 1158 πᾶσα
3303 1106 3684 1177 συνομολογεῖν
3712 1107 3812 1162 καὶ

2212 1198 2312 1267 οὐχ
2332 1198 2558 1262 ἑκόντας
2582 1197 2802 1262 αὐτοὺς,
2822 1199 2899 1262 ὡς
2926 1194 2994 1270 ἦν
3026 1201 3126 1270 μὲν
3159 1199 3314 1270 ἀγιος
3341 1203 3444 1256 οὐκ
3470 1203 3559 1257 ἀεί
3583 1221 3595 1233 ·
3616 1201 3809 1272 γέγονε

2211 1289 2270 1343 δὲ
2305 1289 2557 1362 ὕστερον,
2596 1290 2684 1344 ὅτε
2710 1293 2805 1346 καὶ
2832 1292 2893 1345 τὸ
2921 1291 3147 1363 Πνεῦμα
3177 1293 3557 1365 καταδέϐηκεν
3596 1298 3683 1349 ἐπ’
3711 1297 3814 1348 αὑ-

2211 1381 2325 1449 τὸν,
2355 1382 2432 1446 ὡς
2458 1383 2487 1434 6
2524 1384 2777 1455 Ἰωάννης
2799 1385 2935 1455 φησί
2953 1403 2967 1417 ο
3009 1385 3128 1450 πῶς
3164 1381 3258 1440 οὖν
3286 1387 3442 1456 ἅγιος
3469 1383 3537 1459 ἦν
3566 1389 3659 1441 καὶ
3698 1387 3813 1458 πρὸ

2210 1472 2312 1542 τῆς
2363 1473 2695 1544 σαρκώσεως
2731 1478 2761 1529 ὁ
2791 1476 2952 1544 Υἱός;
2992 1477 3180 1542 Οὕτως
3223 1479 3335 1550 γὰρ
3368 1479 3531 1533 αὑτὸν
3565 1478 3811 1559 ὲδρξολὸ-

2213 1581 2302 1630 γει
2332 1564 2401 1619 τὰ
2451 1567 2697 1639 σεραφὶμ
2737 1568 2829 1621 ἐπὶ
2851 1567 2947 1622 τὸν
2979 1571 3164 1642 τρίτον
3195 1570 3396 1640 ἐφεξῆς
3440 1569 3672 1642 ἀριθμὸν
3701 1571 3813 1624 ἀπδ

2211 1656 2307 1710 τοῦ
2333 1655 2575 1729 πρώτου,
2605 1658 2669 1712 τὸ
2698 1659 2868 1730 ἅγιος
2892 1661 3173 1732 στοιχηδὸν
3205 1661 3567 1732 ἀναφέροντα.
3598 1661 3812 1715 Οὐκοῦν

511 1767 598 1815 ter
628 1774 657 1812 a
686 1759 863 1829 primo
884 1758 951 1812 ad
978 1757 1200 1812 tertium
1228 1756 1525 1812 ordinatim
1556 1757 1848 1828 repetitur.
1877 1753 1937 1810 Si
1971 1771 2102 1825 ergo

2213 1744 2374 1818 εἴπερ
2398 1746 2551 1814 ἀγιος
2575 1743 2668 1818 ἦν,
2687 1751 2783 1803 καὶ
2807 1750 2915 1820 πρὸ
2941 1750 3044 1820 τῆς
3084 1751 3577 1824 ὲνανθρωπήσεως,
3607 1752 3813 1822 μᾶλλον

515 1856 740 1906 sanctus
767 1856 906 1915 erat,
942 1848 1111 1904 etiam
1143 1859 1271 1903 ante
1309 1848 1775 1910 incarnationem,
1824 1847 1935 1901 imo
1974 1862 2102 1901 vero

2210 1840 2266 1892 δὲ
2301 1840 2566 1911 ὑπάρχων
2615 1842 2703 1896 ἀεὶ
2749 1842 2891 1914 μετά
2925 1843 3022 1898 τοῦ
3066 1844 3304 1915 Πατρὸς,
3355 1844 3472 1908 πῶς
3514 1843 3684 1897 ἐδεῖτο
3713 1843 3813 1896 τοῦ

513 1954 641 1995 cum
668 1936 833 1992 Patre
891 1953 1106 2008 semper
1137 1938 1463 2004 exsistebat,
1523 1937 1807 2008 quomodo
1863 1938 2107 1992 sanctifi-

513 2038 678 2086 cante
743 2013 1055 2101 indigebat,
1119 2029 1286 2101 idque
1347 2031 1670 2088 novissimis
1741 2031 2102 2101 temporibus,

513 2122 740 2192 quando
789 2123 1052 2176 nimirum
1097 2121 1277 2178 factus
1327 2129 1414 2178 est
1461 2122 1676 2178 homo?
1724 2121 1892 2178 Miror
1922 2131 2103 2178 autem

513 2229 626 2284 quo
657 2222 816 2285 pacto
851 2214 986 2269 illud
1019 2229 1118 2270 eos
1160 2215 1335 2284 fugiat
1369 2229 1498 2270 cum
1533 2215 1741 2286 alioqui
1789 2215 2104 2272 sciscitato-

514 2321 606 2362 res
638 2306 750 2362 sint
801 2313 967 2376 atque
996 2307 1247 2363 curiosi:
1296 2307 1617 2362 necessario
1665 2308 1928 2362 nimirum
1991 2316 2107 2363 sta-

513 2398 783 2454 tuendum
811 2414 936 2454 esse
968 2399 1169 2455 Filium
1201 2399 1502 2471 aliquando
1527 2414 1691 2471 posse
1719 2414 1940 2470 quoque
1974 2415 2104 2456 san-

515 2491 759 2547 ctitatem
795 2489 1057 2560 abiicere,
1089 2491 1136 2548 si
1197 2505 1308 2546 non
1356 2502 1441 2548 est
1474 2492 1523 2546 ei
1557 2491 1965 2556 substantialis,
2007 2492 2103 2548 sed

517 2584 743 2657 perinde
767 2599 830 2638 ac
855 2585 1014 2640 nobis
1034 2593 1129 2640 aut
1155 2586 1319 2640 alicui
1352 2586 1509 2640 alteri
1540 2593 1814 2642 creatura:
1845 2586 2103 2642 rationali

515 2676 735 2732 accidit.
768 2677 927 2744 Quod
963 2689 1144 2736 autem
1178 2679 1623 2736 sanctificatione
1645 2679 1876 2745 excidit,
1919 2694 2105 2735 nonne

516 2768 680 2824 etiam
716 2769 926 2839 peccati
963 2771 1200 2826 vinculis
1240 2780 1327 2827 est
1358 2771 1685 2838 obnoxium,
1733 2779 1788 2827 et
1824 2771 1879 2827 in
1909 2773 2102 2828 vitium

515 2860 740 2923 labitur.
782 2877 890 2916 non
916 2862 1028 2932 jam
1061 2863 1306 2918 retinens
1337 2863 1391 2918 in
1425 2863 1609 2934 seipso
1668 2863 1720 2919 id
1760 2879 1874 2935 quo
1907 2865 2102 2919 vitium

513 2952 854 3022 superabat?
889 2953 1060 3024 Igitur
1091 2970 1160 3010 ne
1206 2956 1609 3024 immutabilem
1639 2957 1860 3027 quidem
1900 2956 2102 3012 Filium

512 3048 933 3116 comperiemus,
973 3054 1026 3102 et
1057 3045 1352 3104 Psalmista
1381 3063 1606 3120 quoque
1647 3048 1949 3104 mentietur
1973 3063 2102 3105 cum

513 3134 568 3189 in
615 3133 824 3206 Spiritu
879 3137 948 3192 ad
987 3137 1170 3208 ipsum
1217 3139 1461 3194 clamat:
1527 3159 1546 3192 ι
1599 3139 1682 3196 Tu
1721 3135 1906 3196 autem
1959 3141 2102 3196 idem

512 3226 633 3294 ipse
658 3243 718 3282 es
741 3229 814 3283 ’⁸.
855 3247 874 3280 ι
924 3226 1226 3295 Praeterea,
1271 3230 1406 3285 illud
1437 3246 1661 3302 quoque
1697 3233 2104 3288 observandum

512 3329 615 3381 est.
651 3320 798 3390 quod
829 3321 1023 3375 eodem
1058 3323 1342 3392 pertinet:
1386 3323 1672 3388 nimirum,
1705 3322 1760 3377 id
1787 3321 1936 3394 quod
1981 3338 2106 3392 par-

517 3409 708 3481 ticipat
743 3413 888 3466 aliud
922 3413 1115 3483 procul
1149 3412 1318 3470 dubio
1347 3415 1611 3485 quiddam
1637 3431 1761 3472 esse
1788 3424 1987 3471 natura
2037 3415 2106 3471 ab

513 3515 582 3555 eo
607 3502 752 3571 quod
785 3497 1170 3574 partieipaiur.
1202 3503 1338 3560 Nam
1373 3507 1420 3562 si
1448 3522 1642 3562 verum
1674 3507 1822 3564 istud
1855 3523 1964 3562 non
1997 3515 2104 3570 cst,

517 3607 620 3647 nec
656 3594 890 3649 alterum
920 3596 990 3651 ab
1020 3596 1196 3652 altero
1222 3599 1335 3653 ullo
1365 3598 1532 3654 modo
1569 3599 1775 3669 diﬂ'ert,
1832 3601 2106 3672 suiipsius

517 3681 795 3750 particeps
830 3683 938 3738 erit
967 3685 1345 3758 quodcunque
1381 3697 1470 3744 est
1523 3689 1763 3761 alicujus
1805 3693 2103 3763 particeps,

514 3771 664 3840 quod
723 3774 809 3828 vel
859 3777 1104 3845 cogitare
1162 3787 1250 3834 est
1287 3779 1778 3838 absurdissimum.
1816 3782 2106 3850 Quomodo

512 3863 658 3919 enim
685 3864 888 3936 aliquis
915 3868 1002 3923 sui
1033 3871 1307 3941 particeps
1337 3887 1461 3928 esse
1484 3875 1846 3931 censebitur?
1865 3875 2020 3944 Quod
2053 3877 2102 3934 si

515 3955 754 4010 naturali
781 3955 1109 4014 diversitate
1149 3959 1387 4016 invicem
1423 3963 1516 4018 illa
1547 3967 1864 4022 necessario
1893 3967 2105 4024 discre-

512 4054 666 4115 pant,
697 4047 921 4103 videant
943 4050 1037 4120 qui
1070 4049 1370 4122 Unigenito
1417 4051 1687 4124 Spiritum
1721 4072 1846 4113 esse
1871 4067 2106 4114 conten-

511 4137 650 4192 dunt
673 4154 772 4209 per
807 4141 1313 4212 participationem.
1365 4156 1640 4223 quantam
1663 4148 1720 4202 in
1757 4149 2102 4219 impietatem

512 4230 685 4284 nescii
735 4231 1098 4302 praecipitent.
1130 4231 1268 4288 Nam
1310 4236 1356 4290 si
1412 4237 1694 4308 particeps
1743 4238 1985 4308 Spiritus
2019 4251 2105 4296 est

512 4320 708 4388 Filius,
741 4333 969 4380 sanctus
1004 4335 1186 4381 autem
1219 4335 1416 4384 natura
1447 4337 1531 4385 est
1559 4329 1824 4399 Spiritus,
1859 4347 1968 4386 non
1997 4333 2104 4386 erit

512 4422 740 4470 sanctus
774 4416 890 4484 ipse
917 4431 1016 4486 per
1041 4423 1320 4482 naturam,
1358 4421 1456 4477 sed
1487 4421 1716 4477 alterius
1751 4421 2104 4492 conjunctio-

2214 1933 2550 2001 ἁγιάζοντος,
2582 1934 2860 1989 καὶτοῦτο
2884 1937 2944 1989 ὲν
2985 1936 3234 2008 ὑπέροις
3265 1939 3492 2008 καιροῖς,
3537 1938 3626 1991 ὅτε
3653 1937 3816 2005 γέγο-

2213 2043 2300 2080 νεν
2353 2026 2642 2099 ἄνθρωπος
2674 2044 2690 2094 ;
2724 2028 3003 2099 Θαυμάζω
3033 2029 3090 2082 δὲ
3135 2029 3284 2092 ὅπως
3337 2029 3537 2094 αὐτοὺς
3589 2029 3816 2085 κάκεῖνο

2211 2119 2486 2184 λανθάνει,
2521 2119 2698 2174 καίτοι
2735 2120 2856 2175 λίαν
2885 2121 3044 2185 ὄντας
3087 2121 3482 2192 φιλοζητητάς’
3517 2121 3686 2192 ἢγάρ
3708 2120 3816 2173 οὐκ

2210 2212 2429 2284 ἀνάγκη
2459 2215 2623 2280 νοεῖν,
2647 2213 2906 2269 δύνασθαί
2935 2231 3066 2268 ποτε
3099 2213 3191 2267 τὸν
3215 2214 3344 2269 Υἱὸν
3375 2215 3470 2268 καὶ
3498 2213 3817 2268 ἀποπτύσαι

2209 2306 2303 2357 τὸν
2331 2304 2623 2374 ἀγιασμὸν,
2651 2306 2808 2377 εἴπερ
2825 2306 2925 2358 οὑκ
2944 2304 3091 2358 ἐστιν
3123 2303 3386 2374 οὑσιώδης
3411 2305 3469 2356 ὲν
3498 2302 3665 2373 αὐτῷ,
3692 2318 3820 2355 συν-

2211 2395 2310 2468 έϐη
2333 2397 2390 2450 δὲ
2420 2395 2610 2467 ὥσπερ
2639 2398 2791 2467 ἡμῖν,
2824 2397 2919 2451 καὶ
2941 2395 3115 2468 ἑτέρῳ
3149 2397 3248 2449 τινὶ
3277 2396 3385 2448 τῶν
3423 2395 3658 2463 λογικῶν
3689 2411 3817 2447 κτι-

2212 2489 2476 2560 σμάτων;
2501 2489 2575 2542 T6
2601 2483 2658 2543 δὲ
2691 2490 2978 2560 ἁγιότητος
3013 2489 3268 2553 ἐκπεσὸν,
3321 2487 3442 2557 οὐχὶ
3486 2487 3550 2556 δὴ
3592 2487 3817 2550 πάντως

2209 2579 2366 2634 ἔσται
2396 2581 2493 2634 καὶ
2546 2581 2652 2634 ὑπὸ
2679 2582 2748 2635 τά
2770 2582 2870 2652 τῆς
2915 2581 3192 2653 ἁμαρτίας
3218 2579 3415 2651 δεσμὰ,
3450 2579 3544 2632 καὶ
3587 2576 3817 2633 ὀκλάσει

2210 2671 2350 2742 πρὸς
2380 2671 2440 2725 τὺ
2477 2674 2678 2742 χεῖρον,
2711 2673 2897 2726 οὐκέτι
2915 2672 3183 2737 διασῶζον
3214 2671 3351 2742 πρὸς
3376 2670 3438 2722 τὸ
3472 2669 3818 2739 φαυλότητος

2210 2763 2316 2832 ἔξω
2335 2763 2589 2834 γενέσθαι
2619 2763 2846 2830 ποιοῦν;
2875 2762 3085 2818 Οὐκοῦν
3134 2763 3254 2816 οὐδὲ
3287 2761 3645 2823 ἀναλλοίωτος
3675 2761 3816 2828 ἡμῖν

2209 2859 2240 2911 6
2282 2856 2415 2923 Υίδς
2460 2855 2848 2928 εὑρεθήσεται,
2879 2854 3230 2925 διαψεὺσεται
3265 2853 3323 2908 δὲ
3347 2852 3441 2907 καὶ
3488 2855 3517 2906 6
3553 2849 3816 2922 Μελῳδὸς

2211 2951 2270 3004 έν
2298 2949 2600 3019 Πνεὺματι,
2634 2966 2652 3000 ι
2707 2948 2781 3002 Σὺ
2812 2947 2869 3002 δὲ
2906 2949 2936 3000 6
2979 2946 3142 3011 αὐτὸς
3171 2941 3241 3014 εί,
3293 2963 3312 2997 ι
3349 2944 3507 3015 βοιῖιν,
3549 2944 3626 3006 ὡς
3668 2941 3818 3014 πρὸς

2212 3043 2395 3097 αὐτόν.
2433 3040 2578 3114 Πρὸς
2607 3039 2663 3093 δέ
2695 3057 2760 3108 γε
2791 3042 2906 3104 τοῖς
2939 3039 3254 3111 εἰρημένοις
3286 3035 3689 3110 περιαθρείσθω
3712 3033 3818 3088 καὶ

2211 3131 2391 3197 τοῦτο,
2424 3130 2661 3201 συγγενῆ
2688 3131 2791 3201 τὴν
2808 3128 3044 3200 Θεωρίαν
3075 3122 3351 3199 ἐίσφέρον,
3393 3126 3488 3180 τοῦ
3519 3123 3818 3196 μετίσχον-

2207 3241 2299 3288 τος
2332 3224 2395 3277 τδ
2435 3222 2801 3294 μετεχόμενον
2830 3221 3016 3291 ἕτερόν
3042 3237 3094 3273 τι
3131 3219 3272 3274 κατά
3312 3218 3410 3292 τὴν
3439 3217 3599 3287 φύσιν
3630 3215 3819 3286 ὑπάρ-

2207 3332 2343 3387 χειν,
2373 3314 2710 3370 ἀπαστισοῦν
2745 3313 3045 3382 ἀναγκάσει
3079 3310 3254 3380 λόγος.
3298 3311 3362 3364 Εἰ
3389 3309 3497 3381 γὰρ
3531 3309 3607 3382 μὴ
3648 3307 3818 3362 τοῦτό

2207 3411 2356 3462 ἐστιν
2394 3405 2592 3478 ἀληθὲς
2619 3447 2633 3470 ,
2663 3405 2856 3459 διοίσει
2889 3405 2946 3458 δὲ
2991 3406 3112 3458 κατ’
3146 3403 3341 3457 οὐδένα
3393 3403 3595 3476 τρόπον
3627 3401 3817 3456 έκεῖνο

2208 3501 2348 3573 πρὸς
2387 3499 2547 3554 τοῦτο
2569 3538 2584 3563 ,
2617 3499 2712 3552 καὶ
2763 3497 2880 3552 ἔστι
2909 3497 3129 3563 ταυτὸν,
3159 3495 3355 3550 ἑαυτοῦ
3391 3495 3620 3566 μέτοχον
3649 3493 3813 3548 ἔσται

2206 3593 2270 3646 τό
2305 3609 2450 3654 τινος
2496 3589 2742 3661 μετέχον,
2776 3589 2916 3660 ὅπερ
2948 3587 3066 3641 ἐστὶ
3097 3588 3193 3642 καὶ
3226 3586 3388 3658 μόνον
3434 3587 3636 3640 ἐννοεῖν
3678 3584 3816 3638 ἀπί-

2209 3683 2388 3737 θανον.
2437 3681 2563 3746 Πῶς
2589 3679 2700 3752 γάρ
2724 3679 2791 3736 άν
2821 3696 2906 3744 τις
2950 3678 3147 3732 ἑαυτοῦ
3185 3681 3358 3731 νοοῖτο
3390 3675 3751 3749 μετεσχηκώς
3794 3694 3810 3744 ;

2207 3773 2273 3826 Εἰ
2299 3772 2357 3826 δὲ
2401 3774 2580 3826 κεῖται
2613 3772 2832 3835 πάντως
2880 3771 2940 3825 ἐν
2987 3770 3271 3841 ἑτερότητι
3316 3771 3519 3840 φυσικῇ
3549 3771 3616 3840 τῇ
3667 3769 3815 3839 πρὸς

2207 3863 2413 3935 ἄλληλα
2441 3865 2509 3918 τά
2547 3864 2836 3936 εἰρημένα,
2879 3863 2974 3918 καὶ
3001 3862 3280 3933 διατέμνει
3320 3862 3480 3931 λόγος
3508 3862 3814 3930 ἀναγκαῖος

2207 3956 2368 4020 αὑτά,
2400 3957 2686 4028 ὁράτωσαν
2708 3959 2756 4010 ot
2779 3958 2844 4010 ὲκ
2866 3957 3100 4028 μετοχῆς
3125 3956 3186 4009 τὸ
3216 3955 3441 4026 Πνεῦμα
3461 3954 3695 4016 διδόντες
3727 3953 3814 4026 τῷ

2207 4049 2506 4117 Μονογενεῖ
2533 4086 2548 4112 ,
2589 4047 2728 4118 πρὸς
2792 4047 2924 4118 ὅσην
2986 4046 3490 4108 κατολισθαίνοντες
3548 4043 3812 4098 ἀσέϐειαν

2205 4141 2307 4194 οὐκ
2335 4140 2699 4194 αἰσθάνονται.
2729 4139 2790 4191 Et
2815 4139 2924 4210 γὰρ
2947 4140 3174 4210 μέτοχός
3216 4139 3334 4192 ἐστι
3361 4137 3811 4208 τοῦεηνεὺματος

2205 4234 2234 4286 6
2261 4232 2410 4298 Υίδς,
2436 4232 2592 4300 διγιον
2612 4231 2671 4284 δὲ
2703 4233 2768 4302 τῇ
2801 4231 2961 4300 φύσει
2988 4231 3051 4285 τὸ
3079 4230 3306 4303 Πνεῦμά
3328 4232 3499 4295 ἐστιν,
3520 4230 3618 4283 οὐκ
3648 4229 3808 4284 ἔσται

2207 4324 2347 4378 κατά
2379 4323 2542 4392 φύσιν
2573 4322 2730 4390 ἅγιος
2764 4322 2947 4385 αὑτός·
2986 4320 3200 4392 ἐδείχθη
3247 4321 3305 4375 δὲ
3348 4320 3507 4374 τοῦτο
3542 4320 3698 4390 μόλις
3733 4323 3806 4393 τῇ

2207 4415 2343 4486 πρὸς
2367 4415 2556 4486 ἕτερον
2590 4413 2901 4485 συμπλοκῇ,
2932 4413 3068 4483 πρὸς
3106 4412 3168 4467 τὸ
3192 4413 3490 4485 ἀμεινον,ἢ
3520 4414 3578 4465 ὲν
3603 4405 3805 4483 οἷσπερ

512 4521 583 4562 ne
607 4507 701 4560 vix
735 4505 953 4562 tandem
985 4507 1122 4564 illud
1161 4519 1499 4568 consecutus
1550 4522 1658 4578 est,
1689 4513 1758 4569 ad
1817 4515 2098 4570 meliorem

2208 4505 2273 4581 ἦν
2339 4509 2522 4580 ἀρχῇ,
2572 4506 2715 4562 κατά
2787 4507 2947 4578 χάριν
3012 4507 3590 4577 μεταστοιχειούμενος
3621 4519 3634 4534 ’
3683 4505 3805 4559 ἀλλ’

512 4601 721 4649 statum
749 4609 913 4666 quam
950 4596 1110 4653 initio
1140 4613 1239 4668 per
1282 4601 1520 4671 gratiam
1572 4600 1936 4659 reformatus.
1990 4603 2099 4660 Sed

510 4685 696 4742 videat
724 4701 922 4742 rursus
954 4687 1049 4744 Dei
1081 4689 1258 4747 hostis
1295 4699 1562 4763 quantam
1598 4693 1653 4748 in
1691 4693 2098 4752 absurditatem

495 4778 606 4834 ’illa
628 4779 904 4836 desinant.
931 4779 1175 4839 Primum
1199 4783 1345 4839 enim
1384 4786 1776 4843 alterationem
1795 4789 2098 4860 quamdam

511 4877 567 4924 et
599 4872 981 4938 mutationem,
1021 4873 1187 4932 sicuti
1216 4876 1331 4947 jam
1367 4883 1531 4933 antea
1593 4877 1734 4945 dixi,
1793 4881 2100 4950 comperie-

510 4977 636 5018 mus
692 4977 818 5020 esse
843 4965 899 5020 in
930 4963 1114 5023 Filio:
1154 4967 1203 5023 si
1257 4975 1504 5025 mutatus
1536 4979 1720 5026 autem
1754 4971 1847 5038 sit,
1905 4979 1967 5027 ut
2000 4987 2098 5028 vos

510 5055 701 5120 vultis,
729 5064 784 5111 et
813 5056 1110 5127 profecerit
1149 5058 1206 5114 in
1262 5060 1484 5124 melius,
1517 5060 1681 5118 Patre
1734 5064 1926 5121 nescio
1952 5080 2097 5136 quo-

509 5145 671 5202 modo
706 5148 888 5204 minor
918 5157 1026 5214 cst,
1092 5149 1191 5206 sed
1220 5161 1276 5207 et
1320 5151 1501 5222 major
1559 5153 1781 5209 demum
1816 5155 1928 5223 fiet,
1985 5171 2098 5228 quo

510 5247 670 5307 pacto
699 5255 852 5306 vero,
886 5239 1159 5307 dicemus,
1189 5257 1256 5296 ex
1295 5241 1600 5315 Scriptura:
1629 5245 1831 5304 divinae
1858 5250 2098 5306 auctori-

509 5336 638 5383 tate.
697 5328 864 5386 Divus
917 5329 1125 5386 Paulus
1162 5333 1230 5388 de
1283 5332 1404 5404 ipso
1440 5337 1648 5393 alicubi
1701 5338 1862 5396 iniit:
1916 5360 1934 5394 ι
1976 5339 2092 5398 Hoc

510 5422 711 5477 sentite
750 5421 804 5476 in
843 5422 1022 5487 vobis,
1053 5423 1199 5493 quod
1234 5434 1288 5480 et
1318 5427 1374 5481 in
1397 5426 1618 5484 Christo
1642 5428 1802 5486 Jesu:
1836 5433 1931 5503 qui
1963 5447 2092 5488 cum

508 5509 560 5563 in
599 5510 773 5565 forma
809 5512 904 5566 Dci
933 5523 1100 5580 esset,
1138 5531 1246 5571 non
1271 5520 1518 5588 rapinam
1544 5522 1844 5581 arbitratus
1862 5534 1946 5580 est
1970 5541 2094 5581 esse

505 5617 564 5658 se
591 5599 860 5674 aequalcin
896 5605 1028 5672 Deo,
1063 5608 1160 5663 sed
1205 5614 1562 5684 semetipsum
1597 5617 1920 5686 exiuanivit,
1975 5618 2094 5675 for-

569 5781 778 5838 “Ps-al.
800 5797 874 5852 cr,
909 5783 990 5840 l3.

2205 4599 2389 4670 ὁράτω
2412 4598 2575 4652 πάλιν
2606 4600 2634 4652 6
2667 4597 2955 4668 θεομάχος,
2987 4598 3070 4661 είς
3117 4599 3250 4670 ὅσην
3303 4599 3453 4669 αὑτῷ
3484 4596 3806 4651 δυσσέϐειαν

2206 4691 2577 4765 καταστρέφει
2606 4690 2678 4744 τὰ
2725 4690 3110 4762 προϐλήματα.
3160 4689 3388 4759 Πρῶτον
3437 4692 3534 4761 μὲν
3564 4689 3674 4761 γὰρ
3705 4689 3808 4744 ἀλ-

2205 4784 2422 4848 λοίωσις
2452 4801 2536 4848 τις
2590 4784 2684 4838 καὶ
2707 4782 2906 4856 τροπὴ,
2941 4782 3196 4854 καθάπερ
3218 4783 3319 4855 ήδη
3354 4785 3636 4855 προεῖπον,
3671 4783 3808 4854 περὶ

2203 4880 2296 4934 τὸν
2325 4879 2454 4933 Υἱδν
2499 4877 2856 4950 εὑρεθήσεται
2887 4894 2901 4908 ο
2930 4876 3242 4940 ἀλλοιωθεὶς
3265 4876 3324 4930 δὲ
3350 4875 3474 4929 καθ’
3505 4877 3672 4947 ὑμᾶς,
3705 4877 3805 4930 καὶ

2207 4970 2488 5044 προκόψας
2519 4970 2613 5023 ἐπὶ
2636 4967 2698 5022 τὸ
2718 4969 2962 5040 ἄμεινον,
2993 4968 3093 5037 οὑχ
3121 4968 3270 5030 ὅπως
3302 4965 3543 5020 ἐλάττων
3567 4965 3683 5019 ἐστὶ
3705 4965 3802 5020 τοῦ

2198 5063 2435 5136 Πατρὸς,
2469 5061 2585 5118 ἀλλ’
2616 5062 2720 5134 ἠδη
2766 5077 2886 5123 πως
2928 5059 3022 5112 καὶ
3057 5061 3116 5112 ιν
3169 5057 3384 5128 μείζοσι
3417 5055 3658 5127 γεγονὼς
3685 5056 3800 5111 δει-

2195 5157 2478 5230 χθήσεταν
2510 5155 2606 5222 καὶ
2619 5155 2789 5220 ὅπως,
2818 5150 3074 5224 ἐροῦμεν,
3100 5150 3209 5205 ἀπὸ
3231 5150 3332 5220 τῆς
3359 5149 3508 5214 θείας
3542 5147 3800 5214 λαϐόντες

2197 5248 2441 5321 Γραφῆςο
2483 5245 2541 5301 ’0
2575 5243 2863 5308 θεσπέσιος
2893 5241 3106 5306 Παῦλος
3138 5242 3266 5314 περὶ
3286 5237 3458 5296 αὑτοῦ
3494 5241 3599 5294 ποὺ
3637 5257 3796 5312 φησιο

2207 5364 2224 5396 ι
2253 5341 2426 5397 Τοῦτο
2457 5337 2722 5414 φρονείτω
2757 5337 2989 5400 ἕκαστος
3027 5337 3086 5391 ὲν
3117 5337 3268 5407 ὑμῖν,
3297 5335 3326 5388 ὃ
3359 5336 3454 5389 καὶ
3496 5335 3555 5389 ὲν
3574 5331 3798 5405 Χριστῷ

2214 5433 2412 5506 Ἰησοῦ,
2439 5432 2496 5496 ὃς
2533 5433 2591 5486 ὲν
2634 5431 2816 5502 μορφῇ
2862 5426 3000 5482 Θεοῦ
3042 5427 3339 5498 ὑπάρχων,
3371 5427 3468 5496 οὐχ
3503 5423 3795 5496 ἁρπαγμὸν

2202 5528 2448 5601 ἡγήσατο
2479 5524 2539 5578 τὸ
2573 5518 2712 5577 εἶναι
2747 5521 2837 5576 ἴσα
2866 5519 3006 5591 Θεῷ,
3041 5519 3155 5573 ἀλλ’
3186 5520 3378 5572 ἑαυτὸν
3407 5519 3640 5572 ἐκένωσε
3665 5533 3796 5588 μορ-

2203 5621 2310 5691 φὴν
2343 5617 2530 5673 δούλου
2562 5613 2764 5682 λαϐὼν,
2796 5615 2856 5670 ὲν
2891 5611 3199 5683 ὁμοιώματι
3228 5610 3530 5682 ἀνθρώπων
3563 5608 3796 5681 γενόμε..
