4106 6516
337 377 439 430 ‘23!

1416 376 1485 428 ΙΝ
1526 372 1812 429 JOANNIS
1849 367 2303 430 EVANGELIUM
2343 375 2472 436 LIB.
2507 376 2571 433 11.

3529 373 3639 439 εοε

333 504 453 556 νος,
480 489 577 541 καὶ
608 488 850 560 σχήματι
876 488 1120 561 εὑρεθεὶς
1148 490 1225 553 ὼς
1245 489 1551 561 ἄνθρωπος,
1581 481 1946 543 ἐταπείνωσεν

2061 503 2197 542 mam
2230 494 2374 547 servi
2428 495 2729 563 accipiens,
2795 494 2850 550 in
2892 495 3310 554 similitudinem
3350 497 3638 557 hominum

332 582 539 638 ἑαυτόν
562 599 579 615 ·
615 599 639 632 ›
683 582 775 636 ὅτε
819 581 1001 637 τοίνυν
1042 582 1149 653 πρὸ
1192 582 1292 652 μὲν
1337 585 1436 654 τῆς
1482 581 1947 653 ὲνανθρωπήσεως

328 671 408 748 ἦν
446 675 511 730 ἐν
542 676 730 746 μορφῇ
765 674 860 728 καὶ
911 673 1122 746 ἰσότητι
1168 674 1263 727 τοῦ
1314 672 1531 744 Πατρὸς
1553 712 1567 736 ,
1597 671 1741 726 κατὰ
1766 671 1824 724 δὲ
1854 671 1948 724 τὸν

329 766 443 839 τῆς
478 766 956 838 ἐνανθρωπήσεως
985 766 1178 838 χρόνον
1205 766 1267 820 τὸ
1299 765 1525 835 Πνεῦμα
1557 763 1738 817 λαϐὼν
1760 761 1821 827 ἐξ
1859 761 1951 814 οὑ-

335 859 513 931 ρανοῦ
543 858 789 931 ἡγιάσθη
835 859 956 913 κατ’
1004 859 1268 922 ἐκείνους,
1307 859 1574 930 κρείττων
1623 873 1682 909 τε
1713 856 1830 925 ἅμα
1855 854 1950 907 καὶ

337 953 553 1024 μείζων
588 950 787 1007 ἑαυτοῦ
832 951 923 1005 διὰ
961 949 1168 1023 ταύτην
1197 951 1573 1022 ἀναπέφανται
1615 947 1715 1021 τὴν
1747 946 1948 1010 αἰτίαν,

332 1046 638 1118 ὑπεραίρει
689 1045 936 1117 δηλονότι
994 1045 1183 1101 λοιπὸν
1230 1045 1418 1100 καὶτὸ
1463 1042 1559 1099 τοῦ
1593 1044 1951 1115 γεννήσαντος

337 1139 571 1212 μέτρον.
604 1139 718 1195 Καὶ
743 1139 878 1192 εἰτὸ
899 1138 1127 1210 Πνεῦμα
1154 1137 1337 1193 λαϐὼν
1357 1139 1439 1201 είς
1464 1136 1524 1191 τὸ
1550 1134 1953 1208 ὑπερεπέκεινα

334 1232 437 1286 τοῦ
490 1230 714 1303 Πατρὺς
759 1230 1105 1301 ἀναϐέϐηκεν
1149 1230 1389 1303 ἀξίωμα,
1421 1232 1668 1301 κρεῖττον
1698 1228 1807 1297 ἄρα
1834 1228 1953 1281 ἐστὶ

332 1323 401 1378 τὸ
438 1323 677 1394 Πνεῦμα
724 1325 819 1377 καὶ
875 1324 1042 1381 αὐτοῦ
1091 1323 1344 1396 Πατρδς,
1387 1323 1486 1394 τὴν
1526 1326 1644 1378 κατ’
1672 1323 1834 1378 αὐτοῦ
1876 1321 1954 1395 τῷ

333 1416 464 1486 Υἱῷ
516 1412 883 1488 χαριζόμενον
921 1416 1216 1487 ὑπεροχήν.
1258 1415 1356 1478 Τίς
1407 1410 1499 1467 οὖν
1539 1414 1650 1485 ἄρα
1695 1413 1955 1484 καὶπρὸς

338 1510 525 1581 μόνην
552 1511 656 1563 οῦκ
701 1507 997 1580 άποφρίξει
1041 1507 1140 1580 τὴν
1184 1509 1355 1580 ἀκοήν
1382 1525 1396 1574 ;
1428 1507 1677 1562 Χαλεπὸν
1710 1508 1808 1578 μὲν
1842 1507 1956 1579 γὰρ

334 1602 523 1667 ὅντως
551 1601 643 1657 καὶ
670 1600 732 1655 τὸ
771 1600 860 1655 διὰ
892 1600 1001 1655 τῶν
1032 1599 1288 1655 τοιούτων
1327 1600 1464 1654 ίέναι
1493 1599 1668 1669 λόγων
1694 1616 1705 1629 ·
1742 1598 1859 1652 ἔστι
1892 1611 1957 1666 γε

338 1695 463 1768 μὴν
490 1697 590 1766 οὐχ
617 1694 825 1766 ἑτέρως
859 1693 932 1747 τὰ
958 1694 1025 1747 ἐκ
1054 1694 1155 1764 τῆς
1192 1692 1417 1747 ἐκείνων
1446 1691 1776 1762 δυστροπίας
1819 1693 1958 1745 ἀπο-

334 1786 692 1860 κρούσασθαι
744 1786 941 1858 βλάϐη.
985 1786 1081 1841 Διὸ
1109 1785 1174 1858 δὴ
1228 1784 1393 1839 πάλιν
1433 1782 1673 1856 ἐροῦμεν
1727 1783 1910 1846 αὐτοῖς
1937 1801 1952 1814 ·

334 1881 390 1933 εί
413 1880 508 1933 ὅτε
537 1878 767 1948 γέγονεν
801 1877 1090 1952 ἄνθρωπος
1122 1879 1151 1932 6
1175 1876 1270 1931 τοῦ
1299 1876 1435 1931 Θεοῦ
1468 1877 1641 1946 Λόγος
1667 1876 1953 1946 ἁγιάζεται

333 1973 406 2026 τὸ
438 1972 676 2041 Πνεῦμα
724 1969 910 2025 λαϐὼν
932 1988 945 2002 ·
988 1970 1096 2043 πρὸ
1147 1968 1205 2023 δὲ
1239 1969 1340 2040 τῆς
1392 1966 1860 2040 ὲνανθρωπήσεως
1886 1963 1954 2038 ἦν

342 2062 407 2114 ὲν
436 2063 620 2132 μορφῇ
651 2061 748 2113 καὶ
779 2059 988 2131 ἰσότητι
1015 2057 1109 2112 τοῦ
1139 2058 1374 2131 Πατρὸς,
1400 2056 1553 2113 οὔπω
1574 2057 1694 2112 κατ’
1711 2058 1955 2121 ἐκείνους

348 2153 711 2224 ἠγιασμένος,
746 2151 868 2224 ὥρα
893 2151 1077 2221 λέγειν
1110 2151 1623 2224 ἀποτολμήσαντας,
1659 2149 1815 2220 ἅγιον
1853 2151 1956 2204 οὐκ

345 2241 489 2303 εἷναι
513 2246 611 2301 τὸν
643 2245 779 2325 Θεὸν
811 2246 903 2300 καὶ
935 2245 1179 2318 Πατέρα,
1220 2244 1378 2315 εἴπερ
1408 2244 1546 2307 ὅλως
1574 2245 1604 2297 6
1632 2242 1957 2314 σύμμορφός

336 2357 403 2393 τε
464 2339 568 2394 καὶ
620 2339 738 2402 ἴσος
775 2338 930 2410 αὐτῷ
962 2339 1105 2393 κατὰ
1132 2338 1310 2394 πάντα
1340 2337 1535 2407 Λόγος,
1570 2334 1728 2404 ἅγιος
1766 2336 1868 2389 οὐκ
1888 2331 1957 2406 ἦν

338 2435 404 2486 ἐν
444 2432 616 2504 ἀρχῇ,
649 2433 709 2486 ἐν
737 2432 990 2502 ὑστέροις
1023 2430 1081 2484 δὲ
1122 2430 1275 2501 μόλις
1307 2429 1470 2484 τοῦτο
1497 2429 1691 2499 γέγονε
1722 2430 1956 2499 καιροῖς.

340 2522 464 2576 Καὶ
503 2523 701 2577 πάλινο
736 2525 785 2576 εἰ
824 2524 991 2587 αὑτός
1018 2525 1135 2577 ἐστι
1181 2522 1385 2595 κυρίως
1414 2524 1444 2575 ό
1486 2521 1582 2576 τοῦ
1620 2520 1754 2577 Θεοῦ
1785 2520 1960 2589 Λόγος

338 2615 408 2669 τὸ
464 2614 702 2686 Πνεῦμα
732 2614 1034 2687 λαμϐάνων
1053 2657 1069 2685 ,
1100 2617 1196 2670 καὶ
1230 2613 1592 2685 ἁγιαζόμενος
1625 2615 1684 2669 ὲν
1718 2613 1826 2684 ίδίᾳ
1856 2610 1960 2682 φύ-

344 2724 456 2773 σει,
493 2706 815 2777 λεγέτωσαν
870 2710 1004 2780 ἡμῖν
1044 2711 1093 2764 οί
1145 2709 1211 2765 δι’
1250 2707 1519 2773 ἐναντίας,
1552 2707 1783 2779 πότερόν
1826 2720 1979 2763 ποτε

351 2795 565 2865 μείζων
596 2796 796 2850 ἑαυτοῦ
832 2798 1116 2869 γέγονενῆ
1149 2797 1468 2868 ὲλάττων,ἢ
1513 2799 1609 2852 καὶ
1649 2798 1865 2869 ἔμεινεν
1903 2790 1981 2852 ἐν’

304 2901 310 2905 ‘
353 2889 650 2962 ταυτότητι
688 2889 849 2944 τοῦτο
899 2890 1109 2945 παθών.
1142 2890 1204 2946 Ei
1261 2891 1362 2962 μὲν
1407 2890 1518 2963 γὰρ
1557 2891 1710 2945 οὐδὲν
1759 2892 1826 2944 ἐκ
1865 2890 1960 2944 τοῦ

356 2981 683 3053 Πνεῦματος
713 2983 829 3054 ἔχει
857 2983 919 3035 τὺ
944 2982 1128 3049 πλέον,
1162 2982 1317 3052 μένει
1348 2982 1407 3036 δὲ
1441 2982 1585 3036 οὕτω
1609 2981 1866 3053 καθάπερ
1892 2977 1961 3054 ἦν

344 3073 376 3127 6
400 3073 595 3140 αὐτὸς,
641 3073 719 3146 μὴ
755 3072 1112 3138 σκανδαλίζου
1148 3073 1466 3144 μανθάνων,
1515 3073 1600 3127 ὅτι
1648 3071 1963 3145 καταϐέϐη-

344 3183 448 3220 κεν
485 3168 577 3220 ὲπ⁹
609 3166 798 3220 αὐτόν.
833 3167 898 3219 El
926 3165 983 3220 δὲ
1023 3164 1256 3237 ἠδικήθη
1303 3164 1505 3232 λαϐὼν,
1531 3166 1626 3220 καὶ
1652 3166 1878 3237 γέγονεν
1903 3168 1962 3220 ἐν

344 3256 607 3313 ἐλάττοσι
630 3298 645 3324 ,
677 3255 927 3328 παθητὸν
972 3256 1105 3327 ἡμῖν
1147 3255 1405 3319 εἰσοίσεις
1457 3254 1552 3309 τὸν
1610 3255 1786 3325 Λόγον
1814 3296 1829 3322 ,
1864 3256 1961 3309 ml.

345 3351 772 3423 κατηγορήσεις
808 3348 913 3421 τῆς
977 3348 1167 3413 οὐσίας
1220 3348 1314 3405 τοῦ
1354 3349 1570 3421 Πατρὸς
1593 3389 1610 3415 ,
1644 3348 1961 3413 ἀδικοῦντος

351 3444 604 3515 μᾶλλον,
649 3442 683 3514 ἢ
739 3442 1082 3513 ἁγιάζοντος.
1126 3442 1193 3495 Ei
1238 3441 1297 3496 δὲ
1344 3441 1587 3513 ἀμείνων
1640 3440 1853 3513 ἐδείχθη
1900 3441 1962 3494 τὸ

350 3535 593 3606 Πνεῦμα
610 3534 816 3601 λαϐὼν,
846 3530 915 3607 ἦν
947 3535 1007 3589 δὲ
1030 3536 1127 3590 καὶ
1158 3536 1218 3589 ἐν
1263 3537 1446 3606 μορφῇ
1483 3535 1578 3588 καὶ
1619 3535 1827 3605 ἰσότητι
1867 3535 1961 3588 τοῦ

350 3630 600 3700 Πατρός,
636 3629 732 3683 καὶ
786 3629 918 3701 πρὶν
951 3629 1114 3682 αὐτὸν
1143 3627 1501 3699 βελτιωθῆναι
1529 3626 1655 3681 καθ’
1679 3627 1964 3699 ῦμᾶς,οὐκ

349 3724 434 3788 εἰς
492 3723 783 3793 ἀκρότητα
831 3720 989 3792 δόξης
1040 3721 1387 3790 ἀναϐέϐηκεν
1419 3723 1448 3774 6
1485 3720 1705 3791 Πατὴρ,
1748 3718 1865 3773 ἀλλ’
1904 3719 1963 3771 ὲν

350 3816 595 3878 ἐκείνοις
635 3814 790 3869 ἔσται
839 3817 955 3879 τοῖς
991 3814 1231 3885 μέτροις,
1260 3814 1319 3867 ἐν
1348 3807 1546 3884 οἷσπερ
1586 3808 1654 3884 ἦν
1685 3813 1783 3865 σὺν
1813 3810 1963 3882 αῦτῷ

350 3904 696 3977 σύμμοριρός
743 3921 806 3958 τε
843 3904 940 3959 καὶ
999 3904 1117 3968 ἴσος
1160 3903 1428 3975 ὑπάρχων
1463 3905 1493 3957 6
1520 3901 1659 3974 πρὸς
1690 3902 1752 3955 τὸ
1774 3902 1963 3972 μεῖζον

348 3993 613 4065 ἐναπηδή
621 4009 723 4056 σας
759 3992 912 4057 Υίός.

428 4176 713 4247 Βῦκαιρον
762 4169 860 4227 οὖν
904 4168 1060 4244 οἶμαι
1118 4171 1297 4240 λέγειν
1333 4170 1425 4224 ἐπὶ
1462 4171 1576 4233 τοῖς
1617 4168 1965 4232 ἀπαιδεύτοις

354 4271 723 4341 αἱρετικοῖᾳ·
809 4286 827 4319 ι
869 4267 1003 4322 Ἰδοὺ
1062 4266 1191 4329 λαὸς
1250 4265 1471 4336 μωρὸς,
1531 4263 1626 4318 καὶ
1682 4261 1960 4334 ἀκάρδιος·

353 4361 638 4432 ὀφθαλμοὶ
672 4360 894 4424 αὐτοῖς,
933 4359 1030 4412 καὶ
1062 4358 1125 4412 οῦ
1162 4356 1472 4427 βλέπουσιν.
1504 4373 1522 4406 ›
1580 4355 1964 4425 Ἀπετύφλωσε

353 4455 466 4527 γάρ
501 4455 679 4518 ὅντως
707 4455 736 4507 6
768 4452 903 4515 Θεὸς
933 4450 1027 4505 τοῦ
1059 4450 1256 4514 αἰῶνος
1282 4448 1476 4502 τούτου
1496 4448 1568 4501 τὰ
1584 4448 1835 4518 νοήματα
1854 4447 1965 4501 τῶν

2052 579 2254 645 factus,
2302 593 2357 639 et
2410 587 2573 656 120
2632 587 2823 642 habitu
2897 590 3159 646 inventus
3191 600 3253 646 ut
3302 590 3489 658 homo,
3529 592 3641 648 hu-

2051 676 2287 732 miliavit
2318 682 2679 750 semetipsum
2704 682 2770 736 ”.
2812 702 2831 735 ι
2896 684 3036 739 Cum
3067 700 3201 755 ergo
3230 694 3358 740 ante
3381 687 3641 742 incarna-h

2051 767 2258 823 tionem
2307 780 2459 827 esset
2515 772 2574 826 in
2608 772 2784 829 forma
2816 781 2870 828 et
2922 777 3239 846 aequalitate
3277 776 3483 844 Patris,
3541 779 3642 836 sed

2052 860 2458 918 incarnationis
2533 871 2784 933 tempore
2848 866 3075 922 caelitus
3128 876 3356 938 accepto
3426 868 3639 940 Spiritu

2051 952 2436 1010 sanetiﬁcatus
2467 955 2565 1018 sit,
2601 963 2660 1009 ut
2688 955 2765 1010 illi
2794 957 3010 1021 volunt,
3048 959 3353 1029 meliorque
3384 968 3437 1016 et
3462 961 3641 1033 major

2053 1045 2237 1114 seipso
2297 1045 2440 1101 hanc
2490 1048 2561 1103 ob
2620 1063 2848 1104 causam
2912 1049 3190 1116 redditus,
3252 1051 3433 1121 major
3468 1053 3639 1109 etiam

2051 1134 2215 1191 Patre
2243 1135 2425 1193 factus
2456 1145 2541 1194 est
2574 1137 2854 1195 videlicet.
2886 1136 3036 1206 Jam,
3064 1141 3110 1194 si
3143 1151 3379 1210 accepto
3423 1141 3642 1213 Spiritu

2053 1228 2197 1283 ultra
2230 1228 2556 1300 dignitatem
2582 1227 2764 1288 Patris
2792 1238 2879 1288 est
2909 1240 3160 1296 evectus,
3187 1234 3447 1304 superior
3475 1235 3647 1303 igitur

2052 1322 2285 1393 estipso
2327 1338 2552 1393 quoque
2606 1322 2769 1380 Patre
2819 1323 3092 1394 Spiritus,
3148 1325 3245 1396 qui
3286 1325 3645 1382 eminentiam

2054 1413 2223 1470 Patre
2254 1416 2522 1486 majorem
2547 1414 2690 1472 Filio
2721 1417 2975 1489 largitur.
3001 1416 3142 1484 Quis
3173 1433 3307 1489 ergo
3337 1418 3424 1474 vel
3453 1418 3646 1473 auditu

2054 1505 2174 1562 solo
2205 1520 2315 1560 non
2352 1507 2764 1564 exhorrescat?
2794 1507 3086 1565 Enimvero
3134 1524 3305 1579 grave
3339 1516 3428 1565 est
3464 1506 3651 1580 profe-

2057 1608 2149 1654 cto
2181 1599 2526 1669 ejuscemodi
2558 1601 2729 1656 verba
2766 1600 2981 1656 facere:
3027 1600 3127 1656 sed
3173 1601 3337 1657 aliter
3373 1615 3486 1658 non
3514 1615 3648 1673 pos-

2058 1707 2251 1748 sumus
2273 1707 2464 1748 eorum
2494 1693 2898 1764 malignitatem
2932 1693 3256 1750 retundere.
3281 1693 3466 1761 Quare
3496 1696 3651 1767 ipsos

2060 1785 2261 1841 iterum
2292 1785 2684 1857 aggrediemur
2713 1786 2800 1843 his
2845 1787 3074 1843 verbis:
3110 1786 3333 1853 Si,cum
3373 1788 3540 1844 homo
3568 1786 3652 1843 fa‘e

2054 1882 2205 1930 ctum
2242 1884 2326 1931 est
2357 1875 2453 1932 Dei
2486 1873 2750 1943 Verbum,
2776 1884 2909 1933 tunc
2931 1886 3158 1948 accepto
3183 1878 3397 1948 Spiritu
3430 1879 3647 1935 sancti-

2059 1965 2278 2031 ficatur,
2321 1975 2450 2021 aute
2481 1966 2921 2023 incarnationem
2960 1982 3097 2024 vero
3127 1969 3185 2024 in
3227 1968 3404 2025 forma
3436 1977 3561 2027 erat
3593 1977 3652 2025 et

2056 2055 2370 2124 aequalitate
2412 2054 2620 2123 Patris,
2674 2056 2943 2124 nondum,
2987 2072 3054 2114 ex
3112 2072 3307 2113 eorum
3343 2061 3649 2129 sententia,

2058 2147 2523 2204 sanctificatum:
2595 2149 2849 2220 sequitur
2923 2151 3252 2208 necessario
3325 2152 3648 2218 dicendum,

2058 2239 2232 2296 Deum
2262 2255 2328 2296 ac
2365 2239 2586 2298 Patrem
2618 2257 2731 2298 non
2786 2256 2911 2298 esse
2971 2251 3229 2299 sanctum
3284 2243 3361 2310 si,
3424 2259 3551 2301 eum
3598 2246 3651 2300 ei

2060 2332 2345 2390 conforme
2373 2344 2428 2389 et
2456 2336 2670 2404 aequale
2700 2331 2948 2390 Verbum
2992 2335 3070 2391 sit
3104 2336 3160 2389 in
3195 2335 3477 2401 omnibus,
3523 2352 3655 2393 san-

2060 2435 2209 2481 ctum
2246 2436 2432 2483 tamen
2479 2442 2592 2482 non
2640 2434 2762 2484 erat
2814 2428 3111 2499 principio,
3176 2428 3276 2484 sed
3328 2430 3652 2486 novissimis

2061 2519 2409 2601 temporibus
2439 2520 2531 2575 vix
2583 2521 2808 2577 tandem
2845 2531 3100 2578 sanctum
3150 2520 3271 2577 fuit.
3320 2520 3598 2579 Praeterea
3634 2539 3649 2576 :

2061 2611 2112 2666 si
2148 2611 2325 2681 ipsqu
2352 2620 2440 2668 est
2467 2614 2691 2685 proprie
2735 2613 2831 2670 Dei
2871 2613 3141 2680 Verbum,
3174 2613 3326 2685 quod
3372 2614 3645 2686 Spiritum

2063 2704 2264 2775 accipit
2290 2712 2345 2760 et
2384 2706 2441 2760 in
2472 2715 2678 2762 natura
2714 2721 2815 2763 sua
2839 2707 3246 2774 sanetilieatur,
3270 2707 3460 2763 dicant
3490 2707 3653 2763 nobis

2060 2794 2386 2862 adversarii,
2412 2802 2600 2851 utrum
2634 2783 2854 2853 tandem
2885 2798 3071 2868 seipso
3110 2797 3291 2867 majus
3334 2797 3544 2853 factum
3575 2797 3653 2855 sit

2062 2891 2160 2940 aut
2177 2885 2382 2951 minus,
2417 2895 2514 2942 aut
2537 2901 2605 2942 eo
2635 2896 2865 2958 accepto
2898 2887 2956 2942 in
2988 2887 3184 2943 eodem
3219 2897 3366 2944 statu
3402 2905 3656 2961 permane

2063 2976 2220 3032 serit.
2240 2974 2379 3031 Nam
2409 2976 2458 3032 si
2496 2978 2734 3048 amplius
2767 2977 2908 3034 nihil
2944 2978 3117 3036 habet
3153 2989 3382 3049 accepto
3413 2979 3652 3052 Spiritu,

2062 3070 2159 3126 sed
2192 3069 2442 3142 idipsum
2475 3079 2662 3127 manet
2702 3070 2855 3143 quod
2895 3080 3039 3138 erat,
3075 3072 3194 3127 noli
3248 3072 3465 3128 turbari
3523 3088 3654 3128 cum

2063 3162 2308 3219 audieris
2348 3162 2617 3235 Spiritum
2642 3165 2700 3220 in
2731 3179 2861 3221 eum
2891 3164 3279 3222 descendisse.
3320 3164 3477 3232 Quod
3506 3167 3556 3223 si
3587 3181 3655 3222 eo

2063 3265 2324 3326 suscepto
2374 3256 2772 3313 detrimentum
2828 3258 3057 3328 aliquod
3106 3267 3162 3313 et
3207 3258 3657 3317 imminutionem

2064 3349 2352 3414 sustinuit,
2385 3349 2614 3420 patibile
2644 3349 2807 3405 nobis
2848 3348 3090 3405 Verbum
3120 3356 3355 3417 statues,
3391 3357 3449 3407 et
3474 3350 3657 3407 Patris

2063 3441 2429 3499 substantiam
2459 3442 2768 3511 incusabis,
2805 3442 2900 3513 qui
2956 3442 3221 3499 damnum
3275 3442 3448 3500 infert
3471 3445 3658 3515 potius

2063 3549 2228 3604 quam
2262 3533 2596 3592 sanctificat.
2625 3533 2724 3590 Sin
2755 3540 2942 3591 autem
2966 3542 3194 3606 accepto
3222 3534 3431 3608 Spiritu
3464 3537 3660 3593 melior

2063 3624 2298 3680 effectus
2349 3634 2477 3680 est:
2516 3633 2637 3680 erat
2670 3631 2854 3681 autem
2912 3623 2966 3680 in
3029 3620 3208 3681 forma
3234 3633 3289 3680 et
3344 3626 3663 3696 aequalitate

2064 3713 2268 3782 Patris,
2302 3716 2468 3771 etiam
2502 3723 2799 3786 antequam
2831 3716 3031 3772 melior
3055 3715 3401 3786 redderetur,
3442 3726 3503 3772 ut
3534 3732 3663 3774 sen~

2064 3808 2183 3865 titis
2210 3825 2226 3875 ;
2258 3806 2425 3864 Pater
2447 3807 2731 3880 fastigium
2756 3809 2950 3880 gloriae
2983 3823 3094 3864 non
3124 3810 3328 3881 attigit,
3361 3810 3458 3867 sed
3484 3812 3539 3867 in
3570 3828 3663 3868 eo-

2065 3900 2190 3957 dem
2220 3901 2330 3955 erit
2365 3906 2516 3957 statu
2546 3900 2603 3955 in
2630 3914 2744 3971 quo
2783 3908 2906 3965 erat
2933 3915 3060 3956 cum
3098 3900 3221 3972 ipso
3271 3903 3580 3962 conformis
3609 3916 3664 3961 et

2066 3990 2297 4062 aequalis
2321 3990 2412 4046 ille
2432 3989 2630 4057 Filius,
2660 3991 2755 4061 qui
2790 3990 2860 4047 ad
2887 3990 3313 4051 eminentiorem
3344 4001 3550 4051 statum
3575 4007 3664 4052 est

2067 4092 2313 4141 evectus.

2139 4174 2462 4247 Opportune
2514 4175 2703 4246 itaque
2759 4175 2830 4231 de
2884 4175 3163 4246 imperitis
3216 4177 3492 4234 haeretlcis
3551 4178 3661 4235 dici

2069 4278 2284 4341 potest:
2328 4288 2347 4321 ι
2383 4268 2525 4325 Ecce
2547 4269 2786 4339 populus
2810 4268 3015 4325 stultus
3042 4276 3099 4326 et
3119 4268 3241 4326 sine
3267 4271 3437 4327 corde
3466 4289 3480 4327 :
3513 4273 3662 4327 oeuli

2068 4363 2173 4430 eis,
2208 4371 2262 4418 et
2320 4376 2430 4417 non
2492 4361 2686 4417 vident
2707 4358 2778 4414 ".
2824 4380 2843 4413 ι
2908 4359 3224 4417 Excaecavit
3257 4363 3405 4417 enim
3465 4378 3661 4420 revera

2069 4453 2216 4510 Deus
2248 4454 2437 4509 szeculi
2472 4452 2643 4524 hujus
2669 4453 2840 4509 corda
2867 4453 3196 4520 infidelium,
3230 4469 3301 4509 ne
3324 4455 3664 4513 illuminatio

353 4548 650 4611 ἀπίστων,
702 4547 784 4608 είς
832 4544 894 4597 τὸ
956 4543 1033 4614 μὴ
1099 4541 1340 4611 αὐγάσαι
1385 4540 1479 4594 τὸν
1528 4539 1808 4609 φωτισμὸν
1865 4537 1958 4592 τοῦ

2066 4545 2347 4616 Evangelii
2373 4545 2563 4616 gloriae
2595 4543 2807 4599 Christi
2834 4545 2917 4601 eis
2945 4544 3168 4601 illuceat
3188 4544 3254 4599 ³⁸.
3283 4544 3497 4609 Quibus
3514 4556 3665 4603 certe

353 4636 705 4706 Εὖαγγελίου
739 4637 840 4708 τῆς
868 4634 1028 4705 δόξης
1059 4633 1153 4686 τοῦ
1179 4631 1419 4703 Χριστοῦ
1444 4647 1457 4661 ·
1494 4628 1576 4694 οἷς
1607 4630 1673 4701 δὴ
1700 4631 1795 4685 καὶ
1828 4630 1963 4701 μᾶλ-

350 4732 449 4785 λον
480 4726 890 4798 ὲπαλγύνεσθαι
912 4726 1048 4789 δεῖν,
1082 4726 1144 4777 οῦ
1169 4724 1520 4795 χαλεπαίνειν
1548 4721 1718 4788 ἄξιον.
1751 4722 1828 4776 Οὐ
1852 4723 1961 4795 γὰρ

350 4829 567 4885 ἴσασιν,
603 4823 640 4878 δι
680 4821 1152 4892 ἁναγινώακουσιν
1175 4837 1190 4851 ·
1252 4823 1333 4875 ὅτι
1372 4820 1430 4874 δὲ
1474 4819 1682 4891 ἀληθὴς
1720 4822 1747 4873 6
1780 4820 1959 4888 λόγος,

348 4918 622 4975 ἐντεῦθεν
656 4920 791 4987 ἡμῖν
827 4917 982 4971 ἔσται
1012 4915 1341 4985 καταφανὲς,
1379 4917 1427 4967 εί
1474 4916 1568 4968 καὶ
1608 4915 1689 4968 ὅτι
1724 4913 1962 4984 μάλιστα

344 5015 444 5069 διὰ
507 5009 625 5065 τῶν
690 5010 794 5081 ήδη
859 5008 1436 5081 προγεγυμνασμὲνων
1462 5047 1476 5071 ,
1552 5006 1652 5059 οὐκ
1711 5005 1960 5075 ἄκομψον

346 5099 750 5170 ἐποιησάμεθα
777 5098 875 5170 τὴν
914 5098 1192 5164 ἀπόδειξιν
1217 5112 1231 5126 ·
1289 5097 1423 5150 αὐτὸ
1454 5096 1510 5149 δὲ
1537 5096 1701 5149 πάλιν
1732 5097 1865 5166 ἡμῖν
1902 5095 1963 5148 τὸ

345 5195 443 5250 διὰ
476 5193 583 5264 τῆς
611 5191 707 5245 τοῦ
752 5186 970 5245 Παύλου
997 5188 1322 5259 λελεγμένον
1356 5187 1543 5256 φωνῆς
1572 5188 1959 5258 προστήσεται.

354 5304 375 5339 ι
407 5285 596 5339 Τοῦτο
639 5282 930 5354 φρονείτω,
967 5280 1154 5352 φησὶν,
1185 5280 1416 5342 Exacto;
1442 5281 1500 5331 ἐν
1518 5278 1648 5347 ὑμῖν
1685 5277 1892 5344 αὐτοῖς,
1933 5277 1963 5329 ὃ

349 5379 453 5434 καὶ
499 5380 560 5431 ὲν
588 5371 814 5446 Χριστῷ
847 5371 1055 5443 Ἰησοῦ,υ
1084 5370 1144 5433 ὃς
1184 5372 1242 5423 ὲν
1276 5372 1459 5441 μορφῇ
1494 5368 1631 5422 Θεοῦ
1672 5368 1958 5439 ὑπάρχων,

345 5476 457 5547 οὐχ
484 5470 787 5544 ἁρπαγμὸν
816 5468 1066 5539 ἡγήσατο
1092 5467 1156 5520 τὸ
1179 5461 1319 5520 εἶναι
1351 5463 1442 5518 ἴσα
1469 5462 1610 5538 Θεῷ,
1633 5462 1749 5518 ἀλλ’
1769 5463 1960 5517 ἑαυτὸν

346 5568 606 5623 ἐκένωσε
634 5562 848 5635 μορφὴν
874 5560 1067 5615 δούλου
1091 5556 1294 5625 λαϐὼν,
1327 5560 1387 5612 ὲν
1411 5556 1722 5630 ὁμοιώματι
1752 5557 1964 5630 ἀνθρώ-

345 5676 483 5715 πων
509 5656 828 5728 γενόμενος,
864 5655 959 5708 καὶ
991 5654 1230 5724 σχήματι
1263 5651 1511 5723 εὑρεθεὶς
1545 5650 1623 5713 ὡς
1650 5648 1960 5722 ἄνθρωπος,

2072 4638 2428 4694 indolendum
2458 4637 2643 4708 potius
2661 4651 2825 4708 quam
2860 4635 3214 4693 irascendum
3249 4636 3519 4704 arbitror;
3551 4652 3662 4694 non

2070 4729 2216 4784 enim
2259 4729 2576 4799 intelligunt
2623 4740 2746 4799 quae
2794 4728 3006 4797 legunt.
3060 4725 3265 4782 Verum
3305 4733 3493 4784 autem
3541 4742 3666 4785 esse

2069 4823 2216 4892 quod
2262 4821 2409 4888 dico,
2450 4822 2579 4878 hinc
2626 4819 2987 4876 manifestum
3036 4818 3199 4875 nobis
3231 4818 3362 4884 erit,
3414 4818 3546 4874 licet
3593 4833 3663 4875 ex

2074 4916 2228 4985 121
2261 4915 2328 4970 iis
2354 4929 2477 4985 quae
2507 4914 2773 4969 hactenus
2800 4911 3100 4981 disceptata
3134 4918 3285 4977 sunt,
3317 4924 3428 4965 non
3454 4910 3666 4967 insulse

2068 5009 2122 5063 id
2175 5007 2759 5062 demonstraverimus.
2832 5002 2937 5060 Sed
2999 5002 3155 5057 Pauli
3205 5002 3413 5059 dictum
3471 5018 3666 5060 rursus

2071 5104 2428 5170 proltonetur.
2483 5114 2501 5149 ι
2542 5096 2657 5152 lloc
2705 5096 2930 5162 sentite,
2968 5094 3168 5165 inquit,
3212 5094 3273 5150 in
3301 5093 3481 5159 vobis.
3515 5093 3669 5166 quod

2068 5200 2125 5247 et
2160 5192 2215 5245 in
2263 5189 2484 5245 Christo
2527 5187 2686 5253 Jesu.
2724 5189 2823 5260 qui
2858 5203 2983 5244 cum
3028 5188 3086 5243 in
3130 5187 3309 5243 forma
3343 5187 3440 5243 Dei
3483 5197 3666 5255 esset,

2067 5299 2179 5338 non
2218 5281 2468 5351 rapinam
2509 5280 2813 5336 arbitratus
2840 5288 2929 5337 est
2963 5294 3085 5336 esse
3127 5294 3186 5335 se
3213 5277 3480 5347 aequalem
3510 5276 3624 5335 Deo
3647 5316 3665 5344 ,

2067 5371 2165 5428 sed
2199 5371 2556 5441 semetipsum
2582 5368 2891 5425 exinanivit
2929 5367 3162 5424 formam
3205 5366 3352 5423 servi
3390 5364 3667 5432 accipiens

2069 5466 2127 5520 in
2149 5463 2562 5521 similitudinem
2583 5461 2865 5517 hominum
2887 5458 3083 5529 factus,
3110 5466 3164 5514 et
3192 5457 3382 5513 habitu
3411 5456 3668 5510 inventus

2071 5565 2136 5614 ut
2184 5557 2383 5624 homo,
2418 5554 2734 5611 humiliavit
2774 5555 3157 5624 semetipsum.
3226 5568 3246 5602 ι
3294 5547 3438 5605 Ecce
3476 5547 3668 5617 utique

2074 5649 2273 5706 Filium
2303 5662 2656 5720 summopere
2680 5646 2936 5715 miratur,
2978 5650 3168 5716 utpote
3205 5641 3301 5714 qui
3335 5638 3411 5698 sit
3436 5636 3670 5710 aequalis

430 5838 488 5872 “
513 5838 760 5911 Philipp.
787 5851 853 5900 ιι,
882 5835 999 5892 5-8.
1078 5835 1125 5867 ’⁸
1155 5833 1357 5890 Jcrcm.
1393 5850 1447 5901 v,
1482 5834 1574 5889 2i.
1652 5833 1696 5864 ’⁸
1730 5830 1771 5887 ll
1807 5830 1932 5887 Cor.
1971 5846 2044 5897 tv,
2073 5830 2126 5886 4.

658 5932 931 5998 ΡΑτιιοι.
977 5928 1092 5989 Gn.
1134 5927 1397 5989 LXXIII.

3234 5900 3268 5975 7
