4106 6488
547 379 658 432 ’ἱεῖῖ
1524 356 1581 407 ς..
1626 346 1899 405 CYIiiHJ
1932 339 2155 396 ALEXA

2263 333 2400 391 RlNl
2432 330 2748 387 AliClllEP.

3709 311 3810 362 9.οὶ

549 502 604 547 et
635 480 933 543 conformis
965 478 1074 532 Deo
1111 491 1178 529 ec
1221 472 1391 535 Patri,
1434 484 1610 538 neque
1639 475 1819 519 tamen
1867 459 2001 516 illud
2047 471 2136 510 ra-

2258 451 2602 505 ;ταπείνωσεν
2626 443 2841 499 ἑαυτόν.
2877 461 2895 494 ι
2933 438 3060 493 Ἰδοὺ
3087 437 3151 505 δὴ
3182 433 3300 486 λίαν
3324 424 3703 497 ἀποθαυμάζει
3728 422 3817 476 τὸν

2276 542 2327 547 “’“
2442 541 2455 547 ’
2538 538 2560 547 ’⁸
2730 536 2741 547 “
2810 534 2831 547 "
3046 530 3059 544 ‘
3114 544 3205 547 κηλ-
3224 542 3281 547 ---
3302 539 3426 547 ---μη
3476 516 3551 547 -.".'.
3577 514 3696 547 Ωρὶτι
3727 513 3817 547 υηι

551 580 726 652 puerit
753 581 972 647 prOpter
999 568 1321 624 charitatem
1360 562 1508 617 illam
1550 561 1606 614 in
1646 572 1769 620 nos,
1814 551 1910 609 sed
1939 550 2009 605 ad
2035 549 2138 602 hu-

554 673 840 727 militatem
867 658 1231 721 descendet-it,
1253 664 1479 723 accepta
1511 651 1652 706 servi
1682 648 1878 708 forma,
1899 640 2143 697 exinani-

549 773 641 818 tus
687 764 910 830 propter
954 750 1376 807 humanitatem.
1421 743 1490 795 At
1538 741 1606 803 si,
1643 744 1869 806 accepto
1894 733 2137 802 Spiritu,

551 853 724 923 magis
770 845 1146 904 sanetilicatus
1189 847 1295 902 est,
1347 851 1471 890 cum
1523 834 1690 887 homo
1747 830 1927 884 factus
1961 832 2063 889 est,
2090 832 2145 879 et

551 921 736 1016 scipso
780 941 971 997 melior
1020 937 1199 991 factus
1243 940 1329 988 est
1372 935 1596 999 propter
1628 921 2140 979 sanctiﬁcationem,

553 1029 608 1095 in
654 1052 817 1109 quam
855 1031 1216 1089 humilitatem
1246 1039 1370 1081 cum
1413 1018 1764 1077 descendisse
1792 1010 2141 1070 videbimus?

552 1102 841 1196 Quomodo
883 1123 1204 1190 depressum
1254 1122 1339 1169 est
1374 1112 1428 1165 id
1489 1106 1633 1179 quod
1682 1113 1769 1161 est
1809 1102 2141 1161 exaltatum,

554 1217 830 1291 quomodo
876 1209 1162 1268 descendit
1211 1204 1358 1277 quod
1411 1198 1817 1257 sanctificatum
1879 1199 1985 1253 est,
2051 1197 2145 1244 aut

555 1309 835 1384 quomodo
879 1320 991 1361 non
1035 1299 1285 1358 ascendit
1318 1296 1505 1367 potius
1551 1299 1605 1347 et
1655 1292 1710 1343 in
1759 1285 1956 1340 melius
2022 1297 2147 1337 eve-

559 1375 707 1459 ctum
747 1400 1119 1465 est?ccquam
1158 1391 1322 1445 habet
1345 1387 1701 1442 inanitionem
1727 1380 1818 1434 illa
1843 1393 1929 1448 pet
1974 1375 2147 1446 Spiri~

557 1507 673 1551 tum
714 1488 990 1561 impletio?
1018 1482 1294 1556 quomodo
1319 1479 1559 1547 denique
1594 1479 1819 1545 propter
1854 1484 1960 1524 nos
1981 1467 2148 1521 homo

559 1588 741 1642 factus
789 1578 1122 1641 censebitur,
1171 1579 1379 1627 tantam
1433 1569 1487 1623 in
1520 1567 1638 1622 suis
1683 1564 1849 1619 rebus
1886 1565 2148 1629 expertus

558 1673 888 1734 utilitatem?
918 1667 1205 1737 Quomodo
1251 1670 1475 1735 propter
1528 1672 1631 1713 nos
1670 1655 1852 1710 factus
1891 1657 1977 1708 est
2022 1663 2150 1719 pau-

558 1785 654 1841 per
683 1766 764 1834 ”,
805 1764 897 1833 qui
936 1766 1157 1832 propter
1188 1770 1288 1812 nos
1322 1751 1690 1820 locupletatus
1721 1745 1841 1802 est?
1874 1738 2147 1813 quomodo

557 1875 688 1917 vero
718 1859 875 1914 dives
896 1860 1015 1908 erat
1041 1851 1206 1905 etiam
1220 1853 1349 1901 ante
1379 1843 1702 1903 adventum,
1734 1837 1832 1907 qui
1860 1835 1876 1890 i

557 1957 747 2011 ventu,
781 1955 842 2000 ut
877 1944 961 1999 illi
996 1940 1263 2002 sentiunt,
1298 1933 1512 2004 accepit
1560 1929 1706 2001 quod
1745 1943 1856 1984 non
1888 1924 2142 1989 habebat,

562 2040 823 2095 nimirum
875 2029 1174 2103 Spiritum?
1224 2033 1320 2081 aut
1365 2022 1646 2094 quomodo
1695 2034 1808 2075 non
1849 2017 2034 2088 potius
2082 2028 2145 2068 ea

560 2135 686 2203 jure
714 2127 877 2183 nobis
920 2124 1041 2194 ipse
1082 2120 1229 2175 dona
1272 2116 1499 2181 rel‘erat,
1536 2112 1738 2184 quibus
1786 2116 2009 2180 propter
2047 2120 2147 2160 nos

563 2200 874 2278 cumulatus
906 2214 1028 2268 est?
1086 2227 1105 2261 ι
1144 2206 1458 2275 Obstupuit,
1494 2213 1551 2258 ut
1596 2200 1865 2270 scriptum
1898 2205 2005 2263 est,
2034 2210 2149 2249 cte-

565 2314 677 2369 lum
706 2323 873 2378 super
907 2307 1010 2359 hoc
1044 2321 1057 2356 :
1090 2298 1395 2368 obstupuit,
1437 2301 1493 2349 et
1519 2289 1795 2348 inhorruit
1821 2302 1989 2358 supra
2028 2298 2149 2339 mo-

564 2402 720 2462 dum,
765 2396 903 2451 dicit
956 2389 1242 2445 Dominus.
1292 2384 1411 2439 Duo
1458 2382 1608 2437 enim
1657 2392 1848 2435 revera
1906 2384 1962 2431 et
2008 2373 2153 2429 mala

569 2492 700 2548 fecit
737 2508 756 2540 ι
791 2483 1195 2541 haereticorum
1217 2495 1236 2529 ι
1268 2474 1501 2547 populus
1530 2474 1575 2505 ²⁹
1601 2512 1617 2535 ,
1651 2489 1670 2522 ι
1709 2484 1820 2525 non
1841 2465 2151 2535 intelligens

566 2584 704 2657 quid
742 2582 914 2643 dicat,
947 2588 1125 2643 neque
1151 2572 1217 2627 de
1265 2568 1467 2639 quibus
1513 2564 1765 2624 afﬁrmet,
1810 2558 1952 2614 etin
1986 2557 2152 2611 rebus

567 2679 711 2736 tanti
784 2670 1047 2730 momenti
1106 2664 1414 2738 periculum
1472 2660 1631 2715 adire
1692 2670 1804 2710 non
1868 2657 2149 2724 gravatur.

568 2768 790 2839 Alioqui
821 2764 965 2821 enim
993 2775 1113 2815 cum
1138 2770 1334 2827 magna
1360 2754 1412 2808 vi
1440 2753 1834 2821 lacrymarum,
1867 2752 1922 2799 et
1947 2741 2153 2813 ingenti

569 2864 810 2919 clamore
866 2855 972 2927 ipsi
1025 2862 1248 2923 quoque
1293 2844 1572 2901 dixerint:
1621 2858 1639 2890 ι
1670 2839 1847 2902 Pone,
1888 2834 2151 2896 Domine,

566 2951 878 3010 custodiam
908 2946 993 3001 ori
1028 2956 1174 3003 meo,
1209 2946 1265 2993 et
1294 2937 1496 2993 ostium
1539 2927 1967 2987 circumstantia:
1996 2924 2155 2979 labiis

572 3042 726 3097 meis.
768 3037 848 3093 Nc
884 3032 1133 3089 declines
1165 3040 1263 3082 cor
1286 3038 1471 3079 meum
1503 3021 1559 3074 in
1589 3019 1755 3075 verba
1784 3015 2009 3083 malitia:
2036 3014 2148 3093 ³⁸.)

570 3134 749 3190 Verba
777 3129 927 3186 enim
950 3122 1201 3194 profecto
1240 3122 1370 3172 sunt
1395 3112 1638 3176 malitias,
1668 3124 1789 3180 quae
1816 3106 2155 3162 auditoribus

573 3234 885 3283 extremum
912 3218 1175 3272 damnum
1207 3208 1460 3264 aﬂ‘erunt.
1505 3204 1613 3260 Sed
1644 3217 1744 3257 nos
1771 3215 1961 3256 eorum
1998 3198 2158 3268 nugis

573 3320 643 3374 de
665 3314 835 3372 corde
863 3315 1056 3366 nostro
1078 3301 1347 3374 expulsis,
1376 3298 1445 3354 ad
1471 3303 1675 3353 rectam
1704 3295 1827 3349 lidei
1850 3291 2158 3347 doctrinam

575 3417 988 3468 convertemur,
1018 3399 1172 3455 illius
1205 3396 1335 3452 dicti
1367 3405 1676 3448 memores:
1723 3407 1742 3440 (
1782 3386 2029 3443 Consilia
2060 3382 2159 3439 de-

579 3505 881 3561 struentes,
932 3502 989 3548 et
1037 3502 1256 3544 omnem
1309 3481 1651 3538 altitudinem
1695 3477 2054 3534 extollentem
2101 3488 2163 3529 se

537 3593 849 3648 'adversus
901 3582 1188 3641 scientiam
1237 3578 1354 3641 Dei,
1404 3582 1459 3630 et
1491 3575 1558 3653 in.
1583 3571 1955 3642 captivitatem
2013 3564 2163 3621 redi-

544 3694 775 3759 ‘gentes
832 3693 1052 3736 omnem
1111 3674 1445 3731 intellectum
1518 3669 1576 3725 in
1630 3667 1788 3736 122
1835 3659 2161 3732 obsequium

578 3755 791 3837 Christi
820 3776 887 3830 εί.
921 3793 939 3826 ι
977 3773 1090 3843 Age
1118 3784 1271 3840 ergo,
1305 3773 1546 3821 mentem
1586 3773 1811 3831 quoque
1831 3763 2080 3811 nostram
2108 3755 2164 3808 in

582 3866 925 3943 explicandis
978 3864 1145 3919 rebus
1192 3856 1495 3933 propositis
1521 3851 1801 3921 captivam
1857 3848 2164 3912 ducentes,

577 3978 704 4020 eam
727 3958 1085 4026 subjiciamus
1116 3952 1303 4024 gloria:
1334 3943 1638 4015 Unigeniti,
1664 3940 1846 3996 omnia
1871 3938 2170 4009 prudenter

583 4052 882 4110 referentes
912 4047 978 4100 ad
1014 4044 1133 4115 ejus
1175 4036 1523 4108 obsequium,
1573 4032 1679 4085 hoc
1708 4037 1793 4084 est
1823 4027 1888 4082 ad
1919 4028 2169 4082 incarna-

568 4136 756 4198 tionis
786 4140 1075 4194 rationem.
1122 4152 1145 4185 ι
1195 4130 1335 4187 Cum
1366 4126 1513 4181 enim
1550 4128 1702 4179 esset
1736 4120 1911 4185 dives,
1943 4124 2168 4186 propter

587 4250 688 4291 nos
715 4246 921 4304 pauper
947 4222 1132 4283 factus
1162 4229 1268 4285 est,
1305 4227 1366 4273 ut
1391 4232 1494 4272 nos
1528 4215 1651 4283 ejus
1686 4220 2005 4282 paupertate
2028 4208 2169 4263 dita-

586 4302 774 4382 remur
799 4323 867 4375 ³¹.
904 4340 922 4372 ι
957 4317 1162 4385 Accipe
1188 4325 1339 4373 vero,
1373 4309 1416 4362 si
1440 4308 1619 4376 juvat,
1646 4303 1810 4357 etiam
1846 4316 1912 4356 ex
1951 4302 2020 4356 iis
2049 4312 2171 4369 quae

588 4414 790 4469 dicturi
819 4423 1011 4467 sumus
1036 4406 1200 4459 aliam
1232 4398 1469 4467 hujusce
1495 4395 1575 4450 rei
1616 4392 2166 4454 demonstrationem,

584 4515 640 4559 et
667 4503 965 4574 patientem
1008 4493 1170 4550 nobis
1204 4502 1389 4546 aurem
1425 4484 1794 4540 accommoda.

664 4679 744 4733 Ad
777 4676 1093 4745 imaginem,
1116 4679 1176 4725 et
1211 4663 1626 4722 similitudinem
1656 4659 1899 4731 supremi
1927 4653 2173 4712 omnium

592 4770 688 4825 Dei
713 4768 920 4823 factum
952 4776 1078 4819 esse
1100 4758 1375 4815 hominem
1399 4756 1582 4811 divina
1608 4753 1892 4825 Scriptura
1919 4756 2174 4806 testatur.

597 4861 776 4915 Moses
807 4857 1031 4926 quippe,
1071 4851 1164 4906 iile
1203 4849 1314 4905 Deo
1341 4856 1509 4903 notus
1548 4861 1661 4925 prae
1694 4843 1934 4907 cunctis,
1968 4842 2023 4917 in
2063 4839 2178 4910 pri-

596 4967 687 5007 mo
711 4951 855 5005 libro
882 4946 1198 5001 Geneseos:
1243 4960 1262 4993 ι
1299 4939 1363 4995 Ει
1398 4939 1553 5003 fecit,
1588 4936 1791 5006 inquit,
1834 4934 1976 4987 Deus
2002 4931 2180 4984 homi-

598 5055 745 5102 nem,
780 5037 850 5092 ad
881 5032 1171 5104 imaginem
1204 5030 1301 5087 Dei
1331 5030 1458 5086 fecit
1484 5042 1615 5084 eum
1651 5026 1715 5079 ³³.
1755 5043 1772 5075 ι
1811 5021 1967 5087 Quod
1997 5030 2176 5074 autem

601 5145 698 5201 per
727 5127 993 5198 Spiritum
1023 5123 1091 5179 ad
1133 5123 1424 5193 imaginem
1466 5119 1560 5174 Dei
1611 5114 1777 5170 fuerit
1802 5112 2179 5183 'obsignatus,

2246 542 2394 605 Υίὸν,
2426 541 2503 602 ὡς
2538 538 2651 591 ἴσον
2688 536 2784 607 μὲν
2808 534 2937 586 ὄντα
2976 530 3071 583 καὶ
3105 539 3427 597 συμμορφον
3476 516 3554 589 τῷ
3577 514 3696 585 Θεῷ
3727 513 3817 567 καὶ

2245 633 2440 703 Πατρὶ,
2483 629 2557 700 μὴ
2595 628 2701 698 μὴν
2729 625 3054 696 ἁρπάσαντα
3089 618 3249 671 τοῦτο
3297 614 3387 668 διὰ
3414 611 3511 682 τὴν
3547 608 3821 676 ἀγάπησιν

2244 725 2343 796 τὴν
2366 697 2461 786 ἐἰς
2484 697 2666 791 ημᾶς,
2700 713 3116 784 καταϐεϐηκότα
3153 710 3209 763 δέ
3244 709 3322 771 εἰς
3356 702 3707 762 ταπείνωσιν,
3735 697 3826 754 διὰ

2244 789 2341 885 της
2376 810 2469 865 τοῦ
2493 789 2679 863 δούλου
2712 807 2946 879 μορφῆς,
2978 798 3351 870 κεκενωμένον
3375 794 3463 848 διὰ
3489 791 3586 862 τὴν
3614 789 3825 859 ἀνθρω-

2247 878 2457 975 πότητα
2490 921 2503 934 ·
2560 903 2675 957 ἀλλ’
2716 878 2918 969 εἴπερ,
2968 889 3013 949 ὦ
3056 888 3228 954 οὗτοι,
3269 889 3329 942 τὸ
3375 884 3604 956 Πνεῦμα
3646 878 3829 935 λαϐὼν

2247 974 2485 1069 ἡγιάσθη
2521 994 2717 1065 μᾶλλον
2739 1033 2754 1055 ,
2807 992 2896 1044 ὅτε
2930 988 3153 1057 γέγονεν
3182 984 3487 1053 ἄνθρωπος,
3541 974 3735 1031 ἐαυτοῦ
3768 990 3829 1025 τε

2246 1065 2510 1159 κρείττων
2545 1082 2759 1152 ἐδείχθη
2801 1081 2889 1135 διὰ
2923 1080 3013 1134 τὸν
3043 1075 3333 1146 άγιασμὸν,
3370 1072 3449 1133 είς
3480 1069 3638 1122 ποίαν
3669 1065 3832 1118 αὑτὸν

2246 1156 2489 1248 ὀψόμεθα
2511 1173 2925 1245 καταϐεϐηκότα
2944 1171 3274 1225 ταπείνωσιν
3292 1183 3308 1231 ;
3338 1164 3465 1226 Πῶς
3486 1156 3830 1228 ἐταπεινώθη

2247 1272 2307 1326 τὸ
2331 1268 2565 1338 ύψωθέν;
2590 1267 2691 1320 ποῦ
2716 1265 2921 1333 κατέϐη
2944 1264 3004 1317 τὸ
3027 1260 3309 1331 ἁγιασθέν;
3339 1258 3372 1328 ἢ
3403 1256 3519 1319 πῶς
3540 1254 3637 1307 οὐκ
3660 1251 3834 1320 ἀνέϐη

2252 1363 2469 1434 μᾶλλον,
2495 1360 2589 1414 καὶ
2619 1360 2710 1413 ἐπὶ
2743 1359 2804 1411 τὸ
2838 1360 3086 1429 κρεῖττον
3121 1353 3345 1423 ὑψώθης
3390 1348 3560 1402 Ποίαν
3590 1347 3704 1418 ἔχει
3732 1345 3833 1414 τὴν

2248 1453 2536 1521 κένωσινή
2578 1450 2668 1503 διὰ
2693 1448 2788 1502 τοῦ
2826 1447 3145 1517 Πνεύματος
3182 1442 3462 1513 πλήρωσις
3488 1456 3504 1505 ;
3539 1437 3663 1501 [Ιῶς
3690 1436 3737 1490 δ’
3768 1436 3835 1490 ἂν

2248 1543 2384 1606 ὅλως
2409 1543 2475 1595 δι’
2500 1543 2650 1613 ἡμᾶς
2677 1538 3107 1609 ἐνανθρωπήσας
3128 1537 3318 1597 νοοῖτο,
3345 1531 3611 1600 τοσαύτην
3638 1529 3697 1582 ἐν
3720 1528 3837 1590 τοῖς

2249 1633 2370 1687 καθ’
2405 1632 2597 1685 ἑαυτὸν
2644 1629 2944 1700 ὑπομείνας
2978 1626 3076 1698 τὴν
3110 1625 3329 1695 ὅνησιν;
3368 1621 3492 1684 Πῶς
3520 1616 3837 1687 ὲπτώχευσε

2249 1725 2316 1777 δι’
2350 1724 2519 1795 ἡμᾶς,
2545 1725 2574 1775 ό
2602 1721 2911 1790 πλουτήσας
2941 1718 3006 1771 δι’
3039 1717 3218 1787 ήμᾶς;
3255 1713 3380 1776 Πῶς
3402 1712 3459 1765 δὲ
3486 1706 3555 1781 ἦν
3582 1707 3839 1768 πλούσιος

1882 1797 1915 1888 ᾖ
1944 1847 2011 1887 eo
2050 1830 2142 1885 ad-
2178 1819 2221 1878 Β
2251 1817 2347 1870 καὶ
2387 1816 2493 1886 πρὸ
2521 1814 2619 1883 τῆς
2648 1811 2959 1882 ἐπιδημίας,
3002 1811 3031 1862 ό
3068 1807 3247 1861 λαϐὼν
3276 1809 3334 1860 ἐν
3363 1804 3499 1874 αὐτῇ
3530 1800 3651 1856 κατ’
3687 1797 3839 1852 ἐκεί-

2250 1925 2375 1972 νους
2408 1908 2546 1975 ὅπερ
2575 1905 2676 1958 οὐκ
2701 1899 2839 1973 εἶχε,
2872 1901 2934 1954 τὸ
2962 1899 3186 1970 Πνεῦμα
3212 1896 3444 1966 δηλαδή;
3484 1894 3553 1945 Ἥ
3578 1890 3695 1954 πῶς
3716 1888 3843 1960 οὐχὶ

2253 2001 2454 2071 μᾶλλον
2485 1998 2648 2061 αὐτὸς
2695 1995 2954 2064 άναθήσοι
2982 1990 3206 2054 δικαίως
3247 1990 3398 2060 ἡμῖν,
3431 1986 3499 2039 τά
3536 1984 3621 2052 ἐφ’
3651 1976 3733 2046 οἷς
3775 1983 3841 2035 δι’

2249 2092 2399 2162 ἡμᾶς
2425 2088 2703 2157 ὠφέληται
2722 2084 3088 2157 χαριστήρια;
3131 2098 3150 2131 ι
3174 2078 3418 2147 Ἐξέστη,
3449 2094 3469 2127 ι
3503 2074 3643 2128 κατὰ
3663 2073 3725 2126 τὸ
3748 2086 3846 2138 γε·

2250 2183 2621 2255 γραμμένον,ι
2652 2183 2681 2233 ό
2704 2177 2931 2251 οὐρανὸς
2958 2176 3052 2230 ἐπὶ
3069 2173 3264 2244 τούτῳ,
3285 2172 3478 2241 ἐξέστη
3500 2169 3595 2223 καὶ
3621 2166 3843 2238 ἔφριξεν

2252 2277 2345 2330 ἐπὶ
2375 2275 2555 2329 πλεῖον
2592 2272 2830 2343 σφόδρα,
2884 2268 3031 2337 λέγει
3081 2266 3308 2337 Κύριος.
3363 2262 3470 2316 Δύο
3517 2260 3626 2332 γὰρ
3670 2259 3845 2320 ὅντως

2253 2368 2349 2423 καὶ
2382 2363 2596 2435 πονηρὰ
2629 2361 2927 2432 πεποίηκεν
2970 2360 2998 2412 ό
3047 2356 3155 2410 τῶν
3201 2350 3647 2425 ἐτεροδοξούντων
3690 2348 3843 2412 λαὸς,

2259 2465 2335 2537 μὴ
2365 2462 2584 2533 νοήσας,
2623 2459 2761 2530 μήτε
2806 2455 2844 2511 ἃ
2885 2453 3055 2523 λέγει,
3110 2450 3247 2522 μήτε
3281 2448 3410 2519 περὶ
3456 2444 3618 2499 τίνων
3663 2443 3850 2497 διαϐε-

2258 2551 2863 2616 ϐαιοῦται,κινδυνεύειν
2880 2547 2936 2600 δὲ
2962 2544 3134 2606 οὕτως
3156 2545 3212 2595 ἐν
3238 2544 3347 2603 τοῖς
3373 2534 3849 2606 ἀναγκαιοτάτοις,

2255 2648 2409 2702 οὐδὲν
2444 2642 2708 2717 ἡγοῦνται
2748 2637 2921 2710 βαρύ·
2972 2635 3005 2706 ἢ
3053 2633 3163 2704 γάρ
3203 2631 3291 2698 ἂν,
3327 2630 3420 2684 καὶ
3466 2628 3620 2684 αὐτοὶ
3648 2625 3852 2696 πικρὸν

2256 2742 2322 2794 ἐκ
2350 2737 2633 2809 βλεφάρων
2668 2731 3023 2801 καταχέοντες
3061 2725 3312 2798 δάκρυον,
3357 2723 3450 2775 καὶ
3485 2719 3730 2791 μεγάλην
3767 2718 3853 2780 εἰς

2259 2831 2392 2901 ὕψος
2422 2827 2792 2885 ἀνατείνοντες
2827 2821 2925 2892 τὴν
2959 2817 3161 2889 φωνήν,
3188 2814 3500 2886 προσῄεσαν
3546 2812 3808 2879 λέγοντες
3835 2825 3849 2838 ·

2264 2941 2282 2973 ι
2308 2900 2434 2984 Θοῦ,
2460 2917 2652 2988 Κύριε,
2678 2912 2924 2984 φυλακὴν
2970 2909 3047 2980 τῷ
3090 2907 3317 2978 στόματί
3365 2921 3490 2975 μου,
3537 2902 3629 2956 καὶ
3677 2900 3855 2971 θύραν

2261 3011 2522 3085 περιοχῆς
2554 3008 2683 3080 περὶ
2716 3007 2783 3059 τὰ
2815 3004 2967 3075 χείλη
3004 3019 3124 3073 μου.
3172 3000 3263 3070 Μὴ
3298 2996 3555 3070 ἐκκλίνῃς
3582 2996 3683 3066 τήν
3711 3010 3856 3065 καρ-

2260 3084 2379 3159 δίαν
2414 3119 2515 3171 μου
2553 3102 2633 3163 είς
2678 3098 2869 3164 λόγους
2911 3092 3196 3165 πονηρίας.
3241 3108 3260 3142 ι
3316 3088 3480 3157 Λόγοι
3523 3085 3632 3157 γὰρ
3681 3084 3860 3146 ὅντως

2187 3163 2230 3222 C
2267 3163 2529 3262 πονημας
2564 3189 2613 3240 οἱ
2655 3163 2784 3256 παρ’
2816 3163 3167 3252 ἑαυτῶν-τήν
3210 3179 3303 3232 ἐπὶ
3328 3179 3438 3239 τοῖς
3474 3175 3725 3246 ἐσχάτοις
3756 3171 3861 3242 ζη-

2270 3286 2397 3357 μίαν
2420 3285 2531 3346 τοῖς
2551 3278 2922 3350 ἀκροωμένοις
2952 3274 3251 3335 ὠδίνοντες.
3294 3270 3485 3340 Ἡμεῖς
3509 3266 3566 3320 δὲ
3593 3265 3693 3335 τῆς
3721 3263 3858 3317 ἐαυ-

2264 3356 2373 3430 τῶν
2410 3372 2634 3444 καρδίας
2663 3369 2754 3424 τὸν
2779 3367 3000 3423 ἐκείνων
3030 3363 3392 3429 ἐξοικίσαντες
3422 3360 3610 3430 λῆρον,
3638 3357 3735 3409 ἐπὶ
3766 3356 3860 3410 τὸν

2264 3466 2423 3538 ὀρθὸν
2466 3465 2565 3535 τῆς
2614 3462 2852 3524 πίστεως
2903 3453 3234 3529 βαδιούμεθα
3273 3452 3453 3521 λόγον,
3506 3449 3569 3503 τὸ
3602 3465 3858 3519 γεγραμ-

2270 3561 2429 3633 μένον
2461 3558 2675 3629 ἔχοντες
2718 3556 2797 3618 εἰς
2832 3552 2957 3607 νοῦν
2981 3566 2995 3580 ·
3056 3568 3077 3603 ι
3100 3544 3409 3616 Λογισμοὺς
3444 3537 3859 3611 καθαιροῦντες,

2268 3628 2362 3707 καὶ
2391 3628 2497 3704 πᾶν
2533 3647 2736 3718 ὕψωμα
2774 3643 3136 3714 ἐπαιρόμενον
3168 3636 3313 3694 κατὰ
3340 3636 3438 3706 τῆς
3464 3632 3723 3701 γνώσεως
3769 3628 3859 3683 τοῦ

2266 3742 2424 3805 Θεοῦ,
2456 3740 2550 3794 καὶ
2582 3734 3071 3808 αἰχμαλωτίζοντες
3119 3731 3228 3784 πᾶν
3261 3727 3440 3798 νόημα
3482 3727 3561 3787 είς
3591 3722 3691 3793 τὴν
3762 3723 3865 3775 ὕπο

2270 3832 2440 3902 ακοὴν
2469 3827 2565 3883 τοῦ
2610 3825 2871 3898 Χριστοῦ.
2903 3843 2921 3876 ι
2970 3821 3108 3893 Φέρε
3150 3819 3216 3890 δὴ
3264 3813 3392 3884 οὗν,
3414 3815 3508 3869 καὶ
3534 3812 3626 3867 τὸν
3659 3813 3719 3867 ἐν
3750 3813 3862 3881 τοῖς

2268 3899 2653 3991 προκειμένοις
2676 3917 2805 3986 ἡμῖν
2827 3914 3176 3982 θεωρήμασιν
3202 3904 3693 3979 αἰχμαλωτίζοντες
3714 3899 3863 3964 νοῦν,

2270 4009 2627 4080 ύποτάξωμεν
2660 4010 2727 4079 τῇ
2758 4005 2882 4076 δόξῃ
2922 4002 3014 4056 τοῦ
3044 3998 3402 4068 Μονογενοῦς,
3453 3996 3634 4049 πάντα
3665 3994 3863 4063 φέρον-

2270 4118 2361 4163 τες
2388 4097 2620 4160 συνετῶς
2651 4097 2730 4159 εἰς
2765 4094 2863 4165 τὴν
2899 4089 3144 4160 ὑπακοὴν
3172 4085 3358 4151 αὐτοῦ,
3390 4083 3538 4137 τοῦτ’
3577 4081 3750 4145 ἐστιν,
3786 4079 3866 4141 είς

2271 4189 2363 4243 τὸν
2393 4186 2521 4258 περὶ
2547 4188 2645 4256 τῆς
2672 4180 3135 4253 ἐνανθρωπήσεως
3156 4176 3376 4246 τρόπον.
3420 4191 3439 4223 ι
3462 4168 3726 4241 Πλούσιός
3756 4167 3866 4239 γὰρ

2272 4276 2346 4330 ὢν
2368 4316 2382 4342 ,
2437 4271 2749 4343 ἐπτώχευσε
2798 4269 2864 4323 δι’
2897 4269 3064 4339 ἡμᾶς,
3113 4265 3200 4318 ἵνα
3229 4265 3389 4333 ἡμεῖς
3418 4263 3485 4331 τῇ
3520 4257 3686 4313 αὐτοῦ
3715 4274 3867 4309 πτω-

2272 4369 2398 4440 χεία
2426 4366 2847 4434 πλουτήσωμεν.
2881 4379 2900 4412 ι
2954 4359 3121 4429 Δέχου
3152 4356 3229 4420 δὲ,
3264 4354 3316 4407 εἴ
3347 4370 3428 4406 σοι
3454 4352 3622 4412 δοκεῖ,
3655 4349 3755 4401 καὶ
3782 4347 3868 4400 διά

2426 4454 2809 4529 προκειμένων
2858 4453 2988 4522 ήμῖν
3034 4449 3134 4519 τὴν
3177 4443 3450 4509 ἀπόδειξιν
3475 4483 3491 4510 ,
3544 4438 3869 4505 ἀνεξίκακον

2201 4521 2255 4582 D
2274 4553 2386 4612 τοῖς
2411 4521 2590 4617 λόγοις
2620 4521 2998 4615 άπλὼσαςτὴν
3030 4540 3219 4611 ἀκοήν.

2350 4644 2481 4697 Κατ’
2528 4639 2712 4694 εἰκόνα
2759 4638 2852 4693 καὶ
2906 4635 3026 4689 καθ’
3072 4633 3331 4704 ὁμοίωσιν
3375 4627 3471 4682 τοῦ
3518 4626 3612 4680 ἐπὶ
3654 4629 3870 4688 πάντας

2278 4735 2432 4797 ὄντος
2464 4731 2597 4786 Θεοῦ
2627 4719 2956 4799 πεποιῆσθαι
2988 4725 3080 4779 τὸν
3109 4723 3393 4795 ἄνθρωπον
3425 4720 3459 4791 ή
3487 4716 3609 4771 θεία
3653 4715 3870 4786 μαρτύ-

2285 4842 2439 4896 ρεται
2470 4824 2684 4895 Γραφή.
2722 4822 2833 4875 Καὶ
2868 4817 3000 4889 γοῦν
3027 4819 3055 4871 ὁ
3085 4814 3146 4868 τὸ
3185 4812 3402 4886 πρῶτον
3433 4811 3565 4882 ἡμῖν
3601 4804 3873 4871 συντάξας

2286 4919 2489 4989 βιϐλίον
2533 4916 2758 4988 (Μωσῆς
2782 4914 2839 4966 δὲ
2870 4905 3025 4975 οὗτος
3053 4910 3082 4962 ὁ
3105 4904 3452 4977 ἐγνωσμένος
3475 4898 3632 4975 πατὰ
3663 4897 3876 4967 πάντας

2281 5012 2358 5083 τῷ
2382 5010 2548 5081 Θεῷ),
2580 5028 2599 5060 ι
2622 5008 2733 5060 Καὶ
2758 5005 3002 5077 ἐποίησε,
3032 5021 3050 5056 ι
3082 5008 3267 5074 τρησὶν,
3299 5019 3318 5052 ι
3342 5003 3371 5053 ὁ
3390 5000 3520 5062 Θεὸς
3544 4998 3634 5051 τὸν
3661 4996 3878 5066 ἄνθρω-

2284 5119 2404 5164 πον,
2437 5099 2557 5154 κατ’
2585 5097 2768 5153 εἰκόνα
2798 5098 2932 5152 Θεοῦ
2969 5096 3226 5166 ἐποίησεν
3253 5091 3436 5146 αὐτόν.
3470 5108 3488 5141 ι
3544 5089 3668 5141 Ὅτι
3702 5087 3761 5141 δὲ
3787 5086 3877 5139 διὰ
3949 5138 3959 5151 ,

603 5178 690 5201 ιη-
730 5178 989 5198 ww-”
1068 5178 1075 5179 κ
1246 5178 1276 5193 υ
1947 5178 1967 5183 -

601 5224 720 5290 ipse
750 5233 849 5274 nos
875 5232 1070 5273 rursus
1097 5215 1304 5281 docuit,
1343 5215 1432 5269 his
1461 5209 1648 5266 verbis
1688 5227 1702 5260 :
1741 5224 1760 5258 ι
1796 5204 1862 5258 Ει
1894 5203 2155 5274 inspirari

2283 5194 2378 5249 τοῦ
2407 5193 2722 5264 Πνεύματος
2753 5194 2829 5255 είς
2859 5190 3042 5244 εἰκόνα
3070 5185 3167 5257 τὴν
3198 5184 3349 5239 θείαν
3382 5178 3877 5251 κατεσφραγίζετο,

601 5269 1064 5290 -γ-ν--η--ηη
1106 5269 1302 5281 "me.
1986 5269 2003 5274 _

601 5314 658 5367 in
691 5311 886 5368 faciem
922 5310 1041 5381 ejus
1075 5309 1414 5380 spiraculum
1437 5304 1563 5357 vitae
1584 5300 1652 5355 ³³.
1692 5318 1713 5351 ι
1754 5296 1930 5352 Simul
1959 5296 2107 5352 enim
2131 5311 2155 5350 ε

2287 5288 2448 5341 πάλιν
2482 5284 2645 5348 αὐτὸς
2679 5284 2827 5354 ἡμᾶς
2852 5280 3090 5346 ἐδίδαξεν
3132 5276 3302 5331 εἰπών
3322 5291 3336 5306 ·
3377 5272 3518 5327 «Καὶ
3543 5269 3880 5340 ἐνεφύσησεν

692 5357 886 5368 .--.-.--
926 5357 1040 5381 γρ-
1075 5357 1391 5380 -,,.----ηη

594 5406 773 5490 _vitam
794 5411 1059 5458 creatura:
1080 5401 1322 5472 Spiritus
1340 5394 1559 5456 indidit,
1594 5399 1648 5446 et
1676 5405 1806 5446 suos
1831 5389 2152 5445 charactere

2290 5382 2368 5442 εἰς
2400 5378 2459 5431 τὸ
2486 5375 2774 5448 πρόσωπον
2804 5369 2969 5426 αὑτοῦ
3001 5368 3169 5439 πνοὴν
3196 5366 3362 5437 ζωῆς.
3399 5382 3418 5417 ι
3465 5361 3632 5432 Ὁμοῦ
3655 5358 3761 5430 γὰρ
3781 5357 3880 5411 καὶ

2298 5472 2324 5490 ν
2377 5470 2435 5490 ιη.
2490 5466 2712 5490 λεώ-ω-.
2768 5466 2825 5490 ,λ
2882 5462 3102 5490 π..-π..-
3154 5457 3231 5490 ...τι
3281 5456 3557 5490 anAn-unm
3627 5450 3722 5490 ναὶ
3752 5450 3880 5490 an?“

613 5450 773 5460 ..._...
799 5450 1058 5458 ---_-_-..
1080 5450 1347 5472 Vr"---
1547 5450 1555 5456 ,

601 5497 866 5552 divinitus
911 5494 1210 5565 impressit.
1247 5489 1326 5542 ita
1365 5483 1612 5556 perfecto
1663 5483 1889 5537 animali
1950 5480 2149 5537 rationi

2293 5470 2437 5541 ζωὴν
2487 5466 2718 5523 ἐνετίθει
2766 5466 2830 5518 τὸ
2882 5462 3106 5532 Πνεῦμα
3154 5457 3232 5530 τῷ
3281 5456 3583 5525 πλάσματι,
3627 5450 3722 5504 καὶ
3752 5450 3883 5510 τοὺς

604 5585 891 5656 participe,
917 5539 1159 5656 optimus
1197 5579 1287 5632 ille
1336 5572 1536 5628 artifex
1574 5570 1715 5627 Deus
1753 5571 1997 5625 salutare
2032 5583 2155 5623 man

2297 5539 2493 5617 ἑαυτοῦ
2534 5557 2891 5630 χαρακτῆρας
2930 5551 3251 5624 θεοπρεπῶς
3289 5549 3644 5617 ἐνεσήμαινεν
3671 5558 3688 5573 ·
3735 5539 3882 5594 οὕτω

677 5698 723 5733 ’⁸
749 5700 791 5754 li
820 5700 946 5756 Cor.
978 5712 1100 5755 viti.
1130 5697 1183 5749 9.
1296 5694 1339 5723 ’θ
1364 5689 1563 5744 Jerem.
1599 5703 1662 5753 lt,
1701 5689 1786 5756 12,
1823 5689 1909 5742 15.

611 5762 655 5794 ³⁸
680 5770 816 5827 Gen.
862 5787 900 5833 ι,
931 5768 1025 5821 2'7.
1100 5766 1145 5796 ”
1173 5764 1310 5819 Gen.
1358 5777 1418 5825 ιι,
1454 5761 1504 5813 7.

2019 5686 2064 5716 ”
2097 5684 2155 5738 Ps

2275 5696 2400 5746 οη,
2434 5681 2489 5742 ’5,
2523 5680 2576 5732 ι.
2683 5676 2723 5706 ³¹
2751 5673 2794 5730 ll
2825 5671 2954 5728 Cor.
2998 5689 3052 5738 χ,
3086 5671 3140 5735 4,
3173 5669 3226 5723 5.
3340 5665 3384 5697 “
3418 5662 3462 5719 ll
3500 5660 3629 5718 Cor.
3662 5671 3788 5723 vui,
3817 5652 3873 5709 9.
