4106 6490
361 290 430 343 20
441 290 476 342 Γὶ

1445 290 1509 344 ΙΝ
1555 290 1841 347 JOANNIS
1876 288 2331 347 EVANCELHJM
2372 292 2503 351 LIB.
2546 290 2611 347 ll.

3551 273 3658 347 aut)

358 404 425 458 τὸ
468 405 563 457 ἐπὶ
591 406 694 476 γῆς
728 404 948 473 λογικὸν
982 407 1272 478 ἐξαρτίσας
1313 407 1451 472 ζῶον
1500 409 1528 461 ό
1573 409 1961 480 ἀριστοτέχνης

2066 402 2254 461 datum
2290 409 2338 464 ei
2370 396 2542 464 dedit.
2572 404 2637 461 Et
2676 415 2795 463 erat
2819 408 2872 461 iu
2902 405 3183 478 paradiso,
3224 406 3363 461 sicut
3392 400 3660 477 scripldm

352 495 745 567 Θεὸς,έντο).ὴν
763 496 937 551 ἐδίδου
955 499 1054 571 τὴν
1073 497 1371 565 σώζουσαν·
1399 502 1490 554 καὶ
1517 497 1586 573 ἦν
1605 505 1662 554 ἐν
1684 501 1759 572 τῷ
1790 518 1965 572 παρα-

354 590 549 660 δείσῳ,
584 588 731 642 καθά
758 589 1093 660 γέγραπται,
1139 592 1516 661 διαφυλάττων
1565 593 1645 647 ἔτι
1683 594 1744 647 τὸ
1789 594 1962 659 δοθὲν,

353 681 459 734 καὶ
507 683 574 752 τῇ
622 680 743 752 θεία
776 681 873 734 τοῦ
910 684 1273 756 πεποιηκότος
1318 685 1627 757 διαπρεπὴς
1675 686 1845 740 εἰκόνι
1877 686 1966 740 διὰ

351 773 457 828 τοῦ
491 774 892 839 ὲνοικισθέντος
930 777 1086 846 ἁγίου
1127 778 1449 850 Πνεύματος
1476 797 1491 811 ο
1541 782 1730 852 ἐπειδὴ
1756 782 1813 835 δὲ
1842 785 1965 846 ταῖς

348 865 457 920 τοῦ
488 866 740 920 διαϐόλου
774 870 1308 941 παρατετραμμένος
1358 873 1596 936 ἀπάταις
1639 874 1964 944 κατεφρόνει

349 958 457 1013 τοῦ
502 962 877 1031 Δημιουργοῦ,
921 961 1017 1014 καὶ
1054 963 1219 1033 νόμον
1256 964 1348 1017 τὸν
1388 964 1672 1030 ὁρισθέντα
1714 969 1964 1038 πατήσας

352 1051 558 1105 ἐλύπει
583 1053 673 1106 τὸν
695 1053 1014 1124 εὐεργέτην,
1032 1054 1132 1127 τὴν
1155 1054 1304 1126 αὐτῷ
1326 1055 1573 1109 δοθεῖσαν
1596 1057 1965 1129 ἀνεπράττετο

354 1134 531 1213 χάριν
550 1161 563 1175 ·
613 1162 631 1195 ι
655 1144 733 1215 Γῆ
757 1141 829 1207 εἶ,
857 1146 954 1199 καὶ
978 1147 1057 1210 εἰς
1085 1147 1188 1216 γῆν
1215 1146 1513 1219 ἀπελεύσῃ,
1545 1167 1563 1198 ι
1598 1148 1720 1201 τότε
1746 1149 1963 1221 πρῶτον

352 1235 610 1300 ἀκούσας
635 1238 663 1290 6
689 1236 931 1306 γεγονὼς
961 1240 1039 1301 είς
1068 1238 1234 1311 ζωὴν,
1262 1241 1709 1312 παρεχαράττετο
1738 1241 1840 1312 ἤδη
1874 1246 1965 1297 καὶ

352 1326 393 1394 ὴ
430 1325 575 1396 πρὸς
608 1325 741 1378 Θεὸν
783 1327 1043 1396 ὁμοίωσις
1075 1328 1162 1382 διὰ
1205 1331 1304 1400 τῆς
1340 1329 1754 1402 ἐπιδραμούσης
1788 1333 1965 1403 ἀμαρ-

352 1415 509 1479 τίας,
565 1417 663 1470 καὶ
706 1412 849 1489 ἦσαν
904 1420 1001 1488 μὲν
1051 1419 1236 1473 οὐκέτι
1286 1421 1473 1475 λοιπὸν
1518 1425 1567 1476 οί
1617 1424 1965 1495 χαρακτῆρες

353 1508 632 1579 λαμπροὶ,
685 1509 1048 1582 άμυδρότεροι
1093 1511 1151 1565 δέ
1200 1531 1315 1577 πως
1354 1515 1413 1567 ὲν
1465 1514 1617 1586 αὐτῷ
1666 1515 1762 1569 καὶ
1806 1518 1964 1570 ὲσκο-

355 1602 615 1671 τισμένοι
656 1602 745 1656 διὰ
787 1603 887 1674 τὴν
922 1604 1252 1675 παράϐασιν.
1297 1606 1515 1677 Ἐπειδὴ
1550 1606 1607 1661 δὲ
1647 1611 1726 1671 είς
1755 1607 1964 1678 πληθὺν

352 1693 605 1763 ἀριθμοῦ
652 1694 941 1764 κρείττονα
978 1694 1038 1748 τὸ
1076 1694 1418 1766 ἀνθρώπινον
1449 1696 1747 1762 ὲξετείνετο
1786 1698 1961 1767 γένος,

354 1785 697 1856 κατεκράτει
742 1785 800 1838 δὲ
832 1786 1049 1840 πάντων
1092 1788 1125 1858 ὴ
1162 1788 1430 1861 ἁμαρτία,
1466 1789 1825 1862 πολυτρόπως
1866 1791 1964 1864 τὴν

352 1878 598 1935 ἑκάστου
631 1878 928 1951 ληϊζομένη
955 1880 1156 1953 ψυχὴν,
1187 1881 1573 1953 ἀπεγυμνοῦτο
1614 1885 1713 1956 μὲν
1740 1885 1965 1958 χάριτος

352 1973 462 2042 τῆς
510 1971 747 2042 ἀρχαίας
796 1973 829 2042 ὴ
877 1973 1038 2041 φύσις
1064 1991 1078 2004 ο
1136 1974 1506 2029 ἀπανίσταται
1545 1975 1603 2029 δὲ
1644 1976 1705 2030 τὸ
1738 1977 1965 2049 Πνεῦμα

360 2063 687 2129 παντελῶς,
740 2064 836 2118 καὶ
871 2065 1062 2119 πίπτει
1093 2066 1231 2139 πρὸς
1259 2067 1359 2139 τὴν
1391 2068 1633 2140 ἐσχάτην
1672 2068 1900 2139 ἀλογίαν
1936 2073 1966 2124 6

360 2153 601 2222 λογικὸς,
656 2155 751 2210 καὶ
784 2156 950 2211 αὑτὸν
995 2159 1273 2231 ἀγνοήσας
1310 2158 1403 2212 τὸν
1437 2159 1717 2215 κτίσαντα.
1767 2161 1910 2215 Ἀλλ’
1937 2165 1965 2218 6

354 2247 585 2301 πάντων
610 2248 961 2321 Δημιουργὸς
991 2251 1239 2323 μακροὺς
1282 2250 1684 2324 ἀνεξικακήσας
1712 2252 1961 2325 χρόνους,

350 2339 509 2394 ἐλεεῖ
534 2339 722 2394 λοιπὸν
757 2336 1221 2414 κατεφθαρμένην
1250 2343 1348 2415 τὴν
1378 2343 1725 2415 οἰκουμένην,
1751 2347 1845 2399 καὶ
1864 2347 1964 2418 τὴν

352 2431 465 2503 μὲν
494 2432 951 2505 δραπετεύσασαν
1004 2434 1096 2487 ἐπὶ
1132 2435 1232 2506 τῆς
1278 2435 1382 2507 γῆς
1425 2436 1631 2508 ἀγέλην
1678 2439 1802 2501 ταῖς
1852 2438 1965 2493 ἄνω

351 2523 663 2581 συνάπτειν
696 2526 904 2596 ἀγαθὸς
936 2525 1012 2581 ὣν
1052 2529 1318 2598 ἠπείγετο
1343 2545 1357 2558 ’
1414 2528 1858 2601 μεταστοιχειοῦν
1907 2531 1966 2585 δὲ

343 2618 638 2697 πτάλινείς
669 2619 771 2691 τὴν
810 2620 1047 2691 ἀρχαίαν
1088 2622 1274 2676 εἰκόνα
1306 2621 1403 2693 τὴν
1434 2622 1834 2695 ἀνθρωπότητα
1875 2622 1965 2679 διὰ

347 2710 457 2764 τοῦ
470 2706 810 2782 ’Πνεύματος
837 2712 1182 2785 ἐδοκίμαζεν.
1211 2708 1320 2767 Ἦν
1348 2713 1457 2785 γάρ
1487 2714 1816 2787 ούχκέτέρως
1838 2715 1964 2779 τοὺς

353 2801 547 2866 θείους
575 2801 897 2872 ἀναλάμψαι
931 2804 1289 2876 χαρακτῆρας
1317 2806 1375 2860 ὲν
1409 2806 1571 2876 αὐτῇ,
1596 2805 1851 2878 καθάπερ
1870 2801 1963 2861 οῦν

357 2889 500 2965 ἦσαν
530 2895 632 2948 καὶ
664 2895 956 2967 πρότερον.
997 2894 1061 2950 Τί
1093 2891 1186 2950 οὖν
1214 2897 1492 2972 ἄραρπρδς
1521 2899 1682 2952 τοῦτο
1712 2899 1963 2970 μηχανᾶ-

351 3002 468 3051 ται,
518 2988 645 3052 πῶς
678 2988 737 3041 δὲ
767 2988 968 3044 ἄσυλον
1018 2990 1075 3042 ἐν
1113 2991 1246 3062 ἡμῖν
1275 2989 1542 3060 ὲφύτευσε
1578 2990 1677 3062 τὴν
1709 2991 1891 3063 χάριν,
1926 2992 1962 3066 ἢ

348 3080 478 3144 πῶς
508 3080 792 3154 ὲρῤιξώθη
823 3082 987 3138 πάλιν
1034 3084 1093 3137 ὲν
1125 3083 1441 3155 ἀνθρώποις
1467 3085 1527 3139 τὸ
1560 3085 1812 3156 Πνεῦμα,
1842 3085 1965 3142 τίνα
1992 3119 2035 3177 C

344 3172 412 3225 δὲ
447 3172 661 3243 τρόπον
707 3174 743 3245 ἠ
792 3175 956 3244 φύσις
1007 3175 1375 3249 ἀνεμορφώθη
1423 3177 1560 3248 πρὸς
1611 3177 1673 3231 τὺ
1713 3178 1963 3250 ἀρχαῖον,

348 3265 663 3320 ἀκόλουθον
709 3267 907 3321 εἰπεῖν.
956 3266 1017 3323 ’0
1071 3267 1291 3339 πρῶτος
1335 3268 1642 3340 ἄνθρωπος,
1690 3269 1875 3340 χοϊκός
1904 3276 1965 3323 τε

350 3355 627 3426 ὑπάρχων
655 3356 751 3409 καὶ
777 3355 887 3410 ἀπὸ
910 3355 1011 3427 τῆς
1038 3355 1163 3426 γῆς,
1195 3357 1289 3411 καὶ
1316 3357 1375 3410 ὲν
1405 3357 1510 3428 ἰδίᾳ
1542 3359 1804 3431 κειμένην
1824 3358 1964 3430 έχων

348 3444 608 3516 ἐξουσίᾳ,
645 3444 744 3499 τοῦ
782 3464 842 3500 τε
877 3446 1086 3514 ἀγαθοῦ
1119 3446 1333 3501 καὶτοῦ
1362 3447 1569 3517 φαύλου
1601 3449 1701 3522 τὴν
1731 3450 1961 3522 αἵρεσιν,

352 3538 539 3609 ῥοπῆς
585 3555 653 3607 γε
694 3539 796 3611 τῆς
839 3540 927 3593 ἐπ’
957 3540 1126 3611 ἄμφω
1165 3540 1355 3613 κύριος
1404 3540 1502 3606 ὣν,
1550 3543 1736 3616 πικρῷ
1766 3562 1966 3618 συνηρ-

349 3629 549 3700 πάσθη
580 3629 743 3701 δόλῳ,
781 3630 877 3683 καὶ
910 3631 1215 3695 ἀποκλίνας
1262 3633 1344 3696 εἰς
1393 3635 1716 3706 παρακοὴν,
1773 3634 1964 3690 πίπτει

352 3723 461 3793 μὲν
490 3723 576 3786 είς
607 3723 709 3793 τὴν
740 3722 865 3776 ὅθεν
914 3722 1078 3793 ἐξέφυ
1114 3724 1330 3797 μητέρα
1376 3725 1478 3798 τὴν
1525 3728 1648 3799 γῆν,
1701 3727 1881 3800 φθορᾷ
1907 3729 1964 3783 δὲ

348 3816 485 3886 ἤδη,
514 3814 615 3869 καλ⁵
655 3814 878 3887 θανάτῳ
906 3816 1299 3888 κρατούμενος,
1342 3816 1453 3888 ὅλῳ
1491 3819 1858 3892 παραπέμπει
1884 3821 1964 3890 τῷ

347 3910 510 3977 γένει
543 3909 643 3980 τὴν
679 3909 907 3980 ζημίαν.
941 3907 1241 3979 αὐξομένου
1265 3908 1322 3962 δὲ
1346 3911 1406 3962 ἐν
1443 3909 1597 3981 ἡμῖν,
1632 3911 1729 3964 καὶ
1755 3910 1962 3982 πληθύ-

348 4018 546 4066 νοντος
594 4000 692 4057 τοῦ
727 4002 924 4066 κακοῦ,
962 4001 1055 4055 καὶ
1098 4001 1236 4072 πρὸς
1268 4000 1331 4054 τὺ
1369 4003 1550 4073 χεῖρον
1578 4002 1664 4056 ἀεὶ
1693 4003 1960 4057 καταϐαί-

348 4093 560 4163 νούσης
584 4092 688 4163 τῆς
706 4093 765 4146 ὲν
789 4095 922 4163 ἡμῖν
939 4091 1198 4159 διανοίας,
1224 4090 1663 4164 βεϐασίλευκενή
1693 4093 1960 4165 ἁμαρτία,

348 4183 546 4254 γυμνή
575 4200 636 4235 τε
677 4182 823 4236 οὔτω
848 4181 1037 4236 λοιπὸν
1058 4181 1154 4234 τοῦ
1182 4181 1576 4246 ἐνοικισθέντος
1602 4182 1761 4251 ἁγίου
1788 4183 1961 4238 Πνεύ-

353 4292 535 4340 ματος
568 4277 603 4345 ἡ
626 4272 932 4345 ’ἀνθρώπου
978 4272 1140 4343 φύσις
1169 4273 1532 4328 ἀνεδείκνυτο.
1583 4293 1601 4326 ι
1627 4274 1818 4344 ’Λγιον
1852 4276 1963 4349 γὰρ

352 4366 592 4437 Πνεῦμα
622 4367 839 4436 σοφίας,
880 4364 1140 4436 φεύξεται
1168 4364 1341 4432 δόλον,
1373 4384 1392 4417 ι
1438 4366 1582 4420 καθά
1627 4368 1958 4439 γέγραπται·

2067 509 2151 553 est
2187 501 2260 563 ³³,
2312 516 2541 556 servans
2577 500 2759 554 adhuc
2798 500 3146 563 mandatum,
3182 507 3237 554 et
3268 499 3453 554 divina
3493 497 3662 555 Crea-

2068 594 2206 647 toris
2256 596 2593 663 conspicuus
2628 594 2864 665 imagine
2912 609 3010 665 per
3047 594 3451 649 inhabitantem
3486 592 3663 664 Spiri-

2069 691 2227 739 tum:
2276 685 2371 740 sed
2401 701 2525 738 cum
2574 685 2775 741 diaboli
2809 687 3002 742 fraude
3048 687 3319 744 seductus
3337 686 3659 741 Creatorem

2066 777 2510 846 contempsisset,
2545 786 2600 832 et
2629 777 2884 847 imposita
2917 779 3023 835 sibi
3055 779 3178 849 lege
3210 779 3536 834 conculcata
3566 777 3664 835 be-

2067 868 2250 923 neticii
2282 877 2566 925 auctorem
2604 869 2946 933 oll‘cndisset,
2992 871 3171 940 gratia
3215 870 3318 925 sibi
3365 870 3496 925 data
3529 884 3661 939 spo—

2066 961 2232 1015 liatus
2261 968 2370 1028 est,
2411 970 2575 1032 atque
2610 970 2740 1016 tunc
2775 961 3013 1031 primum
3045 963 3260 1016 audiit:
3297 980 3318 1013 ι
3352 960 3525 1017 Terra
3560 976 3658 1026 es,

2066 1053 2200 1109 etin
2234 1061 2441 1108 terram
2481 1054 2775 1110 reverteris
2803 1054 2880 1118 ³⁸,
2926 1071 2946 1106 ι
2981 1055 3074 1124 qui
3118 1054 3298 1107 factus
3328 1064 3448 1108 erat
3477 1052 3543 1106 ad
3574 1053 3661 1106 vi-

2068 1154 2229 1200 tam:
2284 1146 2593 1202 adulterata
2642 1155 2730 1202 est
2782 1146 2872 1200 illa
2913 1146 3218 1202 similitudo
3273 1144 3368 1199 Dei
3427 1145 3658 1200 incursu

2067 1239 2299 1309 peccati,
2326 1254 2430 1294 nec
2460 1239 2573 1309 jam
2604 1240 2956 1296 characteres
2984 1240 3221 1310 amplius
3255 1246 3415 1294 erant
3444 1237 3500 1292 in
3540 1238 3661 1308 ipso

2067 1330 2202 1383 clari
2236 1337 2292 1385 et
2333 1331 2630 1401 splendidi,
2674 1333 2771 1387 sed
2807 1332 3162 1394 subobscuri,
3209 1346 3273 1386 ac
3309 1329 3557 1386 tenebris
3583 1327 3664 1382 in-

2069 1424 2236 1478 voluti
2271 1424 2345 1479 ob
2374 1426 2901 1496 transgressionem.
2935 1425 3042 1481 Sed
3090 1427 3333 1480 humano
3365 1438 3566 1496 genere
3605 1421 3661 1476 in

2068 1514 2396 1572 immensum
2440 1528 2761 1588 propagato,
2804 1533 2930 1573 cum
2983 1528 3270 1589 peccatum
3315 1522 3575 1588 regnaret
3603 1513 3663 1570 in

2066 1620 2281 1671 omnes,
2335 1616 2389 1662 et
2437 1609 2878 1679 uniuscujusque
2936 1611 3175 1664 animam
3227 1608 3660 1679 deprtedaretttr,

2068 1699 2236 1753 veteri
2278 1700 2499 1770 quidem
2534 1702 2709 1771 gratia
2745 1709 2943 1756 natura
2983 1702 3246 1757 destituta
3276 1710 3363 1756 est
3393 1715 3408 1753 :
3449 1699 3663 1755 recedit

2066 1790 2288 1861 penitus
2328 1792 2397 1847 ab
2426 1793 2507 1847 eis
2536 1793 2800 1862 Spiritus,
2856 1801 2908 1849 et
2967 1796 3023 1849 in
3074 1804 3376 1850 extremam
3420 1792 3661 1849 rationis

2067 1882 2353 1951 penuriam
2397 1883 2603 1937 labitur
2636 1883 2801 1939 homo
2841 1884 3078 1942 rationis
3106 1886 3199 1941 ille
3245 1886 3543 1956 particeps,
3573 1885 3662 1955 ipa

2036 1986 2188 2027 'sum
2234 1974 2398 2029 etiam
2445 1975 2706 2044 ignorans
2739 1973 3080 2033 Creatorem.
3117 1976 3226 2034 Sed
3273 1977 3661 2033 universorum

2066 2060 2261 2133 Opifex
2307 2064 2572 2119 diuturna
2615 2081 2752 2123 usus
2792 2068 3083 2137 patientia,
3116 2068 3531 2124 miserationem
3561 2066 3663 2123 dea

2065 2161 2217 2210 mbm
2263 2155 2413 2225 cepit
2456 2159 2704 2228 corrupti
2746 2158 2899 2214 orbis
2945 2168 3000 2214 et
3046 2157 3336 2230 fugitivum
3390 2159 3449 2213 iu
3494 2155 3664 2214 terris

2064 2257 2285 2314 gregem
2318 2245 2537 2315 superis
2565 2261 2885 2317 aggregare,
2929 2248 3108 2305 bonus
3132 2249 3250 2318 ipse
3275 2262 3403 2303 cum
3444 2247 3540 2315 sit,
3584 2245 3665 2302 fe-

2067 2332 2298 2387 stinavit
2323 2373 2340 2399 ,
2402 2341 2465 2390 et
2503 2334 2571 2389 ad
2619 2336 2911 2406 imaginem
2945 2337 3232 2407 pristinam
3260 2337 3661 2392 humanitatem

2065 2423 2373 2482 reformare
2403 2441 2501 2497 per
2535 2426 2802 2496 Spiritum
2861 2429 3075 2484 statuit.
3131 2427 3252 2484 Non
3304 2431 3452 2485 enim
3501 2430 3664 2490 aliter

2024 2527 2323 2588 .potcrant
2357 2520 2413 2575 in
2449 2535 2515 2577 ea
2565 2520 2737 2576 divini
2782 2521 3133 2579 characteres
3179 2537 3246 2579 eo
3291 2523 3457 2579 modo
3505 2522 3663 2595 123

2067 2624 2177 2678 quo
2233 2612 2391 2682 prius
2448 2613 2721 2669 relucere.
2763 2613 2909 2680 Quid
2961 2630 3096 2686 ergo
3173 2616 3230 2670 in
3278 2615 3385 2672 hoc
3433 2616 3663 2671 molitus

2066 2704 2139 2759 sit
2188 2702 2374 2769 Deus,
2425 2706 2704 2776 quomodo
2745 2707 2983 2779 gratiam
3023 2707 3081 2762 in
3130 2708 3293 2764 nobis
3343 2708 3660 2764 inviolatam

2065 2796 2407 2861 inseruerit,
2465 2806 2563 2853 aut
2615 2799 2897 2870 quomodo
2968 2815 3164 2856 rursus
3226 2800 3282 2855 in
3342 2801 3662 2857 hominibus

2067 2885 2310 2942 radicem
2388 2885 2630 2957 Spiritus
2714 2889 2923 2960 egerit,
2978 2906 3157 2960 quove
3224 2899 3391 2961 pacto
3457 2898 3661 2947 natura

2065 2976 2124 3031 in
2160 2977 2460 3048 pristinum
2515 2987 2716 3034 statum
2765 2979 3068 3036 reformata
3116 2982 3221 3048 sit,
3265 2982 3659 3052 exponendum

2069 3076 2155 3126 est
2188 3070 2472 3141 deinceps.
2493 3070 2716 3128 Primus
2750 3072 2845 3128 ille
2874 3073 3039 3128 homo
3067 3082 3327 3131 terrenus
3357 3089 3487 3130 cum
3512 3069 3662 3132 esset

2069 3178 2135 3219 ac
2174 3164 2244 3219 de
2276 3169 2446 3230 terra,
2483 3173 2537 3220 et
2570 3164 2627 3219 in
2657 3180 2759 3222 sua
2795 3172 3075 3236 potestate
3109 3167 3275 3223 sitam
3305 3168 3534 3226 haberet
3558 3169 3661 3225 bo-

2068 3256 2128 3311 ni
2162 3257 2364 3312 malive
2385 3257 2689 3328 optionem,
2721 3265 2888 3330 atque
2914 3261 3320 3332 propensionis
3356 3260 3415 3315 in
3447 3259 3661 3316 alteru-

2071 3356 2216 3404 trum
2261 3349 2524 3406 dominus
2563 3359 2731 3417 esset,
2769 3351 2924 3422 gravi
2973 3352 3104 3408 dolo
3147 3361 3441 3423 correptus
3470 3362 3579 3419 est,
3605 3353 3663 3410 et

2065 3441 2125 3497 in
2166 3441 2604 3498 inoh'edientiam
2648 3443 2864 3514 lapsus,
2899 3443 2956 3498 in
3003 3451 3207 3499 terram
3243 3451 3479 3500 matrem
3515 3442 3665 3500 unde

2067 3534 2375 3604 prodierat,
2404 3534 2627 3601 decidit,
2663 3541 2718 3589 et
2740 3535 3093 3605 corruptioni
3127 3536 3351 3593 demum
3386 3537 3665 3609 mortique

2065 3627 2372 3687 obnoxius,
2405 3626 2464 3681 in
2498 3629 2828 3683 universum
2858 3644 3035 3699 genus
3066 3628 3333 3685 damnum
3363 3631 3660 3688 transmith

2066 3717 2169 3784 tit;
2205 3726 2498 3775 crescente
2528 3734 2660 3775 vero
2696 3721 2754 3775 in
2787 3720 2954 3776 nobis
2986 3726 3043 3776 et
3081 3721 3456 3792 multiplicato
3489 3722 3662 3788 malo,

2064 3818 2122 3868 et
2151 3812 2339 3866 animo
2378 3821 2576 3868 nostro
2613 3828 2835 3885 semper
2867 3813 2925 3869 in
2957 3814 3118 3885 pejus
3150 3824 3371 3882 ruente,
3405 3816 3665 3888 regnavit

2066 3910 2384 3975 peccatum,
2418 3911 2589 3976 atque
2636 3905 2715 3961 ita
2746 3905 2971 3963 demum
3006 3914 3211 3962 natura
3243 3906 3489 3963 hominis
3533 3921 3665 3978 spo-

2066 3996 2203 4050 liata
2221 4002 2309 4051 est
2325 3995 2675 4052 inhabitante
2688 3996 2919 4067 Spiritu.
2949 4016 2969 4050 ‹
3004 3996 3249 4069 Spiritus
3261 3998 3411 4055 enim
3429 4006 3666 4056 sanctus

2067 4086 2357 4157 sapientiae
2396 4088 2586 4145 dolum
2622 4089 2819 4161 fugiet,
2853 4107 2874 4141 ι
2921 4096 2983 4143 ut
3031 4088 3307 4159 scriptum
3343 4097 3451 4156 est,
3492 4108 3513 4142 ‹
3559 4106 3663 4146 nec

2066 4176 2342 4231 habitabit
2397 4177 2452 4233 in
2508 4193 2741 4248 corpore
2787 4177 3014 4234 subdito
3050 4178 3295 4248 peccatis
3315 4177 3383 4233 ³⁷.
3436 4196 3456 4230 ι
3510 4177 3665 4244 Quo-

2066 4271 2217 4325 niam
2239 4285 2373 4343 ergo
2405 4271 2622 4343 primus
2653 4271 2829 4327 Adam
2861 4271 3102 4342 gratiam
3133 4270 3243 4327 sibi
3277 4287 3309 4328 a
3331 4271 3444 4327 Deo
3472 4272 3662 4330 datam

2068 4377 2178 4419 non
2206 4372 2549 4433 servaverat,
2582 4364 2887 4421 destinavit
2918 4364 3083 4421 nobis
3104 4364 3329 4421 caelitus
3355 4365 3662 4422 secundum

349 4460 474 4523 καὶ,
502 4459 611 4512 «Οὐ
636 4458 958 4529 κατοικήσει
979 4458 1039 4511 ὲν
1064 4457 1279 4528 σώματι
1305 4457 1594 4528 κατάχρεῳ
1615 4459 1910 4530 ἁμαρτίας.
1939 4479 1958 4513 ι

2068 4454 2242 4510 Adam
2294 4455 2441 4513 Deus
2496 4470 2560 4512 ac
2607 4455 2797 4512 Pater.
2840 4456 3014 4512 Mittit
3061 4457 3209 4512 enim
3246 4455 3305 4513 in
3344 4458 3668 4514 similitudi-

362 4550 526 4603 Ἐπεὶ
556 4549 741 4603 τοίνυν
775 4550 804 4602 6
834 4547 1051 4620 πρῶτος
1087 4548 1262 4619 Ἀδὰμ
1298 4547 1397 4618 τὴν
1437 4549 1589 4621 παρὰ
1623 4550 1758 4602 Θεοῦ
1789 4549 1955 4604 δοθεῖ-

348 4654 458 4693 ςαν
510 4640 574 4692 ού
626 4637 853 4692 διέσωσε
886 4639 1067 4710 χάριν,
1113 4640 1407 4711 ἐπενόησεν
1438 4642 1572 4711 ἡμῖν
1620 4640 1681 4706 ἐξ
1730 4641 1959 4711 ούρανοῦ

342 4730 445 4783 τὸν
478 4728 739 4798 δεύτερον
785 4728 959 4800 ’Δδὰμ
990 4728 1019 4780 6
1056 4728 1192 4792 Θεὸς
1219 4729 1314 4782 καὶ
1343 4729 1554 4801 Πατήρ.
1590 4729 1807 4801 Πέμπει
1852 4730 1962 4802 γὰρ

344 4823 435 4885 εἰς
480 4819 749 4890 ὁμοίωσιν
792 4820 894 4893 τὴν
928 4820 1066 4893 πρὸς
1097 4822 1246 4893 ἡμᾶς
1279 4821 1548 4891 ἀτρεπτόν
1579 4838 1641 4875 τε
1671 4822 1768 4876 καὶ
1804 4821 1965 4877 ἀναλ-

281 4958 305 4980 ,
341 4911 738 4969 λοίαπονὸντα
763 4915 830 4984 τῇ
852 4912 1012 4982 φύσει
1029 4912 1123 4966 τὸν
1151 4911 1282 4966 ἴδιον
1309 4912 1461 4976 Υἱδν,
1487 4899 1669 4975 καῖτδ
1697 4904 1964 4985 ἁμαρτεῖν

338 5008 455 5061 οὐκ
489 5005 674 5060 εἰδότα
699 5005 1000 5071 παντελῶς,
1040 5005 1129 5059 ἵνα
1158 5005 1410 5077 καθάπερ
1437 5004 1526 5059 διὰ
1551 5005 1651 5075 τῆς
1681 5003 1777 5058 τοῦ
1810 5003 1963 5073 πρώ-

298 5152 305 5159 ,
346 5114 450 5152 του
490 5098 781 5168 παρακοῆς
814 5097 920 5150 ὑπὸ
948 5096 1098 5151 θείαν
1126 5097 1433 5167 γεγόναμεν
1468 5096 1659 5168 ὀργὴν,
1703 5096 1846 5151 οὕτω
1877 5095 1967 5151 διὰ

351 5194 453 5264 τῆς
482 5192 742 5263 ὑπακοῆς
765 5189 861 5245 τοῦ
885 5191 1164 5263 δευτέρου,
1190 5190 1287 5244 καὶ
1306 5190 1405 5258 τὴν
1427 5190 1566 5260 ἀρὰν
1585 5188 1960 5259 διαφύγωμεν,

296 5343 303 5347 ,
346 5284 448 5338 καὶ
476 5283 553 5337 τὰ
590 5282 652 5346 ἐξ
692 5282 866 5349 αὐτῆς
892 5283 1109 5355 ἀργήσῃ
1133 5282 1302 5336 κακά.
1347 5280 1565 5352 Ἐπειδὴ
1592 5281 1650 5335 δὲ
1675 5280 1964 5352 ἄνθρωπος

344 5379 585 5446 γέγονεν
618 5377 649 5429 6
687 5375 781 5430 τοῦ
808 5375 945 5429 Θεοῦ
971 5375 1167 5445 Λόγος,
1213 5374 1429 5446 δέχεται
1459 5373 1523 5427 τὸ
1552 5374 1777 5446 Πνεῦμα
1810 5375 1964 5448 παρὰ

342 5470 447 5525 τοῦ
489 5469 726 5541 Πατρὸς,
750 5468 827 5532 ὡς
858 5462 939 5531 εἷς
965 5467 1026 5533 ἐξ
1049 5466 1229 5539 ἡμῶν,
1265 5468 1363 5538 οὐχ
1396 5464 1573 5537 ἑαυτῷ
1598 5485 1649 5520 τι
1668 5466 1962 5538 λαμὸάνων

345 5557 550 5623 tam};
576 5574 592 5589 ο
630 5559 798 5623 αὐτὸς
842 5561 953 5632 γὰρ
994 5555 1064 5639 ἦν
1100 5559 1130 5612 6
1175 5557 1270 5612 τοῦ
1318 5558 1640 5630 Πνεύματος
1686 5558 1921 5630 χορηγός
1946 5573 1959 5586 ’

2067 4563 2193 4603 nem
2238 4550 2419 4605 nostri
2457 4566 2622 4607 suum
2648 4549 2856 4605 Filium
2886 4558 3088 4606 natura
3122 4564 3225 4606 sua
3248 4550 3583 4609 mutationis
3609 4557 3667 4607 et

2070 4640 2421 4697 alterationis
2449 4642 2731 4709 nescium,
2753 4648 2811 4696 et
2839 4641 3052 4711 peccati
3084 4656 3319 4711 prorsus
3348 4651 3662 4712 expertem,

2071 4742 2133 4788 ut
2167 4734 2639 4803 quemadmodum
2668 4750 2767 4805 per
2796 4735 3229 4790 inobcdientiam
3261 4733 3428 4803 primi
3461 4735 3667 4790 divinae

2070 4821 2170 4877 irae
2203 4822 2447 4893 subjecti
2487 4822 2719 4891 fuimus,
2758 4823 2832 4877 ita
2875 4838 2976 4893 per
3011 4820 3383 4879 obedientiam
3434 4824 3666 4880 secundi

2068 4914 2524 4972 maledictionem
2578 4930 2804 4987 quoque
2854 4914 3170 4986 fugiamus,
3230 4921 3287 4971 et
3330 4914 3454 4985 ejus
3517 4916 3668 4972 mala

2068 5016 2292 5063 cessent
2324 5007 2390 5062 ³⁸.
2413 5008 2552 5063 Cum
2587 5014 2771 5064 autem
2816 5006 2986 5063 homo
3023 5007 3235 5064 factum
3268 5008 3344 5065 sit
3388 5007 3487 5064 Dei
3524 5007 3665 5069 Ver-

2065 5097 2233 5162 bum,
2269 5097 2541 5169 Spiritum
2576 5115 2608 5155 a
2636 5098 2803 5156 Patre
2836 5100 3064 5172 accipit,
3100 5108 3163 5156 ut
3206 5117 3352 5158 unus
3392 5117 3425 5158 e
3471 5103 3660 5172 nobis,

2067 5203 2177 5243 non
2219 5189 2327 5245 sibi
2371 5190 2582 5262 aliquid
2619 5191 2940 5263 specialiter
2985 5193 3267 5264 accipiens
3316 5193 3467 5266 (erat
3510 5198 3662 5254 enim

2065 5279 2186 5351 ipse
2219 5282 2458 5354 largitor
2511 5282 2800 5359 Spiritus),-
2833 5288 2928 5344 sed
2979 5296 3043 5344 ut
3099 5296 3395 5361 acceptum
3448 5300 3667 5346 naturae

2072 5380 2280 5428 nostra:
2304 5384 2689 5444 conservaret,
2720 5385 2782 5433 ut
2829 5378 3018 5447 homo,
3051 5388 3111 5436 et
3138 5395 3341 5437 rursus
3387 5379 3662 5435 radicaret

2070 5463 2127 5518 in
2162 5465 2327 5523 nobis
2358 5468 2597 5539 gratiam
2629 5485 2755 5542 qua:
2778 5482 3117 5542 recesserat,
3141 5474 3211 5537 is,
3237 5472 3336 5542 qui
3366 5476 3663 5542 peccatum

2068 5571 2180 5612 non
2212 5560 2390 5616 novit.
2437 5559 2595 5622 Hanc
2641 5563 2793 5622 enim
2827 5565 2902 5624 ob
2946 5580 3174 5623 causam
3224 5563 3485 5620 existimo
3528 5574 3659 5619 salv-

427 5731 473 5760 ³⁸
511 5737 653 5795 Cen.
692 5757 754 5808 ιι,
778 5738 873 5794 25.
948 5720 1015 5771 1‘“
1048 5740 1185 5796 Gen.
1221 5753 1307 5803 ιιι,
1354 5740 1436 5795 19.
1519 5738 1560 5771 ³⁷
1595 5738 1726 5810 Sap.
1772 5755 1815 5806 ι,
1848 5739 1900 5793 5.

2072 5739 2237 5800 “om.
2260 5760 2315 5811 ν,
2362 5745 2454 5801 ίὸδ
