4106 6506
499 374 601 431 207

1463 355 1516 408 S.
1556 347 1834 407 CYRILLI
1881 338 2354 399 ALEXANDRINI
2380 341 2699 398 ARCIIIEP.

3667 347 3777 403 εὶὗὸ

503 500 654 549 ctum
726 486 1023 557 Baptistam
1097 480 1305 535 utiliter
1355 475 1665 537 addidisse,
1712 490 1729 523 ι
1767 471 1908 538 Quia
1964 467 2076 522 vidi

2196 464 2268 521 ἵνα
2315 467 2381 537 τῇ
2431 466 2591 535 φύσει
2636 466 2879 539 διασώσῃ
2923 466 3136 533 λαϐὼν,
3183 467 3258 531 ὡς
3307 467 3627 542 ἄνθρωπος,
3683 480 3779 526 καὶ

506 583 774 656 Spiritum
797 573 1236 633 descendentem
1264 568 1331 623 de
1363 568 1528 629 caelo,
1549 574 1602 621 et
1635 573 1955 619 manentem
1989 578 2082 618 su-

504 689 605 746 per
632 686 756 729 eum
782 670 847 724 ³⁹.
877 688 896 721 ι
926 664 1179 721 Avolavit
1215 660 1362 717 enim
1396 676 1465 714 ex
1497 657 1658 712 nobis
1693 664 1920 726 propter
1957 669 2084 725 pec—

504 744 710 825 catum,
743 759 925 813 factus
978 766 1162 810 autem
1210 758 1296 808 est
1324 750 1475 806 velut
1523 764 1669 804 unus
1695 764 1761 802 ex
1793 745 1958 801 nobis
1988 744 2084 814 qui

506 860 792 927 peccatum
827 863 939 904 non
970 846 1148 912 novit,
1184 852 1238 900 ut
1268 841 1597 898 assueﬁeret
1634 851 1801 909 porro
1841 835 2086 907 Spiritus

507 960 728 1003 manere
760 945 820 999 in
851 941 1036 1005 nobis,
1070 954 1196 994 cum
1236 933 1555 993 discedendi
1590 938 1685 986 aut
1732 926 2086 987 suliducendi

504 1056 564 1097 se
588 1052 814 1095 causam
850 1035 909 1091 in
954 1033 1074 1104 ipso
1115 1046 1226 1085 non
1267 1029 1514 1083 haberet.
1568 1024 1743 1095 Igitur
1788 1020 1952 1077 nobis
1989 1033 2086 1090 per

506 1132 750 1202 seipsum
782 1126 1049 1197 Spiritum
1084 1120 1307 1192 accipit,
1343 1128 1397 1174 ct
1425 1125 1636 1172 naturae
1668 1124 1828 1169 vetus
1879 1113 2083 1167 bonum

510 1228 757 1279 renovat.
810 1218 902 1273 Sic
946 1216 1111 1272 etiam
1145 1226 1351 1284 pauper
1398 1209 1580 1265 iactus
1605 1207 1812 1262 dicitur
1856 1211 2087 1276 preptcr

508 1329 633 1369 nos.
670 1312 832 1366 Dives
883 1308 1031 1363 enim
1080 1319 1204 1359 cum
1263 1303 1356 1365 sit,
1407 1315 1518 1370 qua
1566 1298 1732 1360 Deus,
1772 1304 1826 1351 et
1879 1295 2087 1350 nullius

514 1404 647 1462 boni
696 1401 940 1472 indigus,
993 1397 1158 1451 homo
1209 1393 1388 1448 factus
1428 1397 1514 1446 est
1556 1388 1805 1444 omnium
1843 1401 2085 1457 egenus;

509 1497 577 1551 ad
609 1509 774 1566 quem
807 1487 1013 1545 alicubi
1033 1487 1242 1542 dictum
1264 1478 1351 1540 est
1383 1481 1648 1553 praeclare
1677 1496 1690 1533 :
1715 1497 1733 1529 ι
1771 1477 1915 1544 Quid
1939 1476 2087 1532 enim

514 1587 674 1660 124
706 1587 876 1641 habes
911 1581 1058 1653 quod
1097 1593 1209 1634 non
1268 1574 1533 1645 accepisti
1556 1572 1640 1626 “‘2
1666 1590 1685 1623 ι
1722 1569 2090 1637 Quemadmo.

509 1684 638 1735 dum
672 1692 804 1748 ergo
833 1674 944 1729 vita
978 1670 1284 1729 secundum
1318 1673 1571 1722 naturam
1620 1662 1895 1719 exsistens
1936 1672 2089 1714 mor-

512 1784 637 1828 tuus
662 1779 747 1826 est
768 1765 1076 1824 secundum
1109 1773 1333 1817 carnem
1363 1764 1588 1828 propter
1609 1767 1731 1819 nos,
1764 1761 1825 1807 ut
1852 1755 2088 1806 mortem

508 1865 756 1920 vinceret
788 1874 890 1929 pro
927 1855 1112 1919 nobis,
1146 1859 1200 1907 et
1245 1851 1566 1905 universam
1602 1860 1792 1902 secum
1829 1850 2087 1898 naturam

510 1953 986 2012 conresuscitaret
1012 1948 1230 2017 (omnes
1262 1942 1411 1999 enim
1445 1953 1669 1997 eramus
1699 1937 1757 1991 in
1784 1937 1927 2007 ipso,
1951 1946 2091 2005 qua-

512 2061 675 2105 tenus
703 2045 872 2101 homo
905 2041 1091 2095 factus
1108 2038 1237 2106 est),
1257 2034 1339 2092 sic
1374 2033 1541 2088 etiam
1565 2029 1830 2103 Spiritum
1865 2032 2091 2097 propter

511 2154 616 2198 nos
650 2135 874 2207 accipit,
915 2143 977 2188 ut
1013 2144 1233 2187 omnem
1289 2125 1602 2185 sanctiﬁcet
1648 2129 1927 2179 naturam.
1969 2115 2092 2174 Non

511 2231 661 2286 enim
715 2204 791 2282 in_
818 2238 981 2281 suum
1034 2218 1387 2275 commodum
1434 2213 1618 2278 venit,
1672 2209 1769 2267 sed
1826 2216 1886 2264 ut
1931 2204 2092 2262 nobis

513 2319 772 2375 omnibus
802 2310 1162 2385 principium,
1195 2315 1252 2362 et
1273 2305 1385 2371 via,
1421 2311 1478 2359 et
1504 2302 1674 2373 janua
1714 2299 1787 2355 sit
1818 2297 2091 2353 bonorum

512 2407 845 2466 caelestium.
883 2401 1001 2457 Nisi
1052 2398 1201 2454 enim
1255 2396 1528 2466 accipere,
1564 2400 1624 2447 ut
1670 2390 1859 2455 homo,
1906 2387 2091 2443 visum

512 2508 683 2566 esset,
730 2504 826 2553 aut
858 2495 1024 2551 etiam
1071 2489 1208 2562 pati,
1245 2496 1307 2544 ut
1347 2501 1491 2542 unus
1523 2499 1555 2540 e
1583 2483 1767 2547 uobis,
1811 2478 2092 2552 quomodo

512 2594 695 2668 ipsum
723 2605 784 2647 se
813 2586 1139 2645 humiliasse
1168 2580 1386 2637 ostendi
1424 2576 1647 2649 posset?
1688 2581 1783 2629 aut
1811 2571 2092 2643 quomodo

514 2663 659 2743 servi
682 2682 859 2739 forma
890 2686 1038 2735 recte
1066 2676 1116 2732 ei
1144 2674 1502 2737 tribueretur,
1542 2668 1655 2725 nisi
1676 2668 1746 2724 de
1772 2669 1897 2739 ipso
1927 2663 2092 2737 quid-

513 2777 638 2830 dam
671 2774 837 2831 etiam
868 2784 1028 2827 servo
1057 2764 1394 2823 conveniens
1436 2761 1707 2830 scriptum
1737 2758 1919 2815 esset?
1965 2756 2091 2817 Noli

512 2881 645 2939 ergo
673 2861 1142 2936 sapientissimam
1187 2853 1592 2912 incarnationis
1626 2852 1898 2907 rationem
1930 2849 2091 2906 velli-

512 2974 661 3024 care,
692 2970 855 3028 quam
885 2953 1108 3010 divinus
1148 2950 1240 3005 ille
1270 2948 1482 3003 Paulus
1524 2945 1653 3015 iure
1682 2944 1937 3008 miratur,
1981 2942 2093 2997 cia-

511 3064 670 3107 mans
702 3067 716 3104 :
750 3066 770 3100 ι
801 3044 874 3101 Ut
910 3044 1228 3101 innotescat
1271 3052 1424 3095 nunc
1462 3035 1869 3108 principatibus
1902 3042 1957 3090 et
1992 3048 2093 3105 po-

2189 556 2397 630 ῥιζὼσῃ
2432 558 2593 612 πάλιν
2640 559 2698 611 ἐν
2731 560 2862 628 ἡμῖν
2906 559 3005 630 τὴν
3032 561 3481 631 άποφοιτήσασαν
3532 562 3714 634 χάριν,
3749 567 3779 619 ό

2191 650 2265 721 μὴ
2292 650 2446 714 είδὼς
2480 651 2775 723 ἁμαρτίαν.
2806 652 2906 706 Διὰ
2929 653 3133 725 ταύτην
3160 654 3269 725 γὰρ
3293 653 3447 727 οἶμαι
3468 658 3568 728 τὴν
3595 659 3779 714 αἰτίαν

2188 743 2634 815 προστεθεικέναι
2693 744 2983 815 χρησίμως
3040 745 3134 798 τὸν
3200 746 3357 814 ἅγιον
3422 747 3778 821 Βαπτιστήν⁶

2194 832 2347 884 «Ὅτι
2395 830 2661 902 τεθέαμαι
2700 832 2762 884 τὸ
2804 833 3031 904 Πνεῦμα
3059 834 3388 891 καταϐαῖνον
3417 835 3479 901 ἐξ
3519 838 3777 909 οὐρανοῦ,

2189 922 2284 974 καὶ
2315 920 2530 991 ἔμεινεν
2556 921 2643 973 ἐπ’
2680 922 2863 977 αὐτόν.
2893 941 2911 973 ι
2969 924 3213 995 Ἀπέπτη
3251 926 3350 996 μὲν
3388 925 3498 999 γὰρ
3534 927 3594 995 ἐξ
3618 930 3779 1000 ἡμῶν

2188 1012 2278 1066 διὰ
2303 1012 2403 1085 τὴν
2431 1014 2725 1085 ἁμαρτίαν,
2760 1014 2953 1083 γέγονε
2983 1014 3040 1069 δὲ
3077 1016 3154 1080 ὡς
3197 1011 3280 1080 είς
3311 1017 3373 1083 ἐξ
3410 1018 3587 1089 ἡμῶν,
3622 1022 3651 1073 ό
3700 1021 3778 1093 μὴ
3812 1044 3823 1051 ·

2189 1104 2347 1170 εἰδὼς
2372 1107 2668 1178 ἁμαρτίαν,
2710 1108 2796 1160 ῖνα
2828 1107 3126 1180 προσεθίσῃ
3155 1110 3216 1162 τὸ
3246 1110 3474 1182 Πνεῦμα
3507 1112 3688 1183 μένειν
3719 1116 3781 1169 ἓν

2189 1197 2341 1267 ἡμῖν,
2373 1197 2628 1269 ἀφορμὴν
2656 1199 2758 1252 οὐκ
2789 1197 2912 1269 ἕχον
2955 1199 3377 1271 ἀναχωρήσεως,
3410 1203 3442 1274 ἢ
3474 1204 3781 1276 ὑποστολῆς

2189 1289 2248 1341 ὲν
2273 1289 2443 1359 αὐτῷ.
2473 1288 2680 1342 Οὐκοῦν
2704 1292 2835 1360 ἡμῖν
2858 1292 2923 1345 δι’
2951 1291 3143 1346 ἑαυτοῦ
3166 1293 3429 1364 λαμϐάνει
3449 1296 3508 1349 τὸ
3531 1297 3778 1368 Πνεῦμα,

2191 1383 2285 1435 καὶ
2313 1384 2528 1435 ἁνανεοῖ
2556 1385 2622 1453 τῇ
2658 1383 2817 1451 φύσει
2847 1384 2910 1436 τὸ
2946 1385 3169 1456 ἀρχαῖον
3202 1386 3405 1454 ἀγαθόν
3432 1402 3445 1415 ⁸
3493 1387 3638 1442 οῦτω
3684 1391 3781 1444 καὶ

2192 1474 2506 1542 πτωχεῠσαι
2540 1472 2758 1540 λέγεται
2803 1473 2869 1526 δι’
2917 1475 3079 1545 ἡμᾶς.
3118 1474 3380 1539 Πλούσιός
3405 1477 3513 1549 γὰρ
3559 1477 3656 1543 ὢν,
3700 1479 3777 1544 ὡς

2191 1561 2344 1629 Θεὸς,
2391 1564 2484 1616 καὶ
2530 1563 2741 1627 οὐδενὸς
2786 1565 2892 1616 τῶν
2939 1564 3160 1632 ἀγαθῶν
3205 1566 3443 1639 ἐπιδεὴς,
3494 1568 3781 1641 ἄνθρωπος

2192 1654 2384 1723 γέγονε
2414 1655 2633 1711 πάντων
2666 1656 2905 1727 ἐπιδεὴς,
2958 1654 3095 1725 πρὸς
3137 1658 3197 1712 ὃν
3243 1658 3458 1730 εἴρηταί
3506 1677 3632 1726 που,
3685 1666 3782 1715 καὶ

2198 1747 2404 1818 σφόδρα
2425 1746 2628 1811 καλῶς’
2660 1749 2753 1802 «Τί
2776 1750 2885 1820 γὰρ
2906 1749 3073 1822 ἔχεις,
3099 1751 3128 1804 ὃ
3149 1752 3248 1805 οὐκ
3269 1751 3484 1818 ἔλαϐες
3517 1772 3535 1805 ι
3569 1754 3781 1826 Ὠσπερ

2197 1834 2290 1892 οὖν
2332 1838 2445 1910 ζωὴ
2487 1839 2631 1893 κατὰ
2663 1840 2825 1910 φύσιν
2874 1844 3131 1914 ὑπάρχων
3159 1844 3399 1899 ἀπέθανε
3433 1846 3576 1901 κατὰ
3603 1847 3783 1919 σάρκα

2194 1928 2263 1982 δι’
2292 1930 2459 2000 ἡμᾶς,
2508 1931 2594 1985 ἵνα
2639 1933 2839 2004 νικήσῃ
2884 1933 2978 1987 τὸν
3023 1933 3253 1990 θάνατον
3295 1936 3436 2008 ὑπὲρ
3477 1933 3656 2008 ἡμῶν,
3684 1938 3784 1992 καὶ

2195 2018 2322 2092 ὅλην
2380 2020 2557 2091 ἐαυτῷ
2604 2025 2985 2097 συναναστήσῃ
3026 2025 3123 2096 τὴν
3165 2023 3328 2096 φύσιν
3364 2041 3381 2059 ο
3433 2027 3633 2091 πάντες
3670 2028 3783 2100 γὰρ

2192 2106 2335 2183 ἦμεν
2367 2114 2426 2166 ὲν
2462 2114 2644 2187 αὐτῷ,
2670 2115 2806 2169 καθὸ
2832 2116 3056 2185 γέγονεν
3086 2116 3373 2187 ἄνθρωπος
3399 2133 3411 2148 ·
3437 2118 3577 2173 οὕτω
3604 2121 3786 2174 καὶτὸ
3814 2140 3818 2143 Α

2194 2203 2422 2276 Πνεῦμα
2464 2205 2679 2277 δέχεται
2714 2207 2795 2262 δι’
2836 2210 3019 2277 ἡμᾶς,
3069 2210 3156 2264 ἵνα
3203 2212 3386 2265 πᾶσαν
3436 2212 3637 2285 ἁγιάσῃ
3681 2212 3793 2283 τὴν

2195 2296 2378 2366 φύσιν.
2421 2299 2497 2352 Οὐ
2528 2298 2636 2371 γὰρ
2668 2301 2863 2355 ἑαυτὸν
2899 2302 3198 2373 ὠφελήσων
3228 2303 3503 2375 ἐλήλυθεν,
3545 2305 3663 2359 ἀλλ’
3695 2306 3788 2360 ἵνα

2197 2390 2363 2443 πᾶσιν
2410 2390 2543 2461 ἡμῖν
2587 2391 2753 2461 ἀρχὴ,
2789 2391 2886 2445 καὶ
2930 2392 3070 2457 ὁδὸς,
3104 2395 3201 2447 καὶ
3242 2392 3380 2465 θύρα
3415 2394 3639 2466 γένηται
3672 2397 3785 2452 τῶν

2194 2479 2465 2552 οὐρανίων
2510 2480 2751 2549 ἀγαθῶν.
2802 2481 2868 2536 Ει
2912 2483 3023 2554 γὰρ
3055 2485 3130 2555 μὴ
3177 2484 3321 2549 ἔδοξε
3353 2485 3674 2557 λαμϐάνειν,
3706 2487 3786 2551 ὡς

2198 2570 2505 2642 ἄνθρωπος,
2538 2571 2571 2642 ἢ
2612 2572 2709 2625 καὶ
2753 2572 3006 2644 πάσχειν,
3037 2573 3113 2637 ὠς
3142 2567 3222 2638 εἷς
3254 2574 3314 2639 se
3339 2574 3516 2647 ἡμῶν,
3556 2575 3674 2640 πῶς
3716 2577 3787 2631 ἂν

2197 2663 2365 2728 ἔδειξε
2413 2681 2517 2730 τις,
2572 2665 2653 2716 ὃτι
2696 2666 3097 2720 τεταπείνωκεν
3146 2667 3383 2731 ὲαυτόν;
3430 2670 3499 2721 Ἢ
3548 2668 3667 2732 πῶς
3716 2668 3784 2723 ἂν

2197 2752 2376 2825 ἐσώθη
2412 2755 2593 2818 καλῶς
2621 2756 2655 2825 ἡ
2683 2755 2777 2809 τοῦ
2815 2755 3003 2809 δούλου
3031 2757 3235 2829 μορφὴ,
3268 2760 3315 2811 εί
3349 2761 3424 2829 μή
3460 2776 3513 2814 τι
3542 2761 3637 2815 καὶ
3661 2760 3786 2816 δου-

2197 2846 2469 2918 λοπρεπὲς
2494 2847 2713 2919 ἐγράφη
2734 2849 2864 2920 περὶ
2890 2849 3091 2916 αὑτοῦ;
3126 2851 3216 2922 Μὴ
3242 2851 3583 2921 διασυρέσθω
3605 2853 3786 2907 τοίνυν

2197 2940 2226 2992 ὁ
2278 2939 2553 3009 πάνσοφος
2599 2942 2700 3012 τῆς
2744 2942 3057 3013 οἰκονομίας
3101 2942 3278 3011 λόγος,
3320 2943 3382 2997 δν
3425 2945 3518 2998 καὶ
3561 2944 3728 3010 αὐτὸς
3754 2948 3786 3001 ό

2157 3049 2161 3052 '
2201 3031 2482 3097 θεσπέσιος
2516 3033 2723 3098 Παῦλος
2745 3035 2972 3098 εἰκότως
2994 3035 3373 3106 ἀποθαυμάζει
3397 3029 3539 3106 βοῶν
3564 3052 3580 3068 ·
3628 3056 3648 3091 ι
3664 3039 3786 3092 ἰνα

512 3140 808 3199 testatibus
831 3138 891 3192 in
912 3133 1239 3192 caelestibus
1260 3145 1360 3201 per
1389 3128 1703 3189 Ecclesiam
1738 3124 2092 3181 multiformis

2200 3125 2476 3198 γνωρισθῇ
2512 3124 2608 3180 νῦν
2638 3126 2756 3191 ταῖς
2786 3126 3004 3197 ἀρχαῖς,
3032 3128 3125 3180 καὶ
3148 3130 3268 3191 ταῖς
3293 3127 3562 3192 ἐξουσίαις
3584 3131 3641 3183 ὲν
3673 3131 3786 3192 τοῖς

511 3232 787 3307 sapientia
810 3229 929 3294 Dei,
954 3226 1260 3283 secundum
1288 3220 1709 3293 prmﬁnitionem
1737 3219 2094 3284 stimulorum,

512 3336 680 3395 quam
709 3321 840 3378 fecit
870 3320 927 3375 in
955 3317 1182 3375 Christo
1207 3313 1340 3371 Jesu
1373 3313 1610 3369 Domino
1639 3323 1830 3368 nostro
1851 3311 1919 3365 δι.
1948 3329 1967 3362 ι
1995 3307 2099 3364 Sa-

510 3414 725 3486 pientia
774 3411 922 3467 enim
973 3421 1191 3474 revera,
1233 3421 1415 3477 eaque
1444 3403 1557 3460 Deo
1590 3402 1952 3466 conveniens,
1986 3408 2098 3455 ma-

513 3518 683 3575 gnum
716 3500 853 3558 illud
897 3497 1301 3554 incarnationis
1342 3495 1562 3550 videtur
1588 3508 1712 3550 esse
1747 3489 2102 3562 mysterium.

515 3596 593 3653 lta
628 3596 696 3650 de
726 3592 1026 3649 Servatore
1071 3596 1265 3645 nostro
1313 3587 1660 3644 sentiendum
1692 3596 1819 3641 esse
1864 3596 2015 3646 reor,
2047 3579 2097 3635 si

517 3690 593 3761 pii
633 3700 758 3744 esse
798 3685 1075 3753 volumus,
1105 3692 1159 3738 et
1189 3683 1509 3752 dogmatum
1550 3678 1941 3736 rectitudinem
1979 3690 2099 3731 am-

516 3781 830 3851 plectimur.
879 3776 1070 3848 Neque
1105 3774 1251 3832 enim
1305 3775 1361 3829 in
1412 3782 1620 3829 tantam
1655 3772 1891 3829 rationis
1919 3784 2097 3840 penu«

514 3875 659 3930 riam
707 3870 1084 3933 devolvemur,
1111 3874 1173 3921 ut
1219 3866 1276 3922 in
1309 3866 1450 3922 Filio
1500 3864 1805 3923 secundum
1840 3869 2095 3918 naturam

479 3965 788 4037 ’Spiritum
839 3976 938 4032 per
982 3958 1470 4031 participationem
1513 3968 1640 4013 esse
1681 3962 1979 4026 putemus,
2032 3968 2098 4009 ac

516 4070 628 4113 non
663 4052 1101 4112 substantialiter
1151 4051 1337 4122 potius
1373 4050 1604 4107 insitum
1635 4046 2096 4118 quemadmodum

515 4148 777 4204 nimirum
801 4154 855 4202 et
885 4144 940 4200 in
971 4144 1095 4215 ipso
1120 4141 1305 4198 Patre.
1340 4140 1413 4197 Ut
1442 4140 1591 4197 enim
1626 4138 1832 4208 Patris,
1867 4141 1942 4195 ita
1971 4138 2097 4195 Filii

514 4255 737 4312 quoque
765 4248 853 4296 est
887 4245 1117 4295 sanctus
1152 4235 1414 4305 Spiritus.
1458 4233 1551 4287 Sic
1596 4232 1738 4302 apud
1777 4231 2098 4303 Scripturas

515 4333 735 4388 divinas
756 4330 1025 4402 legimus:
1050 4347 1069 4381 ι
1093 4328 1230 4383 Cum
1252 4327 1399 4382 enim
1433 4324 1717 4381 venissent
1747 4324 1802 4378 in
1844 4323 2095 4396 Mysiam,

516 4423 725 4493 inquit,
764 4421 1051 4477 tentabant
1099 4421 1182 4476 ire
1235 4419 1291 4473 in
1338 4414 1671 4488 Bithyniam,
1715 4424 1770 4471 et
1807 4430 1917 4471 non
1964 4429 2094 4485 per-

2201 3217 2583 3289 ὲπουρανίοις,
2645 3217 2735 3272 διὰ
2784 3219 2884 3290 τῆς
2928 3218 3285 3289 Ἐκκλησίας,
3331 3223 3364 3291 ἡ
3402 3220 3786 3285 πολυποίκιλος

2202 3309 2365 3379 σοφία
2417 3309 2511 3363 τοῦ
2559 3308 2727 3373 Θεοῦ,
2775 3310 2918 3365 κατὰ
2966 3310 3225 3382 πρόθεσιν
3268 3310 3379 3365 τῶν
3422 3313 3670 3375 αἰώνων,
3718 3311 3793 3383 ἣν

2199 3399 2457 3471 ἐποίησεν
2490 3400 2548 3453 ὲν
2571 3400 2796 3472 Χριστῷ
2827 3402 3003 3473 Ἰησοῦ
3032 3402 3108 3474 τῷ
3136 3403 3330 3475 Κυρίῳ
3354 3404 3531 3475 ἡμῶν.
3561 3423 3581 3456 ι
3616 3404 3792 3473 Σοφία

2199 3491 2308 3563 γάρ
2341 3491 2509 3556 ὅντως
2550 3492 2644 3545 καὶ
2684 3492 3031 3564 θεοπρεπὴς,
3078 3494 3140 3549 τὸ
3188 3495 3330 3565 μέγα
3370 3496 3473 3565 τῆς
3506 3495 3789 3568 ὲνανθρω-

2200 3584 2420 3654 σιτήσεως
2445 3582 2640 3653 ὁρᾶται
2680 3587 2998 3656 μυστήριον.
3032 3585 3302 3657 Τοιαύτην
3342 3585 3486 3657 ἔχειν
3514 3588 3660 3657 ἡμᾶς
3687 3591 3790 3656 τὴν

2199 3675 2331 3746 περὶ
2360 3676 2455 3728 τοῦ
2486 3674 2737 3746 Σωτῆρος
2767 3674 3019 3746 διάληψιν
3044 3677 3242 3748 χρῆναι
3270 3678 3381 3731 δεῖν
3416 3679 3790 3749 ὑπολαμϐάνω

2199 3766 2327 3830 τοὺς
2367 3766 2611 3821 εὐσεϐεῖν
2651 3767 2971 3839 ἑλομένους,
3006 3770 3099 3824 καὶ
3132 3771 3225 3825 ἐπὶ
3254 3773 3319 3843 τῇ
3351 3771 3459 3824 τῶν
3499 3770 3790 3841 δογμάτων

2198 3856 2450 3929 ὀρθότητι
2494 3858 2786 3930 χαίροντας
2808 3874 2822 3892 ⁸
2867 3862 2930 3914 οὐ
2958 3860 3068 3932 γὰρ
3098 3860 3162 3932 δή
3202 3879 3305 3915 που
3343 3862 3479 3933 πρὸς
3518 3863 3789 3934 τοσαύτην

2199 3947 2424 4017 ἀλογίαν
2468 3948 2890 4020 καταϐησόμεθα
2923 3951 3016 4004 καὶ
3056 3952 3239 4021 ἡμεῖς,
3280 3950 3356 4014 ὡς
3406 3950 3613 4005 οἴεσθαι
3653 3953 3790 4023 μεθ-

2200 4041 2357 4095 εκτὸν
2382 4043 2440 4095 ὲν
2460 4040 2537 4111 τῷ
2561 4041 2706 4096 κατὰ
2731 4042 2892 4112 φύσιν
2913 4042 3030 4114 Υίῷ
3044 4042 3109 4096 τὸ
3135 4042 3360 4114 Πνεῦμα
3380 4043 3667 4114 ὑπάρχειν,
3694 4045 3790 4097 καὶ

2199 4134 2320 4206 ουχὶ
2352 4134 2552 4205 μᾶλλον
2586 4134 2860 4199 οὺσιωδῶς
2885 4135 3214 4204 ἐκπεφυκὸς,
3250 4136 3440 4208 ὥσπερ
3467 4134 3560 4191 οὖν
3593 4137 3789 4208 ἀμέλει

2203 4227 2297 4282 καὶ
2322 4225 2470 4297 αὐτῷ
2502 4225 2581 4296 τῷ
2630 4226 2824 4297 Πατρί.
2862 4227 3074 4298 ’Ὠσπερ
3102 4227 3211 4299 γὰρ
3238 4228 3332 4280 τοῦ
3376 4226 3611 4298 Πατρὸς,
3645 4228 3790 4282 οὓτω

2202 4319 2299 4374 καὶ
2341 4318 2436 4372 τοῦ
2471 4318 2601 4372 Υίοῦ
2631 4319 2745 4371 ἐστι
2784 4318 2846 4371 τὸ
2893 4318 3118 4389 Πνεῦμα
3155 4318 3218 4372 τὸ
3273 4318 3427 4387 διγιον
3455 4336 3470 4352 ο
3511 4319 3657 4374 οὕτω
3692 4320 3791 4374 καὶ

2203 4410 2518 4479 ἀνέγνωμεν
2559 4409 2712 4480 παρὰ
2754 4412 2874 4473 ταῖς
2907 4409 3082 4473 θείαις
3110 4410 3354 4481 Γραφαῖς
3379 4426 3394 4440 ’
3450 4430 3471 4464 ι
3511 4410 3791 4476 Ἐλθόντες

519 4490 676 4569 misit
716 4527 814 4570 eos
847 4512 1088 4585 Spiritus
1117 4510 1280 4566 Jesus
1301 4511 1367 4564 “.
1396 4527 1414 4560 ι
1443 4508 1599 4574 Quod
1635 4508 1680 4563 si
1708 4507 1834 4577 quis
1867 4513 2092 4561 conten-

2205 4501 2311 4569 γὰρ
2343 4499 2482 4554 κατὰ
2514 4499 2610 4570 τὴν
2650 4500 2889 4564 Μυσίαν,
2943 4500 3129 4570 φησιν,
3200 4502 3490 4573 ἐπείραζον
3548 4505 3629 4566 είς
3684 4504 3789 4574 τὴν

520 4605 721 4661 tiosins
744 4613 955 4675 urgeat,
974 4611 1031 4659 et
1054 4616 1277 4657 rursum
1311 4608 1527 4655 asserat
1556 4598 1821 4670 Spiritum
1853 4612 1948 4668 per
1968 4611 2098 4667 par-

521 4696 899 4766 ticipationem
951 4708 1077 4750 esse
1126 4692 1183 4746 in
1234 4689 1408 4756 Filio,
1451 4698 1545 4743 aut
1596 4705 1722 4743 eum
1768 4689 1925 4758 prius
1988 4702 2098 4741 non

521 4790 750 4854 inesset,
779 4786 1020 4858 coepisse
1067 4792 1185 4838 tum
1227 4784 1282 4836 in
1332 4797 1397 4835 co
1428 4796 1573 4844 esse,
1622 4790 1747 4835 cum
1783 4776 2097 4849 baptizatus

518 4886 624 4945 est,
644 4875 1048 4931 incarnationis
1076 4871 1338 4927 nimirum
1366 4880 1635 4940 tempore,
1658 4870 1846 4925 videat
1875 4883 2095 4925 rursum

521 4973 575 5025 in
610 4974 744 5040 quot
782 4976 836 5023 et
867 4974 1108 5036 quantas
1142 4961 1514 5016 absurditates
1566 4975 1626 5015 se
1665 4960 1947 5030 conjiciat.
1976 4960 2095 5014 Pri--

457 5096 464 5107 .
520 5075 667 5113 mum
716 5058 887 5122 enim,
930 5057 1074 5112 inter
1114 5067 1210 5107 eos
1241 5052 1334 5121 qui
1374 5052 1676 5122 gignuntur
1704 5068 1736 5106 e
1769 5052 2094 5107 mulieribus

519 5168 628 5208 non
675 5148 990 5207 surrexisse
1026 5145 1206 5214 major
1251 5143 1457 5199 dicitur
1482 5142 1697 5200 Joanne
1748 5145 1990 5215 Baptista
2026 5145 2089 5197 ⁵³,

520 5243 660 5299 Vere
689 5241 948 5313 quidem:
983 5239 1078 5294 sed
1117 5238 1367 5293 videmus
1396 5252 1521 5291 eum
1547 5237 1642 5306 qui
1674 5252 1950 5293 summum
1976 5239 2091 5309 glo-

518 5334 616 5389 ria:
641 5334 896 5387 humanae
927 5335 1073 5383 tenet
1114 5328 1420 5399 fastigium,
1459 5329 1876 5400 incomparabili
1916 5329 2095 5384 excel-

518 5423 685 5477 lentia
714 5419 1001 5474 Christum
1038 5418 1316 5473 honorare
1340 5437 1354 5474 :
1386 5439 1406 5472 ι
1443 5420 1560 5475 Non
1593 5436 1715 5477 sum
1744 5439 1763 5473 ι
1788 5423 1936 5476 enim
1963 5440 1981 5471 ι
2009 5421 2094 5475 di-

508 5505 719 5581 gnus,
747 5507 957 5576 inquit,
1000 5517 1060 5562 ut
1100 5508 1306 5563 solvam
1347 5510 1469 5580 ejus
1519 5509 1815 5581 corrigiam
1886 5511 2096 5565 calcen-

519 5598 776 5655 menti“.
805 5619 824 5652 ›
862 5601 931 5654 At
960 5600 1055 5671 qui
1090 5615 1200 5655 non
1244 5601 1544 5657 absurdum
1592 5611 1645 5657 et
1699 5602 1930 5673 impium
1990 5615 2093 5667 est,

2204 4593 2455 4647 Βιθυνίαν
2489 4592 2781 4660 ἀπελθεῖν,
2834 4595 2925 4647 καὶ
2961 4595 3060 4647 οὐκ
3102 4595 3282 4649 εῖασεν
3324 4594 3522 4659 αὐτοὺς
3559 4595 3789 4666 Πνεῦμα

2216 4684 2410 4755 Ἰησοῦ.
2428 4705 2445 4736 ι
2481 4686 2541 4737 Ei
2560 4684 2617 4737 δέ
2637 4701 2716 4754 τῳ
2741 4684 2888 4737 δοκεῖ
2912 4683 3343 4757 φιλονεικότερον
3370 4687 3484 4751 τοῖς
3510 4687 3638 4757 περὶ
3659 4686 3787 4740 τού-

2201 4793 2310 4830 των
2340 4776 2654 4830 ὲνίστασθαι
2682 4778 2880 4844 λόγοις,
2911 4777 3004 4830 καὶ
3030 4776 3456 4849 διισχυρίζεσθαι
3490 4778 3673 4840 πάλιν,
3702 4779 3789 4832 ὃτι

2202 4866 2346 4922 κατὰ
2401 4868 2619 4938 μέθεξιν
2662 4870 2719 4921 ὲν
2751 4867 2827 4939 τῷ
2876 4868 2990 4939 Υίῷ
3040 4869 3100 4921 τὸ
3143 4868 3372 4940 Πνεῦμὰ
3407 4865 3578 4933 ἐστιν,
3611 4869 3646 4940 ἢ
3690 4871 3789 4923 καὶ

2200 4960 2321 5013 τότε
2355 4960 2580 5029 γέγονεν
2606 4960 2663 5012 ὲν
2692 4959 2862 5031 αὐτῷ,
2897 4960 3162 5032 πρότερον
3194 4960 3294 5015 οὐκ
3328 4961 3656 5032 ἐνυπάρχον,
3693 4961 3787 5014 ὗτε

2202 5054 2297 5106 καὶ
2331 5050 2655 5121 ἐϐαπτίσθη,
2680 5052 2820 5105 κατὰ
2838 5050 2929 5104 τὸν
2958 5053 3058 5122 τῆς
3085 5051 3549 5122 ὲνανθρωπήσεως
3569 5050 3785 5122 χρόνον,

2201 5146 2382 5218 ὁράτω
2410 5145 2574 5198 πάλιν
2602 5145 2810 5215 ἡλίκοις
2840 5161 2900 5196 τε
2943 5143 3037 5195 καὶ
3070 5143 3214 5206 ὅσοις
3251 5146 3628 5212 περιπεσεῖται
3673 5144 3788 5207 τοῖς

2203 5238 2376 5307 ἀτοπή
2386 5253 2537 5307 μασι.
2578 5236 2803 5306 Πρῶτον
2830 5236 2928 5306 μὲν
2959 5235 3087 5306 γὰρ,
3115 5235 3216 5288 οὐκ
3240 5235 3536 5306 ἐγηγέρθαι
3566 5235 3731 5306 φησιν
3757 5238 3787 5289 ὁ

2203 5332 2392 5403 Σωτὴρ
2416 5332 2474 5382 ὲν
2493 5333 2768 5400 γεννητοῖς
2787 5329 3059 5397 γυναικῶν
3090 5329 3336 5381 Ἰωάννου
3362 5327 3454 5381 τοῦ
3470 5326 3788 5381 ¹Βαπτιστοῦ

2202 5425 2292 5476 τὸν
2329 5422 2552 5495 μείζονα
2576 5436 2591 5451 °
2641 5423 2736 5476 ml.
2766 5420 2972 5492 ἀληθὴς
3001 5422 3029 5474 ὁ
3055 5420 3213 5489 λόγος
3237 5436 3251 5452 ο
3300 5418 3417 5475 ἀλλ’
3447 5421 3667 5491 ὁρῶμεν
3696 5420 3791 5473 τὸν

2204 5517 2284 5580 εἰς
2321 5516 2600 5586 ἀκρότητα
2634 5514 2790 5584 δόξης
2828 5528 2886 5566 τε
2918 5514 3013 5567 καὶ
3039 5512 3239 5583 ἀρετῆς
3271 5507 3649 5583 ἀναϐεϐηκότα
3688 5511 3790 5581 τῆς

2203 5611 2262 5662 ὲν
2289 5610 2441 5679 ἡμῖν,
2486 5606 2841 5676 ἁσυγκρίτοις
2878 5603 3174 5677 ὑπεροχαῖς
3217 5604 3461 5674 τιμῶντα
3504 5602 3743 5674 Χριστόν
3767 5618 3785 5635 ⁶

595 5782 811 5840 “Joan.
848 5803 887 5854 ι,
919 5788 1006 5843 5‘2.
1086 5787 1169 5843 ιοι
1200 5788 1329 5845 Cor.
1366 5805 1438 5858 ιγ,
1471 5789 1522 5845 7.
1598 5789 1640 5821 δι
1665 5788 1969 5859 Ephes.m,
2001 5791 2089 5859 10,

2196 5831 2214 5849 .
2291 5788 2479 5843 "Act.
2516 5802 2627 5853 im,
2657 5786 2705 5841 7.
2784 5785 3033 5842 "Matth.
3064 5801 3141 5851 xi,
3178 5784 3265 5837 ii.
3336 5783 3382 5815 δι
3418 5782 3575 5838 Joan.
3619 5797 3659 5850 ι,
3689 5781 3782 5837 27.
