4106 6522
396 6082 429 6127 ⁵⁸..

1468 534 1525 590 S.
1568 533 1844 592 CYRILLI
1872 532 2341 589 ALEXANDIHNI
2377 535 2696 592 AliCiiiEP.

3629 535 3738 592 9.22

478 669 587 711 non
613 654 754 709 alius
778 654 846 709 ab
876 654 995 723 ipso
1024 653 1337 720 sitveritas,
1359 652 1487 707 audi
1513 667 1710 709 rursus
1738 651 2010 708 dicentem
2035 668 2049 704 :

2170 651 2313 705 ἱλλον
2344 653 2699 723 Παράκλητον
2724 651 2884 706 δώσει
2921 653 3069 723 ὑμῖν,
3099 652 3161 705 τὺ
3200 650 3430 723 Πνεῦμα
3463 653 3562 720 τῆς
3606 653 3744 723 ἀλη-

480 765 499 799 ‹
540 746 651 818 Ego
680 761 801 802 sum
836 745 1040 801 veritas
1064 745 1131 799 ⁸⁷.
1157 764 1177 798 ι
1214 745 1351 800 Cum
1386 759 1517 816 ergo
1547 745 1751 800 veritas
1770 745 1843 799 sit
1873 751 1926 799 et
1955 757 2051 797 vo-

474 849 632 893 cetur
681 845 876 891 natura
923 834 1097 892 Filius
1132 852 1147 889 :
1181 835 1309 891 vide
1358 842 1621 906 quantam
1682 835 1881 889 habeat
1924 847 2051 887 eum

477 931 596 1000 ipso
629 928 870 999 Spiritus
898 929 1194 984 unitatem.
1234 929 1325 982 Ait
1361 929 1509 983 enim
1536 926 1737 981 alicubi
1770 926 1837 981 de
1869 924 2055 979 Salva-

476 1033 594 1076 tore
631 1030 828 1076 nostro
859 1019 1103 1076 Joannes
1137 1019 1445 1090 discipulus
1479 1036 1492 1073 :
1528 1037 1547 1069 ‹
1580 1016 1683 1072 Hie
1713 1025 1803 1073 est
1833 1017 1927 1087 qui
1963 1031 2055 1070 ve-

475 1115 558 1168 nit
590 1129 689 1185 per
737 1128 960 1185 aquam,
987 1119 1041 1167 et
1080 1112 1435 1183 sanguinem,
1467 1118 1524 1167 et
1556 1108 1849 1185 Spiritum,
1891 1105 2055 1161 Jesus

473 1184 735 1261 Christus
759 1221 771 1257 :
792 1184 913 1260 non
943 1205 999 1260 in
1038 1218 1182 1277 aqua
1210 1204 1419 1267 solum,
1457 1201 1556 1258 sed
1579 1184 1635 1255 in
1667 1215 1811 1270 aqua
1838 1206 1892 1255 et
1924 1213 2056 1254 san-

477 1294 678 1365 guine;
715 1302 770 1349 et
810 1293 1054 1365 Spiritus
1086 1292 1290 1365 estqui
1333 1298 1595 1358 testatur,
1635 1290 1766 1360 quia
1796 1288 2056 1345 Christus

480 1384 684 1440 veritas
714 1392 799 1440 est
827 1383 892 1438 ⁸⁸.
926 1404 946 1438 ι
974 1383 1238 1448 Proinde,
1274 1390 1331 1439 et
1383 1381 1729 1436 inhabitante
1779 1379 1837 1432 in
1896 1378 2055 1433 nobis

476 1482 670 1528 sancto
711 1473 942 1544 Spiritu,
979 1474 1034 1528 in
1067 1472 1323 1529 interiori
1376 1471 1621 1536 homine,
1654 1468 1906 1524 habitare
1939 1469 2058 1539 ipse

478 1565 686 1621 dicitur
728 1566 1009 1633 Christus,
1036 1576 1202 1637 atque
1234 1566 1308 1620 ita
1332 1581 1391 1620 se
1424 1580 1512 1619 res
1537 1564 1702 1619 habet
1732 1569 1955 1618 natura.
1990 1560 2059 1614 Et

479 1666 630 1716 certe
678 1660 870 1715 beatus
912 1660 1116 1714 Paulus
1168 1658 1224 1713 id
1281 1657 1596 1713 clarissime
1655 1655 1866 1711 docens
1925 1653 1998 1706 ait
2043 1670 2056 1706 :

484 1765 502 1796 ι
532 1745 643 1802 Vos
690 1759 870 1802 autem
909 1764 1019 1803 non
1074 1748 1211 1803 estis
1251 1747 1304 1800 in
1361 1762 1545 1813 carne,
1588 1745 1684 1801 sed
1719 1745 1774 1799 in
1814 1743 2056 1814 Spiritu;

478 1838 755 1908 siquidem
788 1838 1029 1909 Spiritus
1055 1838 1151 1893 Dei
1188 1837 1404 1890 habitat
1433 1837 1484 1889 in
1514 1835 1690 1890 vobis.
1726 1833 1779 1889 Si
1814 1834 1939 1903 quis
1962 1848 2060 1886 au-

478 1942 584 1984 tem
624 1929 893 2001 Spiritum
929 1930 1136 1985 Christi
1173 1945 1282 1983 non
1313 1929 1496 1994 habet,
1541 1928 1627 1981 hic
1658 1943 1769 1981 non
1800 1935 1883 1980 cst
1914 1924 2055 1992 eius.

479 2020 536 2075 Si
566 2038 698 2077 vero
728 2023 981 2078 Christus
1004 2024 1056 2077 in
1088 2023 1266 2087 vobis,
1294 2037 1496 2091 corpus
1528 2020 1747 2091 quidem
1778 2025 2055 2072 mortuum
2093 2057 2133 2113 Β

482 2120 706 2181 propter
757 2121 1072 2182 peceatum,
1128 2111 1371 2179 Spiritus
1428 2117 1609 2166 autem
1665 2110 1774 2163 vita
1836 2118 2061 2179 propter

474 2188 749 2269 justitiam
778 2204 847 2257 ⁴⁹.
875 2224 892 2256 ι
932 2203 1032 2258 iiic
1073 2209 1379 2273 promptam
1408 2217 1621 2266 aurem,
1655 2215 1866 2273 quaeso,
1897 2199 2060 2254 dictis

479 2294 862 2350 accommoda.
882 2295 1017 2350 Cum
1049 2296 1316 2366 Spiritum
1342 2295 1552 2349 Christi
1581 2293 1977 2348 inbabitantcm
2009 2291 2061 2344 in

480 2384 645 2440 nobis
667 2387 1028 2455 nominasset,
1071 2390 1257 2455 statim
1292 2387 1618 2461 subiunxit:
1649 2385 1706 2439 Si
1739 2399 1874 2439 vero
1905 2382 2063 2438 Chri-

481 2487 605 2534 stus
653 2480 708 2535 in
738 2482 916 2548 vobis,
963 2484 1237 2553 aequalem
1276 2499 1373 2555 per
1408 2482 1596 2538 omnia
1636 2478 2061 2536 similitudinem

482 2581 732 2627 statuens
754 2570 876 2627 Filii
913 2587 1038 2628 cum
1074 2573 1288 2645 Spiritu
1322 2575 1417 2645 qui
1458 2576 1719 2644 proprius
1751 2571 1873 2640 ejus
1903 2576 1987 2625 est
2009 2578 2063 2624 et
2094 2624 2111 2637 ,

483 2662 552 2716 ab
581 2650 703 2733 ipso
735 2665 1036 2720 secundum
1077 2672 1338 2719 naturam
1372 2663 1648 2736 procedit.
1672 2661 1912 2733 ideoque
1944 2660 2066 2732 Spi-

487 2753 627 2811 ritus
664 2754 977 2826 adoptionis
1012 2773 1233 2827 quoque
1267 2757 1500 2821 dicitur,
1532 2762 1587 2812 et
1617 2756 1672 2809 in
1710 2755 1829 2826 ipso
1860 2754 2066 2807 ciama-

485 2860 607 2902 mus
634 2861 647 2898 :
676 2845 827 2903 Abba
864 2847 1026 2903 Pater
1053 2848 1208 2902 5°.Et
1244 2856 1303 2902 ut
1333 2849 1526 2903 beatus
1577 2846 1777 2901 alicubi
1819 2843 2065 2900 Joannes

482 2938 560 2991 ait
591 2953 605 2990 :
641 2955 660 2989 ι
692 2936 774 2992 Ex
822 2939 927 2994 hoc
975 2940 1400 3011 cognoscimus,
1452 2939 1581 3009 quia
1635 2938 1691 2992 in
1746 2936 1908 2991 nobis
1956 2945 2061 2998 est,

481 3027 611 3096 quia
633 3027 702 3083 de
733 3028 945 3099 Spiritu
970 3046 1072 3086 suo
1098 3030 1246 3084 dedit
1269 3029 1435 3087 nobis
1457 3030 1525 3081 5’.
1559 3048 1578 3080 ι
1608 3026 1735 3081 iiacc
1767 3025 2066 3082 suﬁcctura

482 3108 706 3188 quidem
739 3120 1008 3187 arbitror,
1039 3130 1099 3176 ut
1130 3121 1396 3177 Ecclesia:
1436 3119 1533 3174 lilii
1585 3118 1801 3188 possint
1844 3115 2064 3171 haereti-

481 3226 678 3266 corum
721 3211 923 3267 damna
956 3214 1227 3282 repellere
1261 3231 1275 3266 :
1316 3212 1364 3265 si
1395 3210 1522 3281 quis
1564 3217 1748 3263 autem
1798 3222 1950 3263 mera
1980 3208 2066 3262 in-

483 3303 649 3356 scitia
684 3302 874 3361 ebrius
901 3318 967 3358 ac
1001 3303 1361 3368 temulentus,
1391 3300 1592 3355 Filium
1619 3300 1901 3356 existimat
1951 3308 2064 3352 tum

2157 744 2326 810 θείας,
2375 745 2402 798 ὃ
2448 747 2477 798 6
2511 745 2715 817 κόσμος
2752 746 2813 799 οὐ
2843 746 3064 799 δύναται
3085 746 3310 821 χωρεῖν.
3341 763 3360 796 ι
3417 744 3549 798 Ἰδοὺ
3587 744 3742 815 διαρ-

2161 838 2327 908 ρήδην
2358 836 2585 909 Πνεῦμα
2616 838 2713 907 τῆς
2746 836 3004 906 ἀληθείας
3034 836 3095 888 τὸ
3125 835 3278 903 ἅγιον
3306 835 3532 905 Πνεῦμά
3555 852 3740 904 φησιν.

2161 929 2279 982 Ὅτι
2324 929 2379 982 δὲ
2421 930 2600 996 αὐτὸς,
2657 930 2751 983 καὶ
2798 929 2897 999 οὐχ
2938 927 3123 999 ἕτερός
3174 929 3290 980 ἐστι
3336 928 3467 997 παρ’
3510 925 3670 978 αὑτὸν
3709 926 3742 993 ἡ

2159 1021 2405 1093 ἀλήθεια,
2440 1022 2601 1075 πάλιν
2633 1021 2796 1075 ἄκουε
2823 1020 3073 1088 λέγοντος
3097 1036 3111 1051 ·
3163 1037 3181 1070 t
3218 1017 3358 1086 Ἑγὼ
3391 1020 3505 1088 εἰμι
3536 1018 3569 1086 ἡ
3612 1016 3747 1086 ἁλὴ·

2158 1112 2295 1166 θεια.
2334 1131 2353 1164 ι
2410 1110 2692 1181 ’Λληθείας
2735 1106 2828 1165 οῦν
2863 1112 3014 1175 ὄντος
3059 1128 3119 1164 τε
3152 1111 3247 1162 καὶ
3281 1106 3619 1177 κεκλημένου
3647 1105 3744 1158 τοῦ

2158 1203 2298 1256 κατά
2326 1202 2487 1271 φύσιν
2528 1201 2683 1268 Υίοῦ,
2719 1202 2884 1273 βλέπε
2916 1200 3086 1270 πόσην
3120 1199 3233 1270 ἔχει
3262 1200 3322 1252 τὸ
3353 1197 3576 1266 Πνεῦμα
3604 1195 3744 1265 πρὸς

2159 1296 2320 1353 αὐτὸν
2350 1297 2448 1368 τὴν
2471 1294 2717 1366 ἑνότητα.
2752 1294 2915 1362 Λέγει
2942 1292 3050 1364 γάρ
3074 1308 3176 1344 που
3212 1291 3342 1362 περὶ
3369 1288 3464 1342 τοῦ
3491 1287 3745 1357 Σωτῆρος

2159 1385 2316 1459 ἡμῶν
2349 1388 2603 1457 Ἰωάννης
2625 1389 2653 1439 6
2688 1384 2966 1456 μαθητής·
3006 1374 3207 1446 (Οὗτός
3239 1385 3386 1436 ἐστιν
3419 1383 3447 1434 6
3479 1378 3651 1433 ἐλθὼν
3677 1376 3745 1430 δι’

2159 1476 2371 1543 ὓδατος,
2396 1481 2493 1531 καὶ
2509 1478 2757 1547 αἵματος,
2788 1477 2881 1529 καὶ
2902 1474 3041 1529 Πνεύ
3051 1490 3220 1544 ματος
3255 1471 3461 1542 Ἰησοῦς
3483 1469 3740 1538 Χριστός·

2159 1570 2259 1625 of“:
2288 1572 2344 1623 ἐν
2371 1567 2447 1639 τῷ
2477 1567 2628 1621 ὕδατι
2660 1567 2840 1637 μόνον,
2879 1566 2994 1620 ἀλλ’
3030 1566 3087 1619 ὲν
3115 1564 3192 1635 τῷ
3223 1563 3395 1627 ῦδατι,
3426 1564 3519 1615 καὶ
3550 1561 3626 1631 τῷ
3659 1559 3746 1614 ατ-

2163 1676 2333 1729 ματι,
2379 1659 2472 1712 καὶ
2516 1659 2577 1712 τὸ
2630 1656 2856 1728 Πνεῦμά
2898 1659 3015 1709 ἐστι
3064 1657 3123 1709 τὸ
3171 1654 3513 1726 μαρτυροῦν,
3567 1654 3649 1705 ὅτι
3687 1651 3751 1705 τδ

2161 1750 2381 1821 πνεῦμά
2423 1753 2572 1805 ἐστιν
2602 1753 2633 1821 ἡ
2665 1750 2914 1822 ἀλήθεια.
2953 1769 2972 1801 ι
3023 1748 3204 1801 Διάτοι
3248 1745 3430 1809 τοῦτο,
3472 1743 3567 1796 καὶ
3606 1745 3751 1796 ἐνοι-

2159 1841 2382 1906 κοῦντος
2412 1844 2542 1913 ἡμῖν
2569 1841 2662 1896 τοῦ
2696 1842 2852 1911 ἁγίου
2881 1840 3215 1910 Πνεύματος,
3252 1839 3333 1901 εἰς
3368 1837 3459 1891 τὸν
3506 1836 3614 1889 ἔσω
3655 1836 3752 1895 ᾆν-

2162 1935 2379 2007 θρωπον
2429 1936 2704 1988 κατοικεῖν
2735 1934 2897 1997 αὐτὸς
2925 1932 3147 2000 λέγεται
3173 1930 3430 2001 Χριστὸς,
3458 1928 3551 1981 καὶ
3573 1924 3752 1988 οὕτως

2162 2026 2275 2096 ἔχει
2297 2026 2359 2079 τὸ
2384 2028 2617 2096 πρᾶγμα
2641 2030 2707 2097 τῇ
2732 2026 2912 2095 φύσει.
2947 2023 3058 2078 Καὶ
3085 2022 3218 2092 γοῦν
3246 2022 3274 2074 6
3307 2020 3574 2092 μακάριος
3600 2017 3752 2071 Παῦ-

2165 2118 2255 2182 λος
2298 2117 2612 2186 σαφέστατα
2656 2116 2814 2170 τοῦτο
2842 2115 3106 2169 διδάσκων
3154 2112 3355 2184 φησίνο
3412 2110 3641 2180 (Ὑμεῖς
3691 2106 3757 2161 δε

2163 2211 2263 2265 οὐκ
2291 2211 2414 2262 ἐστὲ
2441 2211 2500 2263 ὲν
2536 2208 2873 2280 σαρκὶηάλλέ
2909 2210 2966 2261 ὲν
2996 2205 3293 2275 Πνεῦματι,
3328 2201 3488 2280 εἴπερ
3524 2201 3754 2271 Πνεῦμα

2164 2303 2300 2357 Θεοῦ
2331 2304 2470 2357 οἰκεῖ
2507 2303 2565 2356 ὲν
2600 2275 2748 2372 ῦμῖν.
2799 2300 2862 2353 Εἰ
2911 2298 2969 2352 δέ
2999 2315 3084 2361 τις
3129 2293 3354 2367 Πνεῦμα
3386 2275 3624 2367 Χριστοῦ
3650 2293 3755 2345 οὐκ

2164 2392 2299 2464 ἔχει,
2337 2388 2491 2455 οὗτος
2519 2391 2619 2445 οὐκ
2646 2390 2792 2453 ἔστιν
2823 2387 3010 2444 αὐτοῦ.
3063 2389 3126 2441 Εἰ
3154 2388 3211 2441 δὲ
3238 2385 3475 2457 Χριστὸς
3503 2387 3561 2437 ὲν
3597 2384 3750 2455 ὑμῖν,

2165 2485 2224 2538 τὸ
2256 2484 2353 2555 μὲν
2386 2484 2545 2554 σῶμα
2575 2482 2766 2551 νεκρὸν
2792 2481 2859 2535 δι’
2889 2479 3183 2552 ἁμαρτίαν,
3212 2478 3273 2531 τὸ
3302 2478 3356 2531 δὲ
3385 2476 3609 2546 Πνεῦμα
3637 2475 3754 2543 ζωὴ

2164 2576 2251 2631 διὰ
2290 2574 2658 2644 δικαιοσύνην.
2692 2594 2710 2626 ›
2753 2573 2984 2639 Ὀξεῖαν,
3017 2566 3062 2625 ὧ
3084 2566 3256 2637 οὗτος,
3289 2571 3403 2631 τοῖς
3434 2567 3755 2639 εἰρημένοις

2167 2668 2401 2739 ὑπόσχες
2424 2667 2523 2738 τὴν
2552 2667 2740 2737 ἀκοήν,
2771 2664 2995 2735 Πνεῦμα
3023 2656 3262 2732 Χριστοῦ
3285 2662 3346 2716 τὸ
3378 2658 3665 2714 κατοικοῦν
3695 2660 3756 2712 ὲν

2167 2763 2297 2831 ἡμῖν
2331 2759 2623 2830 ὀνομάσας,
2661 2759 2941 2827 ἐπήγαγεν
2976 2756 3137 2818 εὐθύς
3161 2772 3174 2785 ·
3225 2756 3287 2807 Εἰ
3329 2754 3385 2806 δὲ
3431 2752 3665 2823 Χριστὸς
3694 2752 3754 2801 ἐν

2168 2854 2325 2922 ὑμῖν,
2373 2851 2794 2923 ἀπαράλλακτον
2844 2848 3115 2920 εἰσφέρων
3163 2846 3261 2918 τὴν
3318 2844 3614 2916 ὁμοιότητα
3655 2839 3754 2894 τοῦ

2169 2946 2319 3011 Υἰοῦ,
2352 2944 2485 3016 πρὸς
2509 2943 2567 2996 τὸ
2590 2944 2717 2996 ἴδιον
2746 2941 2932 3006 αὐτοῦ,
2954 2925 3049 2994 καὶ
3079 2939 3209 3010 παρ’
3238 2936 3401 2991 αὐτοῦ
3429 2934 3568 2989 κατά
3591 2934 3757 3002 φύσιν

2169 3030 2534 3106 προχεόμενον
2582 3033 2823 3105 Πνεῦμα.
2897 3032 3077 3085 Διάτοι
3121 3028 3318 3093 τοῦτο,
3373 3028 3470 3081 καὶ
3528 3024 3758 3095 Πνεῦμα

2168 3127 2440 3198 υἱοθεσίας
2470 3126 2710 3194 λέγεται,
2756 3124 2851 3177 καί
2896 3125 2955 3176 ὲν
2990 3121 3138 3191 αὐτῷ
3183 3120 3480 3191 κράζομενο
3526 3115 3697 3169 Ἀὗὸᾶ
3726 3116 3761 3167 ό

2170 3221 2379 3291 Πατήρ.
2430 3217 2541 3271 Καὶ
2584 3216 2659 3280 ὡς
2691 3217 2719 3267 ὁ
2756 3215 3024 3286 μακάριός
3081 3210 3182 3268 πού
3235 3226 3399 3281 φησιν
3458 3207 3755 3277 ’1ωάννης’

2174 3329 2191 3361 ι
2217 3312 2312 3363 Ἐκ
2353 3308 2545 3365 τούτου
2590 3307 2958 3376 γινώσκομεν,
2994 3304 3078 3357 ὅτι
3123 3303 3181 3355 ὲν
3212 3303 3343 3373 ἡμῖν
3371 3301 3539 3362 ἐστιν,
3580 3297 3662 3350 ὅτι
3692 3297 3760 3349 ἐκ

487 3394 726 3469 primum
761 3395 1028 3465 Spiritum
1064 3395 1368 3466 accepisse,
1392 3410 1517 3451 eum
1547 3395 1729 3451 factus
1758 3404 1843 3451 est
1864 3394 2061 3449 homo:

2170 3403 2261 3457 τοῦ
2294 3401 2612 3471 Πνεῦματος
2642 3397 2808 3453 αὐτοῦ
2844 3398 3043 3450 ἔδωκεν
3072 3396 3225 3465 ἡμῖν.
3261 3411 3277 3445 ι
3325 3387 3497 3462 Οἶμαι
3535 3389 3634 3461 μὲν
3663 3383 3761 3442 οῦν

485 3486 744 3549 ostendat
770 3486 864 3543 Dei
896 3486 1139 3542 Verbum
1176 3496 1302 3544 ante
1338 3488 1775 3544 incarnationem
1810 3493 2062 3543 sanctum

486 3592 600 3646 non
630 3593 774 3644 esse,
807 3587 860 3635 et
895 3595 999 3636 nos
1027 3581 1356 3638 tacebimus.
1388 3579 1523 3636 Jure
1557 3590 1743 3636 autem
1776 3578 2067 3634 mirandus

486 3674 574 3727 cst
600 3676 831 3725 sanctus
859 3671 1199 3743 evangelista
1229 3673 1323 3743 qui
1346 3673 1550 3743 ubique
1578 3673 1752 3727 multa
1784 3687 1908 3727 cum
1935 3686 2068 3726 cau-

488 3763 641 3815 tione
683 3771 981 3817 conservat
1010 3779 1073 3819 ea
1091 3779 1212 3833 quae
1237 3773 1454 3819 naturae
1484 3764 1687 3820 divina:
1708 3763 2065 3819 conveniunt.

488 3850 627 3905 Cum
657 3853 801 3924 enim
826 3861 987 3909 antea
1008 3854 1264 3922 dixisset,
1287 3858 1563 3911 neminem
1592 3870 1835 3925 unquam
1863 3852 2089 3921 vidisse,

493 3943 661 3999 Deum
680 3943 751 4010 ",
772 3953 827 4001 et
853 3946 1009 4019 127
1038 3962 1186 4001 nunc
1205 3960 1235 4000 a
1266 3948 1428 4003 beato
1459 3946 1701 4018 Baptista
1732 3947 1915 4002 visum
1945 3943 2071 4014 Spi-

488 4038 659 4092 ritum
694 4046 928 4103 asserat,
957 4038 1379 4095 descendentem
1407 4056 1569 4110 super
1601 4039 1798 4095 Filium
1826 4038 2069 4102 caelitus,

489 4128 645 4194 addit
675 4132 1014 4198 necessario,
1049 4140 1330 4201 spectasse
1361 4133 1602 4202 quidem,
1633 4131 1727 4188 scd
1762 4128 1946 4200 specie
1974 4142 2072 4183 co-

490 4218 715 4286 lumbae,
751 4235 863 4275 non
894 4221 1224 4290 simpliciter
1252 4222 1432 4291 qualis
1462 4231 1659 4277 natura
1691 4234 1791 4274 sua
1829 4218 2069 4284 exsistit,

490 4313 587 4369 sed
622 4312 899 4369 mitissimi
930 4313 1186 4370 animalis
1215 4316 1396 4384 specie
1426 4314 1838 4382 adumbratum,
1868 4320 1927 4367 ut
1969 4313 2072 4367 hoc

493 4411 654 4473 pacto
682 4419 904 4460 rursum
938 4405 1215 4460 videretur
1245 4404 1693 4477 coniunctionem
1732 4412 1785 4460 et
1810 4404 2070 4465 similitu-

491 4496 677 4550 dinem
708 4498 1013 4552 naturalem
1059 4515 1281 4555 servare
1312 4514 1439 4554 eum
1472 4497 1611 4551 Filio
1641 4496 1891 4553 dicente:
1925 4514 1943 4547 (
1980 4496 2074 4550 Di-

493 4587 633 4641 scite
668 4601 696 4640 a
730 4603 837 4651 me,
864 4590 992 4660 quia
1045 4592 1194 4646 mitis
1238 4606 1357 4646 sum
1404 4597 1459 4643 et
1506 4587 1730 4643 humilis
1757 4588 1923 4643 corde
1947 4588 2015 4642 ⁵³.
2049 4608 2066 4641 ι

491 4677 664 4756 igitur
695 4694 808 4734 non
855 4678 1073 4737 desinet
1112 4698 1238 4737 esse
1281 4680 1425 4735 Deus
1466 4681 1768 4735 secundum
1815 4686 2071 4734 naturam

495 4767 733 4843 Spiritus
776 4787 790 4824 :
823 4769 889 4824 de
932 4787 1042 4841 quo
1096 4786 1294 4843 nempe
1334 4771 1539 4825 dicitur
1577 4786 1861 4840 nunquam
1893 4772 2071 4825 visum

490 4875 635 4924 csse,
683 4861 788 4915 nisi
845 4861 1115 4916 duntaxat
1172 4862 1229 4923 in
1286 4862 1552 4917 columbae
1611 4862 1794 4930 specie
1846 4872 2074 4932 prepter

492 4951 759 5013 discentis
780 4955 1093 5022 utilitatem,
1132 4951 1279 5023 Loco
1311 4953 1456 5008 enim
1491 4955 1632 5023 signi
1663 4963 1717 5009 et
1753 4956 1942 5010 indicii
1977 4956 2074 5012 da-

493 5055 602 5096 tam
635 5045 736 5100 sibi
787 5046 956 5115 fuisse
991 5047 1410 5100 descensionem
1451 5044 1710 5115 Spiritus,
1741 5046 1934 5105 beatus
1963 5048 2071 5103 Ba-

495 5136 660 5204 ptista
698 5137 1006 5207 proﬁtetur,
1037 5135 1344 5193 Salvator-is
1370 5138 1546 5193 nostri
1579 5141 1910 5198 testimoniis
1938 5143 2073 5198 illud

495 5227 749 5297 addens:
782 5247 800 5279 ι
845 5227 948 5294 Qui
995 5225 1145 5281 misit
1201 5241 1288 5281 me
1332 5225 1613 5297 baptizare
1660 5229 1715 5283 in
1762 5246 1922 5301 aqua,
1984 5234 2074 5289 ille

495 5320 630 5374 mihi
683 5320 863 5389 dixit:
899 5319 1078 5386 Super
1111 5333 1271 5387 quem
1307 5317 1510 5376 videris
1542 5321 1808 5392 Spiritum
1844 5324 2075 5380 descen-

496 5412 736 5479 dentem,
776 5419 831 5467 et
877 5415 1194 5464 manentem
1222 5426 1389 5483 super
1419 5428 1568 5479 eum,
1601 5415 1689 5469 hic
1718 5425 1803 5472 est
1838 5418 1933 5487 qui
1978 5417 2075 5472 ba-

497 5505 669 5577 ptizat
696 5505 751 5558 in
794 5501 1004 5572 Spiritu
1042 5503 1320 5557 sancto”.
1357 5524 1375 5556 ι
1396 5503 1569 5570 Quam
1601 5507 1673 5562 ob
1703 5524 1818 5563 rem
1850 5511 2079 5566 insanos

499 5595 790 5669 lugereticos
851 5593 1205 5649 vehementer
1271 5595 1586 5661 irridendos
1656 5600 1917 5664 arbitror,
1984 5600 2079 5670 qui

502 5683 649 5755 quod
685 5682 827 5753 signi
862 5681 984 5738 loco
1028 5683 1269 5755 positum
1304 5695 1410 5752 est,
1443 5703 1543 5759 pro
1581 5690 1809 5744 veritate
1839 5690 1953 5759 ipsa
2000 5692 2079 5746 rei

496 5775 743 5846 capiunt,
778 5775 1030 5845 quamvis
1075 5776 1345 5849 singulari
1379 5778 1586 5834 factum
1618 5779 1668 5833 id
1705 5781 1777 5836 sit
1824 5783 2076 5849 consilio,

570 5886 795 5970 ‘I_Joa_n.
829 5890 1028 5970 τηυξ.
1104 5893 1151 5970 ff
1184 5892 1389 5970 l_Joan.
1432 5893 1568 5970 v,_6.
1646 5893 1690 5927 δ’
1746 5893 1903 5963 Rom.
1950 5913 2064 5965 rm,
2092 5898 2145 5964 9,
2182 5899 2265 5955 iO.
2346 5902 2390 5934 ⁵ο
2446 5900 2582 5957 ibid.
2638 5900 2727 5957 i5.
2803 5900 2843 5935 "
2877 5899 2897 5954 l
2928 5896 3089 5957 Joan.
3117 5916 3190 5970 tv,
3225 5899 3312 5960 i5.

500 5956 546 6010 1³
592 5957 782 6029 Matth.
835 5961 1035 6028 31,29.
1103 5964 1149 5995 “
1188 5960 1348 6020 Joan.
1391 5980 1428 6032 ι,
1471 5965 1524 6020 5.

2173 3496 2489 3565 ἐξαρκέσειν
2548 3494 2643 3548 καὶ
2691 3490 2892 3557 ταῦτα,
2948 3488 3086 3560 πρὸς
3136 3487 3197 3539 τὸ
3242 3483 3501 3540 δύνασθαι
3545 3481 3616 3534 τά
3654 3480 3762 3548 τῆς

2185 3588 2509 3659 Ἐκκλησίας
2537 3586 2702 3640 τέκνα
2731 3584 2800 3637 τὰ
2844 3583 2953 3637 τῶν
3000 3578 3448 3653 ὲτεροδοξούντων
3486 3572 3763 3644 ἀποκροῦο

2174 3682 2372 3736 σασθαι
2404 3680 2574 3751 βλάϐη
2601 3696 2614 3709 ·
2655 3681 2703 3732 εἰ
2736 3678 2793 3731 δέ
2820 3694 2906 3739 τις
2935 3675 3161 3745 ἀκράτῳ
3187 3673 3289 3743 τῆς
3318 3668 3558 3741 ἀμαθίας
3593 3665 3760 3737 βεϐά-

2173 3791 2395 3830 πτισται
2441 3772 2603 3843 μέθῃ,
2649 3770 2773 3824 τότε
2819 3768 2878 3822 δὲ
2926 3767 3147 3838 πρῶτον
3188 3765 3249 3818 τὸ
3299 3762 3525 3833 Πνεῦμα
3573 3758 3762 3812 λαϐεῖν

2173 3868 2345 3921 οἴεται
2373 3864 2460 3918 τον
2487 3863 2635 3926 Υίὸν,
2663 3863 2751 3915 ὅτε
2775 3859 3000 3929 γέγονεν
3027 3855 3311 3928 ἄνθρωπος
3337 3849 3762 3908 ’.ἀποδεικνῦτω

2175 3957 2282 4029 πρὸ
2311 3956 2411 4025 τῆς
2436 3954 2899 4025 ὲνανθρωπήσεως
2929 3951 3085 4019 ἆγιον
3114 3949 3213 4003 οὐκ
3233 3946 3363 4002 ὄντα
3381 3947 3472 4000 τὸν
3502 3943 3595 3998 τοῦ
3619 3941 3759 3996 Θεοῦ

2174 4048 2370 4118 Λόγον,
2420 4047 2514 4101 καὶ
2560 4046 2720 4117 ἡμεῖς
2756 4044 3127 4115 σιωπήσομεν.
3170 4037 3582 4108 Ἀποθαυμάσαι
3620 4034 3665 4088 δ’
3695 4034 3763 4088 ἄν

2174 4158 2257 4204 τις
2286 4140 2383 4195 καὶ
2422 4139 2538 4193 λίαν
2568 4138 2793 4209 εἰκότως
2837 4136 2930 4190 τὸν
2957 4136 3111 4204 ἅγιον
3153 4132 3544 4203 εὐαγγελιστὴν
3587 4128 3659 4183 τὰ
3690 4130 3759 4199 τῇ

2176 4232 2299 4305 θείᾳ
2328 4232 2605 4303 πρέποντα
2626 4229 2785 4299 φύσει
2812 4227 2949 4298 μετά
2977 4226 3181 4295 πολλῆς
3201 4242 3346 4289 τινος
3374 4223 3473 4293 τῆς
3497 4219 3762 4291 ἐπιτηρή-

2178 4343 2316 4392 σεως
2368 4322 2620 4393 πανταχῆ
2675 4321 3026 4385 διασώζοντα.
3087 4318 3303 4390 Ἐπειδὴ
3348 4316 3456 4389 γὰρ
3499 4315 3603 4388 ἔφη
3653 4312 3763 4384 πρὸ

2173 4417 2401 4482 τούτων,
2433 4417 2515 4470 ὅτι
2546 4414 2680 4467 Θεὸν
2711 4413 2887 4476 οὐδεὶς
2933 4411 3146 4483 ἑώρακε
3192 4409 3434 4471 πώποτε,
3473 4405 3762 4461 τεθεᾶσθαι

2176 4509 2233 4563 δὲ
2284 4508 2379 4561 νῦν
2425 4509 2488 4561 τὸ
2533 4504 2761 4577 Πνεῦμά
2803 4521 2938 4574 φησι
2980 4501 3070 4557 τόν
3106 4503 3376 4574 μακάριον
3423 4497 3758 4569 Βαπτιστὴν.

2180 4600 2501 4656 καταϐαῖνον
2546 4598 2640 4652 ἐπὶ
2685 4597 2775 4651 τὸν
2829 4595 2959 4650 Υἱὸν
3006 4594 3065 4660 ἐξ
3100 4593 3351 4665 οὐρανοῦ,
3402 4589 3763 4663 προστίθησιν

2178 4690 2513 4759 ἀναγκαίως,
2549 4690 2631 4743 ὅτι
2677 4690 2922 4744 θεάσοιτο
2954 4689 3073 4758 μὲν,
3125 4688 3265 4757 πλὴν
3318 4686 3376 4738 ὲν
3425 4683 3556 4736 εἴδει
3602 4697 3762 4751 περι-

2184 4784 2400 4854 στερᾶς,
2427 4783 2526 4835 οὐκ
2556 4782 2687 4834 αὐτὸ
2717 4781 2860 4835 κατὰ
2894 4780 3076 4851 φύσιν,
3103 4782 3239 4850 ὅπερ
3269 4778 3504 4846 ὑπάρχει
3534 4773 3762 4843 γυμνὸν,

2182 4877 2297 4930 ἀλλ’
2347 4878 2404 4929 ὲν
2462 4873 2540 4945 τῷ
2585 4875 2879 4945 πραοτάτῳ
2930 4872 3402 4943 σχηματιζόμενον
3450 4868 3575 4938 ζὼῳ
3604 4884 3617 4900 ο
3677 4867 3766 4919 ἵνα

2182 4968 2440 5037 φαίνηται
2514 4964 2675 5019 πάλιν
2733 4966 2824 5017 καὶ
2889 4963 2975 5017 διὰ
3027 4963 3216 5017 τούτου
3250 4960 3613 5029 οἰκειότητα,
3671 4956 3766 5010 καὶ

2181 5060 2439 5129 ὁμοίωσιν
2470 5056 2737 5120 διασῶζον
2783 5055 3039 5125 φυσικὴν,
3083 5053 3220 5123 πρὸς
3264 5051 3355 5105 τὸν
3400 5050 3528 5103 Υἰὸν
3557 5048 3650 5102 τὸν
3676 5046 3765 5100 λέ-

2181 5167 2346 5218 γοντα
2376 5166 2389 5178 ο
2457 5147 2720 5202 «Μάθετε
2781 5148 2876 5200 ἀπ’
2918 5145 3089 5216 ἐμοῦ,
3140 5146 3222 5197 ὅτι
3266 5143 3442 5214 πρᾶός
3490 5143 3624 5211 εἰμι,
3673 5139 3768 5194 καὶ

2179 5239 2434 5303 ταπεινὸς
2467 5241 2534 5310 τῇ
2579 5238 2791 5310 καρδίᾳ.
2829 5256 2847 5290 ι
2903 5235 3111 5292 Οὐκοῦν
3141 5237 3242 5289 οὐκ
3278 5237 3636 5288 ἀποπεσεῖται
3669 5234 3767 5287 τοῦ

2181 5327 2321 5387 εἶναι
2368 5330 2499 5393 Θεὸς
2532 5329 2675 5384 κατά
2706 5329 2867 5397 φύσιν
2910 5328 2971 5381 τὸ
3005 5327 3228 5398 Πνεῦμα
3252 5343 3265 5358 '
3321 5328 3617 5397 τετήρηται
3658 5324 3771 5396 γὰρ

2180 5419 2328 5489 αὐτῷ
2356 5420 2418 5472 τὸ
2448 5420 2522 5491 μὴ
2552 5418 2842 5473 τεθεᾶσθαι
2876 5417 3116 5484 πώποτε,
3148 5417 3288 5487 πλὴν
3314 5418 3439 5471 ὅσον
3471 5418 3529 5470 ὲν
3559 5415 3640 5487 τῷ
3668 5415 3771 5485 τῆς

2181 5512 2510 5583 περιστερᾶς
2547 5510 2934 5582 σχηματισμῷ,
2985 5509 3073 5589 διὰ
3116 5508 3218 5580 τὴν
3259 5507 3353 5562 τοῦ
3407 5506 3771 5580 μανθάνοντος

2182 5604 2390 5674 χρείαν.
2433 5604 2523 5667 Ὠς
2556 5603 2664 5674 γὰρ
2711 5606 2767 5656 ὲν
2799 5602 3026 5674 σημείου
3059 5604 3155 5657 καὶ
3186 5601 3567 5673 γνωρίσματος
3616 5597 3771 5663 τάξει

2183 5696 2423 5751 δεδόσθαι
2468 5697 2631 5765 φησὶν
2664 5694 2842 5766 ἑαυτῷ
2875 5695 2971 5766 τὴν
3011 5695 3104 5749 τοῦ
3136 5693 3450 5763 Πνεῦματος
3481 5691 3709 5745 κάθοδον
3746 5689 3775 5740 6

2190 5787 2457 5858 μακάριος
2503 5786 2834 5857 Βαπτιστης,
2869 5789 2987 5849 ταῖς
3032 5786 3158 5857 περὶ
3201 5784 3295 5838 τοῦ
3327 5782 3581 5853 Σωτῆρος
3613 5782 3771 5853 ἡμῶν

3409 5899 3456 5935 ⁵³
3507 5895 3657 5953 Ibid.
3679 5894 3778 5952 12.
