4106 6490
326 416 441 476 215

1331 430 1402 487 ΙΝ
1432 432 1721 492 JOANNIS
1757 437 2215 502 EVANGELIUM
2250 446 2380 502 LIB.
2406 448 2471 505 ll.

3537 460 3648 519 ΞΝ

321 538 669 647 μαρτυρίαις
715 541 1054 613 ἐπενεγκὼν,
1083 545 1164 601 ὅτι
1206 566 1225 600 ι
1249 547 1308 603 '0
1339 551 1567 621 πέμψας
1623 572 1709 627 με,
1736 556 1919 627 βαπτί·

2027 566 2515 633 quemadmodum
2545 571 2661 642 jam
2684 573 2893 653 diptum
2925 583 3030 643 est,
3062 578 3130 634 ad
3165 581 3395 634 humani
3420 586 3643 651 generis

317 627 442 692 ζειν
476 631 535 687 ὲν
571 630 747 703 ὕδατι,
793 636 1001 704 ἐκεῖνός
1037 657 1128 711 μοι
1181 636 1356 708 εἶπεν,
1405 646 1520 716 Ἐφ’
1555 647 1613 701 6v
1643 648 1710 703 ἂν
1740 650 1856 723 ἴδῃς
1879 652 1919 704 τὲ

2050 627 2370 715 utilitatem.

312 726 557 840 Πνεῦμα
580 730 935 840 καταϐαῖνονζ
963 737 1059 790 καὶ
1090 737 1253 808 μένον
1280 739 1370 793 ἐπ’
1391 742 1576 808 αὑτὸν,
1608 736 1763 809 οὗτός
1783 749 1932 803 ἐστιν
1966 750 1995 803 6
2025 749 2307 821 βαπτίζων
2348 757 2406 810 ἐν
2439 759 2724 831 Πνεῦματι
2792 764 2870 834 τῷ
2902 764 3062 835 ἁγίῳ.
3098 785 3116 817 ι
3188 768 3304 837 Ἐφ’
3331 760 3376 836 ᾧ
3443 769 3508 840 δὴ
3553 771 3645 823 καὶ

314 817 567 928 μάλιστα
595 822 855 932 διαγελᾷν
871 824 1037 932 ρίμαι
1072 831 1308 932 πρέπειν
1339 924 1350 932 ⁸
1371 835 1501 932 τοῦς
1569 833 1837 910 ἀνοήτους
1896 817 2230 913 αἱρετικοὺς,
2281 849 2343 902 τὸ
2400 852 2458 904 ἐν
2512 817 2663 918 τάξει
2712 817 2964 927 σημείου.
2991 817 3150 911 τεθὲν
3184 817 3644 932 ,ἷιςτάλῇὁεζξν

312 912 660 1022 πράγματος
683 917 1154 1022 ἐκλαμϐάνοντας,
1187 924 1237 977 εί
1266 924 1362 977 καὶ
1397 925 1625 995 γέγονεν
1653 912 2045 1002 οίκονομικῷς,
2097 935 2355 1011 καθάπερ
2386 941 2490 1013 ήδη
2564 912 2913 1016 προείρηται,
2959 946 3047 1000 διὰ
3114 912 3214 1017 τὴν

313 1004 565 1076 πότητος
598 1008 811 1079 χρείαν.

394 1095 511 1149 Καὶ
540 1095 800 1164 ἑώρακα,
832 1100 932 1154 καί
948 1105 1398 1176 μεμαρτύρηκα,
1430 1108 1521 1164 ὅτι
1550 1106 1728 1178 οὗτός
1757 1110 1933 1169 ἐστιν

309 1188 351 1241 ὀ
378 1186 520 1253 Υἱὸς
553 1189 665 1243 τοῦ
698 1191 870 1246 Θεοῦ.

405 1278 689 1352 ’Δσφαλὴς
718 1283 748 1335 6
780 1283 1016 1356 μάρτυς,
1063 1287 1201 1361 ὅπερ
1244 1290 1415 1357 ὅντως
1456 1293 1733 1362 τεθέαται,
1772 1298 1933 1353 τοῦτο

310 1371 417 1426 καὶ
448 1372 653 1462 λαλῶν.
709 1377 824 1431 Οὐκ
871 1379 1061 1449 ἀγνοεί
1086 1382 1196 1455 γὰρ
1246 1383 1378 1451 ἴσως
1410 1387 1469 1441 τὸ
1500 1390 1890 1462 γεγραμμένον
1915 1408 1928 1423 ·

315 1481 336 1510 ι
368 1462 445 1516 ‘A
474 1458 620 1518 εἶδον
646 1466 697 1519 οί
726 1467 997 1541 ὀφθαλμοί
1026 1489 1144 1539 σου,
1175 1475 1324 1545 λέγε.
1358 1497 1378 1531 ι
1436 1474 1588 1534 Εἶδον
1607 1458 1741 1547 οὖν,
1776 1484 1932 1554 φησι,

307 1554 380 1607 τὸ
411 1558 664 1627 σημεῖον,
708 1560 803 1613 καὶ
834 1563 1041 1633 συνῆκα
1070 1566 1163 1619 τὸν
1205 1566 1271 1622 δι’
1301 1569 1470 1624 αὐτοῦ
1507 1573 1931 1644 σημαινόμενον.

310 1647 606 1721 Μαρτυρῶ
646 1651 704 1705 δὲ
750 1653 831 1705 ὅτι
863 1647 1019 1719 οὗτός
1060 1658 1212 1712 ἐστιν
1239 1662 1268 1714 6
1301 1660 1430 1725 Υἱὸς
1473 1664 1570 1719 τοῦ
1596 1666 1755 1730 Θεοῦ,
1790 1670 1819 1722 6
1844 1670 1933 1724 διὰ

2114 1118 2158 1182 i,
2192 1116 2282 1174 54.
2319 1117 2388 1174 Et
2417 1136 2510 1193 ego
2542 1120 2668 1186 vidi,
2700 1131 2752 1177 et
2792 1124 3156 1180 testimonium
3199 1127 3464 1199 perhibuit,
3510 1131 3638 1201 quia

2045 1210 2131 1263 hic
2154 1218 2235 1263 est
2268 1208 2452 1267 Filius
2489 1212 2607 1267 Dei.

2110 1302 2488 1360 Gravissimus
2526 1306 2707 1372 testis,
2742 1311 2838 1379 qui
2898 1310 3042 1382 quod
3100 1327 3293 1368 revera
3342 1316 3634 1385 spectavit,

2045 1389 2183 1446 illud
2229 1393 2396 1449 etiam
2444 1397 2709 1467 loquitur.
2743 1397 2864 1454 Non
2906 1401 3054 1455 enim
3103 1401 3292 1459 forsan
3319 1405 3535 1475 ignorat
3585 1406 3640 1461 id

2038 1482 2186 1552 quod
2220 1485 2489 1555 scriptum
2542 1494 2629 1543 est
2655 1504 2672 1542 :
2700 1507 2719 1539 ι
2761 1489 2895 1555 Quae
2920 1493 3066 1547 oculi
3108 1493 3187 1547 tui
3232 1494 3512 1563 viderunt,
3547 1497 3640 1552 illa

2035 1574 2207 1631 dicito
2239 1575 2306 1630 ".
2357 1596 2376 1628 ι
2410 1575 2534 1632 Vidi
2591 1593 2745 1650 ergo,
2795 1580 2996 1651 inquit,
3049 1582 3292 1652 signum,
3338 1594 3395 1641 et
3442 1589 3637 1657 agnovi

2034 1680 2164 1749 cum
2212 1667 2306 1736 qui
2346 1684 2444 1739 per
2494 1672 2676 1741 ipsum
2729 1672 3171 1742 signiﬁcabatur.
3208 1675 3409 1732 Testor
3448 1687 3635 1733 autem

307 1739 490 1811 νόμου
529 1742 630 1810 μὲν
656 1743 773 1797 τοῦ.
795 1745 883 1800 διὰ
910 1748 1157 1814 Μωσέως
1188 1752 1596 1826 ἀναϐοώμενος,
1628 1757 1717 1811 διὰ
1745 1761 1919 1831 φωνῆς

2036 1741 2185 1813 hunc
2210 1775 2334 1816 esse
2360 1761 2457 1818 Dei
2485 1739 2708 1831 Filium,
2741 1739 2837 1836 qui
2868 1783 2897 1820 a
2930 1767 3082 1824 Mose
3104 1784 3200 1840 per
3229 1770 3403 1840 legem
3439 1771 3631 1840 pracdi-

471 1833 651 1903 ἁγίων
697 1838 1000 1910 προφητῶν
1045 1845 1457 1916 κηρυττόμενος
1485 1863 1499 1876 ’
1552 1848 1700 1902 δοκεῖ
1742 1850 1799 1905 δέ
1837 1869 1919 1923 μοι

2036 1858 2191 1907 catus
2226 1861 2332 1917 est,
2365 1862 2421 1908 et
2475 1864 2802 1912 sanctorum
2853 1860 3249 1931 prephelarum
3282 1878 3439 1917 voce.
3492 1862 3638 1916 Rur-

312 1922 483 1977 πὰλιν
529 1926 560 1978 6
614 1926 892 1998 μακάριος
946 1931 1340 2007 εὐαγγελιστὴς
1373 1936 1514 2007 μετὰ
1548 1938 1753 2011 πολλῆς
1786 1959 1932 2008 τινος

316 2017 416 2086 τῆς
435 2016 742 2086 ἀσφαλείας
764 2022 960 2077 εἰπεῖν·
1001 2043 1019 2075 ι
1036 2019 1205 2091 Οὗτός
1239 2029 1387 2082 ἐστιν
1415 2031 1444 2083 6
1463 2031 1592 2095 Υἱὸς
1616 2032 1712 2086 τοῦ
1733 2032 1891 2101 Θεοῦ,
1906 2056 1925 2089 ι

321 2106 468 2161 τοῦτ’
497 2107 674 2177 ἔστιν,
724 2112 753 2163 6
799 2107 883 2176 εἷς
917 2115 1012 2168 καὶ
1044 2118 1206 2187 μόνος
1251 2119 1394 2174 κατὰ
1427 2122 1615 2191 φύσιν,
1648 2127 1677 2178 6
1704 2125 1805 2196 τῆς
1832 2126 1928 2180 τοῦ

318 2201 686 2272 γεννήσαντος
716 2204 981 2281 ἰδιότητος
1014 2208 1374 2282 κληρονόμος,
1402 2213 1540 2284 πρὸς
1564 2215 1622 2268 ὃν
1652 2217 1746 2269 καὶ
1768 2218 1930 2288 ἡμεῖς

310 2296 361 2348 oi
406 2295 559 2349 κατὰ
609 2295 760 2351 θέσιν
797 2300 1177 2372 μορφούμεθα,
1227 2305 1320 2359 καὶ
1347 2306 1416 2360 δι’
1447 2302 1510 2362 οὗ
1543 2309 1681 2381 πρὸς
1720 2311 1783 2364 τὸ
1826 2311 1927 2383 τῆς

306 2388 596 2455 υἱοθεσίας
626 2390 849 2463 ἀξίωμα
872 2395 1016 2449 κατὰ
1045 2395 1206 2469 χάριν
1233 2400 1572 2472 κεκλήμεθα.
1614 2403 1702 2467 Ὠς
1732 2403 1841 2475 γὰρ
1859 2404 1927 2459 ἐκ

306 2480 448 2534 Θεοῦ
483 2481 581 2536 καὶ
618 2483 867 2557 Πατρὸς,
895 2505 915 2539 ι
938 2487 1096 2543 Πᾶσα
1141 2492 1350 2564 πατριὰ
1387 2492 1446 2547 ἐν
1494 2512 1553 2547 τε
1581 2495 1796 2568 οὐρανῷ
1830 2497 1929 2573 καὶ

304 2574 404 2625 ἐπὶ
439 2573 549 2644 γῆς
578 2574 934 2647 ὀνομάζεται,
966 2598 985 2632 ι
1022 2580 1111 2635 διὰ
1135 2583 1198 2636 τὸ
1226 2584 1391 2639 αὑτὸν
1418 2581 1561 2641 εἶναι
1592 2588 1799 2659 κυρίως
1831 2591 1928 2645 καὶ

305 2665 534 2737 πρῶτον
571 2666 670 2739 [αι.
721 2669 981 2745 πρώτως]
1010 2676 1107 2729 καὶ
1136 2677 1355 2748 ἀληθῶς
1389 2682 1634 2754 Πατέρα,
1662 2682 1808 2738 οὕτω
1831 2685 1929 2738 καὶ

310 2759 466 2813 πᾶσα
503 2761 694 2830 υζότης
723 2764 790 2817 ἐκ
815 2763 910 2817 τοῦ
941 2766 1094 2834 Υίοῦ,
1141 2769 1231 2823 διὰ
1258 2771 1319 2824 τὸ
1351 2774 1514 2828 αὐτὸν
1546 2771 1686 2831 εἶναι
1716 2777 1928 2848 κυρίως

313 2851 409 2903 καὶ
449 2852 617 2919 μόνον
648 2853 870 2924 ἀληθῶς
914 2856 1063 2924 Υίὸν,
1108 2861 1173 2912 οὐ
1205 2861 1361 2916 νόθον
1396 2864 1519 2918 οὐδὲ
1542 2865 1923 2938 ψευδώνυμον,

306 2941 428 2997 ἀλλ’
473 2946 543 2999 ὲκ
594 2946 698 3016 τῆς
732 2947 925 3012 οὐσίας
957 2948 1052 3003 τοῦ
1092 2951 1228 3005 Θεοῦ
1277 2954 1374 3008 καὶ
1417 2957 1633 3029 Πατρὸς
1677 2959 1739 3012 οὐ
1783 2960 1926 3013 κατὰ

297 3035 625 3107 ἀποκοπὴν,
658 3036 692 3108 ἢ
726 3039 936 3109 ρεῦσιν,
967 3041 1000 3112 ἢ
1032 3045 1321 3115 μερισμὸν,
1360 3046 1393 3116 ἢ
1435 3049 1612 3121 τομήν
1636 3064 1652 3079 °
1703 3050 1925 3123 ἀπαθὴς

294 3128 414 3201 γὰρ
450 3131 486 3201 ή
532 3130 659 3185 θεία
707 3132 872 3202 φύσις
916 3136 1236 3201 παντελῶς·
1290 3138 1407 3195 ἀλλ’
1449 3141 1526 3206 ὡς
1558 3141 1655 3197 ἕνα
1688 3143 1748 3211 ἐξ
1777 3145 1917 3212 ἐνὸς,

294 3222 391 3275 ἀεὶ
428 3223 878 3297 συνυπάρχοντα,
906 3228 1002 3281 καὶ
1033 3230 1307 3285 ωναῖδιον
1331 3234 1426 3287 καὶ
1450 3236 1811 3307 ἐμπεφυκότα
1841 3238 1921 3311 τῷ

290 3314 664 3387 γεννήσαντι,
707 3319 768 3374 ἐν
805 3321 956 3393 αὐτῷ
986 3341 1049 3377 τε
1091 3323 1242 3388 ὄντα,
1286 3327 1381 3380 καὶ
1425 3326 1486 3393 ἐξ
1523 3328 1691 3383 αὐτοῦ
1721 3331 1919 3404 προελ-

288 3404 475 3460 Θόντα
511 3407 834 3479 ἀμερίστως
871 3413 969 3467 καὶ
1016 3414 1379 3483 ἀδιαστάτως,
1429 3419 1554 3474 ἐπεὶ
1606 3423 1745 3494 μηδὲ
1777 3424 1920 3480 κατὰ

290 3494 475 3569 σῶμα
500 3497 565 3553 τὸ
593 3498 774 3567 Θεῖον,
814 3504 953 3575 μήτε
980 3505 1132 3578 τόπῳ
1162 3509 1518 3581 περιληπτὸν,
1555 3512 1922 3593 ἢᾷιαστημα-

284 3590 469 3655 τικὰς
502 3592 607 3656 τὰς
659 3595 994 3664 μεταϐάσεις
1031 3600 1306 3656 ποιεῖσθαι
1355 3590 1640 3676 πεφυκὸς,
1678 3607 1796 3663 ἀλλ’
1839 3609 1918 3674 ὡς

285 3684 562 3755 πρόεισιν
590 3685 655 3740 ἐκ
689 3686 862 3759 πυρὸς
892 3691 926 3760 ἡ
963 3688 1162 3746 ἐνοῦσα
1190 3693 1464 3766 θερμότης
1491 3695 1660 3767 αὐτῷ,
1683 3697 1921 3753 δοκοῦσα

288 3770 409 3844 μέν
440 3790 565 3838 πως
590 3775 758 3830 αὐτοῦ
784 3778 904 3843 ταῖς
930 3780 1200 3845 ἐπινοίαις
1230 3784 1578 3854 μερίζεσθαι,
1614 3788 1709 3841 καὶ
1729 3789 1920 3860 ἕτερόν

283 3882 351 3919 τι
376 3864 519 3938 παρ’
546 3867 682 3922 αὐτὸ
706 3869 996 3943 ὑπάρχειν,
1025 3873 1086 3941 ἐξ
1112 3874 1279 3929 αὑτοῦ
1312 3877 1370 3931 δὲ
1395 3871 1531 3932 οὖσα
1560 3880 1655 3934 καὶ
1681 3882 1740 3936 ὲν
1766 3882 1920 3954 αὐτῷ

283 3957 452 4013 κατὰ
494 3957 683 4028 φύσιν,
726 3963 822 4016 καὶ
851 3962 913 4028 ἐξ
944 3965 1112 4020 αὐτοῦ
1136 3967 1416 4037 προϊοῦσα
1449 3971 1590 4041 μετὰ
1616 3972 1711 4026 τοῦ
1748 3974 1917 4046 μηδὲν

281 4049 518 4105 ἀδικεῖν
564 4052 712 4106 κατά
740 4071 806 4123 γε
847 4055 940 4109 τὸν
982 4057 1294 4130 ἀποκοπῆς,
1340 4060 1459 4132 ήτοι
1500 4066 1775 4136 μερισμοῦ
1822 4066 1917 4120 καὶ

283 4140 555 4213 ῥεύσεως
590 4143 748 4214 λόγον
778 4162 789 4176 ’
839 4148 936 4219 ὅλη
980 4148 1092 4222 γὰρ
1118 4152 1179 4204 ὲν
1207 4150 1314 4223 ὅλῳ
1350 4152 1431 4224 τῷ
1463 4155 1599 4224 πυρὶ
1637 4155 1911 4222 σώζεται·

281 4235 451 4290 οὕτω
494 4237 770 4310 νοήσομεν
815 4241 912 4295 καὶ
950 4242 1042 4295 ἐπὶ
1082 4242 1177 4296 τοῦ
1226 4243 1374 4298 θείου
1414 4249 1758 4319 γεννήματος
1792 4250 1912 4304 Oso—

283 4329 700 4403 πρεπεστάτην
741 4333 827 4385 ἐπ’
873 4333 1022 4406 αὐτῷ
1060 4334 1160 4406 τὴν
1212 4334 1448 4407 θεωρίαν
1496 4340 1870 4411 λαμϐάνοντες
1896 4360 1910 4373 ·

282 4420 402 4474 καὶ
445 4420 582 4474 Υίὸν
623 4422 724 4492 μὲν
761 4424 909 4489 ἰδίως
945 4426 1245 4495 ὑφεστᾶναι
1287 4428 1657 4496 πιστεύοντες,
1702 4431 1763 4484 οὐ
1807 4432 1913 4505 μὴν

282 4513 412 4580 ἔξω
434 4513 684 4579 τιθέντες
717 4516 883 4571 αὐτὸν
912 4517 1012 4587 τῆς
1037 4521 1167 4589 μιᾶς
1190 4520 1284 4575 καὶ
1317 4522 1600 4593 ἀφράστου
1628 4523 1910 4597 θεότητος,
1945 4572 1989 4627 D

280 4607 425 4662 οὐδὲ
459 4607 561 4660 τοῦ
603 4609 819 4680 Πατρὸς
853 4610 1194 4682 ἐτεροούσιεν
1228 4608 1370 4668 εῖναι
1399 4614 1649 4684 λέγοντες
1673 4635 1685 4648 ·
1728 4619 1762 4689 ἢ
1798 4620 1909 4692 γὰρ

282 4700 363 4755 ἂν
386 4699 524 4763 Υἱὸς
548 4700 729 4755 οὐκέτ’
751 4701 819 4756 ἂν
849 4705 1022 4757 νοοῖτο
1045 4704 1293 4772 δικαίως,
1324 4707 1440 4761 ἀλλ’
1470 4708 1556 4761 ἓτε
1566 4708 1657 4779 ρόν
1678 4728 1731 4763 τι
1754 4712 1909 4782 παρὰ

279 4789 482 4855 τοῦτο,
528 4791 626 4844 καὶ
668 4792 988 4863 πρόσφατος
1033 4795 1163 4866 ἡμῖν
1213 4797 1467 4852 ἀνατελεῖ
1500 4799 1667 4866 Oak,
1717 4801 1907 4875 ἕτερος

280 4884 573 4956 ὑπάρχων
618 4885 772 4955 παρὰ
805 4884 899 4939 τὸν
943 4886 1072 4941 ὄντα
1118 4890 1213 4942 ml.
1249 4887 1430 4960 μόνον.
1467 4890 1542 4943 Τὸ
1578 4890 1689 4963 γὰρ
1719 4892 1820 4947 οὐκ
1847 4893 1907 4947 ὃν

278 4974 595 5045 ὀμοούσιον
633 4975 712 5045 τῷ
740 4977 884 5031 κατὰ
914 4975 1076 5046 φύσιν
1099 4977 1238 5049 Θεῷ,
1274 4980 1391 5044 πῶς
1424 4982 1484 5034 οὐ
1516 4982 1737 5047 πάντως
1767 4986 1906 5039 ἀπο-

283 5068 560 5120 -τεσεῖται
592 5066 688 5119 τοῦ
753 5060 892 5120 εἶναι
924 5068 1058 5133 Θεὸς
1098 5069 1381 5142 ἀληθινός;
1424 5074 1644 5145 Ἐπειδὴ
1680 5076 1738 5129 δὲ
1762 5076 1912 5143 ἀξιό-

282 5158 483 5231 χρεὼς
517 5175 579 5213 τε
614 5160 712 5213 καὶ
750 5159 1181 5229 ἀξιολογώτατος
1207 5164 1236 5216 6
1268 5164 1539 5235 μακάριος
1575 5165 1913 5241 Βαπτιστὴς,

292 5252 586 5326 μαρτυρεῖ
610 5251 668 5306 δὲ
695 5252 778 5306 ὅτι
816 5248 972 5318 οὗτός
1009 5255 1159 5309 ἐστιν
1188 5257 1218 5309 6
1247 5255 1378 5319 Υἱὸς
1414 5258 1509 5311 τοῦ
1552 5259 1689 5314 Θεοῦ
1713 5278 1727 5291 ο
1776 5260 1910 5316 Θεὸν

288 5343 444 5400 εἶναι
489 5343 713 5409 πάντως
745 5346 999 5417 ἀληθινὸν
1048 5348 1458 5421 ὁμολογήσομεν
1498 5351 1591 5406 τὸν
1631 5350 1777 5418 Υίὸν,
1813 5354 1909 5409 καὶ

289 5441 363 5493 ἐκ
386 5437 491 5508 τῆς
516 5437 708 5502 οὐσίας
734 5437 831 5492 τοῦ
862 5440 1077 5511 Πατρός
1100 5456 1114 5471 ·
1149 5440 1309 5495 τοῦτο
1338 5442 1450 5514 γὰρ
1481 5442 1617 5515 ἡμῖν
1650 5445 1906 5517 σημαίνει

290 5533 358 5586 τὸ
382 5532 491 5602 τῆς
525 5531 773 5603 υίότητος
801 5532 996 5606 ρνομα,
1028 5534 1123 5588 καὶ
1152 5534 1340 5603 ἕτερον
1370 5535 1546 5593 οὐδέν.

377 5622 462 5695 Τῇ
514 5623 810 5693 ἐπαύριον
843 5627 1032 5682 πάλιν
1068 5626 1333 5693 εἱστήκει
1378 5631 1413 5684 ὁ
1452 5628 1757 5699 ’Ῑακίννηᾳ
1804 5630 1907 5686 καὶ

290 5716 369 5775 ἐκ
397 5714 527 5771 τῶν⁹
562 5717 849 5789 μαθητῶν
901 5719 1091 5775 αὑτοῦ
1143 5719 1289 5787 δύο,
1323 5719 1424 5776 καὶ
1459 5719 1773 5795 ἐμϐλέψας
1829 5722 1913 5791 τῷ

375 5894 423 5929 ⁸³
476 5893 636 5952 Prov.
676 5913 806 5962 xxv,
847 5898 900 5953 8.
977 5899 1024 5931 "
1055 5898 1259 5971 Ephes.
1296 5912 1383 5968 ut,
1416 5899 1507 5957 15.

2037 1956 2136 1997 sus
2164 1950 2372 2009 autem,
2410 1944 2609 2002 beatus
2642 1948 2986 2019 evangelista
3032 1951 3165 2004 mihi
3202 1951 3422 2005 videtur
3451 1951 3635 2005 consi-

2032 2031 2226 2091 derate
2279 2033 2578 2090 admodum
2626 2036 2850 2093 dicere:
2887 2057 2906 2090 ι
2946 2037 3048 2094 llic
3085 2047 3171 2096 est
3228 2039 3401 2096 Filius
3457 2039 3582 2105 Dei,
3610 2060 3631 2094 ι

2032 2123 2138 2180 hoc
2163 2135 2267 2193 est,
2301 2142 2450 2182 unus
2483 2142 2549 2182 ac
2587 2129 2741 2186 solus
2771 2130 3075 2186 secundum
3108 2138 3384 2200 naturam,
3408 2132 3500 2186 ille
3531 2149 3632 2203 pa-

2032 2225 2207 2275 ternae
2240 2219 2599 2290 pr0prietatis
2642 2222 2843 2288 haeres,
2879 2223 2947 2278 ad
2987 2239 3153 2294 quem
3188 2223 3355 2278 etiam
3392 2238 3493 2278 nos
3535 2225 3630 2277 ad-

2032 2308 2207 2378 optivi
2260 2307 2711 2377 coniormamur,
2762 2321 2818 2367 et
2852 2327 2952 2382 per
2987 2327 3150 2381 quem
3201 2311 3266 2365 ad
3303 2311 3629 2380 dignitatem

2033 2399 2352 2471 adoptionis
2381 2416 2482 2472 per
2517 2402 2755 2473 gratiam
2789 2403 2968 2458 vocati
3013 2418 3230 2459 sumus.
3287 2400 3358 2456 Ut
3384 2402 3530 2457 enim
3562 2416 3631 2457 cx

2032 2488 2142 2547 Deo
2175 2498 2231 2546 et
2246 2489 2413 2546 Patre
2442 2509 2463 2542 ι
2500 2490 2694 2546 Omnis
2718 2492 3027 2561 paternitas
3055 2494 3111 2545 in
3145 2489 3289 2545 casio
3317 2496 3372 2544 et
3394 2487 3449 2543 in
3480 2497 3628 2543 terra

2029 2582 2356 2639 nominatur
2380 2584 2452 2649 ⁵⁸,
2486 2601 2507 2635 ι
2542 2591 2839 2654 propterea
2868 2583 3017 2654 quod
3067 2583 3186 2654 ipse
3241 2587 3329 2638 est
3378 2581 3622 2652 prOprie,

2030 2690 2130 2747 per
2158 2690 2239 2742 se,
2270 2682 2328 2730 et
2356 2690 2487 2731 vere
2519 2673 2686 2731 Pater
2726 2685 2833 2743 est,
2884 2675 2966 2731 sic
3009 2676 3173 2732 etiam
3205 2675 3390 2730 omnis
3433 2672 3629 2727 ﬁliatio

2029 2783 2098 2824 ex
2126 2766 2290 2832 Filio,
2322 2777 2617 2839 propterea
2645 2769 2795 2840 quod
2823 2769 2945 2839 ipse
2982 2767 3205 2838 prOprie
3235 2766 3508 2822 duntaxat
3540 2770 3629 2820 est

2030 2859 2227 2924 Filius,
2258 2873 2374 2913 non
2418 2859 2668 2929 spurius,
2704 2874 2885 2929 neque
2932 2857 3074 2914 falso
3107 2864 3486 2927 nuncupatus,
3525 2855 3627 2909 sed

2027 2968 2098 3009 ex
2142 2952 2459 3009 substantia
2494 2950 2592 3008 Dei
2636 2967 2703 3006 ac
2732 2951 2941 3018 Patris,
2970 2965 3080 3006 non
3124 2964 3224 3019 per
3261 2947 3621 3008 decisionem,

2029 3050 2127 3098 aut
2164 3042 2395 3108 ﬂuxum,
2440 3057 2540 3099 seu
2575 3042 2908 3098 divisionem
2936 3039 3148 3111 (divina
3179 3038 3385 3109 quippe
3420 3040 3623 3092 natura

2032 3134 2312 3206 passionis
2332 3133 2516 3189 omnis
2547 3143 2633 3189 est
2663 3130 2887 3203 expers)
2913 3130 3008 3187 sed
3038 3146 3182 3185 unus
3203 3145 3273 3183 ex
3303 3142 3437 3193 uno,
3462 3126 3627 3198 128

2027 3241 2251 3300 semper
2270 3226 2643 3292 coexsistens,
2674 3233 2732 3281 et
2754 3230 3091 3290 comternus,
3119 3231 3171 3277 et
3210 3220 3360 3275 Patri
3391 3219 3620 3280 insitus,

2027 3329 2084 3377 et
2115 3319 2174 3374 in
2206 3319 2329 3390 ipso
2363 3318 2668 3383 exsislens,
2702 3322 2869 3387 atque
2899 3332 2967 3370 ex
2998 3315 3118 3385 ipso
3165 3311 3499 3384 procedens,
3542 3309 3624 3362 ci-.

2023 3421 2110 3469 tra
2140 3410 2479 3468 divisionem
2523 3418 2579 3465 et
2622 3409 2922 3474 indivulse,
2959 3406 3412 3479 quandoquidem
3439 3416 3627 3472 neque

2025 3517 2330 3574 corporeus
2378 3508 2464 3558 est
2494 3500 2660 3565 Deus,
2692 3516 2799 3558 nec
2839 3500 2962 3556 loco
2989 3496 3498 3560 circumscribitur,
3527 3500 3624 3548 aut

2026 3597 2266 3651 transitu
2283 3596 2540 3651 locorum
2560 3594 2983 3665 spatiorumque
3008 3598 3284 3657 movetur,
3308 3588 3405 3643 sed
3434 3604 3624 3659 quem-

2023 3689 2323 3745 admodum
2351 3703 2421 3745 ει
2460 3688 2589 3758 igne
2638 3687 2825 3758 prodit
2876 3685 3043 3741 insita
3081 3685 3133 3739 ei
3166 3682 3447 3748 caliditas,
3498 3699 3627 3754 quae

2023 3781 2241 3837 videtur
2295 3780 2364 3835 ab
2404 3794 2472 3835 eo
2500 3776 2913 3850 quodammodo
2961 3776 3301 3848 cogitatione
3343 3775 3617 3845 separari,

2021 3881 2078 3928 et
2119 3872 2271 3928 aliud
2322 3872 2393 3928 ab
2427 3872 2552 3942 ipso
2603 3870 2868 3942 quiddam
2917 3869 3221 3932 exsistere,
3261 3882 3388 3921 cum
3442 3867 3514 3921 sit
3548 3883 3619 3921 ex

2022 3965 2146 4036 ipso
2172 3973 2228 4018 et
2266 3964 2323 4018 in
2354 3964 2477 4035 ipso
2519 3960 2831 4019 secundum
2874 3970 3152 4023 naturam,
3180 3967 3236 4014 et
3265 3974 3331 4013 ex
3372 3972 3439 4012 eo
3477 3957 3618 4013 citra

2020 4056 2285 4110 damnum
2334 4056 2507 4109 ullum
2541 4054 2827 4126 procedat,
2866 4052 3129 4107 nimirum
3184 4050 3326 4105 citra
3371 4048 3621 4105 decision

2019 4164 2145 4204 nem
2187 4162 2283 4205 seu
2311 4146 2651 4203 divisionem
2690 4160 2754 4200 ac
2801 4143 3013 4198 ﬂuxum
3049 4142 3188 4213 (tota
3218 4141 3368 4195 enim
3414 4140 3472 4194 in
3500 4147 3617 4195 toto

2020 4249 2281 4297 servatur
2321 4237 2470 4311 igne)
2512 4237 2597 4293 sic
2627 4237 2799 4293 etiam
2833 4232 3188 4292 statuendum
3238 4230 3404 4298 nobis
3430 4239 3513 4286 est
3547 4230 3623 4287 de

2019 4331 2214 4385 divino
2256 4329 2560 4401 genimine,
2590 4343 2693 4399 pro
2727 4342 2794 4383 eo
2822 4341 2888 4381 ac
2917 4325 2987 4381 de
3033 4323 3146 4380 Deo
3171 4323 3330 4379 decet
3362 4322 3618 4393 cogitan-

2020 4423 2171 4479 tibus
2208 4440 2220 4474 :
2264 4430 2320 4478 et
2362 4420 2538 4478 Filius
2578 4419 2804 4491 proprie
2849 4416 3079 4489 quidem
3129 4415 3439 4473 subsistere
3494 4430 3618 4471 cre-

2018 4514 2260 4579 dendus,
2317 4530 2429 4569 non
2471 4523 2659 4569 tamen
2707 4511 2776 4568 ab
2823 4527 2934 4565 una
2986 4520 3039 4566 et
3088 4508 3359 4565 ineiiabili
3411 4507 3620 4563 deitatc

2018 4606 2429 4673 excludendos,
2458 4621 2641 4677 neque
2670 4606 2904 4662 alterius
2939 4619 3065 4660 esse
3100 4617 3131 4657 a
3159 4600 3318 4661 Patre
3355 4600 3621 4655 substan-

2017 4700 2108 4755 tia:
2155 4697 2448 4756 dicendus.
2485 4697 2714 4768 Alioqui
2766 4690 2917 4751 énim
2979 4709 3091 4749 non
3143 4692 3383 4762 amplius
3440 4690 3628 4744 Filius.

2017 4808 2143 4849 esse
2177 4792 2306 4863 jure
2334 4792 2651 4862 putabitur,
2699 4789 2796 4844 sed
2848 4786 3060 4857 aliquid
3099 4782 3251 4839 aliud
3281 4783 3350 4837 ab
3388 4783 3532 4853 ipso,
3563 4791 3618 4837 ct

2016 4902 2216 4943 recens
2247 4886 2414 4942 nobis
2446 4886 2595 4940 Deus
2621 4883 2878 4948 exsistet,
2903 4879 3047 4934 alius
3092 4877 3162 4931 ab
3190 4890 3257 4930 eo
3292 4875 3389 4945 qui
3420 4883 3520 4930 cst
3551 4888 3618 4930 ac

2018 4978 2176 5034 solus
2206 4984 2315 5035 est.
2348 4975 2507 5043 Quod
2546 4973 2696 5031 enim
2748 4986 2858 5026 non
2889 4977 2975 5026 est
3003 4965 3482 5024 consubstantiale
3514 4980 3619 5021 na-

2018 5072 2187 5127 turali
2217 5070 2352 5136 Deo,
2387 5068 2670 5141 quomodo
2712 5065 2829 5121 ﬁeri
2880 5063 3088 5135 poterit
3122 5071 3184 5118 ut
3222 5061 3297 5118 sit
3332 5059 3483 5116 Deus
3521 5075 3617 5115 ve.

2016 5163 2148 5219 rus?
2178 5161 2289 5218 Sed
2321 5177 2448 5217 cum
2492 5157 2867 5233 gravissimus
2902 5171 2968 5212 ac
3010 5153 3491 5226 locupletissimus
3543 5152 3626 5209 sit-

2015 5258 2213 5313 beatus
2244 5255 2522 5326 Baptista,
2563 5261 2620 5310 ct
2644 5254 2795 5309 hunc
2835 5266 2961 5310 esse
2988 5249 3196 5307 Filium
3228 5250 3325 5306 Dei
3356 5254 3612 5310 tcstetur,

2016 5349 2217 5406 Filium
2261 5348 2434 5406 Deum
2462 5364 2587 5406 esse
2621 5362 2816 5403 verum
2855 5346 3053 5417 utique
3104 5343 3422 5406 fatebimur,
3453 5348 3508 5395 et
3545 5339 3610 5393 de

2019 5443 2337 5500 substantia
2364 5440 2570 5498 Patris.
2604 5439 2723 5497 Hoc
2754 5439 2928 5505 enim,
2954 5445 3012 5494 et
3038 5435 3175 5492 nihil
3208 5433 3359 5489 aliud
3395 5429 3610 5501 signiti-

2019 5542 2111 5591 cat
2140 5549 2345 5590 nomen
2388 5534 2695 5590 ﬁliationis.
2902 5602 2910 5610 _
3620 5542 3625 5549 ‘

2086 5627 2134 5693 Ι,
2168 5627 2349 5683 55.36.
2377 5626 2565 5683 Altera
2605 5625 2694 5681 die
2726 5625 2920 5680 iterum
2951 5620 3132 5677 stabat
3161 5615 3422 5677 Joannes,
3455 5620 3505 5669 et
3545 5626 3616 5666 ea:

2019 5719 2303 5790 discipulis
2338 5720 2455 5790 ejus
2505 5719 2612 5775 duo
2643 5734 2662 5773 :
2697 5726 2749 5772 et
2789 5716 3074 5785 respiciens
3115 5710 3300 5767 Iesum
3330 5704 3618 5764 ambulaih
