4106 6488
515 437 621 503 ωδ

1518 426 1582 498 εἰ
1617 440 1895 499 CYRILLI
1934 441 2409 497 ALEXANDRINI
2442 442 2763 498 meumr.

3664 443 3776 504 916

515 569 617 615 tem
663 558 793 612 dicit
833 574 851 612 :
893 558 1024 614 Ecce
1074 563 1255 631 Agnus
1304 560 1437 628 Dei,
1474 563 1565 630 qui
1618 561 1759 619 tollit
1817 569 2091 631 peccatum

2217 560 2421 628 Ἰησοῦ
2475 556 2919 628 περιπατοῦντι,
2962 557 3123 627 λέγει
3154 574 3167 588 ·
3230 556 3355 612 Ἴδε
3390 560 3423 612 ὁ
3455 557 3647 629 ἀμνὸς
3671 560 3783 617 τοῦ

514 650 718 705 mundi.

581 741 767 813 ipsum
791 740 907 811 jam
937 749 1101 798 antea
1134 745 1331 799 beatus
1361 743 1610 812 Baptista
1644 744 2083 800 demonstravit:

513 830 611 893 sed
633 847 762 888 ecce
790 848 989 891 rursus
1015 833 1209 890 eadem
1240 835 1492 892 oratione
1517 837 1751 906 repetita
1779 836 1897 892 suis
1920 835 2089 891 disci-

512 923 662 994 pulis
700 924 949 980 ostendit
983 923 1173 980 Jesum
1212 932 1265 981 et
1313 941 1515 996 agnum
1568 926 1668 983 Dei
1715 927 1988 993 nominat,
2035 934 2092 982 et

514 1012 711 1069 tollere
748 1012 939 1067 mundi
983 1020 1271 1082 peccatum
1320 1014 1419 1079 ait,
1450 1014 1848 1084 propemodum
1900 1013 1981 1069 eis
2034 1013 2091 1066 in

511 1104 839 1165 memoriam
874 1103 1057 1174 ipsum
1089 1119 1355 1161 revocans
1400 1106 1545 1177 apud
1572 1106 1873 1177 prophetas
1903 1105 2091 1161 dicen-

514 1201 624 1248 tem
660 1207 674 1244 :
705 1209 724 1243 ι
758 1191 873 1262 Ego
912 1207 1059 1257 sum,
1106 1207 1207 1263 ego
1238 1208 1382 1257 sum,
1416 1195 1511 1263 qui
1556 1191 1714 1248 deleo
1769 1191 2092 1261 iniquitates

515 1291 662 1345 tuas,
695 1290 750 1336 et
775 1298 885 1336 non
908 1282 1244 1337 recordabor
1264 1283 1331 1336 ⁸⁷.
1355 1301 1375 1334 ι
1396 1283 1517 1338 Non
1554 1281 1767 1339 frustra
1801 1297 1931 1337 vero
1961 1281 2091 1335 bea-

514 1379 608 1427 tus
638 1371 890 1442 Baptista
912 1372 1105 1428 eadem
1134 1373 1203 1428 de
1227 1370 1514 1428 Salvatore
1541 1371 1841 1428 identidem
1870 1372 2088 1440 repetit.

515 1461 764 1523 Oﬂicium
798 1465 1001 1535 quippe
1036 1477 1102 1519 ac
1143 1464 1320 1519 virtus
1355 1464 1603 1520 doctoris
1648 1475 1754 1529 est,
1806 1479 1898 1518 res
1946 1475 2090 1516 non-

514 1552 646 1612 dum
685 1560 974 1624 perceptas
1012 1553 1415 1624 discipulorum
1462 1554 1741 1608 mentibus
1783 1551 2089 1614 inculcare,

515 1659 619 1707 nec
639 1645 830 1701 eadem
862 1646 1064 1715 szepius
1086 1645 1385 1716 repetendo
1418 1645 1661 1716 gravari,
1684 1645 1782 1699 sed
1807 1641 1880 1697 ad
1915 1641 2088 1697 disci-

514 1737 772 1805 pulcrum
823 1737 1116 1793 utilitatem
1169 1738 1440 1808 patienter
1486 1738 1541 1792 id
1591 1752 1775 1809 agere.
1825 1734 1982 1801 Quod
2035 1734 2094 1788 ﬁt

515 1838 576 1883 ut
617 1829 811 1886 beatus
860 1845 1085 1901 quoque
1130 1829 1340 1887 Paulus
1379 1830 1533 1885 dicat
1577 1848 1642 1884 τι
1682 1828 1885 1884 Eadem
1930 1826 2092 1882 vobis

2193 651 2344 707 Θεοῦ
2376 655 2409 707 ό
2439 652 2624 721 αἴρων
2656 649 2770 719 τὴν
2792 650 3086 719 ἁμαρτίαν
3108 648 3214 703 τοῦ
3240 650 3493 718 κόσμου.

2259 742 2474 806 Φθόισας
2505 742 2607 812 ήδη
2650 739 2959 812 προέδειξεν
2990 737 3155 793 αὐτὸν
3198 739 3227 792 6
3264 739 3533 810 μακάριος
3577 740 3783 793 Βαπτι-

2191 834 2326 905 στής
2351 850 2364 865 ·
2413 832 2530 887 ἀλλ’
2581 832 2690 886 ἰδοὺ
2736 831 2833 885 καὶ
2874 824 3031 894 αὖθις
3063 829 3156 883 τὸν
3185 829 3349 884 αὐτὸν
3390 830 3783 903 ἀνακυκλήσας

2189 925 2369 994 λόγον,
2399 923 2727 977 ἐπιδεικνύει
2756 923 2870 986 τοῖς
2899 917 3095 976 ἑαυτοῦ
3124 922 3395 993 μαθηταῖς
3423 923 3515 975 τὸν
3550 921 3779 992 Ἰησοῦν,

2192 1018 2288 1071 καὶ
2317 1016 2489 1088 ἀμνὸν
2521 1014 2778 1085 ὀνομάζει
2807 1011 2965 1078 Θεοῦ,
2997 1014 3091 1067 καὶ
3120 1014 3220 1081 τὴν
3244 1011 3340 1066 τοῦ
3381 1015 3589 1083 κόσμου
3613 1011 3781 1083 φησὶν

2192 1107 2368 1179 αίρειν
2420 1106 2692 1181 ἁμαρτίαν
2714 1148 2728 1169 ,
2781 1103 3065 1175 μονονουχὶ
3115 1104 3252 1176 πρὸς
3286 1104 3594 1175 ὑπόμνησιν
3630 1105 3781 1172 ἄγων

2190 1200 2315 1261 τοὺς
2374 1197 2758 1267 ἀκροωμένους
2816 1194 2913 1248 τοῦ
2976 1196 3034 1248 ὲν
3111 1195 3419 1267 προφήταις
3473 1193 3727 1263 λέγοντος
3764 1208 3779 1222 ⁶

2198 1308 2215 1341 ι
2238 1287 2382 1357 Ἐγώ
2411 1290 2550 1357 εἰμι,
2591 1286 2703 1353 ἐγώ
2732 1287 2850 1355 είμι
2887 1287 2916 1338 ό
2946 1284 3246 1354 ὲξαλείφων
3274 1284 3374 1349 τὰς
3402 1285 3633 1355 ἀνομίας
3662 1301 3779 1348 σου,

2192 1380 2286 1434 καὶ
2304 1380 2365 1433 ού
2399 1379 2475 1450 μὴ
2509 1377 2915 1450 μνησθήσομαι.
2949 1392 2968 1426 ι
3013 1374 3404 1429 Ἐπαναλασὼν
3434 1374 3489 1428 δὲ
3513 1376 3574 1427 οὐ
3601 1376 3781 1445 μάτην

2191 1475 2219 1526 6
2263 1471 2572 1540 Βαπτιστὴς
2612 1469 2711 1541 τὴν
2757 1469 2928 1540 αὐτὴν
2958 1469 3192 1521 ποιεῖται
3235 1466 3364 1536 περὶ
3396 1465 3492 1519 τοῦ
3529 1465 3785 1535 Σωτῆρος

2193 1563 2471 1635 ἐξήγησιν.
2537 1559 2766 1631 Ἀρετῆς
2816 1557 2929 1628 γάρ
2985 1558 3135 1611 ἐστιν
3187 1554 3348 1627 ἔργον
3395 1550 3786 1623 διδασκαλικῆς

2192 1654 2282 1707 τὸν
2312 1651 2469 1706 ούπω
2503 1648 2912 1722 παραδεχθέντα
2940 1647 3119 1716 λόγον,
3164 1648 3285 1710 ταῖς
3326 1645 3438 1698 τῶν
3476 1643 3784 1715 μαθητευο-

2196 1744 2374 1816 μένων
2415 1739 2876 1812 ἐγκαθειργνύναι
2924 1739 3144 1809 ψυχαῖς,
3193 1738 3295 1792 οὐκ
3336 1734 3601 1806 ὀκνούσής
3647 1732 3787 1804 πρὸς

2195 1833 2553 1905 ἐπανάληψιν,
2587 1829 3018 1901 ἀνεξικακούσης
3065 1829 3122 1883 δὲ
3163 1827 3364 1900 μᾶλλον
3413 1826 3502 1879 ἐπ’
3545 1824 3789 1894 ὠφελείᾳ

514 1920 784 1987 scribere,
820 1936 907 1977 me
944 1922 1170 1991 quidem
1226 1937 1335 1977 non
1379 1923 1548 1993 piget,
1580 1921 1738 1979 vobis
1777 1927 1958 1975 autem
1994 1933 2094 1975 ne—

2201 1926 2304 1979 τῶν
2336 1924 2766 1995 παιδευομένων.
2819 1922 2918 1976 Διά
2949 1922 3058 1994 γάρ
3091 1938 3174 1974 τοι
3202 1918 3359 1973 τοῦτο
3392 1917 3488 1973 καὶ
3533 1919 3562 1971 6
3600 1915 3787 1987 μακά-

514 2010 825 2067 cessarium
854 2021 941 2067 est
959 2013 1028 2065 ⁵⁸.
1056 2031 1075 2064 ι

593 2186 756 2257 129
776 2185 818 2253 1,
837 2187 927 2242 57.
949 2187 1019 2243 Et
1041 2190 1323 2245 audierunt
1347 2208 1467 2245 eum
1491 2191 1595 2244 duo
1611 2188 1860 2259 discipuli
1877 2188 2094 2258 ioqucn-
2180 2191 2193 2201 ‘

518 2285 644 2342 tam,
673 2285 723 2331 et
747 2279 916 2333 secuti
940 2290 1064 2334 sunt
1084 2278 1293 2337 Iesum.

589 2364 757 2423 Vides
795 2374 967 2436 'quam
998 2369 1112 2424 cito
1160 2385 1322 2426 suum
1377 2370 1614 2425 fructum
1662 2370 1919 2426 doctrina
1967 2382 2101 2439 pro-

517 2453 683 2513 tulit?
706 2452 877 2511 Vides
904 2465 1171 2526 quantum
1207 2458 1553 2529 repetitionis
1576 2459 1790 2513 lucrum
1815 2458 2100 2513 inventum

517 2544 630 2601 sit?
660 2544 850 2602 Discat
888 2560 1022 2618 ergo
1060 2563 1129 2604 ex
1166 2548 1277 2614 his,
1310 2548 1566 2619 quisquis
1610 2548 1703 2604 ille
1732 2556 1823 2605 est
1869 2548 1959 2604 cui
2003 2548 2103 2603 do-

517 2634 679 2690 cendi
725 2636 997 2692 creditum
1036 2651 1237 2693 munus
1283 2646 1389 2705 est,
1432 2638 1711 2709 pigritiam
1740 2651 1959 2693 omnem
2008 2651 2103 2692 su-

515 2737 755 2795 perate,
802 2725 1020 2796 sibique
1066 2728 1264 2799 majori
1316 2743 1477 2784 noxas
1535 2742 1703 2798 quam
1753 2726 2104 2782 auditoribus

517 2822 714 2886 putare
742 2817 1049 2885 silentium,
1097 2834 1201 2875 nec
1234 2819 1504 2875 talentum
1543 2817 1761 2875 Domini
1806 2817 1865 2873 in
1905 2819 2100 2888 ignava

516 2911 740 2978 inertia,
770 2911 920 2968 velut
945 2912 1102 2968 humi
1133 2912 1420 2979 defodere,
1457 2913 1555 2970 sed
1586 2917 1876 2982 argentum
1917 2910 2103 2980 potius

514 3002 910 3069 nummulariis
933 3004 1174 3059 tradere.
1212 3002 1463 3073 Recipiet
1496 3002 1641 3060 enim
1675 3000 1927 3058 Salvator
1951 2999 2103 3071 quod

515 3102 677 3151 auum
726 3099 813 3150 est
854 3109 979 3149 cum
1015 3092 1226 3160 fenore,
1277 3109 1341 3149 ac
1376 3094 1544 3150 veluti
1583 3104 1771 3150 semen
1820 3090 2103 3161 quoddam

515 3182 785 3252 injectum
819 3198 1134 3241 sermonem
1167 3184 1489 3240 viviﬁcabit.
1543 3183 1728 3240 Habes
1770 3183 1861 3239 hic
1908 3182 2102 3239 adma-

518 3279 650 3336 dum
684 3275 983 3345 genuinam
1030 3275 1193 3332 istius
1244 3277 1327 3333 rei
1376 3275 1926 3333 demonstrationem.
1977 3275 2102 3332 Non
2129 3259 2171 3318 (ἶ

518 3374 783 3440 gravatus
809 3366 954 3419 enim
1009 3364 1260 3435 Baptista
1306 3367 1427 3424 suis
1465 3366 1761 3437 discipulis
1806 3366 2100 3424 Dominum

521 3454 846 3519 ostendere,
881 3455 1195 3527 iterumque
1221 3468 1500 3527 repetere:
1542 3478 1561 3510 ι
1606 3457 1749 3515 Ecce
1776 3471 1953 3529 agnus
1982 3457 2100 3522 Dei,

521 3545 618 3616 qui
671 3544 815 3600 tollit
840 3552 1127 3615 peccatum
1155 3547 1349 3602 mundi
1380 3548 1448 3613 ⁸³,
1496 3567 1516 3600 ι
1557 3556 1769 3603 tantum
1811 3548 2103 3619 discipulis

523 3635 644 3693 suis
676 3635 941 3703 contulit,
976 3642 1036 3691 ut
1063 3651 1161 3693 eos
1201 3637 1358 3709 sequi
1387 3639 1610 3695 demum
1653 3639 2014 3709 persuaserit,
2049 3643 2104 3694 et

523 3725 648 3798 ejus
673 3726 982 3797 disciplina)
1006 3742 1132 3785 sese
1154 3728 1269 3798 jam
1299 3736 1412 3784 tum
1440 3730 1504 3784 ad
1506 3730 1757 3802 jungcrc.

591 3922 636 3990 l,
666 3922 757 3981 58.
792 3922 1085 3979 Conversus
1132 3931 1310 3979 autem
1350 3921 1526 3989 Iesus,
1577 3934 1627 3979 et
1679 3922 1858 3978 videns
1902 3936 1989 3975 eos
2026 3935 2107 3976 se-

521 4024 737 4089 quentes
772 4032 850 4082 se,
880 4012 1009 4069 dicit
1034 4015 1148 4070 eis:
1185 4012 1326 4080 Quid
1355 4016 1637 4087 quwritis?

594 4105 920 4178 Opportune
958 4121 1264 4164 conversus
1293 4114 1379 4163 est
1413 4106 1680 4163 Dominus
1709 4103 1776 4159 ad
1815 4108 2108 4173 sequentes

526 4216 609 4270 se,
628 4209 691 4257 ut
718 4201 907 4273 reipsa
936 4201 1122 4257 discas
1148 4201 1295 4272 quod
1327 4201 1382 4257 in
1406 4200 1644 4258 Psalmis
1673 4198 1931 4254 canitur:
1963 4216 1984 4250 ι
2003 4195 2111 4250 Ex-

525 4293 730 4366 quisivi
780 4293 1072 4349 Dominum
1121 4303 1176 4350 et
1220 4294 1457 4350 intendit
1502 4292 1635 4348 mihi
1668 4290 1760 4344 ⁸⁸⁸.
1801 4309 1821 4341 ι
1851 4287 2109 4357 Quandiu

526 4386 676 4445 enim
708 4386 872 4443 bonis
902 4388 1150 4445 moribus
1182 4398 1238 4445 et
1267 4396 1420 4445 recta
1461 4387 1568 4443 ﬁde
1608 4384 1781 4439 Deum
1812 4399 1925 4439 non
1954 4396 2110 4453 quaa-

524 4481 725 4546 rimus,
746 4487 874 4550 post
902 4479 1079 4551 ipsum
1106 4495 1300 4536 averso
1321 4480 1474 4537 vultu
1499 4477 1909 4549 quodammodo
1934 4476 2109 4531 collo-

2203 2034 2317 2088 ριος
2346 2015 2561 2079 Παῦλός
2585 2032 2719 2086 φησι
2741 2030 2755 2046 ·
2811 2033 2830 2065 ι
2854 2013 2937 2066 Τὰ
2962 2011 3101 2066 αὺτά
3135 2011 3316 2079 λέγειν
3348 2010 3497 2081 ὑμῖν,
3536 2007 3658 2079 ἐμοὶ
3689 2007 3788 2076 μὲν

2200 2107 2303 2160 οὐκ
2332 2105 2587 2176 ὀκνηρὸν,
2622 2106 2753 2175 ὑμῖν
2780 2105 2838 2158 δὲ
2865 2103 3128 2171 ἀσφαλές.
3162 2120 3181 2151 ι

2270 2196 2380 2252 Καὶ
2411 2197 2689 2266 ἤκουσαν
2715 2196 2902 2251 αὐτοῦ
2932 2197 2987 2249 ol
3010 2193 3119 2247 δύο
3141 2190 3399 2263 μαθηταὶ
3425 2188 3787 2255 λαλοῦντος,

2200 2291 2297 2345 καί
2338 2291 2768 2358 ἠκολούθησαν
2800 2285 2881 2353 τῷ
2923 2284 3140 2355 Ἰησοῦ.

2284 2382 2447 2454 Ὁρᾷς
2473 2384 2541 2453 τῇ
2584 2379 2905 2451 διδασκαλίᾳ
2934 2378 3153 2447 γείτονα
3197 2376 3288 2429 τὸν
3327 2373 3387 2439 ἐξ
3433 2372 3605 2443 αὐτῆς
3650 2372 3787 2425 ἀνα-

2200 2474 2421 2529 δοθέντα
2471 2474 2718 2546 καρπόνς
2762 2472 2926 2544 Ὁρᾷς
2968 2471 3092 2524 ὅσον
3137 2467 3239 2539 τῆς
3279 2464 3673 2537 ὲπαναλήψεως
3698 2463 3790 2517 εὕ-

2206 2563 2333 2635 ρέθη
2361 2565 2423 2618 τὸ
2458 2565 2684 2635 κέρδοςς
2727 2560 3062 2618 Μανθανέτω
3089 2556 3379 2630 τοιγαροῦν
3405 2555 3494 2611 διὰ
3530 2552 3739 2609 τούτων
3760 2556 3790 2608 6

2200 2656 2470 2711 διδάσκειν
2493 2655 2945 2727 πεπιστευμένος,
2967 2654 3128 2707 ὄκνου
3158 2651 3256 2722 μὲν
3287 2647 3528 2719 ἀμείνων
3555 2644 3789 2718 ὁρᾶσθαι

2202 2747 2422 2814 παντὸς,
2454 2746 2633 2818 ἑαυτῷ
2659 2746 2717 2801 δὲ
2744 2745 2928 2814 πλέον,
2958 2745 2992 2817 ἢ
3031 2748 3147 2809 τοῖς
3183 2742 3559 2816 ἀκροωμένοις
3592 2738 3790 2809 ἐπιζή-

2203 2853 2325 2909 μιον
2354 2837 2603 2908 ἡγεῖσθαι
2656 2834 2753 2907 τὴν
2809 2835 3040 2907 σιωπὴν,
3087 2835 3183 2889 καὶ
3219 2832 3295 2905 μὴ
3337 2833 3417 2896 είς
3458 2829 3655 2901 ἀργίαν
3690 2826 3792 2899 μὲν

2203 2927 2428 2999 ἀδρανῆ,
2453 2925 2707 2996 καθάπερ
2735 2925 2816 2990 είς
2849 2924 2973 2996 γῆν,
3006 2923 3069 2977 τὸ
3107 2920 3423 2977 δεσποτικὸν
3445 2916 3795 2989 ἀντορύττειν

2201 3018 2482 3085 τάλαντον,
2522 3015 2799 3084 διανέμειν
2839 3016 2897 3069 δὲ
2948 3013 3151 3086 μᾶλλον
3185 3015 3298 3077 τοῖς
3338 3009 3692 3082 τραπεζίταις
3730 3006 3793 3061 τὸ

2203 3111 2494 3183 ἀργύριον·
2539 3109 2812 3178 κομιεῖται
2855 3106 2965 3176 γὰρ
3019 3106 3048 3159 ό
3103 3102 3294 3173 Σωτὴρ
3340 3102 3404 3156 τὸ
3455 3097 3649 3154 ἑαυτοῦ
3696 3098 3794 3150 σὺν

2202 3200 2367 3272 τόκῳ,
2404 3200 2500 3253 καὶ
2530 3198 2783 3269 καθάπερ
2816 3196 2939 3251 τινὰ
2983 3195 3185 3270 σπόρον
3208 3190 3540 3263 ζωογονήσει
3575 3189 3669 3243 τὸν
3698 3190 3793 3257 ὲγ-

2204 3289 2615 3361 καταόληθέντα
2656 3287 2836 3357 λόγον.
2870 3288 3057 3359 Ἔχεις
3090 3287 3149 3339 ὲν
3178 3283 3391 3348 τούτοις
3421 3279 3796 3350 εὐφυεστάτην

2202 3383 2311 3439 τῶν
2337 3382 2647 3454 εἰρημένων
2680 3379 2975 3444 ἀπόδειξιν.
3011 3376 3086 3432 Οὐ
3114 3376 3223 3447 γὰρ
3256 3375 3493 3445 ὀκνήσας
3527 3372 3556 3424 6
3589 3368 3797 3424 Βαπτι-

2205 3473 2335 3545 στὴς
2362 3474 2473 3536 τοῖς
2511 3470 2708 3527 ἑαυτοῦ
2732 3469 3001 3543 μαθηταῖς
3028 3465 3293 3547 ἐπιδείξαι
3327 3465 3420 3519 τὸν
3446 3461 3672 3533 Κύριον,
3702 3458 3798 3514 καὶ

2205 3567 2285 3628 είς
2313 3564 2563 3635 δεύτερον
2591 3565 2765 3619 εἰπεῖν
2787 3579 2802 3594 ο
2840 3581 2861 3615 ι
2905 3562 3012 3615 Ἴδε
3041 3563 3070 3615 6
3098 3559 3268 3631 ἀμνὸς
3296 3556 3389 3612 τοῦ
3408 3553 3549 3610 θεοῦ
3573 3555 3604 3606 6
3627 3552 3799 3624 αἴρων

2204 3656 2304 3729 τὴν
2351 3656 2627 3726 ἁμαρτίαν
2670 3653 2766 3709 τοῦ
2810 3654 3037 3724 κόσμου,
3082 3670 3101 3703 ι
3135 3649 3388 3705 τοσοῦτον
3418 3645 3616 3709 αὐτοὺς
3654 3645 3799 3712 ὠφε-

2107 3810 2111 3814 ,
2204 3749 2378 3820 λήσας
2401 3749 2616 3820 ὁρᾶται,
2646 3747 2722 3812 ὡς
2765 3745 2862 3800 καὶ
2906 3746 3201 3799 ύποπεϊσαι
3242 3738 3430 3796 λοιπὸν
3461 3735 3795 3800 ἀκολουθεῖν,

2207 3842 2303 3895 καὶ
2334 3841 2436 3912 ήδη
2476 3841 2578 3912 τῆς
2610 3840 2702 3894 ὑπ’
2739 3839 2889 3910 αὐτῷ
2924 3836 3225 3910 μαθητείας
3250 3835 3397 3906 ὲρᾷν.

2279 3932 2571 4001 Στραφεὶς
2597 3931 2666 3984 δὲ
2691 3934 2725 3985 ὁ
2761 3930 3013 3999 Ἰησοῦς.
3039 3927 3139 3983 καὶ
3177 3924 3548 3994 θεασάμενος
3574 3919 3797 3987 αὐτοὺς

2207 4022 2719 4088 ἀκολουθοῦντας,
2754 4021 2918 4091 λέγει
2947 4019 3174 4086 αὐτοῖς.
3198 4018 3260 4072 Τί
3292 4013 3511 4084 ζητεῖτε
3527 4026 3549 4077 ;

2234 4134 2237 4137 ν
2292 4110 2639 4182 Ἑπεστράερη
2680 4109 2967 4182 χρησίμως
3025 4107 3162 4181 πρὸς
3200 4106 3328 4170 τοὺς
3371 4100 3796 4163 ἀκολουθοῦντας

2209 4206 2238 4257 6
2266 4200 2492 4273 Κύριος,
2523 4201 2611 4254 ἵνα
2654 4200 2801 4272 ἔργῳ
2843 4200 3019 4272 μάθῃς
3058 4199 3118 4253 τὸ
3166 4196 3593 4269 μελῳδούμενονο
3628 4213 3648 4246 ι
3679 4191 3791 4257 Ἐξ-

2210 4293 2451 4364 εζήτησα
2478 4293 2571 4346 τὸν
2609 4291 2848 4363 Κύριον,
2899 4292 2995 4345 καὶ
3024 4290 3296 4362 προσέσχε
3346 4306 3470 4359 μοι·
3513 4305 3532 4339 ι
3563 4286 3671 4349 ἕως
3703 4285 3796 4355 μὲν

2211 4388 2317 4456 γὰρ
2355 4383 2509 4439 οὔπω
2559 4383 2647 4438 διὰ
2676 4384 2896 4456 τρόπων
2927 4382 3170 4454 ἀγαθῶν,
3215 4382 3311 4436 καὶ
3348 4382 3447 4452 τῆς
3483 4381 3542 4433 ὲν
3584 4378 3664 4450 τῷ
3711 4395 3795 4431 πι-

2214 4475 2422 4530 στεύειν
2500 4475 2791 4547 όρθότητος
2868 4474 3233 4546 ἐπιζητοῦμεν
3322 4471 3412 4526 τὸν
3495 4470 3664 4533 Θεὸν,
3734 4470 3801 4522 ἐκ

527 4569 639 4626 cati
672 4583 900 4626 sumus:
942 4570 1037 4624 sed
1066 4584 1193 4629 cum
1226 4569 1426 4655 divinae
1465 4566 1606 4636 legis
1639 4565 1733 4621 siti
1765 4572 2021 4620 sanctum
2054 4573 2104 4620 et

2216 4566 2509 4638 προσώπου
2551 4567 2752 4640 τρόπον
2799 4567 2923 4621 τινὰ
2983 4566 3210 4621 κατόπιν
3260 4563 3523 4635 κείμεθασ
3557 4560 3698 4615 ἐπὰν
3745 4560 3803 4614 δὲ

525 4659 791 4726 eximium
828 4659 1057 4729 iustitiae
1106 4661 1211 4717 iter
1260 4650 1593 4723 insistimus,
1636 4664 1770 4712 tunc
1798 4663 1951 4711 certe
2001 4670 2104 4712 nos

2210 4656 2302 4710 τὸν
2345 4657 2488 4710 θεῖον
2532 4657 2696 4712 αὐτοῦ
2736 4656 3063 4729 διψήσαντες
3109 4656 3272 4725 νόμον
3296 4694 3312 4718 ,
3353 4652 3451 4723 τὴν
3496 4650 3662 4721 ἀγίαν
3707 4652 3803 4704 καὶ

523 4752 771 4823 respicit,
800 4752 932 4808 illud
970 4753 1132 4808 nobis
1161 4751 1501 4806 inclamans:
1548 4767 1563 4800 ι
1601 4746 2004 4804 Convertimini
2037 4746 2105 4801 ad

523 4857 634 4909 me,
670 4850 726 4899 et
771 4851 1065 4899 convertar
1110 4841 1178 4896 ad
1225 4855 1344 4906 vos,
1378 4839 1514 4894 dicit
1546 4838 1814 4895 Dominus
1851 4839 2107 4908 omnipo-

527 4933 767 4997 αεσξη.»
793 4933 877 4987 Ad
905 4948 1002 4991 eos
1034 4940 1217 4987 autem
1248 4930 1536 4997 Christus,
1567 4948 1587 4989 ι
1617 4929 1759 4996 Quid
1782 4929 2099 5001 queritis?»

524 5024 729 5095 inquit,
763 5039 873 5080 non
907 5024 1054 5095 quod
1078 5025 1357 5095 ignoraret
1393 5020 1612 5092 (cuncta
1642 5021 1793 5078 enim
1839 5021 2013 5088 novit,
2048 5033 2108 5078 ut

526 5111 717 5186 Deus),
751 5114 845 5171 sed
881 5115 1031 5186 quod
1060 5112 1546 5183 interrogationem
1578 5112 1722 5168 hanc
1750 5113 2105 5189 colloquendi

527 5205 888 5288 primordium
921 5220 989 5261 ac
1019 5203 1187 5259 veluti
1222 5202 1468 5259 radicem
1496 5210 1782 5260 statueret.

600 5383 644 5449 1,
676 5384 766 5440 '58.
807 5382 915 5450 Qui
949 5382 1195 5437 dixerunt
1222 5383 1304 5436 ei:
1336 5381 1505 5437 Rabbi
1533 5381 1690 5454 (quod
1714 5382 1911 5439 dicitur
1945 5385 2105 5440 inter-

526 5483 792 5546 pretatum
821 5473 1115 5544 magister),
1146 5474 1234 5527 ubi
1260 5474 1470 5529 habitas
1483 5478 1510 5531 9

602 5566 771 5622 Docte
819 5567 868 5619 ci
921 5573 1223 5620 occurrunt
1256 5566 1603 5637 interrogati.
1655 5566 1900 5623 Primum
1955 5570 2101 5625 enim

535 5658 859 5728 magistrum
911 5657 1088 5727 ipsum
1138 5666 1359 5726 vocant,
1413 5660 1561 5715 clare
1609 5659 1989 5731 signiﬁcantes
2048 5675 2108 5717 se

626 5826 667 5871 *⁵⁷
696 5837 797 5902 isn.
844 5854 993 5904 um,
1031 5841 1119 5896 9.3,

2212 4749 2487 4820 ἐξαίρετον
2513 4750 2612 4819 τῆς
2633 4749 2979 4820 δικαιοσύνης
3016 4746 3385 4819 ίχνηλατῶμεν
3413 4746 3550 4809 ὁδὸν,
3590 4744 3712 4798 τότε
3736 4743 3807 4816 δὴ

2215 4841 2431 4905 πάντως
2475 4843 2624 4913 ἡμᾶς
2674 4840 3033 4912 ἐπισκέψεται
3074 4840 3136 4894 τὸ
3195 4836 3580 4909 γεγραμμένον
3623 4837 3807 4890 ἐκεῖνο

2216 4932 2384 5003 βοῶν⁹
2422 4952 2441 4984 ι
2480 4933 2872 5005 Ἐπιστρέψατε
2906 4933 3045 5004 πρός
3078 4947 3166 5003 με,
3199 4932 3293 4985 καὶ
3321 4928 3801 4999 ὲπιστραφήσομα;

2214 5021 2347 5093 πρὸς
2373 5023 2539 5093 ὑμᾶς,
2573 5022 2719 5090 λέγει
2750 5021 2952 5093 Κύριος
2992 5021 3406 5092 παντοκράτωρ.
3445 5038 3463 5071 ι
3492 5048 3563 5059 -
3596 5037 3615 5069 ι
3654 5016 3723 5071 Τί
3753 5020 3803 5071 δε

2214 5112 2461 5183 ζητεῖτες
2498 5134 2517 5167 ι
2549 5116 2684 5184 φησὶ
2708 5117 2844 5186 πρὸς
2876 5114 3070 5178 αὐτούς
3091 5131 3104 5146 ο
3137 5114 3239 5168 οὐκ
3265 5112 3558 5183 ἀγνοήσας,
3600 5108 3769 5164 πόθεν
3789 5130 3804 5143 ·

2216 5203 2393 5258 πάντα
2420 5206 2528 5277 γὰρ
2560 5204 2699 5260 οἶδεν
2729 5207 2806 5270 ὡς
2845 5205 3013 5270 Θεόςο
3054 5204 3228 5277 ἀρχὴν
3273 5203 3329 5257 δὲ
3374 5204 3467 5257 καὶ
3494 5199 3652 5272 ῥίζαν
3685 5204 3804 5261 ταῖς

2213 5293 2480 5359 διαλέξεσι
2507 5296 2673 5360 τιθεὶς
2700 5297 2803 5368 τὴν
2833 5296 3126 5368 ἐρώτησιν.

2296 5391 2362 5443 Οἱ
2380 5389 2450 5442 δὲ
2470 5385 2645 5444 εἷπον
2676 5389 2858 5455 αὐτῷ’
2901 5388 3120 5451 Ῥαϐϐὶ,
3151 5388 3183 5441 ὃ
3215 5388 3453 5455 λέγεται
3475 5384 3789 5455 ἑρμηνευό-

2209 5498 2420 5552 μενον,
2451 5480 2808 5546 Διδάσκαλε,
2842 5481 2959 5535 ποῦ
2994 5479 3232 5550 pirate;

2284 5572 2662 5634 Εύπαιδεύτως
2705 5570 3017 5625 ὑπαντῶσιν
3072 5572 3122 5624 οἱ
3175 5568 3574 5641 διερωτώμενοι
3596 5585 3609 5599 ·
3653 5564 3797 5621 διδά-

2219 5662 2413 5718 σκαλον
2461 5660 2567 5733 γὰρ
2615 5662 2714 5732 ἤδη
2764 5661 3008 5726 καλοῦσι,
3051 5661 3112 5714 τὸ
3162 5660 3448 5731 βούλεσθαί
3488 5676 3541 5714 τι
3586 5656 3779 5730 μαθεῖν

1210 5843 1254 5874 ⁵⁸
1284 5842 1520 5911 Philipp.
1562 5857 1641 5907 ιιι,
1680 5841 1728 5894 1.
1807 5842 1850 5872 ³⁵
1881 5839 2035 5895 Jnan.
2073 5858 2104 5909 ι,

2201 5850 2231 5897 l.
2271 5844 2339 5878 ⁸³⁵
2378 5844 2520 5899 Psal.
2553 5858 2747 5913 χχχιιι,
2785 5845 2837 5898 $3.
2918 5843 2963 5876 “’
2989 5842 3227 5896 Zxclxar.
3263 5856 3298 5905 ι,
3336 5840 3389 5895 3.
