4106 6546
364 451 472 509 ΞΠ

1434 454 1501 509 ΙΝ
1538 454 1828 512 JOANNIS
1859 455 2309 518 EVANGELIUM
2358 461 2488 519 LIB.
2531 462 2598 518 ll.

3557 458 3667 518 218

363 562 456 620 οιὰ
514 564 706 619 τούτου
756 563 945 635 σαφῶς
1006 566 1430 639 ἑρμηνεύοντες·
1476 563 1596 623 εἶτα
1645 568 1741 640 τὴν
1792 569 1973 624 ἑστίαν

2084 571 2217 628 velle
2245 573 2451 645 aliquid
2482 573 2719 629 discere.
2744 573 2881 628 Tum
2915 579 3111 644 rogant
3135 572 3214 627 uti
3247 569 3475 627 domum
3507 583 3667 626 suam

360 656 615 723 ἀξιοῦσιν
647 660 845 722 εἰπεῖν,
877 659 951 723 ὡς
983 660 1040 713 ἐν
1073 660 1211 732 αὐτῇ
1243 661 1344 732 τὴν
1379 661 1568 733 χρείαν
1595 661 1845 732 ἐροῦντες
1883 663 1973 716 εὐ-

358 749 607 822 καίρωςσ
652 750 714 804 ού
737 750 847 822 γὰρ
875 751 1070 823 δήπου,
1097 751 1242 807 κατὰ
1286 753 1347 807 τὸ
1395 752 1561 819 εἰκὸς,
1607 754 1700 808 τὸν
1740 756 1831 809 ἐπὶ
1859 757 1972 820 τοῖς

358 841 694 910 ἀναγκαίοις
726 843 903 913 λόγον,
938 844 1057 898 ὁδοῦ
1094 844 1372 917 πάρεργον
1403 846 1675 901 ποιεῖσθαι
1718 847 1831 901 δεῖν
1860 846 1973 900 ἐδο-

359 932 609 1006 κίμαζεν
650 934 753 1009 [αι.
798 937 1176 1011 ἐδοκίμαζον]⁶
1213 938 1367 994 ἔσται
1410 938 1467 994 δὲ
1511 938 1674 997 πάλιν
1715 941 1850 1012 ἡμῖν
1894 940 1974 1003 είς

358 1028 542 1081 τύπον
570 1027 837 1100 ἐπωφελῆ
867 1030 928 1084 τὸ
948 1029 1265 1105 λεγόμενον.

435 1118 614 1189 Λέγει
654 1120 863 1187 αὐτοῖς
883 1138 898 1153 ·
925 1121 1213 1192 Ἔρχεσθε
1245 1123 1343 1178 καὶ
1370 1123 1546 1179 ἴδετε.

437 1215 518 1269 Οὐ
550 1216 817 1288 σημαίνει
843 1216 941 1289 τὴν
969 1217 1169 1285 οἰκίαν,
1207 1219 1384 1273 καίτοι
1437 1217 1595 1272 τοῦτο
1636 1220 1806 1271 ποιεῖν
1835 1216 1977 1282 ἐξαι-

356 1305 676 1378 τούμενος,
733 1308 870 1363 ἰέναι
919 1309 978 1362 δὲ
1032 1310 1234 1381 μᾶλλον
1284 1312 1365 1375 εἰς
1421 1310 1592 1382 αὐτὴν
1634 1310 1974 1381 παραχρῆμα

357 1398 618 1454 κελεύει·
658 1399 879 1472 πρῶτον
920 1402 1020 1473 μὲν
1071 1404 1247 1458 ἐκεῖνο
1280 1403 1569 1468 διδάσκων,
1605 1402 1681 1466 ὡς
1735 1404 1794 1457 ἐν
1839 1402 1975 1456 ὑπο-

359 1489 619 1561 γραμμῷ
646 1491 725 1562 τῷ
760 1491 1076 1565 πράγματι,
1105 1495 1318 1549 ὅτιτῶν
1349 1496 1572 1571 ἀγεθῶν
1602 1496 1701 1567 τὴν
1748 1495 1976 1567 ζήτησιν

360 1583 472 1636 οὐκ
501 1584 581 1646 είς
604 1584 931 1655 ὑπερθέσεις
954 1585 1409 1659 ἀναῤῥιπτεῖσθαι
1437 1587 1619 1642 καλόν·
1638 1587 1699 1641 τὸ
1724 1587 1832 1659 γὰρ
1857 1588 1978 1658 μέλ-

360 1673 484 1727 λειν
514 1673 653 1739 ὅλως
674 1676 733 1729 ἐν
754 1679 868 1740 τοῖς
895 1677 1125 1748 ὠφελεῖν
1152 1678 1453 1748 πεφυκόσιν
1491 1677 1783 1750 ἐπιζήμιον
1802 1697 1816 1712 -
1856 1673 1978 1734 εἶτα

361 1762 511 1836 πρὸς
561 1765 762 1838 τούτῳ,
808 1769 904 1822 καὶ
940 1768 1083 1833 τόδε,
1138 1769 1222 1822 ὅτι
1261 1772 1373 1834 τοῖς
1427 1769 1713 1838 ἀγνοοῦσιν
1758 1769 1837 1823 ἔτι
1885 1770 1977 1825 τὸν

362 1857 527 1926 ἅγιον
575 1852 729 1913 οἶκον
762 1859 860 1915 τοῦ
905 1862 1159 1934 Σωτῆρος
1188 1862 1345 1936 ἡμῶν
1367 1862 1628 1932 Χριστοῦ,
1668 1863 1811 1918 τοῦτ’
1837 1863 1973 1930 ἔστι,

364 1948 467 2019 τὴν
505 1948 864 2020 Ἐκκλησίαν,
895 1951 958 2004 ού
987 1951 1050 2005 τὸ
1079 1953 1203 2006 ὅποι
1253 1953 1386 2006 ποτὲ
1430 1957 1605 2009 κεῖται
1646 1953 1838 2025 μαθεῖν
1879 1954 1978 2025 ἁρ-

374 2039 521 2093 κέσει
553 2041 696 2111 πρὸς
728 2042 1027 2114 σωτηρίαν,
1069 2043 1210 2098 ἀλλὰ
1265 2044 1328 2099 τὸ
1374 2043 1547 2098 ἐλθεῖν
1593 2046 1674 2109 είς
1708 2046 1871 2100 αὑτὸν
1893 2046 1980 2101 διὰ

374 2130 475 2201 τῆς
503 2131 768 2201 πίστεως,
801 2133 929 2189 ἰδεῖν
975 2153 1036 2190 τε
1076 2135 1148 2192 τὰ
1196 2136 1255 2204 ἐν
1285 2137 1435 2210 αὐτῷ
1474 2138 1754 2210 μυστικῶς
1789 2138 1978 2210 δηλον-

369 2224 450 2279 ότι
479 2224 814 2297 τελούμενα.

435 2311 675 2372 Ἦλθον
695 2314 812 2375 οὖν
847 2320 946 2376 καὶ
973 2316 1141 2376 εἶδον
1164 2322 1284 2378 ποῦ
1300 2321 1492 2394 μένει,
1521 2324 1619 2378 καὶ
1656 2322 1793 2394 παρ’
1819 2322 1981 2391 αὐτῷ

361 2406 623 2478 ἔμειναν
651 2408 769 2480 τὴν
796 2411 1031 2481 ἡμέραν
1055 2413 1300 2483 ἐκείνην
1320 2430 1335 2446 ·
1378 2412 1502 2484 ὥρα
1528 2410 1715 2487 ἦνιώς
1736 2415 1979 2487 δεκάτη.

436 2589 818 2662 Εύπαρέδρως
846 2592 895 2644 οἱ
931 2592 1175 2664 μαθηταὶ
1201 2594 1301 2667 τὴν
1329 2593 1439 2649 τῶν
1470 2595 1630 2650 θείων
1661 2597 1981 2669 μυστηρίων

360 2682 726 2737 ἐπαιδεύοπο
752 2682 955 2751 γνῶσιν
977 2694 992 2715 ⁸
1021 2685 1083 2739 ού
1114 2685 1223 2758 γὰρ
1251 2681 1407 2757 οἶμαι
1441 2687 1674 2760 πρέπειν
1718 2688 1981 2761 ἁψίκορον

360 2776 479 2836 τοῖς
519 2771 886 2844 φιλομαθέςιν
923 2774 1192 2845 ὑπάρχειν
1237 2775 1499 2841 διάνοιαν,
1534 2777 1982 2849 φιλοπονωτάτην

365 2864 424 2917 δὲ
458 2864 689 2936 μᾶλλον,
723 2866 816 2919 καὶ
848 2867 947 2938 τῆς
980 2868 1038 2922 ἐν
1078 2867 1299 2939 ἱδρῶσιν
1341 2869 1567 2938 ἀγαθοῖς
1616 2869 1983 2942 μικροψυχίας

365 2959 694 3030 κρείττονα,
722 2958 801 3023 ὡς
849 2961 928 3023 είς
977 2958 1195 3014 ἅπαντα
1236 2959 1338 3031 τῆς
1380 2960 1526 3032 ζωῆς
1561 2960 1654 3012 τὸν
1699 2959 1891 3031 καιρὸν
1926 2962 1984 3024 ἐν

356 3049 660 3121 ὁλοκλήρῳ
720 3052 787 3121 τῇ
843 3050 1128 3124 προθυμίᾳ
1192 3049 1483 3122 φαίνεσθαι
1544 3050 1978 3122 διαπρέποντας’

352 3136 530 3193 τοῦτο
563 3138 675 3211 γὰρ
704 3138 781 3203 ὡς
818 3139 885 3193 δι’
913 3140 1240 3211 αἰνίγματος
1270 3136 1424 3211 οἶμαι
1460 3139 1653 3212 δηλοῦν
1686 3140 1770 3207 τὸ,
1803 3161 1821 3190 ι
1844 3141 1984 3215 Παρ’

2074 662 2311 730 indicet,
2370 673 2630 734 tanquam
2680 664 2754 719 ibi
2789 674 3097 735 opportune
3144 661 3348 718 dicturi
3401 660 3547 732 quod
3597 660 3668 715 sit

2076 769 2259 827 operae
2294 760 2556 826 pretium.
2595 753 2868 810 Nolebant
2922 755 3092 818 enim,
3144 761 3206 809 ut
3261 752 3524 809 credibile
3561 758 3668 812 est,

2075 847 2145 904 de
2184 848 2355 904 rebus
2379 846 2729 920 gravissimis
2759 846 2939 901 obiter
2970 853 3185 901 tantum
3228 843 3495 915 colloqui.
3549 842 3671 909 Quo

2075 955 2142 997 ex
2182 941 2332 997 dicto
2378 940 2691 1012 exemplum
2723 938 2891 995 nobis
2924 953 3118 995 rursus
3164 936 3300 993 utile
3335 935 3667 1008 capiendum

2075 1039 2179 1089 est.

2154 1124 2315 1197 130
2343 1122 2386 1193 1,
2413 1123 2502 1180 '59.
2536 1121 2681 1178 Dicit
2711 1122 2822 1177 eis:
2846 1119 3031 1176 Venite
3062 1127 3111 1174 et
3139 1118 3325 1174 videte.

2149 1218 2386 1274 Domum
2431 1232 2590 1282 suam
2641 1232 2756 1273 non
2800 1214 3037 1280 indicat,
3071 1213 3331 1284 quamvis
3361 1210 3467 1266 hoc
3508 1224 3671 1279 roga-

2076 1319 2254 1379 retur,
2287 1312 2384 1368 sed
2426 1311 2613 1383 potius
2663 1317 2721 1364 ut
2765 1308 2833 1363 ad
2880 1322 3002 1364 eam
3043 1305 3234 1362 statim
3288 1318 3347 1359 se
3383 1301 3674 1358 conferant

2075 1404 2252 1476 jubet.
2306 1403 2547 1459 Primum
2600 1402 2847 1475 quidem,
2882 1407 2943 1455 ut
2994 1414 3060 1455 ea
3115 1411 3178 1452 re
3237 1395 3306 1451 ad
3358 1392 3671 1464 exemplum

2078 1499 2368 1572 proposita
2399 1498 2625 1554 doceret
2668 1496 2723 1552 in
2759 1492 3075 1567 quaarendis
3105 1489 3269 1546 bonis
3316 1487 3521 1542 malam
3550 1498 3677 1541 esse

2078 1595 2441 1652 dilationem:
2483 1594 2539 1648 in
2581 1593 2749 1648 rebus
2804 1589 2953 1646 enim
3002 1585 3236 1642 utilibus
3269 1582 3539 1637 damnosa
3589 1585 3677 1635 est

2080 1689 2264 1744 omnis
2293 1685 2596 1742 cunctatio.
2637 1680 2865 1745 Deinde,
2895 1675 3288 1751 ignorantibus
3315 1672 3497 1727 adhuc
3547 1667 3678 1725 sa’n—

2079 1790 2226 1838 ctam
2265 1779 2566 1837 Salvatoris
2599 1777 2776 1834 nostri
2810 1771 3018 1831 Christi
3059 1770 3312 1831 domum,
3355 1763 3411 1821 id
3449 1772 3535 1818 est
3567 1760 3675 1815 Ec-

2080 1873 2332 1940 clesiam,
2379 1872 2449 1928 ad
2505 1873 2741 1928 salutem
2787 1881 2900 1922 non
2949 1861 3220 1925 subicere,
3276 1858 3323 1914 si
3377 1853 3675 1912 didicerint

2080 1966 2310 2022 ubinam
2348 1964 2440 2019 illa
2470 1964 2567 2029 sit,
2601 1961 2710 2017 nisi
2748 1959 2816 2015 ad
2844 1958 3024 2028 ipsum
3065 1967 3166 2024 per
3198 1949 3361 2006 ﬁdem
3394 1945 3673 2009 venerint,

2079 2066 2134 2113 et
2166 2072 2289 2129 quae
2316 2054 2550 2128 mystice
2577 2053 2633 2109 in
2665 2066 2732 2109 eo
2761 2053 3103 2122 peraguntur
3129 2038 3532 2116 perspexerint.

2150 2323 2198 2393 Ι,
2229 2321 2322 2380 59.
2360 2319 2627 2376 Venerunt
2664 2315 2828 2387 igitur
2851 2320 2903 2367 et
2951 2308 3192 2365 viderunt
3214 2304 3308 2361 ubi
3336 2307 3591 2366 maneret,
3623 2306 3676 2354 et

2082 2391 2224 2490 apud
2260 2432 2381 2472 eum
2430 2418 2741 2469 manserunt
2779 2408 2868 2463 die
2913 2404 3044 2459 illo:
3073 2400 3208 2457 hora
3242 2405 3358 2453 erat
3395 2394 3552 2468 quasi
3581 2391 3675 2447 de—

2083 2514 2245 2570 cima.
3186 2562 3193 2571 ,

2155 2601 2381 2660 Assidui
2411 2605 2571 2657 erant
2593 2593 2853 2666 discipuli
2880 2592 2939 2648 in
2970 2583 3329 2662 percipienda
3358 2580 3675 2637 divinorum

2083 2693 2478 2768 mysteriorum
2505 2687 2850 2761 cognitione.
2871 2681 3172 2738 Levitatem
3202 2675 3408 2748 quippe
3425 2666 3677 2728 discendi

2084 2787 2302 2859 cupidis
2348 2782 2653 2841 convenire
2689 2795 2804 2836 non
2843 2774 3126 2840 existimo,
3181 2768 3276 2826 sed
3327 2763 3673 2823 laboriosum

2086 2858 2333 2935 animum
2368 2892 2434 2932 ac
2480 2886 2810 2946 generosum
2840 2910 2856 2936 ,
2911 2867 3050 2922 adeo
3108 2871 3167 2918 ut
3218 2858 3371 2917 omni
3428 2865 3680 2926 tempore

2086 2972 2217 3027 vita:
2255 2941 2533 3024 constanti
2561 2964 2750 3020 studio
2791 2959 3062 3015 clareant.
3106 2953 3160 3008 Id
3194 2952 3341 3008 enim
3373 2941 3679 3019 signiﬁcari

2088 3063 2336 3119 arbitror
2368 3060 2455 3114 bis
2482 3056 2705 3113 verbis:
2741 3072 2760 3105 ι
2799 3051 2867 3105 Ει
2895 3048 3041 3120 apud
3068 3061 3194 3102 cum
3230 3047 3557 3098 manserunt
3588 3035 3679 3092 die

2089 3154 2207 3210 illo.
2241 3170 2259 3204 ι
2291 3150 2429 3208 Cum
2462 3156 2647 3205 autem
2677 3144 2787 3199 ait:
2820 3159 2838 3193 ι
2870 3139 3017 3195 Hora
3046 3144 3165 3194 erat
3191 3133 3351 3206 quasi
3376 3129 3614 3192 decima,
3653 3144 3677 3181 ι

352 3231 522 3303 αὐτῷ
553 3231 789 3327 ἔμειναν
824 3231 924 3303 τὴν
950 3232 1167 3304 ἡμέραν
1202 3234 1453 3305 ἐκείνηνο
1492 3254 1511 3286 ι
1549 3233 1735 3305 ἐπειδὴ
1777 3234 1834 3288 δέ
1878 3252 1978 3306 φη-

2089 3246 2406 3316 theologum
2457 3241 2699 3297 dicimus
2747 3230 3164 3292 accommodata
3218 3226 3419 3296 cuique
3466 3220 3680 3277 ratione

354 3342 478 3391 σιν,
516 3343 537 3376 ι
577 3326 723 3398 Ὦρα
759 3321 829 3398 ἦν
860 3325 937 3389 ὡς
979 3326 1204 3399 δεκάτη,
1241 3345 1260 3378 ι
1296 3327 1390 3380 καὶ
1441 3326 1579 3400 πρὸς
1630 3328 1763 3381 αὐτὸ
1819 3327 1979 3383 τοῦτο

352 3417 610 3489 λέγομεν
638 3417 731 3471 τὸν
769 3418 989 3488 ἑκάστῳ
1036 3418 1308 3490 χρήσιμόν
1346 3436 1407 3472 τε
1454 3419 1549 3472 καὶ
1582 3419 1781 3473 οἰκεῖον
1813 3420 1978 3492 ἐφαρ-

355 3511 643 3583 μόζοντες
665 3509 844 3580 λόγον,
870 3511 953 3564 ὅτι
977 3511 1138 3564 πάλιν
1167 3512 1314 3583 ἡμᾶς
1342 3511 1432 3565 διὰ
1466 3510 1569 3581 τῆς
1603 3510 1747 3565 οὕτω
1770 3511 1977 3583 λεπτῆς

352 3602 779 3674 ἐπιχειρήσεως
823 3601 1131 3656 ἐκδιδάσκει
1179 3601 1280 3672 τῆς
1322 3601 1602 3671 θεολογίας
1653 3603 1682 3656 ό
1735 3619 1976 3674 συγγρα-

352 3694 533 3766 φεὺς,
574 3693 652 3759 ὡς
682 3694 783 3749 οὐκ
810 3697 869 3749 ἐν
898 3693 1040 3766 ἀρχῇ
1076 3692 1168 3747 τοῦ
1212 3695 1479 3766 παρόντος
1510 3693 1703 3758 οιίῶνος
1732 3695 1794 3748 τὺ
1830 3695 1975 3765 μέγα

351 3787 467 3844 τοῦ
499 3787 758 3860 Σωτῆρος
783 3787 942 3858 ἡμῶν
967 3784 1216 3860 ἐγνώσθη
1246 3788 1567 3859 μυστήριον,
1586 3770 1705 3841 ’ἀλλ’
1725 3788 1804 3851 εἰς
1825 3787 1980 3852 τέλος

349 3881 475 3956 ἤδη
506 3880 876 3943 καταλύοντος
920 3879 1015 3933 τοῦ
1063 3879 1258 3952 καιροῦ
1283 3897 1298 3912 ⁸
1334 3898 1353 3932 ι
1399 3877 1520 3933 Ἐπ’
1551 3879 1796 3951 ἐσχάτων
1843 3879 1975 3951 γὰρ,

350 3975 444 4039 ὡς
484 3973 826 4045 γέγραπται,
869 3971 980 4025 τῶν
1026 3971 1249 4043 ἡμερῶν
1296 3970 1536 4025 διδακτοὶ
1585 3971 1786 4035 πάντες
1844 3972 1977 4026 ἀνα-

349 4064 700 4137 δεδείγμεθα
730 4061 890 4119 Θεοῦ.
926 4083 946 4117 ι
982 4063 1149 4134 Δέχου
1181 4063 1238 4117 δέ
1272 4080 1361 4134 μοι
1395 4062 1557 4117 πάλιν
1603 4062 1711 4118 τῶν
1753 4064 1980 4135 εἰρημέ-

350 4176 482 4215 νων
511 4157 700 4212 εἰκόνα
726 4156 858 4228 περὶ
893 4155 994 4227 τὴν
1033 4155 1266 4227 δεκάτην
1308 4155 1479 4226 ὥραν,
1510 4157 1978 4229 προσεδρεύοντας

352 4252 445 4324 τῷ
498 4249 719 4322 Σωτῆρι
769 4249 898 4312 τοὺς
950 4246 1221 4320 μαθητὰς,
1274 4246 1371 4312 οὒς
1418 4250 1515 4303 καὶ
1563 4249 1980 4315 καταλύσαντας

354 4342 526 4408 ἅπαξ
559 4339 1082 4414 προσμεμενηκέναι
1113 4340 1278 4412 φησὶν
1306 4342 1334 4394 ό
1364 4340 1520 4410 ἅγιος
1549 4341 1945 4415 εύαγγελιστής
1963 4362 1977 4377 ο

2083 3312 2309 3395 rursum
2362 3348 2467 3389 nos
2521 3327 2804 3387 subtiliter
2842 3324 3095 3384 edocere,
3144 3332 3256 3373 non
3288 3316 3346 3371 in
3375 3312 3543 3383 hujus
3587 3324 3681 3365 sae-

2083 3430 2194 3486 culi
2252 3424 2559 3501 primordio
2620 3431 2881 3491 magnum
2937 3412 3077 3468 illud
3138 3405 3445 3466 Salvatoris
3500 3402 3678 3456 nostri

2083 3521 2413 3595 mysterium
2440 3514 2771 3579 innotuisse,
2789 3522 2978 3565 verum
3013 3515 3257 3574 tempore
3278 3500 3392 3572 jam
3421 3497 3488 3552 ad
3518 3494 3679 3550 tinem

2084 3592 2365 3671 tendente.
2405 3629 2424 3663 ι
2467 3608 2527 3664 In
2572 3602 2896 3662 novissimis
2923 3620 2940 3653 ι
2981 3599 3235 3662 enim,ut
3270 3592 3537 3662 scriptum
3575 3593 3678 3650 est,

2086 3726 2108 3762 ι
2148 3707 2368 3770 diebus,
2394 3701 2543 3759 docti
2574 3715 2605 3755 a
2632 3698 2744 3756 Deo
2770 3712 2966 3754 omnes
2996 3706 3192 3750 sumus
3226 3688 3291 3742 ⁶¹.
3327 3703 3346 3737 ι
3381 3683 3677 3741 Prmterea.

2082 3816 2209 3858 cum
2266 3795 2527 3868 discipuli
2575 3792 2801 3849 circiter
2835 3791 3031 3845 horam
3077 3781 3354 3838 decimam
3403 3767 3679 3829 Salvator!

2081 3890 2393 3955 assideant,
2418 3899 2472 3942 et
2498 3900 2529 3940 a
2572 3890 2768 3940 sancto
2793 3875 3133 3948 evangelista
3173 3868 3314 3941 apud
3357 3881 3483 3922 eum
3514 3874 3681 3934 porro

2083 3981 2359 4039 mansisse
2408 3978 2699 4033 dicantur:
2728 3974 2943 4030 discant
2980 3981 3178 4024 rursus
3207 3960 3337 4018 inde
3363 3957 3477 4030 qui_
3493 3970 3590 4026 per
3617 3951 3680 4007 [io

2082 4075 2209 4132 dem
2235 4074 2292 4129 in
2330 4071 2578 4127 divinam
2616 4069 2843 4123 domum
2879 4060 3296 4134 ingrediuntur,
3333 4059 3388 4108 ct
3432 4049 3499 4104 ad
3526 4045 3682 4102 Chri-

2084 4175 2232 4224 stum
2269 4170 2599 4226 accurrunt,
2631 4157 2777 4230 apud
2801 4156 2983 4227 ipsum
3008 4148 3348 4208 manendum
3396 4155 3542 4204 esse,
3581 4151 3683 4192 nec

2086 4260 2158 4317 ab
2180 4275 2247 4316 eo
2274 4253 2644 4317 secedendum
2671 4251 2738 4307 ad
2772 4254 3064 4321 peccatum
3100 4236 3464 4305 transeundo,
3499 4242 3594 4289 aut
3624 4232 3680 4287 in

2088 4349 2537 4407 incredulitatem
2566 4359 2764 4401 rursus
2796 4337 3111 4412 migrando.

354 4444 460 4498 ἵνα.
496 4438 663 4494 πάλιν
719 4435 1067 4509 μανθάνωσιν
1100 4439 1149 4490 οἱ
1221 4436 1311 4491 διὰ
1377 4438 1615 4503 πίστεως
1653 4439 1736 4504 είς
1789 4414 2075 4500 τὸννθεῖον
2109 4445 2513 4508 εἰσελαύνοντες
2556 4436 2741 4506 οἷκον,
2786 4437 2881 4491 καλ¹
2930 4432 3080 4504 αύτῷ
3133 4423 3563 4503 προστρέχοντες
3607 4414 3686 4488 τῷ

352 4533 619 4610 Χριστῷ,
655 4535 740 4588 ὅτι
783 4534 891 4604 χρὴ
940 4532 1270 4605 προσμένειν
1319 4532 1492 4603 αὐτῷ,
1542 4534 1637 4588 καὶ
1693 4535 1769 4606 μὴ
1814 4537 1976 4593 πάλιν
2014 4541 2431 4617 ἀλλοτριοῦσθαι
2456 4538 2653 4611 φιλεῖν,
2713 4535 2748 4607 ἢ
2794 4531 2930 4605 πρὸς
2965 4525 3244 4602 ἁμαρτίαν
3310 4517 3683 4576 ἐκϐαίνοντας,

352 4633 391 4703 ἦ
433 4626 953 4699 παλινδρομοῦντας
980 4627 1060 4690 είς
1086 4626 1366 4680 ἀπιστίαν.

423 4708 561 4780 Ἠν
600 4722 878 4793 Ἀνδρέας
920 4725 955 4777 ό
985 4721 1250 4792 ἀδελφὸς
1290 4723 1559 4793 Σίμωνος
1601 4724 1853 4795 Πέτρου,
1892 4724 1978 4795 εἷς

2160 4727 2204 4793 1,
2232 4724 2419 4790 40,Η.
2444 4721 2576 4776 Erat
2600 4718 2846 4774 Andreas
2871 4714 3064 4785 frater,
3090 4707 3326 4766 Simonis
3344 4703 3521 4769 Petri,
3548 4718 3687 4756 unus

350 4822 432 4874 ἐκ
480 4815 605 4871 τῶν
625 4814 737 4869 δύο
771 4814 893 4869 τῶν
920 4813 1316 4869 ἀκουσάντων
1366 4817 1526 4885 παρὰ
1560 4816 1853 4883 Ἰωάννου,
1885 4820 1984 4875 καὶ

355 4904 933 4975 ἀκολουθησάντων
976 4904 1138 4971 αὐτῷ
1162 4922 1176 4938 ·
1208 4909 1477 4974 εὑρίσκει
1520 4904 1702 4977 οὗτος
1750 4914 1985 4980 πρῶτος

357 5005 483 5059 τὸν
510 5000 783 5070 ἀδελφὸν
809 4999 920 5054 τὸν
955 4995 1108 5053 ἴδιον
1146 4999 1403 5069 Σίμωνα,
1437 5000 1536 5055 καὶ
1584 5003 1747 5073 λέγει
1782 5004 1979 5071 αὐτῷ’

361 5093 739 5165 Εὑρήκαμεν
774 5090 884 5146 τὸν
912 5092 1214 5158 Μεσσίαν,
1243 5091 1277 5145 ὅ
1311 5093 1443 5147 ἐστι
1474 5097 1981 5167 μεθερμηνευόμε-

361 5204 489 5242 νον
537 5188 572 5243 ὀ
613 5182 895 5255 Χριστὸς,
939 5185 1040 5239 καὶ
1077 5183 1305 5256 ἤγαγεν
1330 5184 1518 5240 αὐτὸν
1555 5187 1706 5257 πρὸς
1731 5188 1840 5244 τὸν
1876 5191 1980 5260 Ἰη-

364 5297 413 5337 σ
413 5297 557 5337 ουν.

443 5373 515 5428 Oi
543 5371 807 5436 λαϐόντες
833 5370 960 5443 ἄρτι
988 5371 1051 5425 τὸ
1091 5369 1375 5436 τάλαντον,
1402 5370 1568 5436 εὐθὺς
1594 5371 1690 5427 τοῦ
1716 5373 1980 5429 ταλάντου

365 5467 482 5553 τὴν
493 5466 763 5540 ἐργασίαν
784 5465 1106 5535 ἐπάγονται,
1131 5466 1327 5540 καὶτῷ
1349 5466 1597 5540 Δεσπότῃ
1622 5468 1979 5539 προσάγουσι.

371 5559 644 5616 Τοιαῦται
693 5559 806 5631 γὰρ
853 5557 1023 5623 ὅντως
1062 5559 1120 5613 αἱ
1168 5558 1422 5630 φιλήκοοί
1448 5577 1525 5613 τε
1580 5560 1676 5615 καὶ
1722 5560 1984 5633 εὐμαθεῖς

373 5651 616 5724 ὁρῶνται
640 5651 835 5723 ψυχαὶ,
879 5653 940 5705 οὐ
975 5651 1204 5725 μακρῶν
1249 5652 1501 5727 δεόμεναι
1540 5653 1676 5726 πρὸς
1716 5654 1984 5726 ὠφέλειαν

380 5745 671 5819 ῥημάτων,
695 5743 819 5797 οὐδὲ
847 5745 905 5797 ἐν
935 5743 1156 5810 κύκλοις
1183 5745 1339 5812 ἐτῶν,
1367 5745 1399 5818 ἢ
1432 5746 1618 5818 μηνῶν
1660 5746 1750 5802 τὸν
1795 5749 1859 5801 ἐκ
1884 5748 1985 5819 τῆς

457 5928 499 5963 ⁶¹
527 5927 736 5995 Jcrem.
776 5943 929 5997 XXXI,
965 5928 1063 5983 55.

2091 4836 2156 4875 ea:
2180 4816 2408 4879 duobus,
2433 4814 2523 4885 qui
2553 4810 2838 4865 audierant
2882 4823 2915 4859 a
2945 4801 3178 4866 Joanne,
3202 4809 3253 4853 et
3281 4795 3449 4851 secuti
3472 4794 3684 4885 fuerant

2089 4927 2230 4967 eum.
2262 4906 2470 4964 Invenit
2496 4904 2580 4957 hic
2607 4901 2841 4970 primum
2865 4898 3093 4968 fratrem
3125 4906 3282 4947 suum
3319 4886 3614 4951 Simonem,
3635 4893 3686 4938 et

2088 5004 2218 5059 dicit
2237 5001 2325 5057 ei:
2351 4998 2658 5055 Invenimus
2690 4993 2844 5064 131
2883 4987 3139 5043 Messium
3183 4978 3347 5064 (quod
3394 4987 3473 5034 est
3524 4977 3684 5032 inter-

2085 5100 2356 5165 pretatum
2386 5062 2777 5157 Christus).1‘t
2800 5077 3028 5136 adduxit
3061 5062 3276 5132 ειιηιῖιά
3305 5069 3515 5127 Iesum.

2157 5377 2263 5446 Qui
2318 5374 2589 5432 talentum
2652 5381 2833 5440 nuper
2889 5368 3248 5436 acceperant,
3308 5360 3432 5429 ejus
3494 5356 3684 5412 statim
3796 5360 3808 5368 ‘

2085 5475 2362 5543 quastum
2398 5464 2716 5522 uberiorem
2764 5458 3005 5516 Domino
3030 5454 3289 5512 offerunt.
3338 5448 3503 5504 Tales
3535 5447 3683 5504 enim

2087 5541 2338 5636 proiecto
2386 5564 2520 5616 sunt
2569 5556 2679 5613 illze
2707 5552 2972 5611 studiosae
3015 5548 3235 5613 animae,
3278 5541 3482 5615 quibus
3542 5555 3684 5611 opus

2094 5672 2211 5712 non
2253 5663 2339 5711 est
2366 5650 2557 5709 multis
2590 5648 2775 5707 verbis
2812 5657 2875 5700 ut
2900 5642 3252 5711 erudiantur,
3294 5649 3474 5706 neque
3519 5632 3685 5706 longo

2095 5759 2368 5803 annorum
2405 5749 2501 5799 aut
2526 5738 2803 5798 mensium
2830 5732 3136 5796 curriculo,
3174 5736 3234 5783 ut
3268 5724 3541 5784 doctrina:
3568 5721 3689 5780 tru-
