4106 6554
417 385 525 443 9J9

1425 382 1483 441 S.
1526 382 1808 439 CYRILLI
1843 381 2314 439 ΑιΕΧΑΝοιιιΝι
2354 382 2681 441 ARCIHEP.

3574 385 3686 443 220

418 515 567 556 etum
621 499 887 554 aﬂ'erant:
932 499 1027 555 sed
1087 500 1141 554 in
1182 499 1321 570 ipsis
1367 499 1622 556 discendi
1670 478 1994 574 primordiis

2124 499 2434 564 παιδεύσεως
2466 501 2847 555 ἀνατίκτουσαι
2885 500 3114 571 καρπὸν,
3143 499 3259 556 ἀλλ’
3296 499 3434 572 ὁμοῦ
3459 501 3557 571 τῆς
3578 502 3686 559 τῶν

421 593 671 648 scientia:
712 591 1131 662 perfectionem.
1168 593 1642 662 complectuntur.
1696 614 1714 646 ι
1749 593 1999 665 Sap‘ienti

420 685 564 740 enim
590 685 656 738 da
679 682 1056 749 occasionem,
1075 695 1130 739 et
1157 684 1461 754 sapientior
1482 687 1609 749 erit,
1630 687 1809 757 inquit
1841 685 1999 741 Seri-

423 782 606 842 ptura:
641 774 863 828 notiiica
888 774 1066 846 justo,
1104 783 1158 830 et
1194 775 1356 829 addet
1382 774 1450 830 ad
1488 776 1868 846 recipiendum
1896 779 1994 829 εκ.»

423 861 671 917 Fratrem
707 864 896 934 itaque
935 880 1096 919 suum
1125 864 1378 920 Andreas
1411 875 1617 931 servat,
1651 869 1871 922 Petrum
1921 869 2003 922 vi-

422 953 643 1019 delicet,
680 962 853 1010 totum
888 954 1024 1009 illud
1057 972 1315 1027 magnum
1350 958 1501 1017 brevi
1534 960 1861 1028 compendio
1903 960 2003 1016 de-

424 1042 644 1099 clarans
663 1044 1010 1113 mysterium.
1035 1045 1355 1102 Invenimus
1383 1048 1766 1118 enim,inquit,
1790 1048 2000 1117 Jesum,

425 1144 525 1186 ceu
571 1151 591 1184 ι
633 1130 979 1188 Thesaurum
1030 1135 1086 1188 in
1136 1150 1270 1207 agro
1313 1137 1724 1198 absconditum.
1761 1148 1854 1194 aut
1882 1156 2006 1210 pre-

426 1219 626 1275 tiosam
656 1223 1016 1293 margaritam
1049 1225 1094 1257 ⁶⁸
1133 1243 1179 1290 ι,
1211 1226 1367 1297 juxta
1404 1229 1814 1300 evangeliorum
1844 1246 2005 1302 para-

427 1311 607 1367 bolas.

502 1397 545 1465 I,
584 1399 675 1455 42.
720 1398 960 1457 Intuitus
1005 1415 1177 1458 aurem
1223 1423 1339 1459 eum
1372 1404 1551 1474 Iesus,
1582 1410 1721 1464 dixit
1761 1428 1780 1465 :
1826 1412 1903 1466 Tu
1952 1430 2006 1467 es

432 1488 622 1544 Simon
655 1491 802 1559 ﬁlius
838 1491 983 1548 Jona
1022 1510 1041 1547 :
1071 1504 1127 1549 tu
1178 1499 1444 1554 vocaberis
1484 1498 1711 1571 Cephas,
1743 1505 1884 1573 quod
1919 1506 2006 1559 ξιιμ

433 1586 756 1647 terpretalur
792 1578 977 1641 Petra.

503 1667 786 1727 Divinitus
824 1674 1091 1740 intuetur,
1126 1678 1222 1747 qui
1253 1681 1418 1734 corda
1455 1689 1509 1736 ct
1542 1699 1703 1740 rencs
1734 1687 1912 1750 novit,
1958 1694 2012 1743 et

432 1762 608 1816 cernit
637 1776 895 1833 quantam
910 1765 989 1821 'ad
1020 1770 1276 1838 pietatem
1307 1774 1615 1845 discipulus
1646 1792 2012 1849 perventurus

2108 593 2365 664 μαθητῶν
2388 594 2745 665 ἀρχαιότητος
2773 596 3039 657 συνέσεως
3068 594 3484 649 κατακλείουσαι
3511 594 3684 659 τέλος.

2108 704 2125 737 ι
2168 686 2320 738 Δίδου
2351 686 2461 757 γὰρ
2496 686 2645 756 σοφῷ
2684 686 2958 756 ἀφορμὴν,
2999 686 3093 739 καὶ
3120 686 3426 759 σοφώτερος
3452 687 3627 750 ἔσται,
3663 703 3684 738 ι

2104 778 2268 845 φησὶν
2298 779 2330 847 ἡ
2362 776 2479 830 θεία
2508 777 2720 848 Γραφή·
2748 795 2766 828 ι
2793 775 3023 848 γνώριζε
3046 776 3258 847 δικαίῳ,
3277 778 3370 844 κα).
3390 776 3691 846 προσθήσει

2102 865 2196 919 τοῦ
2222 866 2486 937 δέχεσθαι.
2524 886 2542 918 ι
2563 866 2854 931 Ἀνασὼςει
2880 867 2944 939 δὴ
2968 862 3059 919 οὖν
3093 866 3183 919 τὸν
3204 867 3401 919 οἰκεῖον
3438 865 3693 940 Ἀνδρέας

2103 955 2363 1026 ἀδελφόν·
2405 957 2609 1028 Πέτρος
2656 955 2714 1009 δὲ
2760 948 2915 1019 οὗτος
2947 951 3043 1025 ἦν·
3079 954 3198 1008 ὅλον
3231 956 3288 1006 ὲν
3319 954 3483 1024 ὀλίγῳ
3516 972 3684 1023 κειρα⁸

2104 1047 2241 1118 λαίῳ
2271 1046 2332 1100 τὸ
2369 1046 2509 1116 μέγα
2553 1044 2799 1116 δηλώσας
2835 1045 3150 1116 μυστήριον.
3200 1044 3530 1114 Εὑρήκαμεν
3560 1042 3691 1113 γὰρ.

2107 1139 2292 1208 φησὶν,
2326 1137 2398 1200 ὡς
2440 1154 2458 1187 ι
2494 1135 2778 1207 Θησαυρὸν
2827 1133 3208 1205 κεκρυμμένον
3251 1135 3308 1186 ὲν
3351 1131 3527 1204 ἀγρῷ,
3551 1132 3587 1202 ἢ
3618 1131 3697 1194 ὡς

2107 1230 2204 1282 ’ένα
2245 1227 2542 1298 πολύτιμον
2594 1226 2936 1298 μαργαρίτην
2973 1244 2991 1276 ι
3020 1225 3111 1277 τὸν
3157 1223 3382 1295 Ἰησοῦν,
3424 1222 3563 1276 κατὰ
3595 1221 3698 1285 τὰς

2109 1322 2165 1372 ὲν
2195 1319 2306 1380 τοῖς
2340 1315 2694 1384 Εὐαγγελίοις
2732 1313 3065 1385 παραϐολάς.

2194 1408 2535 1478 Ἐμϐλέψας
2564 1406 2632 1478 δὲ
2676 1406 2835 1472 αὑτῷ
2864 1410 2896 1461 ό
2939 1407 3186 1473 Ἰησοῦς,
3218 1401 3347 1460 εἶπε
3366 1422 3378 1435 ·
3412 1404 3495 1457 Σὺ
3520 1400 3582 1457 εἴ
3599 1402 3703 1458 Σί-

2106 1516 2238 1569 μων
2270 1502 2301 1551 ὀ
2328 1498 2458 1563 Υἱὸς
2493 1495 2690 1561 Ἰωνᾶγ
2717 1496 2799 1549 σὺ
2852 1495 3132 1565 κληθήσῃ
3183 1492 3417 1563 Κηφᾶς,
3450 1493 3481 1547 ὃ
3516 1493 3701 1563 ἐρμηο

2111 1591 2343 1645 νεύεται
2378 1587 2587 1655 Πέτρα.

2198 1681 2456 1745 Ἀτενίξει
2508 1679 2824 1749 θεοπρεπῶς
2880 1680 2910 1732 6
2967 1678 3195 1750 καρδίας
3260 1677 3400 1749 ὁρῶν
3453 1677 3547 1731 καὶ
3616 1694 3705 1731 νε-

2118 1772 2314 1844 φρούς·
2346 1772 2447 1843 ὁρᾷ
2476 1770 2532 1824 δὲ
2564 1770 2701 1842 πρὸς
2738 1771 2868 1840 ὅσην
2896 1770 3181 1824 εὐλάϐειαν
3220 1772 3248 1823 6
3292 1769 3539 1840 μαθητὴς
3572 1769 3698 1823 ἀνα-

433 1854 527 1917 sit,
578 1862 632 1927 et
681 1867 945 1925 quantam
995 1861 1060 1915 ad
1096 1863 1319 1918 virtutis
1358 1866 1752 1934 perfectionem
1783 1871 2015 1925 evehen-

2124 1863 2363 1938 θήσεται,
2413 1861 2505 1913 καὶ
2558 1862 2714 1923 ποίας
2751 1859 2903 1913 ἔσται
2953 1860 3183 1931 κάτοχος
3229 1858 3452 1930 ἀρετῆς,
3496 1857 3592 1910 καὶ
3624 1858 3705 1920 εἰς

434 1946 559 2000 dus.
614 1946 763 2002 Nihil
798 1951 946 2004 enim
999 1952 1218 2022 ignorat
1262 1957 1356 2024 qui
1408 1969 1609 2012 cuneta
1652 1961 1803 2015 novit
1840 1962 2017 2029 priuso

435 2054 600 2107 quam
638 2038 786 2100 ﬁant,
817 2057 928 2111 quo
959 2058 1092 2099 sane
1125 2047 1473 2115 potissimmn
1503 2049 1662 2106 docet
1695 2054 2016 2121 praedictum

435 2129 798 2199 discipulum,
829 2148 890 2187 se
936 2134 1076 2187 citra
1118 2136 1446 2208 cujusquam
1489 2140 1735 2197 doctoris
1767 2158 2012 2214 operam,

436 2216 584 2273 Deus
623 2235 745 2274 cum
789 2222 885 2286 sit,
932 2231 1131 2277 cuncta
1163 2240 1347 2281 nosse.
1382 2227 1540 2283 Nulla
1585 2232 1856 2300 siquidem
1886 2248 2016 2287 ora-

436 2307 957 2379 tionepraamissa,
1015 2314 1277 2384 nullaque
1332 2316 1475 2373 facta
1524 2320 1907 2390 inquisitione,
1956 2328 2018 2376 ut

438 2399 677 2455 disceret
706 2402 833 2471 quis
861 2410 954 2456 aut
978 2407 1121 2460 unde
1152 2406 1198 2462 is
1228 2407 1292 2461 ad
1322 2425 1381 2464 se
1407 2413 1638 2477 veniret,
1670 2421 1779 2467 tam
1808 2424 2016 2484 patrem

438 2489 560 2558 ejus
596 2505 759 2560 quam
798 2491 975 2562 ipsum
1028 2496 1253 2552 nomine
1307 2501 1583 2568 appellat,
1629 2512 1684 2557 et
1739 2503 2016 2559 Simonem

439 2594 568 2634 eum
599 2596 707 2635 non
739 2581 850 2651 jam
892 2586 1075 2638 vocari
1112 2588 1337 2655 patitur,
1370 2606 1493 2644 eum
1522 2591 1626 2648 sibi
1659 2609 1759 2664 pro
1796 2610 1893 2649 sua
1921 2611 2021 2665 po-

439 2676 641 2726 testate
677 2672 782 2726 iam
825 2682 938 2727 tum
985 2683 1045 2729 ut
1080 2692 1242 2732 suum
1290 2680 1604 2750 vindicans,
1643 2686 1738 2740 sed
1774 2698 2019 2757 congrua

443 2760 807 2819 similitudine
855 2763 1073 2820 Petrum
1111 2784 1138 2821 a
1171 2778 1330 2839 petra
1362 2775 1547 2827 vocari
1589 2775 1837 2843 placuit,
1889 2785 2021 2848 puta

442 2867 610 2923 super
636 2870 796 2924 quem
833 2857 1167 2915 fundaturus
1194 2871 1312 2915 erat
1344 2879 1499 2918 suam
1536 2864 1860 2920 Eeclesiam.

513 2945 554 3007 Ι,
589 2946 678 3011 45,
714 2948 804 3003 44.
849 2948 916 3003 In
964 2953 1259 3005 crastinum
1285 2955 1449 3008 voluit
1483 2955 1640 3010 Iesus
1664 2959 1807 3011 exire
1833 2958 1885 3012 in
1911 2957 2021 3013 Ga-

445 3034 664 3102 lilteam,
690 3048 740 3093 et
782 3041 975 3095 invenit
1008 3043 1337 3112 Philippum,
1363 3056 1410 3099 et
1442 3046 1573 3101 dicit
1610 3050 1658 3102 ei
1696 3047 1854 3104 Jesus
1880 3068 1898 3105 :
1928 3050 2023 3105 Se—

442 3145 597 3199 quere
625 3147 723 3185 me.
761 3131 894 3186 Erat
926 3143 1102 3187 autem
1153 3134 1435 3206 Philippus
1468 3155 1499 3190 a
1537 3136 1845 3205 Bethsaida,
1892 3141 2022 3194 civi-

445 3230 553 3276 tate
583 3222 810 3278 Andrem
831 3234 881 3279 et
909 3224 1078 3281 Petri.

517 3314 647 3369 Erat
679 3316 929 3385 ejusdem
962 3320 1132 3372 animi
1161 3335 1282 3375 cum
1320 3321 1601 3391 prioribus
1634 3323 1945 3398 Philippus,
1973 3338 2026 3385 et

446 3405 513 3458 ad
555 3406 881 3461 sectandum
931 3406 1216 3463 Christum
1270 3426 1539 3482 perquam
1574 3414 1825 3472 idoneus.
1871 3418 2027 3474 llunc

447 3498 680 3563 probum
714 3497 833 3553 fore
871 3497 1132 3555 Christus
1160 3512 1409 3568 noverat,
1441 3505 1691 3578 ideoque,
1722 3528 1740 3561 ι
1784 3510 2030 3582 Sequere

450 3604 541 3644 me
574 3608 619 3655 ι,
659 3590 862 3659 inquit,
898 3592 1001 3645 hoc
1022 3593 1190 3647 verbo
1223 3595 1455 3665 gratiam
1493 3615 1598 3668 qua
1636 3600 1876 3657 donatus
1913 3610 2030 3657 erat

450 3683 864 3751 demonstrans,
899 3698 954 3740 et
985 3702 1107 3741 cum
1141 3690 1293 3759 sequi
1326 3691 1505 3759 jubet,
1534 3694 1809 3751 hominem
1845 3697 2032 3767 probae

451 3774 576 3829 vitae
605 3789 731 3829 esse
766 3777 1102 3846 testiﬁcans;
1134 3797 1310 3851 neque
1351 3783 1506 3854 132
1557 3790 1702 3841 enim
1748 3805 1873 3843 cum
1923 3790 2029 3845 nisi
2088 3798 2094 3804 '

455 3865 686 3935 probum
719 3867 786 3920 ad
822 3868 872 3921 id
902 3870 1150 3925 muneris
1176 3873 1455 3943 elegisset.

524 3955 566 4020 Ι,
602 3956 691 4011 45.
734 3957 935 4012 Invenit
982 3959 1258 4030 Philippus
1293 3962 1620 4030 Nat/mnael,
1661 3977 1710 4020 et
1761 3967 1890 4020 distt
1945 3970 2030 4023 ci:

458 4047 624 4113 Quem
663 4051 876 4118 scripsit
925 4049 1135 4121 Moyses
1189 4056 1240 4107 in
1276 4054 1404 4124 lege,
1430 4066 1477 4109 et
1510 4058 1798 4125 prophetat,
1833 4059 2033 4112 inveni-

457 4158 572 4197 mus
603 4141 790 4197 Jesum
824 4144 995 4213 [ilium
1025 4144 1219 4216 Joseph
1249 4166 1281 4201 a
1312 4147 1608 4203 Nazareth.

525 4323 648 4377 Cito
677 4323 969 4378 admodum
1013 4326 1105 4383 ille
1131 4327 1442 4398 discipulus
1490 4326 1732 4382 fructum
1761 4330 1937 4395 affert,
1976 4343 2036 4389 ut

455 4417 543 4471 vel
582 4417 713 4470 hinc
758 4417 1005 4485 ejusdem
1040 4419 1208 4473 animi
1264 4434 1327 4474 ac
1363 4419 1533 4475 studii
1584 4436 1708 4473 eum
1752 4423 2036 4491 prioribus

2117 1956 2269 2007 ποῖον
2299 1952 2588 2024 καταλήξει
2618 1951 2789 2015 τέλος.
2828 1950 3034 2019 Ἀγνοεῖ
3063 1951 3171 2021 γὰρ
3203 1950 3356 2003 οὐδὲν
3387 1951 3414 2002 6
3457 1948 3613 2012 εἰδὼς
3636 1947 3706 2001 τὰ

2121 2045 2296 2099 πάντα
2328 2046 2457 2116 πρὶν
2482 2044 2748 2112 γενέσεως
2780 2041 2984 2105 αὐτῶν,
3014 2035 3057 2110 ᾧ
3095 2043 3159 2113 δὴ
3188 2043 3281 2096 καὶ
3310 2042 3545 2113 μάλιστα
3579 2059 3707 2094 παι-

2116 2137 2260 2191 δεύει
2296 2136 2385 2189 τὸν
2430 2134 2784 2206 κεκλημένον,
2832 2135 2915 2187 ὅτι
2962 2132 3094 2196 Θεὸς
3149 2133 3409 2203 ὑπάρχων
3455 2130 3709 2202 ἀληθινὸς

2118 2229 2400 2283 ἀδίδακτον
2431 2227 2540 2297 ἔχει
2573 2227 2671 2298 τὴν
2702 2226 2924 2296 γνῶσιν.
2955 2225 3127 2294 Λόγου
3179 2223 3287 2294 γὰρ
3314 2223 3451 2286 ὅλως
3495 2222 3710 2292 δεηθεὶς

2118 2317 2348 2382 οὐδενὸς,
2379 2315 2491 2369 ἀλλ’
2540 2315 2661 2368 οὐδὲ
2709 2313 3046 2385 ἐπιζητήσας
3086 2310 3276 2382 μαθεῖν
3323 2310 3425 2374 τίς,
3464 2310 3498 2382 ἢ
3542 2309 3710 2363 πόθεν

2118 2411 2243 2480 ἥκοι
2292 2409 2429 2480 πρὸς
2467 2400 2627 2460 αὐτὸν
2674 2409 2702 2459 ὁ
2735 2406 2895 2476 ἀνὴρ,
2935 2405 3089 2456 ποίου
3133 2402 3230 2473 μὲν
3274 2401 3437 2469 ἐξέφυ
3480 2400 3708 2474 πατρὸς,

2120 2504 2202 2565 τίς
2228 2502 2281 2553 δὲ
2316 2501 2409 2554 καὶ
2439 2499 2599 2562 αὐτὸς
2628 2498 2945 2569 ὀνομάζοιτο
2993 2497 3173 2566 λέγει,
3215 2496 3310 2550 καὶ
3356 2494 3575 2565 Σίμωνα
3610 2494 3710 2564 μὲν

2119 2595 2303 2647 οὐκέτι
2341 2592 2623 2645 καλεῖσθαι
2664 2591 2954 2660 συγχωρεῖ,
3002 2586 3437 2652 κατεξουσιάζων
3461 2586 3565 2657 ἤδη
3613 2586 3712 2640 καὶ

2121 2687 2505 2758 κατακρατῶν,
2552 2685 2628 2748 ὡς
2659 2683 2941 2752 γεγονότος
2993 2682 3228 2734 οἰκείου·
3281 2678 3619 2749 φερωνύμως
3653 2678 3711 2730 δὲ

2122 2779 2230 2833 ἀπὸ
2256 2782 2354 2849 τῆς
2386 2777 2588 2849 πέτρας
2639 2774 2989 2846 μετωνόμαζε
3032 2774 3271 2844 Πέτρον·
3309 2774 3396 2825 ἐπ’
3425 2770 3574 2842 αὑτῷ
3602 2773 3712 2840 γὰρ

2123 2871 2311 2943 ἔμελλε
2342 2870 2439 2942 τὴν
2470 2869 2633 2923 αὐτοῦ
2663 2867 2947 2938 θεμελιοῦν
2987 2865 3334 2937 Ἐκκλησίαν.

2200 2964 2280 3034 Τῇ
2307 2965 2594 3033 ἐπαύριον
2635 2962 2941 3030 ἠθέλησεν
2971 2960 3238 3024 ἐξελθεῖν
3272 2960 3357 3023 εἷς
3386 2956 3503 3025 τὴν
3538 2957 3715 3010 Γαλι-

2123 3057 2326 3121 λαίαν,
2363 3055 2463 3109 καὶ
2492 3053 2756 3122 εὑρίσκει
2796 3052 3117 3113 Φίλιππον,
3149 3050 3248 3104 καὶ
3297 3047 3458 3117 λέγει
3487 3044 3646 3111 αὐτῷ
3680 3045 3717 3100 ὁ

2051 3178 2097 3241 c
2140 3149 2395 3217 Ἰησοῦς,
2440 3147 2783 3201 Ἀκολούθει
2808 3162 2930 3213 μοι.
2965 3138 3075 3199 Ἦν
3108 3142 3176 3194 δὲ
3202 3145 3234 3197 ὀ
3271 3142 3564 3238 Φίλιππος
3594 3137 3717 3193 ἀπὸ

2127 3236 2437 3307 Βηθσαϊδὰ
2479 3236 2547 3289 ἐκ
2600 3235 2711 3305 τῆς
2755 3235 2985 3299 πόλεως
3026 3231 3295 3301 Ἀνδρέου
3334 3230 3432 3284 καὶ
3462 3227 3716 3297 Πέτρου.

2202 3322 2541 3397 Ἰσογνωμῶν
2572 3329 2683 3390 τοῖς
2710 3323 3069 3397 προλαϐοῦσιν
3098 3325 3125 3375 6
3159 3322 3445 3384 Φίλιππος,
3478 3320 3569 3372 καὶ
3599 3318 3720 3373 λίαν

2130 3422 2268 3492 ἔχων
2298 3418 2616 3489 ἐπιτηδείως
2646 3420 2724 3481 είς
2758 3415 3113 3487 ἁκολούθησιν
3141 3414 3233 3468 τοῦ
3264 3411 3525 3486 Χριστοῦ.
3563 3412 3721 3483 ’ᾙδει

2130 3507 2239 3584 γὰρ
2269 3512 2363 3566 καὶ
2410 3511 2570 3564 αὑτὸν
2624 3510 2879 3580 ἐσόμενον
2925 3508 3157 3575 ἀγαθόν·
3198 3507 3370 3561 διάτοι
3420 3504 3578 3558 τοῦτο
3626 3503 3723 3557 καί

2134 3621 2316 3677 φησιν·
2351 3624 2369 3658 ι
2421 3602 2725 3657 Ἀκολούθει
2759 3620 2871 3672 μοι,
2907 3620 2925 3654 ι
2958 3599 3245 3670 γνώρισμα
3290 3598 3387 3668 τῆς
3438 3596 3526 3651 ἐπ’
3572 3594 3723 3666 αὐτῷ

2133 3695 2354 3765 χάριτος
2395 3692 2454 3745 τὸ
2496 3693 2648 3762 ῥῆμα
2688 3691 2877 3754 τιθεὶς,
2918 3689 3013 3743 καὶ
3055 3689 3122 3742 δι’
3158 3682 3232 3741 ὧν
3272 3686 3498 3741 ἕπεσθαι
3552 3702 3723 3757 προσ-

2133 3790 2314 3844 τάττει
2350 3785 2623 3840 πολιτείαν
2651 3783 2797 3855 αὑτῴ
2824 3784 2921 3853 τὴν
2946 3782 3175 3853 ἀρίστην
3206 3779 3594 3851 ἐπιμαρτυρῶν
3615 3796 3629 3811 ο
3658 3778 3723 3832 οὐ

2134 3880 2242 3951 γὰρ
2275 3878 2339 3931 ἂν
2366 3875 2677 3941 ἐπελέξατο,
2709 3874 2783 3944 μὴ
2814 3874 2931 3943 ούχ“ι
2959 3873 3174 3933 πάντως
3202 3871 3328 3923 ὄντα
3359 3868 3613 3941 χρηστόν.

2202 3968 2480 4037 Εὐρίσκει
2520 3965 2817 4029 Φίλιππος
2860 3963 2963 4015 τὸν
3011 3959 3359 4026 Ναθαναὴλ,
3406 3958 3503 4011 καὶ
3560 3957 3726 4026 ,λέγει

2134 4060 2315 4126 αὐτῷ’
2358 4061 2467 4112 Ὃν
2494 4059 2718 4127 ἔγραψε
2747 4052 3007 4123 Μωϋσῆς
3040 4054 3110 4107 ἐν
3151 4050 3231 4117 τῷ
3276 4052 3457 4118 νόμῳ,
3514 4045 3613 4099 καὶ
3669 4046 3728 4099 οι

2137 4151 2456 4222 προφῆται,
2509 4149 2848 4219 εὑρήκαμεν
2891 4144 3124 4215 Ἰησοῦν
3168 4143 3303 4198 υἱὸν
3352 4137 3567 4208 Ἰωσὴφ
3619 4135 3729 4191 τὸν

2136 4242 2255 4298 ἀπὸ
2295 4239 2576 4309 Ναζαρέτ.

2219 4333 2376 4399 Ὀξὺς
2423 4332 2488 4403 δὴ
2533 4330 2652 4383 λίαν
2691 4331 2719 4382 6
2776 4326 3022 4398 μαθητὴς
3073 4328 3151 4389 είς
3197 4319 3596 4395 καρποφορίαν,
3643 4319 3729 4371 ἵνα

2140 4427 2397 4497 φαίνηται
2423 4424 2515 4478 διὰ
2540 4423 2729 4476 τούτου
2774 4423 2887 4483 τοῖς
2934 4416 3206 4490 προλαὸοὖ
3219 4432 3265 4470 σι
3305 4414 3444 4467 κατὰ
3475 4412 3574 4481 τὴν
3599 4408 3729 4472 ρὲξιν

457 4521 581 4561 esse
621 4505 921 4562 videretur.
952 4505 1161 4563 invenit
1206 4509 1355 4564 enim
1383 4507 1715 4573 Nathanael,
1746 4526 1855 4566 non
1888 4523 2024 4569 certt

2144 4518 2413 4586 συγγενής
2436 4533 2448 4546 ·
2482 4514 2723 4584 εὑρίσκει
2749 4511 2858 4584 γὰρ
2896 4511 2985 4564 τὸν
3036 4504 3351 4575 Ναθαναὴλ,
3396 4503 3494 4572 οὐχ
3540 4498 3730 4563 ἁπλῶς

457 4613 593 4654 casu
627 4598 893 4667 oblatum,
927 4600 1022 4656 sed
1067 4602 1245 4656 multo
1284 4598 1469 4655 studio
1514 4601 1829 4669 quaesitum.
1863 4601 2037 4658 Norat

459 4691 663 4761 quippe
714 4692 1183 4749 studiosissimum
1234 4693 1388 4745 illum
1436 4706 1561 4746 esse
1603 4706 1668 4745 ac
1699 4692 1859 4748 valde
1903 4711 2035 4750 eru-

460 4783 637 4837 ditum
667 4801 679 4838 :
712 4782 910 4839 deinde
940 4793 1130 4839 narrat
1167 4798 1227 4839 se
1252 4781 1535 4837 Christum
1570 4781 1849 4839 invenisse
1883 4786 2036 4842 illum

460 4891 561 4949 per
606 4891 797 4932 omnes
834 4875 1159 4947 Seripturas
1190 4872 1457 4929 divinitus
1497 4873 1900 4942 praedicatum:
1949 4893 2039 4935 ne-

461 4985 572 5041 que
596 4969 876 5026 hominem
908 4967 1166 5024 convenit
1199 4979 1393 5021 earum
1442 4965 1711 5031 nescium,
1743 4968 1838 5023 sed
1884 4966 2040 5039 signa

462 5077 586 5133 quas
624 5069 736 5117 tam
787 5062 928 5133 apud
991 5059 1228 5129 Moysem
1276 5073 1442 5127 quam
1493 5059 1790 5129 prophetas
1842 5062 2041 5118 litteris

463 5153 724 5209 mandata
779 5162 914 5210 sunt
966 5166 1091 5207 cum
1143 5148 1339 5218 primis
1396 5149 1677 5206 edoctum.
1730 5151 2045 5210 lnvaluerat

463 5255 646 5302 autem
686 5245 832 5315 apud
879 5241 1099 5298 Iudaeos
1160 5240 1299 5296 falsa
1358 5238 1429 5296 de
1480 5241 1707 5298 Christo
1755 5241 2043 5299 Salvatore

467 5350 659 5395 nostro
698 5338 905 5409 opinio,
937 5350 1001 5389 ex
1030 5332 1229 5404 oppido
1259 5332 1516 5388 nimirum
1553 5343 1650 5390 aut
1694 5350 1834 5405 pago
1867 5333 2044 5389 Naza-

464 5431 589 5486 reth
625 5429 809 5501 ipsum
847 5424 985 5492 fore,
1021 5423 1277 5494 quamvis
1320 5423 1607 5495 Scriptura
1657 5425 1844 5481 divina
1879 5423 2043 5481 Beth-

468 5520 783 5585 lehemitam
815 5518 994 5588 ipsum
1031 5525 1343 5587 nuncupet:
1375 5534 1394 5568 ι
1434 5516 1500 5572 Ει
1546 5525 1602 5572 tu
1637 5516 1805 5580 enim,
1841 5518 2042 5587 inquit,

468 5621 617 5673 terra
649 5611 990 5679 Bethlehem,
1033 5610 1231 5668 domus
1256 5611 1513 5682 Ephrata,
1547 5624 1894 5681 nequaquam
1942 5613 2045 5667 mi-

543 5792 589 5824 "
616 5789 778 5846 Prov.
810 5806 886 5857 ix,
917 5790 967 5848 9.
1063 5790 1109 5824 “
1144 5789 1337 5844 Matth.
1372 5800 1493 5851 xm,
1527 5786 1615 5852 Μ,
1643 5785 1712 5841 45
1741 5800 1895 5857 seqq.

2144 4606 2424 4679 ἐρχομένῳ
2476 4602 2818 4675 περιτυχὼν,
2874 4601 3010 4655 ἀλλὰ
3062 4596 3261 4669 πολλὴν
3311 4596 3398 4647 ἐπ’
3437 4590 3731 4679 αὐτῷτὴν

2145 4678 2373 4767 ζήτησιν
2407 4694 2790 4766 ποιησάμενος.
2828 4693 2986 4762 ’ᾙδει
3032 4690 3141 4760 γὰρ
3195 4687 3325 4740 ὄντα
3363 4678 3733 4753 φιλοπονώταο

2143 4791 2236 4844 τόν
2267 4806 2328 4842 τε
2358 4791 2450 4841 καὶ
2478 4785 2935 4856 φιλολογώτατον·
2969 4777 3088 4836 εἶτα
3120 4779 3266 4847 λέγει
3312 4777 3403 4830 τὸν
3429 4774 3516 4828 διὰ
3548 4772 3730 4843 πάσης

2146 4878 2544 4951 κηρυττόμενον
2592 4877 2691 4946 τῆς
2740 4875 2891 4938 θείας
2935 4871 3152 4942 Γραφῆς
3197 4864 3730 4939 ἀνηυρηκέναιΧρι-

2144 4971 2289 5033 στὸν,
2326 4971 2422 5039 οὐχ
2471 4969 2547 5032 ὡς
2589 4965 2869 5035 ἀγνοοῦντι
2920 4959 3288 5035 προσομιλῶν,
3320 4958 3433 5012 ἀλλ’
3487 4956 3564 5018 ὡς
3609 4954 3732 5007 λίαν

2142 5059 2644 5130 ὲκπεπαιδευμὲνῳ,
2676 5057 2743 5112 τά
2782 5073 2844 5110 τε
2884 5054 2979 5108 τοῦ
3024 5051 3298 5121 πανσόφου
3342 5046 3606 5111 Μωσέως,
3635 5044 3731 5098 καὶ

2142 5152 2250 5208 τῶν
2295 5149 2590 5225 προφητῶν
2647 5147 2971 5220 μηνύματα·
3008 5141 3233 5197 ὑπόνοια
3278 5140 3334 5192 δὲ
3379 5138 3480 5191 οὐκ
3523 5133 3731 5205 ἀληθὴς

2144 5245 2274 5317 περὶ
2325 5241 2421 5296 τοῦ
2472 5240 2725 5311 Σωτῆρος
2756 5235 2915 5310 ἡμῶν
2953 5231 3192 5299 Χριστοῦ
3248 5228 3399 5302 παρὰ
3444 5228 3559 5289 τοῖς
3599 5226 3732 5278 ἰου-

2146 5335 2317 5398 δαίοις
2343 5334 2585 5405 ἐκράτει,
2619 5332 2694 5395 ὡς
2723 5333 2786 5384 ὲκ
2820 5326 3193 5397 πόλεωςνὴτοι
3236 5322 3430 5393 κώμης
3458 5318 3610 5374 ἔσται
3633 5318 3733 5387 τῆς

2148 5426 2423 5497 Ναζαρὲτ,
2461 5423 2635 5478 καίτοι
2661 5420 3033 5494 Βηθλεεμίτην
3062 5415 3244 5481 αὐτὸν,
3275 5414 3398 5467 ὅσον
3428 5413 3506 5474 εἰς
3543 5407 3734 5497 τοῦτον

2150 5521 2271 5592 ἥκει
2299 5494 2390 5572 τὸν
2437 5517 2612 5584 λόγον,
2637 5514 2739 5585 τῆς
2787 5513 2938 5575 θείας
2979 5507 3241 5577 λεγούσης
3283 5504 3594 5592 Γραφῆςοᾷι
3622 5494 3734 5592 καὶ

2148 5585 2212 5666 σὺ
2241 5610 2370 5682 γὰρ,
2406 5609 2589 5680 φησιν,
2624 5608 2698 5678 γῆ
2743 5603 3012 5677 Βηθλεὲμ,
3050 5596 3197 5664 οἶκος
3231 5593 3326 5651 τοῦ
3358 5589 3621 5665 Ἐφραθᾶ,
3656 5585 3734 5660 μὴ
