4106 6570
374 487 477 543 ‘22!

1479 491 1545 546 ΙΝ
1585 491 1877 549 JOANNIS
1915 490 2374 550 EVANGELIUM
2416 491 2546 547 LIB.
2588 490 2655 546 ιι.

3578 487 3689 542 2'22

370 608 661 681 ὀλιγοστὸς
689 604 855 665 εἶ’τοῦ
886 606 1027 665 εἶναι
1061 612 1118 665 ὲν
1147 610 1383 682 χιλιάσιν
1417 612 1607 680 Ἰούδα,
1649 617 1713 669 ἐκ
1756 614 1850 668 σοῦ
1897 632 1966 687 μο

2092 613 2246 669 nima
2278 629 2338 671 es
2382 621 2442 668 ut
2472 615 2551 669 sis
2593 613 2648 667 in
2677 612 2924 669 millibus
2950 610 3095 667 Juda
3124 626 3138 664 :
3176 625 3243 666 ex
3273 617 3328 666 te
3361 609 3507 665 enim
3541 626 3691 680 egi-r-

372 699 733 765 ἐξελεύσεται
761 700 858 754 τοῦ
891 698 1032 755 εἶναι
1056 704 1136 767 είς
1164 702 1399 774 ἄρχοντα
1433 708 1492 758 ὲν
1517 706 1594 777 τῷ
1627 706 1864 779 Ἰσραὴλ,
1891 710 1972 762 και

2091 704 2275 761 dietur
2333 704 2447 759 dux
2493 704 2587 774 qui
2642 710 2796 773 regat
2839 703 3109 776 p0pulum
3161 717 3345 757 meum
3386 700 3580 766 Israel,
3632 708 3688 755 et

374 792 557 860 ἔξοδοι
587 793 780 859 αὐτοῦ,
811 794 908 848 ἀπ’
954 794 1131 867 ἀρχῆς
1178 794 1239 861 ἐξ
1287 797 1513 869 ήμερῶν
1556 798 1771 865 αἰῶνος.
1808 819 1829 852 ι
1868 802 1989 855 Ἀν·

372 887 595 957 ετράφη
644 888 744 956 μὲν
786 886 898 957 γὰρ
943 888 1021 950 εἰς
1065 887 1343 959 Ναζαρὲτ,
1386 888 1460 953 ὦς
1492 907 1593 943 που
1635 893 1725 945 καὶ
1761 893 1922 958 αὐτὸς
1958 896 1987 948 6

371 977 782 1049 εὐαγγελιστὴς
817 978 1223 1051 διεμαρτύρατο
1259 979 1435 1049 λέγων
1457 999 1470 1011 ·
1508 1002 1525 1033 ι
1561 984 1671 1037 Καὶ
1700 979 1863 1055 ἦλθον
1906 989 1986 1051 είς

368 1071 658 1142 Ναζαρὲτ,
690 1091 713 1125 ι
743 1065 804 1125 οὗ
835 1067 903 1145 ἦν
932 1073 1446 1145 ἀνατεθραμμένοςο
1479 1071 1548 1146 ἦν
1590 1077 1648 1130 δὲ
1699 1080 1799 1132 οὐκ
1840 1080 1980 1133 ὲκείι

370 1160 488 1226 θεν,
513 1160 636 1215 ἀλλ’
670 1162 792 1217 ὅθεν
828 1164 930 1235 ἤδη
959 1166 1316 1237 προείπομεν,
1343 1167 1543 1237 μᾶλλον
1584 1168 1641 1223 δὲ
1688 1170 1765 1234 ὼς
1816 1172 1848 1241 ἡ
1888 1168 1982 1224 τοῦ

370 1256 666 1326 προφήτου
717 1255 1090 1327 διισχυρίσατο
1146 1259 1318 1330 φωνή.
1357 1259 1755 1332 Ἀκολουθήσας
1803 1261 1983 1317 τοίνυν

365 1348 397 1399 6
426 1346 704 1411 Φίλιππος
738 1351 805 1420 τῇ
839 1348 952 1402 τῶν
985 1347 1257 1405 Ἰουδαίων
1283 1351 1509 1424 ὑπονοίᾳ
1542 1353 1727 1423 φησίν·

442 1438 555 1493 Ἐκ
584 1437 853 1506 Ναζαρὲτ
879 1440 1134 1497 δύναταί
1174 1459 1228 1496 τι
1257 1443 1486 1513 ἀγαθὸν
1514 1441 1665 1499 εἶναι
1689 1463 1711 1512 ;

445 1528 815 1599 Συνομολογεῖ
853 1533 1160 1605 προχείρως
1188 1536 1217 1586 6
1248 1535 1564 1609 Ναθαναὴλ,
1591 1537 1673 1591 ὅτι
1724 1538 1871 1608 μέγα
1915 1539 1979 1611 δη

364 1636 426 1674 τι
464 1621 565 1676 καὶ
594 1620 882 1677 κάλλιστον
918 1626 1002 1696 εἴη
1036 1625 1097 1678 τὸ
1128 1628 1193 1678 ἐκ
1231 1627 1329 1697 τῆς
1374 1628 1630 1701 Ναζαρὲτ
1661 1630 1982 1703 ἀναδειχθήο

368 1712 569 1767 σεσθαι
591 1714 1063 1785 προσδοκώμενον.
1086 1717 1256 1788 Δῆλον
1285 1719 1340 1772 δὲ
1368 1718 1540 1791 δήπου
1569 1721 1785 1786 πάντως
1810 1724 1978 1789 ἐστὶν,

364 1802 444 1866 ὡς
470 1804 534 1856 οὐ
568 1803 731 1873 μόνον
758 1804 972 1874 ἐδέχετο
999 1805 1136 1877 πρὸς
1170 1808 1352 1862 πίστιν
1378 1808 1473 1861 τοῦ
1520 1807 1853 1882 ζητουμένου
1879 1811 1980 1882 τὴν

362 1894 652 1967 Ναζαρὲτ,
686 1896 802 1949 ἀλλ’
844 1897 909 1951 ἐκ
954 1898 1143 1968 νόμου,
1176 1899 1272 1953 καὶ
1307 1902 1600 1973 προφητῶν
1641 1902 1739 1974 τὴν
1772 1903 1976 1973 γνῶσιν

368 1985 782 2092 ἑρανιζόμενος,
820 1991 1044 2060 ταχεῖαν
1086 1990 1165 2054 ὡς
1209 1990 1530 2064 πολυμαθὴς
1589 1994 1827 2048 ἐποιεῖτο
1872 1992 1977 2066 τὴν

376 2092 538 2132 συνεσ
539 2094 610 2134 ιν.

440 2170 614 2241 Λέγει
638 2171 804 2238 αὐτῷ
837 2174 1138 2240 Φίλιππος
1158 2191 1172 2205 ·
1205 2177 1426 2246 Ἔρχου
1451 2178 1550 2232 καί
1585 2178 1695 2234 ἴδε.

450 2263 706 2333 Ἀρκέσει
742 2263 880 2336 πρὸς
910 2264 1093 2318 πίστιν
1123 2266 1155 2336 ἠ
1204 2266 1322 2332 θέα,
1356 2270 1544 2340 φησιν,
1575 2271 1669 2324 καὶ
1705 2270 1866 2341 μόνον
1895 2274 1976 2338 είς

360 2353 563 2423 λόγους
588 2353 761 2408 ἐλθὼν
790 2355 1249 2429 συνομολογήσεις
1276 2360 1625 2432 γοργότερον,
1671 2364 1766 2417 καὶ
1820 2364 1976 2418 ἀνεν-

357 2446 634 2512 δοιάστως
664 2450 810 2518 ἐρεῖς
842 2451 1006 2505 αὐτὸν
1041 2451 1210 2515 ὄντως
1240 2453 1506 2525 ὑπάρχειν
1545 2454 1636 2508 τὸν
1666 2458 1976 2527 προσδοκώ-

363 2555 554 2608 μενον.
602 2539 731 2611 Χρὴ
774 2540 831 2594 δὲ
879 2541 1159 2596 πιστεύειν
1187 2545 1356 2615 ἡμᾶς,
1382 2546 1465 2598 ὅτι
1507 2563 1612 2618 περ
1644 2543 1714 2618 ἦν
1742 2548 1863 2602 θεία
1888 2566 1975 2614 τις

359 2629 461 2684 καὶ
512 2631 760 2703 agema;
804 2635 988 2706 χάρις,
1042 2638 1156 2700 τοῖς
1197 2635 1292 2691 τοῦ
1328 2637 1581 2710 Σωτῆρος
1623 2640 1802 2709 λόγοις
1850 2660 1975 2697 συν·

358 2721 727 2792 εκτρέχουσα,
764 2724 860 2778 καὶ
901 2724 1002 2789 τὰς
1030 2724 1140 2780 τῶν
1180 2726 1552 2798 ἀκροωμένων
1587 2729 1766 2801 ψυχὰς
1805 2748 1975 2786 κατα-

362 2812 659 2884 θέλγουσα.
698 2815 858 2871 Οὕτω
898 2818 1008 2886 γὰρ
1037 2819 1368 2891 γέγραπται,
1398 2822 1480 2874 ὅτι
1519 2840 1537 2874 ι
1574 2824 1782 2888 Πάντες
1811 2824 1974 2879 ἐθαύ-

365 2907 535 2977 μαζον
572 2910 669 2962 ἐπὶ
704 2912 817 2974 τοῖς
849 2910 1031 2980 λόγοις
1057 2915 1156 2985 τῆς
1180 2913 1403 2983 χάριτος
1453 2917 1566 2979 τοῖς
1608 2917 1975 2989 ἐκπορευομέ-

356 3018 475 3065 νοις
520 3002 635 3056 ἀπὸ
671 3002 767 3056 τοῦ
808 3005 1080 3074 στόματος
1120 3003 1286 3059 αὐτοῦ
1308 3022 1320 3035 ·
1371 3025 1391 3057 ι
1426 3006 1501 3070 ὡς
1534 3007 1644 3078 γὰρ
1692 3008 1919 3079 ἐνεργὴς
1944 3008 1972 3060 ὁ

349 3093 521 3163 λόγος
551 3097 636 3160 είς
664 3094 921 3166 δύναμιν,
964 3095 1109 3151 οὕτω
1143 3097 1235 3151 καὶ
1284 3099 1367 3161 είς
1406 3098 1468 3151 τὸ
1506 3098 1713 3153 πείθειν
1752 3095 1819 3172 ἦν
1855 3102 1974 3155 ἱκα-

349 3186 452 3251 νός

341 3365 571 3435 αὐτὸν,
600 3367 700 3420 καὶ
724 3367 888 3438 λέγει
916 3369 1050 3436 περὶ
1085 3367 1275 3425 αὐτοῦ
1301 3385 1313 3398 ·
1344 3369 1459 3423 Ἴδε
1474 3369 1709 3440 ἀληθὴς
1746 3371 1967 3441 chun-

339 3456 566 3525 λίτης,
609 3461 681 3513 ἐν
717 3453 768 3527 ᾧ
804 3460 991 3527 δόλος
1029 3462 1144 3514 οὐκ
1175 3461 1367 3515 ἐστιν.

421 3550 605 3605 Οὔπω
651 3552 752 3623 τὴν
798 3552 889 3607 διὰ
953 3552 1196 3624 σημείων
1252 3552 1611 3623 ἐπιτηδεύσας
1668 3555 1967 3621 ἐπίδειξιν,

341 3642 536 3714 ἑτέρῳ
562 3642 756 3715 τρόπῳ
799 3644 1036 3715 Χριστὸς
1084 3643 1209 3708 τούς
1256 3661 1314 3696 τε
1367 3645 1604 3709 οἰκείους
1654 3646 1969 3700 ἀναπείθειν

338 3735 623 3806 ἐπειρᾶτο
660 3735 932 3806 μαθητὰς,
958 3737 1053 3790 καὶ
1081 3738 1206 3798 τοὺς
1236 3737 1350 3789 ὅσοι
1385 3755 1491 3808 περ
1511 3733 1652 3808 ἦσαν
1682 3737 1790 3792 τῶν
1819 3738 1969 3809 αὐτῷ

338 3828 704 3900 προσιόντων
732 3830 1159 3900 νουνεχέστεροι,
1197 3830 1273 3894 ὡς
1303 3830 1389 3901 εἴη
1428 3830 1527 3901 μὲν
1559 3831 1720 3894 αὐτὸς
1768 3834 1796 3886 6
1828 3833 1970 3886 κατὰ

338 3921 525 3990 φύσιν
576 3922 707 3986 Tib;
738 3923 833 3976 καὶ
874 3922 1035 3987 Θεὸς,
1085 3924 1211 3995 ἥκοι
1256 3921 1314 3975 δὲ
1355 3922 1456 3992 τῆς
1506 3923 1761 3978 ἁπάντων
1807 3925 1971 3977 ἕνεκα

340 4013 644 4085 σωτηρίας
692 4016 752 4068 ὲν
795 4014 1114 4087 ἀνθρωπεία
1166 4018 1381 4086 μορφῇε
1430 4015 1526 4079 Τίς
1566 4011 1661 4070 οὖν
1699 4019 1727 4071 6
1768 4018 1970 4090 τρόπος

335 4107 369 4160 6
419 4105 575 4178 πρὸς
624 4108 810 4160 πίστιν
864 4107 1196 4176 ὲπαγωγός;
1246 4108 1309 4160 Ἡ
1363 4109 1676 4180 θεοπρεπὴς
1727 4110 1969 4181 δηλονότι

336 4197 584 4261 γνῶσις.
613 4197 686 4249 Τὸ
713 4198 823 4269 γὰρ
844 4199 1041 4252 εἰδέναι
1073 4199 1142 4253 τὰ
1173 4199 1371 4265 πάντα,
1407 4201 1553 4273 μόνῳ
1580 4202 1779 4274 πρέπει
1813 4202 1932 4274 Θεῷ
1952 4219 1965 4232 ’

339 4289 692 4361 ἀποδέχεται
735 4292 1026 4362 τοιγαροῦν
1060 4293 1152 4346 τὸν
1194 4293 1507 4366 Ναθαναὴλ,
1555 4296 1616 4348 οὗ
1659 4296 1969 4361 κολακείαις

341 4383 632 4454 ἁρπάζων
678 4384 759 4447 εἰς
791 4384 1054 4450 διάθεσιν,
1084 4385 1199 4439 ἀλλ’
1246 4385 1307 4452 ἐξ
1342 4381 1418 4441 ὧν
1456 4388 1605 4460 αὐτῷ
1640 4389 1853 4459 συνῄδει
1881 4408 1967 4443 πι-

341 4474 686 4544 στούμενος,
713 4476 797 4528 ὅτι
836 4475 1096 4545 γινώσκει
1121 4478 1368 4550 καρδίας,
1397 4478 1472 4543 ὡς
1498 4480 1655 4542 Θεός.

418 4566 608 4637 Λέγει
638 4567 803 4632 αὐτῷ
831 4569 1190 4635 Ναθαναήλο
1224 4571 1419 4624 Πόθεν
1446 4588 1522 4641 με
1554 4571 1910 4643 γινώσκεις;

2090 811 2355 866 egressus
2382 795 2509 865 ejus
2543 810 2609 849 ex
2639 794 2832 849 diebus
2860 793 3050 849 szeculi
3075 792 3142 848 ⁸⁵.
3170 812 3188 845 ι
3225 791 3505 849 Educatus
3536 793 3685 846 enim

2089 897 2176 946 est
2205 891 2261 944 in
2292 887 2593 953 Nazareth,
2621 894 2679 940 ut
2709 885 2915 941 alicubi
2947 893 3186 941 testatus
3214 893 3297 940 est
3321 883 3682 953 evangelista,

2088 985 2176 1040 his
2213 982 2397 1040 verbis
2429 1002 2441 1037 :
2477 1000 2495 1034 ι
2535 979 2603 1035 Ει
2658 986 2933 1036 venerunt
2985 978 3042 1033 in
3093 976 3366 1033 Nazareth
3401 976 3445 1009 ⁸⁵
3485 994 3530 1041 ι,
3587 974 3682 1028 ubi

2087 1083 2211 1133 erat
2242 1074 2510 1140 nutritus;
2558 1070 2655 1128 sed
2695 1070 2825 1127 inde
2853 1069 3126 1124 oriundus
3165 1083 3275 1123 non
3305 1076 3445 1134 erat,
3487 1082 3680 1122 verum

2085 1183 2152 1223 ex
2190 1181 2258 1223 eo
2293 1166 2420 1221 loco
2449 1181 2610 1235 quem
2661 1163 2774 1234 jam
2812 1161 3080 1227 diximus,
3116 1160 3224 1215 imo
3267 1159 3361 1230 qui
3399 1174 3535 1213 voce
3564 1172 3687 1227 pro-

2086 1260 2269 1331 phetae
2312 1259 2676 1323 confirmatus
2709 1262 2818 1310 est.
2864 1252 3156 1324 Philippus
3193 1265 3326 1322 ergo
3364 1247 3680 1305 Judaeornm

2085 1351 2407 1423 Opinionem
2438 1356 2667 1405 secutus
2696 1348 2772 1401 ait
2806 1365 2820 1400 :

2230 1441 2271 1508 Ι,
2298 1439 2388 1495 46.
2422 1439 2467 1493 Α
2497 1438 2772 1493 Nazareth
2798 1445 2970 1507 potest
2998 1435 3204 1508 aliquid
3234 1433 3358 1488 boni
3385 1433 3541 1487 esse?

2155 1530 2464 1588 Confestim
2505 1529 2809 1585 assentitur
2844 1526 3150 1582 Nathanacl
3211 1540 3471 1595 magnum
3513 1519 3676 1591 quid-

2085 1625 2233 1697 piam
2259 1634 2313 1679 et
2351 1622 2618 1678 eximium
2654 1636 2781 1677 esse
2813 1618 2868 1674 id
2910 1617 3057 1689 quod
3093 1633 3159 1672 ex
3184 1614 3454 1669 Nazareth
3496 1611 3677 1681 prodi-

2086 1726 2272 1773 turum
2310 1714 2761 1786 exspectabatur.
2802 1711 3027 1766 Certum
3066 1719 3152 1764 est
3182 1715 3366 1762 autem
3418 1703 3569 1776 quod
3609 1701 3679 1757 ad

2084 1808 2433 1880 probandum
2474 1806 2529 1862 id
2558 1804 2707 1877 quod
2743 1802 3102 1874 quaerebatur
3138 1815 3247 1854 non
3277 1797 3550 1853 Nazareth
3587 1809 3679 1850 so-

2086 1902 2199 1955 lum
2243 1897 2450 1963 attulit,
2478 1911 2668 1953 verum
2717 1895 2881 1951 etiam
2922 1909 2987 1948 ex
3020 1892 3137 1963 lege
3186 1898 3241 1945 et
3274 1887 3579 1961 prophetis,
3616 1892 3679 1939 ut

2087 1995 2180 2066 qui
2234 1991 2419 2046 multa:
2467 1988 2728 2045 lectionis
2777 1985 3318 2056 erat,cognitioncm
3369 1981 3674 2044 hauriens,

2079 2090 2189 2145 cito
2219 2087 2344 2158 ejus
2381 2081 2807 2153 intelligentiam
2849 2086 3142 2135 assecutus
3176 2083 3284 2134 est.

2292 2180 2333 2244 Ι,
2355 2177 2448 2233 46.
2484 2176 2629 2230 Dicit
2663 2176 2710 2229 ei
2736 2173 3055 2241 Philippus:
3078 2167 3210 2223 Veni
3242 2177 3292 2222 et
3322 2164 3459 2220 vide.

2151 2267 2398 2325 Suﬂiciet
2427 2265 2496 2321 ad
2530 2262 2893 2329 credendum,
2921 2259 3124 2332 inquit,
3142 2258 3232 2315 vel
3262 2264 3570 2328 spectasse,
3592 2259 3673 2319 et,

2078 2362 2124 2420 si
2160 2377 2286 2416 cum
2334 2375 2400 2416 eo
2449 2371 2765 2415 sermonem
2808 2354 3081 2409 duntaxat
3114 2349 3445 2412 contuleris,
3495 2345 3676 2416 magis

2077 2452 2421 2518 consenties,
2464 2466 2530 2505 ac
2581 2462 2797 2504 mecum
2846 2446 3160 2502 indubitate
3197 2438 3462 2497 fateberis
3491 2437 3673 2509 ipsum

2076 2562 2203 2603 esse
2234 2559 2426 2601 revera
2465 2542 2558 2614 qui
2589 2546 2958 2611 exspectatur.
2983 2538 3160 2592 Porro
3193 2533 3534 2591 credendum
3564 2534 3670 2591 est,

2076 2639 2323 2697 divinam
2348 2635 2647 2709 quamdam
2666 2642 2720 2689 et
2738 2630 3072 2688 ineffabilem
3096 2629 3329 2700 gratiam
3351 2625 3405 2679 in
3427 2623 3675 2677 Salvato-

2075 2735 2156 2789 ris
2185 2744 2445 2787 sermone
2468 2743 2531 2783 ac
2560 2726 2747 2782 verbis
2779 2723 2954 2779 fuisse
2979 2737 3088 2793 qua
3105 2718 3472 2776 delinirentur
3513 2710 3671 2782 133

2075 2823 2242 2879 etiam
2297 2819 2612 2875 auditorum
2643 2818 2835 2872 animi.
2889 2814 2983 2869 Sic
3027 2813 3171 2867 enim
3229 2809 3503 2879 scriptum
3561 2810 3669 2869 est,

2075 2914 2206 2985 quia
2236 2932 2249 2968 :
2298 2930 2316 2964 ι
2355 2905 2560 2968 Omnes
2604 2909 2957 2963 mirabantur
2985 2905 3041 2959 in
3075 2903 3260 2958 verbis
3302 2900 3513 2971 gratiae,
3549 2909 3676 2966 qua

2074 3009 2454 3082 procedebant
2480 3007 2550 3063 de
2580 3021 2677 3061 ore
2707 3002 2970 3074 ipsius“.
3013 3020 3030 3053 ι
3065 2999 3133 3055 Ut
3161 2998 3309 3052 enim
3341 2996 3463 3065 ejus
3490 2991 3675 3048 oratio

2074 3103 2263 3159 efficax
2306 3108 2427 3157 erat
2469 3099 2538 3153 ad
2568 3097 2866 3169 agendum,
2900 3095 2982 3150 sic
3016 3092 3186 3149 etiam
3219 3088 3287 3144 ad
3316 3085 3673 3165 persuaden-

2075 3196 2205 3250 dum
2238 3202 2360 3249 erat
2390 3192 2611 3246 idonea.

424 3272 618 3332 Εἶδεν
642 3280 676 3332 ὁ
707 3278 948 3347 Ἰησοῦς
970 3276 1080 3332 τὸν
1106 3277 1436 3343 Ναθαναὴλ
1468 3279 1797 3347 ἐρχόμενον
1821 3280 1971 3348 πρὸς

2148 3285 2189 3346 l,
2226 3285 2316 3339 47.
2364 3282 2507 3337 Vidit
2543 3280 2703 3336 Jesus
2738 3277 3049 3333 Nallmnael
3090 3275 3375 3336 venientem
3407 3269 3476 3325 ad
3515 3285 3590 3334 se,
3620 3276 3672 3319 et
3692 3254 3709 3259 λθ

2070 3379 2203 3433 dicit
2231 3377 2295 3431 de
2329 3391 2388 3431 eo
2424 3392 2442 3430 :
2479 3373 2614 3429 Ecce
2655 3390 2770 3429 vere
2806 3370 3097 3438 Israelita,
3134 3369 3191 3423 in
3223 3382 3326 3439 quo
3366 3363 3521 3418 dolus
3565 3376 3669 3415 non

2070 3481 2171 3528 est.

2143 3570 2278 3625 Cum
2332 3566 2582 3623 nondum
2637 3560 2812 3632 signis
2859 3567 2913 3615 et
2964 3553 3253 3612 miraculis
3307 3566 3367 3607 se
3412 3547 3673 3606 Christus

2074 3660 2510 3723 manifestasset,
2535 3655 2645 3710 alio
2672 3651 2836 3709 modo
2863 3647 3200 3721 persuadere
3230 3643 3512 3700 nitebatur
3538 3651 3670 3695 suos

2072 3753 2403 3823 discipulos,
2428 3760 2484 3806 ct
2525 3751 2798 3819 quotquot
2832 3759 2898 3799 ex
2952 3741 3039 3797 eis
3074 3746 3236 3795 erant
3278 3734 3577 3795 acutiores,
3610 3743 3672 3784 se

2073 3847 2332 3902 nimirum
2355 3859 2481 3901 esse
2503 3841 2706 3897 Filium
2739 3835 3050 3895 secundum
3074 3839 3356 3892 naturam,
3385 3842 3450 3880 ac
3475 3823 3668 3883 Deum,

2073 3948 2128 3993 et
2166 3954 2266 4009 pro
2291 3936 2540 3992 omnium
2573 3933 2757 3989 salute
2796 3932 2853 3985 in
2904 3928 3142 3982 humana
3192 3922 3372 3976 forma
3431 3914 3667 3970 venisse.

2028 4048 2033 4053 ‘
2072 4002 2338 4097 Quaenam
2363 4028 2532 4098 igitur
2554 4035 2638 4082 est
2667 4025 2761 4078 illa
2786 4021 2927 4076 ratio
2959 4032 3082 4090 quae
3125 4014 3194 4069 ad
3216 4012 3376 4067 ﬁdem
3405 4002 3673 4098 adducit?

2071 4121 2332 4194 Cognitio
2369 4119 2479 4173 Deo
2526 4116 2886 4173 conveniens.
2936 4108 3134 4166 Omnia
3176 4105 3326 4160 enim
3375 4114 3539 4154 nosse
3574 4094 3670 4151 uni

2071 4214 2184 4270 Deo
2206 4209 2487 4268 convenit.
2515 4208 2735 4277 Excipit
2756 4218 2889 4275 ergo
2908 4195 3330 4259 Nathanaelem,
3354 4207 3463 4247 non
3485 4202 3671 4243 assen-

2074 4305 2399 4363 latiunculis
2447 4318 2574 4359 eum
2631 4300 2738 4356 sibi
2789 4296 3125 4358 concilians,
3161 4291 3258 4347 sed
3289 4284 3564 4357 expositis
3597 4280 3668 4336 iis

2071 4414 2306 4470 quorum
2361 4395 2624 4452 conscius
2664 4402 2807 4456 erat,
2846 4390 3132 4451 hominum
3168 4383 3340 4441 corda
3379 4394 3488 4451 qua
3522 4375 3669 4431 Deus

2071 4502 2155 4551 est
2188 4512 2248 4549 se
2277 4507 2443 4547 nosse
2472 4488 2831 4544 conﬁrmans.

2143 4587 2187 4650 Ι,
2224 4586 2314 4640 48.
2365 4583 2503 4636 Dicit
2537 4582 2585 4636 ei
2619 4574 2935 4633 Nat/lanae!
2969 4590 2984 4628 :
3021 4569 3170 4627 Unde
3204 4585 3286 4623 me
3314 4565 3498 4621 nosti?

423 4661 703 4730 Ἀρχεται
750 4660 1054 4732 θαυμάζειν
1116 4665 1145 4717 6
1191 4662 1521 4737 Ναθαναὴλ,
1576 4666 1668 4718 καὶ
1721 4667 1967 4721 καλεῖται

2142 4675 2450 4731 Natlianacl
2488 4673 2679 4727 mirari
2709 4669 2923 4740 incipit,
2972 4674 3027 4722 et
3079 4663 3149 4718 ad
3189 4661 3508 4716 firtnitatcm
3543 4653 3666 4708 fidei

338 4754 501 4826 πρὸς
547 4752 734 4807 πίστιν
783 4754 884 4825 ἤδη
937 4754 1200 4826 βεϐαίαν·
1231 4755 1313 4809 ἔτι
1350 4757 1407 4810 δὲ
1459 4758 1751 4828 μανθάνειν
1804 4760 1965 4826 ἀξιοῖ,

343 4847 527 4901 πόθεν
558 4845 626 4901 ἂν
664 4846 777 4917 ἔχοι
810 4847 920 4902 τῶν
969 4847 1089 4901 κατ’
1127 4849 1291 4903 αὑτὸν
1320 4849 1420 4921 τὴν
1461 4851 1684 4917 γνῶσινο
1716 4855 1968 4925 ἀκριϐεῖς

342 4941 466 5013 γὰρ
528 4939 650 4993 λίαν
704 4941 762 4993 ai
798 4939 1119 5011 φιλομαθεῖς
1156 4941 1252 4995 καὶ⁵
1297 4940 1534 5008 φιλόθεοι
1579 4943 1769 5015 ψυχαί.
1810 4946 1968 4998 Ὑπο-

342 5035 469 5089 νοεῖ
517 5031 577 5085 δὲ
622 5031 754 5096 ἴσως
798 5031 905 5085 ὑπὸ
937 5031 1207 5085 Φιλίππου
1250 5033 1318 5087 τὰ
1353 5036 1471 5088 κατ’
1497 5035 1660 5090 αὑτὸν
1697 5035 1966 5107 δεδεῖχθαι

342 5125 431 5198 τῷ
463 5123 682 5195 Κυρίῳ.

438 5216 765 5286 Ἀπεκρίθη
799 5216 1054 5285 Ἰησοῦς,
1072 5218 1173 5273 καὶ
1203 5215 1376 5275 εἶπεν
1392 5222 1581 5288 αὐτῷ·
1616 5223 1735 5292 Πρὸ
1753 5225 1859 5280 τοῦ
1890 5238 1967 5279 σε

348 5309 671 5370 Φίλιππον
688 5308 990 5380 φωνῆσαι,
1021 5310 1169 5366 ὄντα
1189 5313 1305 5367 ὑπὸ
1327 5313 1443 5381 τὴν
1462 5313 1668 5385 συκῆν
1682 5312 1847 5373 εἶδόν
1868 5334 1963 5374 σε.

430 5399 674 5453 Ἐλυσεν
709 5400 861 5472 αὐτῷ
882 5401 983 5472 τὴν
1013 5402 1271 5459 ὑπόνοιαν
1308 5406 1337 5458 6
1371 5406 1582 5477 Σωτὴρ,
1612 5409 1707 5461 καὶ
1736 5409 1842 5480 πρὸ
1864 5410 1966 5481 τῆς

352 5488 451 5543 τοῦ
482 5488 755 5545 Φιλίππου
788 5492 1126 5561 συπεύξεώς
1165 5510 1224 5548 τε
1265 5495 1358 5549 καὶ¹
1403 5496 1621 5567 ὁμιλίας
1660 5499 1966 5571 ἑωρακέναι

353 5582 537 5654 λέγων
570 5583 735 5638 αὐτὸν
767 5585 875 5639 ὑπὸ
905 5586 1097 5657 συκῆν,
1144 5586 1322 5641 καίτοι
1370 5586 1445 5658 μὴ
1494 5587 1687 5659 παρὼν
1739 5590 1817 5661 τῷ
1861 5574 1967 5645 σώὲ

356 5692 520 5746 tum.
556 5676 863 5749 Χρησίμως
893 5695 955 5731 τε
990 5679 1196 5749 σφόδρα
1226 5678 1323 5733 καὶ
1351 5680 1384 5749 ἡ
1413 5682 1574 5750 συκῆ,
1612 5681 1708 5736 καὶ
1739 5683 1767 5734 6
1799 5683 1963 5749 τόπος

357 5766 714 5842 ὀνομάζεται,
740 5768 840 5843 τὴν
877 5769 972 5831 τοῦ
1017 5770 1392 5843 τεθεωρῆσθαι
1440 5772 1623 5830 πίστιν
1667 5772 1830 5829 αὑτὸν
1866 5777 1963 5845 ἐγ-

438 5951 485 5986 ⁶³
513 5951 676 6011 Mich.
708 5974 763 6025 v,
798 5957 851 6012 ἓ.
947 5958 993 5991 ε’
1025 5957 1158 6014 Luc.
1198 5973 1260 6025 ιι,
1292 5960 1379 6017 5|.
1495 5961 1539 5994 “
1575 5959 1711 6016 Luc.
1749 5974 1823 6027 tv,
1862 5956 1958 6018 2‘2.

2066 4772 2178 4843 jam
2208 4777 2465 4833 vocatur,
2496 4766 2595 4822 sed
2626 4766 2933 4820 etiamnum
2960 4762 3358 4830 percunctatur
3393 4750 3666 4806 undenatn

2067 4863 2251 4932 ipsum
2299 4860 2558 4914 Christus
2593 4864 2802 4912 nosset.
2848 4855 3137 4906 Accuratae
3167 4846 3317 4902 enim
3372 4843 3488 4896 fere
3537 4846 3668 4895 sunt

2068 4954 2332 5011 studiosa:
2393 4966 2457 5005 ac
2507 4949 2605 5004 Dei
2658 4956 2912 5001 amantes
2941 4943 3158 4997 animae.
3215 4936 3428 4992 Forsan
3481 4938 3667 4986 autem

2066 5045 2385 5117 suspicatur
2421 5058 2481 5098 sc
2508 5039 2746 5110 Philippi
2780 5052 2947 5109 opera
2985 5033 3220 5088 Domino
3259 5026 3595 5084 innotuissc.

2141 5223 2184 5287 Ι,
2217 5220 2310 5277 48.
2356 5219 2639 5291 Respondit
2667 5218 2846 5283 Iesus,
2883 5226 2932 5273 et
2977 5216 3113 5271 dixit
3142 5215 3191 5271 ei
3215 5230 3234 5269 :
3261 5212 3586 5281 Priusquam
3615 5215 3668 5264 te

2071 5311 2357 5384 Philippus
2394 5322 2626 5377 vocaret,
2649 5329 2770 5368 cum
2797 5328 2935 5366 esses
2966 5309 3062 5364 sub
3095 5308 3223 5377 lica,
3254 5305 3358 5360 vidi
3382 5316 3454 5357 te.

2148 5406 2327 5461 Solvit
2365 5406 2488 5475 ejus
2542 5406 2918 5477 suspicionem
2969 5402 3253 5463 Sesvator,
3290 5397 3420 5451 dum
3479 5390 3555 5444 ait
3606 5403 3665 5444 se

2071 5511 2197 5554 eum
2230 5498 2473 5575 subllcn
2496 5500 2701 5556 vidisse
2724 5496 2942 5554 tametsi
2975 5507 3206 5565 corpore
3241 5489 3451 5548 aberat,
3479 5480 3662 5551 prius-

2072 5607 2239 5662 quam
2292 5592 2358 5648 ad
2392 5608 2452 5648 se
2481 5593 2726 5650 venisset
2760 5600 2859 5647 aut
2914 5590 3138 5644 locutus
3167 5591 3317 5640 esset
3344 5576 3659 5645 Philippus.

2071 5681 2137 5738 Et
2165 5684 2322 5740 valde
2368 5684 2581 5741 utiliter
2625 5699 2750 5739 cum
2799 5682 2958 5745 ficus,
2992 5688 3109 5732 tum
3154 5675 3310 5728 locus
3354 5670 3473 5738 ipse
3509 5664 3662 5718 desi-

2070 5782 2329 5847 εηιιηιυν,
2387 5775 2592 5847 quibus
2647 5775 2941 5831 certiorem
3002 5767 3162 5825 tidem
3221 5760 3358 5819 facit
3414 5771 3475 5816 se
3533 5767 3660 5810 eum
