4106 6538
433 386 548 455 ’223

1449 392 1507 447 S.
1548 392 1822 447 CYRILLI
1857 387 2331 444 ALEXANDRINI
2372 387 2690 443 ARCIIUSP.

3604 395 3723 451 εει

437 508 815 582 conspicatum
859 524 1004 566 esse.
1063 508 1199 565 Cum
1257 508 1402 565 enim
1462 507 1516 564 id
1582 510 1742 579 plane
1802 514 2013 577 nosset,

2120 504 2407 576 γνώμεναι·
2455 505 2484 556 6
2525 505 2633 576 γὰρ
2665 498 2912 572 ἀκριϐῶς
2950 505 3047 577 ήδη
3107 506 3314 576 μαθὼν,
3363 510 3458 562 καὶ
3500 509 3563 566 τὸ
3614 507 3721 566 σὺν

437 604 603 660 etiam
637 602 1044 659 consectarium
1076 599 1236 656 facile
1274 600 1516 657 admisit.

509 694 551 757 Ι,
582 694 675 750 49.
712 694 1000 762 Respondit
1027 695 1077 750 ei
1110 691 1453 761 Nathanael,
1487 701 1537 749 et
1570 693 1647 746 ait
1679 709 1699 746 :
1724 691 1926 758 Rabbi,
1962 698 2021 745 tu

438 800 493 841 es
525 782 702 839 Filius
728 784 847 853 Dei,
882 793 936 838 tu
961 802 1016 840 es
1040 783 1151 839 Rex
1174 782 1372 839 Israel.

504 962 743 1019 Noverat
776 962 952 1034 probe
986 961 1156 1016 Deum
1197 966 1563 1015 scrutatorem
1589 972 1711 1013 esse
1741 956 2015 1023 cordium,

437 1070 540 1111 nec
570 1056 669 1109 ulli
704 1055 862 1110 alteri
890 1060 1132 1108 mentem
1171 1051 1415 1105 hominis
1454 1058 1673 1119 patere,
1709 1049 1870 1113 illud,
1900 1050 2018 1119 opi-

436 1159 564 1211 nor,
597 1144 906 1199 Psalmistze
934 1143 1119 1197 animo
1150 1141 1475 1197 revolvens:
1507 1158 1525 1191 ι
1558 1136 1826 1194 Scrutans
1853 1138 2018 1193 corda

438 1246 492 1292 et
521 1251 685 1292 renes
718 1234 861 1291 Deus
899 1234 966 1291 ".
1009 1253 1027 1287 ι
1067 1232 1223 1299 Quod
1257 1232 1402 1288 enim
1438 1230 1530 1285 alii
1563 1230 1696 1285 nulli
1732 1245 1893 1300 quam
1918 1244 2017 1284 na-

439 1335 577 1380 turae
600 1326 802 1382 divinae
825 1326 974 1380 istud
1005 1325 1156 1389 insit,
1185 1320 1343 1394 134
1372 1334 1632 1391 tanquam
1657 1321 1703 1376 ei
1733 1321 2016 1391 proprium

438 1432 504 1472 ac
525 1417 809 1489 peculiare
839 1417 1053 1474 Psaltes
1089 1417 1363 1471 attribuit.
1393 1415 1530 1470 Cum
1562 1416 1747 1484 itaque
1771 1414 2019 1470 animad-

2122 597 2270 668 αὑτῷ
2297 597 2531 668 ἑτοίμως
2561 598 2628 652 ἂν
2656 596 3019 669 παρεδέξατο.

2203 690 2509 757 Ἀπεκρίθη
2542 687 2892 757 Ναθαναὴλ,
2922 688 3022 742 καί
3061 689 3223 758 λέγει
3254 689 3417 756 αὑτῷ
3439 707 3453 722 ·
3495 691 3709 757 Ῥαϐὄὶ.

2121 779 2203 835 σὺ
2253 776 2313 834 εἴ
2360 781 2393 833 ὁ
2446 779 2576 845 Υἱὸς
2614 779 2720 833 τοῦ
2757 777 2925 843 Θεοῦ,
2952 777 3034 832 σὺ
3073 779 3129 833 ετ
3180 782 3213 833 d
3265 781 3567 850 Βασιλεὺς
3604 785 3711 837 τοῦ

2148 870 2392 940 ισραήλ.

2191 959 2313 1017 Οἵδε
2363 962 2522 1032 μόνον
2576 963 2707 1017 ὄντα
2747 961 2988 1033 καρδιῶν
3042 963 3342 1034 ὲρευνητὴν
3389 963 3484 1018 τὸν
3540 963 3707 1030 Θεὸν,

2120 1055 2297 1108 οὐδενὶ
2346 1054 2403 1107 δὲ
2454 1052 2625 1124 ἑτέρῳ
2681 1053 2774 1107 τὸν
2823 1051 3109 1124 ἀνθρώπου
3157 1053 3373 1109 δίδωσιν
3418 1054 3708 1120 ἐξεπίστα-

2121 1143 2244 1198 σθαι
2293 1143 2437 1212 νοῦν,
2497 1143 2558 1196 τὸ
2616 1143 2675 1197 ὲν
2728 1143 2979 1214 Ψαλμοῖς
3016 1144 3212 1210 ἐκεῖνο,
3275 1142 3417 1198 κατά
3449 1142 3509 1197 τδ
3538 1144 3705 1208 εἰκὸς,

2118 1233 2538 1305 ἐνθυμούμενος·
2598 1251 2617 1285 ι
2657 1232 2894 1297 Ἐτάζων
2960 1233 3186 1304 καρδίας
3248 1234 3342 1287 καὶ⁵
3398 1234 3631 1303 νεφροὺς
3680 1235 3710 1286 6

2118 1325 2268 1388 Θεός.
2301 1344 2320 1377 ι
2363 1325 2450 1389 Ὦς
2478 1324 2588 1396 γὰρ
2619 1324 2791 1378 οὐδενί¹
2825 1324 2936 1378 τῶν
2975 1324 3151 1379 ἄλλων
3197 1325 3420 1396 προσὸν,
3463 1325 3600 1399 μόνῃ
3635 1329 3705 1397 τῇ

2121 1415 2243 1487 θείᾳ
2274 1416 2451 1484 φύσει,
2499 1416 2595 1469 καὶ
2644 1414 2802 1469 τοῦτο
2847 1415 3124 1487 ἐξαίρετον
3155 1418 3183 1469 6
3223 1416 3477 1487 Μελῳδὸς
3516 1418 3708 1471 ἀνατέ·

437 1511 695 1566 vertisset
740 1526 804 1566 ea
860 1510 1093 1566 Domino
1136 1517 1328 1581 patere
1371 1522 1493 1578 quae
1530 1509 1731 1563 tacitus
1779 1507 1920 1577 apud
1958 1520 2016 1562 se

2121 1507 2321 1560 θεικεν.
2374 1504 2583 1559 Οὐκοῦν
2629 1506 2687 1558 ὲν
2740 1505 3036 1574 ἀφθόγγοις
3081 1506 3159 1559 ἔτι
3210 1505 3559 1579 ψιθυρισμοῖς
3608 1508 3709 1579 τὴν

437 1598 717 1662 versabat,
754 1599 1078 1667 magistrum
1131 1613 1255 1652 eum
1295 1597 1443 1651 illico
1488 1597 1754 1663 nominat,
1788 1597 2016 1666 ejusque

2121 1596 2372 1651 ὑπόνοιαν
2398 1594 2547 1665 αὑτῷ
2586 1595 2961 1667 στρεφομένην
2990 1595 3130 1648 κατὰ
3183 1595 3275 1649 τὸν
3319 1595 3444 1651 νοῦν
3476 1596 3710 1669 ἐπείπερ

438 1689 743 1759 disciplina
791 1691 958 1745 alacri
1002 1698 1183 1745 mente
1234 1705 1293 1745 se
1347 1688 1537 1754 tradit,
1575 1688 1887 1760 Filiumque
1924 1689 2016 1745 Dei

2120 1670 2262 1756 ἔγνω
2294 1685 2603 1758 θεωροῦντα
2649 1685 2743 1739 τὸν
2788 1685 3014 1756 Κύριον,
3054 1684 3374 1739 διδάσκαλον
3410 1685 3510 1756 μὲν
3543 1685 3713 1751 εὐθὺς

437 1787 492 1835 et
516 1779 719 1852 Regem
744 1780 913 1837 Israel
934 1797 1058 1838 esse
1089 1781 1314 1847 fatetur,
1338 1796 1464 1836 eum
1496 1781 1684 1851 utique
1710 1780 2014 1837 secundum

2120 1778 2402 1843 ἀποκαλεῖ,
2440 1777 2735 1850 προθύμως
2772 1776 2873 1847 ἤδη
2920 1776 3019 1847 τὴν
3071 1776 3163 1829 ὑπ’
3208 1774 3357 1846 αὑτῷ
3408 1776 3713 1847 μαθητείαν

439 1879 691 1928 naturam
727 1888 851 1930 esse
898 1890 1120 1945 quoque
1169 1872 1339 1928 Deum
1391 1874 1760 1940 conﬁrmans,
1801 1875 1856 1929 in
1907 1889 2016 1945 quo

2120 1869 2426 1936 είσϐαίνων,
2459 1868 2595 1922 Θεοῦ
2635 1867 2694 1921 δὲ
2725 1868 2852 1922 Υίὺν
2897 1867 3154 1938 ὁμολογεῖ
3196 1868 3290 1921 καὶ
3338 1866 3565 1938 βασιλέα
3610 1867 3712 1922 τοῦ

438 1962 671 2021 Deitatis
703 1965 1067 2036 proprietates
1096 1966 1451 2021 inexsistunt.

512 2229 553 2297 1,
594 2229 685 2285 50.
726 2229 1013 2298 Respondit
1034 2230 1219 2298 Iesus,
1241 2240 1290 2285 et
1315 2233 1451 2286 dixit
1476 2232 1525 2287 ei
1552 2249 1569 2287 :
1596 2232 1735 2298 Quia
1757 2233 1871 2288 dixi
1900 2234 2017 2302 tibi,

452 2321 572 2378 Vidi
613 2332 661 2378 te
684 2322 780 2377 sub
805 2323 933 2391 ﬁcu,
970 2322 1139 2377 credis
1164 2339 1182 2376 :
1206 2325 1414 2392 majora
1445 2323 1525 2378 his
1556 2323 1771 2379 ridebis.

506 2500 749 2556 Firmior
784 2501 896 2556 eris
927 2500 992 2555 ad
1028 2500 1187 2556 ﬁdem
1209 2543 1223 2566 ,
1257 2500 1469 2571 inquit,
1519 2515 1644 2556 cum
1674 2500 1762 2556 his
1810 2501 2018 2572 majora

435 2592 662 2649 videris.
693 2593 795 2658 Qui
821 2593 963 2648 enim
996 2594 1088 2648 uni
1122 2594 1277 2664 signo
1314 2593 1572 2658 credidit,
1603 2594 1880 2663 quomodo
1908 2609 2018 2648 non

436 2685 541 2739 erit
593 2685 755 2756 longe
808 2685 1039 2755 ﬁrmior,
1099 2701 1224 2741 cum
1262 2686 1478 2756 potiora
1526 2685 1793 2740 miracula
1845 2688 2018 2757 appa-

438 2777 654 2832 ruerint
681 2778 705 2831 ?

503 2949 548 3018 1,
589 2950 677 3006 51.
718 2954 902 3017 Amen,
955 2970 1107 3009 amen
1154 2954 1274 3009 dico
1324 2954 1498 3022 vobis,
1545 2954 1788 3010 videbitis
1831 2955 2016 3010 caelum

436 3054 694 3113 apertum,
726 3054 775 3099 et
804 3047 1018 3115 angelos
1048 3046 1145 3101 Dei
1175 3046 1515 3102 ascendentes
1552 3058 1603 3102 et
1646 3048 2015 3103 descendentes

435 3151 596 3204 supra
621 3134 823 3192 Filium
844 3139 1094 3193 hominis.

504 3308 625 3365 Iam
675 3311 741 3366 ad
771 3327 964 3367 omnes
1012 3310 1321 3366 orationem
1358 3311 1634 3366 convertit
1669 3326 1774 3378 qua
1807 3309 2017 3366 Natha-

434 3403 611 3458 naelis
641 3403 799 3459 ﬁdem
832 3404 1145 3459 conﬁrmat.
1178 3403 1315 3457 Cum
1352 3411 1531 3457 autem
1578 3404 1819 3472 angelos.
1840 3404 2015 3459 visum

436 3493 507 3550 iri
533 3496 631 3560 ait,
671 3496 1035 3551 ascendentes
1083 3510 1147 3550 ac
1180 3495 1581 3550 descendentes
1609 3510 1775 3565 super
1815 3494 2014 3549 Filium

435 3586 713 3651 hominis,
748 3587 851 3641 hoc
891 3594 975 3642 est
1010 3587 1416 3650 ministrantes,
1447 3593 1502 3641 et
1559 3585 1832 3641 mandatis
1864 3586 2014 3656 ejus,

436 3676 506 3731 ad
538 3677 773 3732 salutem
804 3692 995 3732 eorum
1018 3678 1114 3747 qui
1145 3678 1409 3732 credituri
1445 3685 1597 3743 sunt,
1623 3676 2013 3746 obsequentes,

435 3778 573 3824 tunc
604 3770 841 3825 maxime
865 3784 925 3825 se
953 3779 1151 3824 natura
1177 3769 1275 3824 Dei
1308 3770 1506 3824 Filium
1526 3784 1648 3825 esse
1672 3771 2018 3825 demonstra-

436 3868 555 3914 tum
598 3859 665 3914 iri
700 3861 994 3931 signiﬁcat.
1031 3861 1151 3916 Non
1188 3862 1333 3917 enim
1375 3862 1481 3918 sibi
1519 3871 1710 3917 mutuo
1737 3862 2018 3932 spiritales

436 3951 545 4006 illae
576 3952 829 4016 virtutes,
866 3953 963 4008 sed
1008 3952 1119 4010 Deo
1149 3963 1303 4010 certe
1356 3955 1627 4010 serviunt.
1679 3952 1838 4020 Quod
1887 3971 2015 4011 cum

436 4043 679 4099 dicimus
710 4058 900 4099 earum
943 4045 1362 4117 subjectionem
1419 4062 1531 4102 non
1579 4047 1823 4103 tollimus
1860 4067 1873 4102 :
1915 4065 2016 4105 nec

434 4136 584 4191 enim
624 4137 944 4194 servitutem
982 4140 1277 4210 quisquam
1313 4147 1469 4194 recte
1500 4152 1634 4194 sane
1660 4139 1861 4195 dixerit
1896 4161 1910 4198 :
1948 4142 2017 4198 de

434 4228 657 4284 Christo
686 4244 818 4285 vero
850 4232 1028 4286 sancti
1070 4231 1423 4302 evangelista:
1471 4232 1747 4298 scribunt,
1794 4234 2017 4304 angelos

438 4321 505 4375 ad
550 4321 899 4378 Servatorem
945 4324 1230 4403 Qhristum
1273 4322 1599 4392 accessisse,
1651 4334 1705 4382 et
1751 4328 1802 4384 ei
1854 4328 2018 4384 mini-

438 4423 649 4469 strasse
682 4415 748 4468 ⁸⁸.

2133 1961 2369 2033 Ἰσραὴλ,
2395 1954 2550 2032 ᾧπερ
2579 1961 2646 2013 ἂν
2676 1959 2976 2030 ἐνυπάρχοι
3024 1958 3095 2012 τά
3137 1959 3238 2030 τῆς
3284 1958 3547 2032 Θεότητος
3576 1960 3709 2025 lata,

2118 2053 2307 2108 τοῦτον
2332 2048 2471 2107 εἶναι
2511 2052 2725 2116 πάντως
2757 2052 2851 2107 καὶ⁸
2878 2051 3019 2106 κατὰ
3051 2050 3212 2121 φύσιν
3243 2051 3377 2106 Θεὸν
3415 2051 3711 2129 εὐπαιδεύ-

2118 2162 2228 2209 τως
2254 2143 2749 2214 διαϐεϐαιούμενος.

2191 2235 2500 2304 Ἀπεκρίθη
2535 2233 2786 2302 Ἰησοῦς,
2818 2232 2916 2288 καὶ
2957 2228 3130 2288 εἶπεν
3152 2230 3347 2299 αὐτῷ’
3384 2232 3506 2288 Ὀτι
3533 2228 3713 2288 εἶπόν

2120 2342 2240 2393 σοι,
2265 2327 2354 2381 ὅτι
2379 2322 2545 2381 εἶδόν
2569 2342 2642 2380 σε
2665 2325 2946 2380 ὑποκάτω
2978 2322 3088 2393 τῆς
3121 2322 3338 2391 συκῆς,
3372 2325 3708 2391 πιστεύεις·

2115 2416 2288 2488 μείζω
2318 2417 2545 2471 τούτων
2573 2415 2727 2485 ὄψει.

2203 2508 2631 2579 Ἀσφαλέστερος
2662 2506 2761 2578 ἔσῃ
2791 2506 2929 2577 πρὸς
2973 2505 3176 2570 πίστιν,
3209 2506 3393 2577 φησιν,
3426 2506 3556 2560 ὅταν
3593 2505 3714 2580 ἴδῃς

2118 2600 2187 2654 τὰ
2212 2599 2416 2654 τούτων
2450 2598 2702 2669 μείζοναο
2736 2601 2765 2653 6
2795 2599 2905 2670 γάρ
2939 2596 3020 2650 ἑνὶ
3054 2597 3267 2668 σημείῳ
3298 2594 3710 2661 πεπιστευκὼς,

2122 2692 2238 2755 πῶς
2278 2692 2379 2745 οὑκ
2433 2690 2586 2745 ἔσται
2629 2691 2848 2753 πάντως
2902 2689 2990 2743 διὰ
3039 2687 3250 2742 πολλῶν
3300 2689 3358 2742 ἐν
3409 2687 3711 2759 ἀμείνοσιν,

2119 2786 2245 2838 ὅταν
2273 2783 2337 2856 δὴ
2379 2783 2614 2854 μάλιστα
2650 2782 2927 2852 φαίνοιντο
2959 2778 3067 2833 τῶν
3105 2779 3206 2851 ήδη
3243 2776 3713 2848 τεθαυμασμένων

2120 2874 2441 2944 ἁξιολογώτε
2451 2891 2518 2944 ρα

2203 2965 2401 3035 Ἀμὴν,
2441 2962 2605 3034 ἀμὴν
2636 2961 2792 3033 λέγω
2844 2960 3011 3031 ὑμῖν,
3039 2960 3267 3029 ὄψεσθε
3307 2959 3415 3013 τὸν
3450 2956 3714 3027 οὐρανὸν

2120 3058 2437 3126 ἀνεςηότα,
2478 3054 2578 3109 καὶ
2619 3054 2762 3119 τοὺς
2802 3052 3102 3123 ἀγγέλους
3131 3050 3238 3105 τοῦ
3280 3049 3431 3105 Θεοῦ
3466 3048 3714 3106 ἀνασαλ-

2119 3165 2338 3213 νοντας
2362 3148 2462 3202 καὶ
2492 3147 2964 3211 καταϐαίνοντας
2995 3143 3094 3198 ἐπὶ
3130 3142 3239 3197 τὸν
3280 3141 3416 3196 Υἰόν
3456 3140 3566 3196 τοῦ
3600 3140 3714 3197 ἁν-

2120 3238 2375 3308 θρώπου.

2189 3330 2382 3393 Κοινδς
2421 3328 2523 3400 ήδη
2572 3326 2709 3398 πρὸς
2759 3328 2965 3390 πάντας
3012 3328 3041 3379 6
3090 3324 3248 3391 λόγος
3295 3321 3715 3394 ὲπισφραγίζων

2117 3421 2210 3476 τοῦ
2245 3420 2536 3492 Ναθαναὴλ
2572 3420 2670 3491 τὴν
2712 3419 2914 3473 πίστιν.
2966 3416 3254 3485 Ἀγγέλους
3289 3415 3347 3469 δὲ
3378 3411 3713 3484 ὀφθήσεσθαι

2116 3512 2290 3583 λέγων
2317 3513 2429 3567 ἄνω
2459 3529 2518 3565 τε
2565 3511 2661 3565 καὶ
2698 3509 2850 3563 κάτω
2882 3508 3174 3580 τρέχοντας
3205 3506 3298 3560 ἐπὶ
3333 3506 3425 3559 τὸν
3456 3505 3588 3559 Υίὺν
3616 3503 3712 3557 τοῦ

2117 3604 2427 3676 ἀνθρώπου,
2449 3602 2596 3666 τοῦτ’
2635 3603 2804 3666 ἐστιν,
2855 3599 3262 3670 ὑπηρετοῦντας
3294 3598 3391 3652 καὶ
3428 3598 3713 3652 διακονουο

2122 3698 2316 3768 μένους
2343 3701 2457 3761 τοῖς
2492 3695 2658 3750 αὐτοῦ
2686 3695 3076 3763 διατάγμασιν,
3108 3692 3186 3755 είς
3219 3690 3318 3763 τὴν
3349 3689 3461 3744 τῶν
3488 3687 3713 3760 μελλόν-

2117 3807 2225 3845 των
2256 3788 2531 3843 πιστεύειν
2562 3787 2866 3860 σωτηρίαν,
2898 3784 3020 3838 τότε
3044 3784 3108 3856 δὴ
3134 3783 3377 3855 μάλιστα»
3401 3780 3536 3836 Θεοῦ
3570 3779 3715 3835 κατὰ

2119 3880 2280 3951 φύσιν
2310 3881 2571 3951 ὑπάρχων
2604 3879 2733 3942 Υἱδς
2762 3874 3250 3947 ἀναδειχθήσεσθαί
3284 3891 3470 3945 φησιν.
3501 3871 3576 3927 Ui:
3603 3870 3716 3944 γὰρ

2118 3973 2377 4044 ἀλλήλαις
2411 3972 2468 4025 αἱ
2513 3971 2730 4040 λογικαὶ
2779 3970 3058 4040 δυνάμεις,
3087 3967 3206 4039 Θεῷ
3246 3967 3303 4021 δὲ
3342 3966 3561 4029 πάντως
3588 3964 3715 4019 δου-

2118 4061 2386 4117 λεύουσιν.
2429 4061 2545 4115 Οὑκ
2587 4060 2800 4130 ἀναιρεῖ
2842 4058 2897 4112 δὲ
2940 4060 2969 4112 6
3016 4058 3173 4127 λόγος
3218 4058 3316 4127 τὴν
3357 4056 3417 4109 ὲν
3460 4052 3716 4124 ἀγγέλοις

2118 4153 2402 4222 ὑποταγήν
2423 4166 2438 4182 ⁶
2468 4150 2591 4205 οὑδὲ
2630 4149 2741 4220 γὰρ
2769 4149 2836 4204 ἂν
2877 4151 3115 4219 εὑλόγως
3153 4147 3310 4202 τοῦτο
3339 4146 3556 4201 καλοῖτο
3586 4145 3713 4200 δου-

2118 4245 2270 4300 λεία·
2318 4243 2634 4315 άκηκόαμεν
2685 4240 2742 4293 δὲ
2789 4239 2878 4294 διὰ
2913 4241 3024 4296 τῶν
3070 4240 3240 4308 ἁγίων
3279 4235 3710 4306 εὑαγγελιστῶν,

2117 4337 2311 4406 ὅτιπερ
2339 4333 2560 4403 ἄγγελοι
2602 4329 2908 4402 προσῆλθον
2944 4328 3023 4402 τῷ
3067 4329 3279 4400 Σωτῆρι
3328 4326 3569 4399 Χριστῷ,
3618 4327 3715 4380 καὶ

2120 4427 2400 4499 διηκόνουν
2430 4424 2599 4497 αὑτῷ.

508 4504 576 4572 ΙΙ,
620 4505 739 4560 1-4.
786 4505 855 4559 Et
887 4506 974 4560 die
1006 4507 1162 4561 tertia
1202 4508 1400 4576 nuptiae
1439 4509 1594 4579 factte
1626 4521 1749 4567 sunt
1777 4512 1832 4565 in
1865 4509 2016 4564 Cana

2194 4520 2305 4574 Kal
2338 4518 2414 4587 τῇ
2439 4518 2626 4588 ἡμέρᾳ
2650 4517 2723 4586 τῇ
2748 4515 2917 4585 τρίτῃ
2967 4513 3152 4584 γάμος
3191 4510 3429 4580 ἐγένετο
3452 4508 3531 4603 es:
3549 4506 3718 4603 liae-ii

441 4597 683 4653 Catilina:
711 4614 730 4652 :
758 4608 807 4653 et
836 4609 951 4655 erat
981 4608 1151 4654 mater
1174 4599 1306 4655 Iesu
1337 4602 1429 4655 ibi.
1465 4602 1696 4659 Vocatus
1726 4617 1804 4659 est
1839 4612 2016 4658 autent

2122 4610 2234 4678 τῆς
2262 4609 2611 4673 Γαλιλαίας,
2643 4607 2742 4663 καὶ
2764 4604 2845 4678 ἦν
2872 4608 2910 4675 ἠ
2936 4605 3136 4677 μήτηρ
3177 4603 3283 4658 τοῦ
3330 4601 3535 4671 Ἰησοῦ
3567 4599 3713 4655 ἐκεῖ.

438 4699 488 4749 et
517 4689 676 4745 Iesus
717 4700 767 4744 et
807 4691 1054 4760 discipuli
1089 4693 1205 4762 ejus
1239 4694 1308 4747 ad
1342 4697 1552 4764 nuptias
1581 4736 1596 4750 .
1643 4704 1693 4749 et
1740 4696 2019 4763 deﬁciente

439 4783 580 4845 vino,
612 4783 741 4837 dicit
772 4792 942 4838 mater
968 4783 1099 4840 Iesu
1136 4787 1205 4841 ad
1229 4803 1343 4842 eum
1370 4805 1389 4843 :
1426 4787 1621 4843 Vinum
1663 4805 1766 4843 non
1804 4789 2016 4842 habent.

442 4875 511 4929 Et
541 4877 673 4936 dicit
702 4878 750 4932 ei
782 4875 963 4933 Iesus.

508 5050 830 5124 Opportune
861 5055 926 5110 ad
960 5059 1223 5125 patranda
1247 5059 1514 5114 miracula
1542 5057 1799 5117 Christus
1824 5075 2018 5131 aggre-

438 5143 607 5213 ditur,
637 5144 764 5201 licet
795 5145 1022 5205 fortuito
1062 5149 1129 5206 ad
1176 5167 1240 5209 ea
1283 5159 1511 5207 vocatus
1564 5150 1833 5208 videatur.
1880 5152 2017 5209 Nam

439 5251 565 5291 cum
618 5239 824 5308 nuptiae
863 5241 1299 5307 celebrarentur,
1351 5250 1504 5298 caste
1537 5243 1801 5299 nimirum
1831 5253 1882 5301 et
1913 5246 2017 5301 ho-

439 5338 614 5395 neste,
642 5331 797 5387 adest
833 5334 1070 5404 quidem
1086 5344 1263 5390 mater
1305 5334 1638 5403 Servatoris,
1678 5337 1770 5393 sed
1805 5346 1861 5393 et
1896 5354 2017 5410 ipse

442 5419 598 5492 135
626 5437 734 5478 una
766 5439 889 5481 cum
921 5426 1213 5497 discipulis
1245 5427 1362 5479 suis
1396 5426 1665 5484 invitatus
1688 5429 1870 5497 venit,
1903 5446 2013 5487 non

439 5519 550 5565 tam
600 5515 925 5585 epulaturus
970 5532 1133 5587 quam
1194 5524 1257 5570 ut
1310 5516 1635 5573 miraculum
1684 5519 1908 5587 faceret,
1950 5536 2016 5577 ac

442 5610 700 5670 praeterea
731 5608 1104 5679 generationis
1135 5607 1391 5662 humanae
1425 5610 1756 5681 principium
1802 5614 2013 5670 sancti-

443 5692 649 5763 ﬁcaret,
687 5702 832 5770 quod
863 5698 932 5755 ad
968 5713 1190 5754 carnem
1245 5699 1503 5756 nimirum
1536 5703 1751 5760 attinet.
1811 5704 2020 5765 Conve-

513 5855 554 5887 °"
588 5856 736 5914 Psal.
778 5850 872 5925 im,
911 5858 996 5912 10.
1074 5861 1118 5892 ⁶⁸
1148 5860 1335 5916 Matth.
1372 5880 1443 5929 tv,
1482 5864 1569 5919 Η.

496 6150 519 6199 Ι

2135 4700 2398 4769 Ἐκλήθη
2441 4699 2510 4753 δὲ
2556 4699 2655 4753 καὶ
2685 4702 2718 4753 ό
2756 4697 3001 4767 Ἰησοῦς
3025 4694 3123 4750 καὶ
3162 4697 3215 4747 οἱ
3240 4692 3497 4764 μαθηταὶ
3522 4690 3714 4744 αὐτοῦ

2119 4794 2207 4859 είς
2238 4791 2346 4846 τὸν
2372 4791 2582 4861 γάμον,
2616 4790 2715 4845 καὶ
2758 4788 3216 4857 ὑστερήσαντος
3249 4784 3441 4848 οἴνου,
3475 4781 3638 4852 λέγει
3674 4781 3714 4849 ἠ

2116 4883 2313 4953 μήτηρ
2341 4882 2447 4937 τοῦ
2484 4882 2679 4952 Ἰησοῦ
2705 4882 2857 4951 πρὸς
2883 4879 3092 4943 αὑτὸν,
3130 4874 3311 4932 Οἶνον
3338 4877 3450 4930 οὐκ
3474 4874 3712 4943 ἔχουσι.

2120 4974 2231 5030 Καὶ
2257 4974 2420 5044 ,λέγει
2451 4973 2605 5043 αὐτῇ
2634 4977 2668 5028 ὁ
2709 4971 2957 5041 Ἰησοῦς.

2190 5065 2532 5135 Εὑαφόρμως
2576 5063 2797 5134 ἔρχεται
2834 5060 3021 5115 λοιπὸν
3060 5057 3151 5113 ἐπὶ
3198 5057 3297 5128 τὴν
3331 5054 3440 5108 τῶν
3470 5051 3714 5125 σημείων

2119 5156 2313 5230 ἀρχὴν,
2342 5158 2391 5209 εί
2424 5157 2518 5210 καὶ
2544 5154 2860 5226 ἀϐουλήτως
2896 5151 3070 5206 ἐδόκει
3113 5146 3398 5203 καλεῖσθαι
3444 5143 3583 5216 πρὸς
3612 5142 3715 5199 αὑ-

2121 5249 2251 5319 τήν·
2303 5247 2663 5319 πανηγύρεως
2706 5247 2816 5318 γὰρ
2859 5245 2960 5315 τῆς
3012 5242 3105 5297 ἐπὶ
3149 5241 3313 5311 γάμῳ
3361 5237 3712 5309 τελουμένης,

2120 5337 2281 5408 δῆλον
2327 5338 2384 5392 δὲ
2413 5337 2584 5410 δήπου
2642 5336 2859 5400 πάντως
2899 5337 2983 5389 ὅτι
3042 5332 3278 5404 σεμνῶς,
3324 5330 3565 5402 πάρεστι
3612 5328 3713 5399 μὲν

2121 5429 2214 5483 τοῦ
2245 5431 2496 5501 Σωτῆρος
2521 5431 2553 5500 ἡ
2593 5429 2799 5501 μήτηρ,
2827 5425 3166 5496 κεκλημένος
3191 5422 3250 5476 δὲ
3271 5422 3367 5476 καὶ
3399 5420 3563 5484 αὐτὸς
3598 5420 3715 5482 τοῖς

2121 5521 2342 5585 οἰκείοις
2397 5522 2803 5591 ωναφικνείται
2873 5517 3142 5589 μαθηταῖς
3208 5512 3714 5585 θαυματουργήσων

2126 5612 2345 5685 μᾶλλον,
2385 5613 2539 5685 ἢπερ.
2568 5610 2969 5680 ἑστιασόμενος,
3004 5607 3084 5661 ἔτι
3135 5622 3195 5677 τε
3238 5605 3376 5677 πρὸς
3404 5616 3579 5673 τουτῳ
3618 5599 3712 5653 καὶ

2126 5706 2297 5776 αὑτὴν
2329 5706 2572 5776 άγιάσων
2605 5705 2703 5777 τῆς
2741 5702 3031 5776 ἀνθρώπου
3063 5698 3333 5771 γενέσεως
3360 5697 3460 5768 τὴν
3496 5694 3709 5768 ἀρχήν·
