4106 6496
370 352 480 407 ΞΕό

1416 341 1481 396 ΙΝ
1509 339 1793 399 JUANNIS
1829 337 2282 398 EVANGELIUM
2316 341 2442 397 LIB.
2488 342 2549 397 ll.

3552 349 3660 405 226

366 464 495 516 ὅσον
519 462 579 518 δὲ
604 454 741 531 ἧκεν
768 459 849 522 εἰς
882 458 982 530 τὴν
1016 458 1214 527 σάρκα,
1262 458 1624 529 φαμέν.“Εδει
1661 457 1770 530 γὰρ
1803 457 1970 529 αὐτὴν

2086 454 2263 510 nicbat
2295 456 2442 510 enim
2480 465 2538 512 ut
2567 458 2662 529 qui
2695 464 2949 514 naturam
2998 460 3174 531 ipsam
3207 459 3449 520 hominis
3491 478 3658 522 reno-

363 555 467 627 τὴν
516 551 812 625 ἀνθρώπου
862 549 1026 620 φύσιν
1076 549 1665 620 άνακεφαλαιούμενον,
1717 550 1811 604 καί
1843 550 1971 621 ὃλην

360 641 823 708 ἁνασκευάζοντα
863 641 1001 713 πρὸς
1032 641 1092 694 τὸ
1137 641 1382 713 ἄμεινον,
1414 641 1488 713 μὴ
1530 642 1691 712 μόνον
1723 643 1835 706 τοῖς
1870 642 1969 714 ἤδη

363 735 509 809 πρὸς
538 735 601 788 τὸ
628 734 869 804 ὑπάρξαι
892 733 1251 805 κεκλημένοις
1281 734 1557 806 διανέμειν
1577 734 1677 806 τὴν
1700 733 1969 802 εὐλογίαν,

361 828 507 883 ἀλλὰ
534 828 631 881 καὶ
661 818 777 891 τοῖς
809 827 934 880 ὅσον
971 827 1183 880 οὐδέπω
1219 825 1638 898 τεχθησομένοις
1673 842 1972 897 προευτρε-

362 920 555 986 πεζειν
585 920 687 991 τὴν
713 919 898 993 χάριν,
949 919 1044 973 καὶ
1094 918 1256 988 ἁγίαν
1286 917 1465 972 αὐτῶν
1495 917 1839 988 καταστῆσαι
1878 916 1975 989 τὴν

361 1014 451 1078 είς
478 1012 545 1067 τὸ
576 1006 719 1068 εἶναι
754 1012 1012 1085 πάροδον.
1062 1012 1172 1065 Καὶ
1222 1010 1414 1082 τρίτην
1465 1010 1558 1064 ἐπὶ
1598 1008 1773 1079 τούτῳ
1817 1010 1974 1080 δέχου

362 1105 470 1175 τὴν
501 1103 828 1173 ἀπολογίαν.
862 1102 1065 1175 Εἴρητό
1098 1121 1200 1156 που
1233 1103 1367 1175 πρὸς
1415 1102 1514 1173 τὴν
1543 1103 1779 1171 γυναῖκα
1823 1101 1977 1172 παρὰ

362 1197 509 1251 Θεοῦ
530 1214 546 1227 ·
588 1215 609 1247 ι
658 1196 748 1249 Ἐν
776 1195 977 1260 λύπαις
1007 1195 1137 1267 τέξῃ
1166 1196 1362 1249 τέκνα·
1403 1215 1421 1248 ι
1454 1193 1573 1259 πῶς
1606 1190 1699 1248 οὖν
1743 1194 1851 1247 ἔδει
1882 1192 1979 1247 καὶ

363 1285 581 1356 ταύτην
610 1285 760 1356 ἡμᾶς
792 1282 1241 1356 ἀποκρούσασθαι
1292 1284 1392 1356 τὴν
1440 1284 1623 1355 ἀρὰν,
1662 1282 1695 1354 ἢ
1748 1280 1862 1346 πῶς
1911 1280 1977 1336 ἂν

365 1377 581 1448 ἑτέρως
647 1375 936 1446 διαφυγεῖν
1009 1376 1538 1446 καταδεδικασμένον
1601 1376 1694 1429 τὸν
1760 1373 1975 1446 γάμον;

368 1470 580 1522 ’Ἑλυσε
627 1468 720 1521 καὶ
769 1468 927 1521 τοῦτο
976 1467 1358 1541 φιλάνθρωπος
1390 1467 1465 1522 ὣν
1499 1470 1526 1522 ὁ
1558 1469 1775 1538 Σωτήρ.
1819 1467 1974 1520 Τετί-

368 1578 525 1632 μηκε
559 1563 625 1632 τῇ
656 1560 933 1634 παρουσίᾳ
957 1562 1049 1614 τὸν
1074 1560 1279 1632 γάμον,
1307 1564 1340 1632 ἡ
1372 1561 1590 1615 πάντων
1620 1559 1856 1631 εὐθυμία
1884 1559 1980 1613 καὶ

365 1657 544 1726 χαρά,
601 1655 691 1708 ἵνα
751 1654 855 1722 τῆς
900 1652 1252 1721 τεκνογονίας
1308 1652 1408 1724 τὴν
1459 1651 1694 1722 ἀρχαίαν
1749 1649 1978 1722 ἐξελάσῃ

363 1748 717 1817 κατήφειαν·
751 1764 770 1797 ι
802 1744 870 1798 Et
898 1762 983 1807 τις
1014 1745 1123 1816 γάρ
1156 1745 1214 1797 ἐν
1249 1741 1491 1816 Χριστῷ,
1522 1743 1682 1814 καινὴ
1715 1742 1911 1805 κτίσις.
1953 1758 1973 1792 ι

2078 556 2309 625 vaturus
2345 560 2410 600 ac
2439 554 2609 603 totam
2647 549 2701 603 in
2736 550 3018 606 meliorem
3055 558 3264 607 statum
3297 560 3663 613 revocaturus

2076 646 2217 702 erat,
2252 653 2360 695 non
2385 639 2563 695 solum
2612 640 2678 697 iis
2704 642 2798 712 qui
2846 643 2961 713 jam
2990 644 3046 699 in
3074 651 3260 701 ortum
3299 646 3478 700 vocali
3506 653 3666 702 erant

2075 728 2519 786 benedictionem
2555 733 2949 803 impertiretur,
2984 735 3080 792 sed
3115 748 3172 792 et
3207 737 3277 794 iis
3316 753 3535 809 quoque
3568 743 3665 810 qui

2077 832 2267 892 postea
2308 825 2580 879 nascituri
2636 838 2823 881 essent
2879 828 3113 897 gratiam
3178 838 3568 900 praestruerct,
3609 839 3666 887 et

2077 929 2271 969 eorum
2305 923 2492 969 ortum
2527 924 2781 971 sanctum
2814 917 3073 973 elliecret.
3106 916 3277 976 Porro
3313 922 3530 976 tertiam
3565 922 3666 978 tibi

2078 1006 2223 1061 hanc
2268 1007 2468 1062 habeto
2510 1008 2809 1064 rationem.
2848 1007 3064 1064 Dictum
3100 1020 3185 1067 est
3207 1014 3409 1069 alicubi
3445 1014 3510 1069 ad
3543 1032 3667 1072 mu-

2078 1096 2267 1152 liercm
2304 1112 2332 1150 a
2374 1097 2525 1153 Deo:
2564 1096 2629 1152 In
2670 1099 2853 1153 dolore
2896 1101 3073 1169 paries
3110 1101 3340 1170 ﬁlios“.
3379 1103 3667 1170 Quomodo

2077 1188 2246 1260 igitur
2266 1188 2409 1242 hanc
2434 1203 2464 1242 a
2487 1189 2648 1244 nobis
2665 1190 3104 1246 exsecrationem
3130 1190 3332 1260 depelli
3355 1193 3665 1261 oportebat,

2078 1288 2176 1336 aut
2234 1296 2474 1353 quanam
2540 1281 2646 1337 alia
2716 1284 2932 1336 ratione
2990 1282 3389 1338 condemnatas
3448 1285 3672 1356 nuptias

2084 1376 2254 1431 vitare
2284 1375 2518 1430 licebat?
2549 1374 2698 1429 Istud
2745 1375 2912 1430 etiam
2948 1377 3117 1431 solvit
3155 1376 3443 1442 Servator,
3489 1377 3672 1433 homi—

2081 1480 2212 1521 num
2247 1466 2683 1523 amantissimus.
2745 1465 3044 1521 Praesentia
3095 1482 3195 1522 sua
3236 1468 3457 1539 nuptias
3504 1468 3675 1523 coho-

2080 1557 2462 1628 nestavil,ipse
2494 1558 2754 1629 gaudium
2790 1563 2844 1612 et
2885 1558 3075 1612 laetitia
3111 1574 3237 1613 cum
3270 1560 3343 1614 sit
3377 1559 3672 1615 universo-

2079 1661 2226 1711 rum,
2255 1654 2314 1699 ut
2351 1655 2590 1701 veterem
2615 1654 2811 1716 partus
2847 1646 3132 1702 tristitiam
3165 1646 3466 1718 depelleret
3502 1667 3515 1704 :
3551 1666 3572 1701 ι
3612 1647 3674 1703 Si

2081 1738 2198 1808 quis
2226 1738 2364 1792 enim
2390 1738 2444 1790 in
2472 1736 2705 1801 Christo,
2739 1752 2872 1792 nova
2897 1747 3148 1793 creatura
3195 1748 3295 1794 est.
3338 1759 3358 1792 ι
3396 1737 3489 1805 Et,
3515 1758 3534 1792 ι
3572 1738 3675 1796 Ve-

363 1841 507 1904 Καὶ,
540 1859 563 1891 ι
605 1839 690 1892 Τὰ
737 1839 945 1912 ἀρχαῖα
994 1836 1293 1908 παρῆλθεν,
1329 1856 1346 1888 ι
1381 1835 1457 1900 ὼς
1501 1837 1529 1889 ὁ
1561 1834 1775 1897 Παῦλός
1822 1851 1977 1905 φησι,

2088 1836 2204 1885 tera
2225 1829 2593 1892 transierunt,
2628 1847 2647 1881 ι
2686 1838 2745 1883 ιιι
2770 1829 2978 1885 Paulus
3008 1830 3210 1900 inquit,
3242 1848 3263 1882 ι
3294 1838 3348 1886 et
3376 1830 3521 1886 facta
3541 1840 3673 1888 sunt

371 1953 391 1985 ι
428 1932 628 2001 γέγονε
684 1932 743 1986 δέ
789 1931 973 1986 καινά.
1020 1950 1039 1983 ι
1082 1931 1343 2003 Ἔρχεται
1372 1928 1662 2001 τοιγαροῦν
1693 1929 1828 2000 ὁμοῦ
1871 1930 1985 1992 τοῖς

369 2024 596 2088 οἰκείοις
628 2022 905 2097 μαθηταῖς
957 2024 1037 2088 εἰς
1084 2023 1176 2076 τὸν
1205 2022 1416 2093 γάμον
1451 2022 1559 2075 ἔδει
1598 2022 1706 2092 γὰρ
1730 2021 1984 2093 παρεῖναι

374 2113 458 2185 τῷ
480 2111 889 2184 Θαυματουργῷ
918 2113 1043 2176 τοὺς
1071 2110 1181 2165 τῶν
1220 2110 1536 2183 παραδόξων
1566 2109 1981 2181 φιλοθεάμονάς,

369 2205 584 2276 τροφήν
617 2221 746 2258 τινα
776 2202 968 2273 ὥσπερ
1006 2205 1074 2275 τῇ
1110 2204 1167 2257 ἐν
1199 2204 1383 2265 αὐτοῖς
1426 2202 1605 2256 πίστει
1635 2200 1987 2268 συλλέξοντας

366 2291 431 2344 τὸ
489 2290 847 2363 τελούμενον.
899 2291 1125 2360 Ἐπειδὴ
1182 2290 1239 2345 δέ
1296 2286 1439 2355 οἶνος
1494 2291 1803 2345 ἐπιλέλοιπε
1859 2294 1986 2357 τοὺς

364 2385 770 2457 ἑστιωμένους,
800 2386 895 2439 ἐπὶ
940 2385 1041 2457 τὴν
1074 2385 1281 2458 συνήθη
1336 2385 1748 2457 φιλανθρωπίαν
1782 2388 1986 2457 ἀγαθὸν

363 2479 503 2532 ὄντα
548 2478 643 2533 τὸν
688 2478 897 2550 Κύριον
923 2482 956 2550 ἠ
986 2481 1170 2551 μήτηρ
1221 2480 1447 2535 ἐκάλεσε
1486 2480 1739 2550 λέγουσαο
1780 2500 1798 2533 ι
1833 2478 1986 2537 Οἶνον

298 2612 305 2616 .
362 2567 474 2619 οὐκ
508 2566 765 2636 ἔχουσιν·
812 2586 830 2619 ι
861 2567 937 2631 ὡς
977 2569 1087 2639 γάρ
1114 2568 1233 2623 ἐνὸν
1271 2569 1358 2622 ἐπ’
1382 2570 1651 2635 ἐξουσίαις
1687 2572 1836 2645 αὐτῷ
1878 2573 1987 2627 πᾶν

364 2657 513 2728 ὅπερ
543 2656 614 2711 ἂν
645 2657 892 2727 βούλοιτο
921 2659 1117 2723 ποιεῖν,
1160 2660 1242 2723 είς
1274 2658 1334 2712 τὸ
1372 2658 1559 2730 θαῦμα
1592 2662 1912 2732 προτρέπει.

448 2751 514 2805 Τί
536 2749 675 2820 ἐμοὶ
719 2750 819 2804 καὶ
858 2749 1221 2820 σοὶ,γύναι;
1249 2751 1414 2805 οὔπω
1457 2750 1587 2821 ἣκει
1628 2753 1667 2821 ἡ
1704 2750 1825 2821 ὥρα
1846 2770 1984 2824 μου.

451 2926 692 2999 Ἀριστα
720 2926 816 2980 καὶ
838 2925 1030 2980 τοῦτον
1071 2926 1206 2997 ἡμῖν
1234 2925 1326 2978 τὸν
1354 2925 1513 2994 λόγον
1542 2926 1570 2979 ὁ
1600 2926 1792 2997 Σωτὴρ
1821 2926 1986 2997 ἐσχη-

370 3019 664 3089 ματίζετο.
716 3019 792 3073 Οὐ
840 3017 951 3089 γάρ
987 3017 1096 3071 ἔδει
1151 3018 1413 3091 δρομαῖον
1464 3017 1559 3073 ἐπὶ
1601 3019 1661 3072 τὸ
1704 3020 1985 3090 πράττειν,

364 3110 576 3179 ἐλθεῖν,
608 3111 734 3165 οὐδὲ
755 3110 1054 3181 αὐτόμολον
1077 3110 1268 3182 ὥσπερ
1291 3110 1520 3183 ὁρᾶσθαι
1547 3111 1983 3183 θαυματουργὺν,

365 3203 719 3275 κεκλημένον
746 3202 804 3257 δέ
832 3201 988 3274 μόλις
1019 3202 1112 3256 ἐπὶ
1148 3201 1307 3257 τοῦτο
1335 3201 1593 3273 βαδίζειν,
1625 3204 1719 3256 καὶ
1742 3204 1808 3274 τῇ
1826 3202 1988 3274 χρείᾳ⁵

367 3295 609 3365 μᾶλλον,
625 3294 774 3365 ἥπερ
805 3295 921 3358 τοῖς
948 3292 1150 3364 ὁρῶσιν
1183 3292 1462 3347 ἐπιδοῦναι
1495 3292 1593 3365 τὴν
1623 3294 1804 3367 χάριν.
1829 3294 1991 3349 Δοκεῖ

365 3386 429 3441 δέ
458 3405 584 3452 πως
622 3384 766 3443 εἶναι
798 3390 893 3442 καὶ
941 3388 1277 3461 χαριεστέρα
1305 3388 1415 3442 τῶν
1450 3386 1803 3459 ποθουμένων
1840 3390 1874 3460 ἡ
1896 3388 1988 3443 ἕκ-

367 3476 561 3542 6ασις,
596 3477 699 3530 οὒκ
734 3478 800 3531 ἐκ
839 3478 934 3531 τοῦ
981 3478 1274 3550 προχείρου
1326 3480 1439 3543 τοῖς
1469 3478 1680 3532 αίτοῠσι
1718 3495 1987 3552 χορηγου-

369 3569 541 3641 μένη,
571 3568 663 3622 διὰ
691 3569 749 3622 δέ
798 3571 1003 3641 μικρᾶς
1040 3569 1388 3641 ὑπερθέσεως
1429 3572 1510 3634 είς
1564 3571 1758 3626 ἐλπίδα
1801 3572 1985 3627 καλλί-

368 3676 512 3730 στην
534 3659 920 3732 ἀνωθουμένηο
962 3660 1140 3723 ἄλλως
1173 3678 1234 3715 τε
1265 3662 1361 3715 καὶ
1400 3661 1487 3715 διὰ
1523 3663 1714 3717 τούτου
1743 3665 1844 3737 τὴν
1873 3666 1986 3730 τοῖς

362 3749 601 3805 τεκοῦσι
648 3751 1108 3823 χρεωστουμένην
1151 3752 1317 3823 τιμὴν
1343 3752 1784 3825 ἀξιολογωτάτην
1809 3756 1987 3827 ὑπάρο

362 3858 582 3913 χουσαν
614 3839 947 3895 ἐπιδεικνύει
979 3841 1238 3911 Χριστὸς.
1260 3843 1398 3913 ὅπερ
1421 3841 1483 3896 οὐ
1510 3842 1771 3914 πράττειν
1794 3844 1986 3916 ἢθελεν

362 3933 519 3987 αἰδοῖ
545 3935 614 4004 τῇ
652 3932 789 4004 περὶ
831 3932 1050 4005 μητέρα
1080 3934 1534 4004 καταδεχόμενος.

441 4025 625 4095 Λέγει
652 4025 692 4095 ἠ
722 4024 923 4095 μήτηρ
962 4026 1150 4081 αὑτοῦ
1177 4026 1303 4092 τοῖς
1334 4025 1635 4094 διακόνοις
1657 4043 1671 4059 ⁸
1700 4028 1831 4082 Ὀτι
1879 4029 1988 4085 ἐὰν

362 4115 526 4186 λέγῃ
568 4115 734 4186 ὑμῖν,
760 4116 1077 4187 ποιήσατε.
1098 4110 1306 4171 ’Ἦσαν
1326 4116 1397 4170 δὲ
1442 4116 1575 4171 ἐκεῖ
1609 4117 1807 4188 ὑδρίαι
1836 4119 1989 4175 λίθι-

364 4222 474 4260 ναι
521 4204 595 4271 ἐξ
639 4205 911 4276 κείμεναι
962 4208 1117 4260 κατὰ
1150 4205 1259 4261 τὸν
1286 4210 1663 4280 καθαρισμὸν
1682 4208 1804 4263 τῶν
1840 4211 1987 4265 Ἰου·

366 4298 566 4353 δαίων
594 4296 903 4367 χωροῦσαι
938 4297 1057 4353 ἀνὰ
1093 4299 1393 4370 μετρητὰς
1431 4300 1542 4357 δύο
1585 4303 1623 4371 ἢ
1668 4301 1845 4370 τρεῖς.

443 4390 665 4463 Πολλῆν
686 4390 887 4462 ἔχουσα
915 4390 1014 4463 τὴν
1042 4391 1215 4463 ῥοπὴν
1242 4394 1323 4456 είς
1347 4393 1407 4447 τὸ
1429 4394 1682 4462 γενέσθαι
1713 4395 1772 4448 τὸ
1802 4393 1986 4467 θαῦμα

2087 1935 2230 1977 nova
2251 1920 2318 1974 το.
2359 1939 2378 1973 ι
2417 1920 2576 1976 Venit
2612 1922 2798 1993 itaque
2831 1937 2941 1977 una
2967 1937 3091 1977 cum
3134 1922 3251 1978 suis
3279 1922 3567 1993 discipulis
3601 1924 3671 1980 ad

2089 2015 2334 2084 nuptias.
2402 2012 2641 2069 Decebat
2701 2015 2937 2084 quippe,
2991 2022 3050 2069 ut
3108 2015 3377 2071 miracula
3429 2016 3675 2086 patranti

2089 2106 2348 2163 adessent
2386 2106 2480 2177 qui
2505 2122 2687 2163 rerum
2722 2108 3060 2163 mirabilium
3098 2108 3287 2165 studio
3315 2109 3673 2175 tenebantur.

2090 2199 2141 2254 id
2194 2199 2339 2270 quod
2388 2201 2719 2269 patrandum
2770 2208 2897 2256 erat
2944 2202 3105 2272 quasi
3157 2201 3449 2273 quemdam
3488 2202 3675 2257 cibum

2090 2291 2213 2346 ﬁdei
2248 2306 2362 2346 sua:
2392 2292 2702 2348 collecturi.
2737 2292 3012 2348 Caeterum
3061 2293 3192 2347 vino
3239 2292 3503 2349 convivas
3537 2292 3674 2349 delio

2089 2381 2290 2443 ciente,
2328 2392 2504 2437 mater
2537 2397 2662 2437 eum
2710 2390 2871 2455 rogat
2914 2394 2975 2438 ut
3015 2384 3177 2439 solita
3212 2400 3314 2440 sua
3346 2384 3593 2440 bonitate
3622 2391 3679 2440 et

2087 2471 2431 2543 benignitate
2455 2474 2531 2528 uti
2554 2475 2706 2540 velit,
2732 2474 2925 2531 dicens
2954 2493 2969 2528 :
2996 2495 3014 2526 ‹
3040 2474 3242 2531 Vinum
3264 2491 3377 2533 non
3396 2476 3620 2532 habent.
3651 2496 3673 2530 ι

2086 2561 2227 2617 Nam
2260 2563 2421 2634 quasi
2453 2564 2505 2617 in
2543 2564 2664 2633 ejus
2699 2573 2972 2636 potestate
3004 2566 3076 2620 sit
3109 2573 3309 2621 cuncta
3342 2562 3529 2635 facere,
3554 2579 3679 2636 quae

2087 2654 2240 2719 velit,
2273 2653 2341 2708 ad
2370 2655 2698 2710 miraculum
2725 2672 2851 2711 eum
2883 2656 3172 2711 hortatur;

2161 2743 2236 2811 ll,
2266 2747 2320 2800 4.
2362 2746 2505 2813 Quid
2542 2747 2671 2801 mihi
2691 2755 2740 2802 et
2774 2747 2869 2801 tibi
2890 2757 2993 2814 est,
3021 2747 3209 2802 mulier
3228 2749 3254 2803 ἵ
3284 2745 3515 2801 nondum
3541 2747 3680 2801 vertit

2089 2839 2221 2892 hora
2256 2855 2390 2896 mea.

2162 2930 2317 2987 Hunc
2358 2917 2953 3002 scrmonem‘praeelare
2977 2946 3197 3002 quoque
3234 2930 3502 2985 Servator
3531 2929 3680 2984 emn-

2090 3023 2191 3077 xit.
2230 3020 2343 3076 Nec
2386 3023 2533 3076 enim
2578 3020 2648 3073 ad
2684 3019 2953 3090 patranda
3001 3019 3268 3075 miracula
3317 3033 3543 3074 currere
3581 3026 3679 3072 aut

2090 3115 2239 3168 ultro
2267 3111 2471 3167 inferre
2505 3128 2565 3167 se
2598 3128 2707 3167 non
2737 3112 2985 3181 oportuit
3006 3152 3020 3175 ,
3052 3112 3149 3168 sed
3186 3119 3438 3181 rogatum
3474 3125 3541 3165 eo
3582 3125 3678 3165 ve-

2091 3209 2251 3274 nire,
2296 3213 2349 3261 et
2394 3204 2621 3260 utilitati
2665 3205 2840 3277 magis
2888 3219 3054 3275 quam
3092 3210 3463 3274 spectatorum
3501 3200 3683 3258 oculis

2090 3299 2235 3353 hanc
2287 3297 2557 3368 impertiri
2604 3297 2861 3367 gratiam.
2901 3295 3158 3351 Gratiora
3199 3308 3333 3349 vero
3377 3300 3508 3350 sunt
3555 3308 3681 3363 quas

2089 3360 2385 3459 optantur;
2407 3360 2462 3446 si
2489 3360 2749 3444 nonvcito
2780 3388 3096 3459 petentibus
3124 3402 3189 3443 ea
3223 3384 3546 3449 tradantur,
3573 3360 3681 3438 sed

2090 3480 2431 3551 aliquantula
2454 3495 2607 3535 mora
2635 3481 2687 3534 in
2713 3479 3148 3550 pulcherrimam
3174 3493 3328 3549 spem
3352 3476 3680 3534 oll'erantur.

2088 3571 2383 3639 Praeterea,
2414 3573 2713 3627 maximum
2738 3587 2859 3628 esse
2888 3572 3041 3627 illum
3069 3571 3337 3627 honorem
3361 3569 3455 3641 qui
3482 3582 3683 3640 paren-

2091 3668 2238 3725 tibus
2281 3669 2534 3738 debetur,
2570 3666 2832 3725 Christus
2880 3666 3167 3735 ostendit,
3210 3667 3337 3722 dum
3370 3663 3682 3720 reverentia

2089 3762 2288 3818 matris
2342 3760 2395 3816 id
2448 3758 2760 3815 faciendum
2823 3759 3101 3829 suscipit,
3151 3757 3301 3829 quod
3352 3754 3534 3813 facere
3579 3769 3682 3810 no-

2089 3850 2256 3908 lebat.

2161 4026 2202 4082 ll
2225 4072 2239 4095 ,
2281 4028 2399 4084 5-3.
2434 4029 2575 4084 Dicit
2614 4039 2786 4083 mater
2819 4028 2934 4097 ejus
2977 4025 3286 4081 ministris:
3322 4024 3689 4097 Quodcunque

2089 4121 2284 4177 dixerit
2314 4121 2476 4186 vobis,
2502 4121 2684 4191 facite.
2715 4119 2889 4173 Erant
2913 4127 3090 4172 autem
3122 4117 3195 4171 ibi
3226 4115 3683 4193 Iapidew‘liydria!

2089 4229 2182 4270 sea:
2197 4215 2387 4284 posita:
2413 4212 2701 4267 secundum
2722 4211 3148 4283 purificationem
3173 4208 3687 4281 Judteorum,136

2089 4308 2354 4375 capientes
2390 4305 2613 4375 singula:
2640 4312 2892 4358 metretas
2929 4302 3079 4357 binas
3113 4303 3193 4357 vel
3222 4311 3425 4357 ternas.

2160 4397 2414 4469 Magnam
2445 4396 2655 4451 habens
2687 4394 3075 4451 auctoritatem
3112 4393 3180 4449 ad
3211 4391 3538 4448 miraculum
3579 4390 3682 4446 elfi-

367 4484 669 4555 νενίκηκεν
705 4485 738 4555 ἡ
788 4484 928 4555 γυνὴ
962 4482 1226 4538 πείθουσα
1257 4484 1348 4539 διὰ
1390 4486 1453 4539 τὸ
1497 4488 1706 4558 πρέπον
1748 4487 1825 4553 ὡς
1871 4488 1981 4544 υίὸν

2091 4490 2345 4546 ciendum
2374 4491 2571 4545 mulier
2594 4488 2886 4544 Dominum
2913 4487 3081 4542 ﬁlium
3107 4503 3293 4548 suum,
3324 4493 3384 4540 ut
3414 4500 3514 4555 par
3540 4493 3680 4546 erat.

366 4575 465 4629 τὸν
497 4574 731 4645 Κύριον.
775 4576 1039 4647 Ἀρχεται
1080 4575 1137 4630 δὲ
1183 4577 1279 4630 τοῦ
1312 4578 1639 4651 πράγματος
1678 4579 1814 4652 αὕτη
1851 4582 1987 4653 πρὸς

371 4665 689 4738 ὑπουργίαν
733 4667 835 4739 ἥδη
886 4667 997 4721 τῶν
1026 4667 1283 4738 γενέσθαι
1327 4670 1813 4743 προσταττομένων
1861 4673 1989 4737 τοὺς

370 4760 477 4827 τῆς
512 4757 882 4829 πανηγύρεως
920 4758 1207 4829 ὑπηρέτας
1246 4761 1664 4834 εὐτρεπίζουσα.

446 4848 631 4918 Λέγει
665 4848 876 4915 αὐτοῖς
902 4852 935 4903 ό
979 4848 1221 4918 Ἰησοῦς
1246 4864 1259 4879 ·
1292 4852 1594 4921 Γεμίσατε
1631 4853 1738 4919 τὰς
1780 4854 1990 4923 ὑδρίας

372 4942 628 5007 ὕδατος.
659 4940 768 4996 Καὶ
802 4942 1094 5012 ἐγέμισαν
1125 4941 1234 5008 ἕως
1263 4940 1405 4999 ἄνω.
1427 4945 1537 4999 Καὶ
1571 4945 1732 5016 λέγει
1761 4947 1986 5014 αὐτοῖς*

385 5032 773 5101 Ἀντλήσατε
799 5034 936 5100 νῦν,
961 5034 1059 5087 καὶ
1083 5032 1294 5103 φέρετε
1312 5032 1394 5099 τῷ
1415 5035 1856 5106 ἀρχιτρικλίνῳ·
1887 5040 1988 5093 καὶ

372 5126 673 5196 ἤνεγκαν.
722 5126 821 5193 Ὣς
877 5126 946 5179 δὲ
1003 5127 1297 5196 ἐγεύσατο
1330 5130 1364 5181 ό
1413 5128 1859 5200 ἀρχιτρίκλινος
1922 5134 1987 5188 τὸ

376 5219 543 5287 ὕδωρ
602 5212 774 5272 οῒνον
832 5217 1252 5290 γεγενημένον,
1295 5220 1393 5275 καὶ
1451 5224 1563 5276 οὐκ
1619 5223 1750 5294 ᾔδει
1802 5226 1988 5280 πόθεν

374 5308 560 5364 ἐστίν
583 5327 597 5340 ·
627 5313 684 5365 οἱ
713 5308 782 5363 δὲ
823 5309 1094 5365 διάκονοι
1136 5311 1396 5381 ᾔδεισαν
1423 5315 1477 5367 oi
1514 5313 1884 5384 ἠντληκότες
1918 5315 1987 5372 τὸ

376 5403 545 5471 ὕδωρ
565 5420 580 5436 ο
623 5401 815 5472 φωνεῖ
844 5403 954 5457 τὸν
996 5404 1264 5473 νυμφίον
1312 5407 1346 5457 ὁ
1376 5405 1819 5475 ἀρχιτρίκλινος
1843 5448 1857 5473 ,
1886 5407 1987 5462 καὶ

374 5495 551 5567 λέγει
579 5493 743 5561 αὐτῷ
774 5509 797 5526 ’⁷
838 5494 968 5561 Πᾶς
1007 5494 1317 5565 ἄνθρωπος
1366 5496 1606 5565 πρῶτον
1646 5499 1754 5553 τὸν
1797 5500 1991 5556 καλὸν

374 5583 562 5645 οἶνον
592 5588 811 5654 τίθησι,
834 5586 933 5641 καὶ
962 5585 1110 5641 ὅταν
1132 5584 1496 5657 μεθυσθῶσι,
1525 5590 1659 5644 τότε
1689 5589 1796 5645 τὸν
1810 5592 1997 5647 ἐλάσ-

377 5695 475 5737 σω
538 5679 628 5733 Σὺ
662 5677 998 5747 τετήρηκας
1032 5678 1141 5733 τὸν
1169 5677 1363 5733 καλὸν
1394 5672 1565 5734 οἶνον
1587 5681 1700 5749 ἕως
1727 5681 1879 5752 ἄρτι.

462 5797 512 5828 ⁶⁰
548 5794 692 5852 Gen.
728 5810 812 5863 ιιι,
845 5795 934 5850 16.
1022 5791 1071 5826 ⁷⁸
1102 5790 1149 5847 ιι
1183 5793 1314 5849 Cor.
1353 5808 1408 5857 v,
1440 5789 1529 5846 17.

2092 4583 2388 4653 persuasit.
2427 4581 2561 4637 Ilaec
2590 4589 2775 4637 autem
2804 4596 2918 4637 rem
2943 4579 3281 4651 aggreditur,
3314 4577 3443 4631 dum
3475 4577 3687 4648 nuptia-

2089 4689 2213 4729 rum
2248 4675 2537 4731 ministros
2565 4681 2765 4745 praesto
2803 4688 2925 4729 esse
2951 4671 3129 4741 jubet,
3160 4657 3689 4740 eaque-ministrare

2092 4781 2216 4837 quae
2249 4764 2518 4820 Dominus
2556 4779 2680 4819 mox
2717 4764 3089 4830 imperaturus
3123 4766 3293 4814 esset.

2171 4855 2213 4911 ll
2235 4897 2248 4921 ,
2300 4854 2456 4909 7-10.
2503 4854 2644 4907 Dicit
2680 4852 2755 4907 eis
2788 4850 2988 4905 Jesus:
3031 4847 3250 4915 [inplete
3279 4846 3498 4918 hydrias
3522 4861 3684 4916 aqua.

2098 4946 2167 5003 Et
2200 4948 2545 5016 impleverunt
2581 4961 2672 4998 eas
2703 4958 2868 5012 usque
2901 4941 2970 4994 a’d
3000 4957 3288 4995 summum.
3331 4937 3400 4992 Et
3437 4936 3568 4992 dicit
3597 4936 3684 5008 jeis

2091 5039 2250 5096 Jesus
2275 5056 2292 5093 :
2330 5038 2560 5093 Haurite
2586 5053 2754 5103 nunc,
2786 5044 2834 5090 et
2860 5035 2990 5105 ferte
3019 5032 3384 5087 architriclino
3409 5047 3427 5086 :
3464 5039 3513 5085 et
3538 5018 3684 5085 tule-

2091 5143 2237 5188 runt.
2277 5131 2345 5187 Ut
2375 5139 2551 5186 autem
2582 5130 2814 5202 gustarit
2845 5127 3241 5183 architriclinus
3274 5141 3468 5196 aquam
3508 5124 3686 5180 uinum

2091 5228 2295 5299 factam
2319 5266 2333 5291 ,
2370 5234 2420 5280 et
2460 5240 2563 5279 non
2604 5222 2801 5279 sciebat
2845 5221 2983 5276 unde
3020 5228 3196 5285 esset;
3236 5218 3469 5273 ministri
3511 5226 3687 5270 autem

2089 5318 2324 5374 sciebant
2355 5317 2444 5388 qui
2469 5316 2757 5370 hauserant
2784 5330 2977 5382 aquam
3002 5328 3022 5366 :
3052 5318 3204 5366 vocat
3233 5323 3479 5377 sponsum
3511 5305 3689 5358 archi-

2094 5410 2341 5466 triclinus
2363 5450 2378 5473 ,
2424 5417 2473 5465 et
2509 5408 2641 5462 dicit
2681 5408 2730 5462 ei
2763 5424 2780 5461 :
2831 5403 3019 5461 Omnis
3051 5390 3207 5456 hoino
3233 5404 3466 5469 primum
3495 5396 3687 5449 bonum

2099 5504 2276 5560 vinum
2305 5505 2496 5574 ponit:
2530 5512 2581 5557 et
2615 5518 2733 5556 cum
2770 5496 3019 5553 inebriati
3042 5494 3268 5565 fuerint,
3306 5501 3431 5542 tunc
3463 5486 3518 5540 id
3544 5483 3686 5555 quod

2100 5595 2332 5651 deterius
2363 5603 2481 5651 est:
2526 5602 2582 5649 tu
2627 5601 2805 5648 autem
2835 5587 3059 5646 servasti
3097 5587 3288 5639 bonum
3318 5580 3496 5634 vinum
3525 5589 3695 5649 usque

2102 5687 2291 5745 adhuc.
