  <div class='ocr_page' id='page_1' title='image "/cluster/home/n/w/nwhite01/storage/ocr_20150623/73:no.6/coo.31924054869692/121.png"; bbox 0 0 4106 6496; ppageno 0'>
   <div class='ocr_carea' id='block_1_1' title="bbox 528 293 636 350">
    <p class='ocr_par' dir='ltr' id='par_1_1' title="bbox 528 293 636 350">
     <span class='ocr_line' id='line_1_1' title="bbox 528 293 636 350; baseline -0.056 0"><span class='ocrx_word' id='word_1_1' title='bbox 528 293 636 350; x_wconf 72' lang='lat'><strong>2&#39;27</strong></span> 
     </span>
    </p>
   </div>
   <div class='ocr_carea' id='block_1_2' title="bbox 1515 285 2768 356">
    <p class='ocr_par' dir='ltr' id='par_1_2' title="bbox 1515 285 2768 356">
     <span class='ocr_line' id='line_1_2' title="bbox 1515 285 2768 356; baseline -0.011 -2"><span class='ocrx_word' id='word_1_2' title='bbox 1515 300 1572 354; x_wconf 91' lang='lat' dir='ltr'><strong>S.</strong></span> <span class='ocrx_word' id='word_1_3' title='bbox 1614 296 1891 356; x_wconf 71' lang='lat' dir='ltr'><strong>CYRIIJJ</strong></span> <span class='ocrx_word' id='word_1_4' title='bbox 1935 287 2408 349; x_wconf 76' lang='lat' dir='ltr'><strong>ALEXANDRINI</strong></span> <span class='ocrx_word' id='word_1_5' title='bbox 2446 285 2768 345; x_wconf 77' lang='lat' dir='ltr'><strong>ARCHiEP.</strong></span> 
     </span>
    </p>
   </div>
   <div class='ocr_carea' id='block_1_3' title="bbox 3671 279 3780 336">
    <p class='ocr_par' dir='ltr' id='par_1_3' title="bbox 3671 279 3780 336">
     <span class='ocr_line' id='line_1_3' title="bbox 3671 279 3780 336; baseline -0.018 0"><span class='ocrx_word' id='word_1_6' title='bbox 3671 279 3780 336; x_wconf 76' lang='lat'><strong>9.9.8</strong></span> 
     </span>
    </p>
   </div>
   <div class='ocr_carea' id='block_1_4' title="bbox 593 393 2100 480">
    <p class='ocr_par' dir='ltr' id='par_1_4' title="bbox 593 409 2096 480">
     <span class='ocr_line' id='line_1_4' title="bbox 593 409 2096 480; baseline -0.003 -14"><span class='ocrx_word' id='word_1_7' title='bbox 593 409 757 466; x_wconf 86' lang='lat' dir='ltr'><strong>Jussa</strong></span> <span class='ocrx_word' id='word_1_8' title='bbox 789 409 1010 480; x_wconf 78' lang='lat' dir='ltr'><strong>quidem</strong></span> <span class='ocrx_word' id='word_1_9' title='bbox 1045 410 1282 467; x_wconf 75' lang='lat' dir='ltr'><strong>ministri</strong></span> <span class='ocrx_word' id='word_1_10' title='bbox 1327 409 1539 466; x_wconf 77' lang='lat' dir='ltr'><strong>faciunt</strong></span> <span class='ocrx_word' id='word_1_11' title='bbox 1577 429 1590 465; x_wconf 92' lang='lat'><strong>:</strong></span> <span class='ocrx_word' id='word_1_12' title='bbox 1645 409 1906 467; x_wconf 72' lang='lat' dir='ltr'><strong>ineﬂabili</strong></span> <span class='ocrx_word' id='word_1_13' title='bbox 1963 421 2096 462; x_wconf 87' lang='lat' dir='ltr'><strong>vero</strong></span> 
     </span>
    </p>
   </div>
   <div class='ocr_carea' id='block_1_5' title="bbox 2200 393 3778 480">
    <p class='ocr_par' dir='ltr' id='par_1_5' title="bbox 2269 393 3778 473">
     <span class='ocr_line' id='line_1_5' title="bbox 2269 393 3778 473; baseline -0.005 -17"><span class='ocrx_word' id='word_1_14' title='bbox 2269 401 2547 473; x_wconf 81' lang='grc' dir='ltr'>Πληροῦσι</span> <span class='ocrx_word' id='word_1_15' title='bbox 2608 401 2706 473; x_wconf 77' lang='grc' dir='ltr'>μὲν</span> <span class='ocrx_word' id='word_1_16' title='bbox 2759 400 2808 453; x_wconf 81' lang='lat' dir='ltr'><strong>oi</strong></span> <span class='ocrx_word' id='word_1_17' title='bbox 2864 395 3234 459; x_wconf 76' lang='grc' dir='ltr'>διακονοῦντες</span> <span class='ocrx_word' id='word_1_18' title='bbox 3293 393 3353 448; x_wconf 81' lang='grc' dir='ltr'><strong>τὸ</strong></span> <span class='ocrx_word' id='word_1_19' title='bbox 3407 393 3778 465; x_wconf 75' lang='grc' dir='ltr'>προσταχθὲν,</span> 
     </span>
    </p>
   </div>
   <div class='ocr_carea' id='block_1_6' title="bbox 523 500 2097 574">
    <p class='ocr_par' dir='ltr' id='par_1_6' title="bbox 523 500 2097 574">
     <span class='ocr_line' id='line_1_6' title="bbox 523 500 2097 574; baseline -0.004 -16"><span class='ocrx_word' id='word_1_20' title='bbox 523 504 727 558; x_wconf 75' lang='lat' dir='ltr'><strong>virtute</strong></span> <span class='ocrx_word' id='word_1_21' title='bbox 776 517 918 574; x_wconf 81' lang='lat' dir='ltr'><strong>aqua</strong></span> <span class='ocrx_word' id='word_1_22' title='bbox 961 503 1018 557; x_wconf 91' lang='lat' dir='ltr'><strong>in</strong></span> <span class='ocrx_word' id='word_1_23' title='bbox 1061 504 1249 557; x_wconf 83' lang='lat' dir='ltr'><strong>vinum</strong></span> <span class='ocrx_word' id='word_1_24' title='bbox 1294 511 1720 559; x_wconf 87' lang='lat' dir='ltr'><strong>transmutatur.</strong></span> <span class='ocrx_word' id='word_1_25' title='bbox 1765 501 1909 569; x_wconf 85' lang='lat' dir='ltr'><strong>Quid</strong></span> <span class='ocrx_word' id='word_1_26' title='bbox 1951 500 2097 555; x_wconf 90' lang='lat' dir='ltr'><strong>enim</strong></span> 
     </span>
    </p>
   </div>
   <div class='ocr_carea' id='block_1_7' title="bbox 523 591 2098 662">
    <p class='ocr_par' dir='ltr' id='par_1_7' title="bbox 523 591 2098 662">
     <span class='ocr_line' id='line_1_7' title="bbox 523 591 2098 662; baseline -0.003 -14"><span class='ocrx_word' id='word_1_27' title='bbox 523 591 899 662; x_wconf 89' lang='lat' dir='ltr'><strong>Omnipotenti</strong></span> <span class='ocrx_word' id='word_1_28' title='bbox 927 593 1183 649; x_wconf 82' lang='lat' dir='ltr'><strong>dillicile?</strong></span> <span class='ocrx_word' id='word_1_29' title='bbox 1213 593 1317 660; x_wconf 86' lang='lat' dir='ltr'><strong>Qui</strong></span> <span class='ocrx_word' id='word_1_30' title='bbox 1349 611 1436 649; x_wconf 89' lang='lat' dir='ltr'><strong>res</strong></span> <span class='ocrx_word' id='word_1_31' title='bbox 1475 611 1507 649; x_wconf 89' lang='lat' dir='ltr'><strong>e</strong></span> <span class='ocrx_word' id='word_1_32' title='bbox 1538 595 1714 648; x_wconf 85' lang='lat' dir='ltr'><strong>nihilo</strong></span> <span class='ocrx_word' id='word_1_33' title='bbox 1749 593 1816 646; x_wconf 88' lang='lat' dir='ltr'><strong>ad</strong></span> <span class='ocrx_word' id='word_1_34' title='bbox 1844 607 1968 646; x_wconf 85' lang='lat' dir='ltr'><strong>esse</strong></span> <span class='ocrx_word' id='word_1_35' title='bbox 2004 605 2098 644; x_wconf 79' lang='lat' dir='ltr'><strong>vo-</strong></span> 
     </span>
    </p>
   </div>
   <div class='ocr_carea' id='block_1_8' title="bbox 525 679 2100 752">
    <p class='ocr_par' dir='ltr' id='par_1_8' title="bbox 525 679 2100 752">
     <span class='ocr_line' id='line_1_8' title="bbox 525 679 2100 752; baseline 0.001 -22"><span class='ocrx_word' id='word_1_36' title='bbox 525 687 642 738; x_wconf 84' lang='lat' dir='ltr'><strong>cat,</strong></span> <span class='ocrx_word' id='word_1_37' title='bbox 677 680 952 748; x_wconf 90' lang='lat' dir='ltr'><strong>quomodo</strong></span> <span class='ocrx_word' id='word_1_38' title='bbox 984 679 1095 748; x_wconf 86' lang='lat' dir='ltr'><strong>jam</strong></span> <span class='ocrx_word' id='word_1_39' title='bbox 1148 681 1325 736; x_wconf 80' lang='lat' dir='ltr'><strong>factas</strong></span> <span class='ocrx_word' id='word_1_40' title='bbox 1370 683 1424 736; x_wconf 92' lang='lat' dir='ltr'><strong>in</strong></span> <span class='ocrx_word' id='word_1_41' title='bbox 1459 683 1837 752; x_wconf 70' lang='lat' dir='ltr'><strong>quodcunque</strong></span> <span class='ocrx_word' id='word_1_42' title='bbox 1865 679 2100 735; x_wconf 79' lang='lat' dir='ltr'><strong>voluerit</strong></span> 
     </span>
    </p>
   </div>
   <div class='ocr_carea' id='block_1_9' title="bbox 525 766 2100 826">
    <p class='ocr_par' dir='ltr' id='par_1_9' title="bbox 525 766 2100 826">
     <span class='ocr_line' id='line_1_9' title="bbox 525 766 2100 826; baseline 0.003 -5"><span class='ocrx_word' id='word_1_43' title='bbox 525 766 746 821; x_wconf 78' lang='lat' dir='ltr'><strong>difﬁcile</strong></span> <span class='ocrx_word' id='word_1_44' title='bbox 788 769 892 822; x_wconf 84' lang='lat' dir='ltr'><strong>erit</strong></span> <span class='ocrx_word' id='word_1_45' title='bbox 934 769 981 822; x_wconf 90' lang='lat' dir='ltr'><strong>ei</strong></span> <span class='ocrx_word' id='word_1_46' title='bbox 1019 769 1459 826; x_wconf 80' lang='lat' dir='ltr'><strong>translormare?</strong></span> <span class='ocrx_word' id='word_1_47' title='bbox 1505 771 1641 825; x_wconf 70' lang='grc' dir='ltr'>ιιυηι</span> <span class='ocrx_word' id='word_1_48' title='bbox 1668 787 1798 826; x_wconf 81' lang='lat' dir='ltr'><strong>vero</strong></span> <span class='ocrx_word' id='word_1_49' title='bbox 1830 773 2100 826; x_wconf 94' lang='lat' dir='ltr'><strong>mirantur</strong></span> 
     </span>
    </p>
   </div>
   <div class='ocr_carea' id='block_1_10' title="bbox 524 859 2102 934">
    <p class='ocr_par' dir='ltr' id='par_1_10' title="bbox 524 859 2102 934">
     <span class='ocr_line' id='line_1_10' title="bbox 524 859 2102 934; baseline 0.004 -23"><span class='ocrx_word' id='word_1_50' title='bbox 524 867 585 911; x_wconf 91' lang='lat' dir='ltr'><strong>ut</strong></span> <span class='ocrx_word' id='word_1_51' title='bbox 607 859 862 914; x_wconf 81' lang='lat' dir='ltr'><strong>eximiam</strong></span> <span class='ocrx_word' id='word_1_52' title='bbox 890 879 903 925; x_wconf 89' lang='lat'><strong>;</strong></span> <span class='ocrx_word' id='word_1_53' title='bbox 955 878 1064 915; x_wconf 85' lang='lat' dir='ltr'><strong>non</strong></span> <span class='ocrx_word' id='word_1_54' title='bbox 1092 863 1237 916; x_wconf 89' lang='lat' dir='ltr'><strong>enim</strong></span> <span class='ocrx_word' id='word_1_55' title='bbox 1269 864 1372 916; x_wconf 85' lang='lat' dir='ltr'><strong>alia</strong></span> <span class='ocrx_word' id='word_1_56' title='bbox 1411 879 1533 918; x_wconf 85' lang='lat' dir='ltr'><strong>esse</strong></span> <span class='ocrx_word' id='word_1_57' title='bbox 1563 873 1816 934; x_wconf 87' lang='lat' dir='ltr'><strong>poterant</strong></span> <span class='ocrx_word' id='word_1_58' title='bbox 1849 881 1971 934; x_wconf 65' lang='lat' dir='ltr'><strong>quae</strong></span> <span class='ocrx_word' id='word_1_59' title='bbox 2005 879 2102 934; x_wconf 90' lang='lat' dir='ltr'><strong>per</strong></span> 
     </span>
    </p>
   </div>
   <div class='ocr_carea' id='block_1_11' title="bbox 523 947 2098 1024">
    <p class='ocr_par' dir='ltr' id='par_1_11' title="bbox 523 947 2098 1024">
     <span class='ocr_line' id='line_1_11' title="bbox 523 947 2098 1024; baseline 0.003 -22"><span class='ocrx_word' id='word_1_60' title='bbox 523 947 800 1004; x_wconf 77' lang='lat' dir='ltr'><strong>Christum</strong></span> <span class='ocrx_word' id='word_1_61' title='bbox 833 951 1152 1016; x_wconf 65' lang='lat' dir='ltr'><strong>agebantur.</strong></span> <span class='ocrx_word' id='word_1_62' title='bbox 1185 953 1362 1007; x_wconf 88' lang='lat' dir='ltr'><strong>Porro</strong></span> <span class='ocrx_word' id='word_1_63' title='bbox 1394 955 1803 1010; x_wconf 86' lang='lat' dir='ltr'><strong>architriclinus</strong></span> <span class='ocrx_word' id='word_1_64' title='bbox 1835 970 2098 1024; x_wconf 87' lang='lat' dir='ltr'><strong>sponsum</strong></span> 
     </span>
    </p>
   </div>
   <div class='ocr_carea' id='block_1_12' title="bbox 525 1039 2099 1115">
    <p class='ocr_par' dir='ltr' id='par_1_12' title="bbox 525 1039 2099 1115">
     <span class='ocr_line' id='line_1_12' title="bbox 525 1039 2099 1115; baseline 0.004 -22"><span class='ocrx_word' id='word_1_65' title='bbox 525 1039 792 1109; x_wconf 72' lang='lat' dir='ltr'><strong>increpat,</strong></span> <span class='ocrx_word' id='word_1_66' title='bbox 823 1057 927 1094; x_wconf 84' lang='lat' dir='ltr'><strong>non</strong></span> <span class='ocrx_word' id='word_1_67' title='bbox 957 1041 1196 1110; x_wconf 80' lang='lat' dir='ltr'><strong>illepido,</strong></span> <span class='ocrx_word' id='word_1_68' title='bbox 1224 1050 1282 1094; x_wconf 91' lang='lat' dir='ltr'><strong>ut</strong></span> <span class='ocrx_word' id='word_1_69' title='bbox 1311 1043 1568 1106; x_wconf 86' lang='lat' dir='ltr'><strong>arbitror,</strong></span> <span class='ocrx_word' id='word_1_70' title='bbox 1595 1046 1640 1099; x_wconf 87' lang='lat' dir='ltr'><strong>si</strong></span> <span class='ocrx_word' id='word_1_71' title='bbox 1673 1045 1748 1099; x_wconf 83' lang='lat' dir='ltr'><strong>rei</strong></span> <span class='ocrx_word' id='word_1_72' title='bbox 1770 1053 1934 1115; x_wconf 66' lang='lat' dir='ltr'><strong>gcstm</strong></span> <span class='ocrx_word' id='word_1_73' title='bbox 1960 1046 2099 1099; x_wconf 74' lang='lat' dir='ltr'><strong>ratio</strong></span> 
     </span>
    </p>
   </div>
   <div class='ocr_carea' id='block_1_13' title="bbox 524 1133 2168 1200">
    <p class='ocr_par' dir='ltr' id='par_1_13' title="bbox 524 1133 2168 1200">
     <span class='ocr_line' id='line_1_13' title="bbox 524 1133 2168 1200; baseline 0.004 -17"><span class='ocrx_word' id='word_1_74' title='bbox 524 1139 838 1198; x_wconf 76' lang='lat' dir='ltr'><strong>spectetur,</strong></span> <span class='ocrx_word' id='word_1_75' title='bbox 889 1133 1037 1200; x_wconf 85' lang='lat' dir='ltr'><strong>quod</strong></span> <span class='ocrx_word' id='word_1_76' title='bbox 1086 1135 1189 1188; x_wconf 89' lang='lat' dir='ltr'><strong>sub</strong></span> <span class='ocrx_word' id='word_1_77' title='bbox 1235 1134 1394 1189; x_wconf 84' lang='lat' dir='ltr'><strong>linem</strong></span> <span class='ocrx_word' id='word_1_78' title='bbox 1453 1151 1626 1190; x_wconf 62' lang='lat' dir='ltr'><strong>caena:</strong></span> <span class='ocrx_word' id='word_1_79' title='bbox 1678 1138 1872 1191; x_wconf 77' lang='lat' dir='ltr'><strong>melius</strong></span> <span class='ocrx_word' id='word_1_80' title='bbox 1915 1137 2099 1190; x_wconf 82' lang='lat' dir='ltr'><strong>vinum</strong></span> <span class='ocrx_word' id='word_1_81' title='bbox 2160 1187 2168 1196; x_wconf 87' lang='grc'><strong>,</strong></span> 
     </span>
    </p>
   </div>
   <div class='ocr_carea' id='block_1_14' title="bbox 524 1220 903 1290">
    <p class='ocr_par' dir='ltr' id='par_1_14' title="bbox 524 1220 903 1290">
     <span class='ocr_line' id='line_1_14' title="bbox 524 1220 903 1290; baseline 0.008 -19"><span class='ocrx_word' id='word_1_82' title='bbox 524 1220 903 1290; x_wconf 74' lang='lat' dir='ltr'><strong>prol‘undcret.</strong></span> 
     </span>
    </p>
   </div>
   <div class='ocr_carea' id='block_1_15' title="bbox 597 1311 2102 1387">
    <p class='ocr_par' dir='ltr' id='par_1_15' title="bbox 597 1311 2102 1387">
     <span class='ocr_line' id='line_1_15' title="bbox 597 1311 2102 1387; baseline 0.004 -23"><span class='ocrx_word' id='word_1_83' title='bbox 597 1311 676 1376; x_wconf 89' lang='lat' dir='ltr'><strong>ll,</strong></span> <span class='ocrx_word' id='word_1_84' title='bbox 721 1311 922 1365; x_wconf 73' lang='lat'><strong>&quot;-15.</strong></span> <span class='ocrx_word' id='word_1_85' title='bbox 971 1311 1086 1367; x_wconf 79' lang='lat' dir='ltr'><strong>Hoc</strong></span> <span class='ocrx_word' id='word_1_86' title='bbox 1133 1313 1254 1383; x_wconf 80' lang='lat' dir='ltr'><strong>fecit</strong></span> <span class='ocrx_word' id='word_1_87' title='bbox 1297 1316 1509 1370; x_wconf 84' lang='lat' dir='ltr'><strong>initium</strong></span> <span class='ocrx_word' id='word_1_88' title='bbox 1548 1317 1818 1387; x_wconf 84' lang='lat' dir='ltr'><strong>signorum</strong></span> <span class='ocrx_word' id='word_1_89' title='bbox 1846 1317 2002 1372; x_wconf 84' lang='lat' dir='ltr'><strong>Jesus</strong></span> <span class='ocrx_word' id='word_1_90' title='bbox 2047 1319 2102 1370; x_wconf 80' lang='lat' dir='ltr'><strong>in</strong></span> 
     </span>
    </p>
   </div>
   <div class='ocr_carea' id='block_1_16' title="bbox 527 1401 2102 1477">
    <p class='ocr_par' dir='ltr' id='par_1_16' title="bbox 527 1401 2102 1477">
     <span class='ocr_line' id='line_1_16' title="bbox 527 1401 2102 1477; baseline 0.003 -20"><span class='ocrx_word' id='word_1_91' title='bbox 527 1401 678 1457; x_wconf 83' lang='lat' dir='ltr'><strong>Cana</strong></span> <span class='ocrx_word' id='word_1_92' title='bbox 726 1403 1004 1459; x_wconf 73' lang='lat' dir='ltr'><strong>Galilwm:</strong></span> <span class='ocrx_word' id='word_1_93' title='bbox 1066 1415 1116 1460; x_wconf 83' lang='lat' dir='ltr'><strong>et</strong></span> <span class='ocrx_word' id='word_1_94' title='bbox 1167 1409 1523 1476; x_wconf 80' lang='lat' dir='ltr'><strong>manifestarit</strong></span> <span class='ocrx_word' id='word_1_95' title='bbox 1561 1411 1788 1477; x_wconf 80' lang='lat' dir='ltr'><strong>gloriam</strong></span> <span class='ocrx_word' id='word_1_96' title='bbox 1821 1427 2008 1472; x_wconf 84' lang='lat' dir='ltr'><strong>suam,</strong></span> <span class='ocrx_word' id='word_1_97' title='bbox 2053 1420 2102 1464; x_wconf 87' lang='lat' dir='ltr'><strong>et</strong></span> 
     </span>
    </p>
   </div>
   <div class='ocr_carea' id='block_1_17' title="bbox 526 1493 2104 1568">
    <p class='ocr_par' dir='ltr' id='par_1_17' title="bbox 526 1493 2104 1568">
     <span class='ocr_line' id='line_1_17' title="bbox 526 1493 2104 1568; baseline 0.003 -20"><span class='ocrx_word' id='word_1_98' title='bbox 526 1493 862 1548; x_wconf 72' lang='lat' dir='ltr'><strong>crediderunt</strong></span> <span class='ocrx_word' id='word_1_99' title='bbox 895 1496 945 1548; x_wconf 87' lang='lat' dir='ltr'><strong>in</strong></span> <span class='ocrx_word' id='word_1_100' title='bbox 977 1513 1094 1550; x_wconf 85' lang='lat' dir='ltr'><strong>eum</strong></span> <span class='ocrx_word' id='word_1_101' title='bbox 1123 1498 1372 1566; x_wconf 76' lang='lat' dir='ltr'><strong>discipuli</strong></span> <span class='ocrx_word' id='word_1_102' title='bbox 1408 1499 1539 1568; x_wconf 80' lang='lat' dir='ltr'><strong>ejus.</strong></span> <span class='ocrx_word' id='word_1_103' title='bbox 1576 1499 1707 1553; x_wconf 83' lang='lat' dir='ltr'><strong>Post</strong></span> <span class='ocrx_word' id='word_1_104' title='bbox 1741 1501 1851 1552; x_wconf 74' lang='lat' dir='ltr'><strong>lucc</strong></span> <span class='ocrx_word' id='word_1_105' title='bbox 1888 1499 2104 1554; x_wconf 82' lang='lat' dir='ltr'><strong>descen-</strong></span> 
     </span>
    </p>
   </div>
   <div class='ocr_carea' id='block_1_18' title="bbox 527 1580 2098 1659">
    <p class='ocr_par' dir='ltr' id='par_1_18' title="bbox 527 1580 2098 1659">
     <span class='ocr_line' id='line_1_18' title="bbox 527 1580 2098 1659; baseline 0.007 -26"><span class='ocrx_word' id='word_1_106' title='bbox 527 1581 605 1634; x_wconf 85' lang='lat' dir='ltr'><strong>dit</strong></span> <span class='ocrx_word' id='word_1_107' title='bbox 633 1583 687 1634; x_wconf 81' lang='lat' dir='ltr'><strong>in</strong></span> <span class='ocrx_word' id='word_1_108' title='bbox 709 1580 1082 1648; x_wconf 79' lang='lat' dir='ltr'><strong>Capharnaum</strong></span> <span class='ocrx_word' id='word_1_109' title='bbox 1109 1587 1214 1653; x_wconf 83' lang='lat' dir='ltr'><strong>ipse</strong></span> <span class='ocrx_word' id='word_1_110' title='bbox 1235 1597 1282 1640; x_wconf 87' lang='lat' dir='ltr'><strong>et</strong></span> <span class='ocrx_word' id='word_1_111' title='bbox 1310 1597 1479 1641; x_wconf 87' lang='lat' dir='ltr'><strong>mater</strong></span> <span class='ocrx_word' id='word_1_112' title='bbox 1498 1588 1634 1656; x_wconf 83' lang='lat' dir='ltr'><strong>ejus,</strong></span> <span class='ocrx_word' id='word_1_113' title='bbox 1669 1598 1718 1642; x_wconf 83' lang='lat' dir='ltr'><strong>et</strong></span> <span class='ocrx_word' id='word_1_114' title='bbox 1748 1589 1944 1655; x_wconf 76' lang='lat' dir='ltr'><strong>fratres</strong></span> <span class='ocrx_word' id='word_1_115' title='bbox 1964 1591 2098 1659; x_wconf 84' lang='lat' dir='ltr'><strong><em>ejus,</em></strong></span> 
     </span>
    </p>
   </div>
   <div class='ocr_carea' id='block_1_19' title="bbox 525 1673 2104 1745">
    <p class='ocr_par' dir='ltr' id='par_1_19' title="bbox 525 1673 2104 1745">
     <span class='ocr_line' id='line_1_19' title="bbox 525 1673 2104 1745; baseline 0.006 -18"><span class='ocrx_word' id='word_1_116' title='bbox 525 1683 575 1727; x_wconf 84' lang='lat' dir='ltr'><strong>et</strong></span> <span class='ocrx_word' id='word_1_117' title='bbox 613 1673 862 1742; x_wconf 74' lang='lat' dir='ltr'><strong>discipuli</strong></span> <span class='ocrx_word' id='word_1_118' title='bbox 889 1676 1002 1745; x_wconf 84' lang='lat' dir='ltr'><strong>ejus</strong></span> <span class='ocrx_word' id='word_1_119' title='bbox 1035 1693 1054 1730; x_wconf 91' lang='lat'><strong><em>:</em></strong></span> <span class='ocrx_word' id='word_1_120' title='bbox 1092 1687 1140 1732; x_wconf 87' lang='lat' dir='ltr'><strong>et</strong></span> <span class='ocrx_word' id='word_1_121' title='bbox 1185 1680 1258 1732; x_wconf 86' lang='lat' dir='ltr'><strong>ibi</strong></span> <span class='ocrx_word' id='word_1_122' title='bbox 1294 1693 1601 1734; x_wconf 83' lang='lat' dir='ltr'><strong>manserunt</strong></span> <span class='ocrx_word' id='word_1_123' title='bbox 1631 1698 1735 1735; x_wconf 82' lang='lat' dir='ltr'><strong>non</strong></span> <span class='ocrx_word' id='word_1_124' title='bbox 1771 1683 1953 1736; x_wconf 84' lang='lat' dir='ltr'><strong>multis</strong></span> <span class='ocrx_word' id='word_1_125' title='bbox 1992 1683 2104 1736; x_wconf 84' lang='lat' dir='ltr'><strong>die-</strong></span> 
     </span>
    </p>
   </div>
   <div class='ocr_carea' id='block_1_20' title="bbox 2198 485 3779 566">
    <p class='ocr_par' dir='ltr' id='par_1_20' title="bbox 2198 485 3779 566">
     <span class='ocr_line' id='line_1_20' title="bbox 2198 485 3779 566; baseline -0.004 -18"><span class='ocrx_word' id='word_1_126' title='bbox 2198 495 2392 566; x_wconf 83' lang='grc' dir='ltr'>ἀφάτῳ</span> <span class='ocrx_word' id='word_1_127' title='bbox 2425 495 2482 548; x_wconf 84' lang='grc' dir='ltr'>δὲ</span> <span class='ocrx_word' id='word_1_128' title='bbox 2509 494 2734 565; x_wconf 83' lang='grc' dir='ltr'>δυνάμει</span> <span class='ocrx_word' id='word_1_129' title='bbox 2767 493 2825 546; x_wconf 72' lang='grc' dir='ltr'>τὸ</span> <span class='ocrx_word' id='word_1_130' title='bbox 2855 491 2999 562; x_wconf 76' lang='grc' dir='ltr'>ὕδωρ</span> <span class='ocrx_word' id='word_1_131' title='bbox 3016 491 3094 554; x_wconf 82' lang='grc' dir='ltr'><strong>είς</strong></span> <span class='ocrx_word' id='word_1_132' title='bbox 3117 485 3258 542; x_wconf 80' lang='grc' dir='ltr'>οἶνον</span> <span class='ocrx_word' id='word_1_133' title='bbox 3289 487 3779 560; x_wconf 77' lang='grc' dir='ltr'>μετασκευάζεται.</span> 
     </span>
    </p>
   </div>
   <div class='ocr_carea' id='block_1_21' title="bbox 2199 578 3784 658">
    <p class='ocr_par' dir='ltr' id='par_1_21' title="bbox 2199 578 3784 658">
     <span class='ocr_line' id='line_1_21' title="bbox 2199 578 3784 658; baseline -0.004 -19"><span class='ocrx_word' id='word_1_134' title='bbox 2199 587 2263 639; x_wconf 92' lang='grc' dir='ltr'><strong>Τί</strong></span> <span class='ocrx_word' id='word_1_135' title='bbox 2294 587 2400 658; x_wconf 84' lang='grc' dir='ltr'>γὰρ</span> <span class='ocrx_word' id='word_1_136' title='bbox 2436 587 2501 640; x_wconf 80' lang='grc' dir='ltr'><strong>ἂν</strong></span> <span class='ocrx_word' id='word_1_137' title='bbox 2531 586 2738 655; x_wconf 82' lang='grc' dir='ltr'>γένοιτο</span> <span class='ocrx_word' id='word_1_138' title='bbox 2768 583 2998 656; x_wconf 84' lang='grc' dir='ltr'>χαλεπὸν</span> <span class='ocrx_word' id='word_1_139' title='bbox 3028 580 3106 652; x_wconf 80' lang='grc' dir='ltr'>τῷ</span> <span class='ocrx_word' id='word_1_140' title='bbox 3141 583 3316 635; x_wconf 84' lang='grc' dir='ltr'>πάντα</span> <span class='ocrx_word' id='word_1_141' title='bbox 3349 579 3586 650; x_wconf 77' lang='grc' dir='ltr'><strong>ἰσχύοντι</strong></span> <span class='ocrx_word' id='word_1_142' title='bbox 3618 595 3632 641; x_wconf 87' lang='lat'><strong>;</strong></span> <span class='ocrx_word' id='word_1_143' title='bbox 3668 578 3698 630; x_wconf 87' lang='lat'><strong>6</strong></span> <span class='ocrx_word' id='word_1_144' title='bbox 3725 578 3784 632; x_wconf 76' lang='grc' dir='ltr'><strong>δὲ</strong></span> 
     </span>
    </p>
   </div>
   <div class='ocr_carea' id='block_1_22' title="bbox 2197 669 3782 741">
    <p class='ocr_par' dir='ltr' id='par_1_22' title="bbox 2197 669 3782 741">
     <span class='ocr_line' id='line_1_22' title="bbox 2197 669 3782 741; baseline -0.003 -14"><span class='ocrx_word' id='word_1_145' title='bbox 2197 674 2264 728; x_wconf 80' lang='grc' dir='ltr'>τὰ</span> <span class='ocrx_word' id='word_1_146' title='bbox 2293 674 2392 728; x_wconf 81' lang='grc' dir='ltr'><strong>οὐκ</strong></span> <span class='ocrx_word' id='word_1_147' title='bbox 2425 674 2552 726; x_wconf 77' lang='grc' dir='ltr'>ὄντα</span> <span class='ocrx_word' id='word_1_148' title='bbox 2580 673 2759 728; x_wconf 79' lang='grc' dir='ltr'>καλῶν</span> <span class='ocrx_word' id='word_1_149' title='bbox 2788 675 2866 736; x_wconf 86' lang='grc' dir='ltr'><strong>εἰς</strong></span> <span class='ocrx_word' id='word_1_150' title='bbox 2901 671 3132 740; x_wconf 86' lang='grc' dir='ltr'>γένεσιν,</span> <span class='ocrx_word' id='word_1_151' title='bbox 3165 671 3278 734; x_wconf 80' lang='grc' dir='ltr'>πῶς</span> <span class='ocrx_word' id='word_1_152' title='bbox 3298 671 3364 725; x_wconf 80' lang='grc' dir='ltr'><strong>ἂν</strong></span> <span class='ocrx_word' id='word_1_153' title='bbox 3394 671 3561 740; x_wconf 75' lang='grc' dir='ltr'>κάμοι</span> <span class='ocrx_word' id='word_1_154' title='bbox 3584 669 3654 723; x_wconf 79' lang='grc' dir='ltr'>τὰ</span> <span class='ocrx_word' id='word_1_155' title='bbox 3681 669 3782 741; x_wconf 80' lang='grc' dir='ltr'><strong>ἡδη</strong></span> 
     </span>
    </p>
   </div>
   <div class='ocr_carea' id='block_1_23' title="bbox 2200 759 3784 834">
    <p class='ocr_par' dir='ltr' id='par_1_23' title="bbox 2200 759 3784 834">
     <span class='ocr_line' id='line_1_23' title="bbox 2200 759 3784 834; baseline -0.003 -17"><span class='ocrx_word' id='word_1_156' title='bbox 2200 763 2546 832; x_wconf 81' lang='grc' dir='ltr'>πεποιημένα</span> <span class='ocrx_word' id='word_1_157' title='bbox 2600 762 3057 834; x_wconf 75' lang='grc' dir='ltr'>μεταρρυθμίζων</span> <span class='ocrx_word' id='word_1_158' title='bbox 3108 761 3192 830; x_wconf 75' lang='grc' dir='ltr'><strong>ἐφ’</strong></span> <span class='ocrx_word' id='word_1_159' title='bbox 3218 761 3354 833; x_wconf 80' lang='grc' dir='ltr'>ὅπερ</span> <span class='ocrx_word' id='word_1_160' title='bbox 3395 759 3462 814; x_wconf 81' lang='grc' dir='ltr'><strong>ἂν</strong></span> <span class='ocrx_word' id='word_1_161' title='bbox 3504 759 3784 830; x_wconf 86' lang='grc' dir='ltr'>βούλοιτο;</span> 
     </span>
    </p>
   </div>
   <div class='ocr_carea' id='block_1_24' title="bbox 2211 851 3788 925">
    <p class='ocr_par' dir='ltr' id='par_1_24' title="bbox 2211 851 3788 925">
     <span class='ocr_line' id='line_1_24' title="bbox 2211 851 3788 925; baseline -0.001 -19"><span class='ocrx_word' id='word_1_162' title='bbox 2211 854 2686 924; x_wconf 79' lang='grc' dir='ltr'>Ἀποθαυμάζουσι</span> <span class='ocrx_word' id='word_1_163' title='bbox 2719 855 2775 906; x_wconf 84' lang='grc' dir='ltr'><strong>δὲ</strong></span> <span class='ocrx_word' id='word_1_164' title='bbox 2807 854 2905 925; x_wconf 83' lang='grc' dir='ltr'><strong>τὴν</strong></span> <span class='ocrx_word' id='word_1_165' title='bbox 2931 855 3124 925; x_wconf 80' lang='grc' dir='ltr'>χρῆσιν</span> <span class='ocrx_word' id='word_1_166' title='bbox 3148 855 3222 916; x_wconf 85' lang='grc' dir='ltr'>ὡς</span> <span class='ocrx_word' id='word_1_167' title='bbox 3245 853 3521 924; x_wconf 79' lang='grc' dir='ltr'>ἐξαίρετον</span> <span class='ocrx_word' id='word_1_168' title='bbox 3546 871 3558 884; x_wconf 73' lang='grc' dir='ltr'><strong>ο</strong></span> <span class='ocrx_word' id='word_1_169' title='bbox 3583 853 3643 905; x_wconf 84' lang='grc' dir='ltr'><strong>οὐ</strong></span> <span class='ocrx_word' id='word_1_170' title='bbox 3674 851 3788 922; x_wconf 77' lang='grc' dir='ltr'>γὰρ</span> 
     </span>
    </p>
   </div>
   <div class='ocr_carea' id='block_1_25' title="bbox 2197 940 3786 1017">
    <p class='ocr_par' dir='ltr' id='par_1_25' title="bbox 2197 940 3786 1017">
     <span class='ocr_line' id='line_1_25' title="bbox 2197 940 3786 1017; baseline -0.002 -20"><span class='ocrx_word' id='word_1_171' title='bbox 2197 940 2263 1016; x_wconf 77' lang='grc' dir='ltr'><strong>ἦν</strong></span> <span class='ocrx_word' id='word_1_172' title='bbox 2301 945 2500 1015; x_wconf 77' lang='grc' dir='ltr'><strong>ἑτέρως</strong></span> <span class='ocrx_word' id='word_1_173' title='bbox 2527 946 2753 1016; x_wconf 75' lang='grc' dir='ltr'>ὁρᾶσθαι</span> <span class='ocrx_word' id='word_1_174' title='bbox 2792 946 2858 998; x_wconf 80' lang='grc' dir='ltr'>τὰ</span> <span class='ocrx_word' id='word_1_175' title='bbox 2900 945 2986 998; x_wconf 77' lang='grc' dir='ltr'><strong>διὰ</strong></span> <span class='ocrx_word' id='word_1_176' title='bbox 3017 945 3273 1017; x_wconf 78' lang='grc' dir='ltr'><strong>Χριστοῦ.</strong></span> <span class='ocrx_word' id='word_1_177' title='bbox 3317 946 3565 998; x_wconf 57' lang='lat' dir='ltr'><strong>Aleti-:1:</strong></span> <span class='ocrx_word' id='word_1_178' title='bbox 3613 943 3668 996; x_wconf 79' lang='grc' dir='ltr'><strong>δὲ</strong></span> <span class='ocrx_word' id='word_1_179' title='bbox 3691 941 3786 996; x_wconf 75' lang='grc' dir='ltr'><strong>τὸν</strong></span> 
     </span>
    </p>
   </div>
   <div class='ocr_carea' id='block_1_26' title="bbox 2197 1031 3784 1107">
    <p class='ocr_par' dir='ltr' id='par_1_26' title="bbox 2197 1031 3784 1107">
     <span class='ocr_line' id='line_1_26' title="bbox 2197 1031 3784 1107; baseline -0.002 -22"><span class='ocrx_word' id='word_1_180' title='bbox 2197 1035 2429 1104; x_wconf 72' lang='grc' dir='ltr'>νυμφίον</span> <span class='ocrx_word' id='word_1_181' title='bbox 2469 1037 2496 1087; x_wconf 98' lang='lat'><strong>6</strong></span> <span class='ocrx_word' id='word_1_182' title='bbox 2532 1035 2952 1107; x_wconf 81' lang='grc' dir='ltr'>ἀρχιτρίκλινος,</span> <span class='ocrx_word' id='word_1_183' title='bbox 2987 1035 3062 1098; x_wconf 76' lang='grc' dir='ltr'>ὡς</span> <span class='ocrx_word' id='word_1_184' title='bbox 3098 1037 3156 1089; x_wconf 85' lang='grc' dir='ltr'><strong>ἐν</strong></span> <span class='ocrx_word' id='word_1_185' title='bbox 3197 1035 3407 1104; x_wconf 83' lang='grc' dir='ltr'>ὑστέρῳ</span> <span class='ocrx_word' id='word_1_186' title='bbox 3438 1033 3530 1086; x_wconf 81' lang='grc' dir='ltr'><strong>τοῦ</strong></span> <span class='ocrx_word' id='word_1_187' title='bbox 3565 1031 3784 1084; x_wconf 75' lang='grc' dir='ltr'>δείπνου</span> 
     </span>
    </p>
   </div>
   <div class='ocr_carea' id='block_1_27' title="bbox 2200 1123 3787 1197">
    <p class='ocr_par' dir='ltr' id='par_1_27' title="bbox 2200 1123 3787 1197">
     <span class='ocr_line' id='line_1_27' title="bbox 2200 1123 3787 1197; baseline -0.001 -19"><span class='ocrx_word' id='word_1_188' title='bbox 2200 1127 2377 1197; x_wconf 79' lang='grc' dir='ltr'>καιρῷ</span> <span class='ocrx_word' id='word_1_189' title='bbox 2425 1127 2746 1181; x_wconf 78' lang='grc' dir='ltr'>δαπανῶντα</span> <span class='ocrx_word' id='word_1_190' title='bbox 2781 1127 2841 1179; x_wconf 85' lang='grc' dir='ltr'><strong>τὸ</strong></span> <span class='ocrx_word' id='word_1_191' title='bbox 2883 1126 3102 1196; x_wconf 79' lang='grc' dir='ltr'>ἄμεινον</span> <span class='ocrx_word' id='word_1_192' title='bbox 3125 1169 3138 1190; x_wconf 92' lang='grc'><strong>,</strong></span> <span class='ocrx_word' id='word_1_193' title='bbox 3164 1127 3263 1178; x_wconf 74' lang='grc' dir='ltr'><strong>οὐκ</strong></span> <span class='ocrx_word' id='word_1_194' title='bbox 3297 1125 3558 1195; x_wconf 61' lang='grc' dir='ltr'>ἀκόμψως</span> <span class='ocrx_word' id='word_1_195' title='bbox 3577 1167 3590 1191; x_wconf 89' lang='grc'><strong>,</strong></span> <span class='ocrx_word' id='word_1_196' title='bbox 3614 1123 3690 1186; x_wconf 85' lang='grc' dir='ltr'>ὥς</span> <span class='ocrx_word' id='word_1_197' title='bbox 3720 1123 3787 1192; x_wconf 81' lang='grc' dir='ltr'><strong>γέ</strong></span> 
     </span>
    </p>
   </div>
   <div class='ocr_carea' id='block_1_28' title="bbox 2203 1216 3550 1288">
    <p class='ocr_par' dir='ltr' id='par_1_28' title="bbox 2203 1216 3550 1288">
     <span class='ocr_line' id='line_1_28' title="bbox 2203 1216 3550 1288; baseline -0.001 -19"><span class='ocrx_word' id='word_1_198' title='bbox 2203 1235 2291 1288; x_wconf 84' lang='grc' dir='ltr'><strong>μοι</strong></span> <span class='ocrx_word' id='word_1_199' title='bbox 2322 1220 2587 1286; x_wconf 68' lang='grc' dir='ltr'>φαίνεται,</span> <span class='ocrx_word' id='word_1_200' title='bbox 2610 1219 2750 1272; x_wconf 82' lang='grc' dir='ltr'>κατά</span> <span class='ocrx_word' id='word_1_201' title='bbox 2779 1236 2838 1287; x_wconf 85' lang='grc' dir='ltr'><strong>γε</strong></span> <span class='ocrx_word' id='word_1_202' title='bbox 2865 1219 2954 1270; x_wconf 71' lang='grc' dir='ltr'><strong>τὶν</strong></span> <span class='ocrx_word' id='word_1_203' title='bbox 2975 1219 3070 1288; x_wconf 81' lang='grc' dir='ltr'>τῆς</span> <span class='ocrx_word' id='word_1_204' title='bbox 3103 1217 3344 1287; x_wconf 77' lang='grc' dir='ltr'><strong>ἱστορίας</strong></span> <span class='ocrx_word' id='word_1_205' title='bbox 3367 1216 3550 1284; x_wconf 84' lang='grc' dir='ltr'>λόγον,</span> 
     </span>
    </p>
   </div>
   <div class='ocr_carea' id='block_1_29' title="bbox 2276 1304 3788 1376">
    <p class='ocr_par' dir='ltr' id='par_1_29' title="bbox 2276 1304 3788 1376">
     <span class='ocr_line' id='line_1_29' title="bbox 2276 1304 3788 1376; baseline -0.003 -16"><span class='ocrx_word' id='word_1_206' title='bbox 2276 1309 2510 1376; x_wconf 75' lang='grc' dir='ltr'>Ίὶιύτην</span> <span class='ocrx_word' id='word_1_207' title='bbox 2551 1310 2801 1375; x_wconf 75' lang='grc' dir='ltr'>ἐποίησε</span> <span class='ocrx_word' id='word_1_208' title='bbox 2849 1307 2962 1374; x_wconf 73' lang='grc' dir='ltr'><strong>τὴν</strong></span> <span class='ocrx_word' id='word_1_209' title='bbox 3013 1307 3210 1376; x_wconf 73' lang='grc' dir='ltr'>ἀρχὴν</span> <span class='ocrx_word' id='word_1_210' title='bbox 3263 1304 3379 1359; x_wconf 80' lang='grc' dir='ltr'><strong>τῶν</strong></span> <span class='ocrx_word' id='word_1_211' title='bbox 3436 1305 3702 1374; x_wconf 79' lang='grc' dir='ltr'><strong>σημείων</strong></span> <span class='ocrx_word' id='word_1_212' title='bbox 3752 1306 3788 1356; x_wconf 83' lang='grc' dir='ltr'><em>ὁ</em></span> 
     </span>
    </p>
   </div>
   <div class='ocr_carea' id='block_1_30' title="bbox 2213 1396 3790 1468">
    <p class='ocr_par' dir='ltr' id='par_1_30' title="bbox 2213 1396 3790 1468">
     <span class='ocr_line' id='line_1_30' title="bbox 2213 1396 3790 1468; baseline -0.004 -14"><span class='ocrx_word' id='word_1_213' title='bbox 2213 1401 2452 1468; x_wconf 84' lang='grc' dir='ltr'>Ἰησοῦς</span> <span class='ocrx_word' id='word_1_214' title='bbox 2483 1401 2552 1453; x_wconf 82' lang='grc' dir='ltr'><strong>ἐν</strong></span> <span class='ocrx_word' id='word_1_215' title='bbox 2579 1399 2743 1466; x_wconf 76' lang='grc' dir='ltr'>Κανςῖ</span> <span class='ocrx_word' id='word_1_216' title='bbox 2773 1399 2882 1468; x_wconf 82' lang='grc' dir='ltr'>τῆς</span> <span class='ocrx_word' id='word_1_217' title='bbox 2911 1399 3242 1464; x_wconf 70' lang='grc' dir='ltr'><strong>Γαλιλαίας</strong></span> <span class='ocrx_word' id='word_1_218' title='bbox 3264 1439 3280 1465; x_wconf 91' lang='grc'><strong>,</strong></span> <span class='ocrx_word' id='word_1_219' title='bbox 3320 1397 3417 1451; x_wconf 73' lang='grc' dir='ltr'>καὶ</span> <span class='ocrx_word' id='word_1_220' title='bbox 3443 1396 3790 1465; x_wconf 56' lang='grc' dir='ltr'>ἑρανέρωσε</span> 
     </span>
    </p>
   </div>
   <div class='ocr_carea' id='block_1_31' title="bbox 2199 1487 3788 1560">
    <p class='ocr_par' dir='ltr' id='par_1_31' title="bbox 2199 1487 3788 1560">
     <span class='ocr_line' id='line_1_31' title="bbox 2199 1487 3788 1560; baseline -0.003 -15"><span class='ocrx_word' id='word_1_221' title='bbox 2199 1491 2316 1560; x_wconf 78' lang='grc' dir='ltr'>τὴν</span> <span class='ocrx_word' id='word_1_222' title='bbox 2359 1491 2547 1555; x_wconf 78' lang='grc' dir='ltr'>δόξαν</span> <span class='ocrx_word' id='word_1_223' title='bbox 2575 1492 2763 1545; x_wconf 81' lang='grc' dir='ltr'>αὑτοῦ</span> <span class='ocrx_word' id='word_1_224' title='bbox 2793 1509 2806 1523; x_wconf 90' lang='grc'><strong>·</strong></span> <span class='ocrx_word' id='word_1_225' title='bbox 2856 1493 2955 1544; x_wconf 75' lang='grc' dir='ltr'>καὶ</span> <span class='ocrx_word' id='word_1_226' title='bbox 3003 1491 3374 1544; x_wconf 75' lang='grc' dir='ltr'>ἐπίστευσαν</span> <span class='ocrx_word' id='word_1_227' title='bbox 3406 1491 3491 1553; x_wconf 74' lang='grc' dir='ltr'>εἰς</span> <span class='ocrx_word' id='word_1_228' title='bbox 3515 1487 3704 1540; x_wconf 78' lang='grc' dir='ltr'>αὐτὸν</span> <span class='ocrx_word' id='word_1_229' title='bbox 3733 1491 3788 1540; x_wconf 84' lang='grc' dir='ltr'><strong>οί</strong></span> 
     </span>
    </p>
   </div>
   <div class='ocr_carea' id='block_1_32' title="bbox 2196 1574 3786 1654">
    <p class='ocr_par' dir='ltr' id='par_1_32' title="bbox 2196 1574 3786 1654">
     <span class='ocr_line' id='line_1_32' title="bbox 2196 1574 3786 1654; baseline -0.005 -16"><span class='ocrx_word' id='word_1_230' title='bbox 2196 1582 2456 1654; x_wconf 80' lang='grc' dir='ltr'>μαθηταί</span> <span class='ocrx_word' id='word_1_231' title='bbox 2500 1583 2706 1637; x_wconf 84' lang='grc' dir='ltr'>αὑτοῦ.</span> <span class='ocrx_word' id='word_1_232' title='bbox 2757 1583 2915 1637; x_wconf 81' lang='grc' dir='ltr'>Μετὰ</span> <span class='ocrx_word' id='word_1_233' title='bbox 2958 1581 3132 1635; x_wconf 85' lang='grc' dir='ltr'>τοῦτο</span> <span class='ocrx_word' id='word_1_234' title='bbox 3174 1580 3390 1646; x_wconf 77' lang='grc' dir='ltr'>κατέϐη</span> <span class='ocrx_word' id='word_1_235' title='bbox 3426 1574 3512 1645; x_wconf 82' lang='grc' dir='ltr'><strong>είς</strong></span> <span class='ocrx_word' id='word_1_236' title='bbox 3551 1583 3786 1646; x_wconf 78' lang='grc' dir='ltr'>Καπερ-</span> 
     </span>
    </p>
   </div>
   <div class='ocr_carea' id='block_1_33' title="bbox 2203 1671 3786 1744">
    <p class='ocr_par' dir='ltr' id='par_1_33' title="bbox 2203 1671 3786 1744">
     <span class='ocr_line' id='line_1_33' title="bbox 2203 1671 3786 1744; baseline -0.003 -16"><span class='ocrx_word' id='word_1_237' title='bbox 2203 1675 2397 1744; x_wconf 76' lang='grc' dir='ltr'>ναοὺμ</span> <span class='ocrx_word' id='word_1_238' title='bbox 2429 1675 2616 1741; x_wconf 83' lang='grc' dir='ltr'>αὐτὸς</span> <span class='ocrx_word' id='word_1_239' title='bbox 2657 1677 2751 1728; x_wconf 77' lang='grc' dir='ltr'>καὶ</span> <span class='ocrx_word' id='word_1_240' title='bbox 2789 1677 2826 1743; x_wconf 73' lang='grc' dir='ltr'><strong>ἡ</strong></span> <span class='ocrx_word' id='word_1_241' title='bbox 2865 1674 3064 1744; x_wconf 75' lang='grc' dir='ltr'>μήτηρ</span> <span class='ocrx_word' id='word_1_242' title='bbox 3095 1673 3304 1734; x_wconf 83' lang='grc' dir='ltr'>αὑτοῦ,</span> <span class='ocrx_word' id='word_1_243' title='bbox 3327 1674 3422 1726; x_wconf 75' lang='grc' dir='ltr'><strong>καί</strong></span> <span class='ocrx_word' id='word_1_244' title='bbox 3455 1671 3510 1726; x_wconf 82' lang='lat' dir='ltr'><strong>ol</strong></span> <span class='ocrx_word' id='word_1_245' title='bbox 3534 1671 3786 1740; x_wconf 60' lang='grc' dir='ltr'>ἀδελφοί</span> 
     </span>
    </p>
   </div>
   <div class='ocr_carea' id='block_1_34' title="bbox 527 1745 2100 1840">
    <p class='ocr_par' dir='ltr' id='par_1_34' title="bbox 527 1761 2100 1840">
     <span class='ocr_line' id='line_1_34' title="bbox 527 1761 2100 1840; baseline 0.01 -25"><span class='ocrx_word' id='word_1_246' title='bbox 527 1761 642 1817; x_wconf 81' lang='lat' dir='ltr'><strong>bus.</strong></span> <span class='ocrx_word' id='word_1_247' title='bbox 689 1763 755 1817; x_wconf 81' lang='lat' dir='ltr'><strong>Et</strong></span> <span class='ocrx_word' id='word_1_248' title='bbox 787 1781 945 1834; x_wconf 85' lang='lat' dir='ltr'><strong>prope</strong></span> <span class='ocrx_word' id='word_1_249' title='bbox 981 1782 1095 1822; x_wconf 86' lang='lat' dir='ltr'><strong>erat</strong></span> <span class='ocrx_word' id='word_1_250' title='bbox 1143 1770 1352 1825; x_wconf 81' lang='lat' dir='ltr'><strong>Pascha</strong></span> <span class='ocrx_word' id='word_1_251' title='bbox 1394 1771 1741 1840; x_wconf 83' lang='lat' dir='ltr'><strong>Judworum,</strong></span> <span class='ocrx_word' id='word_1_252' title='bbox 1787 1787 1834 1829; x_wconf 86' lang='lat' dir='ltr'><strong>et</strong></span> <span class='ocrx_word' id='word_1_253' title='bbox 1870 1775 2100 1831; x_wconf 75' lang='lat' dir='ltr'><strong>ascendit</strong></span> 
     </span>
    </p>
   </div>
   <div class='ocr_carea' id='block_1_35' title="bbox 2200 1745 3787 1840">
    <p class='ocr_par' dir='ltr' id='par_1_35' title="bbox 2206 1761 3787 1836">
     <span class='ocr_line' id='line_1_35' title="bbox 2206 1761 3787 1836; baseline -0.003 -16"><span class='ocrx_word' id='word_1_254' title='bbox 2206 1766 2412 1831; x_wconf 83' lang='grc' dir='ltr'>αὐτοῦ,</span> <span class='ocrx_word' id='word_1_255' title='bbox 2451 1766 2548 1819; x_wconf 77' lang='grc' dir='ltr'><strong>καί</strong></span> <span class='ocrx_word' id='word_1_256' title='bbox 2599 1769 2650 1819; x_wconf 82' lang='grc' dir='ltr'>οὶ</span> <span class='ocrx_word' id='word_1_257' title='bbox 2694 1764 2949 1836; x_wconf 79' lang='grc' dir='ltr'>μαθηταὶ</span> <span class='ocrx_word' id='word_1_258' title='bbox 2987 1764 3194 1818; x_wconf 82' lang='grc' dir='ltr'>αὑτοῦ.</span> <span class='ocrx_word' id='word_1_259' title='bbox 3230 1761 3339 1818; x_wconf 81' lang='grc' dir='ltr'><strong>Καὶ</strong></span> <span class='ocrx_word' id='word_1_260' title='bbox 3381 1761 3511 1815; x_wconf 82' lang='grc' dir='ltr'>ἐκεῖ</span> <span class='ocrx_word' id='word_1_261' title='bbox 3540 1761 3787 1830; x_wconf 74' lang='grc' dir='ltr'>ἔμειναν</span> 
     </span>
    </p>
   </div>
   <div class='ocr_carea' id='block_1_36' title="bbox 523 1853 1158 1929">
    <p class='ocr_par' dir='ltr' id='par_1_36' title="bbox 523 1853 1158 1929">
     <span class='ocr_line' id='line_1_36' title="bbox 523 1853 1158 1929; baseline 0.013 -23"><span class='ocrx_word' id='word_1_262' title='bbox 523 1853 680 1910; x_wconf 80' lang='lat' dir='ltr'><strong>Jesus</strong></span> <span class='ocrx_word' id='word_1_263' title='bbox 711 1855 1158 1929; x_wconf 78' lang='lat' dir='ltr'><strong>Hierosolymam.</strong></span> 
     </span>
    </p>
   </div>
   <div class='ocr_carea' id='block_1_37' title="bbox 597 2029 2104 2112">
    <p class='ocr_par' dir='ltr' id='par_1_37' title="bbox 597 2029 2104 2112">
     <span class='ocr_line' id='line_1_37' title="bbox 597 2029 2104 2112; baseline 0.01 -29"><span class='ocrx_word' id='word_1_264' title='bbox 597 2029 784 2098; x_wconf 62' lang='lat' dir='ltr'><strong>Multa,</strong></span> <span class='ocrx_word' id='word_1_265' title='bbox 822 2049 994 2102; x_wconf 86' lang='lat' dir='ltr'><strong>eaque</strong></span> <span class='ocrx_word' id='word_1_266' title='bbox 1017 2039 1302 2104; x_wconf 85' lang='lat' dir='ltr'><strong>praeclara,</strong></span> <span class='ocrx_word' id='word_1_267' title='bbox 1335 2054 1446 2092; x_wconf 84' lang='lat' dir='ltr'><strong>une</strong></span> <span class='ocrx_word' id='word_1_268' title='bbox 1468 2047 1515 2093; x_wconf 86' lang='lat' dir='ltr'><strong>et</strong></span> <span class='ocrx_word' id='word_1_269' title='bbox 1541 2041 1719 2110; x_wconf 86' lang='lat' dir='ltr'><strong>primo</strong></span> <span class='ocrx_word' id='word_1_270' title='bbox 1747 2041 1903 2112; x_wconf 87' lang='lat' dir='ltr'><strong>signo</strong></span> <span class='ocrx_word' id='word_1_271' title='bbox 1941 2043 2104 2099; x_wconf 88' lang='lat' dir='ltr'><strong>simul</strong></span> 
     </span>
    </p>
   </div>
   <div class='ocr_carea' id='block_1_38' title="bbox 527 2123 2102 2198">
    <p class='ocr_par' dir='ltr' id='par_1_38' title="bbox 527 2123 2102 2198">
     <span class='ocr_line' id='line_1_38' title="bbox 527 2123 2102 2198; baseline 0.01 -24"><span class='ocrx_word' id='word_1_272' title='bbox 527 2123 851 2191; x_wconf 81' lang='lat' dir='ltr'><strong>agebantur.</strong></span> <span class='ocrx_word' id='word_1_273' title='bbox 883 2124 1094 2195; x_wconf 71' lang='lat' dir='ltr'><strong>Nuptiae</strong></span> <span class='ocrx_word' id='word_1_274' title='bbox 1125 2129 1324 2198; x_wconf 85' lang='lat' dir='ltr'><strong>quippe</strong></span> <span class='ocrx_word' id='word_1_275' title='bbox 1351 2131 1708 2187; x_wconf 82' lang='lat' dir='ltr'><strong>honorabiles</strong></span> <span class='ocrx_word' id='word_1_276' title='bbox 1747 2133 2102 2190; x_wconf 69' lang='lat' dir='ltr'><strong>sanctiﬁcata:</strong></span> 
     </span>
    </p>
   </div>
   <div class='ocr_carea' id='block_1_39' title="bbox 525 2216 2100 2292">
    <p class='ocr_par' dir='ltr' id='par_1_39' title="bbox 525 2216 2100 2292">
     <span class='ocr_line' id='line_1_39' title="bbox 525 2216 2100 2292; baseline 0.009 -27"><span class='ocrx_word' id='word_1_277' title='bbox 525 2216 691 2276; x_wconf 80' lang='lat' dir='ltr'><strong>sunt‘,</strong></span> <span class='ocrx_word' id='word_1_278' title='bbox 729 2219 781 2267; x_wconf 87' lang='lat' dir='ltr'><strong>et</strong></span> <span class='ocrx_word' id='word_1_279' title='bbox 815 2219 1120 2273; x_wconf 83' lang='lat' dir='ltr'><strong>exsecratio</strong></span> <span class='ocrx_word' id='word_1_280' title='bbox 1159 2220 1212 2273; x_wconf 90' lang='lat' dir='ltr'><strong>in</strong></span> <span class='ocrx_word' id='word_1_281' title='bbox 1249 2221 1508 2278; x_wconf 89' lang='lat' dir='ltr'><strong>mulieres</strong></span> <span class='ocrx_word' id='word_1_282' title='bbox 1542 2225 1779 2292; x_wconf 87' lang='lat' dir='ltr'><strong>repulsa.</strong></span> <span class='ocrx_word' id='word_1_283' title='bbox 1808 2224 1924 2278; x_wconf 85' lang='lat' dir='ltr'><strong>Non</strong></span> <span class='ocrx_word' id='word_1_284' title='bbox 1959 2227 2100 2280; x_wconf 86' lang='lat' dir='ltr'><strong>enim</strong></span> 
     </span>
    </p>
   </div>
   <div class='ocr_carea' id='block_1_40' title="bbox 525 2301 2104 2386">
    <p class='ocr_par' dir='ltr' id='par_1_40' title="bbox 525 2301 2104 2386">
     <span class='ocr_line' id='line_1_40' title="bbox 525 2301 2104 2386; baseline 0.01 -31"><span class='ocrx_word' id='word_1_285' title='bbox 525 2301 581 2355; x_wconf 91' lang='lat' dir='ltr'><strong>in</strong></span> <span class='ocrx_word' id='word_1_286' title='bbox 617 2303 903 2360; x_wconf 90' lang='lat' dir='ltr'><strong>doloribus</strong></span> <span class='ocrx_word' id='word_1_287' title='bbox 933 2307 1072 2360; x_wconf 89' lang='lat' dir='ltr'><strong>ultra</strong></span> <span class='ocrx_word' id='word_1_288' title='bbox 1107 2311 1316 2378; x_wconf 83' lang='lat' dir='ltr'><strong>parient</strong></span> <span class='ocrx_word' id='word_1_289' title='bbox 1342 2311 1566 2376; x_wconf 90' lang='lat' dir='ltr'><strong>liberos,</strong></span> <span class='ocrx_word' id='word_1_290' title='bbox 1599 2329 1720 2367; x_wconf 90' lang='lat' dir='ltr'><strong>cum</strong></span> <span class='ocrx_word' id='word_1_291' title='bbox 1759 2315 1934 2384; x_wconf 87' lang='lat' dir='ltr'><strong>ipsum</strong></span> <span class='ocrx_word' id='word_1_292' title='bbox 1964 2331 2104 2386; x_wconf 83' lang='lat' dir='ltr'><strong>quo-</strong></span> 
     </span>
    </p>
   </div>
   <div class='ocr_carea' id='block_1_41' title="bbox 525 2401 2106 2465">
    <p class='ocr_par' dir='ltr' id='par_1_41' title="bbox 525 2401 2106 2465">
     <span class='ocr_line' id='line_1_41' title="bbox 525 2401 2106 2465; baseline 0.011 -19"><span class='ocrx_word' id='word_1_293' title='bbox 525 2409 630 2463; x_wconf 83' lang='lat' dir='ltr'><strong>que</strong></span> <span class='ocrx_word' id='word_1_294' title='bbox 657 2404 856 2451; x_wconf 72' lang='lat' dir='ltr'><strong>nostra:</strong></span> <span class='ocrx_word' id='word_1_295' title='bbox 881 2401 1252 2465; x_wconf 77' lang='lat' dir='ltr'><strong>generationis</strong></span> <span class='ocrx_word' id='word_1_296' title='bbox 1279 2401 1497 2457; x_wconf 87' lang='lat' dir='ltr'><strong>initium</strong></span> <span class='ocrx_word' id='word_1_297' title='bbox 1529 2405 1783 2460; x_wconf 72' lang='lat' dir='ltr'><strong>Christus</strong></span> <span class='ocrx_word' id='word_1_298' title='bbox 1811 2407 2106 2463; x_wconf 85' lang='lat' dir='ltr'><strong>benedixe-</strong></span> 
     </span>
    </p>
   </div>
   <div class='ocr_carea' id='block_1_42' title="bbox 524 2482 2101 2552">
    <p class='ocr_par' dir='ltr' id='par_1_42' title="bbox 524 2482 2101 2552">
     <span class='ocr_line' id='line_1_42' title="bbox 524 2482 2101 2552; baseline 0.011 -18"><span class='ocrx_word' id='word_1_299' title='bbox 524 2483 618 2539; x_wconf 85' lang='lat' dir='ltr'><strong>rit.</strong></span> <span class='ocrx_word' id='word_1_300' title='bbox 679 2482 862 2539; x_wconf 85' lang='lat' dir='ltr'><strong>Gloria</strong></span> <span class='ocrx_word' id='word_1_301' title='bbox 923 2501 1055 2541; x_wconf 83' lang='lat' dir='ltr'><strong>vero</strong></span> <span class='ocrx_word' id='word_1_302' title='bbox 1105 2487 1412 2545; x_wconf 87' lang='lat' dir='ltr'><strong>Salvatoris</strong></span> <span class='ocrx_word' id='word_1_303' title='bbox 1472 2494 1648 2548; x_wconf 87' lang='lat' dir='ltr'><strong>nostri</strong></span> <span class='ocrx_word' id='word_1_304' title='bbox 1708 2496 1848 2548; x_wconf 86' lang='lat' dir='ltr'><strong>radii</strong></span> <span class='ocrx_word' id='word_1_305' title='bbox 1901 2497 2101 2552; x_wconf 88' lang='lat' dir='ltr'><strong>solaris</strong></span> 
     </span>
    </p>
   </div>
   <div class='ocr_carea' id='block_1_43' title="bbox 525 2571 2100 2644">
    <p class='ocr_par' dir='ltr' id='par_1_43' title="bbox 525 2571 2100 2644">
     <span class='ocr_line' id='line_1_43' title="bbox 525 2571 2100 2644; baseline 0.011 -19"><span class='ocrx_word' id='word_1_306' title='bbox 525 2571 702 2626; x_wconf 87' lang='lat' dir='ltr'><strong>instar</strong></span> <span class='ocrx_word' id='word_1_307' title='bbox 725 2575 984 2644; x_wconf 81' lang='lat' dir='ltr'><strong>emicuit,</strong></span> <span class='ocrx_word' id='word_1_308' title='bbox 1017 2587 1071 2632; x_wconf 90' lang='lat' dir='ltr'><strong>et</strong></span> <span class='ocrx_word' id='word_1_309' title='bbox 1111 2579 1301 2633; x_wconf 89' lang='lat' dir='ltr'><strong>harum</strong></span> <span class='ocrx_word' id='word_1_310' title='bbox 1334 2595 1512 2635; x_wconf 83' lang='lat' dir='ltr'><strong>rerum</strong></span> <span class='ocrx_word' id='word_1_311' title='bbox 1546 2583 1908 2640; x_wconf 86' lang='lat' dir='ltr'><strong>admiratione</strong></span> <span class='ocrx_word' id='word_1_312' title='bbox 1936 2585 2100 2642; x_wconf 86' lang='lat' dir='ltr'><strong>disci-</strong></span> 
     </span>
    </p>
   </div>
   <div class='ocr_carea' id='block_1_44' title="bbox 523 2665 2102 2740">
    <p class='ocr_par' dir='ltr' id='par_1_44' title="bbox 523 2665 2102 2740">
     <span class='ocr_line' id='line_1_44' title="bbox 523 2665 2102 2740; baseline 0.01 -23"><span class='ocrx_word' id='word_1_313' title='bbox 523 2665 779 2734; x_wconf 81' lang='lat' dir='ltr'><strong>pulorum</strong></span> <span class='ocrx_word' id='word_1_314' title='bbox 825 2666 957 2723; x_wconf 82' lang='lat' dir='ltr'><strong>ﬁdes</strong></span> <span class='ocrx_word' id='word_1_315' title='bbox 1006 2671 1178 2740; x_wconf 87' lang='lat' dir='ltr'><strong>magis</strong></span> <span class='ocrx_word' id='word_1_316' title='bbox 1231 2672 1608 2727; x_wconf 75' lang='lat' dir='ltr'><strong>conﬁrmatur.</strong></span> <span class='ocrx_word' id='word_1_317' title='bbox 1671 2674 1777 2730; x_wconf 82' lang='lat' dir='ltr'><strong>Sed</strong></span> <span class='ocrx_word' id='word_1_318' title='bbox 1823 2677 2102 2732; x_wconf 75' lang='lat' dir='ltr'><strong>historicas</strong></span> 
     </span>
    </p>
   </div>
   <div class='ocr_carea' id='block_1_45' title="bbox 473 2757 2100 2831">
    <p class='ocr_par' dir='ltr' id='par_1_45' title="bbox 473 2757 2100 2831">
     <span class='ocr_line' id='line_1_45' title="bbox 473 2757 2100 2831; baseline 0.009 -21"><span class='ocrx_word' id='word_1_319' title='bbox 473 2779 482 2786; x_wconf 88' lang='lat'><strong><em>-</em></strong></span> <span class='ocrx_word' id='word_1_320' title='bbox 522 2757 747 2826; x_wconf 85' lang='lat' dir='ltr'><strong>quidem</strong></span> <span class='ocrx_word' id='word_1_321' title='bbox 781 2759 1142 2828; x_wconf 79' lang='lat' dir='ltr'><strong>expositionis</strong></span> <span class='ocrx_word' id='word_1_322' title='bbox 1185 2763 1323 2816; x_wconf 85' lang='lat' dir='ltr'><strong>satis</strong></span> <span class='ocrx_word' id='word_1_323' title='bbox 1376 2763 1448 2816; x_wconf 91' lang='lat' dir='ltr'><strong>sit</strong></span> <span class='ocrx_word' id='word_1_324' title='bbox 1491 2765 1756 2820; x_wconf 79' lang='lat' dir='ltr'><strong>hactenus</strong></span> <span class='ocrx_word' id='word_1_325' title='bbox 1781 2809 1794 2831; x_wconf 95' lang='lat'><strong>,</strong></span> <span class='ocrx_word' id='word_1_326' title='bbox 1854 2769 1960 2822; x_wconf 89' lang='lat' dir='ltr'><strong>alia</strong></span> <span class='ocrx_word' id='word_1_327' title='bbox 1999 2784 2100 2824; x_wconf 93' lang='lat' dir='ltr'><strong>no-</strong></span> 
     </span>
    </p>
   </div>
   <div class='ocr_carea' id='block_1_46' title="bbox 523 2847 2100 2928">
    <p class='ocr_par' dir='ltr' id='par_1_46' title="bbox 523 2847 2100 2928">
     <span class='ocr_line' id='line_1_46' title="bbox 523 2847 2100 2928; baseline 0.007 -27"><span class='ocrx_word' id='word_1_328' title='bbox 523 2847 608 2904; x_wconf 90' lang='lat' dir='ltr'><strong>bis</strong></span> <span class='ocrx_word' id='word_1_329' title='bbox 649 2857 733 2905; x_wconf 86' lang='lat' dir='ltr'><strong>est</strong></span> <span class='ocrx_word' id='word_1_330' title='bbox 765 2850 1003 2906; x_wconf 88' lang='lat' dir='ltr'><strong>ineunda</strong></span> <span class='ocrx_word' id='word_1_331' title='bbox 1035 2853 1458 2922; x_wconf 84' lang='lat' dir='ltr'><strong>contemplandi.</strong></span> <span class='ocrx_word' id='word_1_332' title='bbox 1480 2856 1650 2918; x_wconf 84' lang='lat' dir='ltr'><strong>ratio,</strong></span> <span class='ocrx_word' id='word_1_333' title='bbox 1691 2855 1848 2927; x_wconf 79' lang='lat'><strong>137</strong></span> <span class='ocrx_word' id='word_1_334' title='bbox 1883 2865 1937 2913; x_wconf 82' lang='grc' dir='ltr'>(ι</span> <span class='ocrx_word' id='word_1_335' title='bbox 1970 2859 2100 2928; x_wconf 90' lang='lat' dir='ltr'><strong>quid</strong></span> 
     </span>
    </p>
   </div>
   <div class='ocr_carea' id='block_1_47' title="bbox 520 2938 2101 3018">
    <p class='ocr_par' dir='ltr' id='par_1_47' title="bbox 520 2938 2101 3018">
     <span class='ocr_line' id='line_1_47' title="bbox 520 2938 2101 3018; baseline 0.008 -26"><span class='ocrx_word' id='word_1_336' title='bbox 520 2938 606 2992; x_wconf 88' lang='lat' dir='ltr'><strong>his</strong></span> <span class='ocrx_word' id='word_1_337' title='bbox 639 2940 1036 3007; x_wconf 86' lang='lat' dir='ltr'><strong>subiunuatur,</strong></span> <span class='ocrx_word' id='word_1_338' title='bbox 1086 2944 1462 2998; x_wconf 90' lang='lat' dir='ltr'><strong>indicandum.</strong></span> <span class='ocrx_word' id='word_1_339' title='bbox 1506 2945 1797 3002; x_wconf 72' lang='lat' dir='ltr'><strong>Descendit</strong></span> <span class='ocrx_word' id='word_1_340' title='bbox 1833 2947 2000 3018; x_wconf 81' lang='lat' dir='ltr'><strong>igitur</strong></span> <span class='ocrx_word' id='word_1_341' title='bbox 2034 2951 2101 3004; x_wconf 87' lang='lat' dir='ltr'><strong>de</strong></span> 
     </span>
    </p>
   </div>
   <div class='ocr_carea' id='block_1_48' title="bbox 520 3030 2172 3134">
    <p class='ocr_par' dir='ltr' id='par_1_48' title="bbox 520 3030 2172 3134">
     <span class='ocr_line' id='line_1_48' title="bbox 520 3030 2172 3134; baseline 0.003 -49"><span class='ocrx_word' id='word_1_342' title='bbox 520 3031 676 3085; x_wconf 72' lang='lat' dir='ltr'><strong>cmlls</strong></span> <span class='ocrx_word' id='word_1_343' title='bbox 695 3030 788 3084; x_wconf 83' lang='lat' dir='ltr'><strong>Dei</strong></span> <span class='ocrx_word' id='word_1_344' title='bbox 805 3030 1068 3098; x_wconf 77' lang='lat' dir='ltr'><strong>Verbum,</strong></span> <span class='ocrx_word' id='word_1_345' title='bbox 1085 3035 1225 3090; x_wconf 84' lang='lat' dir='ltr'><strong>sicut</strong></span> <span class='ocrx_word' id='word_1_346' title='bbox 1239 3035 1355 3105; x_wconf 87' lang='lat' dir='ltr'><strong>ipse</strong></span> <span class='ocrx_word' id='word_1_347' title='bbox 1373 3036 1449 3089; x_wconf 82' lang='lat' dir='ltr'><strong>ait</strong></span> <span class='ocrx_word' id='word_1_348' title='bbox 1465 3037 1665 3091; x_wconf 86' lang='lat' dir='ltr'><strong>alicubi</strong></span> <span class='ocrx_word' id='word_1_349' title='bbox 1679 3038 1744 3102; x_wconf 70' lang='grc' dir='ltr'>τί,</span> <span class='ocrx_word' id='word_1_350' title='bbox 1770 3048 1827 3090; x_wconf 87' lang='grc' dir='ltr'><strong>ιιι</strong></span> <span class='ocrx_word' id='word_1_351' title='bbox 1848 3047 2096 3091; x_wconf 82' lang='lat' dir='ltr'><strong>naturam</strong></span> <span class='ocrx_word' id='word_1_352' title='bbox 2129 3075 2172 3134; x_wconf 65' lang='grc' dir='ltr'><strong>Ο</strong></span> 
     </span>
    </p>
   </div>
   <div class='ocr_carea' id='block_1_49' title="bbox 518 3120 2101 3198">
    <p class='ocr_par' dir='ltr' id='par_1_49' title="bbox 518 3120 2101 3198">
     <span class='ocr_line' id='line_1_49' title="bbox 518 3120 2101 3198; baseline 0.005 -24"><span class='ocrx_word' id='word_1_353' title='bbox 518 3120 759 3177; x_wconf 82' lang='lat' dir='ltr'><strong>hominis</strong></span> <span class='ocrx_word' id='word_1_354' title='bbox 785 3124 894 3178; x_wconf 82' lang='lat' dir='ltr'><strong>sibi</strong></span> <span class='ocrx_word' id='word_1_355' title='bbox 913 3127 1175 3178; x_wconf 84' lang='lat' dir='ltr'><strong>sociatam</strong></span> <span class='ocrx_word' id='word_1_356' title='bbox 1199 3127 1539 3196; x_wconf 89' lang='lat' dir='ltr'><strong>spiritalibus</strong></span> <span class='ocrx_word' id='word_1_357' title='bbox 1563 3128 1846 3198; x_wconf 64' lang='lat' dir='ltr'><strong>sapientiae</strong></span> <span class='ocrx_word' id='word_1_358' title='bbox 1873 3129 2101 3182; x_wconf 84' lang='lat' dir='ltr'><strong>semini-</strong></span> 
     </span>
    </p>
   </div>
   <div class='ocr_carea' id='block_1_50' title="bbox 519 3212 2096 3288">
    <p class='ocr_par' dir='ltr' id='par_1_50' title="bbox 519 3212 2096 3288">
     <span class='ocr_line' id='line_1_50' title="bbox 519 3212 2096 3288; baseline 0.005 -22"><span class='ocrx_word' id='word_1_359' title='bbox 519 3212 625 3269; x_wconf 90' lang='lat' dir='ltr'><strong>bus</strong></span> <span class='ocrx_word' id='word_1_360' title='bbox 664 3215 819 3284; x_wconf 88' lang='lat' dir='ltr'><strong>quasi</strong></span> <span class='ocrx_word' id='word_1_361' title='bbox 865 3230 1103 3284; x_wconf 86' lang='lat' dir='ltr'><strong>sponsus</strong></span> <span class='ocrx_word' id='word_1_362' title='bbox 1143 3229 1511 3286; x_wconf 65' lang='lat' dir='ltr'><strong>praegnantem</strong></span> <span class='ocrx_word' id='word_1_363' title='bbox 1552 3218 1666 3272; x_wconf 84' lang='lat' dir='ltr'><strong>ﬁeri</strong></span> <span class='ocrx_word' id='word_1_364' title='bbox 1717 3219 2096 3288; x_wconf 83' lang='lat' dir='ltr'><strong>persuaderet.</strong></span> 
     </span>
    </p>
   </div>
   <div class='ocr_carea' id='block_1_51' title="bbox 520 3295 2101 3376">
    <p class='ocr_par' dir='ltr' id='par_1_51' title="bbox 520 3295 2101 3376">
     <span class='ocr_line' id='line_1_51' title="bbox 520 3295 2101 3376; baseline 0.004 -20"><span class='ocrx_word' id='word_1_365' title='bbox 520 3295 590 3356; x_wconf 73' lang='lat' dir='ltr'><strong>Et</strong></span> <span class='ocrx_word' id='word_1_366' title='bbox 621 3317 822 3372; x_wconf 82' lang='lat' dir='ltr'><strong>sponsa</strong></span> <span class='ocrx_word' id='word_1_367' title='bbox 857 3305 1075 3372; x_wconf 83' lang='lat' dir='ltr'><strong>quidem</strong></span> <span class='ocrx_word' id='word_1_368' title='bbox 1099 3345 1112 3371; x_wconf 93' lang='lat'><strong>,</strong></span> <span class='ocrx_word' id='word_1_369' title='bbox 1151 3313 1210 3359; x_wconf 90' lang='lat' dir='ltr'><strong>ut</strong></span> <span class='ocrx_word' id='word_1_370' title='bbox 1245 3321 1344 3376; x_wconf 90' lang='lat' dir='ltr'><strong>par</strong></span> <span class='ocrx_word' id='word_1_371' title='bbox 1372 3315 1478 3370; x_wconf 89' lang='lat' dir='ltr'><strong>est,</strong></span> <span class='ocrx_word' id='word_1_372' title='bbox 1509 3307 1722 3360; x_wconf 91' lang='lat' dir='ltr'><strong>idcirco</strong></span> <span class='ocrx_word' id='word_1_373' title='bbox 1743 3316 1972 3362; x_wconf 85' lang='lat' dir='ltr'><strong>vocatur</strong></span> <span class='ocrx_word' id='word_1_374' title='bbox 2001 3306 2101 3362; x_wconf 85' lang='lat' dir='ltr'><strong>bu-</strong></span> 
     </span>
    </p>
   </div>
   <div class='ocr_carea' id='block_1_52' title="bbox 523 3395 2101 3467">
    <p class='ocr_par' dir='ltr' id='par_1_52' title="bbox 523 3395 2101 3467">
     <span class='ocr_line' id='line_1_52' title="bbox 523 3395 2101 3467; baseline 0.005 -22"><span class='ocrx_word' id='word_1_375' title='bbox 523 3399 760 3449; x_wconf 89' lang='lat' dir='ltr'><strong>manitas</strong></span> <span class='ocrx_word' id='word_1_376' title='bbox 781 3439 794 3462; x_wconf 92' lang='lat'><strong>,</strong></span> <span class='ocrx_word' id='word_1_377' title='bbox 829 3410 1064 3464; x_wconf 87' lang='lat' dir='ltr'><strong>sponsus</strong></span> <span class='ocrx_word' id='word_1_378' title='bbox 1096 3413 1228 3452; x_wconf 79' lang='lat' dir='ltr'><strong>vero</strong></span> <span class='ocrx_word' id='word_1_379' title='bbox 1261 3397 1540 3462; x_wconf 79' lang='lat' dir='ltr'><strong>Salvator,</strong></span> <span class='ocrx_word' id='word_1_380' title='bbox 1571 3397 1758 3451; x_wconf 83' lang='lat' dir='ltr'><strong>divina</strong></span> <span class='ocrx_word' id='word_1_381' title='bbox 1810 3395 2101 3467; x_wconf 88' lang='lat' dir='ltr'><strong>Scriptura</strong></span> 
     </span>
    </p>
   </div>
   <div class='ocr_carea' id='block_1_53' title="bbox 520 3489 2099 3561">
    <p class='ocr_par' dir='ltr' id='par_1_53' title="bbox 520 3489 2099 3561">
     <span class='ocr_line' id='line_1_53' title="bbox 520 3489 2099 3561; baseline 0.004 -21"><span class='ocrx_word' id='word_1_382' title='bbox 520 3501 588 3540; x_wconf 79' lang='lat' dir='ltr'><strong>ex</strong></span> <span class='ocrx_word' id='word_1_383' title='bbox 640 3502 820 3542; x_wconf 88' lang='lat' dir='ltr'><strong>rerum</strong></span> <span class='ocrx_word' id='word_1_384' title='bbox 861 3497 1176 3544; x_wconf 88' lang='lat' dir='ltr'><strong>nostrarum</strong></span> <span class='ocrx_word' id='word_1_385' title='bbox 1216 3489 1609 3554; x_wconf 87' lang='lat' dir='ltr'><strong>similitudine,</strong></span> <span class='ocrx_word' id='word_1_386' title='bbox 1655 3490 1723 3543; x_wconf 88' lang='lat' dir='ltr'><strong>ad</strong></span> <span class='ocrx_word' id='word_1_387' title='bbox 1789 3490 2099 3561; x_wconf 84' lang='lat' dir='ltr'><strong>intelligen-</strong></span> 
     </span>
    </p>
   </div>
   <div class='ocr_carea' id='block_1_54' title="bbox 521 3577 2100 3655">
    <p class='ocr_par' dir='ltr' id='par_1_54' title="bbox 521 3577 2100 3655">
     <span class='ocr_line' id='line_1_54' title="bbox 521 3577 2100 3655; baseline 0.005 -23"><span class='ocrx_word' id='word_1_388' title='bbox 521 3577 656 3632; x_wconf 86' lang='lat' dir='ltr'><strong>tiam</strong></span> <span class='ocrx_word' id='word_1_389' title='bbox 686 3578 850 3634; x_wconf 90' lang='lat' dir='ltr'><strong>nobis</strong></span> <span class='ocrx_word' id='word_1_390' title='bbox 881 3580 1134 3635; x_wconf 84' lang='lat' dir='ltr'><strong>altiorem</strong></span> <span class='ocrx_word' id='word_1_391' title='bbox 1165 3581 1373 3636; x_wconf 75' lang='lat' dir='ltr'><strong>dictum</strong></span> <span class='ocrx_word' id='word_1_392' title='bbox 1405 3580 1540 3635; x_wconf 93' lang='lat' dir='ltr'><strong>illud</strong></span> <span class='ocrx_word' id='word_1_393' title='bbox 1565 3581 1848 3637; x_wconf 80' lang='lat' dir='ltr'><strong>evehente.</strong></span> <span class='ocrx_word' id='word_1_394' title='bbox 1885 3581 2100 3655; x_wconf 74' lang='lat' dir='ltr'><strong>antia:</strong></span> 
     </span>
    </p>
   </div>
   <div class='ocr_carea' id='block_1_55' title="bbox 520 3669 2099 3744">
    <p class='ocr_par' dir='ltr' id='par_1_55' title="bbox 520 3669 2099 3744">
     <span class='ocr_line' id='line_1_55' title="bbox 520 3669 2099 3744; baseline 0.006 -23"><span class='ocrx_word' id='word_1_395' title='bbox 520 3669 681 3722; x_wconf 84' lang='lat' dir='ltr'><strong>tertia</strong></span> <span class='ocrx_word' id='word_1_396' title='bbox 714 3669 802 3724; x_wconf 90' lang='lat' dir='ltr'><strong>die</strong></span> <span class='ocrx_word' id='word_1_397' title='bbox 833 3671 1217 3736; x_wconf 86' lang='lat' dir='ltr'><strong>celebrantur,</strong></span> <span class='ocrx_word' id='word_1_398' title='bbox 1250 3673 1355 3726; x_wconf 91' lang='lat' dir='ltr'><strong>hoc</strong></span> <span class='ocrx_word' id='word_1_399' title='bbox 1381 3679 1467 3727; x_wconf 88' lang='lat' dir='ltr'><strong>est</strong></span> <span class='ocrx_word' id='word_1_400' title='bbox 1503 3673 1764 3729; x_wconf 85' lang='lat' dir='ltr'><strong>extremis</strong></span> <span class='ocrx_word' id='word_1_401' title='bbox 1803 3673 1968 3744; x_wconf 86' lang='lat' dir='ltr'><strong>hujus</strong></span> <span class='ocrx_word' id='word_1_402' title='bbox 1996 3691 2099 3731; x_wconf 80' lang='lat' dir='ltr'><strong>sae-</strong></span> 
     </span>
    </p>
   </div>
   <div class='ocr_carea' id='block_1_56' title="bbox 519 3760 2096 3832">
    <p class='ocr_par' dir='ltr' id='par_1_56' title="bbox 519 3760 2096 3832">
     <span class='ocr_line' id='line_1_56' title="bbox 519 3760 2096 3832; baseline 0.006 -18"><span class='ocrx_word' id='word_1_403' title='bbox 519 3760 629 3814; x_wconf 88' lang='lat' dir='ltr'><strong>culi</strong></span> <span class='ocrx_word' id='word_1_404' title='bbox 662 3763 1018 3832; x_wconf 87' lang='lat' dir='ltr'><strong>temporibus.</strong></span> <span class='ocrx_word' id='word_1_405' title='bbox 1047 3763 1350 3820; x_wconf 88' lang='lat' dir='ltr'><strong>Ternarius</strong></span> <span class='ocrx_word' id='word_1_406' title='bbox 1377 3766 1524 3818; x_wconf 90' lang='lat' dir='ltr'><strong>enim</strong></span> <span class='ocrx_word' id='word_1_407' title='bbox 1550 3781 1808 3821; x_wconf 89' lang='lat' dir='ltr'><strong>numerus</strong></span> <span class='ocrx_word' id='word_1_408' title='bbox 1829 3808 1845 3832; x_wconf 92' lang='lat'><strong>,</strong></span> <span class='ocrx_word' id='word_1_409' title='bbox 1883 3769 2096 3824; x_wconf 87' lang='lat' dir='ltr'><strong>initium</strong></span> 
     </span>
    </p>
   </div>
   <div class='ocr_carea' id='block_1_57' title="bbox 517 3852 2100 3929">
    <p class='ocr_par' dir='ltr' id='par_1_57' title="bbox 517 3852 2100 3929">
     <span class='ocr_line' id='line_1_57' title="bbox 517 3852 2100 3929; baseline 0.006 -24"><span class='ocrx_word' id='word_1_410' title='bbox 517 3852 709 3916; x_wconf 84' lang='lat' dir='ltr'><strong>nobis,</strong></span> <span class='ocrx_word' id='word_1_411' title='bbox 744 3853 979 3908; x_wconf 89' lang='lat' dir='ltr'><strong>medium</strong></span> <span class='ocrx_word' id='word_1_412' title='bbox 1023 3863 1079 3910; x_wconf 90' lang='lat' dir='ltr'><strong>et</strong></span> <span class='ocrx_word' id='word_1_413' title='bbox 1128 3859 1289 3909; x_wconf 85' lang='lat' dir='ltr'><strong>tinem</strong></span> <span class='ocrx_word' id='word_1_414' title='bbox 1341 3854 1568 3910; x_wconf 89' lang='lat' dir='ltr'><strong>inducit.</strong></span> <span class='ocrx_word' id='word_1_415' title='bbox 1599 3854 1689 3912; x_wconf 89' lang='lat' dir='ltr'><strong>Sic</strong></span> <span class='ocrx_word' id='word_1_416' title='bbox 1717 3859 1860 3911; x_wconf 90' lang='lat' dir='ltr'><strong>enim</strong></span> <span class='ocrx_word' id='word_1_417' title='bbox 1887 3861 2100 3929; x_wconf 91' lang='lat' dir='ltr'><strong>quodli-</strong></span> 
     </span>
    </p>
   </div>
   <div class='ocr_carea' id='block_1_58' title="bbox 519 3940 2098 4021">
    <p class='ocr_par' dir='ltr' id='par_1_58' title="bbox 519 3940 2098 4021">
     <span class='ocr_line' id='line_1_58' title="bbox 519 3940 2098 4021; baseline 0.007 -27"><span class='ocrx_word' id='word_1_418' title='bbox 519 3940 612 3994; x_wconf 86' lang='lat' dir='ltr'><strong>bet</strong></span> <span class='ocrx_word' id='word_1_419' title='bbox 637 3949 850 4012; x_wconf 86' lang='lat' dir='ltr'><strong>tempus</strong></span> <span class='ocrx_word' id='word_1_420' title='bbox 874 3943 1212 3998; x_wconf 89' lang='lat' dir='ltr'><strong>dimetimur.</strong></span> <span class='ocrx_word' id='word_1_421' title='bbox 1239 3941 1378 3999; x_wconf 84' lang='lat' dir='ltr'><strong>Huic</strong></span> <span class='ocrx_word' id='word_1_422' title='bbox 1397 3946 1778 4018; x_wconf 87' lang='lat' dir='ltr'><strong>propheticum</strong></span> <span class='ocrx_word' id='word_1_423' title='bbox 1803 3948 1936 4003; x_wconf 91' lang='lat' dir='ltr'><strong>illud</strong></span> <span class='ocrx_word' id='word_1_424' title='bbox 1967 3967 2098 4021; x_wconf 87' lang='lat' dir='ltr'><strong>qua-</strong></span> 
     </span>
    </p>
   </div>
   <div class='ocr_carea' id='block_1_59' title="bbox 517 4031 2096 4112">
    <p class='ocr_par' dir='ltr' id='par_1_59' title="bbox 517 4031 2096 4112">
     <span class='ocr_line' id='line_1_59' title="bbox 517 4031 2096 4112; baseline 0.008 -28"><span class='ocrx_word' id='word_1_425' title='bbox 517 4031 678 4086; x_wconf 89' lang='lat' dir='ltr'><strong>drare</strong></span> <span class='ocrx_word' id='word_1_426' title='bbox 727 4033 1002 4089; x_wconf 72' lang='lat' dir='ltr'><strong>videbitur</strong></span> <span class='ocrx_word' id='word_1_427' title='bbox 1030 4052 1044 4088; x_wconf 93' lang='lat'><strong>:</strong></span> <span class='ocrx_word' id='word_1_428' title='bbox 1107 4052 1126 4085; x_wconf 81' lang='grc' dir='ltr'><strong>ι</strong></span> <span class='ocrx_word' id='word_1_429' title='bbox 1158 4032 1468 4102; x_wconf 86' lang='lat' dir='ltr'><strong>Percutiet,</strong></span> <span class='ocrx_word' id='word_1_430' title='bbox 1501 4045 1556 4093; x_wconf 90' lang='lat' dir='ltr'><strong>et</strong></span> <span class='ocrx_word' id='word_1_431' title='bbox 1585 4039 1803 4094; x_wconf 87' lang='lat' dir='ltr'><strong>curabit</strong></span> <span class='ocrx_word' id='word_1_432' title='bbox 1836 4056 1938 4096; x_wconf 85' lang='lat' dir='ltr'><strong>nos</strong></span> <span class='ocrx_word' id='word_1_433' title='bbox 1974 4053 2096 4112; x_wconf 86' lang='lat' dir='ltr'><strong>post</strong></span> 
     </span>
    </p>
   </div>
   <div class='ocr_carea' id='block_1_60' title="bbox 517 4120 2094 4200">
    <p class='ocr_par' dir='ltr' id='par_1_60' title="bbox 517 4120 2094 4200">
     <span class='ocr_line' id='line_1_60' title="bbox 517 4120 2094 4200; baseline 0.008 -24"><span class='ocrx_word' id='word_1_434' title='bbox 517 4120 658 4178; x_wconf 89' lang='lat' dir='ltr'><strong>duos</strong></span> <span class='ocrx_word' id='word_1_435' title='bbox 691 4122 808 4178; x_wconf 87' lang='lat' dir='ltr'><strong>dies</strong></span> <span class='ocrx_word' id='word_1_436' title='bbox 833 4125 887 4178; x_wconf 90' lang='lat' dir='ltr'><strong>in</strong></span> <span class='ocrx_word' id='word_1_437' title='bbox 919 4125 1080 4178; x_wconf 85' lang='lat' dir='ltr'><strong>tertia</strong></span> <span class='ocrx_word' id='word_1_438' title='bbox 1110 4125 1198 4180; x_wconf 89' lang='lat' dir='ltr'><strong>die</strong></span> <span class='ocrx_word' id='word_1_439' title='bbox 1229 4145 1242 4180; x_wconf 91' lang='lat'><strong>:</strong></span> <span class='ocrx_word' id='word_1_440' title='bbox 1275 4137 1330 4181; x_wconf 86' lang='lat' dir='ltr'><strong>et</strong></span> <span class='ocrx_word' id='word_1_441' title='bbox 1361 4143 1739 4200; x_wconf 87' lang='lat' dir='ltr'><strong>resurgemus,</strong></span> <span class='ocrx_word' id='word_1_442' title='bbox 1768 4140 1820 4185; x_wconf 89' lang='lat' dir='ltr'><strong>et</strong></span> <span class='ocrx_word' id='word_1_443' title='bbox 1849 4131 2094 4189; x_wconf 82' lang='lat' dir='ltr'><strong>vivemus</strong></span> 
     </span>
    </p>
   </div>
   <div class='ocr_carea' id='block_1_61' title="bbox 517 4211 2096 4292">
    <p class='ocr_par' dir='ltr' id='par_1_61' title="bbox 517 4211 2096 4292">
     <span class='ocr_line' id='line_1_61' title="bbox 517 4211 2096 4292; baseline 0.008 -26"><span class='ocrx_word' id='word_1_444' title='bbox 517 4211 574 4266; x_wconf 87' lang='lat' dir='ltr'><strong>in</strong></span> <span class='ocrx_word' id='word_1_445' title='bbox 605 4223 905 4285; x_wconf 87' lang='lat' dir='ltr'><strong>conspectu</strong></span> <span class='ocrx_word' id='word_1_446' title='bbox 929 4217 1070 4284; x_wconf 87' lang='lat' dir='ltr'><strong>ejus,</strong></span> <span class='ocrx_word' id='word_1_447' title='bbox 1101 4225 1155 4272; x_wconf 92' lang='lat' dir='ltr'><strong>et</strong></span> <span class='ocrx_word' id='word_1_448' title='bbox 1186 4221 1445 4276; x_wconf 89' lang='lat' dir='ltr'><strong>sciemus.</strong></span> <span class='ocrx_word' id='word_1_449' title='bbox 1477 4219 1880 4292; x_wconf 86' lang='lat' dir='ltr'><strong>Persequemur</strong></span> <span class='ocrx_word' id='word_1_450' title='bbox 1917 4233 1974 4278; x_wconf 89' lang='lat' dir='ltr'><strong>ut</strong></span> <span class='ocrx_word' id='word_1_451' title='bbox 1999 4240 2096 4279; x_wconf 89' lang='lat' dir='ltr'><strong>eo-</strong></span> 
     </span>
    </p>
   </div>
   <div class='ocr_carea' id='block_1_62' title="bbox 516 4303 2094 4377">
    <p class='ocr_par' dir='ltr' id='par_1_62' title="bbox 516 4303 2094 4377">
     <span class='ocr_line' id='line_1_62' title="bbox 516 4303 2094 4377; baseline 0.008 -23"><span class='ocrx_word' id='word_1_452' title='bbox 516 4315 847 4372; x_wconf 80' lang='lat' dir='ltr'><strong>gnoscamus</strong></span> <span class='ocrx_word' id='word_1_453' title='bbox 874 4303 1182 4360; x_wconf 90' lang='lat' dir='ltr'><strong>Dominum.</strong></span> <span class='ocrx_word' id='word_1_454' title='bbox 1201 4305 1368 4371; x_wconf 88' lang='lat' dir='ltr'><strong>Quasi</strong></span> <span class='ocrx_word' id='word_1_455' title='bbox 1399 4321 1558 4363; x_wconf 90' lang='lat' dir='ltr'><strong>mane</strong></span> <span class='ocrx_word' id='word_1_456' title='bbox 1583 4320 1828 4377; x_wconf 89' lang='lat' dir='ltr'><strong>paratum</strong></span> <span class='ocrx_word' id='word_1_457' title='bbox 1847 4313 2094 4367; x_wconf 80' lang='lat' dir='ltr'><strong>invenie-</strong></span> 
     </span>
    </p>
   </div>
   <div class='ocr_carea' id='block_1_63' title="bbox 2205 1849 3786 1925">
    <p class='ocr_par' dir='ltr' id='par_1_63' title="bbox 2205 1849 3786 1925">
     <span class='ocr_line' id='line_1_63' title="bbox 2205 1849 3786 1925; baseline -0.004 -13"><span class='ocrx_word' id='word_1_458' title='bbox 2205 1860 2278 1912; x_wconf 84' lang='grc' dir='ltr'>οὐ</span> <span class='ocrx_word' id='word_1_459' title='bbox 2306 1857 2544 1924; x_wconf 70' lang='grc' dir='ltr'>πολλὰς</span> <span class='ocrx_word' id='word_1_460' title='bbox 2582 1857 2824 1924; x_wconf 74' lang='grc' dir='ltr'>ἡμέρας.</span> <span class='ocrx_word' id='word_1_461' title='bbox 2845 1855 2950 1909; x_wconf 86' lang='lat' dir='ltr'><strong>Kal</strong></span> <span class='ocrx_word' id='word_1_462' title='bbox 2984 1853 3164 1925; x_wconf 69' lang='grc' dir='ltr'>ἐγγὺς</span> <span class='ocrx_word' id='word_1_463' title='bbox 3190 1849 3268 1923; x_wconf 77' lang='grc' dir='ltr'><strong>ἦν</strong></span> <span class='ocrx_word' id='word_1_464' title='bbox 3299 1851 3368 1906; x_wconf 85' lang='grc' dir='ltr'>τὸ</span> <span class='ocrx_word' id='word_1_465' title='bbox 3416 1851 3634 1920; x_wconf 80' lang='grc' dir='ltr'><strong>Πάσχα</strong></span> <span class='ocrx_word' id='word_1_466' title='bbox 3666 1851 3786 1906; x_wconf 74' lang='grc' dir='ltr'><strong>τῶν</strong></span> 
     </span>
    </p>
   </div>
   <div class='ocr_carea' id='block_1_64' title="bbox 2219 1941 3784 2016">
    <p class='ocr_par' dir='ltr' id='par_1_64' title="bbox 2219 1941 3784 2016">
     <span class='ocr_line' id='line_1_64' title="bbox 2219 1941 3784 2016; baseline -0.006 -10"><span class='ocrx_word' id='word_1_467' title='bbox 2219 1952 2540 2016; x_wconf 80' lang='grc' dir='ltr'><strong>Ἰουδαίων,</strong></span> <span class='ocrx_word' id='word_1_468' title='bbox 2571 1950 2667 2004; x_wconf 78' lang='grc' dir='ltr'>καὶ</span> <span class='ocrx_word' id='word_1_469' title='bbox 2688 1949 2870 2016; x_wconf 74' lang='grc' dir='ltr'>ἀνέϐη</span> <span class='ocrx_word' id='word_1_470' title='bbox 2901 1950 2988 2013; x_wconf 86' lang='grc' dir='ltr'><strong>είς</strong></span> <span class='ocrx_word' id='word_1_471' title='bbox 3037 1947 3424 2014; x_wconf 72' lang='grc' dir='ltr'>Ἰεροσόλυμα</span> <span class='ocrx_word' id='word_1_472' title='bbox 3448 1947 3480 1998; x_wconf 79' lang='grc' dir='ltr'><em>ὁ</em></span> <span class='ocrx_word' id='word_1_473' title='bbox 3521 1941 3784 2010; x_wconf 83' lang='grc' dir='ltr'>Ἰησοῦς.</span> 
     </span>
    </p>
   </div>
   <div class='ocr_carea' id='block_1_65' title="bbox 2275 2032 3788 2096">
    <p class='ocr_par' dir='ltr' id='par_1_65' title="bbox 2275 2032 3788 2096">
     <span class='ocr_line' id='line_1_65' title="bbox 2275 2032 3788 2096; baseline -0.008 0"><span class='ocrx_word' id='word_1_474' title='bbox 2275 2043 2449 2096; x_wconf 83' lang='grc' dir='ltr'>Πολλὰ</span> <span class='ocrx_word' id='word_1_475' title='bbox 2485 2041 2626 2096; x_wconf 76' lang='grc' dir='ltr'>κατὰ</span> <span class='ocrx_word' id='word_1_476' title='bbox 2667 2040 2863 2093; x_wconf 69' lang='grc' dir='ltr'>ταυτὸν</span> <span class='ocrx_word' id='word_1_477' title='bbox 2905 2039 3140 2092; x_wconf 82' lang='grc' dir='ltr'>ἐτελεῖτο</span> <span class='ocrx_word' id='word_1_478' title='bbox 3185 2037 3252 2089; x_wconf 79' lang='grc' dir='ltr'>τὰ</span> <span class='ocrx_word' id='word_1_479' title='bbox 3279 2035 3542 2090; x_wconf 75' lang='grc' dir='ltr'>κάλλιστα</span> <span class='ocrx_word' id='word_1_480' title='bbox 3571 2034 3640 2087; x_wconf 78' lang='grc' dir='ltr'><strong>δι’</strong></span> <span class='ocrx_word' id='word_1_481' title='bbox 3665 2032 3788 2096; x_wconf 77' lang='grc' dir='ltr'>ἑνὸς</span> 
     </span>
    </p>
   </div>
   <div class='ocr_carea' id='block_1_66' title="bbox 2203 2123 3790 2206">
    <p class='ocr_par' dir='ltr' id='par_1_66' title="bbox 2203 2123 3790 2206">
     <span class='ocr_line' id='line_1_66' title="bbox 2203 2123 3790 2206; baseline -0.01 -16"><span class='ocrx_word' id='word_1_482' title='bbox 2203 2138 2298 2190; x_wconf 77' lang='grc' dir='ltr'><strong>καὶ</strong></span> <span class='ocrx_word' id='word_1_483' title='bbox 2329 2134 2546 2206; x_wconf 83' lang='grc' dir='ltr'>πρώτου</span> <span class='ocrx_word' id='word_1_484' title='bbox 2575 2133 2821 2202; x_wconf 77' lang='grc' dir='ltr'><strong>σημείου.</strong></span> <span class='ocrx_word' id='word_1_485' title='bbox 2858 2131 3038 2200; x_wconf 83' lang='grc' dir='ltr'>Γάμος</span> <span class='ocrx_word' id='word_1_486' title='bbox 3063 2129 3159 2200; x_wconf 81' lang='grc' dir='ltr'>μὲν</span> <span class='ocrx_word' id='word_1_487' title='bbox 3189 2128 3298 2199; x_wconf 85' lang='grc' dir='ltr'><strong>γὰρ</strong></span> <span class='ocrx_word' id='word_1_488' title='bbox 3319 2129 3347 2180; x_wconf 88' lang='lat'><strong>6</strong></span> <span class='ocrx_word' id='word_1_489' title='bbox 3367 2127 3548 2196; x_wconf 85' lang='grc' dir='ltr'>τίμιος</span> <span class='ocrx_word' id='word_1_490' title='bbox 3568 2123 3790 2194; x_wconf 85' lang='grc' dir='ltr'>ἡγιάζε-</span> 
     </span>
    </p>
   </div>
   <div class='ocr_carea' id='block_1_67' title="bbox 2201 2215 3790 2298">
    <p class='ocr_par' dir='ltr' id='par_1_67' title="bbox 2201 2215 3790 2298">
     <span class='ocr_line' id='line_1_67' title="bbox 2201 2215 3790 2298; baseline -0.008 -19"><span class='ocrx_word' id='word_1_491' title='bbox 2201 2245 2282 2289; x_wconf 91' lang='grc' dir='ltr'><strong>το,</strong></span> <span class='ocrx_word' id='word_1_492' title='bbox 2320 2227 2428 2298; x_wconf 68' lang='grc' dir='ltr'>ἀρὰ</span> <span class='ocrx_word' id='word_1_493' title='bbox 2460 2223 2516 2278; x_wconf 78' lang='grc' dir='ltr'><strong>δὲ</strong></span> <span class='ocrx_word' id='word_1_494' title='bbox 2543 2227 2576 2293; x_wconf 94' lang='grc' dir='ltr'><strong>ἡ</strong></span> <span class='ocrx_word' id='word_1_495' title='bbox 2610 2223 2752 2277; x_wconf 79' lang='grc' dir='ltr'>κατὰ</span> <span class='ocrx_word' id='word_1_496' title='bbox 2789 2221 3063 2291; x_wconf 82' lang='grc' dir='ltr'>γυναικῶν</span> <span class='ocrx_word' id='word_1_497' title='bbox 3090 2217 3352 2274; x_wconf 69' lang='grc' dir='ltr'>ἐκποδὼν.</span> <span class='ocrx_word' id='word_1_498' title='bbox 3379 2219 3453 2270; x_wconf 86' lang='grc' dir='ltr'>Ού</span> <span class='ocrx_word' id='word_1_499' title='bbox 3475 2217 3584 2288; x_wconf 77' lang='grc' dir='ltr'>γὰρ</span> <span class='ocrx_word' id='word_1_500' title='bbox 3609 2217 3668 2268; x_wconf 79' lang='grc' dir='ltr'><strong>ὲν</strong></span> <span class='ocrx_word' id='word_1_501' title='bbox 3693 2215 3790 2266; x_wconf 85' lang='grc' dir='ltr'>λύ-</span> 
     </span>
    </p>
   </div>
   <div class='ocr_carea' id='block_1_68' title="bbox 2203 2306 3788 2381">
    <p class='ocr_par' dir='ltr' id='par_1_68' title="bbox 2203 2306 3788 2381">
     <span class='ocr_line' id='line_1_68' title="bbox 2203 2306 3788 2381; baseline -0.009 -10"><span class='ocrx_word' id='word_1_502' title='bbox 2203 2335 2332 2381; x_wconf 81' lang='grc' dir='ltr'>παις</span> <span class='ocrx_word' id='word_1_503' title='bbox 2358 2316 2436 2370; x_wconf 82' lang='grc' dir='ltr'>ἔτι</span> <span class='ocrx_word' id='word_1_504' title='bbox 2471 2315 2715 2380; x_wconf 80' lang='grc' dir='ltr'>τέξονται</span> <span class='ocrx_word' id='word_1_505' title='bbox 2743 2313 2927 2378; x_wconf 83' lang='grc' dir='ltr'>τέκνα,</span> <span class='ocrx_word' id='word_1_506' title='bbox 2961 2313 3056 2366; x_wconf 70' lang='grc' dir='ltr'><strong>καὶ</strong></span> <span class='ocrx_word' id='word_1_507' title='bbox 3081 2311 3252 2381; x_wconf 79' lang='grc' dir='ltr'>αὐτὴν</span> <span class='ocrx_word' id='word_1_508' title='bbox 3282 2311 3314 2380; x_wconf 82' lang='grc' dir='ltr'><strong>ἡ</strong></span> <span class='ocrx_word' id='word_1_509' title='bbox 3326 2309 3440 2378; x_wconf 86' lang='grc' dir='ltr'><strong>μῶν</strong></span> <span class='ocrx_word' id='word_1_510' title='bbox 3469 2308 3563 2378; x_wconf 80' lang='grc' dir='ltr'>τῆς</span> <span class='ocrx_word' id='word_1_511' title='bbox 3593 2306 3788 2376; x_wconf 80' lang='grc' dir='ltr'>γεννὴο</span> 
     </span>
    </p>
   </div>
   <div class='ocr_carea' id='block_1_69' title="bbox 2205 2397 3788 2479">
    <p class='ocr_par' dir='ltr' id='par_1_69' title="bbox 2205 2397 3788 2479">
     <span class='ocr_line' id='line_1_69' title="bbox 2205 2397 3788 2479; baseline -0.009 -16"><span class='ocrx_word' id='word_1_512' title='bbox 2205 2428 2339 2474; x_wconf 75' lang='lat' dir='ltr'><strong>asto;</strong></span> <span class='ocrx_word' id='word_1_513' title='bbox 2371 2409 2468 2479; x_wconf 81' lang='grc' dir='ltr'>τὴν</span> <span class='ocrx_word' id='word_1_514' title='bbox 2502 2406 2672 2476; x_wconf 80' lang='grc' dir='ltr'>ἀρχὴν</span> <span class='ocrx_word' id='word_1_515' title='bbox 2700 2405 3090 2474; x_wconf 74' lang='grc' dir='ltr'>εὐλογήσαντος</span> <span class='ocrx_word' id='word_1_516' title='bbox 3111 2403 3202 2455; x_wconf 75' lang='grc' dir='ltr'>τοῦ</span> <span class='ocrx_word' id='word_1_517' title='bbox 3234 2398 3490 2472; x_wconf 76' lang='grc' dir='ltr'>Χριστοῦ.</span> <span class='ocrx_word' id='word_1_518' title='bbox 3525 2397 3788 2464; x_wconf 76' lang='grc' dir='ltr'>Ἠλιακῆς</span> 
     </span>
    </p>
   </div>
   <div class='ocr_carea' id='block_1_70' title="bbox 2203 2487 3782 2570">
    <p class='ocr_par' dir='ltr' id='par_1_70' title="bbox 2203 2487 3782 2570">
     <span class='ocr_line' id='line_1_70' title="bbox 2203 2487 3782 2570; baseline -0.01 -16"><span class='ocrx_word' id='word_1_519' title='bbox 2203 2501 2258 2553; x_wconf 83' lang='grc' dir='ltr'><strong>δὲ</strong></span> <span class='ocrx_word' id='word_1_520' title='bbox 2287 2499 2438 2570; x_wconf 86' lang='grc' dir='ltr'>δίκην</span> <span class='ocrx_word' id='word_1_521' title='bbox 2462 2499 2677 2560; x_wconf 75' lang='grc' dir='ltr'>ἀκτῖνος</span> <span class='ocrx_word' id='word_1_522' title='bbox 2701 2497 2734 2567; x_wconf 92' lang='grc' dir='ltr'><strong>ἡ</strong></span> <span class='ocrx_word' id='word_1_523' title='bbox 2757 2497 2849 2549; x_wconf 74' lang='grc' dir='ltr'>τοῦ</span> <span class='ocrx_word' id='word_1_524' title='bbox 2871 2495 3120 2564; x_wconf 80' lang='grc' dir='ltr'>Σωτῆρος</span> <span class='ocrx_word' id='word_1_525' title='bbox 3145 2492 3302 2562; x_wconf 74' lang='grc' dir='ltr'>ἡμῶν</span> <span class='ocrx_word' id='word_1_526' title='bbox 3325 2489 3485 2544; x_wconf 82' lang='grc' dir='ltr'>ἀνέλοι</span> <span class='ocrx_word' id='word_1_527' title='bbox 3495 2488 3602 2559; x_wconf 72' lang='grc' dir='ltr'><strong>μψε</strong></span> <span class='ocrx_word' id='word_1_528' title='bbox 3631 2487 3782 2552; x_wconf 79' lang='grc' dir='ltr'>δόξα,</span> 
     </span>
    </p>
   </div>
   <div class='ocr_carea' id='block_1_71' title="bbox 2205 2578 3788 2662">
    <p class='ocr_par' dir='ltr' id='par_1_71' title="bbox 2205 2578 3788 2662">
     <span class='ocr_line' id='line_1_71' title="bbox 2205 2578 3788 2662; baseline -0.01 -16"><span class='ocrx_word' id='word_1_529' title='bbox 2205 2593 2298 2646; x_wconf 77' lang='grc' dir='ltr'><strong>καὶ</strong></span> <span class='ocrx_word' id='word_1_530' title='bbox 2340 2591 2401 2644; x_wconf 84' lang='grc' dir='ltr'><strong>τὸ</strong></span> <span class='ocrx_word' id='word_1_531' title='bbox 2453 2590 2634 2662; x_wconf 79' lang='grc' dir='ltr'>μεῖζον</span> <span class='ocrx_word' id='word_1_532' title='bbox 2679 2588 2770 2641; x_wconf 72' lang='grc' dir='ltr'><strong>ἐπὶ</strong></span> <span class='ocrx_word' id='word_1_533' title='bbox 2801 2587 3008 2649; x_wconf 84' lang='grc' dir='ltr'>τούτοις</span> <span class='ocrx_word' id='word_1_534' title='bbox 3037 2582 3377 2656; x_wconf 79' lang='grc' dir='ltr'>βεϐαιοῦνται</span> <span class='ocrx_word' id='word_1_535' title='bbox 3425 2580 3560 2652; x_wconf 72' lang='grc' dir='ltr'>πρὸς</span> <span class='ocrx_word' id='word_1_536' title='bbox 3599 2578 3788 2632; x_wconf 81' lang='grc' dir='ltr'>πίστιν</span> 
     </span>
    </p>
   </div>
   <div class='ocr_carea' id='block_1_72' title="bbox 2205 2671 3790 2755">
    <p class='ocr_par' dir='ltr' id='par_1_72' title="bbox 2205 2671 3790 2755">
     <span class='ocr_line' id='line_1_72' title="bbox 2205 2671 3790 2755; baseline -0.01 -17"><span class='ocrx_word' id='word_1_537' title='bbox 2205 2683 2312 2738; x_wconf 79' lang='grc' dir='ltr'><strong>ἀπὸ</strong></span> <span class='ocrx_word' id='word_1_538' title='bbox 2337 2683 2428 2736; x_wconf 82' lang='grc' dir='ltr'>τοῦ</span> <span class='ocrx_word' id='word_1_539' title='bbox 2460 2681 2759 2752; x_wconf 75' lang='grc' dir='ltr'>θαυμάζειν</span> <span class='ocrx_word' id='word_1_540' title='bbox 2789 2682 2837 2733; x_wconf 83' lang='grc' dir='ltr'><strong>οἱ</strong></span> <span class='ocrx_word' id='word_1_541' title='bbox 2885 2677 3143 2755; x_wconf 78' lang='grc' dir='ltr'>μαθηταί.</span> <span class='ocrx_word' id='word_1_542' title='bbox 3183 2677 3240 2728; x_wconf 84' lang='lat'><strong>&#39;0</strong></span> <span class='ocrx_word' id='word_1_543' title='bbox 3265 2676 3362 2745; x_wconf 81' lang='grc' dir='ltr'><strong>μὲν</strong></span> <span class='ocrx_word' id='word_1_544' title='bbox 3387 2671 3478 2728; x_wconf 73' lang='grc' dir='ltr'><strong>οὖν</strong></span> <span class='ocrx_word' id='word_1_545' title='bbox 3509 2673 3610 2742; x_wconf 78' lang='grc' dir='ltr'>τῆς</span> <span class='ocrx_word' id='word_1_546' title='bbox 3645 2672 3790 2724; x_wconf 85' lang='grc' dir='ltr'>ἱστο-</span> 
     </span>
    </p>
   </div>
   <div class='ocr_carea' id='block_1_73' title="bbox 2205 2763 3789 2848">
    <p class='ocr_par' dir='ltr' id='par_1_73' title="bbox 2205 2763 3789 2848">
     <span class='ocr_line' id='line_1_73' title="bbox 2205 2763 3789 2848; baseline -0.009 -20"><span class='ocrx_word' id='word_1_547' title='bbox 2205 2775 2330 2848; x_wconf 79' lang='grc' dir='ltr'>ρίας</span> <span class='ocrx_word' id='word_1_548' title='bbox 2370 2773 2528 2841; x_wconf 85' lang='grc' dir='ltr'>λόγος</span> <span class='ocrx_word' id='word_1_549' title='bbox 2565 2775 2620 2826; x_wconf 80' lang='grc' dir='ltr'><strong>ὲν</strong></span> <span class='ocrx_word' id='word_1_550' title='bbox 2657 2773 2866 2833; x_wconf 83' lang='grc' dir='ltr'>τούτοις</span> <span class='ocrx_word' id='word_1_551' title='bbox 2903 2771 3159 2838; x_wconf 79' lang='grc' dir='ltr'>στήσεται</span> <span class='ocrx_word' id='word_1_552' title='bbox 3195 2782 3209 2798; x_wconf 72' lang='grc' dir='ltr'><strong>ο</strong></span> <span class='ocrx_word' id='word_1_553' title='bbox 3244 2763 3398 2837; x_wconf 70' lang='grc' dir='ltr'>οἶμαι</span> <span class='ocrx_word' id='word_1_554' title='bbox 3437 2765 3493 2817; x_wconf 83' lang='grc' dir='ltr'><strong>δὲ</strong></span> <span class='ocrx_word' id='word_1_555' title='bbox 3519 2763 3652 2828; x_wconf 87' lang='grc' dir='ltr'>δεῖν,</span> <span class='ocrx_word' id='word_1_556' title='bbox 3693 2764 3789 2816; x_wconf 69' lang='grc' dir='ltr'><strong>καὶ</strong></span> 
     </span>
    </p>
   </div>
   <div class='ocr_carea' id='block_1_74' title="bbox 2203 2853 3787 2936">
    <p class='ocr_par' dir='ltr' id='par_1_74' title="bbox 2203 2853 3787 2936">
     <span class='ocr_line' id='line_1_74' title="bbox 2203 2853 3787 2936; baseline -0.009 -17"><span class='ocrx_word' id='word_1_557' title='bbox 2203 2866 2395 2936; x_wconf 78' lang='grc' dir='ltr'>ἑτέραν</span> <span class='ocrx_word' id='word_1_558' title='bbox 2428 2867 2540 2928; x_wconf 86' lang='grc' dir='ltr'>τοῖς</span> <span class='ocrx_word' id='word_1_559' title='bbox 2583 2864 2899 2935; x_wconf 78' lang='grc' dir='ltr'>εἰρημένοις</span> <span class='ocrx_word' id='word_1_560' title='bbox 2947 2859 3278 2914; x_wconf 77' lang='grc' dir='ltr'>ἐπινοεῖσθαι</span> <span class='ocrx_word' id='word_1_561' title='bbox 3310 2857 3542 2928; x_wconf 81' lang='grc' dir='ltr'>θεωρίαν</span> <span class='ocrx_word' id='word_1_562' title='bbox 3566 2895 3581 2918; x_wconf 91' lang='grc'><strong>,</strong></span> <span class='ocrx_word' id='word_1_563' title='bbox 3609 2855 3704 2909; x_wconf 70' lang='grc' dir='ltr'><strong>καὶ</strong></span> <span class='ocrx_word' id='word_1_564' title='bbox 3731 2853 3787 2906; x_wconf 89' lang='grc' dir='ltr'><strong>τί</strong></span> 
     </span>
    </p>
   </div>
   <div class='ocr_carea' id='block_1_75' title="bbox 2202 2946 3788 3023">
    <p class='ocr_par' dir='ltr' id='par_1_75' title="bbox 2202 2946 3788 3023">
     <span class='ocr_line' id='line_1_75' title="bbox 2202 2946 3788 3023; baseline -0.009 -13"><span class='ocrx_word' id='word_1_565' title='bbox 2202 2957 2262 3010; x_wconf 75' lang='grc' dir='ltr'>τὸ</span> <span class='ocrx_word' id='word_1_566' title='bbox 2288 2955 2532 3008; x_wconf 73' lang='grc' dir='ltr'>ἐντεῦθεν</span> <span class='ocrx_word' id='word_1_567' title='bbox 2555 2953 2986 3023; x_wconf 81' lang='grc' dir='ltr'>ὑποδηλούμενον</span> <span class='ocrx_word' id='word_1_568' title='bbox 3011 2951 3201 3004; x_wconf 83' lang='grc' dir='ltr'>εἰπεῖν.</span> <span class='ocrx_word' id='word_1_569' title='bbox 3222 2946 3584 3016; x_wconf 77' lang='grc' dir='ltr'>Καταϐἐὸηκε</span> <span class='ocrx_word' id='word_1_570' title='bbox 3605 2947 3788 2997; x_wconf 84' lang='grc' dir='ltr'>τοίνυν</span> 
     </span>
    </p>
   </div>
   <div class='ocr_carea' id='block_1_76' title="bbox 2204 3035 3789 3115">
    <p class='ocr_par' dir='ltr' id='par_1_76' title="bbox 2204 3035 3789 3115">
     <span class='ocr_line' id='line_1_76' title="bbox 2204 3035 3789 3115; baseline -0.009 -16"><span class='ocrx_word' id='word_1_571' title='bbox 2204 3047 2263 3111; x_wconf 78' lang='grc' dir='ltr'><strong>ἐξ</strong></span> <span class='ocrx_word' id='word_1_572' title='bbox 2289 3046 2528 3115; x_wconf 75' lang='grc' dir='ltr'>οὐρανῶν</span> <span class='ocrx_word' id='word_1_573' title='bbox 2554 3049 2580 3100; x_wconf 84' lang='grc' dir='ltr'>ὁ</span> <span class='ocrx_word' id='word_1_574' title='bbox 2608 3043 2702 3098; x_wconf 85' lang='grc' dir='ltr'>τοῦ</span> <span class='ocrx_word' id='word_1_575' title='bbox 2745 3043 2878 3096; x_wconf 76' lang='grc' dir='ltr'>Θεοῦ</span> <span class='ocrx_word' id='word_1_576' title='bbox 2910 3041 3110 3110; x_wconf 83' lang='grc' dir='ltr'>Λόγος,</span> <span class='ocrx_word' id='word_1_577' title='bbox 3145 3043 3218 3104; x_wconf 81' lang='grc' dir='ltr'>ὡς</span> <span class='ocrx_word' id='word_1_578' title='bbox 3252 3039 3414 3101; x_wconf 85' lang='grc' dir='ltr'>αὑτός</span> <span class='ocrx_word' id='word_1_579' title='bbox 3462 3035 3563 3090; x_wconf 78' lang='grc' dir='ltr'><strong>πού</strong></span> <span class='ocrx_word' id='word_1_580' title='bbox 3598 3052 3789 3105; x_wconf 68' lang='grc' dir='ltr'>φησιν,</span> 
     </span>
    </p>
   </div>
   <div class='ocr_carea' id='block_1_77' title="bbox 2203 3129 3790 3209">
    <p class='ocr_par' dir='ltr' id='par_1_77' title="bbox 2203 3129 3790 3209">
     <span class='ocr_line' id='line_1_77' title="bbox 2203 3129 3790 3209; baseline -0.006 -17"><span class='ocrx_word' id='word_1_581' title='bbox 2203 3139 2291 3192; x_wconf 82' lang='grc' dir='ltr'><strong>ἵνα</strong></span> <span class='ocrx_word' id='word_1_582' title='bbox 2321 3139 2418 3209; x_wconf 79' lang='grc' dir='ltr'><strong>τὴν</strong></span> <span class='ocrx_word' id='word_1_583' title='bbox 2461 3137 2748 3208; x_wconf 81' lang='grc' dir='ltr'>ἀνθρώπου</span> <span class='ocrx_word' id='word_1_584' title='bbox 2776 3133 2939 3206; x_wconf 83' lang='grc' dir='ltr'>φύσιν</span> <span class='ocrx_word' id='word_1_585' title='bbox 2967 3133 3204 3204; x_wconf 78' lang='grc' dir='ltr'>νυμφίου</span> <span class='ocrx_word' id='word_1_586' title='bbox 3231 3132 3387 3202; x_wconf 87' lang='grc' dir='ltr'>δίκην</span> <span class='ocrx_word' id='word_1_587' title='bbox 3430 3129 3790 3198; x_wconf 75' lang='grc' dir='ltr'>οἰκειωσάμε-</span> 
     </span>
    </p>
   </div>
   <div class='ocr_carea' id='block_1_78' title="bbox 2202 3220 3790 3300">
    <p class='ocr_par' dir='ltr' id='par_1_78' title="bbox 2202 3220 3790 3300">
     <span class='ocr_line' id='line_1_78' title="bbox 2202 3220 3790 3300; baseline -0.008 -16"><span class='ocrx_word' id='word_1_588' title='bbox 2202 3247 2292 3294; x_wconf 85' lang='grc' dir='ltr'>νος</span> <span class='ocrx_word' id='word_1_589' title='bbox 2341 3233 2629 3300; x_wconf 71' lang='grc' dir='ltr'>κυοφορεῖν</span> <span class='ocrx_word' id='word_1_590' title='bbox 2680 3227 2948 3298; x_wconf 78' lang='grc' dir='ltr'>ἀναπείσῃ</span> <span class='ocrx_word' id='word_1_591' title='bbox 2993 3225 3062 3278; x_wconf 78' lang='grc' dir='ltr'>τὰ</span> <span class='ocrx_word' id='word_1_592' title='bbox 3091 3221 3438 3294; x_wconf 76' lang='grc' dir='ltr'>πνευματικὰ</span> <span class='ocrx_word' id='word_1_593' title='bbox 3463 3221 3564 3290; x_wconf 79' lang='grc' dir='ltr'>τῆς</span> <span class='ocrx_word' id='word_1_594' title='bbox 3596 3220 3790 3288; x_wconf 76' lang='grc' dir='ltr'>σοφίας</span> 
     </span>
    </p>
   </div>
   <div class='ocr_carea' id='block_1_79' title="bbox 2205 3311 3791 3392">
    <p class='ocr_par' dir='ltr' id='par_1_79' title="bbox 2205 3311 3791 3392">
     <span class='ocr_line' id='line_1_79' title="bbox 2205 3311 3791 3392; baseline -0.008 -18"><span class='ocrx_word' id='word_1_595' title='bbox 2205 3320 2514 3392; x_wconf 78' lang='grc' dir='ltr'>σπέρματα.</span> <span class='ocrx_word' id='word_1_596' title='bbox 2548 3320 2659 3374; x_wconf 75' lang='grc' dir='ltr'>Καὶ</span> <span class='ocrx_word' id='word_1_597' title='bbox 2713 3319 2900 3391; x_wconf 78' lang='grc' dir='ltr'>νύμφη</span> <span class='ocrx_word' id='word_1_598' title='bbox 2947 3317 3046 3388; x_wconf 75' lang='grc' dir='ltr'>μὲν</span> <span class='ocrx_word' id='word_1_599' title='bbox 3101 3316 3325 3376; x_wconf 69' lang='grc' dir='ltr'>εἰκότως</span> <span class='ocrx_word' id='word_1_600' title='bbox 3359 3315 3392 3384; x_wconf 87' lang='grc' dir='ltr'><strong>ἡ</strong></span> <span class='ocrx_word' id='word_1_601' title='bbox 3433 3311 3791 3382; x_wconf 80' lang='grc' dir='ltr'>ἀνθρωπότης</span> 
     </span>
    </p>
   </div>
   <div class='ocr_carea' id='block_1_80' title="bbox 2201 3401 3790 3479">
    <p class='ocr_par' dir='ltr' id='par_1_80' title="bbox 2201 3401 3790 3479">
     <span class='ocr_line' id='line_1_80' title="bbox 2201 3401 3790 3479; baseline -0.008 -13"><span class='ocrx_word' id='word_1_602' title='bbox 2201 3413 2290 3468; x_wconf 76' lang='grc' dir='ltr'><strong>διὰ</strong></span> <span class='ocrx_word' id='word_1_603' title='bbox 2330 3413 2522 3467; x_wconf 86' lang='grc' dir='ltr'>τούτου</span> <span class='ocrx_word' id='word_1_604' title='bbox 2576 3413 2864 3475; x_wconf 84' lang='grc' dir='ltr'>καλεῖται,</span> <span class='ocrx_word' id='word_1_605' title='bbox 2895 3408 3128 3479; x_wconf 85' lang='grc' dir='ltr'>νυμφίος</span> <span class='ocrx_word' id='word_1_606' title='bbox 3153 3406 3211 3460; x_wconf 78' lang='grc' dir='ltr'>δὲ</span> <span class='ocrx_word' id='word_1_607' title='bbox 3243 3409 3270 3458; x_wconf 90' lang='lat'><strong>6</strong></span> <span class='ocrx_word' id='word_1_608' title='bbox 3316 3404 3526 3474; x_wconf 81' lang='grc' dir='ltr'>Σωτὴρ,</span> <span class='ocrx_word' id='word_1_609' title='bbox 3569 3404 3633 3455; x_wconf 78' lang='grc' dir='ltr'>ὲκ</span> <span class='ocrx_word' id='word_1_610' title='bbox 3679 3401 3790 3454; x_wconf 84' lang='grc' dir='ltr'><strong>τῶν</strong></span> 
     </span>
    </p>
   </div>
   <div class='ocr_carea' id='block_1_81' title="bbox 2203 3492 3790 3576">
    <p class='ocr_par' dir='ltr' id='par_1_81' title="bbox 2203 3492 3790 3576">
     <span class='ocr_line' id='line_1_81' title="bbox 2203 3492 3790 3576; baseline -0.009 -17"><span class='ocrx_word' id='word_1_611' title='bbox 2203 3505 2327 3560; x_wconf 85' lang='grc' dir='ltr'>καθ’</span> <span class='ocrx_word' id='word_1_612' title='bbox 2355 3506 2506 3576; x_wconf 80' lang='grc' dir='ltr'>ἡμᾶς</span> <span class='ocrx_word' id='word_1_613' title='bbox 2549 3506 2630 3566; x_wconf 82' lang='grc' dir='ltr'>εἰς</span> <span class='ocrx_word' id='word_1_614' title='bbox 2663 3503 2849 3574; x_wconf 82' lang='grc' dir='ltr'>νόησιν</span> <span class='ocrx_word' id='word_1_615' title='bbox 2895 3501 2993 3573; x_wconf 84' lang='grc' dir='ltr'><strong>τὴν</strong></span> <span class='ocrx_word' id='word_1_616' title='bbox 3039 3499 3180 3570; x_wconf 79' lang='grc' dir='ltr'>ὑπὲρ</span> <span class='ocrx_word' id='word_1_617' title='bbox 3210 3499 3357 3567; x_wconf 81' lang='grc' dir='ltr'>ἡμᾶς</span> <span class='ocrx_word' id='word_1_618' title='bbox 3401 3492 3790 3562; x_wconf 82' lang='grc' dir='ltr'><strong>ἀνατεινούσης</strong></span> 
     </span>
    </p>
   </div>
   <div class='ocr_carea' id='block_1_82' title="bbox 2200 3583 3792 3666">
    <p class='ocr_par' dir='ltr' id='par_1_82' title="bbox 2200 3583 3792 3666">
     <span class='ocr_line' id='line_1_82' title="bbox 2200 3583 3792 3666; baseline -0.01 -15"><span class='ocrx_word' id='word_1_619' title='bbox 2200 3596 2293 3651; x_wconf 82' lang='grc' dir='ltr'><strong>τὸν</strong></span> <span class='ocrx_word' id='word_1_620' title='bbox 2339 3595 2498 3665; x_wconf 88' lang='grc' dir='ltr'>λόγον</span> <span class='ocrx_word' id='word_1_621' title='bbox 2530 3594 2630 3666; x_wconf 80' lang='grc' dir='ltr'>τῆς</span> <span class='ocrx_word' id='word_1_622' title='bbox 2661 3593 2811 3658; x_wconf 83' lang='grc' dir='ltr'>Θείας</span> <span class='ocrx_word' id='word_1_623' title='bbox 2844 3593 3068 3665; x_wconf 80' lang='grc' dir='ltr'>Γραφῆς</span> <span class='ocrx_word' id='word_1_624' title='bbox 3094 3608 3108 3622; x_wconf 82' lang='grc'><strong>·</strong></span> <span class='ocrx_word' id='word_1_625' title='bbox 3141 3589 3519 3660; x_wconf 80' lang='grc' dir='ltr'>συγκροτεῖται</span> <span class='ocrx_word' id='word_1_626' title='bbox 3547 3585 3606 3638; x_wconf 83' lang='grc' dir='ltr'><strong>δὲ</strong></span> <span class='ocrx_word' id='word_1_627' title='bbox 3635 3586 3664 3638; x_wconf 89' lang='lat'><strong>6</strong></span> <span class='ocrx_word' id='word_1_628' title='bbox 3690 3583 3792 3652; x_wconf 82' lang='grc' dir='ltr'><strong>γά-</strong></span> 
     </span>
    </p>
   </div>
   <div class='ocr_carea' id='block_1_83' title="bbox 2205 3673 3788 3757">
    <p class='ocr_par' dir='ltr' id='par_1_83' title="bbox 2205 3673 3788 3757">
     <span class='ocr_line' id='line_1_83' title="bbox 2205 3673 3788 3757; baseline -0.009 -18"><span class='ocrx_word' id='word_1_629' title='bbox 2205 3703 2303 3757; x_wconf 86' lang='grc' dir='ltr'><strong>μος</strong></span> <span class='ocrx_word' id='word_1_630' title='bbox 2357 3687 2414 3738; x_wconf 80' lang='grc' dir='ltr'>ὲν</span> <span class='ocrx_word' id='word_1_631' title='bbox 2461 3685 2645 3755; x_wconf 72' lang='grc' dir='ltr'>ἡμέρᾳ</span> <span class='ocrx_word' id='word_1_632' title='bbox 2677 3683 2860 3756; x_wconf 80' lang='grc' dir='ltr'>τρίτῃ,</span> <span class='ocrx_word' id='word_1_633' title='bbox 2899 3683 3042 3736; x_wconf 77' lang='grc' dir='ltr'>τοῦτ’</span> <span class='ocrx_word' id='word_1_634' title='bbox 3078 3681 3245 3744; x_wconf 77' lang='grc' dir='ltr'>ἔστιν,</span> <span class='ocrx_word' id='word_1_635' title='bbox 3295 3679 3352 3730; x_wconf 85' lang='grc' dir='ltr'>ὲν</span> <span class='ocrx_word' id='word_1_636' title='bbox 3385 3677 3635 3747; x_wconf 74' lang='grc' dir='ltr'>ἐσχάτοις</span> <span class='ocrx_word' id='word_1_637' title='bbox 3691 3673 3788 3726; x_wconf 83' lang='grc' dir='ltr'><strong>τοῦ</strong></span> 
     </span>
    </p>
   </div>
   <div class='ocr_carea' id='block_1_84' title="bbox 2201 3765 3791 3848">
    <p class='ocr_par' dir='ltr' id='par_1_84' title="bbox 2201 3765 3791 3848">
     <span class='ocr_line' id='line_1_84' title="bbox 2201 3765 3791 3848; baseline -0.009 -18"><span class='ocrx_word' id='word_1_638' title='bbox 2201 3776 2468 3848; x_wconf 79' lang='grc' dir='ltr'>παρόντος</span> <span class='ocrx_word' id='word_1_639' title='bbox 2525 3773 2724 3838; x_wconf 77' lang='grc' dir='ltr'>αἰῶνος</span> <span class='ocrx_word' id='word_1_640' title='bbox 2779 3775 2992 3843; x_wconf 85' lang='grc' dir='ltr'>καιροῖς</span> <span class='ocrx_word' id='word_1_641' title='bbox 3021 3789 3032 3800; x_wconf 94' lang='grc'>·</span> <span class='ocrx_word' id='word_1_642' title='bbox 3063 3773 3092 3826; x_wconf 86' lang='lat'><strong>6</strong></span> <span class='ocrx_word' id='word_1_643' title='bbox 3135 3773 3242 3840; x_wconf 83' lang='grc' dir='ltr'>γὰρ</span> <span class='ocrx_word' id='word_1_644' title='bbox 3279 3767 3462 3840; x_wconf 81' lang='grc' dir='ltr'>τρίτος</span> <span class='ocrx_word' id='word_1_645' title='bbox 3493 3767 3625 3836; x_wconf 83' lang='grc' dir='ltr'>ἡμῖν</span> <span class='ocrx_word' id='word_1_646' title='bbox 3666 3765 3791 3834; x_wconf 80' lang='grc' dir='ltr'>ἀρι-</span> 
     </span>
    </p>
   </div>
   <div class='ocr_carea' id='block_1_85' title="bbox 2200 3854 3790 3938">
    <p class='ocr_par' dir='ltr' id='par_1_85' title="bbox 2200 3854 3790 3938">
     <span class='ocr_line' id='line_1_85' title="bbox 2200 3854 3790 3938; baseline -0.008 -17"><span class='ocrx_word' id='word_1_647' title='bbox 2200 3868 2336 3938; x_wconf 74' lang='grc' dir='ltr'>θμὸς</span> <span class='ocrx_word' id='word_1_648' title='bbox 2359 3866 2534 3938; x_wconf 80' lang='grc' dir='ltr'>ἀρχὴν</span> <span class='ocrx_word' id='word_1_649' title='bbox 2562 3865 2826 3934; x_wconf 77' lang='grc' dir='ltr'>εἰσφέρει,</span> <span class='ocrx_word' id='word_1_650' title='bbox 2863 3863 2957 3917; x_wconf 74' lang='grc' dir='ltr'>καὶ</span> <span class='ocrx_word' id='word_1_651' title='bbox 2983 3862 3276 3934; x_wconf 84' lang='grc' dir='ltr'>μεσότητα,</span> <span class='ocrx_word' id='word_1_652' title='bbox 3303 3859 3398 3912; x_wconf 73' lang='grc' dir='ltr'>καὶ</span> <span class='ocrx_word' id='word_1_653' title='bbox 3423 3857 3578 3919; x_wconf 83' lang='grc' dir='ltr'>τέλος</span> <span class='ocrx_word' id='word_1_654' title='bbox 3597 3871 3612 3886; x_wconf 87' lang='grc'><strong>·</strong></span> <span class='ocrx_word' id='word_1_655' title='bbox 3643 3854 3790 3908; x_wconf 76' lang='grc' dir='ltr'>οὕτω</span> 
     </span>
    </p>
   </div>
   <div class='ocr_carea' id='block_1_86' title="bbox 2198 3947 3786 4028">
    <p class='ocr_par' dir='ltr' id='par_1_86' title="bbox 2198 3947 3786 4028">
     <span class='ocr_line' id='line_1_86' title="bbox 2198 3947 3786 4028; baseline -0.009 -19"><span class='ocrx_word' id='word_1_656' title='bbox 2198 3957 2307 4028; x_wconf 78' lang='grc' dir='ltr'><strong>γὰρ</strong></span> <span class='ocrx_word' id='word_1_657' title='bbox 2335 3957 2366 4008; x_wconf 90' lang='lat'><strong>6</strong></span> <span class='ocrx_word' id='word_1_658' title='bbox 2397 3954 2618 4024; x_wconf 84' lang='grc' dir='ltr'>σύμπας</span> <span class='ocrx_word' id='word_1_659' title='bbox 2659 3955 3006 4024; x_wconf 83' lang='grc' dir='ltr'>ὲκμετρείται</span> <span class='ocrx_word' id='word_1_660' title='bbox 3054 3953 3264 4022; x_wconf 89' lang='grc' dir='ltr'>χρόνος.</span> <span class='ocrx_word' id='word_1_661' title='bbox 3309 3947 3498 4017; x_wconf 86' lang='grc' dir='ltr'>Τούτῳ</span> <span class='ocrx_word' id='word_1_662' title='bbox 3534 3947 3786 4014; x_wconf 81' lang='grc' dir='ltr'>φανεῖται</span> 
     </span>
    </p>
   </div>
   <div class='ocr_carea' id='block_1_87' title="bbox 2199 4037 3788 4118">
    <p class='ocr_par' dir='ltr' id='par_1_87' title="bbox 2199 4037 3788 4118">
     <span class='ocr_line' id='line_1_87' title="bbox 2199 4037 3788 4118; baseline -0.007 -18"><span class='ocrx_word' id='word_1_663' title='bbox 2199 4045 2541 4118; x_wconf 79' lang='grc' dir='ltr'>προσεοικὸς,</span> <span class='ocrx_word' id='word_1_664' title='bbox 2583 4043 2644 4098; x_wconf 76' lang='grc' dir='ltr'><strong>τὸ</strong></span> <span class='ocrx_word' id='word_1_665' title='bbox 2695 4045 2762 4097; x_wconf 84' lang='grc' dir='ltr'><strong>δι’</strong></span> <span class='ocrx_word' id='word_1_666' title='bbox 2811 4044 2929 4108; x_wconf 70' lang='grc' dir='ltr'>ἑνός</span> <span class='ocrx_word' id='word_1_667' title='bbox 2963 4061 3066 4096; x_wconf 84' lang='grc' dir='ltr'><strong>που</strong></span> <span class='ocrx_word' id='word_1_668' title='bbox 3109 4043 3220 4096; x_wconf 77' lang='grc' dir='ltr'><strong>τῶν</strong></span> <span class='ocrx_word' id='word_1_669' title='bbox 3275 4041 3446 4109; x_wconf 82' lang='grc' dir='ltr'>ἁγίων</span> <span class='ocrx_word' id='word_1_670' title='bbox 3491 4037 3788 4110; x_wconf 72' lang='grc' dir='ltr'>προφητῶν</span> 
     </span>
    </p>
   </div>
   <div class='ocr_carea' id='block_1_88' title="bbox 2197 4125 3789 4208">
    <p class='ocr_par' dir='ltr' id='par_1_88' title="bbox 2197 4125 3789 4208">
     <span class='ocr_line' id='line_1_88' title="bbox 2197 4125 3789 4208; baseline -0.006 -19"><span class='ocrx_word' id='word_1_671' title='bbox 2197 4136 2519 4208; x_wconf 74' lang='grc' dir='ltr'>εἰρημένον·</span> <span class='ocrx_word' id='word_1_672' title='bbox 2560 4153 2580 4186; x_wconf 78' lang='grc' dir='ltr'><strong>ι</strong></span> <span class='ocrx_word' id='word_1_673' title='bbox 2631 4133 2888 4199; x_wconf 79' lang='grc' dir='ltr'>Πατάξει,</span> <span class='ocrx_word' id='word_1_674' title='bbox 2927 4136 3020 4188; x_wconf 76' lang='grc' dir='ltr'>καὶ</span> <span class='ocrx_word' id='word_1_675' title='bbox 3073 4131 3308 4203; x_wconf 84' lang='grc' dir='ltr'>μοτώσει</span> <span class='ocrx_word' id='word_1_676' title='bbox 3343 4132 3494 4202; x_wconf 82' lang='grc' dir='ltr'>ἡμᾶς</span> <span class='ocrx_word' id='word_1_677' title='bbox 3529 4127 3668 4199; x_wconf 81' lang='grc' dir='ltr'>μετὰ</span> <span class='ocrx_word' id='word_1_678' title='bbox 3693 4125 3789 4180; x_wconf 84' lang='grc' dir='ltr'>δύο</span> 
     </span>
    </p>
   </div>
   <div class='ocr_carea' id='block_1_89' title="bbox 2195 4217 3784 4300">
    <p class='ocr_par' dir='ltr' id='par_1_89' title="bbox 2195 4217 3784 4300">
     <span class='ocr_line' id='line_1_89' title="bbox 2195 4217 3784 4300; baseline -0.008 -18"><span class='ocrx_word' id='word_1_679' title='bbox 2195 4228 2412 4300; x_wconf 84' lang='grc' dir='ltr'>ἡμέρας</span> <span class='ocrx_word' id='word_1_680' title='bbox 2445 4229 2502 4280; x_wconf 77' lang='grc' dir='ltr'>ὲν</span> <span class='ocrx_word' id='word_1_681' title='bbox 2530 4229 2598 4298; x_wconf 83' lang='grc' dir='ltr'>τῇ</span> <span class='ocrx_word' id='word_1_682' title='bbox 2649 4225 2832 4298; x_wconf 80' lang='grc' dir='ltr'>ἡμέρᾳ</span> <span class='ocrx_word' id='word_1_683' title='bbox 2861 4227 2926 4296; x_wconf 75' lang='grc' dir='ltr'>τῇ</span> <span class='ocrx_word' id='word_1_684' title='bbox 2959 4225 3118 4297; x_wconf 81' lang='grc' dir='ltr'>τρίτῃ</span> <span class='ocrx_word' id='word_1_685' title='bbox 3154 4240 3168 4254; x_wconf 79' lang='grc' dir='ltr'><strong>ο</strong></span> <span class='ocrx_word' id='word_1_686' title='bbox 3197 4222 3293 4276; x_wconf 72' lang='grc' dir='ltr'><strong>καὶ</strong></span> <span class='ocrx_word' id='word_1_687' title='bbox 3345 4217 3784 4290; x_wconf 82' lang='grc' dir='ltr'>ἀναστησόμεθα,</span> 
     </span>
    </p>
   </div>
   <div class='ocr_carea' id='block_1_90' title="bbox 2197 4305 3784 4390">
    <p class='ocr_par' dir='ltr' id='par_1_90' title="bbox 2197 4305 3784 4390">
     <span class='ocr_line' id='line_1_90' title="bbox 2197 4305 3784 4390; baseline -0.009 -17"><span class='ocrx_word' id='word_1_688' title='bbox 2197 4321 2292 4372; x_wconf 74' lang='grc' dir='ltr'>καὶ</span> <span class='ocrx_word' id='word_1_689' title='bbox 2323 4317 2600 4390; x_wconf 83' lang='grc' dir='ltr'>ζησόμεθα</span> <span class='ocrx_word' id='word_1_690' title='bbox 2631 4317 2860 4370; x_wconf 74' lang='grc' dir='ltr'>ἐνώπιον</span> <span class='ocrx_word' id='word_1_691' title='bbox 2897 4315 3095 4378; x_wconf 83' lang='grc' dir='ltr'>αύτοῦ,</span> <span class='ocrx_word' id='word_1_692' title='bbox 3129 4313 3223 4367; x_wconf 73' lang='grc' dir='ltr'><strong>καὶ</strong></span> <span class='ocrx_word' id='word_1_693' title='bbox 3260 4309 3602 4381; x_wconf 83' lang='grc' dir='ltr'>γνωσόμεθα.</span> <span class='ocrx_word' id='word_1_694' title='bbox 3645 4305 3784 4360; x_wconf 82' lang='grc' dir='ltr'><strong>Διώ-</strong></span> 
     </span>
    </p>
   </div>
   <div class='ocr_carea' id='block_1_91' title="bbox 517 4393 2100 4483">
    <p class='ocr_par' dir='ltr' id='par_1_91' title="bbox 517 4393 2090 4473">
     <span class='ocr_line' id='line_1_91' title="bbox 517 4393 2090 4473; baseline 0.006 -27"><span class='ocrx_word' id='word_1_695' title='bbox 517 4407 640 4448; x_wconf 85' lang='lat' dir='ltr'><strong>mus</strong></span> <span class='ocrx_word' id='word_1_696' title='bbox 665 4396 870 4448; x_wconf 85' lang='lat' dir='ltr'><strong>eum&quot;.</strong></span> <span class='ocrx_word' id='word_1_697' title='bbox 897 4413 918 4448; x_wconf 73' lang='grc' dir='ltr'><strong>ι</strong></span> <span class='ocrx_word' id='word_1_698' title='bbox 939 4393 1219 4450; x_wconf 86' lang='lat' dir='ltr'><strong>Percussit</strong></span> <span class='ocrx_word' id='word_1_699' title='bbox 1235 4397 1380 4451; x_wconf 91' lang='lat' dir='ltr'><strong>enim</strong></span> <span class='ocrx_word' id='word_1_700' title='bbox 1407 4413 1510 4454; x_wconf 91' lang='lat' dir='ltr'><strong>nos</strong></span> <span class='ocrx_word' id='word_1_701' title='bbox 1527 4413 1746 4470; x_wconf 89' lang='lat' dir='ltr'><strong>propter</strong></span> <span class='ocrx_word' id='word_1_702' title='bbox 1765 4403 2090 4473; x_wconf 85' lang='lat' dir='ltr'><strong>praevarica-</strong></span> 
     </span>
    </p>
   </div>
   <div class='ocr_carea' id='block_1_92' title="bbox 2200 4393 3782 4483">
    <p class='ocr_par' dir='ltr' id='par_1_92' title="bbox 2200 4401 3782 4483">
     <span class='ocr_line' id='line_1_92' title="bbox 2200 4401 3782 4483; baseline -0.008 -17"><span class='ocrx_word' id='word_1_703' title='bbox 2200 4413 2359 4483; x_wconf 78' lang='grc' dir='ltr'>ξομεν</span> <span class='ocrx_word' id='word_1_704' title='bbox 2386 4413 2480 4466; x_wconf 84' lang='grc' dir='ltr'>τοῦ</span> <span class='ocrx_word' id='word_1_705' title='bbox 2515 4410 2720 4481; x_wconf 82' lang='grc' dir='ltr'>γνῶναι</span> <span class='ocrx_word' id='word_1_706' title='bbox 2747 4411 2837 4466; x_wconf 73' lang='grc' dir='ltr'><strong>τὸν</strong></span> <span class='ocrx_word' id='word_1_707' title='bbox 2866 4409 2947 4462; x_wconf 82' lang='grc' dir='ltr'>Κύ</span> <span class='ocrx_word' id='word_1_708' title='bbox 2959 4425 3098 4480; x_wconf 81' lang='grc' dir='ltr'>ριον’</span> <span class='ocrx_word' id='word_1_709' title='bbox 3135 4407 3206 4468; x_wconf 80' lang='grc' dir='ltr'>ὡς</span> <span class='ocrx_word' id='word_1_710' title='bbox 3229 4405 3423 4477; x_wconf 71' lang='grc' dir='ltr'>ὄρθρον</span> <span class='ocrx_word' id='word_1_711' title='bbox 3449 4404 3665 4474; x_wconf 77' lang='grc' dir='ltr'>ἕτοιμον</span> <span class='ocrx_word' id='word_1_712' title='bbox 3693 4401 3782 4454; x_wconf 80' lang='grc' dir='ltr'>εὐο</span> 
     </span>
    </p>
   </div>
   <div class='ocr_carea' id='block_1_93' title="bbox 516 4483 2090 4558">
    <p class='ocr_par' dir='ltr' id='par_1_93' title="bbox 516 4483 2090 4558">
     <span class='ocr_line' id='line_1_93' title="bbox 516 4483 2090 4558; baseline 0.007 -21"><span class='ocrx_word' id='word_1_713' title='bbox 516 4483 717 4540; x_wconf 87' lang='lat' dir='ltr'><strong>tionem</strong></span> <span class='ocrx_word' id='word_1_714' title='bbox 751 4487 898 4540; x_wconf 91' lang='lat' dir='ltr'><strong>illam</strong></span> <span class='ocrx_word' id='word_1_715' title='bbox 929 4487 986 4540; x_wconf 90' lang='lat' dir='ltr'><strong>in</strong></span> <span class='ocrx_word' id='word_1_716' title='bbox 1023 4485 1218 4555; x_wconf 83' lang='lat' dir='ltr'><strong>Adam,</strong></span> <span class='ocrx_word' id='word_1_717' title='bbox 1252 4488 1440 4545; x_wconf 89' lang='lat' dir='ltr'><strong>dicens</strong></span> <span class='ocrx_word' id='word_1_718' title='bbox 1472 4509 1484 4544; x_wconf 90' lang='lat'><strong>:</strong></span> <span class='ocrx_word' id='word_1_719' title='bbox 1526 4509 1544 4542; x_wconf 79' lang='grc' dir='ltr'><strong>ι</strong></span> <span class='ocrx_word' id='word_1_720' title='bbox 1580 4490 1744 4548; x_wconf 88' lang='lat' dir='ltr'><strong>Terra</strong></span> <span class='ocrx_word' id='word_1_721' title='bbox 1786 4510 1884 4558; x_wconf 87' lang='lat' dir='ltr'><strong>es.</strong></span> <span class='ocrx_word' id='word_1_722' title='bbox 1933 4503 1988 4548; x_wconf 90' lang='lat' dir='ltr'><strong>et</strong></span> <span class='ocrx_word' id='word_1_723' title='bbox 2037 4495 2090 4548; x_wconf 92' lang='lat' dir='ltr'><strong>in</strong></span> 
     </span>
    </p>
   </div>
   <div class='ocr_carea' id='block_1_94' title="bbox 516 4572 2112 4654">
    <p class='ocr_par' dir='ltr' id='par_1_94' title="bbox 516 4572 2112 4654">
     <span class='ocr_line' id='line_1_94' title="bbox 516 4572 2112 4654; baseline 0.007 -26"><span class='ocrx_word' id='word_1_724' title='bbox 516 4581 719 4629; x_wconf 89' lang='lat' dir='ltr'><strong>terram</strong></span> <span class='ocrx_word' id='word_1_725' title='bbox 762 4579 1056 4634; x_wconf 81' lang='lat' dir='ltr'><strong>reverteris</strong></span> <span class='ocrx_word' id='word_1_726' title='bbox 1095 4579 1162 4632; x_wconf 71' lang='grc' dir='ltr'><strong>τ’.</strong></span> <span class='ocrx_word' id='word_1_727' title='bbox 1202 4597 1220 4630; x_wconf 76' lang='grc' dir='ltr'><strong>ι</strong></span> <span class='ocrx_word' id='word_1_728' title='bbox 1269 4579 1373 4635; x_wconf 86' lang='lat' dir='ltr'><strong>Sed</strong></span> <span class='ocrx_word' id='word_1_729' title='bbox 1418 4585 1769 4654; x_wconf 88' lang='lat' dir='ltr'><strong>corruptione</strong></span> <span class='ocrx_word' id='word_1_730' title='bbox 1810 4591 1864 4640; x_wconf 89' lang='lat' dir='ltr'><strong>et</strong></span> <span class='ocrx_word' id='word_1_731' title='bbox 1915 4572 2112 4639; x_wconf 77' lang='lat' dir='ltr'><strong>morte</strong></span> 
     </span>
    </p>
   </div>
   <div class='ocr_carea' id='block_1_95' title="bbox 517 4673 2092 4744">
    <p class='ocr_par' dir='ltr' id='par_1_95' title="bbox 517 4673 2092 4744">
     <span class='ocr_line' id='line_1_95' title="bbox 517 4673 2092 4744; baseline 0.006 -23"><span class='ocrx_word' id='word_1_732' title='bbox 517 4681 812 4736; x_wconf 87' lang='lat' dir='ltr'><strong>percussos</strong></span> <span class='ocrx_word' id='word_1_733' title='bbox 847 4684 1040 4725; x_wconf 89' lang='lat' dir='ltr'><strong>rursus</strong></span> <span class='ocrx_word' id='word_1_734' title='bbox 1065 4673 1282 4727; x_wconf 75' lang='lat' dir='ltr'><strong>curavit</strong></span> <span class='ocrx_word' id='word_1_735' title='bbox 1316 4673 1430 4744; x_wconf 89' lang='lat' dir='ltr'><strong>ipse</strong></span> <span class='ocrx_word' id='word_1_736' title='bbox 1457 4676 1614 4730; x_wconf 91' lang='lat' dir='ltr'><strong>tertia</strong></span> <span class='ocrx_word' id='word_1_737' title='bbox 1640 4677 1749 4742; x_wconf 90' lang='lat' dir='ltr'><strong>die,</strong></span> <span class='ocrx_word' id='word_1_738' title='bbox 1785 4675 1838 4729; x_wconf 89' lang='lat' dir='ltr'><strong>id</strong></span> <span class='ocrx_word' id='word_1_739' title='bbox 1868 4684 1952 4731; x_wconf 88' lang='lat' dir='ltr'><strong>est</strong></span> <span class='ocrx_word' id='word_1_740' title='bbox 1981 4691 2092 4730; x_wconf 89' lang='lat' dir='ltr'><strong>non</strong></span> 
     </span>
    </p>
   </div>
   <div class='ocr_carea' id='block_1_96' title="bbox 517 4756 2090 4836">
    <p class='ocr_par' dir='ltr' id='par_1_96' title="bbox 517 4756 2090 4836">
     <span class='ocr_line' id='line_1_96' title="bbox 517 4756 2090 4836; baseline 0.01 -31"><span class='ocrx_word' id='word_1_741' title='bbox 517 4756 732 4825; x_wconf 82' lang='lat' dir='ltr'><strong>primis,</strong></span> <span class='ocrx_word' id='word_1_742' title='bbox 773 4773 950 4828; x_wconf 90' lang='lat' dir='ltr'><strong>neque</strong></span> <span class='ocrx_word' id='word_1_743' title='bbox 977 4760 1174 4815; x_wconf 89' lang='lat' dir='ltr'><strong>mediis</strong></span> <span class='ocrx_word' id='word_1_744' title='bbox 1199 4803 1214 4827; x_wconf 91' lang='lat'><strong>,</strong></span> <span class='ocrx_word' id='word_1_745' title='bbox 1257 4762 1354 4818; x_wconf 89' lang='lat' dir='ltr'><strong>sed</strong></span> <span class='ocrx_word' id='word_1_746' title='bbox 1389 4765 1443 4819; x_wconf 91' lang='lat' dir='ltr'><strong>in</strong></span> <span class='ocrx_word' id='word_1_747' title='bbox 1475 4765 1686 4820; x_wconf 90' lang='lat' dir='ltr'><strong>ultimis</strong></span> <span class='ocrx_word' id='word_1_748' title='bbox 1717 4766 2090 4836; x_wconf 87' lang='lat' dir='ltr'><strong>temporibus,</strong></span> 
     </span>
    </p>
   </div>
   <div class='ocr_carea' id='block_1_97' title="bbox 517 4849 2088 4923">
    <p class='ocr_par' dir='ltr' id='par_1_97' title="bbox 517 4849 2088 4923">
     <span class='ocr_line' id='line_1_97' title="bbox 517 4849 2088 4923; baseline 0.005 -21"><span class='ocrx_word' id='word_1_749' title='bbox 517 4849 739 4918; x_wconf 87' lang='lat' dir='ltr'><strong>quando</strong></span> <span class='ocrx_word' id='word_1_750' title='bbox 792 4849 954 4906; x_wconf 85' lang='lat' dir='ltr'><strong>homo</strong></span> <span class='ocrx_word' id='word_1_751' title='bbox 1010 4850 1234 4922; x_wconf 82' lang='lat' dir='ltr'><strong>factus,</strong></span> <span class='ocrx_word' id='word_1_752' title='bbox 1266 4865 1519 4910; x_wconf 87' lang='lat' dir='ltr'><strong>naturam</strong></span> <span class='ocrx_word' id='word_1_753' title='bbox 1565 4872 1756 4912; x_wconf 90' lang='lat' dir='ltr'><strong>sanam</strong></span> <span class='ocrx_word' id='word_1_754' title='bbox 1810 4856 2088 4923; x_wconf 87' lang='lat' dir='ltr'><strong>reddidit,</strong></span> 
     </span>
    </p>
   </div>
   <div class='ocr_carea' id='block_1_98' title="bbox 517 4944 2092 5022">
    <p class='ocr_par' dir='ltr' id='par_1_98' title="bbox 517 4944 2092 5022">
     <span class='ocr_line' id='line_1_98' title="bbox 517 4944 2092 5022; baseline 0.005 -28"><span class='ocrx_word' id='word_1_755' title='bbox 517 4955 637 4994; x_wconf 88' lang='lat' dir='ltr'><strong>eam</strong></span> <span class='ocrx_word' id='word_1_756' title='bbox 675 4949 844 4994; x_wconf 90' lang='lat' dir='ltr'><strong>totam</strong></span> <span class='ocrx_word' id='word_1_757' title='bbox 890 4944 1138 5000; x_wconf 79' lang='lat' dir='ltr'><strong>excitans</strong></span> <span class='ocrx_word' id='word_1_758' title='bbox 1175 4962 1207 5001; x_wconf 90' lang='lat' dir='ltr'><strong>e</strong></span> <span class='ocrx_word' id='word_1_759' title='bbox 1249 4948 1485 5003; x_wconf 89' lang='lat' dir='ltr'><strong>mortuis</strong></span> <span class='ocrx_word' id='word_1_760' title='bbox 1524 4947 1579 5001; x_wconf 92' lang='lat' dir='ltr'><strong>in</strong></span> <span class='ocrx_word' id='word_1_761' title='bbox 1617 4944 1822 5016; x_wconf 88' lang='lat' dir='ltr'><strong>seipso.</strong></span> <span class='ocrx_word' id='word_1_762' title='bbox 1855 4945 2092 5022; x_wconf 76' lang='lat' dir='ltr'><strong>ideoque</strong></span> 
     </span>
    </p>
   </div>
   <div class='ocr_carea' id='block_1_99' title="bbox 516 5033 2090 5110">
    <p class='ocr_par' dir='ltr' id='par_1_99' title="bbox 516 5033 2090 5110">
     <span class='ocr_line' id='line_1_99' title="bbox 516 5033 2090 5110; baseline 0.007 -28"><span class='ocrx_word' id='word_1_763' title='bbox 516 5041 746 5084; x_wconf 87' lang='lat' dir='ltr'><strong>vocatur</strong></span> <span class='ocrx_word' id='word_1_764' title='bbox 796 5033 1049 5103; x_wconf 62' lang='lat' dir='ltr'><strong>primitias</strong></span> <span class='ocrx_word' id='word_1_765' title='bbox 1091 5053 1309 5108; x_wconf 87' lang='lat' dir='ltr'><strong>quoque</strong></span> <span class='ocrx_word' id='word_1_766' title='bbox 1355 5038 1748 5095; x_wconf 88' lang='lat' dir='ltr'><strong>dormientium</strong></span> <span class='ocrx_word' id='word_1_767' title='bbox 1799 5037 1864 5091; x_wconf 67' lang='lat'><strong>7‘.</strong></span> <span class='ocrx_word' id='word_1_768' title='bbox 1921 5037 2090 5110; x_wconf 79' lang='lat' dir='ltr'><strong>igitur</strong></span> 
     </span>
    </p>
   </div>
   <div class='ocr_carea' id='block_1_100' title="bbox 517 5125 2084 5201">
    <p class='ocr_par' dir='ltr' id='par_1_100' title="bbox 517 5125 2084 5201">
     <span class='ocr_line' id='line_1_100' title="bbox 517 5125 2084 5201; baseline 0.009 -29"><span class='ocrx_word' id='word_1_769' title='bbox 517 5135 643 5174; x_wconf 92' lang='lat' dir='ltr'><strong>cum</strong></span> <span class='ocrx_word' id='word_1_770' title='bbox 684 5125 896 5178; x_wconf 85' lang='lat' dir='ltr'><strong>tertiam</strong></span> <span class='ocrx_word' id='word_1_771' title='bbox 927 5125 1070 5183; x_wconf 89' lang='lat' dir='ltr'><strong>diem</strong></span> <span class='ocrx_word' id='word_1_772' title='bbox 1100 5129 1256 5194; x_wconf 89' lang='lat' dir='ltr'><strong>dicit,</strong></span> <span class='ocrx_word' id='word_1_773' title='bbox 1285 5145 1392 5200; x_wconf 88' lang='lat' dir='ltr'><strong>qua</strong></span> <span class='ocrx_word' id='word_1_774' title='bbox 1421 5129 1828 5200; x_wconf 79' lang='lat' dir='ltr'><strong>peragebantur</strong></span> <span class='ocrx_word' id='word_1_775' title='bbox 1859 5131 2084 5201; x_wconf 73' lang='lat' dir='ltr'><strong>nuptiae,</strong></span> 
     </span>
    </p>
   </div>
   <div class='ocr_carea' id='block_1_101' title="bbox 519 5213 2086 5292">
    <p class='ocr_par' dir='ltr' id='par_1_101' title="bbox 519 5213 2086 5292">
     <span class='ocr_line' id='line_1_101' title="bbox 519 5213 2086 5292; baseline 0.006 -26"><span class='ocrx_word' id='word_1_776' title='bbox 519 5213 767 5268; x_wconf 90' lang='lat' dir='ltr'><strong>ultimum</strong></span> <span class='ocrx_word' id='word_1_777' title='bbox 801 5223 1014 5288; x_wconf 88' lang='lat' dir='ltr'><strong>tempus</strong></span> <span class='ocrx_word' id='word_1_778' title='bbox 1040 5221 1334 5292; x_wconf 85' lang='lat' dir='ltr'><strong>signiﬁcat.</strong></span> <span class='ocrx_word' id='word_1_779' title='bbox 1388 5219 1659 5274; x_wconf 84' lang='lat' dir='ltr'><strong>Praeterea</strong></span> <span class='ocrx_word' id='word_1_780' title='bbox 1693 5219 1872 5275; x_wconf 88' lang='lat' dir='ltr'><strong>locum</strong></span> <span class='ocrx_word' id='word_1_781' title='bbox 1936 5223 2086 5278; x_wconf 87' lang='lat' dir='ltr'><strong>desi-</strong></span> 
     </span>
    </p>
   </div>
   <div class='ocr_carea' id='block_1_102' title="bbox 519 5307 2086 5384">
    <p class='ocr_par' dir='ltr' id='par_1_102' title="bbox 519 5307 2086 5384">
     <span class='ocr_line' id='line_1_102' title="bbox 519 5307 2086 5384; baseline 0.008 -26"><span class='ocrx_word' id='word_1_782' title='bbox 519 5317 664 5372; x_wconf 80' lang='lat' dir='ltr'><strong>gnat.</strong></span> <span class='ocrx_word' id='word_1_783' title='bbox 701 5307 763 5362; x_wconf 90' lang='lat' dir='ltr'><strong>ln</strong></span> <span class='ocrx_word' id='word_1_784' title='bbox 811 5309 957 5366; x_wconf 82' lang='lat' dir='ltr'><strong>Cana</strong></span> <span class='ocrx_word' id='word_1_785' title='bbox 1005 5315 1152 5368; x_wconf 91' lang='lat' dir='ltr'><strong>enim</strong></span> <span class='ocrx_word' id='word_1_786' title='bbox 1201 5312 1439 5366; x_wconf 60' lang='lat' dir='ltr'><strong>Galilsca:</strong></span> <span class='ocrx_word' id='word_1_787' title='bbox 1481 5311 1717 5380; x_wconf 86' lang='lat' dir='ltr'><strong>oppido,</strong></span> <span class='ocrx_word' id='word_1_788' title='bbox 1749 5313 1950 5384; x_wconf 86' lang='lat' dir='ltr'><strong>inquit.</strong></span> <span class='ocrx_word' id='word_1_789' title='bbox 1986 5314 2086 5370; x_wconf 85' lang='lat' dir='ltr'><strong>llic</strong></span> 
     </span>
    </p>
   </div>
   <div class='ocr_carea' id='block_1_103' title="bbox 519 5400 2084 5478">
    <p class='ocr_par' dir='ltr' id='par_1_103' title="bbox 519 5400 2084 5478">
     <span class='ocr_line' id='line_1_103' title="bbox 519 5400 2084 5478; baseline 0.012 -32"><span class='ocrx_word' id='word_1_790' title='bbox 519 5409 711 5452; x_wconf 87' lang='lat' dir='ltr'><strong>rursus</strong></span> <span class='ocrx_word' id='word_1_791' title='bbox 745 5400 1140 5458; x_wconf 82' lang='lat' dir='ltr'><strong>animadvertat</strong></span> <span class='ocrx_word' id='word_1_792' title='bbox 1175 5402 1460 5457; x_wconf 85' lang='lat' dir='ltr'><strong>studiosus</strong></span> <span class='ocrx_word' id='word_1_793' title='bbox 1489 5441 1504 5464; x_wconf 88' lang='lat'><strong>,</strong></span> <span class='ocrx_word' id='word_1_794' title='bbox 1541 5416 1650 5456; x_wconf 89' lang='lat' dir='ltr'><strong>non</strong></span> <span class='ocrx_word' id='word_1_795' title='bbox 1689 5400 2084 5478; x_wconf 83' lang='lat' dir='ltr'><strong>Hierosolymis</strong></span> 
     </span>
    </p>
   </div>
   <div class='ocr_carea' id='block_1_104' title="bbox 517 5491 2080 5559">
    <p class='ocr_par' dir='ltr' id='par_1_104' title="bbox 517 5491 2080 5559">
     <span class='ocr_line' id='line_1_104' title="bbox 517 5491 2080 5559; baseline 0.012 -22"><span class='ocrx_word' id='word_1_796' title='bbox 517 5495 828 5556; x_wconf 82' lang='lat' dir='ltr'><strong>nuptiarum</strong></span> <span class='ocrx_word' id='word_1_797' title='bbox 853 5493 1225 5550; x_wconf 84' lang='lat' dir='ltr'><strong>celebritatem</strong></span> <span class='ocrx_word' id='word_1_798' title='bbox 1244 5533 1259 5559; x_wconf 89' lang='lat'><strong>,</strong></span> <span class='ocrx_word' id='word_1_799' title='bbox 1307 5491 1400 5546; x_wconf 90' lang='lat' dir='ltr'><strong>sed</strong></span> <span class='ocrx_word' id='word_1_800' title='bbox 1425 5501 1582 5548; x_wconf 86' lang='lat' dir='ltr'><strong>extra</strong></span> <span class='ocrx_word' id='word_1_801' title='bbox 1605 5493 1854 5553; x_wconf 63' lang='lat' dir='ltr'><strong>Iudaeam</strong></span> <span class='ocrx_word' id='word_1_802' title='bbox 1929 5509 1990 5554; x_wconf 90' lang='lat' dir='ltr'><strong>ut</strong></span> <span class='ocrx_word' id='word_1_803' title='bbox 2025 5500 2080 5556; x_wconf 89' lang='lat' dir='ltr'><strong>in</strong></span> 
     </span>
    </p>
   </div>
   <div class='ocr_carea' id='block_1_105' title="bbox 595 5643 1866 5745">
    <p class='ocr_par' dir='ltr' id='par_1_105' title="bbox 595 5643 1866 5745">
     <span class='ocr_line' id='line_1_105' title="bbox 595 5643 1866 5745; baseline 0.012 -26"><span class='ocrx_word' id='word_1_804' title='bbox 595 5663 637 5697; x_wconf 65' lang='grc' dir='ltr'><strong>τι</strong></span> <span class='ocrx_word' id='word_1_805' title='bbox 663 5665 821 5724; x_wconf 75' lang='lat' dir='ltr'><strong>Joan.</strong></span> <span class='ocrx_word' id='word_1_806' title='bbox 857 5686 932 5736; x_wconf 75' lang='grc' dir='ltr'><strong>γι,</strong></span> <span class='ocrx_word' id='word_1_807' title='bbox 965 5669 1035 5726; x_wconf 76' lang='grc'><strong>58</strong></span> <span class='ocrx_word' id='word_1_808' title='bbox 1071 5677 1126 5725; x_wconf 88' lang='lat' dir='ltr'><strong>et</strong></span> <span class='ocrx_word' id='word_1_809' title='bbox 1159 5669 1306 5726; x_wconf 89' lang='lat' dir='ltr'><strong>alibi.</strong></span> <span class='ocrx_word' id='word_1_810' title='bbox 1421 5674 1466 5706; x_wconf 81' lang='grc' dir='ltr'><strong>τ’</strong></span> <span class='ocrx_word' id='word_1_811' title='bbox 1493 5673 1653 5745; x_wconf 87' lang='lat' dir='ltr'><strong>Osee,</strong></span> <span class='ocrx_word' id='word_1_812' title='bbox 1689 5643 1766 5744; x_wconf 71' lang='lat' dir='ltr'><strong>vi,</strong></span> <span class='ocrx_word' id='word_1_813' title='bbox 1801 5677 1866 5734; x_wconf 76' lang='lat'><strong>3.</strong></span> 
     </span>
    </p>
   </div>
   <div class='ocr_carea' id='block_1_106' title="bbox 1967 5679 2418 5746">
    <p class='ocr_par' dir='ltr' id='par_1_106' title="bbox 1967 5679 2418 5746">
     <span class='ocr_line' id='line_1_106' title="bbox 1967 5679 2418 5746; baseline 0.002 -9"><span class='ocrx_word' id='word_1_814' title='bbox 1967 5681 2011 5712; x_wconf 82' lang='lat'>”</span> <span class='ocrx_word' id='word_1_815' title='bbox 2040 5679 2175 5738; x_wconf 83' lang='lat' dir='ltr'><strong>Gen.</strong></span> <span class='ocrx_word' id='word_1_816' title='bbox 2215 5699 2298 5746; x_wconf 79' lang='grc' dir='ltr'>ιιι,</span> <span class='ocrx_word' id='word_1_817' title='bbox 2333 5685 2418 5739; x_wconf 75' lang='lat' dir='ltr'><strong>lt).</strong></span> 
     </span>
    </p>
   </div>
   <div class='ocr_carea' id='block_1_107' title="bbox 2197 4493 3788 4576">
    <p class='ocr_par' dir='ltr' id='par_1_107' title="bbox 2197 4493 3788 4576">
     <span class='ocr_line' id='line_1_107' title="bbox 2197 4493 3788 4576; baseline -0.007 -19"><span class='ocrx_word' id='word_1_818' title='bbox 2197 4510 2436 4576; x_wconf 78' lang='grc' dir='ltr'>ρὴσομεν</span> <span class='ocrx_word' id='word_1_819' title='bbox 2465 4503 2648 4558; x_wconf 82' lang='grc' dir='ltr'>αὐτόν.</span> <span class='ocrx_word' id='word_1_820' title='bbox 2673 4522 2692 4554; x_wconf 85' lang='grc'><strong>›</strong></span> <span class='ocrx_word' id='word_1_821' title='bbox 2723 4499 2963 4572; x_wconf 80' lang='grc' dir='ltr'>Ἕπληξε</span> <span class='ocrx_word' id='word_1_822' title='bbox 2997 4501 3096 4571; x_wconf 84' lang='grc' dir='ltr'><strong>μὲν</strong></span> <span class='ocrx_word' id='word_1_823' title='bbox 3135 4499 3244 4569; x_wconf 82' lang='grc' dir='ltr'>γὰρ</span> <span class='ocrx_word' id='word_1_824' title='bbox 3279 4497 3366 4550; x_wconf 77' lang='grc' dir='ltr'><strong>διὰ</strong></span> <span class='ocrx_word' id='word_1_825' title='bbox 3401 4495 3499 4566; x_wconf 81' lang='grc' dir='ltr'><strong>τὴν</strong></span> <span class='ocrx_word' id='word_1_826' title='bbox 3521 4497 3579 4549; x_wconf 76' lang='grc' dir='ltr'>ἐν</span> <span class='ocrx_word' id='word_1_827' title='bbox 3619 4493 3788 4562; x_wconf 65' lang='grc' dir='ltr'><strong>Ἀδὰμ</strong></span> 
     </span>
    </p>
   </div>
   <div class='ocr_carea' id='block_1_108' title="bbox 2195 4585 3780 4666">
    <p class='ocr_par' dir='ltr' id='par_1_108' title="bbox 2195 4585 3780 4666">
     <span class='ocr_line' id='line_1_108' title="bbox 2195 4585 3780 4666; baseline -0.008 -17"><span class='ocrx_word' id='word_1_828' title='bbox 2195 4595 2528 4666; x_wconf 78' lang='grc' dir='ltr'>παράϐασιν,</span> <span class='ocrx_word' id='word_1_829' title='bbox 2564 4593 2754 4648; x_wconf 80' lang='grc' dir='ltr'>εἰπών’</span> <span class='ocrx_word' id='word_1_830' title='bbox 2793 4594 2922 4663; x_wconf 76' lang='grc' dir='ltr'><strong>«Γῆ</strong></span> <span class='ocrx_word' id='word_1_831' title='bbox 2953 4588 3036 4656; x_wconf 79' lang='grc' dir='ltr'>εἴ,</span> <span class='ocrx_word' id='word_1_832' title='bbox 3071 4591 3168 4645; x_wconf 81' lang='grc' dir='ltr'><strong>καὶ</strong></span> <span class='ocrx_word' id='word_1_833' title='bbox 3194 4593 3273 4654; x_wconf 81' lang='grc' dir='ltr'>εἰς</span> <span class='ocrx_word' id='word_1_834' title='bbox 3311 4591 3414 4660; x_wconf 77' lang='grc' dir='ltr'><strong>γῆν</strong></span> <span class='ocrx_word' id='word_1_835' title='bbox 3449 4585 3780 4656; x_wconf 74' lang='grc' dir='ltr'>ἀπελεύσῃ.»</span> 
     </span>
    </p>
   </div>
   <div class='ocr_carea' id='block_1_109' title="bbox 2193 4679 3784 4757">
    <p class='ocr_par' dir='ltr' id='par_1_109' title="bbox 2193 4679 3784 4757">
     <span class='ocr_line' id='line_1_109' title="bbox 2193 4679 3784 4757; baseline -0.004 -20"><span class='ocrx_word' id='word_1_836' title='bbox 2193 4685 2266 4738; x_wconf 82' lang='grc' dir='ltr'>Τὸ</span> <span class='ocrx_word' id='word_1_837' title='bbox 2313 4685 2369 4740; x_wconf 76' lang='grc' dir='ltr'><strong>δὲ</strong></span> <span class='ocrx_word' id='word_1_838' title='bbox 2401 4685 2578 4757; x_wconf 83' lang='grc' dir='ltr'>φθορᾷ</span> <span class='ocrx_word' id='word_1_839' title='bbox 2610 4686 2703 4739; x_wconf 77' lang='grc' dir='ltr'>καὶ</span> <span class='ocrx_word' id='word_1_840' title='bbox 2742 4685 2957 4753; x_wconf 80' lang='grc' dir='ltr'>θανάτῳ</span> <span class='ocrx_word' id='word_1_841' title='bbox 2992 4681 3272 4754; x_wconf 82' lang='grc' dir='ltr'>πεπληγὸς</span> <span class='ocrx_word' id='word_1_842' title='bbox 3317 4680 3478 4736; x_wconf 85' lang='grc' dir='ltr'>πάλιν</span> <span class='ocrx_word' id='word_1_843' title='bbox 3508 4679 3784 4750; x_wconf 78' lang='grc' dir='ltr'>ὲμότωσεν</span> 
     </span>
    </p>
   </div>
   <div class='ocr_carea' id='block_1_110' title="bbox 2194 4771 3786 4848">
    <p class='ocr_par' dir='ltr' id='par_1_110' title="bbox 2194 4771 3786 4848">
     <span class='ocr_line' id='line_1_110' title="bbox 2194 4771 3786 4848; baseline -0.005 -18"><span class='ocrx_word' id='word_1_844' title='bbox 2194 4777 2356 4840; x_wconf 73' lang='grc' dir='ltr'>αὐτὸς</span> <span class='ocrx_word' id='word_1_845' title='bbox 2386 4777 2530 4830; x_wconf 80' lang='grc' dir='ltr'>κατὰ</span> <span class='ocrx_word' id='word_1_846' title='bbox 2565 4776 2664 4848; x_wconf 88' lang='grc' dir='ltr'><strong>τὴν</strong></span> <span class='ocrx_word' id='word_1_847' title='bbox 2712 4777 2903 4846; x_wconf 84' lang='grc' dir='ltr'>τρίτην</span> <span class='ocrx_word' id='word_1_848' title='bbox 2938 4775 3172 4848; x_wconf 86' lang='grc' dir='ltr'>ἡμέραν,</span> <span class='ocrx_word' id='word_1_849' title='bbox 3207 4773 3351 4826; x_wconf 79' lang='grc' dir='ltr'>τοῦτ’</span> <span class='ocrx_word' id='word_1_850' title='bbox 3385 4772 3530 4826; x_wconf 77' lang='grc' dir='ltr'>ἔστιν</span> <span class='ocrx_word' id='word_1_851' title='bbox 3551 4811 3566 4833; x_wconf 90' lang='grc'><strong>,</strong></span> <span class='ocrx_word' id='word_1_852' title='bbox 3598 4771 3700 4824; x_wconf 80' lang='grc' dir='ltr'><strong>οὐκ</strong></span> <span class='ocrx_word' id='word_1_853' title='bbox 3729 4771 3786 4822; x_wconf 70' lang='grc' dir='ltr'>ἒν</span> 
     </span>
    </p>
   </div>
   <div class='ocr_carea' id='block_1_111' title="bbox 2200 4863 3784 4938">
    <p class='ocr_par' dir='ltr' id='par_1_111' title="bbox 2200 4863 3784 4938">
     <span class='ocr_line' id='line_1_111' title="bbox 2200 4863 3784 4938; baseline -0.004 -18"><span class='ocrx_word' id='word_1_854' title='bbox 2200 4866 2470 4938; x_wconf 80' lang='grc' dir='ltr'>πρώτοις,</span> <span class='ocrx_word' id='word_1_855' title='bbox 2497 4867 2617 4921; x_wconf 81' lang='grc' dir='ltr'>οὐδὲ</span> <span class='ocrx_word' id='word_1_856' title='bbox 2659 4869 2734 4918; x_wconf 66' lang='grc' dir='ltr'><strong>ἐκσ</strong></span> <span class='ocrx_word' id='word_1_857' title='bbox 2755 4867 2970 4937; x_wconf 76' lang='grc' dir='ltr'>μέσοις,</span> <span class='ocrx_word' id='word_1_858' title='bbox 3014 4865 3127 4919; x_wconf 79' lang='grc' dir='ltr'>ἀλλ’</span> <span class='ocrx_word' id='word_1_859' title='bbox 3157 4866 3216 4918; x_wconf 78' lang='grc' dir='ltr'>ὲν</span> <span class='ocrx_word' id='word_1_860' title='bbox 3259 4864 3508 4935; x_wconf 80' lang='grc' dir='ltr'>ἐσχάτοις</span> <span class='ocrx_word' id='word_1_861' title='bbox 3550 4863 3784 4932; x_wconf 86' lang='grc' dir='ltr'>καιροῖς.</span> 
     </span>
    </p>
   </div>
   <div class='ocr_carea' id='block_1_112' title="bbox 2196 4951 3786 5030">
    <p class='ocr_par' dir='ltr' id='par_1_112' title="bbox 2196 4951 3786 5030">
     <span class='ocr_line' id='line_1_112' title="bbox 2196 4951 3786 5030; baseline -0.006 -18"><span class='ocrx_word' id='word_1_862' title='bbox 2196 4959 2286 5012; x_wconf 83' lang='grc' dir='ltr'>ὅτε</span> <span class='ocrx_word' id='word_1_863' title='bbox 2345 4958 2410 5012; x_wconf 83' lang='grc' dir='ltr'><strong>δι’</strong></span> <span class='ocrx_word' id='word_1_864' title='bbox 2452 4959 2602 5030; x_wconf 75' lang='grc' dir='ltr'>ἡμᾶς</span> <span class='ocrx_word' id='word_1_865' title='bbox 2651 4958 2942 5028; x_wconf 86' lang='grc' dir='ltr'>γενόμενος</span> <span class='ocrx_word' id='word_1_866' title='bbox 2986 4955 3273 5028; x_wconf 78' lang='grc' dir='ltr'>ἄνθρωπος</span> <span class='ocrx_word' id='word_1_867' title='bbox 3315 4954 3446 5022; x_wconf 82' lang='grc' dir='ltr'><strong>ὑγιᾶ</strong></span> <span class='ocrx_word' id='word_1_868' title='bbox 3489 4952 3587 5024; x_wconf 79' lang='grc' dir='ltr'>τὴν</span> <span class='ocrx_word' id='word_1_869' title='bbox 3621 4951 3786 5020; x_wconf 82' lang='grc' dir='ltr'>φύσιν</span> 
     </span>
    </p>
   </div>
   <div class='ocr_carea' id='block_1_113' title="bbox 2197 5042 3787 5119">
    <p class='ocr_par' dir='ltr' id='par_1_113' title="bbox 2197 5042 3787 5119">
     <span class='ocr_line' id='line_1_113' title="bbox 2197 5042 3787 5119; baseline -0.006 -13"><span class='ocrx_word' id='word_1_870' title='bbox 2197 5049 2499 5115; x_wconf 72' lang='grc' dir='ltr'>ἀπέδειξεν.</span> <span class='ocrx_word' id='word_1_871' title='bbox 2521 5047 2650 5118; x_wconf 85' lang='grc' dir='ltr'>ὅλην</span> <span class='ocrx_word' id='word_1_872' title='bbox 2678 5049 2749 5106; x_wconf 73' lang='grc' dir='ltr'>ἐκ</span> <span class='ocrx_word' id='word_1_873' title='bbox 2767 5047 2976 5119; x_wconf 81' lang='grc' dir='ltr'>νεκρῶν</span> <span class='ocrx_word' id='word_1_874' title='bbox 3013 5048 3323 5118; x_wconf 76' lang='grc' dir='ltr'>ἀναστήσας</span> <span class='ocrx_word' id='word_1_875' title='bbox 3350 5049 3407 5100; x_wconf 81' lang='grc' dir='ltr'>ὲν</span> <span class='ocrx_word' id='word_1_876' title='bbox 3430 5042 3628 5116; x_wconf 79' lang='grc' dir='ltr'>ἑαυτῷ.</span> <span class='ocrx_word' id='word_1_877' title='bbox 3660 5043 3787 5097; x_wconf 83' lang='grc' dir='ltr'><strong>Διά-</strong></span> 
     </span>
    </p>
   </div>
   <div class='ocr_carea' id='block_1_114' title="bbox 2195 5120 3782 5209">
    <p class='ocr_par' dir='ltr' id='par_1_114' title="bbox 2195 5120 3782 5209">
     <span class='ocr_line' id='line_1_114' title="bbox 2195 5120 3782 5209; baseline -0.005 -16"><span class='ocrx_word' id='word_1_878' title='bbox 2195 5158 2278 5194; x_wconf 87' lang='grc' dir='ltr'><strong>τοι</strong></span> <span class='ocrx_word' id='word_1_879' title='bbox 2315 5139 2476 5194; x_wconf 80' lang='grc' dir='ltr'>τοῦτο</span> <span class='ocrx_word' id='word_1_880' title='bbox 2509 5120 2762 5194; x_wconf 48' lang='grc' dir='ltr'>καλεῖται’</span> <span class='ocrx_word' id='word_1_881' title='bbox 2805 5140 2899 5192; x_wconf 71' lang='grc' dir='ltr'>καὶ</span> <span class='ocrx_word' id='word_1_882' title='bbox 2922 5137 3148 5209; x_wconf 81' lang='grc' dir='ltr'>ἀπαρχὴ</span> <span class='ocrx_word' id='word_1_883' title='bbox 3185 5137 3292 5194; x_wconf 82' lang='grc' dir='ltr'>τῶν</span> <span class='ocrx_word' id='word_1_884' title='bbox 3327 5133 3748 5205; x_wconf 83' lang='grc' dir='ltr'>κεκοιμημένων</span> <span class='ocrx_word' id='word_1_885' title='bbox 3768 5150 3782 5164; x_wconf 92' lang='grc'>·</span> 
     </span>
    </p>
   </div>
   <div class='ocr_carea' id='block_1_115' title="bbox 2196 5225 3784 5302">
    <p class='ocr_par' dir='ltr' id='par_1_115' title="bbox 2196 5225 3784 5302">
     <span class='ocr_line' id='line_1_115' title="bbox 2196 5225 3784 5302; baseline -0.004 -18"><span class='ocrx_word' id='word_1_886' title='bbox 2196 5229 2392 5284; x_wconf 82' lang='grc' dir='ltr'>οὐκοῦν</span> <span class='ocrx_word' id='word_1_887' title='bbox 2440 5230 2531 5284; x_wconf 81' lang='grc' dir='ltr'><strong>διὰ</strong></span> <span class='ocrx_word' id='word_1_888' title='bbox 2562 5229 2660 5284; x_wconf 78' lang='grc' dir='ltr'>τοῦ</span> <span class='ocrx_word' id='word_1_889' title='bbox 2696 5230 2797 5301; x_wconf 79' lang='grc' dir='ltr'><strong>τὴν</strong></span> <span class='ocrx_word' id='word_1_890' title='bbox 2843 5229 3034 5302; x_wconf 85' lang='grc' dir='ltr'>τρίτην</span> <span class='ocrx_word' id='word_1_891' title='bbox 3084 5229 3298 5299; x_wconf 82' lang='grc' dir='ltr'>ἡμέραν</span> <span class='ocrx_word' id='word_1_892' title='bbox 3341 5229 3536 5292; x_wconf 82' lang='grc' dir='ltr'>εἰπεῖν,</span> <span class='ocrx_word' id='word_1_893' title='bbox 3571 5225 3694 5281; x_wconf 82' lang='grc' dir='ltr'>καθ’</span> <span class='ocrx_word' id='word_1_894' title='bbox 3717 5225 3784 5295; x_wconf 73' lang='grc' dir='ltr'>ἦν</span> 
     </span>
    </p>
   </div>
   <div class='ocr_carea' id='block_1_116' title="bbox 2194 5316 3780 5390">
    <p class='ocr_par' dir='ltr' id='par_1_116' title="bbox 2194 5316 3780 5390">
     <span class='ocr_line' id='line_1_116' title="bbox 2194 5316 3780 5390; baseline -0.004 -16"><span class='ocrx_word' id='word_1_895' title='bbox 2194 5322 2223 5374; x_wconf 90' lang='lat'><strong>6</strong></span> <span class='ocrx_word' id='word_1_896' title='bbox 2251 5321 2430 5390; x_wconf 83' lang='grc' dir='ltr'>γάμος</span> <span class='ocrx_word' id='word_1_897' title='bbox 2475 5321 2710 5379; x_wconf 78' lang='grc' dir='ltr'>ἐτελεῖτο</span> <span class='ocrx_word' id='word_1_898' title='bbox 2731 5361 2746 5387; x_wconf 90' lang='grc'><strong>,</strong></span> <span class='ocrx_word' id='word_1_899' title='bbox 2773 5321 2866 5374; x_wconf 76' lang='grc' dir='ltr'><strong>τὸν</strong></span> <span class='ocrx_word' id='word_1_900' title='bbox 2893 5319 3202 5374; x_wconf 84' lang='grc' dir='ltr'>τελευταῖον</span> <span class='ocrx_word' id='word_1_901' title='bbox 3243 5317 3496 5389; x_wconf 84' lang='grc' dir='ltr'>σημαίνει</span> <span class='ocrx_word' id='word_1_902' title='bbox 3535 5316 3728 5386; x_wconf 80' lang='grc' dir='ltr'>καιρόν</span> <span class='ocrx_word' id='word_1_903' title='bbox 3762 5331 3780 5347; x_wconf 78' lang='grc' dir='ltr'><strong>ο</strong></span> 
     </span>
    </p>
   </div>
   <div class='ocr_carea' id='block_1_117' title="bbox 2195 5407 3783 5484">
    <p class='ocr_par' dir='ltr' id='par_1_117' title="bbox 2195 5407 3783 5484">
     <span class='ocr_line' id='line_1_117' title="bbox 2195 5407 3783 5484; baseline -0.002 -19"><span class='ocrx_word' id='word_1_904' title='bbox 2195 5411 2532 5484; x_wconf 84' lang='grc' dir='ltr'>καταμηνύει</span> <span class='ocrx_word' id='word_1_905' title='bbox 2567 5410 2623 5466; x_wconf 80' lang='grc' dir='ltr'>δὲ</span> <span class='ocrx_word' id='word_1_906' title='bbox 2657 5411 2754 5466; x_wconf 74' lang='grc' dir='ltr'><strong>καὶ</strong></span> <span class='ocrx_word' id='word_1_907' title='bbox 2780 5409 2872 5465; x_wconf 79' lang='grc' dir='ltr'><strong>τὸν</strong></span> <span class='ocrx_word' id='word_1_908' title='bbox 2901 5411 3066 5466; x_wconf 84' lang='grc' dir='ltr'>τόπον</span> <span class='ocrx_word' id='word_1_909' title='bbox 3086 5427 3098 5440; x_wconf 90' lang='grc'><strong>·</strong></span> <span class='ocrx_word' id='word_1_910' title='bbox 3132 5413 3189 5464; x_wconf 81' lang='grc' dir='ltr'>ὲν</span> <span class='ocrx_word' id='word_1_911' title='bbox 3217 5410 3372 5481; x_wconf 80' lang='grc' dir='ltr'>Κανᾷ</span> <span class='ocrx_word' id='word_1_912' title='bbox 3399 5409 3508 5478; x_wconf 82' lang='grc' dir='ltr'>γὰρ</span> <span class='ocrx_word' id='word_1_913' title='bbox 3537 5407 3639 5476; x_wconf 82' lang='grc' dir='ltr'>τῆς</span> <span class='ocrx_word' id='word_1_914' title='bbox 3675 5407 3783 5463; x_wconf 81' lang='grc' dir='ltr'><strong>Γα-</strong></span> 
     </span>
    </p>
   </div>
   <div class='ocr_carea' id='block_1_118' title="bbox 2193 5497 3781 5576">
    <p class='ocr_par' dir='ltr' id='par_1_118' title="bbox 2193 5497 3781 5576">
     <span class='ocr_line' id='line_1_118' title="bbox 2193 5497 3781 5576; baseline 0.004 -21"><span class='ocrx_word' id='word_1_915' title='bbox 2193 5499 2425 5568; x_wconf 84' lang='grc' dir='ltr'>λιλαίας,</span> <span class='ocrx_word' id='word_1_916' title='bbox 2454 5504 2637 5576; x_wconf 81' lang='grc' dir='ltr'>φησίν.</span> <span class='ocrx_word' id='word_1_917' title='bbox 2677 5497 3036 5572; x_wconf 77' lang='grc' dir='ltr'>Ἐπιτηρείτω</span> <span class='ocrx_word' id='word_1_918' title='bbox 3073 5503 3130 5559; x_wconf 76' lang='grc' dir='ltr'><strong>δὲ</strong></span> <span class='ocrx_word' id='word_1_919' title='bbox 3180 5502 3340 5560; x_wconf 78' lang='grc' dir='ltr'>πάλιν</span> <span class='ocrx_word' id='word_1_920' title='bbox 3367 5503 3396 5558; x_wconf 81' lang='grc'>6</span> <span class='ocrx_word' id='word_1_921' title='bbox 3439 5497 3781 5571; x_wconf 69' lang='grc' dir='ltr'>φιλομαοήιςο</span> 
     </span>
    </p>
   </div>
   <div class='ocr_carea' id='block_1_119' title="bbox 2497 5684 3004 5753">
    <p class='ocr_par' dir='ltr' id='par_1_119' title="bbox 2497 5684 3004 5753">
     <span class='ocr_line' id='line_1_119' title="bbox 2497 5684 3004 5753; baseline 0.006 -13"><span class='ocrx_word' id='word_1_922' title='bbox 2497 5686 2538 5718; x_wconf 66' lang='grc' dir='ltr'><strong>τ’</strong></span> <span class='ocrx_word' id='word_1_923' title='bbox 2574 5684 2752 5743; x_wconf 83' lang='lat' dir='ltr'><strong>ICor.</strong></span> <span class='ocrx_word' id='word_1_924' title='bbox 2789 5703 2878 5753; x_wconf 76' lang='lat' dir='ltr'><strong>xv,</strong></span> <span class='ocrx_word' id='word_1_925' title='bbox 2917 5686 3004 5743; x_wconf 76' lang='grc'><strong>20.</strong></span> 
     </span>
    </p>
   </div>
  </div>
