4106 6488
416 356 529 414 είιῡ

1479 354 1542 409 IN
1577 353 1864 412 JOANMS
1902 351 2355 409 EVANGELIUM
2384 350 2512 407 LIB.
2554 352 2641 421 u._

3601 355 3710 411 230

410 473 479 526 οὐ
505 468 617 539 γὰρ
649 469 705 520 ἐν
754 469 870 529 τοῖς
913 462 1309 537 Ἰεροσολύμοις
1349 466 1384 537 ἡ
1415 467 1757 539 πανήγυρις,
1789 464 1895 530 ἔξω
1922 465 2018 534 τῆς

2128 462 2355 534 regione
2405 466 2652 534 gentium
2699 462 3022 520 convivium
3073 464 3278 535 peragi.
3312 463 3537 521 Galilwa
3568 471 3711 526 enim

422 560 691 623 Ἰουδαίας
716 559 776 613 τὸ
802 559 1042 624 δεῖπνον,
1066 559 1141 624 ὡς
1168 561 1227 613 ἐν
1255 562 1324 632 τῇ
1350 560 1460 613 τῶν
1487 559 1656 614 ἐθνῶν
1686 559 2016 613 ἐπιτελεῖται

407 655 596 729 χώρᾳ.
626 654 931 709 Γαλιλαία
977 653 1087 724 γὰρ
1139 650 1260 706 τῶν
1296 651 1523 715 ἐθνῶν,
1553 652 1630 716 ὼς
1661 655 1689 706 6
1732 652 2019 724 προφήτης

408 745 604 815 φησίν.
646 744 817 816 Δῆλον
849 744 905 798 δέ
934 744 1106 815 δήπου
1139 742 1358 807 πάντως
1403 743 1571 808 ἐστὶν,
1609 743 1684 807 ὡς
1714 745 1748 814 ἡ
1783 742 1882 813 μὲν
1909 742 2019 795 τῶν

419 835 700 890 Ἰουδαίων
740 836 1046 905 Συναγωγὴ
1090 836 1185 888 τὸν
1217 834 1278 900 ἐξ
1309 836 1556 907 οὐρανῶν
1597 834 1856 891 ἀπώσατο
1886 853 2021 906 νυμ-

406 927 557 995 φίον,
589 926 957 994 προσεδέξατο
1002 927 1077 993 δὲ,
1110 927 1205 981 καὶ
1237 927 1359 981 λίαν
1390 928 1675 1000 ἀσμένως,
1707 931 1740 997 ἡ
1765 927 1822 994 ἐξ
1849 926 2019 981 ἐθνῶν

419 1016 747 1089 Ἐκκλησία.
788 1018 1049 1088 Ἔρχεται
1103 1019 1160 1072 δὲ
1206 1021 1287 1082 είς
1318 1020 1445 1083 τοὺς
1477 1021 1688 1090 γάμους
1717 1021 1817 1073 οὐκ
1859 1020 2018 1074 αὐτό·

409 1107 579 1177 μολος
600 1111 630 1163 6
658 1109 854 1180 Σωτήρ
880 1127 893 1140 ·
921 1109 1143 1174 πολλαῖς
1172 1110 1283 1181 γὰρ
1313 1111 1484 1180 ἁγίων
1509 1112 1756 1165 ἐκαλεῖτο
1791 1114 2013 1181 φωναῖς.

417 1199 566 1253 Ἀλλ’
594 1196 739 1263 οἶνος
770 1201 1105 1255 ἐπιλελοίπει
1137 1203 1262 1265 τοὺς
1298 1203 1663 1272 ἑστιωμένους
1682 1220 1695 1234 ο
1732 1202 1882 1256 οὐδὲν
1909 1198 2018 1272 γὰρ

402 1293 736 1347 ἐτελείωσεν
780 1295 810 1345 6
856 1293 1017 1364 νόμος
1042 1336 1054 1360 ,
1087 1295 1187 1347 οὐκ
1219 1292 1442 1365 ἐξήρκει
1478 1295 1614 1364 πρὸς
1660 1294 1721 1347 τὸ
1748 1294 2018 1367 εὐφρᾶναι

400 1385 637 1448 τελείως
668 1385 730 1439 τὸ
756 1386 994 1457 γράμμα
1024 1386 1083 1439 τὸ
1122 1385 1453 1439 Μωσαῖκύν·
1494 1385 1611 1439 ἀλλ’
1646 1386 1767 1439 οὐδὲ
1798 1385 1931 1439 αὐτὸ
1958 1385 2019 1438 τὸ

403 1479 511 1546 τῆς
544 1476 791 1547 ἐμφύτου
817 1478 1038 1548 νήψεως
1066 1477 1264 1548 μέτρον
1283 1520 1297 1541 ,
1325 1479 1405 1540 είς
1430 1478 1491 1531 τὸ
1523 1476 1783 1531 δύνασθαι
1816 1477 2018 1531 διασώ-

410 1568 529 1633 ζειν
554 1570 704 1639 ἡμᾶς
749 1568 1067 1633 ἐξετείνετο.
1099 1567 1311 1622 Οὐκοῦν
1342 1569 1543 1640 ἀληθὲς
1572 1569 1636 1624 ἂν
1681 1570 1763 1641 εἴη
1794 1570 1887 1623 καὶ
1931 1571 2016 1640 ἐφ’

407 1659 595 1730 ἡμῶν,
633 1659 695 1712 τὸ
716 1702 731 1727 ,
759 1657 902 1712 οἶνον
935 1661 1037 1714 οὐκ
1081 1659 1294 1731 ἔχουσιν
1318 1703 1331 1726 ,
1359 1663 1533 1714 εἰπεῖν
1557 1676 1570 1689 ⁸
1601 1664 1629 1714 6
1666 1661 1723 1713 δὲ
1762 1661 2015 1715 πλουσιό-

402 1752 588 1824 εωρος
621 1751 783 1824 ἡμῶν
810 1753 963 1817 Θεὸς,
993 1753 1054 1805 οὐ
1085 1754 1318 1825 περιορᾷ
1354 1755 1419 1824 τῇ
1458 1752 1565 1805 τῶν
1594 1752 1813 1821 ἀγαθῶν
1839 1754 2016 1824 ἐνδείᾳ

2123 555 2358 626 gentium
2390 563 2496 621 est,
2529 563 2590 608 ut
2624 554 2701 609 ait
2729 555 2999 625 propheta
3030 554 3098 609 "'.
3133 553 3274 610 Illud
3305 571 3440 613 sane
3494 562 3711 630 perspi-

2124 660 2288 700 cuum
2339 653 2457 710 est,
2509 644 2824 701 Judreorum
2863 645 3211 719 Synagogam
3253 663 3517 718 sponsum
3556 650 3709 704 illum

2123 739 2402 794 cwlestem
2427 738 2721 809 repulisse,
2744 738 2841 795 sed
2869 740 2937 794 ab
2960 739 3201 793 Ecclesia
3225 740 3474 809 gentium
3501 740 3711 795 lubenti

2123 831 2308 884 animo
2354 839 2694 900 susceptum.
2753 829 2874 885 Non
2920 831 3069 885 venit
3105 839 3287 885 autem
3343 830 3600 887 Salvator
3644 834 3712 886 ad

2123 923 2369 994 nuptias,
2412 940 2520 977 non
2559 924 2889 993 concupitus
2921 937 2936 976 :
2984 924 3172 979 multis
3210 925 3355 978 enim
3394 934 3711 979 sanctorum

2122 1015 2353 1071 vocibus
2401 1022 2486 1071 est
2536 1016 2851 1070 invocatus.
2894 1013 3169 1070 Caeterum
3209 1017 3400 1070 vinum
3429 1056 3443 1081 ,
3492 1017 3709 1088 inquit,

2122 1105 2323 1161 defecit
2356 1105 2641 1161 convivas.
2688 1103 2837 1159 Nihil
2877 1105 3022 1161 enim
3073 1105 3158 1160 lex
3209 1107 3444 1176 perfecit
3474 1107 3560 1160 ’σε
3602 1124 3713 1163 non

2122 1197 2429 1255 suiliciebat
2477 1197 2547 1252 ad
2592 1196 2898 1268 perfectam
2941 1195 3186 1250 laetitiam
3219 1197 3487 1266 scriptum
3514 1196 3716 1253 Mosai-

2121 1306 2248 1347 cum
2280 1309 2295 1357 ;
2348 1291 2444 1346 sed
2493 1307 2674 1360 neque
2707 1289 2827 1360 ipsa
2863 1289 3047 1344 insitae
3082 1288 3467 1357 naturaiisque
3502 1290 3713 1344 sobrie-

2123 1383 2252 1439 tatis
2289 1384 2427 1437 ratio
2466 1383 2632 1438 saluti
2662 1380 2958 1436 afferendae
2993 1395 3095 1450 par
3124 1388 3262 1435 erat.
3295 1379 3481 1446 Quare
3512 1380 3583 1436 de
3616 1397 3714 1437 no-

2120 1474 2207 1529 bis
2235 1488 2363 1528 vere
2393 1488 2621 1544 quoque‘
2673 1472 2783 1527 dici
2822 1480 3045 1542 potest,
3093 1473 3282 1525 vinum
3319 1486 3431 1525 non
3462 1474 3665 1527 habent
3695 1488 3711 1528 :

2122 1565 2220 1621 sed
2272 1564 2834 1619 muniﬁcentissimus
2891 1561 3037 1617 Deus
3090 1552 3280 1616 noster
3320 1577 3429 1616 non
3478 1562 3715 1632 despicit

2120 1656 2393 1712 bonorum
2431 1656 2661 1725 penuria
2690 1654 3029 1709 laborantem
3060 1662 3335 1706 naturain.
3366 1650 3568 1705 Vinum
3609 1667 3713 1707 no-

2120 1747 2209 1803 bis
2246 1746 2415 1818 priori
2452 1746 2626 1800 multo
2658 1746 3009 1815 praestantius
3036 1743 3256 1798 obtulit.
3289 1760 3308 1793 ι
3340 1740 3548 1796 Littera
3566 1742 3711 1797 enim

402 1842 750 1913 τριϐομένην
783 1842 883 1914 τὴν
918 1841 1101 1912 φύσιν.
1126 1838 1280 1897 Οἶνον
1312 1844 1444 1914 ἡμῖν
1470 1842 1719 1907 ἀπέδειξε
1749 1843 1841 1897 τοῦ
1866 1842 2014 1914 πρώ-

2123 1813 2347 1903 occidit,
2375 1839 2602 1909 spiritus
2627 1813 2808 1892 autem
2827 1836 3072 1891 viviticat
3101 1835 3168 1889 ⁷⁷.
3202 1854 3220 1887 ι
3260 1834 3425 1917 138.
3446 1835 3712 1888 Praeterea

402 1953 504 1990 του
563 1935 812 2006 βελτίονα
837 1952 850 1965 ’
888 1955 907 1988 ι
947 1935 1021 1988 Τὸ
1058 1936 1164 2007 γὰρ
1201 1936 1435 2008 γράμμα
1472 1938 1817 2003 ἀποκτείνει,
1852 1938 1912 1992 τὸ
1959 1938 2015 1991 δὲ

404 2028 637 2098 πνεῦμα
688 2026 1008 2091 ζωοποιεΐδι
1037 2028 1130 2080 καὶ
1168 2029 1196 2080 6
1238 2028 1338 2099 μὲν
1372 2030 1537 2100 νόμος
1565 2031 1665 2083 οὐκ
1701 2031 1814 2102 ἔχει
1841 2030 1900 2084 τὸ
1927 2030 2016 2083 τέ-

401 2120 554 2173 λειον
584 2123 642 2175 ἐν
676 2119 937 2188 ἀγαθοῖς’
979 2120 1046 2173 τὰ
1077 2120 1133 2173 δὲ
1166 2119 1283 2173 θεῖα
1311 2122 1414 2190 τῆς
1455 2121 1818 2193 εὐαγγελικῆς
1867 2122 2017 2175 διδα-

404 2211 648 2276 σκαλίας
680 2210 1051 2282 παιδεύματα,
1094 2213 1481 2286 πληρεστάτην
1508 2214 1752 2283 είσφέρει
1785 2213 1883 2285 τὴν
1931 2212 2018 2267 εύ-

399 2306 623 2387 ὶογίαν.
671 2306 959 2376 Θαυμάζει
988 2307 1044 2359 δὲ
1068 2307 1161 2361 τὸν
1204 2304 1348 2362 οἶνον
1373 2311 1400 2362 6
1422 2309 1824 2381 ἀρχιτρίκλινος
1845 2326 1861 2341 σ
1886 2309 2016 2362 ἐκα-

400 2415 539 2462 στος
570 2398 714 2470 γὰρ,
746 2395 904 2469 οἶμαι
931 2442 946 2467 ,
974 2399 1084 2454 τῶν
1130 2402 1210 2464 είς
1249 2401 1347 2473 τὴν
1406 2402 1557 2456 Θείαν
1602 2401 2015 2474 ἀρχιερωσύνην

399 2493 943 2565 κατατεταγμένων,
978 2493 1074 2547 καὶ
1117 2495 1571 2564 πεπιστευμένων
1615 2495 1706 2548 τὸν
1738 2490 1885 2548 οἶκον
1920 2492 2013 2547 τοῦ

399 2583 668 2654 Σωτῆρος
699 2585 858 2656 ἡμῶν
884 2584 1149 2658 Χριστοῦ,
1172 2586 1263 2640 τὸν
1289 2588 1429 2660 ὑπὲρ
1462 2588 1628 2657 νόμου
1655 2587 1819 2641 αὐτοῦ
1846 2606 2015 2642 κατοιο

399 2673 713 2746 πλήττεται
762 2677 944 2747 λόγον.
996 2677 1208 2751 Πρώτῳ
1258 2679 1316 2733 δέ
1358 2678 1509 2750 αύτῷ
1543 2679 1752 2733 κελεύει
1794 2680 2013 2750 δοθῆναι

2121 1932 2206 1986 lex
2233 1934 2503 1985 honorum
2541 1927 2937 1999 perfectionem
2971 1942 3081 1981 non
3120 1927 3311 1991 habet,
3349 1926 3449 1981 sed
3477 1940 3714 1995 evange-

2120 2024 2228 2078 lica
2262 2022 2519 2078 doctrina
2564 2020 2945 2091 plenissimam
2994 2018 3439 2074 benedictionem
3479 2017 3711 2072 invehit.

2121 2115 2551 2171 Architriclinus
2579 2114 2763 2166 vinum
2794 2110 2927 2166 illud
2960 2111 3197 2165 miratur
3228 2128 3241 2164 :
3274 2108 3507 2179 quilibet
3536 2108 3707 2170 enim,

2122 2212 2322 2282 opinor
2348 2252 2363 2274 ,
2403 2223 2595 2265 eorum
2624 2207 2719 2278 qui
2755 2207 2811 2260 in
2845 2202 3136 2276 pontifices
3172 2202 3411 2258 ordinati
3444 2209 3607 2267 sunt,
3660 2207 3718 2257 et

2119 2304 2324 2376 quibus
2356 2302 2569 2357 credita
2596 2310 2678 2357 est
2701 2301 2901 2356 domus
2933 2295 3143 2353 Christi
3178 2294 3355 2350 nostri
3382 2292 3715 2358 Salvatoris,

2119 2398 2241 2470 ejus
2268 2397 2579 2452 doctrinam
2613 2410 2725 2466 prae
2760 2394 2879 2463 lege
2913 2392 3264 2445 vehementer
3294 2387 3587 2443 mirantur.
3631 2385 3717 2440 lili

2120 2500 2302 2547 autem
2337 2488 2592 2544 Christus
2620 2486 2857 2557 primum
2886 2482 3168 2553 propinari
3196 2480 3376 2550 jubet,
3404 2479 3533 2548 quia
3559 2477 3718 2549 juxta

2118 2580 2273 2636 Pauli
2307 2576 2639 2635 sententiam
2674 2615 2690 2641 ,
2728 2593 2745 2626 ι
2781 2571 3146 2627 Laborantem
3175 2570 3470 2641 agricolam
3499 2578 3719 2638 oportet

2120 2675 2361 2745 primum
2396 2670 2464 2725 de
2496 2668 2770 2723 fructibus
2796 2669 3083 2736 percipere
3106 2663 3174 2716 ⁷⁸.
3216 2680 3238 2719 ι
3279 2661 3499 2718 Rursus
3533 2667 3717 2717 autem

399 2765 668 2837 Χριστὸς,
695 2768 780 2821 ὅτι
810 2769 952 2822 κατά
981 2768 1082 2842 τὴν
1112 2769 1206 2823 τοῦ
1241 2770 1457 2823 Παύλου
1486 2771 1691 2841 φωνὴν,
1728 2789 1746 2821 ι
1785 2771 1889 2823 Τὸν
1923 2787 2016 2822 κο·

2125 2768 2307 2837 capiat
2341 2763 2561 2818 auditor
2590 2776 2714 2831 quae
2747 2760 2891 2814 dico.
2935 2777 2955 2812 ι

411 2857 624 2911 πιῶντα
655 2862 928 2929 γεωργεῖν
959 2859 1125 2931 [vulg].
1153 2860 1424 2932 γεωργὸν]
1451 2859 1564 2924 δεῖ,
1602 2860 1819 2928 πρῶτον
1859 2860 1969 2913 τῶν
2010 2857 2239 2930 καρπῶν
2273 2851 2738 2926 μεταλαμϐάνειν.
2776 2868 2794 2902 ι
2826 2850 2937 2902 Καὶ
2964 2847 3155 2901 νοείτω
3185 2845 3351 2902 πάλιν
3376 2848 3405 2900 6
3441 2843 3723 2923 ἀκροατὴς

400 2962 431 3017 δ
461 2950 633 3018 λέγω.

475 3045 593 3097 Καὶ
637 3037 819 3116 εὗρεν
859 3044 930 3098 ἐν
964 3042 1046 3109 τῷ
1085 3039 1400 3112 ἱερῷτοὺς
1444 3044 1803 3111 πωλοῦντας
1836 3045 2013 3111 βόας,

398 3135 507 3189 καὶ
541 3137 832 3204 πρόϐατα,
864 3137 965 3190 καί
1011 3135 1392 3205 περιστερὰς,
1417 3136 1519 3191 καί
1567 3137 1712 3204 τοὺς
1745 3154 2017 3207 κερματι-

397 3224 563 3290 στὰς
596 3224 978 3293 καθημένους
2044 3225 2087 3281 C

491 3315 908 3385 Ἐξελέγχονται
960 3315 1126 3369 πάλιν
1153 3356 1167 3382 ,
1203 3316 1299 3370 καὶ
1351 3313 1440 3369 διά
1505 3332 1710 3370 τουτων
1772 3316 2015 3371 Ἰουδαῖοι

2191 3335 2412 3390 Rursus
2458 3339 2771 3405 arguuntur
2822 3330 2989 3386 etiam
3037 3327 3169 3383 hinc
3215 3325 3393 3383 Judaei
3424 3327 3573 3398 leges
3605 3308 3715 3383 sibi

396 3405 517 3461 τῶν
575 3407 845 3461 δοθέντων
903 3408 1089 3473 αὐτοῖς
1136 3410 1608 3482 ὑπερφρονοῦντες
1654 3410 1869 3482 νόμων,
1923 3413 2018 3465 καὶ

2121 3429 2282 3486 datas
2310 3434 2689 3490 contemnere,
2722 3432 2779 3480 et
2804 3421 3015 3493 scripta
3048 3420 3291 3477 Mosaica
3319 3420 3480 3475 nihili
3512 3419 3712 3485 facere,

399 3499 761 3572 γραμμάτων
793 3500 892 3569 μὲν
918 3501 1232 3555 Μωσαῖκῶν
1261 3502 1454 3556 οὐδένα
1491 3503 1804 3573 ποιούμενοι
1836 3504 2015 3573 λόγον,

2121 3523 2214 3579 sed
2241 3518 2476 3591 quaestui
2516 3515 2902 3572 tantummodo
2940 3513 3183 3570 studere.
3236 3513 3374 3568 Cum
3416 3513 3564 3568 enim
3624 3513 3714 3569 let

400 3595 488 3657 είς
522 3594 695 3665 μόνην
740 3596 796 3648 δέ
829 3595 1122 3666 βλέποντες
1158 3597 1259 3669 τὴν
1303 3597 1671 3671 φιλοκερδίαν.
1711 3601 2018 3672 Προκαθαί-

2121 3613 2444 3685 praeciperet
2476 3611 2831 3681 ingrcssuros
2879 3606 2974 3662 Dei
3033 3607 3300 3677 templum
3348 3605 3510 3676 prius
3544 3604 3723 3660 variis

406 3685 610 3758 ρεσθαι
660 3687 771 3758 γὰρ
830 3688 974 3741 κατά
1013 3688 1296 3757 ποικίλους
1328 3691 1565 3761 τρόπους
1590 3691 1680 3745 τοῦ
1712 3692 1876 3762 νόμου
1920 3709 2016 3746 κε-

2122 3708 2300 3760 modis
2342 3702 2608 3768 lustrari,
2640 3700 2987 3769 argentarios
3030 3699 3151 3755 sive
3203 3697 3612 3752 nummularios
3658 3703 3716 3751 et

398 3775 666 3840 λεύοντος
692 3778 824 3841 τοὺς
862 3779 1023 3850 οἵπερ
1056 3779 1282 3850 ἔμελλον
1312 3783 1395 3844 είς
1434 3781 1527 3834 τὸν
1568 3782 1709 3835 θεῖον
1740 3783 2016 3855 ἀναϐήσε-

2121 3793 2175 3847 id
2202 3808 2377 3864 genus
2410 3792 2550 3848 alios
2579 3791 2835 3847 homines
2856 3830 2871 3855 ,
2899 3790 2995 3860 qui
3030 3789 3184 3844 luero
3204 3829 3218 3852 ,
3258 3786 3433 3843 fenori
3456 3826 3470 3851 ,
3501 3795 3556 3841 et
3583 3801 3714 3845 coa-

399 3868 608 3923 (εσθαι
638 3869 768 3923 ναὸν
788 3910 803 3935 ,
836 3870 1308 3942 ἀργυραμοιϐοὺς,
1339 3872 1461 3943 ἦτοι
1498 3874 1898 3944 κερματιστὰς,
1923 3875 2018 3928 καὶ⁹

2121 3885 2408 3940 cervandae
2441 3883 2689 3953 pecuniae
2723 3882 2824 3937 tOti
2853 3881 3083 3937 student
3143 3878 3224 3951 (is
3257 3879 3406 3932 enim
3442 3884 3714 3934 mercato-

399 3960 636 4034 ἐτέρους
681 3963 776 4017 ἐπὶ
823 3962 1070 4030 τούτοις,
1105 3961 1188 4028 οἷς
1221 3965 1509 4034 πλεονεξία
1548 3967 1608 4021 τὸ
1650 3968 2013 4039 ἐπιτήδευμα,

2121 3976 2275 4032 ribus
2306 3989 2509 4045 seopus
2537 3988 2683 4030 unus
2710 3982 2792 4028 est
2822 3971 3181 4042 propositus),
3216 3968 3711 4039 sanctumfatrium

400 4058 506 4110 καὶ
530 4054 715 4119 τόκος,
739 4055 836 4109 καὶ
881 4055 1243 4128 πλεονασμὸς,
1272 4059 1330 4111 ἐν
1363 4057 1684 4130 ἐπιθυμίαις
1722 4077 1735 4090 θ
1759 4060 1879 4124 ὅλος
1908 4059 2017 4130 γὰρ

2122 4065 2479 4135 inquinantcs
2508 4077 2618 4117 non
2645 4060 2931 4124 arcebant,
2967 4059 3065 4115 sed
3101 4058 3274 4113 illotis
3299 4058 3713 4128 quodammodo

401 4147 466 4201 ἐν
498 4146 719 4211 τούτοις
748 4151 777 4201 6
805 4147 917 4201 τῶν
965 4148 1226 4221 ἐμπόρων
1262 4151 1465 4216 σκοπὸς
1511 4152 1846 4205 συντείνεται
1870 4169 1883 4183 ·
1917 4150 2017 4222 τὴν

2121 4150 2352 4222 pedibus
2382 4148 2614 4203 introire
2646 4147 2753 4219 ipsi
2784 4148 2977 4217 utique
3011 4145 3276 4214 iubebant
3302 4186 3318 4209 ,
3355 4146 3563 4216 quibus
3593 4157 3713 4204 erat

402 4237 576 4307 ἁγίαν
616 4240 1102 4311 καταμολύναντας
1134 4244 1235 4297 οὐκ
1260 4245 1523 4314 ἀπεῖργον
1547 4243 1737 4315 αὐλὴν,
1769 4243 2018 4307 ἀνίπτοις

2121 4241 2340 4298 vetandi
2384 4247 2631 4311 potestas
2655 4278 2671 4305 ,
2712 4247 2771 4294 ut
2819 4237 2888 4293 de
2919 4237 2987 4291 iis
3021 4250 3146 4292 vere
3179 4234 3387 4290 dictum
3420 4250 3450 4290 a
3482 4235 3597 4291 Deo
3629 4237 3712 4292 vi-

401 4333 461 4385 δέ
495 4331 691 4403 ῶσπερ
722 4335 804 4397 είς
834 4334 1008 4403 αὐτὴν
1034 4336 1266 4390 είσιέναι
1294 4337 1444 4401 ποσὶ,
1465 4336 1561 4389 καὶ
1595 4336 1753 4390 αὐτοὶ
1789 4335 1854 4406 δὴ
1879 4335 2016 4390 πάν-

2121 4334 2345 4389 deatur:
2377 4353 2393 4386 ι
2416 4332 2680 4389 Pastores
2708 4329 3243 4399 multidisruperunt
3269 4327 3485 4381 vineam
3511 4341 3708 4391 meam,

401 4442 519 4489 τως
550 4426 868 4489 ἐπέταττον,
898 4429 948 4481 οἱ
976 4428 1300 4483 διακωλύειν
1328 4427 1604 4499 ἰσχύοντες
1623 4443 1637 4458 ο
1679 4428 1766 4481 ἵνα
1794 4427 1858 4499 δὴ
1893 4427 2018 4497 φαί-

2121 4427 2436 4499 polluerunt
2459 4431 2667 4496 partem
2687 4437 2887 4487 meam,
2905 4420 3178 4478 dederunt
3200 4419 3507 4490 portionem
3534 4434 3710 4475 meam

402 4534 574 4590 νηται
594 4517 776 4587 λέγων
795 4518 974 4590 ἀληθῆ
1000 4539 1066 4573 πε
1077 4520 1129 4592 pi.
1151 4519 1332 4574 αὐτῶν
1353 4522 1382 4574 6
1409 4518 1562 4582 Θεὸς,
1582 4520 1666 4572 ὅτι
1694 4537 1712 4571 ι
1750 4518 2016 4589 Ποιμένες

2122 4517 2547 4575 desiderabilem
2586 4517 2641 4571 in
2685 4514 2965 4570 desertum
3019 4513 3261 4577 invium,
3312 4511 3488 4583 posita
3532 4516 3618 4565 est
3654 4509 3709 4565 in

404 4607 601 4662 πολλοὶ
635 4608 951 4681 διέφθειραν
981 4610 1072 4664 τὸν
1117 4609 1424 4681 ἀμπελῶνά
1455 4626 1579 4680 μου,
1614 4609 2015 4680 ἐμόλυναν-τὴν

2122 4611 2541 4682 dissipationem
2574 4605 2907 4679 perditionis
2931 4605 3020 4659 "'i
3058 4624 3077 4657 ι
3126 4604 3395 4673 Corrupta
3427 4602 3574 4657 enim
3626 4609 3711 4656 est

2121 4713 2274 4759 certe
2302 4706 2462 4758 vinea
2499 4699 2756 4763 Domini,
2800 4712 2922 4768 quae
2953 4695 3195 4750 divinum
3228 4694 3436 4748 cultum
3475 4691 3709 4747 concul-

2199 3040 2236 3093 Il
2267 3080 2282 3104 ,
2330 3040 2418 3094 ll.
2472 3036 2541 3091 Et
2584 3035 2777 3091 invenit
2810 3036 2864 3088 in
2893 3033 3087 3101 templo
3127 3030 3404 3087 uendentes
3451 3028 3601 3084 boves
3623 3069 3639 3096 ,
3668 3038 3723 3084 et

2126 3150 2241 3189 oves
2264 3174 2279 3199 ,
2319 3142 2366 3185 et
2401 3127 2675 3184 columbas
2696 3166 2711 3193 ,
2741 3135 2791 3182 et
2819 3124 3208 3179 nummularios
3238 3122 3499 3177 sedentes.

400 4700 783 4773 κληρονομίαν
817 4719 941 4772 μου,
974 4702 1181 4756 ἔδωκαν
1206 4702 1402 4772 μερίδα
1430 4700 1774 4773 ἐπιθυμητήν
1811 4718 1913 4773 μου
1936 4703 2015 4765 είς

399 4792 618 4866 ἔρημον
653 4793 881 4857 ἄϐατον,
926 4794 1160 4867 ἐγενήθη
1192 4797 1274 4859 εἰς
1313 4793 1623 4865 ἀφανισμὸν
1660 4793 1959 4858 ἀπωλείας.
1990 4812 2007 4847 ι

2122 4811 2251 4851 care
2303 4793 2543 4857 didicit,
2602 4807 2669 4846 ac
2715 4790 2864 4861 turpi
2904 4793 3138 4867 quaestu
3188 4785 3613 4856 praepositorum
3654 4783 3712 4841 in

393 4865 690 4955 Δαεφθάρη
734 4884 844 4956 γὰρ
889 4865 1122 4949 δντωςνό
1162 4885 1487 4949 δεσποτικὸς
1527 4885 1814 4955 ἀμπελὼν,
1848 4884 2011 4950 σέϐας

2121 4885 2375 4958 quamvis
2405 4882 2737 4956 ignorantia:
2766 4865 3082 4936 vastitatem
3113 4878 3371 4933 incurrit.

402 4980 508 5050 μὲν
537 4978 674 5031 αὐτὸ
704 4979 765 5033 τὸ
797 4981 926 5051 περὶ
959 4980 1019 5034 τὸ
1049 4981 1192 5035 θεῖον
1228 4984 1419 5035 πατεῖν
1448 4980 1857 5051 διδασκόμενος,
1888 4983 2009 5045 ταῖς
2047 4980 2104 5035 δὲ
2127 4979 2239 5035 τῶν
2262 4977 2683 5052 προεστηκότων
2712 4973 3153 5049 αἰσχροκερδίαις
3207 4972 3288 5038 είς
3343 4972 3524 5026 πᾶσαν
3544 4970 3714 5027 ἀπαι-

396 5073 630 5128 δευσίαν
657 5076 1155 5149 ἀποχερσούμενος.

473 5166 589 5220 Καὶ
613 5167 879 5237 ποιήσας
918 5170 998 5231 ὡς
1031 5169 1404 5239 φραγέλλιον
1441 5170 1509 5225 ἐκ
1541 5172 1832 5241 σχοινίων
1858 5169 2008 5224 πάν-

396 5273 514 5322 τας
545 5256 840 5321 ἐξέϐαλεν
876 5259 945 5312 ἐκ
987 5260 1095 5313 τοῦ
1130 5260 1327 5328 ἱεροῦ,
1356 5259 1431 5314 τά
1471 5277 1536 5314 τε
1580 5262 1868 5329 πρόϐατα,
1912 5260 2013 5314 καὶ

394 5348 549 5414 τοὺς
576 5348 738 5414 ,βὸας
760 5391 775 5415 ,
802 5349 903 5403 καὶ
941 5350 1061 5403 τῶν
1100 5351 1519 5407 κολλυϐιστῶν
1545 5352 1751 5424 ἐξέχεε
1778 5355 1847 5409 τὸ
1878 5356 2013 5425 κέρ-

391 5456 482 5514 μα
501 5484 518 5508 ,
550 5442 652 5495 καὶ
693 5442 801 5509 τὰς
847 5442 1138 5513 τραπέζας
1171 5442 1527 5514 ἀνέστρεψε.
1584 5447 1691 5501 Καὶ
1733 5447 1859 5516 τοῖς
1901 5449 2010 5516 τὰς

395 5533 765 5601 περιστερὰς
794 5534 1114 5589 πωλοῦσιν
1138 5530 1329 5589 εἶπεν.

484 5621 818 5688 ’Λγανακτεῖ
864 5622 964 5694 μὲν
1016 5622 1241 5688 εἰκότως
1287 5625 1381 5678 ἐπὶ
1431 5626 1553 5691 ταῖς
1584 5627 1694 5682 τῶν
1740 5626 2006 5684 Ἰουδαίων

399 5716 678 5861 ωπᾶειι.
713 5753 791 5803 tx,
832 5738 893 5806 l;
939 5737 1133 5796 Matth.
1176 5755 1250 5807 tv,
1296 5741 1385 5796 15.
1511 5740 1758 5798 "Hebr.
1804 5758 1904 5807 vn,
1937 5743 2022 5798 l9.

2195 5168 2260 5234 11,
2305 5164 2509 5233 15,16.
2542 5162 2612 5219 Et
2646 5180 2764 5219 cum
2792 5161 3002 5233 fecisset
3032 5161 3188 5232 quasi
3221 5157 3492 5231 ﬂagellum
3529 5156 3593 5211 de
3624 5156 3712 5227 fu-

2122 5248 2338 5324 niculis,
2369 5275 2548 5314 omnes
2581 5258 2731 5327 ejecit
2761 5257 2825 5311 de
2857 5254 3073 5323 templo,
3098 5270 3213 5308 oves
3239 5243 3439 5322 quoque
3459 5257 3507 5304 et
3534 5248 3707 5312 boves,

2119 5364 2168 5409 et
2200 5352 2688 5408 nummulariorum
2713 5348 2903 5418 e/j'udit
2933 5362 3038 5413 ws,
3100 5354 3150 5402 et
3190 5360 3398 5399 mensa:
3431 5339 3706 5396 subvertit.

2121 5444 2190 5499 Et
2222 5445 2305 5500 his
2337 5445 2428 5516 qui
2461 5440 2735 5503 columbas
2765 5440 3095 5503 vendebant,
3129 5435 3269 5489 dixit
3295 5449 3315 5488 :

2190 5624 2388 5681 Merito
2415 5624 2637 5696 quidem
2680 5623 2934 5679 Salvator
2981 5620 3053 5674 ob
3080 5616 3393 5672 Judmorum
3426 5610 3713 5668 vesaniam

2133 5742 2178 5774 '"
2206 5739 2247 5793 11
2280 5738 2409 5795 Cor.
2443 5753 2528 5807 ιιι,
2554 5737 2608 5792 6.
2721 5735 2768 5768 τ’
2793 5732 2836 5788 11
2861 5732 3004 5788 Tim.
3039 5746 3100 5797 ιι,
3134 5728 3188 5784 6.
3291 5727 3338 5760 η
3364 5724 3566 5782 Jerem.
3606 5739 3704 5786 xu.

3759 5498 3773 5550 i
