4106 6518
453 302 549 361 €51

1465 297 1525 354 S.
1563 248 1844 355 CYRibLl
1882 295 2357 353 ALEXANDle
2396 294 2716 352 ARCIHEP.

3620 303 3729 356 ‘23").

446 412 786 484 indignatur.
822 410 941 469 Non
965 410 1113 468 enim
1142 410 1428 482 oportebat
1476 410 1573 467 Dei
1621 410 1887 482 templum
1938 411 2030 467 do-

2144 409 2421 476 ἀπονοίαις
2469 412 2499 462 ὁ
2543 410 2755 482 Σωτήρ.
2804 410 2878 463 Οὐ
2932 411 3043 481 γὰρ
3089 406 3239 467 οἷκον
3294 411 3561 486 ἐμπορίου
3636 418 3730 473 τὸν

451 521 601 561 mum
648 505 1045 578 negotiationis
1087 503 1243 569 ﬁeri,
1289 503 1386 561 sed
1433 504 1726 560 orationis.
1763 504 1856 558 Sic
1890 503 2035 559 enim

448 598 718 667 scriptum
764 595 938 652 est”.
987 592 1109 649 Non
1146 593 1315 649 nudis
1343 601 1525 649 autem
1558 594 1741 650 verbis
1771 592 2038 648 duntaxat

449 688 617 742 animi
652 686 737 744 sui
766 687 1196 743 commotionem
1225 684 1410 755 prodit
1436 726 1451 754 ,
1503 683 1599 741 sed
1633 684 1956 742 verberibus
1985 691 2040 739 et

452 779 624 850 ﬂagro
678 780 855 835 sacris
896 780 1055 852 139
1086 778 1327 834 aditibus
1379 777 1670 842 exturbat,
1713 776 2037 831 servitutem

448 870 502 924 in
537 885 630 926 eos
663 869 790 941 jure
821 886 921 941 pro
958 885 1117 942 poena
1150 876 1402 925 statuens
1425 908 1439 933 ,
1474 875 1664 938 utpote
1693 867 1787 937 qui
1820 866 2042 923 liberta-

451 963 520 1017 tis
550 972 880 1018 assertorem
911 960 1112 1016 Filium
1152 976 1252 1031 per
1295 960 1457 1016 tidem
1490 959 1773 1028 suscipere
1810 974 2040 1014 recusa-

452 1055 562 1109 turi
592 1062 799 1111 essent.
827 1053 962 1109 Vide
987 1068 1153 1124 porro
1180 1061 1444 1124 tanquam
1472 1053 1528 1106 in
1562 1052 1803 1122 imagine
1831 1050 2041 1105 descri-

452 1150 604 1214 ptum
647 1143 782 1198 illud
827 1142 986 1197 Pauli
1024 1145 1272 1199 dictum:
1321 1164 1339 1195 ‹
1390 1142 1446 1198 Si
1476 1143 1603 1213 quis
1646 1142 1909 1213 templum
1944 1141 2038 1195 Dei

451 1235 775 1298 violaverit,
811 1233 1094 1304 disperdet
1121 1250 1246 1290 eum
1286 1234 1430 1290 Deus
1458 1234 1524 1287 ⁸⁸.
1556 1252 1575 1285 ›

523 1324 570 1377 ll
598 1366 613 1390 ,
654 1324 740 1378 16.
799 1324 1020 1395 Auferte
1046 1328 1151 1380 ista
1180 1326 1320 1392 hinc,
1351 1334 1399 1381 et
1432 1326 1592 1381 nolite
1621 1324 1794 1395 facere
1827 1326 2043 1380 domum

455 1415 641 1469 Patris
670 1416 771 1469 mei
796 1456 810 1480 ,
844 1417 1059 1471 domum
1087 1419 1481 1488 negotiationis.

537 1506 759 1562 Mandat
792 1507 1012 1578 quidem
1045 1516 1103 1562 ut
1134 1508 1403 1566 Dominus
1428 1547 1443 1574 ,
1485 1509 1554 1565 ad
1586 1508 1822 1565 oiIicium
1859 1516 2041 1563 autem

456 1597 808 1662 manuducit,
866 1607 927 1653 ut
977 1600 1281 1671 magister,
1331 1608 1388 1656 ct
1458 1610 1823 1672 praeterquam
1896 1599 2042 1669 quod

456 1691 725 1763 castigat,
754 1690 953 1746 delicta
983 1693 1159 1762 aperit
1185 1732 1201 1758 ,
1245 1700 1301 1748 et
1332 1707 1522 1747 eorum
1547 1691 1757 1762 pudore
1787 1706 1911 1746 eum
1950 1691 2042 1761 qui

459 1784 703 1853 punitur,
740 1785 864 1855 angi
897 1768 1008 1839 non
1042 1783 1197 1839 sinit.
1235 1782 1656 1840 Observandum
1684 1791 1892 1848 autem,
1921 1798 2044 1838 rur-

457 1891 551 1930 sus
597 1873 813 1931 Patrem
878 1890 1040 1930 suum
1095 1889 1298 1929 vocare
1348 1874 1511 1928 unice
1570 1888 1638 1927 ac
1694 1873 2045 1943 peculiariter

461 1965 651 2031 Deum,
683 1973 814 2035 puta
844 1966 993 2035 quod
1029 1964 1148 2035 ipse
1180 1964 1343 2019 etiam
1381 1964 1533 2019 solus
1557 1965 1858 2020 secundum
1896 1975 2046 2020 natu-

461 2075 578 2113 ram
613 2060 682 2115 sit
719 2074 787 2115 ex
813 2063 955 2128 ipso,
990 2072 1054 2112 ac
1085 2073 1214 2113 vere
1245 2058 1483 2129 genitus.
1514 2056 1649 2110 Nam
1691 2056 1736 2110 si
1774 2056 2041 2111 rationem

460 2152 621 2204 istam
667 2164 777 2204 non
835 2151 1040 2213 habet,
1086 2149 1179 2205 sed
1214 2149 1452 2205 Verbum
1499 2149 1576 2203 ita
1626 2149 1914 2205 nobiscum
1962 2158 2045 2205 est

462 2242 604 2297 tilius
628 2284 643 2307 ,
704 2248 760 2296 ut
807 2257 954 2297 unus
989 2256 1057 2296 ex
1091 2241 1289 2307 nobis,
1322 2242 1616 2312 adoptione
1654 2240 1914 2296 nimirum
1941 2280 1957 2307 ,
1990 2250 2046 2296 ct

459 2331 578 2387 sola
607 2329 788 2385 Patris
818 2332 1124 2397 voluntate,
1157 2346 1319 2402 quam
1366 2332 1438 2387 ob
1476 2347 1614 2394 rem,
1651 2347 1858 2402 quaeso,
1892 2346 2043 2386 eom-

462 2437 680 2476 munem
714 2422 862 2476 illam
900 2430 953 2476 et
979 2422 1239 2478 omnibus
1273 2422 1607 2492 propositam
1640 2422 1865 2492 gloriam
1891 2423 2043 2477 solus

461 2513 564 2567 sibi
592 2520 813 2583 arrogat
842 2528 965 2569 cum
1001 2514 1077 2569 ait
1118 2533 1130 2569 :
1176 2513 1355 2569 Nolite
1398 2514 1578 2569 facere
1607 2514 1828 2569 domum
1858 2513 2044 2569 Patris

461 2601 598 2667 mei,
633 2617 743 2658 non
777 2613 959 2658 autem
990 2605 1171 2673 potius
1197 2603 1419 2657 domum
1455 2601 1637 2659 Patris
1674 2603 1898 2657 nostri?
1941 2600 2046 2659 hoc

461 2693 608 2747 cnim
637 2693 823 2750 dicere
847 2695 1023 2766 magis
1050 2693 1242 2750 forsan
1268 2702 1702 2750 consentaneum
1728 2704 1844 2748 erat
1864 2736 1878 2759 ,
1910 2695 1957 2750 si
1987 2710 2046 2751 se

462 2800 632 2839 unum
664 2801 727 2840 ex
760 2785 830 2841 iis
863 2786 957 2857 qui
994 2793 1190 2840 natura
1221 2800 1330 2840 non
1369 2793 1500 2840 sunt
1533 2784 1628 2838 ﬁlii
1670 2781 1762 2839 Dei
1801 2785 2043 2855 seipsum

458 2890 584 2932 esse
629 2877 854 2932 sciebat.
904 2878 1041 2932 Cum
1092 2885 1275 2932 autem
1341 2875 1580 2932 Verbum
1637 2877 1882 2946 seipsum
1933 2891 2041 2930 non

460 2965 604 3019 inter
631 2963 772 3021 filios
803 2980 899 3035 per
931 2967 1165 3037 gratiam
1195 2967 1521 3036 ascriptum,
1554 2964 1651 3021 sed
1681 2981 1745 3019 ex
1781 2966 2043 3021 substan-

2138 500 2282 555 θεῖον
2347 501 2513 573 ἐχρῆν
2563 500 2944 555 ἀποτελεῖσθαι
2977 503 3105 557 ναὸν
3133 544 3148 570 ,
3189 505 3305 559 ἀλλ’
3336 501 3486 562 οἶκον
3535 505 3723 580 εὐχῆς.

2140 590 2298 644 Οὕτω
2329 591 2435 661 γὰρ
2472 591 2785 662 γέγραπται
2809 608 2823 623 ⁸
2856 594 3096 648 δείκνυσι
3145 595 3199 649 δὲ
3237 599 3340 652 οὐκ
3371 602 3428 655 ἐν
3467 600 3645 670 ψιλοῖς
3670 604 3730 659 τὺ

2140 681 2347 752 κίνημα
2377 681 2575 750 λόγοις,
2602 682 2735 737 ἀλλὰ
2762 683 3018 754 πληγαῖς,
3055 687 3147 738 καὶ
3182 689 3405 759 μάστιγι
3433 692 3541 747 τῶν
3563 695 3724 765 ἱερῶν

2140 769 2332 836 ἐξωθεί
2372 772 2694 844 περιϐόλων,
2725 774 3065 847 δουλοπρεπῆ
3113 777 3336 845 δικαίως
3380 783 3563 848 αὐτοῖς
3614 785 3732 839 ἐπι-

2140 863 2340 935 νοήσας
2369 863 2468 935 τὴν
2497 866 2769 937 τιμωρίαν
2806 880 2818 892 ·
2861 868 2922 920 οὐ
2967 869 3076 938 γὰρ
3107 869 3332 940 ἔμελλον
3365 874 3731 939 ὐποδέξασθαι

2139 956 2231 1011 τὸν
2270 957 2659 1029 ἐλευθεροῦντα
2690 959 2777 1013 διὰ
2809 957 3043 1025 πίστεως
3070 962 3218 1018 Υἰόν.
3244 966 3386 1036 Ὅρα
3406 966 3462 1020 δέ
3499 986 3591 1039 μοι
3623 987 3729 1024 κα-

2138 1047 2248 1111 λῶς
2299 1048 2375 1112 ὡς
2428 1050 2487 1103 ἐν
2525 1050 2696 1105 είκόνι
2743 1052 3085 1123 πραγμάτων
3126 1060 3617 1130 καταγραφόμενον
3666 1061 3730 1117 τὸ

2141 1140 2230 1194 διὰ
2279 1141 2372 1194 τοῦ
2435 1142 2648 1195 Παύλου
2687 1143 3011 1215 λελεγμένον
3040 1163 3054 1176 ·
3093 1166 3112 1198 ι
3138 1149 3206 1201 Εἰ
3231 1167 3316 1213 τις
3353 1147 3445 1206 οῦν
3477 1152 3571 1206 τὸν
3600 1158 3730 1209 ναὸν

2141 1232 2238 1286 τοῦ
2271 1233 2405 1288 Θεοῦ
2429 1234 2647 1308 φθείρῃ,
2678 1237 2869 1307 φθερεῖ
2894 1236 3081 1292 τοῦτον
3114 1241 3142 1292 ὁ
3164 1240 3313 1304 Θεός.
3347 1260 3366 1293 ι

2218 1326 2431 1393 Ἀρατε
2464 1327 2651 1382 ταῦτα
2689 1327 2990 1393 ἐντεῦθεν,
3028 1331 3113 1400 μὴ
3154 1332 3375 1387 ποιεῖτε
3418 1333 3526 1389 τὸν
3557 1332 3731 1391 οἷκον

2141 1416 2249 1472 τοῦ
2279 1406 2508 1486 Πατρός
2529 1437 2671 1489 μου,
2699 1417 2868 1474 οἷκον
2894 1422 3203 1491 ἐμπορίου.

2226 1509 2534 1564 Ἐπιτάττει
2565 1511 2662 1581 μὲν
2694 1512 2769 1578 ὡς
2804 1513 3110 1584 Δεσπότης.
3147 1520 3479 1588 χειραγωγεί
3506 1518 3560 1573 δέ
3591 1520 3731 1591 πρὸς

2143 1600 2205 1653 τὸ
2237 1600 2470 1672 πρέπον,
2497 1601 2572 1665 ὡς
2595 1603 2938 1671 διδάσκαλος,
2965 1607 3302 1680 παρατίθησί
3328 1626 3389 1661 τε
3412 1613 3477 1681 τῇ
3509 1610 3729 1666 κολάσει

2145 1689 2243 1763 τὴν
2274 1691 2382 1747 τῶν
2424 1695 2777 1765 πταισμάτων
2825 1697 3115 1769 ἐξήγησιν,
3164 1701 3304 1755 αἰδοῖ
3332 1704 3399 1773 τῇ
3427 1704 3555 1774 περὶ
3589 1704 3732 1758 αὐτὰ

2145 1782 2491 1853 χαλεπαίνειν
2519 1786 2619 1840 οὐκ
2656 1787 2762 1843 ἐῶν
2791 1788 2884 1843 τὸν
2924 1792 3346 1863 ἐπιτιμώμενον.
3386 1795 3730 1866 Σημειωτέον

2145 1871 2202 1925 δὲ
2255 1872 2336 1925 ὅτι
2395 1873 2556 1929 πάλιν
2601 1876 2798 1930 οἰκεῖον
2845 1878 3063 1950 Πατέρα
3110 1882 3378 1936 ἀποκαλεῖ
3425 1884 3732 1954 μοναδικῶς

2144 1963 2235 2015 τὸν
2265 1962 2429 2029 Θεὸν,
2469 1963 2544 2028 ὡς
2596 1966 2760 2028 αὐτὸς
2785 1966 2847 2039 δὴ
2871 1967 2966 2021 καὶ
3003 1969 3165 2039 μόνος
3196 1972 3225 2024 ὁ
3253 1970 3393 2025 κατὰ
3429 1972 3593 2042 φύσιν
3625 1974 3731 2027 ὑπ-

2146 2046 2328 2119 άρχων
2355 2049 2414 2114 ἐξ
2445 2048 2639 2115 αὑτοῦ,
2681 2052 2775 2106 καὶ
2804 2056 3199 2125 γεγεννημένος
3231 2056 3464 2127 άληθῶς.
3522 2059 3585 2112 Et
3619 2058 3731 2131 γὰρ

2148 2138 2222 2210 μὴ
2248 2140 2436 2194 τοῦτον
2463 2141 2574 2213 ἔχει
2600 2141 2691 2197 τὸν
2721 2144 2922 2216 τρόπον
2940 2187 2954 2211 ,
2986 2145 3103 2199 ἔστι
3133 2147 3190 2202 δὲ
3220 2147 3393 2212 οὕτως
3419 2149 3537 2221 μεθ’
3571 2150 3732 2221 ἡμῶν

2143 2232 2172 2284 ὁ
2200 2232 2370 2302 Λόγος
2388 2233 2501 2298 υἱὸς
2522 2274 2536 2298 ,
2582 2234 2657 2299 ὡς
2685 2230 2766 2299 εἷς
2791 2235 2849 2301 ἐξ
2872 2237 3057 2309 ἡμῶν,
3111 2238 3250 2293 κατὰ
3283 2240 3433 2293 θέσιν
3461 2241 3730 2314 δηλονότι,

2145 2325 2240 2378 καὶ
2280 2325 2421 2379 κατὰ
2455 2327 2615 2396 μόνον
2640 2327 2701 2381 τὸ
2748 2330 2807 2382 ἐν
2843 2328 3059 2402 θελήσει
3098 2333 3189 2386 τοῦ
3219 2333 3461 2405 Πατρδς,
3508 2336 3631 2389 ὅτου
3663 2335 3731 2407 δὴ

2145 2414 2303 2485 χάριν
2334 2415 2395 2468 τὸ
2441 2417 2617 2470 κοινὸν
2645 2417 2814 2489 δήπου
2836 2461 2849 2483 ,
2895 2419 2989 2473 καὶ
3023 2422 3157 2474 πᾶσι
3191 2424 3552 2493 προκείμενον
3593 2422 3750 2480 κριόν

2144 2523 2326 2577 χημα,
2377 2506 2536 2578 μόνος
2567 2509 2645 2573 είς
2677 2511 2868 2564 ἐαυτὸν
2894 2512 3129 2583 ἁρπάζει
3154 2512 3328 2582 λέγων
3350 2532 3361 2545 ·
3404 2514 3496 2585 Μὴ
3521 2517 3732 2569 ποιεῖτε

2143 2597 2236 2651 τὸν
2263 2595 2408 2651 οἶκον
2433 2599 2525 2652 τοῦ
2550 2602 2761 2673 Πατρός
2789 2619 2890 2669 μου
2907 2643 2922 2669 ,
2958 2604 3051 2656 καὶ
3092 2605 3209 2675 οὐχὶ
3244 2605 3444 2675 μᾶλλον
3468 2606 3558 2665 τὸν
3581 2602 3732 2661 οἷκον

2143 2686 2237 2738 τοῦ
2276 2687 2490 2758 Πατρὺς
2518 2689 2673 2760 ἡμῶν
2695 2707 2707 2755 ;
2734 2690 2903 2744 Τοῦτο
2928 2691 3036 2763 γὰρ
3062 2688 3129 2763 ἦν
3161 2692 3289 2757 ἴσως
3311 2694 3730 2767 ἀκολουθότερον

2145 2776 2318 2829 εἰπεῖν
2339 2820 2354 2845 ,
2413 2778 2570 2851 εἴπερ
2597 2780 2691 2833 ένα
2734 2780 2839 2834 τῶν
2871 2782 2972 2836 οὐκ
3017 2782 3184 2838 ὄντων
3234 2786 3374 2840 κατὰ
3402 2786 3562 2857 φύσιν
3594 2786 3732 2841 υἱῶν

2145 2867 2240 2920 καὶ
2274 2869 2465 2922 ἐαυτὸν
2499 2868 2845 2940 ἐξηπίστατο.
2895 2873 3114 2945 Ἐπειδὴ
3148 2875 3205 2928 δὲ
3231 2878 3331 2931 οὐκ
3363 2878 3421 2931 ἐν
3450 2881 3563 2943 τοῖς
3587 2880 3733 2934 κατὰ

2145 2962 2307 3030 χάριν
2343 2963 2506 3027 υἱοῖς,
2553 2963 2670 3017 ἀλλ’
2705 2965 2768 3017 ἐκ
2813 2968 2912 3035 τῆς
2940 2967 3123 3031 οὐσίας
3172 2968 3298 3022 ὄντα
3330 2970 3426 3023 τοῦ
3471 2970 3605 3025 Θεοῦ
3634 2974 3732 3026 καὶ

458 3056 533 3110 tia
565 3055 660 3111 Dei
688 3071 750 3111 ac
779 3055 961 3112 Patris
1006 3073 1131 3113 esse
1169 3064 1508 3128 cognoscat,
1549 3050 1706 3110 extra
1749 3072 2041 3111 numerum

2149 3050 2363 3121 Πατρὸς
2394 3052 2584 3105 ἑαυτὸν
2610 3053 2820 3121 όΛόγος
2841 3053 2970 3108 ὄντα
2998 3055 3278 3125 γινώσκει,
3304 3058 3408 3123 ἔξω
3430 3059 3535 3114 τῶν
3556 3061 3734 3116 ἄλλων

458 3147 692 3203 aliorum
725 3163 785 3203 se
825 3148 1092 3215 collocat,
1142 3147 1316 3203 Deum
1359 3163 1521 3202 suum
1568 3146 1786 3202 Patrem
1830 3165 2049 3202 nuneu-

441 3250 615 3307 ’pans.
654 3236 817 3291 Decet
866 3238 1012 3292 enim
1064 3252 1159 3292 eos
1210 3238 1304 3307 qui
1361 3236 1419 3291 in
1467 3236 1701 3291 ﬁliorum
1756 3253 2044 3293 numerum

460 3323 644 3378 vocati
675 3332 828 3391 sunt,
858 3332 912 3380 et
943 3322 1182 3380 ascititia
1207 3325 1474 3396 dignitate
1497 3325 1737 3395 praediti,
1773 3327 1847 3381 ita
1876 3326 2044 3382 Deum

459 3414 791 3484 compellare
836 3416 1158 3485 precando:
1221 3435 1242 3469 ‹
1284 3416 1444 3472 Pater
1468 3424 1691 3481 noster,
1741 3418 1834 3488 qui
1884 3434 1944 3475 es
1990 3419 2045 3474 in

462 3507 620 3561 emlis
648 3506 714 3557 ⁸³.
747 3524 770 3560 ι
808 3504 964 3563 Unus
1011 3516 1191 3562 autem
1230 3523 1294 3564 ac
1333 3509 1488 3565 solus
1526 3523 1593 3564 ex
1628 3525 1736 3565 uno
1769 3511 2046 3567 exsistens

464 3591 797 3664 Unigenit‘us
818 3635 832 3661 ,
879 3611 1040 3652 suum
1082 3596 1298 3653 Patrem
1329 3598 1500 3654 Deum
1533 3600 1726 3654 merito
1755 3615 2047 3671 nuncupa-

462 3684 619 3739 verit.
665 3684 821 3751 ρυοά
859 3687 906 3742 si
945 3702 1032 3743 res
1075 3686 1389 3760 propoSitas
1429 3693 1646 3747 acutius
1675 3693 1952 3757 scrutari,
1991 3701 2047 3749 et

461 3777 837 3844 superioribus
862 3780 977 3835 haec
1000 3783 1164 3836 etiam
1192 3783 1613 3839 accommodare
1644 3784 1900 3852 velimus,
1935 3784 2046 3841 alio

478 3867 646 3922 modo
683 3870 1080 3927 consideranda
1108 3880 1192 3928 est
1222 3873 1313 3927 illa
1345 3875 1527 3936 lectio,

535 3955 604 4013 Et
634 3958 838 4013 invenit
867 3960 923 4013 in
947 3960 1136 4029 tempto
1168 3963 1440 4019 vendente;
1471 3964 1650 4035 boves,
1681 3975 1731 4022 et
1761 3984 1877 4022 oves
1896 4008 1913 4036 ,
1934 3974 2044 4022 etc.

531 4152 669 4210 Vide
714 4170 844 4227 ergo
882 4170 1084 4213 rursus
1130 4163 1301 4213 totam
1348 4159 1782 4230 dispensationis
1834 4166 2042 4216 nostra:

465 4242 694 4298 formam
744 4246 960 4300 duabus
1006 4247 1174 4303 rebus
1220 4250 1458 4304 contexi.
1506 4249 1642 4303 Nam
1687 4264 1815 4304 cum
1864 4247 2045 4305 Cana-

463 4335 595 4388 nmis
619 4332 854 4390 Galilaeae
885 4336 1084 4392 incolis
1108 4339 1357 4408 epulatur
1372 4340 1629 4397 Christus
1665 4348 1831 4410 atque
1863 4342 2042 4397 diver-

2150 3141 2384 3211 τίθησιν,
2421 3143 2549 3196 ἴδιον
2580 3143 2799 3213 Πατέρα
2824 3144 3005 3199 καλῶν
3031 3146 3122 3199 τὸν
3152 3147 3305 3201 Θεόν.
3340 3149 3597 3220 Ἀρμόσει
3628 3151 3734 3221 μὲν

2149 3230 2258 3301 γὰρ
2276 3234 2387 3295 τοῖς
2413 3234 2492 3295 είς
2521 3233 2741 3305 υίότητα
2770 3235 3147 3305 κεκλημένοις,
3167 3238 3260 3290 καὶ
3283 3239 3519 3291 ἐπακτὸν
3546 3238 3733 3311 ἔχουσι

2148 3323 2208 3376 τὸ
2232 3323 2455 3394 ἀξίωμα
2478 3325 2935 3396 προσευχομένοις
2963 3326 3222 3398 ἀναϐοᾷν·
3260 3347 3278 3378 ι
3305 3328 3488 3399 Πάτερ
3519 3330 3675 3398 ἡμῶν
3702 3331 3732 3382 ὁ

2150 3416 2207 3468 ἐν
2240 3418 2352 3478 τοῖς
2380 3416 2660 3487 οὐρανοῖς·
2694 3435 2712 3468 ι
2745 3411 2825 3480 εἷς
2847 3417 2903 3470 δὲ
2935 3418 3029 3471 καὶ
3054 3419 3212 3488 μόνον
3236 3420 3295 3484 ἐξ
3327 3420 3445 3483 ἐνὸς
3469 3408 3731 3491 ὑπάρχων

2148 3507 2514 3579 ὀΜσνογενὴς
2536 3549 2550 3571 ,
2597 3507 2727 3562 ῐδιον
2766 3509 2988 3572 εἰκότως
3034 3510 3363 3563 ἀποκαλέσει
3392 3510 3609 3580 Πατέρα
3637 3511 3731 3565 τὸν

2148 3598 2301 3653 Θεόν.
2355 3599 2420 3652 Εἰ
2460 3599 2516 3654 δὲ
2561 3601 2639 3654 δεῖ
2684 3604 2799 3664 τοῖς
2848 3601 3228 3673 προκειμένοις
3275 3602 3728 3673 προσϐάλλοντας,

2148 3691 2511 3762 λογικώτερον
2560 3691 2866 3765 ἐφαρμόσαι
2911 3695 3023 3755 τοῖς
3080 3693 3337 3766 ἀνωτέρω
3389 3706 3484 3748 και
3531 3693 3729 3760 ταῦτα,

2150 3782 2452 3855 θεωρητέον
2481 3785 2683 3857 ἑτέρως
2712 3785 2772 3839 τὸ
2802 3785 3155 3856 ἀνάγνωσμα,

2219 3959 2327 4014 Καὶ
2355 3956 2532 4028 εὗρεν
2567 3961 2637 4014 ἐν
2665 3958 2745 4026 τῷ
2769 3959 2901 4027 ἱερῷ
2925 3963 3066 4026 τοὺς
3096 3960 3451 4028 πωλρῦντας
3482 3961 3553 4025 τὰ
3583 3963 3730 4031 πρό-

2149 4051 2297 4103 ϐατα
2321 4049 2421 4103 καὶ
2454 4049 2596 4115 τοὺς
2624 4050 2800 4114 βόας,
2834 4051 2929 4102 καὶ
2965 4049 3033 4102 τὰ
3068 4048 3215 4120 ἑξῆς.

2218 4141 2328 4195 Θέα
2367 4141 2433 4211 δὴ
2485 4141 2646 4195 πάλιν
2675 4140 2796 4195 ὅλον
2836 4140 2938 4208 τῆς
2971 4139 3095 4195 καθ’
3143 4140 3292 4211 ἡμᾶς
3329 4139 3639 4210 οἰκονομίας
3669 4144 3733 4195 ἰδ

2150 4233 2335 4305 σχῆμα
2354 4234 2442 4288 διὰ
2462 4233 2555 4288 δύο
2578 4235 2920 4306 πραγμάτων
2945 4232 3380 4302 ἐξυφαινόμενον.
3403 4231 3730 4286 Καναναίων

2150 4324 2248 4395 μὲν
2264 4324 2371 4396 γάρ
2385 4328 2495 4388 τοῖς
2509 4325 2649 4379 κατὰ
2666 4324 2761 4395 τὴν
2771 4321 3075 4388 Γαλιλαίαν,
3094 4318 3256 4390 φημὶ,
3276 4317 3370 4372 καὶ
3386 4319 3729 4371 συνεστιᾶται

463 4435 647 4491 satur,
681 4434 734 4482 et
763 4443 965 4484 mensae
987 4439 1274 4488 consortes
1309 4433 1442 4491 facit
1470 4448 1568 4489 eos
1604 4449 1634 4487 a
1667 4435 1871 4504 quibus
1896 4436 2041 4491 invi-

2145 4415 2240 4467 καὶ
2268 4412 2920 4485 συναυλίςεταιΧριστὸς,
2946 4412 3041 4464 καὶ
3060 4409 3467 4481 ὁμοτραπέζους
3492 4409 3729 4461 ἐποιεῖτο

465 4524 612 4571 tatus
643 4524 763 4571 erat
788 4525 844 4573 et
868 4520 1260 4578 cohonestatus
1288 4565 1304 4591 ,
1348 4523 1638 4579 miraculis
1667 4500 1895 4593 prodest
1924 4564 1939 4589 ,
1990 4534 2041 4581 et

2146 4507 2276 4570 τοὺς
2291 4508 2627 4577 κεκληκότας
2643 4505 2826 4571 αὐτὸν,
2849 4505 2943 4557 καὶ
2964 4504 3049 4558 διὰ
3064 4501 3219 4556 τοῦτο
3233 4503 3573 4573 τιμήσαντας
3590 4517 3603 4530 ·
3634 4500 3729 4552 καὶ

464 4607 611 4680 quod
644 4608 710 4663 ad
740 4609 1032 4666 honestum
1066 4613 1327 4684 gaudium
1377 4615 1513 4685 ipsis
1553 4614 1782 4682 deerat,
1820 4616 2003 4688 explet
2027 4659 2042 4684 ,

464 4709 518 4754 et
549 4714 710 4755 omne
746 4700 1018 4757 bonorum
1057 4719 1230 4775 genus
1264 4703 1469 4759 aifatim
1502 4705 1758 4776 largitur,
1789 4707 1896 4761 hoc
1932 4708 2045 4763 νειμ

466 4792 541 4845 uti
574 4797 701 4862 typo
731 4792 1005 4860 edocens,
1060 4810 1120 4850 se
1147 4794 1383 4850 Galilaeae
1415 4796 1626 4851 incolas
1667 4795 1826 4868 140
1875 4798 2040 4852 etiam

464 4892 847 4952 suscepturum
868 4926 883 4951 ,
916 4885 1021 4940 hoc
1053 4892 1138 4941 est
1170 4895 1394 4957 gentes,
1426 4901 1526 4956 per
1553 4901 1742 4942 earum
1781 4887 1938 4943 fidem
1972 4888 2039 4942 ad

465 4972 611 5041 ipsas
660 4973 826 5029 veluti
861 4983 1113 5031 vocatum
1141 5013 1156 5039 ,
1207 4981 1264 5030 et
1298 4974 1367 5028 in
1417 4976 1701 5031 etelestem
1736 4976 2037 5032 thalamum

464 5061 906 5117 introducturum
931 5105 946 5129 ,
986 5064 1042 5117 in
1073 5062 1569 5133 primogenitorum
1611 5060 1918 5121 Ecclesiam
1952 5065 2039 5119 ni-

465 5154 704 5218 mirum,
747 5170 953 5225 easque
1000 5168 1128 5209 cum
1180 5153 1392 5209 sanctis
1426 5154 1823 5210 collocaturum
1868 5155 2035 5229 (eum

461 5243 707 5299 convivis
754 5245 899 5299 enim
936 5245 1316 5299 accubuerunt
1354 5244 1690 5317 discipuli),
1729 5255 1783 5302 et
1837 5246 2036 5302 divinae

461 5346 527 5388 ac
571 5334 839 5403 spiritalis
879 5332 1221 5388 celebritatis
1245 5331 1458 5387 futuras
1487 5332 1811 5403 participes,
1843 5348 2035 5403 quem-

462 5420 756 5477 admodum
803 5423 965 5478 etiam
1014 5421 1134 5492 ipse
1180 5420 1260 5476 ait
1299 5421 1504 5477 alicubi
1553 5440 1569 5478 :
1638 5440 1657 5476 ι
1701 5422 1840 5490 Quia
1876 5422 2034 5477 multi

459 5510 769 5585 tib-oriente
793 5520 848 5569 et
875 5511 1157 5569 occidente
1189 5512 1431 5581 venient,
1463 5521 1517 5570 et
1546 5515 1866 5572 recumbent
1906 5528 2032 5569 cum

555 5693 601 5727 ⁸ο
639 5690 830 5746 Matth.
866 5706 983 5758 ΠΙ,
1024 5693 1110 5749 15.

2145 4598 2233 4650 διὰ
2264 4596 2504 4667 σημείων
2532 4596 2752 4667 ὠφελεῖ,
2773 4596 2866 4650 καὶ
2892 4593 2954 4648 τὸ
2991 4596 3176 4648 λεῖπον
3206 4594 3392 4655 αὐτοῖς
3417 4593 3495 4654 εἰς
3524 4591 3731 4660 εὔφρα-

2149 4689 2268 4743 σίαν
2292 4690 2595 4759 ἀναπληροῖ
2617 4705 2628 4721 ·
2657 4689 2750 4742 καὶ
2778 4688 2831 4741 τί
2862 4687 2971 4757 γὰρ
3005 4680 3123 4754 οὺχ).
3156 4684 3264 4738 τῶν
3292 4683 3513 4751 ἀγαθῶν
3540 4682 3728 4736 ἐπιδα-

2144 4779 2425 4849 ψιλεύεται
2452 4818 2468 4843 ,
2520 4780 2595 4842 ὡς
2631 4778 2719 4832 διὰ
2751 4779 2923 4832 τύπου
2971 4778 3269 4840 διδάσκων,
3306 4776 3387 4828 ὅτι
3435 4774 3529 4826 καὶ
3559 4766 3727 4844 προσέ

2143 4868 2351 4933 δέξεται
2382 4869 2509 4931 τοὺς
2539 4870 2639 4939 τῆς
2668 4868 2956 4930 Γαλιλαίας
2983 4868 3288 4938 οἰκήτορας,
3321 4863 3466 4917 τοῦτ’
3496 4862 3631 4925 ἔστι,
3657 4861 3725 4915 τά

2144 4958 2302 5028 ἔθνη,
2331 4958 2664 5030 κεκλημένος
2685 4999 2698 5023 ,
2749 4960 2823 5022 ὡς
2855 4959 2990 5029 πρὸς
3023 4957 3162 5011 αὐτὰ
3194 4957 3283 5009 διὰ
3326 4956 3425 5026 τῆς
3456 4956 3514 5008 ἐν
3542 4954 3727 5016 αὐτοῖς

2144 5048 2399 5114 πίστεως,
2427 5049 2519 5101 καὶ
2540 5052 2619 5112 είς
2647 5050 2736 5102 τὸν
2758 5051 3006 5119 οὐράνιον
3032 5046 3236 5111 εἰσάξει
3265 5045 3488 5111 παστὸν,
3522 5045 3600 5108 είς
3624 5043 3725 5115 τὴν

2141 5139 2250 5192 τῶν
2299 5140 2657 5210 πρωτοτόκων
2706 5140 3032 5209 Ἐκκλησίαν
3077 5137 3310 5210 δηλαδὴ,
3369 5136 3463 5189 καὶ
3496 5151 3726 5188 συνανα-

2141 5231 2313 5284 κλινεῖ
2340 5235 2450 5294 τοῖς
2476 5232 2646 5299 ἁγίοις
2672 5232 2810 5285 αὐτὰ
2851 5231 3248 5303 (συνανέκειντο
3267 5228 3375 5300 γὰρ
3399 5229 3509 5290 τοῖς
3529 5228 3722 5279 ἑστιω-

2145 5322 2325 5394 μένοις
2362 5325 2411 5376 oi
2457 5324 2600 5391 ἅγιοι
2638 5323 2917 5394 μαθηταὶ),
2966 5323 3060 5375 καὶ
3093 5323 3191 5391 τῆς
3236 5320 3387 5383 θείας
3427 5320 3519 5373 καὶ
3557 5334 3722 5372 πνευ-

2145 5416 2377 5486 ματικῆς
2405 5413 2833 5485 συμμεθέξουσιν
2866 5414 3059 5485 ἑορτῆς
3083 5453 3097 5477 ,
3134 5410 3276 5465 καθὰ
3305 5411 3397 5465 καὶ
3426 5410 3587 5473 αὑτός
3616 5409 3722 5463 πού

2142 5524 2340 5579 φησιν·
2404 5525 2426 5561 v
2463 5509 2585 5562 ’Ότι
2636 5507 2819 5561 πολλοὶ
2851 5507 2958 5559 ἀπὸ
2993 5504 3301 5572 ἀνατολῶν,
3354 5503 3450 5559 καὶ
3501 5500 3723 5577 δυσμῶν

1204 5691 1248 5727 ⁸⁸
1279 5693 1295 5750 Ι
1325 5689 1455 5749 Cor.
1485 5707 1568 5759 Ill,
1604 5690 1690 5746 l7.
1769 5692 1815 5724 θ’
1860 5687 2050 5743 Matth.
2090 5702 2164 5751 vr,
2193 5686 2248 5741 9.
