4106 6494
370 362 482 417 255

1447 359 1512 414 IN
1553 354 1838 414 JOANNIS
1877 351 2328 409 EVANGELIUM
2369 352 2494 406 LIB.
2543 354 2602 410 II.

3545 361 3651 415 25.5

365 476 596 547 ἥξουσι,
652 477 747 531 καί
797 477 1253 550 ἀνακλιθήσονται
1312 477 1452 548 μετά
1521 475 1772 546 ’Λϐραάμ
1796 512 1810 535 ,
1869 471 1961 524 καὶ

2072 467 2360 530 Abraham,
2400 477 2454 520 et
2483 470 2634 520 Isaac
2657 509 2670 530 ,
2706 476 2756 522 et
2789 466 2960 524 Iacob
2982 467 3027 500 ”
3047 509 3060 533 ,
3103 487 3122 522 ι
3166 469 3374 524 nullius
3399 481 3654 540 expertes

380 569 608 633 Ἰσαὰκ,
658 570 755 623 καὶ
794 570 990 624 Ἰακὼϐ
1011 611 1026 634 ,
1063 591 1082 623 ι
1117 569 1330 633 οὐδενὸς
1359 570 1547 631 αὐτοῖς
1598 569 1678 630 εἰς
1703 563 1970 636 θυμηδίαν

364 659 734 723 ἐλλείποντος.
790 679 808 713 ι
831 660 1153 733 Εὐφροσύνη
1181 662 1292 732 γὰρ
1314 661 1530 722 αἰώνιος
1563 658 1703 728 ὑπὲρ
1728 655 1973 725 κεφαλῆς

365 749 578 805 αὐτῶν.
624 769 645 802 ι
698 751 839 814 Τοὺς
889 751 947 804 δὲ
990 751 1399 823 ἀπειθήσαντας
1457 749 1745 812 Ἰουδαίους
1769 745 1972 800 ’τόπων

368 843 472 914 μὲν
511 843 624 898 τῶν
661 843 832 912 ἁγίων
861 844 1110 911 ἐκϐαλεῖ,
1146 845 1254 909 ἔξω
1276 844 1336 898 δὲ
1360 843 1514 915 θήσει
1542 843 1644 912 τῆς
1681 843 1832 913 ἱερᾶς
1861 839 1973 892 τῶν

364 935 548 1002 ἁγίων
589 934 889 1004 περιὸολῆς
911 953 924 966 °
973 935 1110 989 ἀλλά
1149 937 1245 989 καὶ
1273 935 1650 1008 προσάγοντας
1680 932 1748 986 τὰ
1776 935 1855 996 εἰς
1879 931 1973 986 θυ-

364 1026 496 1079 σίαν
530 1027 594 1080 οὐ
621 1027 1012 1098 προσδέξεται·
1040 1029 1261 1083 κολάσει
1288 1028 1348 1081 δὲ
1379 1027 1598 1098 μᾶλλον,
1627 1026 1722 1081 καὶ
1747 1025 1974 1097 μάστιγι

363 1117 660 1190 ὑποθήσει,
692 1124 906 1190 σειραῖς
934 1121 1044 1174 τῶν
1069 1122 1287 1175 οἰκείων
1323 1119 1816 1191 πλημμελημάτων
1842 1133 1974 1172 κατ-

361 1211 1095 1286 εσφιγμένους.”Λκουεγάρ
1109 1214 1356 1282 λέγοντος
1375 1228 1388 1240 '
1419 1234 1435 1265 ι
1452 1214 1655 1284 Ἄρατε
1683 1212 1859 1266 ταῦτα
1886 1213 1975 1264 ὲνο

358 1305 586 1370 τεῦθεν,
621 1325 641 1357 ›
680 1307 768 1361 ἵνα
801 1305 961 1360 πάλιν
986 1309 1171 1362 ἐκεῖνα
1201 1310 1360 1377 νοῇς,
1387 1307 1424 1361 ἃ
1461 1306 1526 1376 δὴ
1561 1305 1657 1359 καὶ
1685 1304 1852 1358 πάλαι
1885 1300 1975 1356 διὰ

360 1393 558 1462 φωνῆς
583 1392 680 1446 τοῦ
708 1383 989 1465 προφήτου
1024 1396 1188 1466 φησιν
1222 1395 1446 1449 Ἡσαΐου
1472 1412 1486 1426 ·
1524 1413 1543 1447 ι
1582 1393 1974 1464 Ὀλοκαύτωμα

357 1484 477 1537 τῶν
508 1485 711 1556 κριῶν,
739 1487 834 1539 καὶ
866 1487 1034 1560 στέαρ
1063 1487 1273 1559 ἀρνῶν,
1306 1489 1399 1541 καὶ
1440 1481 1582 1556 αἷμα
1618 1485 1834 1558 ταύρων
1877 1485 1973 1538 καὶ

357 1579 594 1646 τράγων
623 1579 686 1630 οὐ
735 1577 1034 1650 βούλομαι,
1074 1581 1186 1634 οὐδ’
1214 1581 1281 1634 ἂν
1314 1579 1550 1652 ἕρχησθε
1588 1577 1822 1648 ὀφθῆναί
1858 1593 1970 1646 μοι.

359 1663 468 1727 Τίς
499 1668 608 1737 γὰρ
633 1665 936 1738 ὲξεζήτησε
957 1669 1128 1722 ταῦτα
1150 1671 1216 1722 ὲκ
1243 1669 1352 1723 τῶν
1379 1669 1576 1741 χειρῶν
1608 1667 1797 1739 ὑμῶν;
1856 1668 1972 1720 Πα-

354 1761 477 1810 τείν
511 1758 614 1828 τὴν
643 1760 815 1831 αὐλήν
851 1779 954 1832 μου
1015 1764 1074 1816 οὐ
1134 1762 1529 1833 προσθήσεσθε.
1598 1761 1725 1815 Ἐὰν
1769 1760 1972 1832 φέρητε

2073 559 2280 628 gaudii.
2339 576 2357 608 ι
2407 557 2620 611 Laetitia
2670 559 2815 612 enim
2871 559 3206 629 sempiterna
3266 576 3433 630 super
3491 574 3659 630 caput

2070 663 2264 705 eorum
2287 649 2355 702 ⁸⁵.
2380 669 2397 701 ι
2424 649 2739 705 Incredulos
2765 659 2946 707 autem
2965 651 3267 709 Judaeosde
3285 655 3496 710 sanctis
3517 655 3656 710 locis

2071 742 2388 798 esturbabit
2411 782 2425 806 ,
2455 752 2510 798 et
2547 753 2704 798 extra
2745 760 2902 800 sacra
2933 755 3254 802 sanctorum
3287 747 3492 801 mantia
3543 759 3657 802 sta-

2074 841 2234 888 tuet:
2283 835 2416 906 quin
2456 844 2511 890 et
2546 835 2822 892 sacriﬁcia
2851 837 3147 895 oIIerentes
3195 855 3302 895 non
3344 841 3655 910 suscipiet,

2071 927 2170 981 sed
2199 942 2296 983 eos
2333 929 2518 998 potius
2550 930 2762 998 puniet,
2795 928 3096 1001 Ilagrisque
3126 931 3402 1002 subjiciet,
3439 933 3657 988 catenis

2074 1036 2302 1075 suorum
2344 1022 2641 1076 criminum
2693 1025 3054 1080 constrictos.
3099 1025 3242 1080 Audi
3281 1027 3428 1080 enim
3471 1026 3659 1080 dicen-

2073 1119 2185 1166 tem
2217 1131 2232 1166 :
2261 1131 2281 1163 ι
2305 1113 2531 1168 Auferte
2568 1113 2670 1168 ista
2693 1113 2843 1180 hinc,
2870 1132 2888 1166 ι
2921 1121 2980 1168 ιιι
3021 1114 3117 1168 illa
3148 1129 3344 1170 rursus
3379 1114 3660 1183 intelligas

2075 1219 2196 1276 quae
2213 1220 2310 1275 per
2333 1204 2488 1260 Isaiae
2504 1221 2694 1261 vocem
2726 1207 2858 1262 olim
2881 1207 3102 1262 locutus
3125 1215 3242 1263 est:
3280 1225 3298 1258 ι
3320 1205 3661 1262 IloIocausta

2075 1298 2332 1362 arietum,
2365 1307 2419 1352 et
2447 1297 2663 1368 adipem
2697 1313 2992 1369 agnorum,
3020 1307 3076 1354 et
3108 1299 3437 1369 sanguinem
3475 1305 3664 1351 tauro-

2074 1404 2197 1444 rum
2233 1400 2288 1444 et
2311 1390 2594 1444 hircorum
2627 1391 2778 1452 nolo,
2803 1407 2980 1462 neque
2996 1392 3230 1446 veniatis
3265 1398 3325 1444 ut
3352 1389 3663 1460 appareatis

2075 1481 2234 1536 mihi.
2264 1481 2402 1548 Quis
2431 1483 2579 1538 enim
2609 1484 2864 1553 quaesivit
2893 1484 3006 1538 haec
3035 1484 3104 1538 de
3134 1483 3392 1538 manibus
3424 1481 3665 1536 vestris?

2074 1572 2302 1627 Calcare
2337 1572 2538 1627 atrium
2578 1588 2759 1627 meum
2803 1588 2915 1626 non
2957 1574 3264 1646 apponetis.
3318 1571 3376 1626 Si
3420 1571 3664 1626 aIl'eratis

2075 1663 2308 1720 similam
2336 1702 2356 1726 ,
2399 1679 2599 1718 vanum
2631 1663 2919 1718 incensum
2947 1703 2964 1724 .
3009 1662 3350 1718 abominatio
3382 1663 3521 1717 mihi
3553 1670 3662 1718 est.

2075 1758 2401 1813 Neomenias
2436 1766 2681 1823 vestras,
2722 1767 2777 1814 et
2813 1757 3048 1813 Sabhata
3077 1799 3092 1824 ,
3137 1767 3193 1814 et
3223 1757 3366 1813 diem
3403 1771 3662 1829 magnum

357 1850 690 1920 σεμίδαλιν,
746 1853 976 1922 μάταιον
1015 1852 1300 1925 θυμίαμα,
1365 1853 1645 1924 βδέλυγμὰ
1689 1851 1779 1922 μοί
1817 1854 1966 1905 ἐστι·

2082 1862 2190 1901 non
2226 1845 2375 1912 fero;
2420 1847 2688 1917 jejunium
2709 1885 2726 1912 ,
2757 1857 2810 1901 et
2839 1847 3009 1901 otium
3033 1887 3049 1913 ,
3073 1854 3127 1901 et
3159 1846 3538 1901 solemnitates
3568 1860 3665 1900 ve-

357 1935 462 1999 τᾶς
493 1936 801 2006 νουμηνίας
830 1937 986 2008 ὑμῶν
1037 1940 1132 1993 καὶ
1158 1940 1225 1994 τά
1265 1940 1519 1993 Σὰὅὸατα
1543 1977 1558 2003 ,
1611 1940 1706 1992 καὶ
1753 1937 1969 2008 ἡμέραν

371 2030 618 2101 μεγάλην
654 2031 758 2084 οὐκ
791 2031 1076 2102 ἀνέχομαι.
1128 2031 1439 2102 Νηστείαν,
1485 2033 1578 2086 καὶ
1617 2030 1847 2102 ἀργίαν,
1877 2028 1968 2082 καὶ

368 2121 468 2184 τὰς
497 2122 695 2193 ἑορτὰς
733 2123 888 2194 ὑμῶν
937 2125 1146 2194 μισεῖή
1175 2124 1320 2194 ψυχή
1361 2141 1484 2194 μου.
1528 2121 1853 2193 Ἐγενήθητέ
1877 2139 1967 2192 μοι

361 2215 449 2278 είς
487 2216 812 2290 πλησμονὴν
832 2258 847 2282 ,
874 2218 1059 2272 οὐκέτι
1086 2219 1274 2290 ἀνήσω
1295 2218 1394 2282 τὰς
1427 2216 1705 2290 ἁμαρτίας
1737 2216 1911 2288 ὑμῶν.
1943 2235 1962 2270 ι

2077 1946 2224 1994 stras
2265 1940 2384 1995 odit
2427 1943 2610 1996 anima
2651 1954 2790 1995 mea.
2826 1937 2978 1995 Facti
3017 1940 3155 1994 mihi
3183 1939 3320 1995 estis
3350 1940 3405 1994 in
3435 1939 3666 1996 satieta-

2077 2039 2220 2088 tem:
2256 2048 2604 2103 nequaquam
2631 2034 2770 2087 ultra
2801 2033 3072 2088 dimittam
3101 2041 3326 2102 peccata
3346 2045 3526 2088 vestra
3542 2033 3606 2086 ⁸⁸.
3643 2053 3660 2082 ι

2077 2123 2236 2190 Quod
2283 2124 2499 2196 ﬂagello
2549 2141 2580 2180 e
2619 2124 2844 2181 funibus
2887 2125 3032 2180 Iacto
3057 2126 3336 2196 praeclare
3363 2126 3660 2198 significat.

2079 2215 2276 2288 Flagra
2308 2217 2456 2273 enim
2491 2219 2651 2290 signa
2680 2227 2810 2274 sunt
2836 2219 3166 2290 punitionis.

358 2309 550 2382 Ὅπερ
590 2311 797 2382 ἄριστα
833 2311 923 2364 διὰ
968 2311 1140 2366 τύπου
1186 2313 1443 2384 σημαίνει
1484 2311 1545 2366 τὸ
1593 2314 1656 2365 ἐκ
1684 2309 1933 2382 σχοινίων
1972 2309 2155 2373 αὐτοῖς
2181 2312 2476 2382 ἐπινοήσας
2529 2311 2873 2383 φραγέλλιον.
2911 2311 3201 2376 Κολάσεως
3263 2313 3373 2385 γὰρ
3439 2316 3665 2385 σημεῖον

352 2399 418 2460 αἱ
453 2408 751 2478 μάστιγες.

446 2498 884 2568 Ἐμνήσθησαν
906 2501 975 2555 δὲ
1003 2505 1056 2557 οἱ
1081 2505 1341 2574 μαθηταὶ
1367 2505 1575 2572 αὑτοῦ,
1597 2504 1688 2560 ὅτι
1721 2517 1972 2575 γεγραμ-

346 2593 551 2662 μένον
578 2593 758 2647 ἐστίν
793 2610 807 2625 ·
844 2595 908 2648 '0
937 2594 1120 2666 ζῆλος
1146 2596 1253 2651 τοῦ
1276 2600 1450 2652 οἴκου
1481 2613 1600 2652 σου
1640 2595 1970 2668 καταφάγε-

351 2685 459 2738 ταί
478 2702 583 2755 με.
631 2687 1082 2756 Ἀπεκρίθησαν
1108 2684 1223 2745 οὖν
1251 2692 1306 2743 ot
1339 2689 1614 2745 Ἰουδαῖοι
1631 2731 1646 2755 ,
1674 2691 1772 2745 καὶ
1799 2686 1972 2744 εἷπον

355 2775 546 2842 αὐτῷ.

446 2870 827 2941 Ἐρανίζονται
861 2870 1006 2926 κατά
1041 2871 1218 2944 βραχὺ
1257 2873 1319 2926 τὸ
1355 2873 1414 2927 ὲν
1451 2873 1651 2942 γνώσει
1686 2873 1893 2928 τέλειον
1919 2873 1969 2926 oi

359 2961 612 3033 μαθηταὶ
633 3003 649 3028 ,
703 2963 798 3016 καὶ
839 2966 958 3028 ταῖς
995 2964 1104 3017 τῶν
1134 2965 1476 3036 πραγμάτων
1501 2965 1762 3018 ὲκϐάσεσι
1783 2965 1852 3019 τά
1877 2979 1974 3033 γερ

355 3057 676 3127 γραμμένα
714 3059 1126 3128 συμϐάλλοντες
1158 3059 1360 3128 πολλὴν
1403 3059 1502 3130 ήδη
1530 3058 1836 3112 δεικνύουσι
1871 3058 1969 3128 τὴν

364 3147 461 3198 ἰπὶ
488 3147 550 3201 τὸ
582 3148 773 3218 μεῖξον
795 3149 1060 3204 ἐπίδοσιν.

445 3241 507 3294 Τί
530 3241 796 3310 σημεῖον
841 3241 1141 3306 δεικνύεις
1166 3242 1340 3311 ἡμῖν,
1385 3241 1477 3296 ὅτι
1517 3242 1704 3296 ταῦτα
1738 3242 1966 3308 ποιεῖς;

371 3328 698 3400 Ἀπεκρίθη
735 3332 968 3399 Ἰησοῦς
999 3333 1097 3386 καὶ
1131 3329 1303 3386 εἶπεν
1320 3333 1543 3400 αὐτοῖς.

430 3421 900 3490 Καταπλήττεται
928 3423 1027 3490 τῆς
1050 3423 1303 3487 ἐξουσίας
1343 3423 1405 3476 τὸ
1451 3424 1602 3490 ξένον
1631 3427 1664 3496 ἡ
1693 3425 1804 3478 τῶν
1839 3425 1968 3479 Ἰοει-
1997 3415 2041 3472 C

351 3511 528 3566 δαίων
560 3512 775 3582 πληθὺς
797 3553 811 3578 ,
859 3513 1186 3584 δυσφοροῦσι
1213 3515 1269 3567 δὲ
1307 3515 1427 3570 λίαν
1456 3519 1504 3569 oi
1549 3514 1628 3586 τῷ
1656 3515 1770 3586 ναῷ
1801 3533 1970 3588 προσ-

351 3603 705 3674 εδρεύοντες,
728 3603 937 3673 κερδῶν
960 3604 1059 3656 οὐκ
1075 3604 1266 3674 εὐαριθ
1276 3606 1464 3676 μήτων
1481 3607 1966 3677 ἀποστερούμενοι.

352 3693 477 3746 Καὶ
499 3691 804 3762 διελέγχειν
838 3693 938 3764 μὲν
957 3693 1058 3746 οὐκ
1080 3693 1315 3765 ἔχουσιν,
1355 3695 1430 3761 ὡς
1454 3697 1553 3750 οὐκ
1576 3697 1777 3769 ἄριστα
1798 3697 1967 3765 λέγει,

343 3786 438 3859 μὴ
465 3787 584 3840 δεῖν
612 3788 888 3860 ἐμπορίας
918 3784 1065 3842 οἷκον
1097 3788 1190 3841 τὸν
1221 3788 1363 3842 θεῖον
1391 3790 1808 3844 ἀναδείκνυσθαι
1843 3791 1970 3845 ναὸν

351 3879 676 3934 ἐπιτάττων
704 3895 716 3907 °
770 3879 1096 3952 ὑπερθέσεις
1129 3880 1184 3933 δὲ
1224 3881 1388 3934 πάλιν
1434 3884 1501 3953 τῇ
1549 3883 1658 3936 τῶν
1711 3884 1971 3955 ἐμπόρων

350 3973 511 4042 φυγῇ
546 3971 1066 4041 πραγματεύονται,
1106 3973 1168 4025 τὸ
1198 3973 1274 4044 μὴ
1308 3973 1506 4044 χρῆναι
1538 3975 1842 4047 προχείρως
1869 3977 1972 4028 ὑπ-

348 4063 537 4118 είκειν
567 4065 720 4136 αὐτῷ
742 4065 1228 4136 προφασιζόμενοι,
1264 4067 1402 4136 μήτε
1430 4067 1535 4138 μὴν
1547 4068 1968 4138 ἀπερισκέπτως

351 4156 438 4220 εἰς
465 4155 587 4208 υἱὸν
624 4157 1032 4228 παραδέξασθαι
1072 4156 1168 4211 τοῦ
1203 4156 1338 4210 Θεοῦ
1372 4159 1460 4212 τὸν
1503 4160 1596 4214 ὑπ’
1627 4161 1841 4225 οὐδενὸς
1871 4177 1972 4230 ση-

356 4248 525 4318 μείου
551 4249 1030 4320 μαρτυρούμενον.
1101 4232 1106 4235 ⁸

443 4343 758 4411 Ἀπεκρίθη
779 4346 814 4398 ό
851 4344 1111 4412 Ἰησοῦς,
1149 4345 1248 4400 καὶ
1267 4341 1438 4401 εἶπεν
1455 4345 1660 4412 αὐτοῖς
1679 4363 1693 4376 ·
1731 4349 1969 4402 Λύσατε

2145 4337 2210 4404 ιι,
2249 4339 2336 4394 I9.
2364 4337 2648 4406 Respondit
2678 4337 2859 4404 Jesus,
2891 4351 2939 4394 et
2973 4340 3113 4394 dixit
3148 4342 3224 4396 eis
3255 4356 3274 4396 :
3306 4341 3507 4398 Solvite
3529 4352 3664 4398 tem-

355 4434 470 4488 τὸν
510 4434 668 4488 ναὸν
713 4436 971 4502 τοῦτον,
1025 4438 1126 4492 καὶ
1162 4439 1234 4492 ἐν
1275 4438 1473 4506 τρισὶν
1498 4438 1751 4507 ἡμέραις
1785 4439 1969 4510 ἐγερῶ

2072 4433 2217 4498 plum
2241 4433 2359 4496 ltoc,
2379 4443 2428 4486 et
2455 4433 2507 4484 in
2528 4431 2698 4486 tribus
2714 4433 2897 4487 diebus
2915 4434 3182 4488 suscitabo
3213 4435 3370 4489 illud.
3401 4435 3660 4490 Dixerunt

353 4526 577 4580 αὐτόν.
614 4521 808 4580 Εἶπον
833 4523 948 4582 οὖν
984 4532 1040 4582 ot
1075 4529 1371 4584 Ἰουδαῖοι.

2072 4540 2192 4594 ergo
2220 4521 2422 4578 Judtei.

432 4619 566 4682 Τοῖς
598 4617 659 4682 ἐξ
687 4619 904 4689 ἀγαθῆς
938 4623 1314 4702 προαιρέσεως
1339 4622 1551 4678 αἰτοῦσι
1567 4625 1635 4678 τά
1657 4624 1840 4694 ἀγαθά
1874 4627 1968 4679 καὶ

2145 4619 2298 4675 Βοηο
2330 4619 2567 4676 consilio
2611 4619 2754 4674 bona
2796 4619 3110 4689 petentibus
3144 4630 3394 4691 prompte
3427 4623 3661 4692 largitur

353 4711 485 4765 λίαν
517 4712 756 4782 ἑτοίμως
777 4713 964 4784 ὀρέγει
1000 4713 1132 4776 Θεός
1155 4733 1168 4746 ·
1224 4717 1338 4779 τοῖς
1372 4715 1430 4770 δὲ
1459 4716 1747 4788 προσιοῦσι
1775 4735 1967 4789 πειρα-

2077 4716 2222 4772 Deus
2270 4734 2283 4769 :
2339 4716 2430 4784 qui
2475 4729 2606 4769 vero
2652 4713 2896 4767 tentandi
2937 4714 3112 4782 gratia
3158 4714 3401 4778 adeunt,
3441 4716 3512 4770 iis
3552 4731 3661 4770 non

2081 4759 2222 4772 υνυν
2271 4759 2283 4769 .
2340 4759 2430 4784 η...
2486 4759 2603 4769 .ν.ν
2937 4759 3112 4782 οη-.--
3158 4759 3401 4778 _----....,
3443 4759 3512 4770 ....

2001 4759 2045 4814 Β
2077 4811 2257 4864 solum
2287 4823 2411 4878 quae
2437 4817 2631 4877 petunt
2659 4807 2846 4876 largiri
2876 4806 3094 4868 abnuit,
3120 4821 3308 4861 verum
3335 4807 3500 4862 etiam
3536 4809 3664 4862 illos

356 4804 574 4869 στικῶς
595 4844 610 4868 ,
642 4805 740 4875 οὐκ
774 4806 924 4869 ὅπως
947 4807 1190 4880 ἀρνεῖται
1219 4807 1381 4877 μόνον
1411 4809 1512 4879 τὴν
1541 4810 1627 4877 ἐφ’
1653 4804 1737 4872 οἷς
1781 4810 1850 4864 ἂν
1878 4811 1933 4862 αξ
1953 4838 1966 4850 -

353 4899 501 4952 τῶσι
530 4899 870 4970 φιλοτιμίαν,
901 4899 1038 4952 ἀλλὰ
1063 4900 1160 4952 καὶ
1189 4900 1250 4953 τὸ
1283 4901 1382 4970 τῆς
1414 4902 1684 4974 πονηρίας
1710 4902 1967 4975 ἔγκλημα

2075 4901 2434 4971 malignitatis
2465 4899 2666 4968 arguit.
2701 4897 2792 4952 Sic
2821 4897 3128 4954 Pharisaaos
3161 4900 3378 4969 signum
3414 4907 3664 4970 petentes

2075 4994 2199 5048 aliis
2233 4994 2288 5046 in
2329 4990 2747 5060 Evangeliorum
2788 4988 2928 5043 locis
2963 4989 3150 5044 acrius
3174 4991 3546 5060 reprehendit,
3578 4991 3670 5044 di—

353 4986 740 5058 περιτίθησινο
795 4988 982 5052 Οὕτως
1025 4989 1315 5054 αἰτοῦντας
1363 4995 1591 5062 σημεῖον
1636 4995 1763 5056 τοὺς
1802 4995 1970 5066 Φαρι-

354 5080 558 5142 σαίους
587 5079 647 5131 ὲν
667 5079 875 5149 ἑτέροις
901 5079 1009 5132 τῶν
1040 5081 1392 5149 Εὑαγγελίων
1413 5083 1598 5144 τόποις
1629 5083 1857 5154 ἤλεγξεν
1884 5087 1964 5138 εξ-

2075 5100 2241 5138 cens:
2267 5100 2285 5134 ι
2306 5079 2598 5136 Generatio
2625 5079 2762 5132 mala
2783 5087 2838 5133 et
2859 5079 3106 5136 adultera
3125 5081 3343 5151 signum
3367 5083 3586 5154 quaerit,
3608 5095 3665 5136 et

354 5174 485 5228 πὼν
512 5173 543 5225 ὁ
577 5173 791 5246 Σωτήρ·
827 5192 844 5223 ι
881 5172 1050 5226 Γενεά
1085 5175 1297 5244 πονηρὰ
1325 5176 1421 5228 καὶ
1454 5175 1704 5245 μοιχαλὶς
1736 5179 1965 5246 σημεῖον

2075 5177 2293 5246 signum
2316 5189 2424 5229 non
2445 5174 2667 5228 dabitur
2687 5175 2760 5238 ei,
2788 5173 2895 5227 nisi
2926 5173 3148 5246 signum
3177 5173 3333 5231 Iona:
3361 5177 3666 5248 prophetas.

355 5266 659 5334 ἐπιζητεῖ,
711 5265 808 5318 καὶ
838 5267 1065 5335 σημεῖον
1090 5264 1152 5318 οὺ
1185 5265 1469 5336 δοθήσεται
1504 5268 1640 5338 αὐτῇ
1663 5309 1678 5330 ,
1716 5269 1764 5320 εἰ
1801 5269 1876 5340 μὴ
1907 5269 1969 5322 τὸ

2078 5269 2235 5325 Sicut
2267 5269 2416 5323 enim
2453 5268 2554 5324 I‘uit
2587 5267 2758 5323 Jonas
2795 5269 2852 5323 in
2883 5277 3075 5324 ventre
3119 5270 3226 5325 ceti
3261 5270 3446 5328 tribus
3471 5270 3667 5328 diebus

358 5361 600 5430 σημεῖον
617 5359 774 5413 Ἰωνᾶ
797 5358 892 5411 τοῦ
927 5360 1227 5430 προφήτου.
1253 5359 1460 5432 Ὥσπερ
1483 5359 1594 5432 γὰρ
1621 5356 1690 5432 ἦν
1706 5362 1890 5426 Ἰωνᾶς
1908 5363 1968 5415 ὲν

2077 5370 2134 5417 et
2164 5361 2346 5417 tribus
2388 5360 2670 5424 noctibus,
2694 5361 2776 5416 sic
2797 5361 2903 5417 erit
2923 5358 3098 5419 Filius
3135 5361 3378 5419 hominis
3415 5363 3471 5416 in
3497 5362 3668 5418 cordo

359 5457 436 5520 τῇ
461 5452 646 5524 κοιλίᾳ
665 5451 760 5505 τοῦ
782 5454 981 5522 κήτους
1009 5454 1158 5523 τρεῖς
1191 5451 1404 5522 ἡμέρας
1436 5452 1530 5506 καὶ
1561 5455 1711 5524 τρεῖς
1739 5455 1966 5519 νύκτας,

2075 5466 2241 5510 ιιι-τω
2277 5454 2458 5510 tribus
2491 5453 2688 5509 diebus
2733 5464 2786 5508 et
2829 5455 3009 5508 tribus
3049 5454 3308 5508 noctibus
3338 5452 3405 5507 ⁸⁸.
3445 5471 3464 5504 ι
3506 5449 3666 5518 Quod

2074 5564 2206 5619 ergo
2240 5548 2352 5601 illis
2383 5545 2626 5612 dicebat,
2659 5547 2806 5602 istud
2843 5547 3009 5603 etiam
3042 5546 3152 5611 bis,
3175 5544 3371 5614 paucis
3397 5545 3663 5599 immuta-

358 5544 549 5603 οὕτως
580 5547 736 5600 ἐσται
766 5546 864 5600 καὶ
897 5545 927 5598 ὁ
955 5546 1086 5608 Υἱὸς
1116 5546 1213 5598 τοῦ
1252 5544 1552 5615 ἀνθρώπου.
1577 5547 1635 5598 ὲν
1665 5549 1732 5617 τῇ
1765 5547 1964 5620 καρδίᾳ

353 5636 470 5703 τῆς
497 5633 606 5714 ﬁt;
634 5635 786 5703 τρεῖς
818 5639 1032 5704 ἡμέρας
1062 5639 1157 5690 καὶ
1188 5639 1335 5709 τρεῖς
1362 5637 1582 5700 νύκτας.
1617 5659 1633 5690 ι
1671 5639 1849 5711 Ὅπερ
1870 5637 1964 5694 οὖν

2078 5640 2172 5698 tis,
2203 5639 2318 5701 ait;
2363 5637 2628 5692 tentando
2684 5636 2831 5691 enim
2883 5643 3119 5706 petunt,
3171 5644 3230 5689 ut
3285 5634 3386 5685 illi.
3432 5631 3668 5703 Signum

2156 2486 2200 2552 ll
2227 2538 2244 2568 ,
2284 2499 2372 2566 I7,
2404 2499 2489 2555 18.
2542 2500 2826 2556 Recordnti
2882 2513 3005 2557 sunt
3058 2521 3174 2558 vero
3216 2504 3465 2574 discipuli
3508 2507 3662 2574 ejus,

2077 2590 2209 2659 quia
2257 2592 2518 2660 scriptum
2557 2602 2634 2648 est
2662 2610 2679 2646 :
2709 2592 2868 2649 Zelus
2914 2593 3103 2650 domus
3152 2605 3256 2650 tua:
3297 2597 3521 2651 comedit
3561 2614 3662 2651 me.

2078 2683 2478 2755 Responderunt
2501 2701 2624 2755 ergo
2645 2684 2848 2751 Judwi,
2890 2697 2937 2741 et
2963 2676 3215 2742 dixerunt
3238 2689 3307 2742 ei.

2149 2863 2460 2920 Perfectum
2520 2864 2890 2936 cognitionem
2946 2864 3212 2934 paulatim
3270 2864 3664 2935 adipiscuntur

2075 2956 2368 3028 discipuli,
2418 2969 2475 3012 ct
2516 2972 2642 3012 cum
2690 2973 2876 3012 rerum
2925 2957 3076 3012 exitu
3114 2955 3438 3027 Scripturas
3477 2957 3664 3014 confe-

2074 3059 2283 3115 rentes,
2324 3066 2582 3122 magnum
2611 3051 2722 3121 jam
2758 3052 2811 3104 iu
2864 3051 3060 3106 melius
3093 3049 3401 3121 profectum
3448 3067 3560 3122 prae
3599 3068 3664 3109 se

2074 3141 2277 3198 ferunt.

2147 3235 2188 3292 II
2210 3277 2226 3300 ,
2268 3236 2357 3292 I8.
2391 3236 2545 3304 Quod
2580 3239 2784 3306 signum
2829 3237 3062 3294 ostendis
3091 3239 3242 3296 nobis
3278 3240 3406 3310 quia
3433 3239 3544 3298 lucc
3566 3239 3661 3310 fa-

2071 3329 2188 3382 cis?
2216 3325 2505 3396 Respondit
2543 3326 2702 3382 Jesus
2725 3368 2739 3391 ,
2775 3339 2822 3383 et
2857 3328 2994 3384 dixit
3029 3331 3127 3386 eis.

2149 3421 2380 3476 Miratur
2431 3421 2738 3477 inauditam
2795 3423 2946 3478 illam
2997 3432 3324 3494 potestatem
3365 3426 3665 3484 multitudo

2075 3512 2414 3575 Judteorum.
2442 3523 2496 3570 et
2527 3530 2672 3585 aegre
2700 3514 2998 3570 admodum
3037 3516 3220 3573 ferunt
3247 3517 3340 3588 qui
3371 3517 3425 3572 in
3455 3520 3666 3591 templo

2076 3607 2363 3672 sedebant,
2396 3622 2506 3661 non
2542 3622 2719 3676 pauco
2753 3623 2814 3663 se
2844 3617 3062 3679 quaestu
3089 3610 3335 3666 orbatos.
3364 3609 3553 3682 Neque
3579 3628 3664 3668 ve-

2075 3713 2138 3752 ro
2172 3713 2405 3768 arguere
2435 3706 2668 3768 possunt
2689 3715 2815 3754 eum
2851 3708 3119 3771 tanquam
3147 3718 3258 3756 non
3291 3709 3441 3760 recte
3473 3704 3666 3775 loqua-

2075 3800 2202 3856 tur,
2234 3807 2359 3845 cum
2400 3793 2667 3862 templum
2712 3791 2806 3847 Dei
2850 3794 3244 3866 negotiationis
3278 3794 3506 3850 domum
3551 3811 3664 3852 non
3699 3835 3703 3840 ς

2075 3897 2200 3937 esse
2223 3880 2536 3938 faciendum
2561 3885 2782 3950 statuit;
2813 3885 2910 3939 sed
2943 3893 3311 3940 mercatorum
3343 3884 3499 3958 14],
3525 3886 3663 3954 fugat

2075 3989 2282 4029 moram
2311 3983 2558 4038 struunt,
2582 3986 2966 4044 praetexentes,
2993 3991 3103 4032 non
3130 3993 3255 4033 esse
3285 3977 3438 4032 illico
3469 3993 3666 4048 paren-

2078 4067 2202 4121 dum
2231 4068 2279 4122 ci
2303 4107 2316 4129 ,
2356 4082 2535 4136 neque
2559 4075 2766 4122 temere
2813 4083 2912 4136 pro
2952 4068 3062 4122 Iilio
3104 4069 3198 4123 Dei
3241 4069 3660 4140 recipiendum,

2076 4159 2166 4227 qui
2195 4158 2350 4212 nullo
2382 4156 2562 4211 adhuc
2598 4157 2758 4227 signo
2789 4159 2861 4212 sit
2897 4159 3183 4226 probatus.

439 5811 491 5844 "
515 5810 710 5865 Matth.
737 5825 854 5869 vm.
889 5809 974 5863 II.
1055 5810 1098 5840 "'
1126 5809 1230 5865 lsa.
1259 5826 1332 5875 LI,
1363 5811 1443 5865 II.
1520 5813 1564 5842 ⁸⁵
1595 5812 1698 5866 Isa.
1731 5829 1768 5879 I,
1810 5816 1889 5882 Il,
1924 5818 2007 5873 II.
2085 5820 2128 5850 ⁸ο
2159 5817 2350 5871 Matth.
2380 5831 2496 5879 XVI,
2519 5815 2570 5878 ιι,
2601 5815 2654 5866 5.

622 5906 896 5977 Parcet.
931 5906 1047 5965 (in.
1086 5903 1364 5966 LXXIII.
3237 5903 3273 5970 8
