4106 6488
474 287 581 342 '25?

1515 277 1580 331 lN
1622 274 1906 331 JOANNIS
1935 273 2386 328 ΜἈλωιιιιωι
2431 274 2559 324 Lm.
2607 274 2670 324 lt.

3658 277 3763 332 9.33

472 405 723 469 σθησαν
747 402 801 452 οἱ
835 397 1096 466 μαθηταί
1135 393 1354 458 αὐτοῦ,
1393 393 1479 444 ὅτι
1513 389 1688 444 τοῦτο
1715 389 1918 457 ἐλεγε-
1971 387 2064 439 καὶ

2189 382 2296 435 :unt
2325 373 2574 451 discipuli
2601 383 2737 449 eius,
2771 384 2898 453 quia
2929 383 3025 436 hoc
3055 383 3258 439 dicebat
3285 402 3301 437 :
3342 395 3392 440 et
3429 387 3762 444 crediderunt

478 495 860 546 ἐπίστευσαν
899 487 973 556 τῇ
1029 485 1240 554 Γραφῇ
1280 484 1375 538 καὶ
1414 483 1494 549 τῷ
1542 485 1702 551 λόγῳ
1739 475 1786 546 ᾧ
1819 477 1988 534 εἶπεν
2040 482 2070 531 ὁ

482 582 736 650 Ἰησοῦς.

543 671 972 743 Εὖπαράδεκτος
1003 669 1082 740 τῷ
1109 667 1260 739 σοφῷ
1297 669 1396 740 τῆς
1433 668 1626 737 σοφίας
1671 669 1700 720 6
1737 665 1927 734 λόγος·
1981 664 2072 716 ὲν-

473 767 653 832 ιζάνει
700 766 757 818 δὲ
812 765 922 818 τῶν
973 763 1314 834 μαθημάτων
1353 764 1387 833 ὴ
1431 762 1633 830 γνῶσις
1671 761 1784 823 τοῖς
1832 759 2072 823 συνετοῖς

465 857 890 926 εὐπετέστερον,
920 854 1016 906 καὶ
1041 851 1233 924 ὥσπερ
1259 853 1318 906 ὲν
1341 849 1500 923 κηρῷ
1531 851 1606 922 μὴ
1641 849 1762 903 λίαν
1787 847 2072 918 ἀπεσκλη-

468 948 594 1000 κότι
645 946 826 1009 καλῶς
871 944 1210 1018 ἐγγράφεται
1257 945 1365 999 τῶν
1431 938 1762 1017 σημάντρων
1807 944 1837 994 6
1877 941 2070 1008 τύπος,

463 1039 648 1104 οὕτως
674 1042 731 1094 ὲν
759 1038 1214 1110 τρυφερωτέραις
1253 1036 1505 1109 καρδίαις
1535 1033 1843 1106 ἀνθρώπων
1874 1036 1902 1088 ὁ
1931 1032 2074 1097 θεῖος

466 1133 711 1203 ἑτοίμως
754 1132 1104 1204 ἐμπήγνυται
1148 1130 1306 1195 λόγος
1333 1147 1347 1164 ο
1395 1130 1484 1184 διὰ
1514 1129 1674 1184 τοῦτο
1703 1129 1796 1183 καὶ
1839 1129 2074 1200 πονηρὸς

464 1226 498 1277 ὁ
528 1222 962 1294 σκληροκάρδιος
993 1221 1340 1293 ὀνομάζεται.
1381 1220 1681 1291 Σοφοῦνται
1715 1220 1894 1274 τοίνυν
1933 1221 2074 1288 ἀγα-

467 1317 558 1371 θοι
587 1317 690 1389 τὴν
716 1313 830 1381 ἕξιν
856 1316 1010 1380 ὄντες
1034 1317 1084 1369 οἱ
1113 1316 1388 1388 μαθηταὶ,
1421 1317 1515 1369 καὶ
1536 1317 1660 1375 τοὺς
1681 1315 1788 1368 ἀπὸ
1808 1314 1906 1382 τῆς
1926 1313 2076 1391 θείας

466 1411 701 1481 Γραφῆς
722 1408 1150 1480 ἀναμασσῶνται
1182 1408 1396 1479 λόγους,
1425 1411 1504 1472 είς
1522 1405 1922 1481 ἀκριϐεστέραν
1949 1409 2077 1459 ιξαυ⁴

469 1504 603 1566 τοὺς
635 1502 998 1572 ὲκτρέφοντες
1032 1501 1266 1570 γνῶσιν,
1312 1502 1406 1555 καὶ
1453 1500 1782 1572 πεπηγότως
1822 1496 2077 1552 ἐντεῦθεν

478 1598 576 1652 ἐπὶ
623 1597 683 1649 τὸ
718 1595 999 1650 πιστεύειν
1050 1594 1355 1666 ἐρχόμενοι.
1407 1592 1626 1663 Ἐπειδὴ
1678 1592 1773 1646 καὶ
1810 1591 1938 1654 ναὸς
1972 1593 2078 1645 ἁπ-

474 1689 682 1761 εκλήθη
706 1689 767 1742 τὸ
803 1688 964 1759 σῶμα
985 1686 1247 1759 Χριστοῦ,
1275 1679 1394 1750 πῶς
1419 1687 1521 1739 οὐκ
1548 1686 1614 1739 ἂν
1636 1685 1722 1755 εἴη
1749 1684 1892 1738 κατά
1917 1682 2077 1747 φύσιν

471 1781 610 1845 Θεὸς
637 1783 666 1834 ὁ
693 1779 921 1834 ὲνοικῶν
951 1779 1100 1851 αὐτῷ
1129 1778 1425 1852 μονογενὴς
1453 1779 1649 1846 Λόγος,
1680 1775 1838 1851 εἴπερ
1860 1776 1960 1830 οὐκ
1990 1777 2073 1828 έν-

470 1874 691 1946 δέχεται
715 1877 993 1927 κατοικεῖν
1027 1874 1085 1927 ὲν
1106 1873 1219 1945 ναῷ
1242 1872 1498 1942 λέγεσθαι
1520 1872 1612 1926 τὸν
1641 1871 1743 1924 οὐκ
1772 1869 1903 1924 ὄντα
1918 1867 2073 1935 Θεόν;

477 1968 553 2023 ’Ἡ
575 1967 786 2036 λεγέτω
834 1965 1122 2038 παρελθών
1159 1984 1244 2031 τις
1271 1967 1350 2030 είς
1381 1965 1546 2036 μέσον
1569 2005 1584 2030 ,
1633 1964 1780 2027 τίνος
1805 1962 1937 2015 ποτὲ
1965 1960 2077 2013 τῶν

479 2061 653 2129 ἁγίων
695 2060 820 2124 ναὸς
860 2058 1144 2130 ἀπεκλήθη
1193 2057 1254 2111 τὸ
1286 2058 1446 2130 σῶμα
1465 2075 1478 2088 ο
1507 2057 1621 2110 ἀλλ’
1649 2057 1748 2110 οὐκ
1777 2056 1866 2117 ἂν.
1894 2051 2073 2124 οἶμαι,

478 2156 564 2219 τὶς
591 2153 865 2219 ἐπιδείξαι
896 2154 958 2206 τὸ
992 2151 1282 2222 εἰρημένον
1304 2169 1318 2181 ο
1342 2150 1484 2223 φημὶ
1512 2150 1575 2222 δὴ
1614 2149 1820 2216 λοιπὸν,
1843 2149 1872 2201 ὃ
1892 2147 1956 2217 δὴ
1987 2145 2079 2201 καὶ

474 2248 730 2320 ὑπάρχον
753 2247 1061 2318 εὑρήσομεν
1090 2245 1286 2316 ἀληθὲς
1305 2287 1318 2311 ,
1355 2243 1601 2316 ἀκριϐῶς
1620 2243 1721 2312 τὴν
1750 2242 1904 2296 θείαν
1933 2243 2081 2312 ἐρευ-

474 2342 680 2405 νῶντες
729 2338 990 2412 Γραφὴν,
1050 2337 1128 2404 ὡς
1176 2338 1354 2391 οὐδενὶ
1398 2336 1509 2391 τῶν
1553 2336 1725 2404 ἁγίων
1777 2337 1810 2405 ὴ
1855 2332 2077 2403 τοιαύτη

473 2434 799 2505 προσ-ἧπται
844 2431 1001 2501 τιμή.
1047 2429 1160 2483 Καὶ
1202 2427 1332 2499 γοῦν
1369 2430 1398 2482 6
1439 2427 1712 2499 μακάριος
1739 2424 2074 2496 Βαπτιστὴςν

473 2526 662 2580 καίτοι
685 2523 866 2594 πάσης
898 2522 999 2594 μὲν
1033 2521 1239 2594 ἀρετῆς
1268 2522 1348 2584 εἰς
1375 2519 1656 2592 ἀκρότητα
1685 2515 1956 2588 βεϐηκὼς,
1984 2533 2083 2586 μη-

473 2626 595 2678 δενὶ
626 2622 686 2678 δὲ
716 2619 854 2693 πρὸς
877 2618 1162 2673 εὐσέϐειαν
1185 2615 1488 2688 ἐπιτρέψας
1511 2613 1657 2684 έχειν
1686 2611 1748 2664 τὸ
1765 2611 1973 2681 μεῖξον,
1992 2607 2080 2661 διὰ

473 2719 582 2788 τῆς
622 2713 876 2787 Ἡρώδου
907 2711 1107 2784 μανίας
1140 2711 1240 2781 τὴν
1284 2707 1526 2778 κεφαλὴν
1551 2703 1919 2773 ἀπετέμνετο,
1965 2699 2080 2753 ἀλλ’

475 2805 638 2858 οὐδὲν
678 2803 764 2855 ἐπ’
794 2799 943 2872 αὐτῷ
976 2799 1204 2872 φέρεται
1240 2796 1508 2852 τοιοῦτον.
1568 2793 1664 2847 Ἐκ
1695 2793 1752 2846 δὲ
1786 2792 1894 2846 τῶν
1929 2793 2082 2846 ἐναν-

478 2897 619 2949 τίων
670 2895 765 2948 καὶ
795 2886 1116 2964 παχυτέραν
1144 2891 1236 2944 ἐπὶ
1272 2889 1368 2943 τοῦ
1401 2888 1658 2960 λειψάνου
1690 2888 1788 2958 τὴν
1824 2884 1966 2948 λέξιν
1992 2884 2084 2934 έπ-

478 2990 710 3061 ενόησεν
763 2989 792 3041 6
834 2985 1148 3058 Βαπτιστὴς
1187 2983 1293 3057 [τσ.
1328 2984 1356 3034 ὁ
1385 2977 1810 3050 εὐαγγελιστὴς]
1835 3019 1847 3041 ,
1884 2977 2083 3030 οἰκονο-

483 3081 688 3157 μικῶς,
708 3079 785 3143 ὣς
814 3079 879 3150 γέ
903 3097 993 3151 μοι
1023 3076 1403 3148 φαίνεται,καὶ
1426 3073 1585 3127 τοῦτο
1607 3071 1797 3134 εἰπὼν,
1821 3070 1909 3124 ἵνα
1937 3068 2082 3138 μόνῳ
2113 3120 2126 3157 ἱ

486 3173 732 3246 σώζηται
782 3173 862 3244 τῷ
889 3171 1112 3248 Χριστῷ
1159 3169 1220 3224 τὸ
1253 3168 1491 3238 ἀξίωμα.
1545 3166 1750 3238 Γράφει
1787 3163 1845 3217 δὲ
1869 3161 2041 3224 οὕτως
2069 3177 2080 3189 ’

487 3285 506 3316 ι
539 3267 656 3320 Καὶ
684 3265 934 3336 πέμψας,
966 3269 985 3318 i
1018 3263 1206 3335 φησὶν,
1231 3263 1259 3315 ὁ
1283 3260 1567 3332 μιαιφόνος
1583 3255 1830 3330 Ἡρώδης
1862 3253 2086 3326 δηλαδὴ,

483 3360 612 3414 ιτὸν
673 3358 932 3429 Ἰωάννην
983 3355 1390 3424 ἀπεκεφάλισεν
1441 3355 1499 3407 ὲν
1545 3354 1612 3423 τῇ
1667 3349 1882 3420 φυλακῇ
1928 3365 1941 3377 ·
1996 3347 2092 3402 καὶ

479 3450 886 3522 προσελθόντες
915 3451 963 3503 οἱ
999 3447 1241 3520 μαθηταὶ
1270 3446 1435 3500 αὑτοῦ
1454 3487 1470 3512 ,
1511 3439 1655 3516 ἦραν
1682 3443 1743 3496 τὸ
1768 3438 1972 3512 πτῶμα
1996 3440 2092 3492 αὐ-

477 3544 604 3598 τοῦ.
629 3563 650 3595 ι
704 3542 769 3596 El
795 3541 852 3596 δὲ
883 3541 1084 3611 πτῶμα
1115 3539 1364 3593 καλεῖται
1407 3535 1468 3590 τὸ
1512 3535 1762 3590 Ἰωάννου
1790 3532 1985 3604 σῶμα,
2030 3531 2093 3584 τὸ

484 3638 633 3700 τίνος
661 3635 816 3688 ἔσται
851 3633 978 3698 ναός
1001 3652 1015 3700 ;
1037 3632 1161 3687 καθ’
1195 3632 1382 3702 ἓτερον
1414 3629 1568 3693 ὄντος
1595 3628 1774 3694 λόγον,
1801 3627 1896 3679 τοῦ
1928 3625 2093 3688 ναοὺς

481 3729 642 3801 ἡμᾶς
673 3726 929 3799 εἰρῆσθαι
955 3724 1092 3779 Θεοῦ
1119 3765 1134 3790 ,
1169 3723 1257 3778 διὰ
1283 3723 1344 3777 τὸ
1381 3721 1632 3777 ἐνοικοῦν
1681 3721 1741 3775 ἐν
1775 3721 1907 3790 ἡμῖν
1938 3713 2092 3786 ἅγιον

483 3821 720 3892 Πνεῦμα
746 3837 758 3849 ·
799 3818 943 3879 ,Θεοῦ
981 3817 1090 3889 γὰρ
1132 3817 1324 3881 πάλιν,
1379 3815 1475 3868 καὶ⁵
1503 3815 1603 3884 οὑχ
1630 3810 1840 3865 ἑαυτῶν
1875 3824 2094 3880 χρημα-

488 3915 720 3984 τίζομεν
735 3911 878 3967 ναοί.
905 3911 1043 3963 Ἀλλ’
1077 3910 1207 3975 ἴσως
1237 3910 1354 3982 ἐρεῖ
1379 3924 1466 3971 τις
1491 3923 1504 3934 ·
1526 3904 1652 3968 Πῶς
1679 3897 1793 3968 οῦν,
1823 3901 1943 3955 εἰπέ
1980 3915 2092 3971 μοι,

434 4001 442 4006 ’
483 4001 766 4070 καὶάὺτδς
780 4008 806 4059 6
827 4002 1019 4076 Σωτὴρ
1038 4003 1099 4056 τὸ
1114 4004 1245 4056 ῐδιον
1263 4001 1425 4071 σῶμα
1442 4001 1644 4068 πτῶμα
1661 3997 1836 4061 nisi;
1852 4017 1868 4047 ι
1883 3997 2054 4047 Ὅπου
2069 4011 2086 4044 ι

483 4101 604 4172 γάρ
625 4140 640 4166 ,
674 4098 863 4169 φησὶν,
889 4116 905 4145 ι
939 4096 1035 4150 ἐὰν
1135 4094 1194 4148 τὸ
1231 4093 1462 4162 πτῶμα,
1495 4093 1612 4144 ἐκεῖ
1658 4088 2092 4159 συναχθήσονται

484 4193 538 4246 οἱ
573 4190 748 4246 ἀετοί.
785 4209 803 4242 ι
852 4189 997 4260 Πρὸς
1036 4187 1101 4258 δὴ
1161 4187 1255 4240 καὶ
1300 4183 1464 4238 τοῦτό
1494 4199 1706 4254 φαμεν,
1754 4180 1829 4244 ὡς
1867 4179 1926 4232 οὐ
1965 4178 2094 4249 περὶ

485 4283 587 4336 τοῦ
618 4282 750 4336 ἰδίου
781 4281 1033 4351 σώματος
1059 4277 1163 4350 ἔφη
1194 4276 1368 4332 ταῦτα
1406 4275 1644 4346 Χριστὸς
1663 4317 1676 4339 ,
1713 4271 1831 4326 ἀλλ’
1868 4271 1945 4335 ὡς
1975 4271 2095 4342 τρό-

486 4393 581 4446 πῳ
611 4371 935 4444 παραϐολῆς
967 4370 1060 4425 καὶ
1088 4371 1328 4442 σχήματι
1361 4367 1460 4439 τὴν
1490 4363 1758 4436 ἐσομένην
1777 4362 1892 4418 τῶν
1921 4362 2093 4431 ἁγίων

2177 476 2467 544 Scriptum
2495 486 2544 529 et
2574 476 2806 530 sermoni
2834 493 2984 544 quem
3009 475 3146 529 dixit
3174 475 3353 531 Iesus.

2254 675 2502 745 Sapienti
2551 684 2744 745 gratus
2785 686 2871 731 est
2917 682 3103 732 sermo
3143 665 3452 746 sapientiae,
3505 671 3560 734 et
3598 671 3768 736 disci-

2177 771 2450 842 plinarum
2496 771 2739 842 cognitio
2772 771 3203 844 intelligentibus
3241 773 3476 832 celerius
3511 775 3716 833 insidet
3750 794 3762 831 :

2175 871 2229 919 et
2261 862 2731 934 quemadmodum
2778 865 2834 920 in
2887 878 3014 920 cera
3051 881 3160 921 non
3191 865 3361 925 nimis
3407 869 3548 925 dura
3589 871 3765 942 figura

2177 955 2587 1026 signaculorum
2639 961 2789 1010 recte
2825 955 3186 1026 imprimitur,
3215 960 3295 1015 Sic
3333 958 3390 1014 in
3427 961 3637 1016 teneris
3665 961 3768 1016 ho-

2177 1049 2389 1102 minum
2441 1046 2705 1105 cordibus
2759 1057 2947 1104 sermo
2995 1050 3217 1108 divinus
3255 1051 3419 1108 facile
3467 1047 3762 1125 infigitur:

2179 1138 2414 1210 ideoque
2441 1139 2731 1210 improbus
2758 1138 2884 1194 duri
2914 1139 3100 1194 cordis
3126 1139 3474 1197 neminatur.
3493 1140 3770 1198 E'rudiun-

2179 1240 2272 1287 tur
2310 1232 2499 1302 itaque
2549 1231 2806 1302 discipuli
2840 1231 2989 1287 facili
3037 1248 3166 1287 cum
3234 1233 3476 1305 ingenio,
3519 1245 3574 1292 et
3611 1229 3766 1292 Scri-

2178 1333 2358 1398 ptura;
2388 1325 2589 1381 divinae
2605 1341 2890 1382 sermones
2918 1318 3451 1399 ruminant,seipsos
3479 1331 3546 1388 ad
3574 1333 3766 1402 exqui-

2179 1419 2425 1474 sitiorem
2445 1419 2816 1491 cognitionem
2850 1419 3182 1486 nutrientes,
3202 1429 3256 1476 et
3285 1421 3416 1478 hinc
3436 1420 3592 1478 firmo
3631 1417 3768 1493 pede

2179 1511 2248 1565 ad
2285 1511 2623 1567 crcdendum
2665 1511 2974 1568 venientes.
3006 1513 3143 1569 Cum
3183 1515 3332 1570 enim
3368 1515 3629 1586 templum
3667 1511 3766 1570 vo-

2179 1611 2367 1657 catum
2415 1603 2487 1658 sit
2540 1617 2746 1673 corpus
2792 1603 3024 1668 Christi,
3069 1607 3348 1683 quombdo
3377 1617 3490 1668 non
3524 1599 3630 1683 erit
3680 1623 3768 1666 se-

2181 1696 2427 1751 cundum
2466 1703 2725 1752 naturam
2757 1697 2902 1754 Deus
2955 1679 3114 1772 143
3150 1700 3495 1770 unigenitum
3528 1679 3768 1760 Verbum

2180 1787 2326 1858 quod
2359 1787 2632 1843 inhabitat
2671 1791 2727 1846 in
2758 1805 2846 1855 eo,
2880 1791 3154 1862 siquidem
3192 1792 3246 1847 in
3288 1792 3492 1862 templo
3519 1793 3770 1854 habitare

2182 1893 2532 1950 nequaquam
2578 1881 2626 1935 is
2677 1879 2886 1954 dicitur
2925 1883 3019 1954 qui
3066 1885 3176 1938 non
3222 1885 3294 1942 Sit
3340 1881 3523 1941 Deus?
3549 1869 3768 1955 Alioqui

2181 1969 2412 2040 prodeat
2469 1971 2676 2041 aliquis
2733 1973 2788 2028 in
2846 1975 3112 2042 medium,
3155 1984 3211 2031 et
3269 1976 3420 2031 dicat
3477 1976 3767 2047 cuj'usnam

2182 2065 2360 2119 sancti
2411 2079 2617 2136 corpus
2670 2067 2934 2137 templum
2967 2067 3137 2123 fuerit
3175 2068 3508 2139 appellatum
3541 2084 3768 2133 :nomo,

2185 2159 2243 2210 ut
2272 2157 2490 2226 opinor,
2530 2157 2582 2212 id
2610 2158 2940 2214 'ostenderit.
2960 2158 3092 2214 Dico
3121 2159 3330 2230 itaque,
3361 2162 3544 2231 neque
3572 2160 3628 2220 id
3662 2161 3772 2222 fal-

2182 2262 2304 2304 sum
2347 2250 2470 2303 esse
2525 2246 2960 2320 comperiemus,
3017 2251 3064 2305 Si
3119 2244 3367 2308 divinam
3424 2246 3770 2323 Scriptura!

2184 2349 2446 2394 accurate
2475 2341 2716 2395 scrutari
2748 2342 3004 2408 velimus,
3041 2343 3180 2398 nulli
3221 2353 3414 2400 sancto
3454 2343 3512 2399 id
3542 2345 3773 2406 honoris

2182 2443 2308 2485 esse
2339 2429 2630 2486 tributum.
2659 2429 2726 2483 Et
2758 2443 2894 2486 sane
2927 2433 3154 2488 tametsi
3193 2432 3391 2488 beatus
3424 2415 3776 2504 Baptista‘ad

2184 2523 2403 2592 apicem
2435 2523 2657 2579 virtutis
2684 2522 2868 2578 Omnis
2908 2525 3244 2596 pervenerit,
3267 2541 3384 2580 .nec
3427 2525 3524 2581 ulli
3569 2527 3774 2598 pietate

2185 2614 2467 2671 secundus
2513 2613 2746 2672 Herodis
2791 2604 2983 2672 furore
3021 2617 3201 2686 capite
3241 2624 3535 2675 truncatus
3583 2620 3770 2684 fuerit,

2184 2706 2324 2760 nihil
2362 2713 2548 2763 tamen
2593 2707 2668 2789 de
2717 2708 2839 2779 ipso
2879 2711 2988 2767 tale
3033 2698 3231 2766 fertur.
3278 2710 3484 2768 Contra
3525 2729 3660 2771 vero
3705 2715 3774 2770 de

2185 2796 2307 2869 ejus
2339 2801 2556 2856 exuviis
2609 2798 2946 2874 evangelista
2990 2805 3320 2860 vocabulum
3365 2807 3564 2864 durius
3609 2822 3775 2864 exco-

2187 2886 2402 2963 gitavit,
2428 2891 2719 2964 singulari,
2750 2904 2812 2950 ut
2860 2897 2996 2951 mihi
3028 2896 3266 2962 videtur,
3295 2899 3550 2965 consilio,
3580 2907 3644 2954 ut
3676 2898 3773 2954 uni

2185 2982 2414 3040 Christo
2459 2984 2700 3056 dignitas
2748 2991 3085 3042 servaretur.
3132 2984 3227 3040 Sic
3277 2995 3463 3044 autem
3515 2987 3712 3043 scribit
3758 3008 3772 3043 :

2195 3089 2213 3123 ι
2261 3070 2327 3128 Ει
2357 3074 2602 3138 mittens,
2647 3094 2666 3127 ι
2713 3074 2958 3131 llerodcs
2986 3076 3078 3131 ille
3107 3076 3351 3131 crudelis
3385 3077 3666 3142 nimiru,
3694 3080 3776 3134 iu—

2190 3167 2334 3236 quit,
2365 3177 2384 3218 ι
2415 3167 2708 3223 decollavit
2739 3167 3006 3224 Joannem
3041 3169 3100 3223 in
3136 3169 3380 3235 carcere,
3411 3179 3465 3223 et
3507 3169 3777 3225 acceden-

2192 3270 2278 3314 tes
2299 3260 2560 3330 discipuli
2597 3260 2721 3331 ejus
2751 3263 2998 3316 tulerunt
3029 3261 3267 3316 cadaver
3304 3263 3426 3331 ejus
3447 3264 3515 3318 ".
3561 3281 3580 3314 ι
3618 3261 3777 3330 Quod

2192 3353 2238 3409 si
2268 3351 2500 3410 Joannis
2541 3367 2750 3425 corpus
2793 3353 3030 3410 cadaver
3053 3355 3382 3424 appellatur,
3415 3355 3678 3424 templum
3710 3356 3781 3412 de

2192 3460 2436 3516 quonam
2477 3445 2732 3501 dicetur?
2776 3446 2992 3517 Quippe
3045 3447 3152 3500 alia
3214 3447 3356 3500 ratio
3401 3458 3487 3503 est
3537 3461 3641 3504 cur
3683 3445 3781 3503 Dei

2195 3539 2399 3610 templa
2430 3539 2736 3609 uuucupati
2771 3538 3062 3604 fuerimus,
3098 3543 3330 3610 propter
3375 3538 3780 3595 inhabitantem

2196 3628 2462 3700 Spiritum
2514 3639 2770 3686 sanctum
2825 3631 2881 3686 in
2918 3633 3096 3688 nobis.
3141 3630 3278 3686 Nam
3326 3641 3381 3687 et
3435 3632 3638 3701 templa
3685 3629 3782 3686 Dei

2195 3725 2452 3790 dicimur,
2487 3741 2598 3780 non
2643 3726 2843 3783 nostri.
2875 3725 2946 3782 At
2981 3726 3132 3782 enim
3180 3725 3409 3796 objiciet
3462 3724 3657 3782 forsan
3683 3724 3785 3780 ali-

2193 3817 2320 3886 quis
2343 3837 2355 3870 :
2378 3815 2670 3883 Quomodo
2696 3818 2885 3888 igitur,
2914 3835 3126 3888 qua-so,
3145 3829 3306 3874 suum
3339 3829 3563 3890 quoque
3580 3831 3792 3888 corpus--

2197 3909 2313 3979 ipse
2354 3908 2608 3966 Salvator
2637 3911 2875 3967 cadaver
2904 3910 3190 3965 nominat?
3215 3911 3430 3965 Ληουιιί
3465 3911 3611 3966 enim
3649 3910 3728 3964 ait
3769 3929 3782 3963 :

2202 4015 2220 4050 ‹
2268 3995 2595 4068 Ubicunque
2639 3997 2809 4054 fuerit
2853 4001 3108 4064 cadaver,
3160 4000 3234 4054 ibi
3293 4000 3785 4070 congregabantur

2197 4091 2395 4161 aquilae
2426 4090 2493 4144 ”.
2537 4109 2556 4142 ι
2591 4093 2678 4146 Λα
2725 4090 2860 4145 illud
2913 4090 3351 4161 respondemus,
3384 4089 3668 4146 Christum
3717 4091 3786 4146 de

2196 4199 2299 4241 suo
2331 4197 2566 4251 corpore
2597 4197 2711 4239 nec
2737 4197 2849 4236 non
2875 4181 3108 4246 dixiSSe,
3136 4182 3230 4238 sed
3271 4183 3325 4236 in
3357 4182 3582 4238 modum
3618 4198 3786 4254 para-

2194 4276 2336 4332 bola:
2362 4282 2588 4332 sanctos
2615 4273 2681 4328 ad
2715 4287 2776 4332 se
2807 4281 2937 4328 tunc
2977 4275 3241 4344 temporis
3270 4271 3542 4332 venturos
3569 4275 3787 4346 οἰκηίη-

2196 4385 2346 4436 care,
2370 4384 2501 4424 cum
2530 4369 2714 4424 denuo
2754 4368 2919 4424 nobis
2962 4369 3252 4439 apparebit
3291 4383 3416 4424 cum
3447 4371 3660 4425 sanctis
3687 4385 3788 4423 au-

486 4464 580 4516 ὲπ⁹
625 4462 789 4516 αὑτὸν
833 4459 1141 4532 συνδρομὴν
1193 4458 1317 4512 κατ’
1347 4457 1528 4509 έκεῖνο
1575 4453 1831 4526 σημαίνει
1872 4453 2085 4524 καιροῦ,

2197 4463 2337 4537 gelis
2389 4463 2445 4516 in
2496 4461 2675 4533 gloria
2712 4452 2896 4516 Patris
2952 4461 3060 4516 sui.
3093 4460 3572 4526 Quemadmodum
3618 4462 3786 4525 enim,

486 4554 624 4606 ὅταν
656 4546 815 4616 αὖθις
843 4553 977 4622 ἡμῖν
1022 4548 1080 4617 ἐξ
1126 4547 1375 4621 οὐρανῶν
1422 4547 1778 4616 ὲπιφαίνηται
1819 4543 2092 4616 μετὰτῶν

488 4646 670 4714 ἁγίων
699 4643 969 4714 ἀγγέλων,
987 4643 1044 4696 ἐν
1060 4643 1126 4714 τῇ
1150 4639 1280 4713 δόξῃ
1308 4637 1404 4692 τοῦ
1433 4638 1650 4711 Πατρὸς
1666 4637 1852 4691 αὑτοῦ.
1885 4633 2092 4709 Ὃνπερ

488 4739 606 4810 γὰρ
632 4737 857 4807 τρόπον,
881 4737 1068 4807 φησὶν,
1093 4736 1150 4787 αἱ
1179 4733 1288 4787 τῶν
1314 4731 1641 4805 κρεοφάγων
1668 4731 1872 4803 ὀρνέων
1901 4731 2095 4800 ἀγέλαι

489 4830 592 4882 ἐπὶ
624 4827 696 4882 τά
735 4826 1004 4882 πίπτοντα
1049 4825 1159 4878 τῶν
1211 4824 1484 4896 σωμάτων
1532 4823 1646 4890 ὀξεῖ
1691 4823 2093 4894 καταφέρονται

494 4920 688 4993 ῥοίζῳ,
719 4918 862 4974 οῦτω
888 4918 984 4973 καὶ
1015 4917 1173 4988 ὑμεῖς
1199 4916 1286 4972 ἐπ’
1335 4916 1435 4988 ἐμὲ
1464 4913 1892 4987 συναχθήσεσθε.
1935 4915 2001 4968 '0
2029 4913 2094 4986 δὴ

490 5013 595 5067 καὶ
611 5011 824 5077 Παῦλος
853 5008 1344 5087 ἡμῖνιάπεγύμνου,
1379 5007 1557 5078 λέγων
1582 5022 1595 5036 ⁸
1627 5025 1646 5059 ι
1671 5007 1933 5061 Σαλπίσει
1961 5007 2092 5080 γὰρ,

490 5107 593 5161 καὶ
627 5106 678 5158 οἱ
714 5105 902 5175 νεκροὶ
938 5102 1328 5175 ἐγερθήσονται
1358 5099 1626 5171 ἄφθαρτοι
1647 5116 1661 5130 ο
1691 5118 1710 5151 ι
1733 5101 1827 5154 καὶ
1861 5100 1967 5172 μὴν
2003 5101 2097 5155 καί

493 5197 753 5270 ἑτέρωθι,
802 5197 942 5252 «Καὶ
971 5197 1029 5250 ὲν
1067 5193 1324 5264 νεφέλαις
1350 5191 1789 5264 ἁρπαγησόμεθα
1828 5195 1908 5257 εἰς
1931 5191 2102 5248 ἀπάν-

490 5308 658 5363 τησιν
700 5288 795 5344 τοῦ
833 5289 1041 5361 Κυρίου
1073 5289 1153 5351 εἰς
1183 5286 1321 5357 ἀέρα
1348 5301 1363 5317 ο
1399 5286 1496 5340 καὶ
1528 5283 1702 5350 οὕτως
1733 5285 1964 5340 πάντοτε
1999 5288 2097 5342 σὺν

2202 4553 2839 4626 ἱιιίιυὶιεοειτηὶνοτπυω
2867 4553 3052 4608 avium
3076 4567 3272 4623 greges
3287 4552 3655 4609 stridentibus
3684 4554 3792 4608 alis

2203 4652 2258 4707 in
2283 4651 2551 4710 cadavera
2593 4648 2876 4713 devolant,
2917 4649 3001 4705 sic
3038 4650 3203 4704 etiam
3233 4665 3329 4705 vos
3369 4649 3438 4703 ad
3465 4665 3553 4705 me
3583 4663 3794 4706 convo-

2203 4741 2409 4799 labitis.
2450 4738 2608 4806 Quod
2644 4753 2782 4799 sane
2812 4737 3020 4796 Paulus
3071 4753 3296 4809 quoque
3353 4739 3514 4794 nobis
3550 4739 3795 4796 declarat

2202 4832 2296 4891 his
2325 4830 2512 4889 verbis
2544 4847 2558 4885 :
2593 4848 2612 4880 ι
2657 4828 2832 4886 Canet
2875 4829 3024 4885 enim
3062 4827 3216 4894 tuba,
3243 4835 3300 4883 et
3355 4828 3563 4883 mortui
3608 4843 3794 4884 resur-

2205 4933 2334 4997 gent
2376 4919 2680 4991 incorrupti
2724 4923 2794 4972 ⁸⁵.
2853 4937 2872 4970 ι
2935 4919 3002 4976 Ει
3051 4920 3228 4975 alibi:
3274 4938 3294 4974 ς
3329 4918 3394 4975 Et
3435 4920 3494 4975 in
3549 4920 3795 4978 nubibus

2204 5016 2490 5087 rapiemur
2523 5013 2742 5068 obviam
2775 5011 3006 5071 Christo
3034 5012 3088 5065 in
3130 5027 3281 5074 aera,
3335 5022 3392 5068 et
3447 5013 3530 5068 sic
3572 5027 3796 5085 semper

2204 5122 2330 5164 cum
2364 5105 2596 5162 Domino
2628 5105 2840 5160 erinms
2869 5105 2940 5158 ".
2985 5124 3004 5160 ι
3058 5104 3202 5161 Nihil
3239 5121 3375 5179 ergo
3423 5105 3627 5163 rationi
3661 5109 3799 5164 veri-

2205 5198 2342 5253 tatis
2388 5195 2576 5259 ofﬁcit,
2619 5196 2771 5266 quod
2811 5211 2879 5252 ex
2939 5195 3302 5254 silnilitudine
3346 5197 3418 5253 ad
3461 5212 3576 5254 rem
3609 5197 3799 5269 expri-

2207 5289 2463 5346 mendam
2500 5289 2816 5344 traductum
2850 5296 2954 5344 est.
3641 5285 3644 5288 λ

495 5383 695 5455 Κυρίῳ
735 5381 992 5454 ἐσόμεθα.
1027 5397 1047 5432 ι
1108 5379 1380 5450 Ἀδικήσει
1406 5378 1700 5449 τοιγαροῦν
1728 5377 1879 5431 οὐδὲν
1929 5379 1989 5433 τὸ
2040 5377 2101 5445 ἐξ
2135 5379 2451 5455 ὁμοιώσεως
2494 5382 2574 5444 εἰς
2621 5381 2809 5434 εἰκόνα
2848 5379 3055 5452 ληφθὲν
3093 5380 3192 5452 τῆς
3229 5379 3488 5453 ἀληθείας
3546 5382 3649 5456 τὴν
3708 5383 3808 5439 δύο

621 5499 690 5535 ιν.

498 5501 565 5538 να
621 5500 690 5535 ιν.

573 5500 684 5634 ξος
707 5570 774 5626 δὲ
806 5568 884 5644 ἦν
915 5572 985 5626 ἐν
1019 5570 1143 5638 τοῖς
1181 5569 1618 5641 Ἰεροσολύμοις
1657 5569 1726 5624 ἐν
1749 5586 1828 5635 τῳ
1857 5571 2094 5640 Πάσχα,

2281 5564 2347 5630 ll,
2376 5564 2466 5620 23.
2511 5563 2644 5618 Cum
2678 5573 2857 5620 autem
2891 5577 3026 5618 esset
3053 5561 3440 5634 Hierosolymis
3473 5567 3525 5619 in
3566 5565 3797 5632 Pascha,

599 5755 642 5786 "
675 5753 862 5810 Matth.
906 5770 1018 5820 Iuv,
1067 5755 1151 5821 10,
1189 5755 1272 5810 19..
1348 5759 1393 5789 ’³
1425 5757 1617 5812 Matth.
1651 5773 1799 5827 “tv,
1832 5755 1925 5812 τε.
2001 5756 2046 5788 ’³
2079 5754 2085 5809 i

2189 5768 2258 5810 π.
2289 5766 2381 5818 1v,
2414 5748 2506 5805 52.
2582 5748 2625 5780 ’³
2663 5745 2678 5800 1
2719 5745 2917 5806 Thess.
2950 5761 3021 5810 tv,
3059 5742 3142 5798 16.
3187 5777 3192 5781 -

2057 5909 2203 5935 ..ιρ’“”’³
