4106 6518
414 315 481 375 39
1376 312 1433 368 s.
1474 312 1751 371 CYRILLI
1792 313 2261 371 ALEXANDRINI
2291 308 2610 374 ARCHIEP.
3526 301 3630 371 ιιι)

374 433 426 485 in
465 429 550 486 die
596 429 754 502 festo,
789 428 941 484 multi
984 427 1313 483 crediderunt
1351 430 1406 483 in
1444 431 1652 484 nomine
1698 430 1838 499 ejus,
1868 431 1926 484 rt"

2051 430 2121 484 ἐν
2166 429 2241 499 τῇ
2280 430 2457 505 ἑορτῇ
2476 470 2490 495 ,
2547 427 2764 483 πολλοὶ
2802 422 3174 480 ἐπίστευσαν
3217 426 3306 490 εις
3346 424 3412 479 τὸ
3445 425 3630 496 ὄνομα

373 523 551 579 dentes
580 524 732 594 signa
762 522 877 593 ejus
904 537 1020 591 qua:
1055 518 1304 588 faciebat.

2055 523 2270 588 αὑτοῦ,
2309 522 2670 591 θεωροῦντες
2698 517 2884 574 αὐτοῦ
2911 516 2984 571 τὰ
3006 517 3246 587 σημεῖα,
3283 517 3321 571 ἂ
3347 518 3554 573 ἐποίει.

447 614 569 671 Non
594 622 776 670 cessat
802 614 1057 669 Christus
1100 613 1314 667 salvare
1333 620 1390 667 et
1420 612 1634 681 iuvare.
1661 613 1926 683 Sapientes

2120 615 2193 668 Οὐ
2237 614 2532 686 καταλήγει
2576 612 2853 676 διασώςων
2901 610 2996 664 καὶ
3035 608 3261 679 ὠφελῶν
3307 610 3337 662 6
3370 612 3623 682 Χριστός.

370 709 514 763 enim
570 706 754 761 verbis
804 704 1035 767 inducit,
1090 705 1228 759 alios
1283 703 1442 777 144
1487 705 1671 759 divina
1727 720 1926 776 quoqut

2049 704 2186 769 Τοὺς
2222 705 2322 776 μὲν
2363 704 2469 776 γὰρ
2496 703 2691 774 σοφοὺς
2723 703 2989 770 ἐπάγεται
3032 699 3246 771 λόγοις,
3295 703 3423 766 τοὺς
3452 703 3510 757 δὲ
3532 707 3628 760 καὶ

369 798 572 853 virtute
621 795 947 867 percelleus',
985 794 1051 848 ad
1094 793 1253 849 iidem
1315 793 1610 863 pertrahit,
1664 793 1926 864 adigitqut

2046 794 2272 865 δυνάμει
2315 795 2711 864 καταπλήττων
2756 792 3081 862 θεοπρεπεῖ,
3149 791 3441 865 σαγηνεῦει
3486 790 3625 865 πρὸς

365 896 430 942 ut
459 903 526 944 ex
557 888 679 956 ejus
722 885 1006 959 operibus,
1033 898 1266 954 quorum
1301 883 1403 955 ipsi
1443 891 1783 954 spectatores
1824 884 1926 940 fue-

2045 885 2225 938 πίστιν
2243 925 2257 950 ,
2295 885 2354 951 ἐξ
2375 877 2449 939 ὧν
2476 881 2802 956 ἐνεργοῦντα
2824 883 3107 936 τεθέανται
3142 884 3463 937 κατανεύειν
3491 886 3623 959 ανα-

353 975 514 1043 Ὺτιιιι,
546 977 720 1034 Deum
752 993 877 1033 esse
917 991 1108 1031 revera
1139 975 1367 1031 credant
1400 992 1551 1044 eum,
1584 977 1678 1048 qui
1710 992 1799 1033 res
1829 984 1926 1031 tam

2046 975 2442 1044 πεπεισμένους
2462 1017 2477 1038 ,
2505 973 2695 1045 ὅτιπερ
2727 972 2895 1036 ὄντως
2922 972 3157 1044 ὑπάρχοι
3189 972 3321 1036 Θεὸς
3352 975 3380 1026 6
3405 956 3518 1027 τῶν
3538 974 3626 1029 δν-

368 1052 720 1123 adtnirahiies
764 1065 953 1121 faciat.

2040 1083 2147 1131 τως
2174 1064 2517 1136 ἀξιαγάστων
2554 1064 2616 1135 δη
2626 1082 2747 1135 μιου
2757 1064 2902 1135 ργός.

408 1146 501 1225 Ἥ,
540 1158 631 1213 24.
679 1156 801 1227 Ipse
841 1166 1018 1210 autem
1061 1153 1219 1210 Iesus
1291 1172 1396 1211 non
1446 1155 1686 1211 credebat
1761 1167 1940 1212 semet-

365 1246 667 1319 ipsum‘et's.
1926 1232 1929 1241 I

432 1339 601 1396 Certa
628 1354 738 1395 non
766 1344 857 1395 est‘
878 1354 1066 1395 eorum
1101 1339 1340 1411 cognitio
1364 1340 1456 1411 qui
1488 1355 1663 1412 nuper
1692 1341 1939 1397 credidea

365 1437 516 1496 runt,
543 1430 636 1487 sed
677 1446 856 1501 neque
896 1446 1052 1488 mens
1084 1434 1219 1488 satis
1248 1431 1460 1486 firmata
1502 1441 1586 1488 est
1623 1434 1938 1489 recentibus

368 1518 679 1575 miraculis.
711 1519 921 1586 Quibus
948 1522 1107 1576 enim
1126 1528 1280 1575 tener
1305 1521 1486 1576 adhuc
1513 1531 1599 1576 est
1629 1537 1814 1577 sermo
1844 1536 1938 1576 ca-

363 1612 672 1679 techescos,
700 1612 976 1681 quomodo
996 1611 1223 1666 stabiles
1257 1611 1311 1666 in
1337 1612 1538 1681 pietate
1555 1603 1673 1682 jam
1691 1612 1939 1669 iuerint?

361 1700 615 1758 Nondum
661 1704 830 1774 igitur
872 1718 931 1759 se
963 1702 1188 1758 novitiis
1231 1703 1411 1758 credit
1448 1703 1723 1771 Christus,
1750 1714 1937 1761 osten-

2111 1158 2305 1224 Αὐτὸς
2331 1155 2398 1209 δὲ
2434 1159 2466 1211 ὀ
2502 1156 2734 1224 Ἰησοῦς
2764 1157 2874 1209 οὐκ
2904 1154 3223 1208 ἐπίστευεν
3255 1152 3475 1209 ἑαυτὸν
3510 1157 3621 1209 αὐ-

2039 1266 2183 1316 τοις.

2110 1340 2224 1393 Οὐκ
2252 1339 2498 1410 ἀσφαλὴς
2533 1340 2566 1410 ή
2617 1338 2818 1408 γνῶσις
2868 1339 2901 1409 ἡ
2942 1339 3050 1393 τῶν
3091 1340 3216 1411 ἄρτι
3260 1339 3622 1394 πεπιστευκό-

2038 1448 2179 1495 των,
2226 1429 2339 1483 ἀλλ’
2393 1429 2512 1482 οὐδὲ
2553 1428 2838 1499 ἱδρυμένος
2880 1431 2909 1481 6
2952 1430 3075 1494 νοῦς
3127 1430 3221 1482 ἐπὶ
3264 1433 3474 1501 νεαροῖς
3507 1434 3620 1495 τοῖς

2039 1520 2322 1591 θαύμασι·
2374 1520 2469 1573 καὶ
2508 1522 2557 1573 οἱ
2598 1521 2798 1591 τρόπον
2835 1519 2956 1573 τινὰ
3009 1520 3218 1592 χλωρὸν
3273 1521 3353 1574 ἔτι
3391 1522 3482 1575 τὸν
3520 1522 3622 1593 τῆς

2039 1613 2395 1682 κατηχήσεως
2426 1610 2640 1681 ἔχοντες
2679 1610 2867 1679 λόγον,
2919 1611 3035 1674 πῶς
3062 1611 3128 1666 ἂν
3159 1607 3267 1665 εἷεν
3298 1612 3398 1683 ἤδη
3433 1616 3621 1683 πεπη-

2039 1706 2196 1774 γότες
2226 1706 2303 1768 είς
2332 1703 2614 1757 εὐλάὸειαν
2641 1719 2655 1769 ;
2701 1701 2867 1756 Οῦπω
2901 1702 3190 1774 τοιγαροῦν
3225 1697 3337 1766 τοῖς
3365 1703 3620 1774 νεήλυσιν

359 1794 498 1850 detis
540 1804 797 1865 magnum
852 1794 1114 1864 quiddam
1153 1802 1209 1849 et
1246 1795 1609 1865 expetendum
1656 1810 1781 1851 esse
1825 1797 1926 1852 sin-

2040 1795 2230 1850 ἐαυτὸν
2288 1795 2574 1866 ἐπιτρέπει
2629 1793 2896 1865 Χριστὸς,
2945 1794 3135 1865 χρῆμά
3183 1811 3234 1846 τι
3285 1794 3459 1865 μέγα,
3526 1794 3622 1847 καὶ

359 1886 555 1941 cerum'
582 1885 661 1939 ih'
683 1884 851 1940 Deum
902 1899 1171 1950 amorem,
1206 1900 1307 1940 nec
1336 1892 1559 1957 repente
1603 1886 1801 1951 cuivis,
1836 1882 1934 1942 sed

359 1977 548 2031 studio
574 1985 629 2031 et
654 1975 1050 2033 exercitatione
1082 1977 1307 2033 virtutis
1350 1992 1415 2032 ac
1450 1987 1693 2049 tempore
1714 1978 1931 2049 ‘perlici.

358 2067 590 2125 Discant
623 2068 814 2139 itaque
851 2068 983 2123 hinc
1019 2069 1219 2137 quibus
1257 2069 1465 2124 credita
1504 2079 1635 2124 sunt
1672 2068 1769 2125 Dei
1810 2076 1933 2142 my-

345 2160 552 2226 ‘steria,
607 2159 762 2215 intra
798 2172 957 2216 sacra
994 2161 1117 2215 vela
1154 2160 1934 2232 hominem‘pracmature'non

357 2250 689 2314 admittere,
744 2262 922 2321 neque
980 2252 1295 2323 neophytos
1350 2267 1447 2308 eos
1501 2254 1675 2309 sacris
1727 2253 1933 2308 mensis

353 2342 621 2401 adbibere
670 2344 769 2416 qui
819 2345 1202 2415 intempestive
1246 2344 1615 2418 baptizantur,
1648 2353 1702 2401 et
1734 2346 1933 2415 quibus

352 2434 566 2493 Christi
598 2435 845 2492 omnium
886 2436 1097 2491 Domini
1130 2434 1265 2493 ﬁdes
1297 2448 1629 2508 praemature
1667 2437 1931 2492 creditur.

278 2578 281 2579 ν
353 2524 427 2583 Ut
464 2528 613 2582 enim
654 2526 943 2597 ligurahic
976 2527 1141 2583 etiam
1176 2530 1339 2607 nobis
1386 2536 1554 2591 esset,
1597 2529 1934 2599 doceretque

353 2620 579 2691 quinam
602 2620 955 2691 potissimum
1004 2622 1076 2677 sit
1123 2620 1448 2685 initiandus,
1479 2620 1765 2676 credentes
1796 2622 1934 2691 qui-

356 2709 480 2766 dem
511 2710 765 2780 suscipit,
794 2710 891 2766 sed
932 2711 1178 2765 nondum
1226 2711 1308 2766 eis
1355 2709 1635 2765 conﬁdere
1674 2696 1931 2777 videtur,

355 2815 425 2858 eo
450 2801 598 2873 quod
630 2803 871 2873 seipsum
907 2818 1016 2857 non
1053 2803 1279 2865 credat,
1317 2808 1378 2857 ut
1440 2802 1569 2855 hinc
1600 2810 1800 2870 pateat,
1831 2806 1932 2856 no-

351 2894 502 2949 vitiis
546 2895 602 2949 in
646 2893 750 2950 fide
786 2894 1131 2965 n'on‘exig‘u‘o
1178 2904 1428 2965 tempore
1476 2894 1623 2947 inter
1666 2895 1932 2946 catechu-

354 3000 549 3042 menos
573 2999 699 3042 esse
727 2985 1089 3053 versandum,
1111 2985 1380 3057 quoniam
1395 2983 1482 3041 vel
1502 2984 1589 3039 sic
1618 2982 1709 3038 vix
1743 2983 1931 3040 ﬁdcies

349 3077 567 3134 evasuri
591 3085 741 3135 sunt.

420 3339 491 3405 ll,
535 3340 729 3396 24-25.
791 3338 872 3397 Eo
916 3340 1057 3411 quod
1096 3341 1208 3409 ipse
1254 3342 1675 3409 nosset-emittes,
1713 3351 1761 3396 et
1802 3344 1927 3413 quia

350 3446 478 3499 opus
515 3431 564 3485 ei
587 3446 693 3486 non
718 3438 856 3499 erat,
890 3443 947 3485 ut
996 3434 1114 3503 quis
1161 3430 1840 3503 testimonium'perltibe‘ret
1864 3433 1928 3489 de

347 3521 559 3577 homine
580 3536 602 3576 :
638 3523 750 3592 ipse
775 3525 915 3577 enim
949 3522 1146 3578 sciebat
1186 3524 1312 3595 quid
1346 3534 1479 3579 esset
1508 3529 1562 3579 in
1591 3526 1814 3581 homine.

417 3695 549 3752 Haec
568 3704 797 3768 queque
837 3697 1100 3770 dignitas,
1128 3700 1209 3756 uti
1242 3707 1299 3756 et
1332 3709 1544 3757 caeterte
1564 3718 1686 3774 quae
1711 3714 1841 3759 sunt
1870 3704 1924 3758 in

345 3788 591 3852 Christo,
621 3787 731 3844 Deo
769 3791 1051 3859 competit,
1080 3804 1180 3846 nec
1210 3790 1267 3845 in
1302 3792 1412 3847 ulla
1442 3809 1504 3849 re
1543 3802 1732 3850 creata
1764 3809 1924 3863 repe-

347 3873 509 3931 ritur.
537 3873 655 3932 Soli
688 3877 834 3931 enim
867 3877 979 3932 Deo
1004 3892 1135 3935 vero
1165 3879 1340 3947 ipsam
1377 3884 1570 3938 tribuit
1605 3883 1923 3951 Psalmista,

346 3965 582 4023 dicens:
619 3985 639 4022 ι
680 3968 787 4036 Qui
833 3970 991 4026 limit
1027 3974 1308 4044 sigillatim
1352 3974 1525 4030 corda
1551 3989 1741 4030 eorum
1778 3990 1793 4029 :
1831 3975 1924 4044 qui

348 4061 603 4133 intelligit
659 4065 847 4119 omnia
896 4078 1067 4137 opera
1094 4081 1300 4124 eorum
1338 4069 1409 4125 “.
1452 4088 1473 4122 ι
1517 4068 1678 4134 Quod
1731 4069 1777 4125 si
1810 4068 1925 4125 Deo

344 4152 469 4208 solo
494 4167 621 4225 qua
645 4154 704 4208 in
737 4156 903 4211 nobis
935 4165 1066 4212 sunt
1097 4159 1457 4231 intelligente,
1480 4158 1738 4215 Christus
1765 4160 1927 4216 intel‘

344 4242 488 4315 ligit,
539 4245 817 4314 quomodo
846 4263 956 4303 non
1004 4251 1112 4303 erit
1139 4251 1442 4306 secundum
1472 4256 1726 4304 naturam
1758 4251 1920 4319 Deus,

343 4339 441 4413 qui
472 4337 656 4394 abdita
687 4339 863 4405 novit,
886 4351 942 4395 et
973 4341 1081 4395 alta
1111 4342 1402 4412 cognoscit
1428 4348 1491 4395 et
1524 4354 1751 4407 arcana,
1781 4344 1925 4399 sicut

344 4428 613 4499 scriptum
641 4431 766 4486 est?
802 4451 823 4484 t
860 4431 999 4501 Quis
1026 4433 1171 4489 enim
1200 4434 1486 4488 hominum
1516 4434 1622 4490 scit
1649 4450 1773 4506 qua:
1794 4445 1923 4492 sunt

2037 1886 2488 1958 ἁξιεραστότατον
2526 1885 2830 1947 ἐπιδεικνὺς
2858 1884 2955 1956 τὴν
3002 1886 3082 1949 εἰς
3108 1884 3239 1937 Θεὸν
3265 1884 3617 1955 γνησιότητα,

2035 1980 2130 2031 καὶ
2172 1978 2271 2046 οὐχ
2318 1976 2549 2045 ἑτοίμως
2600 1975 2922 2045 προκεῖσθαι
2975 1978 3087 2039 τοῖς
3128 1975 3403 2028 ἐθέλουσιν
3456 1976 3617 2041 ἑλεῖν,

2036 2071 2153 2127 ἀλλ’
2198 2068 2382 2139 ἐφέσει
2418 2073 2486 2142 τῇ
2521 2072 2600 2133 εἰς
2634 2069 2865 2137 ἀγαθὸν,
2909 2070 3002 2122 καὶ
3049 2069 3248 2141 μελέτῃ
3306 2071 3399 2124 καὶ
3440 2068 3619 2141 χρόνῳ

2035 2161 2497 2233 κατορθουμένην.
2543 2160 2982 2214 Μανθανέτωσαν
3026 2160 3112 2213 διὰ
3164 2160 3370 2213 τούτων
3417 2160 3464 2214 οἱ
3507 2160 3617 2212 τῶν

2035 2255 2126 2308 τοῦ
2172 2250 2429 2327 Σωτῆρος
2463 2253 2778 2325 μυστηρίων
2814 2253 3036 2324 ταμίαι,
3091 2253 3164 2323 μὴ
3212 2253 3460 2324 πρόωρον
3506 2253 3616 2306 τῶν

2039 2343 2195 2412 ἱερῶν
2235 2342 2743 2412 καταπετασμάτων
2784 2341 2915 2393 εἴσω
2958 2341 3231 2394 ποιεῖσθαι
3270 2340 3362 2393 τὸν
3404 2341 3618 2412 ἄνθρω-

2036 2453 2137 2488 πον
2160 2478 2173 2501 ,
2230 2434 2366 2505 μηδὲ
2416 2433 2709 2503 νεοφύτους
2749 2434 2864 2495 ταῖς
2899 2432 3072 2495 θείαις
3098 2432 3413 2501 ἐπιτρέπειν
3448 2449 3618 2503 προσ-

2038 2529 2174 2582 ιέναι
2216 2525 2515 2598 τραπέζαις
2537 2525 2675 2597 ἀωρὶ
2706 2523 3135 2594 βαπτιζομένους
3168 2523 3348 2589 τινας,
3398 2525 3489 2577 καὶ
3515 2525 3618 2581 οὐκ

2035 2620 2091 2672 ἐν
2144 2617 2323 2690 καιρῷ
2380 2617 2472 2669 τὸν
2541 2616 2795 2670 ἁπάντων
2850 2615 3127 2685 Δεσπότην
3193 2615 3618 2686 πιστευομένους

2032 2709 2283 2780 Χριστόν.
2328 2708 2445 2760 Ἵνα
2481 2707 2589 2777 γὰρ
2625 2705 2794 2770 τύπος
2833 2708 2964 2778 ἡμῖν
3004 2706 3107 2759 κᾶν
3148 2706 3325 2778 τούτῳ
3365 2707 3614 2778 γένηται,

2034 2798 2129 2851 καὶ
2154 2797 2339 2871 διδάξῃ
2362 2796 2466 2851 τίνι
2497 2795 2695 2867 μᾶλλόν
2722 2796 2837 2848 ἐστι
2860 2794 2920 2847 τὸ
2951 2793 3204 2866 μυεῖσθαι
3235 2795 3613 2865 πρεπωδέστε-

2036 2908 2146 2963 ρον,
2188 2891 2401 2960 δέχεται
2431 2888 2529 2959 μὲν
2557 2888 2683 2950 τοὺς
2720 2875 3110 2953 πιστεῦοντας,
3142 2884 3307 2939 οὔπω
3342 2885 3399 2939 δέ
3429 2887 3615 2949 αὐτοῖς

2032 2982 2424 3053 ἀποθαρσήσας
2454 2981 2677 3051 ὁρᾶται,
2728 2977 2817 3031 διὰ
2850 2976 2945 3031 τοῦ
2979 2978 3054 3049 μὴ
3088 2976 3363 3032 πιστεύειν
3389 2976 3612 3047 έαυτόψ

2030 3074 2105 3139 ὡς
2142 3069 2279 3126 εἶναι
2313 3071 2471 3141 δῆλον
2498 3068 2776 3135 ἐντεῦθεν,
2829 3069 2910 3121 ὅτι
2947 3068 3055 3140 χρὴ
3097 3068 3224 3133 τοὺς
3251 3068 3514 3139 νεήλυδας
3541 3068 3613 3122 οὗ

1954 3155 1999 3215 C
2036 3163 2230 3239 μικρὸν
2258 3166 2315 3217 ἐν
2343 3163 2647 3233 κατηχήσει
2671 3160 2954 3232 τρίϐεσθαι
2981 3161 3174 3233 χρόνον
3197 3175 3213 3191 ο
3241 3159 3383 3213 οὓτω
3407 3159 3516 3229 γὰρ
3548 3158 3617 3213 ἂν

2032 3258 2188 3330 μόλις
2222 3256 2465 3324 γένοιντο
2491 3255 2548 3305 ἐν
2574 3253 2772 3305 πίστει.

2098 3349 2202 3403 Διὰ
2236 3346 2303 3401 τὸ
2338 3345 2540 3399 ἀὑτὸν
2593 3343 2916 3416 γινώσκειν
2957 3343 3225 3412 πάντας,
3275 3343 3375 3399 καὶ
3413 3344 3501 3398 ὅτι
3542 3344 3617 3398 οὐ

2028 3440 2238 3511 χρείαν
2268 3434 2462 3507 εἶχεν,
2509 3439 2611 3491 ἵνα
2658 3452 2748 3503 ’τις
2788 3436 3148 3507 μαρτυρήσῃ
3186 3435 3318 3504 περὶ
3371 3435 3478 3489 τοῦ
3511 3435 3618 3490 dr-

2028 3533 2264 3600 θρώπου
2289 3544 2303 3561 ⁸
2350 3529 2532 3597 αὐτὸς
2578 3529 2688 3601 γὰρ
2735 3529 3026 3599 ἐγίνωσκε
3069 3528 3127 3582 τί
3164 3524 3243 3599 ἦν
3283 3528 3352 3581 έν
3392 3526 3476 3594 τῷ
3517 3528 3619 3582 ἀν-

2036 3623 2267 3691 ϐρώπῳ.

2099 3713 2417 3785 Θεοπρεπές
2454 3712 2549 3767 καὶ
2584 3711 2742 3766 τοῦτο
2785 3712 2923 3782 μετὰ
2947 3712 3054 3766 τῶν
3084 3711 3259 3765 ἄλλων
3305 3711 3361 3784 ἐν
3394 3704 3616 3781 Χριστῷ

2025 3805 2088 3860 τὸ
2142 3804 2396 3877 ἀξίωμα,
2464 3796 2559 3860 καὶ
2586 3805 2774 3859 ὀὐδενὶ
2820 3805 2929 3858 τῶν
2989 3804 3233 3877 γενητῶν
3268 3802 3616 3875 ἐνυπάρχον.

2025 3897 2189 3968 Μόνῳ
2222 3897 2331 3969 γὰρ
2371 3897 2503 3951 αὐτὸ
2544 3896 2621 3967 τῷ
2672 3899 2793 3951 κατ’
2836 3897 3096 3968 ἀλήθειαν
3128 3898 3240 3950 ὄντι
3281 3894 3399 3966 Θεῷ
3446 3903 3616 3967 προσ-

2025 3988 2185 4044 άπτει
2224 3984 2399 4057 λέγων
2436 3986 2465 4042 6
2495 3989 2840 4061 Ψαλμῳδόςο
2874 4008 2893 4042 ι
2933 3989 2993 4043 '0
3024 3989 3235 4052 πλάσας
3275 3987 3415 4043 κατὰ
3449 3988 3618 4059 μόνας
3710 4046 3715 4049 _

2024 4081 2122 4144 τὰς
2180 4080 2407 4152 καρδίας
2448 4081 2665 4145 αὐτῶν,
2709 4079 2737 4131 6
2785 4080 2986 4144 συνιεὶς
3030 4081 3112 4143 εἰς
3148 4081 3325 4134 πάντα
3360 4078 3430 4132 τὰ
3475 4078 3615 4161 ἔργα

2025 4171 2225 4225 αὐτῶν.
2256 4190 2274 4224 ι
2315 4170 2377 4225 Ei
2407 4170 2465 4225 δέ
2495 4172 2659 4243 μόνου
2692 4173 2965 4234 συνιέντος
2993 4170 3059 4227 τὰ
3096 4173 3153 4226 ἐν
3192 4173 3323 4241 ήμϊν
3353 4168 3447 4223 τοῦ
3475 4166 3613 4222 Θεοῦ

2004 4250 2272 4332 Ἑυνίησιν
2303 4262 2330 4315 6
2360 4262 2598 4333 Χριστός
2626 4278 2641 4293 ’
2675 4262 2793 4326 πῶς
2820 4263 2919 4316 οὐκ
2940 4261 3094 4315 ἔσται
3122 4263 3265 4315 κατὰ
3292 4260 3453 4330 φύσιν
3482 4258 3615 4322 Θεὸς

2025 4352 2053 4405 6
2090 4351 2197 4407 τῶν
2236 4352 2492 4424 κρυπτῶν
2526 4351 2805 4425 γνώστης,
2843 4354 2935 4406 καὶ
2975 4352 3260 4423 γινώσκων
3309 4352 3479 4424 βαθέα
3520 4354 3615 4407 καί

2026 4442 2342 4516 ἀπόκρυφα,
2367 4443 2510 4498 καθὰ
2542 4445 2887 4517 γέγραπται;
2928 4463 2946 4497 ι
2971 4442 3067 4509 Τίς
3097 4444 3204 4516 γὰρ
3235 4440 3374 4498 οἶδεν
3400 4439 3612 4516 ἀνθρώ-

342 4516 731 4609 ltominismisi
764 4523 995 4594 spiritus
1014 4525 1389 4597 bominis,qui
1420 4529 1476 4581 in
1510 4525 1630 4596 ipso
1659 4538 1741 4585 est
1768 4531 1862 4584 ’7?
1897 4549 1916 4582 ι

2032 4551 2150 4589 πων
2176 4508 2363 4588 iazies
2392 4508 2719 4608 ἀνθρῶπου,
2759 4538 2806 4589 εἰ
2839 4508 2912 4608 μή
2941 4537 3000 4591 τδ
3031 4508 3246 4609 πνεῦμα
3281 4535 3373 4591 τοῦ
3405 4508 3616 4609 ἀνθρώ,

342 4607 477 4665 dum
503 4617 688 4667 autem
713 4614 902 4670 nullus
922 4616 1085 4681 sciat,
1116 4616 1271 4673 solus
1291 4631 1404 4672 non
1435 4618 1712 4690 ignorabit
1734 4622 1875 4680 Deus
1901 4641 1916 4680 :

344 4716 525 4773 neque
566 4704 713 4760 enim
746 4707 800 4761 in
837 4710 1219 4765 universorum
1255 4724 1487 4766 numero
1519 4714 1820 4771 collocatur
1853 4715 1923 4771 de

340 4792 543 4862 quibus
580 4797 778 4851 merito
806 4797 1045 4864 dicatur,
1081 4817 1101 4849 ι
1130 4800 1339 4868 nullus,
1372 4820 1393 4854 ι
1418 4802 1513 4858 sed
1538 4813 1700 4862 extra
1731 4807 1918 4863 omnia

339 4890 448 4945 est,
473 4889 531 4937 et
556 4887 741 4941 omnia
787 4887 894 4943 sub
918 4889 1150 4958 pedibus
1181 4890 1304 4959 ejus
1327 4892 1391 4948 ".
1420 4893 1661 4966 ldipsum
1696 4913 1919 4968 quoque

341 4970 877 5034 Paulustestabitur
910 4979 1105 5035 dicens
1143 4997 1156 5031 ι
1199 4999 1219 5033 ι
1259 4983 1424 5041 Vivus
1446 4997 1530 5044 est
1553 4988 1699 5042 enim
1736 5003 1919 5044 sermo

342 5060 436 5117 Dei
484 5072 543 5120 et
587 5066 798 5134 enicas,
826 5077 880 5124 et
920 5068 1076 5141 145
1115 5075 1513 5141 penetrabiiior
1544 5078 1693 5131 omni
1733 5078 1920 5148 gladio

342 5158 590 5229 ancipiti,
624 5168 678 5216 et
713 5163 1037 5232 pertingens
1072 5178 1244 5235 usque
1270 5167 1339 5221 ad
1367 5167 1693 5225 divisionem
1722 5170 1920 5227 animas

341 5263 406 5303 ac
454 5251 705 5319 spiritus,
737 5267 1058 5324 compagum
1094 5272 1313 5329 quoque
1349 5274 1414 5315 ac
1446 5258 1833 5326 medullarum,
1864 5268 1919 5317 et

340 5340 611 5397 discretor
638 5342 1034 5413 cogitationum
1086 5356 1141 5404 et
1188 5349 1559 5405 iutentionum
1616 5351 1823 5406 cordis.
1856 5350 1922 5407 Et

342 5446 451 5486 non
479 5440 561 5489 est
584 5432 690 5488 ulla
727 5447 978 5492 creatura
1008 5438 1307 5496 invisibilis
1347 5441 1402 5494 in
1427 5452 1725 5510 conspectu
1755 5442 1912 5513 ejus:

339 5526 527 5579 omnia
562 5534 745 5582 autem
778 5528 924 5585 nuda
954 5540 1009 5588 et
1038 5540 1227 5604 aperta
1265 5541 1395 5588 sunt
1423 5534 1600 5589 oculis
1635 5535 1755 5607 ejus
1780 5538 1847 5591 ⁸⁸.
1888 5556 1907 5590 ι

2031 4642 2133 4678 που
2167 4623 2226 4677 τὸ
2266 4627 2323 4678 ἐν
2363 4625 2511 4698 αὐτῷ
2537 4644 2552 4693 ;
2581 4646 2600 4680 ›
2649 4624 2866 4692 Εἰδότος
2906 4628 2964 4681 δέ
3002 4628 3252 4692 οὐδενὸς,
3303 4630 3461 4699 μόνος
3515 4628 3614 4681 οὐκ

2031 4717 2290 4788 ἀγνοήσει
2310 4717 2463 4782 Θεὸς,
2497 4721 2616 4772 ἐπεὶ
2646 4720 2779 4790 μηδέ
2810 4722 2869 4773 ἐν
2889 4723 2999 4784 τοῖς
3027 4721 3159 4774 πᾶσι
3192 4717 3614 4792 καταριθμεῖται

2031 4824 2192 4873 ποτε,
2233 4808 2355 4862 καθ’
2388 4802 2463 4864 ὧν
2499 4810 2564 4864 ἂν
2598 4811 2826 4875 εἰκότως
2855 4812 3073 4880 φέροιτο
3110 4811 3170 4864 τὸ
3207 4830 3225 4864 ι
3253 4811 3454 4875 οὐδεὶς,
3483 4830 3503 4863 ι
3536 4808 3614 4872 ὡς

2025 4897 2081 4950 δὲ
2110 4896 2213 4964 ἔξω
2250 4900 2498 4966 πάντων,
2545 4902 2638 4955 καὶ
2671 4902 2847 4955 πάντα
2895 4903 3001 4955 ὑπὸ
3032 4903 3200 4966 πόδας
3241 4902 3447 4957 εἴσεται
3484 4900 3611 4975 [ίσ.

2026 4986 2314 5061 κείσεταιῖ.
2342 4992 2698 5063 Μαρτυρήσει
2728 4990 2783 5045 δέ
2812 4993 2906 5046 καὶ
2933 4995 2961 5046 6
2994 4991 3206 5058 Παῦλος
3235 4992 3429 5061 λέγων’
3458 5012 3476 5045 ι
3496 4990 3614 5047 Ζῶν

2026 5081 2134 5153 γὰρ
2182 5079 2210 5133 θ
2251 5081 2409 5151 λόγος
2447 5082 2540 5137 τοῦ
2572 5083 2705 5137 Θεοῦ
2755 5083 2850 5139 καὶ
2878 5085 3136 5157 ἐνεργὴς,
3185 5086 3277 5139 καὶ
3303 5086 3615 5156 τομώτερος

2028 5172 2169 5243 ὑπὲρ
2190 5176 2368 5227 πᾶσαν
2395 5175 2673 5247 μάχαιραν
2692 5177 2967 5248 δίστομον,
2986 5180 3081 5230 καὶ
3097 5176 3470 5248 διικνούμενος
3484 5179 3613 5249 ἄχρι

2032 5265 2301 5335 μερισμοῦ
2331 5266 2510 5337 ψυχῆς
2544 5268 2639 5323 καὶ
2673 5269 3015 5341 πνεύματος.
3057 5270 3248 5344 ἁρμῶν
3272 5288 3331 5324 τε
3357 5271 3450 5324 καὶ
3478 5286 3611 5341 μυε-

2028 5355 2157 5420 λῶν,
2187 5358 2281 5411 καὶ
2308 5360 2553 5429 κριτικὸς
2588 5358 2942 5433 ἐνθυμήσεων
2971 5362 3067 5416 καὶ
3105 5360 3325 5415 ἐννοιῶν
3363 5360 3607 5432 καρδίας.

2027 5451 2137 5504 Καὶ
2171 5452 2272 5504 οὐκ
2311 5452 2426 5504 ἔστι
2466 5453 2643 5519 κτίσις
2673 5454 2885 5526 ἀφανὴς
2924 5453 3153 5509 ἐνώπιον
3183 5453 3348 5510 αὑτοῦ
3371 5468 3386 5483 ·
3434 5451 3609 5506 πάντα

2027 5540 2084 5595 δέ
2108 5542 2289 5614 γυμνὰ
2325 5544 2419 5597 καὶ
2437 5545 2911 5619 τετραχηλισμένα
2931 5549 3043 5611 τοῖς
3064 5546 3365 5619 semper;
3382 5537 3603 5593 αὑτοῦ.»

404 5705 455 5741 ³⁸
494 5699 640 5760 Psal.
678 5720 853 5775 xxx",
899 5709 982 5768 15.
1057 5710 1103 5743 ’τ
1132 5708 1156 5764 ι
1185 5710 1318 5767 Cor.
1340 5726 1398 5781 tt,
1443 5714 1530 5770 11.
1639 5715 1685 5749 ⁸⁸
1712 5714 1860 5774 Psal.
1895 5734 1926 5774 v

2052 5721 2106 5776 8.
2183 5724 2229 5758 ”
2263 5724 2432 5780 Hebr.
2466 5741 2540 5791 tv,
2571 5726 2657 5792 ιε,
2697 5728 2782 5782 15.
