4106 6494
368 371 490 428 285,

1429 380 1502 436 ΙΝ
1539 377 1830 436 JOANNIS
1859 379 2313 439 EVANGELIUM
2353 381 2482 438 LIB.
2527 383 2592 438 ii.

3563 386 3679 444 ⁸24ίῖ

372 494 588 564 Ὄνπερ
622 493 731 575 γὰρ
755 495 976 567 ’τρόπον
1009 497 1071 551 τὸ
1117 500 1176 553 έν
1215 501 1328 565 τοῖς
1378 502 1602 574 λέϐησιν
1652 504 1976 576 ἐκχεόμενον

2084 504 2422 574 vehementi,
2459 508 2568 561 vim
2600 506 2724 577 ejus
2767 506 3054 578 concipit:
3091 506 3164 562 ita
3197 505 3442 580 Spiritus
3486 509 3670 565 eliica-

365 583 523 659 ΰδωρ
557 589 677 651 ταῖς
699 588 796 642 τοῦ
823 589 997 660 πυρὸς
1023 590 1290 662 όμιλῆσαν
1332 595 1542 666 ἀκμαῖς
1579 598 1678 669 τὴν
1712 599 1770 665 ἐξ
1802 596 1968 650 αὑτοῦ

359 677 606 748 δύναμιν
651 678 1053 749 ἀναμάττεται,
1088 679 1230 735 οὕτω
1273 683 1361 737 διὰ
1394 685 1492 756 τῆς
1524 686 1617 740 τοῦ
1653 686 1970 758 Πνεύματος

360 769 654 840 ἐνεργείας
684 771 743 823 τὸ
773 772 1033 843 αἰσθητὸν
1064 773 1207 846 ὕδωρ
1251 777 1390 846 πρὸς
1424 777 1576 831 Θείαν
1606 779 1728 833 τινὰ
1754 779 1849 834 καὶ
1872 779 1970 851 ἄττ-

362 866 538 936 ρητον
585 867 1059 938 ἀναστοιχειοῦται
1105 869 1203 942 [αι.
1254 873 1780 945 μεταστοιχειοῢται]
1820 873 1968 926 δύνα-

363 973 487 1025 μιν,
515 954 733 1025 ἁγιάζει
757 975 814 1011 τε
845 959 1032 1014 λοιπὸν
1061 963 1188 1026 τοὺς
1204 964 1261 1015 ὲν
1297 961 1378 1028 οἷς
1402 964 1468 1019 ἂν
1488 965 1717 1034 γένοιτο.

441 1048 519 1102 To
545 1051 990 1121 γεγεννημένον
1005 1053 1073 1107 ἐκ
1097 1053 1198 1121 τῆς
1227 1058 1476 1125 σαρκὸς,
1508 1056 1666 1126 σάρξ
1687 1059 1837 1122 ἐστι,
1871 1057 1972 1111 καὶ

359 1140 432 1200 τὸ
487 1142 937 1212 γεγεννημένον
985 1147 1055 1200 ἐκ
1107 1148 1212 1202 τοῦ
1268 1150 1616 1220 Πνεύματος
1647 1190 1660 1213 ,
1730 1149 1970 1220 πνεῦμὰ

356 1233 566 1288 ἐστιν.

449 1327 662 1400 Ἑτέρῳ
701 1330 864 1383 πάλιν
894 1332 1057 1385 αὐτὸν
1079 1332 1364 1390 ἀναπείθει
1394 1334 1642 1407 λογισμῷ
1667 1337 1801 1408 πρὸς
1829 1335 1971 1407 ὕψη·-

357 1419 599 1492 λοτέραν
626 1421 940 1479 ἀναϐαίνειν
977 1424 1214 1491 σύνεσιν,
1262 1429 1357 1481 καὶ
1387 1429 1766 1499 πνευματικὴν
1809 1429 1974 1483 ἀκούο

359 1531 502 1568 οντα
541 1515 818 1586 γέννησιν,
875 1515 950 1588 μὴ
1002 1517 1069 1570 τὰ
1125 1520 1396 1590 σωμάτων
1427 1520 1533 1574 ἴδια
1559 1520 1864 1592 λαμϐάνειν
1893 1524 1973 1586 εἰς

363 1605 518 1660 νοῦν.
551 1607 762 1680 Ὠσπερ
797 1606 908 1679 γὰρ
927 1609 1163 1682 ἀνάγκη,
1201 1613 1390 1680 φησὶν,
1417 1615 1638 1678 πάντως
1666 1609 1806 1668 εἶναι
1840 1615 1971 1685 σάρ-

360 1717 475 1764 κας
502 1700 572 1754 τὰ
607 1701 830 1772 σαρκῶν
853 1705 1194 1774 γεννήματα,
1237 1703 1381 1759 οὕτω
1402 1707 1645 1776 δηλονότι
1681 1707 1775 1762 καὶ
1810 1710 1973 1763 πνεύ-

2073 598 2239 650 citate
2297 597 2583 654 sensibilis
2637 613 2792 668 aqua.
2839 599 2906 658 ad
2965 597 3211 656 divinam
3259 601 3559 672 quamdam
3615 609 3670 656 et

2074 686 2406 742 ineﬂ'abilem
2455 687 2564 742 vim
2620 687 3072 758 transfer-matur,
3101 707 3406 762 omnesque
3445 691 3666 746 demum

2074 779 2126 832 in
2154 779 2355 849 quibus
2386 779 2552 836 fuerit
2577 781 2924 849 sanctiﬁcat._
3238 775 3246 784 ’

2145 1048 2234 1115 ill,
2275 1049 2327 1104 6.
2373 1050 2528 1116 Quod
2559 1061 2746 1106 natum
2810 1060 2889 1105 est
2940 1066 3005 1105 ea:
3051 1067 3232 1118 carne,
3284 1069 3409 1110 caro
3455 1063 3567 1118 ost;
3617 1062 3666 1106 ct

2073 1142 2214 1212 quod
2249 1150 2435 1196 natum
2457 1153 2534 1198 est
2567 1159 2632 1198 ea:
2663 1142 2898 1212 Spiritu,
2924 1143 3145 1213 spiritus
3173 1153 3271 1198 est.

2145 1232 2265 1287 Alia
2317 1248 2512 1290 rursus
2548 1234 2764 1290 ratione
2809 1234 2876 1289 ad
2919 1234 3300 1289 sublimiorem
3332 1235 3669 1292 intellectum

2075 1326 2484 1381 ascendentium
2530 1343 2656 1383 esse
2705 1326 3040 1398 persuadet.
3090 1335 3146 1382 et
3179 1327 3309 1382 dum
3361 1329 3673 1399 spiritalem

2073 1418 2482 1486 generationem
2535 1417 2726 1484 audit,
2782 1435 2893 1473 non
2960 1434 3085 1475 esse
3154 1419 3418 1478 continuo
3480 1421 3557 1476 de.
3613 1436 3680 1476 re

2075 1506 2299 1577 propria
2326 1504 2619 1576 corporum
2664 1509 3077 1579 accipiendum.
3135 1508 3204 1567 Ut
3253 1512 3399 1566 enim
3444 1527 3674 1568 necesse

2073 1607 2192 1664 est,
2236 1600 2452 1670 inquit,
2497 1600 2726 1656 omnino
2755 1615 2979 1656 carnem
3026 1617 3151 1658 esse
3195 1603 3341 1674 quod
3394 1618 3460 1660 ex
3506 1619 3675 1660 carne

2073 1694 2342 1765 gignitur,
2394 1694 2472 1750 ita
2519 1695 2684 1748 ctiam
2737 1695 2970 1766 spiritus
3001 1710 3067 1752 ea
3097 1711 3220 1766 quae
3260 1705 3568 1752 nascuntur
3603 1713 3672 1752 ex

363 1808 517 1860 ματα
548 1791 620 1845 τά
647 1794 711 1846 ἐκ
747 1793 1080 1865 πνεύματος.
1120 1791 1215 1861 Οἷς
1241 1797 1298 1851 δὲ
1333 1799 1362 1850 ὁ
1390 1798 1486 1852 τοῦ
1515 1814 1631 1864 πως
1661 1795 1970 1872 εἷναιλόγος

2081 1788 2295 1858 spiritu.
2329 1786 2546 1852 Quibus
2586 1794 2773 1842 autem
2816 1786 3042 1844 diversa
3091 1797 3177 1843 est
3219 1789 3476 1844 essentia:
3508 1789 3673 1855 ratio,

357 1881 794 1955 ἐξηλλαγμένος,
830 1864 1044 1952 τούτοις
1079 1886 1234 1943 ἔσται
1277 1890 1498 1956 πάντως
1522 1893 1616 1945 καὶ
1659 1889 1688 1942 ὁ
1712 1893 1814 1965 τῆς
1843 1864 1969 1963 γενξ.

2081 1880 2193 1940 haec
2207 1879 2403 1950 utique
2418 1880 2798 1952 generationis
2811 1880 3033 1940 modum
3049 1879 3256 1936 habent
3267 1895 3377 1936 non
3391 1879 3669 1937 eumdem.

362 1976 576 2046 νήσεως
611 1976 819 2047 τρόπος
843 1979 943 2049 οὐχ
975 1979 1005 2032 ὀ
1037 1979 1222 2044 αὐτός.
1263 1981 1462 2036 Ἰστέον
1503 1984 1561 2037 δὲ
1603 1984 1688 2038 ὅτι
1721 1985 1970 2058 γέννημα

371 2066 463 2120 τοῦ
491 2067 807 2140 πνεύματος
842 2071 904 2125 τὸ
932 2071 1028 2126 τοῦ
1065 2073 1356 2144 ἀνθρώπου
1391 2076 1612 2148 πνεῦμά
1638 2097 1841 2150 φαμεν,
1872 2082 1972 2155 οὐχ

365 2163 443 2226 ὡς
466 2163 528 2228 ἐξ
551 2165 723 2219 αὐτοῦ
750 2167 894 2222 κατά
930 2169 1094 2238 φύσιν
1118 2189 1130 2200 ·
1170 2171 1456 2243 ἀμήχανον
1484 2174 1596 2246 γάρ
1619 2192 1631 2205 ·
1662 2175 1779 2230 ἀλλ’
1805 2176 1882 2241 ὡς
1914 2179 1972 2234 ἐν

363 2255 574 2329 πρώτῳ
610 2259 712 2331 μὲν
733 2262 830 2314 καὶ
858 2261 1207 2337 ἀρχαιοτέρῳ
1242 2264 1386 2338 λόγῳ
1434 2268 1578 2322 κατά
1620 2269 1683 2323 τὸ
1710 2271 1776 2324 δι’
1803 2270 1972 2327 αὑτοῦ

360 2349 672 2422 κεκλῆσθαι
711 2353 772 2407 τὺ
813 2355 892 2426 μὴ
938 2355 998 2409 ὂν
1041 2359 1122 2422 είς
1154 2360 1389 2427 γένεσιν,
1428 2363 1486 2414 ἐν
1511 2362 1570 2418 δὲ
1603 2363 1846 2438 δευτέρῳ
1878 2367 1973 2421 καὶ

357 2442 734 2514 οἰκονομικῶς
780 2447 924 2502 κατά
953 2449 1052 2520 τὴν
1086 2450 1154 2504 δι’
1198 2451 1366 2506 αὐτοῦ
1398 2453 1536 2524 πρὸς
1559 2454 1694 2510 Θεὸν
1727 2458 1974 2531 ἀναμόρς

359 2552 566 2603 φωσιν,
594 2537 724 2601 τοὺς
748 2540 984 2606 οἰκείους
1022 2543 1158 2612 ἡμῖν
1188 2545 1552 2617 χαρακτῆρας
1599 2548 1972 2618 ὲνθλίὸοντος,

356 2629 460 2682 καὶ
518 2631 600 2693 είς
659 2630 758 2702 τὴν
821 2632 960 2688 ίδίαν
1013 2634 1204 2708 ὥσπερ
1268 2639 1533 2708 ποιότητα
1582 2642 1684 2713 τὴν
1736 2643 1975 2699 διάνοιαν

359 2724 867 2792 μεταπλάττοντος.
889 2728 1046 2783 Οὕτω
1065 2730 1197 2802 γὰρ,
1224 2727 1401 2800 οἶμαι,
1426 2735 1642 2805 νοήσεις
1678 2735 1855 2806 ὀρθῶς
1877 2739 1975 2792 καὶ

357 2815 423 2869 τὸ
443 2816 538 2870 διὰ
593 2817 688 2872 τοῦ
740 2820 954 2876 Παύλου
984 2823 1120 2895 πρός
1143 2842 1295 2888 τινας
1327 2828 1650 2898 εἰρημένον·
1691 2847 1709 2880 ι
1743 2831 1968 2894 Τεκνία.

359 2909 457 2974 οὓς
513 2911 683 2967 πάλιν
721 2912 922 2980 ὠδίνω,
980 2915 1142 2987 ἄχρις
1194 2909 1256 2971 οὗ
1319 2920 1585 2992 μορφωθῇ
1637 2923 1876 2994 Χριστὸς
1918 2926 1976 2978 ὲν

357 3003 518 3072 ύμῖν.
554 3023 572 3056 ι
614 3005 725 3058 Καὶ
760 3004 929 3060 πάλιν
956 3023 968 3036 ’
1000 3024 1019 3060 ι
1064 3009 1153 3062 Ἐν
1204 3009 1314 3081 γὰρ
1364 3011 1592 3084 Χριστῷ
1648 3014 1826 3085 Ἰησοῦ
1886 3015 1976 3070 διὰ

362 3095 458 3148 τοῦ
483 3095 824 3166 Εὑαγγελίου
852 3098 966 3168 ἐγὼ
988 3101 1133 3172 ὑμᾶς
1163 3101 1451 3174 ἐγέννησα.
1483 3122 1502 3155 ›

2076 1971 2375 2029 Sciendum
2399 1981 2484 2029 est
2500 1988 2632 2028 vero
2658 1990 2761 2029 nos
2777 1973 3036 2044 genimen
3055 1973 3285 2045 spiritus
3300 1973 3484 2029 dicere
3503 1973 3674 2032 homi-

2075 2067 2162 2121 nis
2185 2067 2464 2137 spiritum,
2502 2065 2665 2139 148
2686 2082 2794 2120 non
2819 2065 2977 2136 quasi
3005 2080 3072 2122 ex
3110 2065 3235 2136 ipso
3263 2064 3336 2120 sit
3366 2066 3670 2122 secundum

2075 2166 2332 2212 naturam
2361 2156 2456 2229 (id
2483 2158 2630 2212 enim
2655 2156 2772 2211 ﬁeri
2798 2171 3031 2226 prorsus
3065 2156 3260 2227 nequit
3285 2155 3342 2223 ),_
3365 2154 3461 2211 sed
3495 2155 3674 2225 prima

2075 2251 2297 2324 quidem
2338 2259 2394 2307 et
2435 2250 2831 2322 antiquissima
2872 2250 3108 2314 ratione,
3157 2247 3309 2320 quod
3357 2263 3455 2320 per
3489 2248 3673 2319 ipsum

2075 2341 2337 2397 nimirum
2379 2340 2433 2396 id
2463 2341 2610 2412 quod
2637 2357 2744 2396 non
2775 2348 2914 2403 erat,
2944 2347 3201 2395 vocatum
3253 2341 3328 2396 sit
3367 2339 3429 2394 in
3467 2348 3672 2404 ortum,

2076 2433 2249 2488 altera
2291 2447 2456 2500 vero,
2498 2433 2764 2488 nimirum
2809 2449 2873 2488 ex
2926 2433 3380 2505 dispensatione,
3423 2432 3570 2504 quod
3607 2433 3673 2488 ad

2075 2525 2249 2582 Deum
2295 2525 2668 2582 reformemur
2693 2543 2791 2597 per
2825 2527 3004 2596 ipsum
3029 2567 3043 2591 ,
3089 2527 3220 2582 dum
3253 2525 3451 2581 animae
3479 2524 3677 2579 chara-

2075 2626 2260 2674 cteres
2287 2632 2421 2673 suos
2451 2618 2740 2688 imprimit,
2766 2627 2822 2672 et
2852 2618 2906 2673 in
2939 2618 3245 2688 propriam,
3281 2627 3339 2672 ut
3365 2617 3438 2672 ita
3471 2617 3673 2680 dicam,

2075 2710 2397 2781 qualitatem
2454 2718 2693 2764 mentem
2740 2708 3128 2764 transformat.
3175 2707 3275 2763 Sic
3315 2708 3464 2763 enim
3504 2713 3672 2768 recte.

2075 2803 2300 2873 Opinor,
2334 2801 2612 2873 intelliges
2654 2802 2821 2858 etiam
2854 2802 2990 2856 illud
3029 2803 3175 2872 quod
3218 2816 3318 2872 per
3345 2801 3574 2855 Paulum
3609 2801 3677 2856 ad

2075 2896 2295 2966 aliquos
2323 2896 2534 2954 dictum
2558 2903 2645 2951 est
2671 2914 2684 2950 :
2717 2911 2736 2946 ι
2772 2893 2978 2960 Filioli,
3007 2909 3147 2965 quos
3177 2895 3376 2949 iterum
3401 2893 3674 2964 parturio,

2076 2988 2252 3044 donec
2287 2987 2559 3044 formetur
2608 2985 2873 3044 Christus.
2909 2986 2964 3039 in
2997 2985 3151 3050 vobis
3180 2986 3224 3038 θ.
3277 3005 3295 3038 ι
3342 2983 3472 3046 item
3510 3003 3522 3038 :
3566 3003 3584 3036 ι
3617 2982 3677 3038 in

2075 3082 2299 3146 Christo
2354 3080 2502 3136 enim
2549 3078 2680 3138 Jesu
2731 3096 2830 3152 per
2883 3079 3240 3150 Evangelium
3289 3093 3391 3148 ego
3435 3093 3534 3140 vos
3579 3093 3678 3159 ge-

2085 3177 2184 3233 nui
2217 3177 2283 3229 ¹⁰.
2332 3195 2364 3230 »κ

436 3270 534 3339 Μὴ
552 3271 876 3343 θαυμάσῃς
909 3273 1001 3329 ὅτι
1028 3270 1202 3331 εϊπόν
1220 3293 1340 3332 σοι*
1368 3277 1475 3332 Δεῖ
1495 3279 1654 3350 ὑμᾶς
1689 3283 1976 3354 γεννηθῆ-

2085 3231 2246 3338 illi,
2291 3269 2422 3336 7,3.
2468 3267 2593 3324 Non
2627 3270 2832 3326 mireris
2859 3270 2985 3341 quia
3033 3269 3149 3337 dixi
3184 3268 3302 3334 tibi,
3335 3267 3554 3338 Oportet
3592 3283 3682 3322 υοι

355 3378 462 3428 ται
492 3362 748 3418 ἄνωθεν.
783 3365 854 3420 Τὸ
891 3367 1131 3438 πνεῦμα
1169 3369 1325 3425 ὅπου
1355 3371 1515 3428 θέλει
1544 3375 1702 3440 πνεῖ,
1733 3375 1832 3428 καὶ
1862 3377 1979 3444 τὴν

355 3454 583 3523 φωνὴν
611 3458 802 3512 αὐτοῦ
829 3459 1092 3527 ἀκούεις,
1133 3463 1277 3518 ἀλλ’
1305 3467 1418 3520 οὐκ
1461 3463 1630 3535 οἶδας
1659 3471 1849 3524 πόθεν
1883 3471 1980 3540 ἐρ-

353 3565 558 3616 χεται,
591 3549 691 3604 καὶ
717 3550 842 3605 ποῦ
865 3551 1085 3624 ὑπάγει
1106 3571 1118 3584 ·
1151 3556 1343 3624 οὕτως
1376 3559 1517 3614 ἐστὶ
1550 3560 1671 3628 πᾶς
1702 3564 1734 3616 ό
1773 3579 1979 3633 rorar-

351 3639 633 3708 νημένος
661 3642 732 3694 ἐκ
762 3642 871 3697 τοῦ
897 3646 1272 3716 Πνεύματος.

449 3733 650 3805 ’Δρετὴ
702 3734 1065 3804 διδασκάλου,
1109 3739 1172 3792 τὸ
1217 3742 1485 3807 ποικίλοις
1537 3745 1804 3801 δύνασθαι
1849 3747 1981 3818 μεθ-

352 3824 579 3878 οδεύειν
607 3827 835 3897 τρόποις
876 3829 987 3882 τῶν
1019 3831 1394 3904 ἀκροωμένων
1418 3836 1512 3889 τὸν
1562 3837 1706 3902 νοῦν,
1756 3839 1854 3896 καὶ
1893 3839 1983 3896 διὰ

354 3915 584 3969 πολλῶν
619 3917 756 3972 ἰέναι
803 3919 1203 3992 θεωρημάτων,
1238 3925 1339 3990 τὰς
1389 3929 1474 4004 ἐφ’
1505 3922 1588 3993 οἷς
1619 3931 1686 3984 ἂν
1717 3932 1982 4003 φαίνηται

353 4007 643 4102 δυσχερῇς
686 4012 715 4064 ὁ
744 4011 904 4102 λόγος
943 4013 1253 4084 ἀποδείξεις
1291 4007 1720 4092 ἐπισωρεύοντα.
1754 4024 1982 4102 Δέχεται

352 4099 550 4152 τοίνυν
577 4101 643 4154 ὲκ
681 4101 1147 4174 παραδειγμάτων
1191 4107 1286 4160 τοῦ
1335 4111 1641 4182 μυστηρίου
1668 4112 1762 4168 τὸν
1787 4099 1979 4178 τύπον,

357 4187 466 4244 καί
523 4208 661 4262 φησι
685 4209 698 4222 ·
734 4193 809 4247 Τὸ
833 4196 1052 4267 πνεῦμα
1090 4200 1242 4252 τουτὶ
1267 4200 1328 4253 τὺ
1363 4202 1660 4274 ὲγκόσμιόν
1690 4223 1749 4259 τε
1780 4207 1874 4270 καὶ
1896 4208 1984 4261 ἐν·

355 4282 559 4354 οιέριον
604 4288 862 4358 περιπνεῖ
899 4289 998 4359 μὲν
1048 4290 1178 4362 ὅλην
1219 4293 1571 4365 οἰκουμένην,
1617 4297 1712 4350 καὶ
1750 4299 1983 4370 ὅποιπερ

357 4373 434 4428 ἂν
460 4373 728 4447 βούληται
778 4378 1099 4452 διαδραμὸν,
1136 4382 1332 4456 κτύπῳ
1377 4385 1526 4458 μόνῳ
1570 4385 1747 4458 παρὸν
1780 4390 1984 4459 σημαί-

355 4488 545 4536 νεται,
602 4473 699 4526 καὶ
732 4473 1080 4530 διαλανθάνει
1114 4477 1213 4549 μὲν
1251 4479 1345 4534 τὸν
1385 4480 1644 4534 ἁπάντων
1677 4481 1977 4553 ὀφθαλμὸν,

355 4566 593 4669 cup-zu;-
622 4569 680 4622 δὲ
719 4574 838 4635 τοῖς
891 4571 1111 4644 σώμασι
1157 4574 1518 4640 λεπτοτάταις
1577 4578 1978 4649 προσομιλοῦν,
2015 4611 2060 4669 Ι)

354 4661 626 4730 αἴσθησίν
654 4679 780 4718 τινα
813 4667 914 4732 τῆς
952 4665 1185 4736 ἐνούσης
1236 4667 1386 4739 αὐτῷ
1429 4672 1670 4741 φυσικῆς
1698 4671 1980 4741 ἐνεργείας

353 4752 580 4822 ἐνίησιν
606 4769 621 4782 ·
646 4752 791 4808 οὕτω
821 4773 912 4826 μοι
941 4756 1074 4822 νόει,
1101 4759 1260 4828 φησὶ,
1291 4761 1385 4813 καὶ
1415 4760 1512 4831 τὴν
1542 4761 1630 4816 διὰ
1663 4763 1981 4834 Πνεύματος

355 4842 757 4915 ἀναγέννησιν,
788 4848 852 4900 ἐκ
876 4849 1095 4920 μικρῶν
1111 4849 1574 4922 παραδειγμάτων
1589 4855 1682 4908 ἐπὶ
1707 4856 1776 4910 τὰ
1807 4855 1992 4928 μείζω,

355 4935 909 5006 χειραγωγούμενος,
953 4938 1050 4992 καὶ
1099 4939 1353 5013 καθάπερ
1390 4942 1450 4996 ἐν
1485 4943 1653 5002 εἰκόνι
1682 4943 1760 5016 τῷ
1787 4963 1978 5019 παροιτ

359 5025 556 5080 σθέντι
588 5024 734 5099 λόγῳ
770 5030 840 5084 τά
865 5031 1008 5102 ὑπὲρ
1041 5031 1300 5104 αἴσθησιν
1329 5034 1552 5090 ἐννοῶν.

452 5119 775 5188 Ἀπεκρίθη
828 5121 1202 5192 Νικόδημος,
1243 5125 1343 5178 καὶ
1378 5121 1552 5181 εἶπεν
1593 5128 1755 5192 αὐτῷ
1781 5143 1793 5156 ⁸
1835 5129 1975 5197 Πῶς

358 5210 626 5264 δύναται
666 5212 855 5266 ταῦτα
878 5212 1196 5284 γενέσθαι;
1240 5217 1560 5288 Ἀπεκρίθη
1604 5219 1838 5288 Ἰησοῦς
1871 5222 1970 5276 καὶ

359 5296 539 5354 εἶπεν
565 5293 748 5367 αὐτῷ.

441 5391 614 5444 Οὐδὲν
634 5393 663 5445 ὁ
699 5394 912 5464 μακρὸς
941 5395 1193 5468 ὠφέλησε
1220 5397 1376 5469 λόγος
1405 5399 1496 5454 τὸν
1529 5400 1590 5454 οὐ
1613 5373 1840 5455 νοοῦν-ζα
1870 5418 1976 5471 p.11-

359 5482 479 5535 δέν.
508 5481 682 5550 Σοφὸν
712 5479 806 5538 οὖν
834 5485 944 5556 ἄρα
971 5487 1030 5538 τὸ
1055 5487 1294 5559 ὲνβίόλῳ
1321 5490 1640 5562 Παροιμιῶν
1666 5490 1976 5562 εἰρημένον,

371 5593 391 5623 ι
407 5573 504 5636 Εἰς
530 5566 644 5624 ὦτα
665 5574 976 5629 ἀκουόντων
1001 5576 1151 5631 λάλει
1172 5597 1184 5608 ο
1201 5598 1219 5630 ι
1252 5579 1518 5634 καὶτοῦτο
1543 5580 1629 5634 διὰ
1653 5580 1850 5650 πείρας
1862 5579 1988 5648 ἀληα

363 5663 464 5728 θὲς
491 5663 551 5717 ὃν
581 5662 783 5729 ἔδειξεν
803 5669 831 5719 ὁ
849 5668 1060 5740 Σωτὴρ.
1089 5670 1257 5741 τύπον
1285 5673 1416 5745 ἡμῖν
1450 5673 1640 5727 ἑαυτὸν
1671 5674 1774 5726 κάν
1804 5671 1980 5750 τούτῳ

469 5845 490 5876 ’
527 5843 708 5902 Galat.
740 5861 814 5912 tv,
853 5846 934 5902 19.

2080 3363 2231 3426 nasci
2278 3362 2522 3430 desuper.
2577 3359 2813 3429 Spiritus
2868 3360 2961 3414 ubi
3001 3360 3111 3415 vult
3165 3361 3358 3431 spirat,
3413 3369 3463 3415 et
3508 3375 3683 3414 vocem

2077 3456 2192 3527 ejus
2225 3455 2402 3521 audis,
2430 3454 2521 3510 sed
2569 3455 2740 3510 nescis
2781 3453 2919 3510 unde
2949 3455 3146 3520 veniat,
3193 3464 3287 3508 aut
3329 3469 3432 3524 quo
3474 3453 3634 3520 vadet
3663 3470 3684 3508 :

2079 3551 2157 3616 sic
2177 3560 2258 3604 est
2293 3549 2464 3612 omnis
2487 3549 2578 3620 qui
2608 3549 2852 3610 nascitur
2874 3563 2940 3603 ea:
2979 3546 3228 3619 Spiritu.

2123 3731 2407 3796 hectoris
2443 3741 2620 3796 virtus
2660 3746 2776 3806 est,
2808 3737 2984 3794 variis
3024 3737 3206 3794 modis
3238 3744 3480 3792 tractare
3519 3751 3713 3808 posse.

2081 3840 2323 3889 mentem
2378 3833 2736 3900 auditorum,
2794 3832 3097 3902 multisque
3143 3831 3459 3894 rationibus
3499 3845 3684 3886 rerum

2080 3926 2588 3981 demonstrationes
2615 3924 2815 3981 aﬂ‘erre
2838 3939 2965 3995 quae
2994 3922 3251 3980 diiiiciles
3283 3933 3572 3994 apparent.
3603 3923 3686 3975 Ab

2081 4015 2356 4085 exemplis
2405 4015 2576 4086 igitur
2620 4015 2873 4086 mysterii
2929 4016 3163 4085 ﬁguram
3212 4015 3393 4085 capit,
3443 4022 3499 4070 et
3555 4015 3682 4068 ait:

2085 4106 2328 4176 Spiritus
2349 4107 2439 4162 hic
2464 4121 2660 4162 aereus
2679 4106 2874 4177 perﬂat
2898 4107 3222 4163 universum
3246 4105 3462 4171 orbem,
3479 4114 3536 4161 et
3555 4120 3683 4160 cum

2083 4198 2258 4254 libero
2291 4213 2355 4254 ac
2383 4212 2525 4270 vago
2574 4198 2780 4268 impetu
2807 4197 3105 4262 decurrat,
3155 4197 3276 4253 solo
3327 4197 3516 4251 sonitu
3565 4195 3687 4265 ejus

2085 4293 2381 4362 praesentia
2440 4291 2861 4365 comprobatur,
2912 4303 3016 4354 nec
3079 4289 3177 4344 ulli
3245 4288 3526 4353 cernitur,
3589 4287 3687 4343 sed

2086 4384 2433 4447 tenuissimis
2495 4385 2652 4446 auris
2712 4383 3048 4454 corporibus
3111 4397 3174 4446 se
3229 4382 3686 4447 communicans,

2087 4477 2362 4535 naturalis
2407 4486 2463 4532 et
2511 4478 2696 4544 insita:
2737 4476 3088 4545 efﬁcacitatis
3119 4489 3346 4531 sensum
3391 4474 3688 4545 quemdam

2087 4569 2384 4639 eis.injicit
2421 4587 2433 4626 :
2465 4568 2542 4624 ita
2585 4567 2931 4640 spiritalem,
2965 4567 3169 4637 inquit,
3201 4566 3352 4622 illam
3397 4577 3690 4636 regenera-

2091 4659 2296 4724 tionem
2343 4658 2626 4729 i_ntellige,
2665 4673 2696 4712 a
2739 4658 2999 4714 tenuibus
3050 4657 3320 4727 exemplis
3353 4656 3420 4711 ad
3474 4654 3689 4726 majora

2089 4750 2259 4821 quasi
2289 4765 2458 4813 manu
2495 4750 2730 4815 ductus,
2767 4756 2824 4804 et
2879 4749 3052 4812 allato
3105 4747 3260 4804 dicto
3315 4755 3579 4816 tanquam
3634 4749 3688 4801 in

2089 4843 2352 4914 imagine,
2389 4858 2479 4898 res
2519 4856 2644 4913 qua:
2667 4856 2893 4911 sensum
2935 4839 3216 4900 excedunt
3246 4839 3580 4913 intelligens.

2158 5109 2253 5179 lli,
2288 5111 2341 5166 9.
2385 5110 2678 5182 Respondit
2730 5111 3091 5179 Nicodamus,
3131 5121 3181 5166 et
3229 5111 3370 5167 dixit
3417 5113 3512 5168 ei:
3547 5111 3692 5178 Quo-

2089 5203 2244 5259 modo
2310 5215 2535 5275 possuut
2603 5204 2716 5261 lucc
2776 5204 2945 5274 ﬁeri?
3007 5203 3297 5274 Respondit
3365 5203 3528 5263 Jesus
3557 5247 3570 5271 ,
3641 5215 3688 5257 et

2091 5295 2230 5349 dixit
2269 5298 2338 5351 ei.
2393 5329 2395 5331 ι

2163 5388 2351 5461 Longa
2392 5391 2574 5451 oratio
2625 5390 2770 5456 nihil
2812 5389 3086 5462 potuerit
3141 5388 3472 5459 intelligenti
3525 5387 3684 5441 nihil.

2093 5482 2392 5554 Sapienter
2438 5483 2628 5556 itaque
2679 5483 2734 5538 in
2779 5483 2922 5540 libro
2957 5480 3393 5536 Proverbiorum
3433 5474 3680 5532 dicitur:

2098 5598 2118 5632 ι
2166 5578 2223 5635 In
2252 5594 2423 5637 aures
2454 5578 2798 5635 audientium
2844 5576 3078 5647 loquere
3119 5575 3183 5625 ”.
3221 5591 3239 5624 ι
3285 5569 3455 5641 quue
3489 5583 3681 5624 verum

2091 5688 2216 5730 esse
2247 5673 2634 5745 experimento
2671 5669 2928 5729 Salvator
2965 5664 3244 5730 ostendit,
3270 5662 3398 5725 dum
3438 5659 3682 5732 seipsum

1061 5852 1101 5883 ¹⁰
1131 5851 1147 5906 ί
1182 5852 1308 5912 Cur.
1345 5870 1418 5920 tv,
1465 5855 1549 5909 15.
1632 5856 1668 5888 ¹¹
1707 5855 1868 5912 Prov.
1903 5871 2040 5922 xx",
2075 5855 2160 5910 17.
