4106 6498
454 424 559 486 24⁸1

1468 418 1526 473 s.
1555 414 1833 473 cmeu
1871 413 2337 472 ALEXANDRINI
2364 384 2678 471 Auuumr.

3601 417 3706 474 ιιιε

454 550 621 606 etiam
646 548 736 604 hic
765 546 923 603 nobis
944 544 1255 617 exemplum
1281 542 1429 598 fecit.
1463 540 1584 596 Non
1616 542 1815 623 poterit
1838 548 2020 607 autem

2135 538 2323 607 διδούς.
2365 538 2510 623 Ἐξω
2564 538 2621 593 δὲ
2661 538 2877 602 πάντως
2918 538 3017 610 τῆς
3069 538 3162 592 ἐπὶ
3203 539 3280 611 τῷ
3338 537 3414 610 μὴ
3450 537 3711 595 δύνασθαι

453 641 624 713 objici
670 641 934 711 magistro
966 639 1146 708 ipsum
1193 633 1560 707 persuadendi
1618 622 1880 707 facultate
1936 648 2027 687 ca-

452 750 597 800 rere,
634 734 680 789 si
737 733 928 788 doceat
980 746 1104 803 qum
1157 737 1305 784 recta
1355 741 1480 783 esse
1534 735 1722 796 putet,
1774 724 2028 795 quamvis

456 842 567 898 prae
614 826 927 880 auditorum
969 823 1229 878 tarditate
1281 819 1418 873 nihil
1461 817 1736 889 proﬁciat.
1773 814 2026 884 Alioquin

451 908 616 976 etiam
686 919 816 971 hinc
871 915 1136 970 discimus
1194 912 1493 967 cacitatem
1538 925 1606 964 ex
1656 913 1811 978 parte
1855 906 2031 961 conti-

448 1008 598 1083 gisse
659 1008 714 1060 in
764 1005 937 1059 Israel
992 1022 1006 1059 :
1058 1021 1077 1054 ι
1128 1000 1334 1056 Audito
1386 999 1530 1054 enim
1579 996 1865 1070 audientes
1921 1010 2028 1050 non

448 1097 767 1166 intelligunt
784 1096 847 1149 ".
875 1114 894 1146 ι

528 1185 819 1267 149111,
864 1186 950 1241 10.
997 1188 1070 1239 Tu
1114 1202 1169 1239 es
1212 1185 1457 1257 magister
1501 1182 1552 1235 in
1596 1179 1796 1257 Israel,
1839 1188 1887 1232 et
1922 1178 2030 1247 (nec

452 1279 667 1351 ignoras
686 1281 713 1334 .7

525 1370 604 1424 Ex
651 1385 763 1426 uno
812 1360 1070 1426 Christus
1117 1385 1310 1424 omnes
1366 1368 1581 1441 arguit,
1638 1367 2027 1437 magistrorum

454 1462 675 1538 quidem
698 1462 920 1541 nomine
945 1469 1271 1541 ornatos,'ct
1303 1460 1447 1512 nuda
1479 1457 1738 1529 opinione
1762 1453 2030 1509 doctrinm

456 1555 648 1627 legalis
687 1554 995 1625 redimitos,
1025 1553 1118 1608 sed
1147 1562 1293 1606 tanta
1328 1552 1541 1607 inscitia
1570 1566 1633 1605 ac
1664 1558 1888 1622 stupore
1914 1548 2032 1618 ple-

457 1664 579 1715 nos,
628 1657 689 1702 ut
729 1646 868 1702 nihil
917 1646 1097 1721 sciant
1141 1661 1335 1700 eorum
1384 1661 1506 1716 qua:
1559 1644 1704 1715 scire
1748 1641 2028 1705 convenit,

455 1738 655 1797 nedum
702 1738 849 1811 alios
888 1738 1122 1817 edocere
1171 1745 1399 1808 queant.
1448 1735 1607 1811 Quod
1639 1736 1684 1793 si
1716 1731 2027 1799 istiusmodi

454 1838 540 1886 est
573 1829 665 1901 qui
698 1828 859 1886 docet
881 1830 1044 1894 alios,
1072 1832 1269 1900 quales
1301 1830 1517 1885 deruunt
1552 1835 1717 1883 erunt
1747 1825 2027 1897 discipuli,

2133 649 2199 685 πε
2210 631 2339 707 ίϐειν
2362 631 2539 695 αἰτίας
2567 632 2595 683 ὁ
2624 630 2890 684 διδάσκων
2917 629 3178 695 κείσεται,
3207 630 3380 699 λέγων
3417 629 3516 701 μὲν
3545 631 3707 696 αὐτὸς

2132 721 2276 792 ᾇπερ
2300 721 2364 775 ἂν
2395 721 2538 791 ἔχειν
2577 721 2756 789 οἴηται
2801 719 3003 785 καλῶς,
3060 720 3283 791 ὠφελῶν
3331 722 3389 775 δὲ
3426 722 3593 795 μηδὲν
3618 722 3711 778 διὰ

2132 812 2190 864 τὸ
2242 812 2349 866 τῶν
2404 812 2770 883 ἀκροωμένων
2812 810 3104 882 δυσμαθές.
3162 811 3370 875 ἸΔλλως
3406 830 3466 865 τε
3496 814 3590 867 καὶ
3617 813 3709 868 διὰ

2129 903 2319 956 τούτου
2350 891 2713 973 μανθάνομεν,
2738 904 2822 957 ὅτι
2852 903 3109 974 πώρωσις
3125 903 3347 973 γέγονεν
3373 903 3481 957 ἀπὸ
3504 903 3708 976 μέρους

2130 995 2208 1065 τῷ
2241 997 2473 1067 Ἰσραήλ.
2508 1015 2527 1046 ι
2594 996 2754 1067 Ἀκοῇ
2799 997 2909 1066 γὰρ
2950 996 3236 1061 ἀκούοντες
3272 998 3332 1050 οὺ
3376 999 3637 1053 συνιᾶσιν.
3679 1016 3700 1052 ι

2204 1174 2288 1225 Σὺ
2322 1169 2378 1226 εί
2404 1176 2436 1226 ὁ
2459 1172 2829 1237 διδάσκαλος
2873 1172 2977 1226 τοῦ
3018 1164 3275 1242 Ἰσραὴλ,
3300 1175 3398 1228 καὶ
3426 1174 3610 1229 ταῦτα
3631 1176 3705 1230 οὐ

2132 1263 2443 1333 γινώσκεις
2464 1281 2484 1336 ί

2215 1354 2304 1422 Ἐξ
2326 1357 2442 1419 ἐνὸς
2502 1357 2747 1421 ἅπαντας
2800 1357 3013 1428 ἐλέγχει
3056 1356 3312 1429 Χριστὸς,
3340 1356 3568 1432 ὀνόματι
3606 1356 3711 1428 μὲν

2130 1444 2208 1514 τῷ
2265 1443 2627 1516 διδασκαλικῷ
2666 1448 3171 1519 περιηνθισμένους,
3208 1450 3302 1502 καὶ
3340 1447 3709 1525 νομομαθείας

2132 1537 2401 1608 ὑπόληψιν
2463 1540 2870 1611 ἠμφιεσμένους
2936 1541 3171 1613 γυμνὴν,
3241 1539 3592 1602 ἀπαιδευσίας
3650 1538 3712 1610 δὲ⁴

2130 1628 2415 1682 ἀνάπλεων
2438 1629 2735 1702 φοροῦντας
2768 1630 2859 1683 τὸν
2889 1629 3035 1695 νοῦν,
3076 1630 3170 1684 καὶ
3198 1629 3433 1684 συνιέναι
3468 1629 3708 1701 δυναμέέ

2131 1733 2254 1782 νους
2275 1717 2429 1771 οὐδὲν
2457 1718 2566 1771 τῶν
2595 1718 2804 1789 ὅσαπερ
2848 1720 3046 1791 αὐτοὺς
3080 1719 3178 1790 οὐχ
3204 1718 3349 1782 ὅπως
3391 1718 3560 1789 ἐχρῆν
3585 1717 3706 1771 ἐπί-

2134 1810 2359 1864 στασθαι
2382 1811 2562 1881 μόνον,
2590 1811 2703 1863 ἀλλ’
2734 1811 2833 1883 ἤδη
2873 1811 3135 1883 δύνασθαι
3172 1812 3264 1865 καὶ
3294 1811 3567 1865 διδάσκειν
3592 1810 3709 1869 ἐτέτ

453 1898 950 1991 cum'discipulus,
980 1898 1136 1989 juxta
1167 1920 1471 1974 Salv-amris
1510 1920 1868 1981 sententiam,
1915 1934 2024 1989 non

2135 1919 2274 1974 ρους.
2300 1903 2364 1956 El
2387 1902 2441 1955 δὲ
2471 1903 2500 1956 ό
2528 1902 2802 1956 παιδεύων
2825 1905 2883 1957 ὲν
2904 1904 3137 1971 τούτοις,
3168 1906 3224 1957 ὲν
3248 1904 3389 1977 τίσιν
3409 1901 3445 1975 ό
3466 1901 3711 1975 παιδευό-

453 2013 525 2067 sit
572 2000 838 2083 magistro
890 2013 1237 2089 superiorh
1277 2011 1395 2066 Non
1452 2021 1535 2069 est
1588 2012 1775 2083 enim,
1826 2010 2026 2081 inquit,

453 2102 760 2179 discipulus
787 2117 952 2179 supra
980 2103 1303 2173 magistrum
1337 2118 1497 2158 suum
1524 2103 1589 2155 ¹⁹.
1630 2122 1648 2153 ι
1686 2101 1821 2156 Cum
1845 2108 2027 2174 autem

455 2194 509 2248 in
563 2200 717 2248 tanta
766 2182 1058 2253 verSentur
1106 2195 1436 2265 ignorantia,
1474 2209 1599 2248 vere
1639 2192 1895 2248 Christus
1929 2208 2026 2248 eos

457 2284 729 2356 sepulcris
770 2285 1043 2361 d‘ealliatis
1084 2285 1292 2340 similes
1318 2269 1445 2340 csse
1475 2284 1613 2339 dicit
1648 2285 1747 2339 ¹³”.
1805 2282 1871 2338 Et
1893 2284 2029 2340 scite

457 2392 678 2448 quoque
718 2374 924 2431 Paulus
963 2376 1027 2431 ad
1077 2374 1386 2433 Iuda-orum
1431 2377 1734 2447 principem
1782 2400 1801 2454 :A
1836 2396 1854 2427 ι
1891 2374 2025 2454 Ροε-

459 2467 631 2529 cutict
659 2473 712 2522 te
746 2465 913 2531 Deus,
948 2466 1129 2536 paries
1158 2467 1409 2522 dealbate
1443 2466 1509 2539 ’⁸,
1550 2488 1567 2537 ι
1794 2450 1801 2458 ’

529 2722 620 2789 111,
660 2726 746 2780 ﬂ.
788 2724 974 2791 Amen,
1006 2743 1154 2781 amen
1181 2729 1298 2781 dico
1332 2725 1449 2791 tibi,
1490 2726 1618 2797 quia
1651 2724 1792 2798 quod
1831 2725 2029 2780 scimus

456 2817 744 2887 toquimur,
779 2835 831 2874 et
855 2820 994 2890 quod
1021 2820 1248 2874 uidimus
1279 2828 1560 2875 testamur.

531 2910 848 2981 lmperilum
886 2922 939 2968 et
971 2913 1178 2985 oppido
1214 2911 1403 2967 rudem
1431 2911 1700 2983 comperit
1729 2911 2030 2981 hominem,

460 3000 664 3070 quique
706 3015 817 3072 prze
864 3002 1037 3057 multa
1090 2999 1296 3071 ingenii
1333 2998 1585 3056 crassitie
1617 2999 1685 3054 ad
1721 2998 2031 3053 divinorum

452 3092 777 3163 'dogmatum
840 3093 1392 3164 comprehensionem
1456 3093 1772 3148 nullatenus
1833 3086 2033 3145 deduci

2133 2011 2309 2065 μενος,
2334 1995 2432 2065 οὐχ
2464 1995 2848 2067 ὑπεραίροντος
2879 1995 3122 2066 μαθητοῦ
3158 1992 3252 2063 τοῦ
3298 1992 3617 2061 διδασκάλου
3645 1993 3711 2045 τδ

2132 2085 2351 2157 μέτρον,
2382 2085 2525 2140 κατὰ
2567 2086 2666 2158 τὴν
2718 2084 2815 2138 τοῦ
2848 2086 3098 2157 Σωτῆρος
3138 2086 3352 2157 φωνήν;
3390 2103 3408 2137 ι
3445 2083 3560 2136 Ούκ
3593 2082 3711 2135 ἐστι

2130 2175 2260 2247 γὰρ,
2314 2176 2468 2246 φησι,
2530 2175 2777 2247 μαθητὴς
2812 2175 2951 2250 ὑπὲρ
2986 2174 3077 2229 τὸν
3112 2175 3428 2229 διδάσκαλον
3474 2172 3659 2241 αὑτοῦ.
3685 2191 3705 2225 ι

2140 2262 2360 2335 Ἐπειδὴ
2404 2262 2461 2317 δὲ
2511 2263 2685 2328 οὕτως
2727 2260 2867 2336 ἦσαν
2902 2265 3154 2335 ἀμαθεῖς,
3194 2265 3484 2337 ἁψευδήσει
3535 2262 3636 2334 μὲν
3682 2264 3714 2315 ό

2129 2353 2386 2423 Χριστὸς,
2443 2353 2637 2423 τάφοις
2683 2355 2880 2418 αὐτοὺς
2936 2342 3344 2425 κεκονιαμένοις
3408 2351 3709 2424 ὲξομοιῶψ

2130 2443 2450 2495 ἁστειότατα
2480 2442 2536 2495 δὲ
2560 2445 2653 2497 καὶ⁸
2685 2446 2713 2497 ὁ
2746 2441 2955 2506 Παῦλος
2978 2444 3094 2514 ἐρεῖ
3127 2444 3264 2514 πρὸς
3286 2443 3377 2497 τὸν
3415 2441 3523 2496 τῶν
3572 2442 3712 2496 ’1ου-

2130 2534 2294 2593 δαίων
2324 2533 2622 2606 ἡγούμενον
2648 2553 2658 2565 ·
2691 2554 2708 2586 ι
2742 2535 2978 2589 Τύπτειν
3011 2552 3070 2589 σε
3098 2534 3281 2606 μέλλει
3321 2536 3349 2588 ό
3376 2534 3532 2599 Θεὸς,
3561 2537 3713 2607 τοῖχε

2132 2628 2507 2700 κεκονιαμένε.
2548 2649 2567 2681 ι

2216 2720 2418 2790 Ἀμὴν,
2445 2720 2608 2791 ἀμὴν
2619 2721 2774 2790 λέγω
2790 2738 2911 2785 σοι,
2934 2720 3021 2774 ὅτι
3051 2720 3082 2773 δ
3099 2719 3349 2790 οἴδαμεν
3367 2716 3709 2795 λαλοῦμεν,

2133 2813 2231 2869 καί
2257 2812 2288 2866 ὃ
2312 2811 2653 2883 ἑωράκαμεν
2667 2813 3105 2884 μαρτυροῦμεν.

2217 2903 2548 2975 Ἀφιλομαθῆ
2609 2904 2706 2958 καὶ
2759 2904 2881 2958 λίαν
2938 2903 3261 2958 ἀπαίδευτον
3317 2902 3561 2975 εὑρίσκει
3618 2901 3716 2956 τὸν

2134 2994 2437 3068 ἄνθρωπον,
2465 2994 2559 3048 καὶ
2604 2994 2693 3048 διὰ
2729 2993 2927 3064 πολλὴν
2966 2993 3256 3064 παχύτητα
3287 2992 3401 3059 νοῦ,
3435 2991 3573 3063 πρὸς
3604 2990 3716 3062 τὴν

2134 3085 2242 3140 τῶν
2275 3086 2435 3140 θείων
2472 3087 2758 3158 δογμάτων
2799 3086 3125 3158 κατάληψιν,
3171 3084 3568 3157 οὐδαμόθενέτι
3596 3102 3717 3155 χει-

457 3192 643 3252 queat,
679 3185 867 3238 multis
900 3184 1034 3239 licet
1076 3185 1261 3241 verbis
1288 3186 1661 3257 exemplisque
1697 3183 1868 3239 v'ariis
1892 3183 1947 3236 in
1979 3179 2033 3234 id

2138 3178 2505 3250 ραγωγεῖσθαι
2538 3178 2856 3248 δυνάμενον,
2890 3178 3068 3232 καίτοι
3114 3176 3325 3249 μακροῦ
3358 3177 3450 3231 καὶ
3470 3176 3558 3231 διὰ
3587 3193 3717 3229 ποι⁴

450 3273 780 3343 insumptis.
819 3271 977 3328 Unde
1016 3275 1341 3330 accuratiori
1374 3276 1721 3346 expositione
1740 3274 1866 3344 jure
1896 3288 2033 3342 pra:-

2137 3270 2303 3323 κίλων
2347 3268 2807 3340 παραδειγμάτων
2867 3267 3268 3341 δαπανηθέντος
3321 3267 3500 3337 λόγου.
3548 3265 3719 3320 Ὂοεν

458 3364 750 3427 termissa,
799 3364 1038 3435 simplici
1077 3365 1180 3420 ﬁde
1225 3366 1603 3439 accipiendum
1646 3379 1771 3421 esse
1814 3364 2033 3419 demum

456 3455 728 3521 consulit,
758 3455 907 3525 quod
942 3456 1245 3527 intelligere
1275 3468 1549 3528 nequeat:
1582 3463 1814 3511 testatur
1850 3462 2033 3510 autem

462 3543 582 3614 ipse
619 3545 768 3599 clare
801 3545 945 3600 scire
981 3561 1042 3602 se
1086 3546 1231 3616 quod
1274 3547 1430 3612 dicit,
1475 3546 1651 3615 ipsius
1678 3559 1817 3615 pene
1851 3545 2035 3600 vultus

462 3643 728 3704 aspectu,
773 3637 1071 3692 ostendens
1118 3652 1284 3708 porro
1347 3636 1876 3707 periculosissimum
1912 3649 2037 3691 esse

460 3725 866 3783 contradicere.
909 3726 1029 3783 Non
1061 3731 1207 3785 enim
1239 3729 1506 3784 credibile
1534 3736 1652 3782 erat
1679 3724 2033 3783 Nlcodemum

461 3817 693 3871 oblitum
717 3834 839 3874 esse
864 3821 982 3889 ejus
1008 3821 1155 3891 quod
1183 3821 1253 3876 de
1281 3820 1507 3875 Christo
1536 3817 1821 3875 Salvatore
1846 3827 2036 3874 nostro

464 3916 779 3975 asseverat,
821 3910 1082 3964 nimirum
1138 3924 1169 3963 a
1227 3907 1339 3963 Deo
1378 3908 1557 3978 ipsum
1601 3906 1816 3963 venisse
1861 3905 2038 3975 magi-

462 4008 662 4052 strum.
714 3996 991 4057 Besistere
1020 4017 1154 4057 vero
1198 4000 1249 4055 ei
1296 3999 1392 4069 qui
1432 4015 1463 4055 a
1511 3997 1621 4055 Deo
1645 4006 1701 4054 et
1749 4000 1891 4055 Deus
1941 3998 2034 4064 sit,

462 4089 739 4157 quomodo
779 4091 1004 4161 βοείοιίὶ
1039 4092 1262 4164 plenum
1293 4106 1402 4146 non
1448 4090 1658 4148 fuerit?
1692 4091 1842 4147 Istud
1889 4091 2035 4146 enim

460 4181 680 4236 videtur
749 4198 875 4240 esse
939 4199 1067 4240 eum
1133 4183 1246 4239 Deo
1311 4199 1574 4256 pugnare.
1642 4183 2033 4240 Verumtamen

461 4272 786 4329 discendum
819 4276 949 4370 lijnc
988 4275 1155 4331 nobis
1180 4284 1290 4343 est,
1314 4291 1481 4347 penes
1506 4292 1653 4349 quos
1670 4284 1768 4332 est
1799 4273 2034 4331 docendi

462 4371 727 4435 potestas,
756 4365 934 4423 satius
972 4382 1100 4423 esse
1136 4365 1301 4422 ﬁdem
1350 4368 1699 4439 simplicibus
1726 4365 2037 4422 rationibus

461 4465 810 4514 constantem
841 4457 1061 4513 tradere
1086 4459 1400 4529 neopliytis,
1430 4473 1594 4529 quam
1625 4458 1792 4511 altum
1824 4471 2029 4512 sermo.

2134 3364 2360 3427 εἰκότως
2391 3363 2452 3415 τὸ
2474 3362 2543 3417 δι’
2561 3361 2847 3432 ἀκριϐείας
2873 3360 3182 3432 ἐξηγεῖσθαι
3211 3361 3426 3432 παρεὶς,
3456 3361 3720 3431 ἀπεριερ-

2133 3457 2321 3526 γάστῳ
2356 3458 2423 3526 τῇ
2456 3455 2634 3509 πίστει
2668 3454 2848 3508 λοιπὸν
2885 3452 3241 3525 συμϐουλεύει
3272 3453 3463 3525 χρῆναι
3502 3451 3716 3512 λαϐεῖν.

2134 3546 2163 3599 ὂ
2185 3548 2326 3599 νοεῖν
2341 3544 2404 3598 ού
2431 3544 2654 3599 δύναται
2676 3562 2691 3578 ·
2722 3547 2992 3617 μαρτυρεῖ
3009 3544 3065 3597 δὲ
3094 3544 3255 3608 αὐτὸς
3281 3544 3480 3596 εἰδέναι
3529 3542 3720 3611 σαφῶς

2135 3635 2163 3689 δ
2197 3635 2369 3704 λέγει,
2406 3638 2473 3707 τῇ
2502 3634 2594 3689 τοῦ
2628 3635 2919 3707 προσώπου
2951 3635 3302 3707 περιφάνεια,
3327 3635 3388 3686 τὸ
3414 3633 3719 3701 ἀντιλέγειν

2136 3727 2216 3781 ἔτι
2245 3727 2506 3782 δεικνύων
2537 3727 3002 3798 ἐπισφαλέστατον
3023 3742 3039 3757 ο
3074 3728 3137 3780 οὐ
3165 3726 3277 3798 γὰρ
3307 3723 3375 3798 ῆν
3415 3726 3563 3790 εἰκὸς
3595 3727 3719 3778 ὲπι-

2135 3820 2392 3891 λελῆσθαι
2441 3820 2775 3891 Νικόδημον,
2837 3820 2896 3883 ὃς
2930 3820 3129 3874 ειδέναι
3183 3820 3553 3891 διισχυρίσατο
3590 3817 3720 3888 περὶ

2135 3912 2230 3966 τοῦ
2256 3913 2507 3984 Σωτῆρος
2535 3915 2567 3982 ἡ
2578 3911 2693 3983 μῶν
2718 3911 2979 3984 Χριστοῦ,
3019 3912 3101 3965 ὅτι
3135 3910 3287 3979 παρὰ
3317 3909 3454 3965 Θεοῦ
3492 3898 3720 3981 ἐλήλυθε

2134 4005 2451 4070 διδάσκαλος
2472 4022 2487 4040 ε
2508 4006 2569 4058 τὸ
2593 4006 2651 4059 δὲ
2680 4004 2998 4060 ἀντιτείνειν
3021 4004 3101 4075 τῷ
3125 4004 3275 4076 παρὰ
3293 4003 3428 4056 Θεοῦ
3455 4003 3550 4056 καὶ
3575 4001 3719 4073 Θεῷ,

2137 4096 2255 4160 πῶς
2279 4098 2379 4149 ούκ
2406 4097 2472 4150 ἂν
2497 4096 2706 4165 γένοιτο
2727 4095 2975 4150 κινδύνου
3004 4098 3201 4167 μεστόν
3225 4111 3240 4162 ;
3294 4094 3573 4167 Θεομαχία
3611 4096 3722 4167 γὰρ

2135 4188 2236 4261 ἤδη
2263 4190 2326 4243 τὸ
2363 4190 2597 4259 πρᾶγμα
2625 4188 2901 4257 φαίνεται.
2927 4189 3075 4260 Πλὴν
3100 4187 3273 4257 ἰστέον
3296 4187 3544 4242 ἐντεῦθεν
3565 4190 3719 4271 ἡμῖν,

2136 4281 2296 4352 οἵπερ
2322 4278 2387 4334 ἂν
2412 4279 2630 4351 ἔχοιμεν
2649 4279 2745 4333 τοῦ
2761 4279 3036 4333 διδάσκειν
3058 4280 3158 4351 τὴν
3180 4278 3451 4346 ἐξουσίαν,
3485 4279 3568 4334 ὅτι
3606 4281 3719 4343 τοῖς

2137 4372 2339 4442 ἀρτίως
2377 4372 2471 4425 ἐπὶ
2514 4371 2577 4424 τὸ
2625 4370 2904 4424 πιστεύειν
2961 4371 3130 4425 ἰοῦσιν
3189 4370 3431 4443 ἀμείνων
3465 4372 3499 4442 ή
3538 4370 3721 4429 πίστις

2140 4470 2199 4521 ὲν
2223 4466 2413 4531 ἁπλοῖς
2442 4467 2745 4538 λογισμοῖς,
2776 4465 2810 4537 ἢ
2842 4464 3009 4535 βαθύς
3034 4481 3120 4529 τις
3152 4463 3333 4532 λόγος,
3377 4461 3472 4517 καὶ
3500 4478 3722 4535 περιερ-

462 4562 586 4601 item
631 4556 686 4604 et
727 4565 1018 4620 operosam
1050 4551 1474 4621 expositionem.
1527 4549 1594 4604 Et
1637 4557 1787 4604 certe
1835 4546 2037 4603 Paulus

2140 4556 2341 4628 γοτέρα
2366 4555 2565 4625 μᾶλλον
2602 4554 2881 4627 ἐξήγησις.
2936 4554 3171 4608 Γάλακτι
3221 4553 3277 4606 δὲ
3311 4552 3405 4607 καὶ
3442 4554 3471 4606 ὁ
3509 4551 3722 4614 Παῦλος

462 4641 579 4708 ipse
622 4640 706 4695 lac
736 4653 924 4711 potum
958 4641 1126 4697 dabat
1175 4644 1244 4699 iis
1271 4644 1364 4713 qui
1395 4642 1590 4700 solidis
1619 4642 1761 4697 cibis
1792 4639 2034 4695 nondum

463 4732 539 4785 uti
573 4740 828 4801 poterant
857 4734 925 4791 υ.
960 4733 1027 4788 Et
1059 4736 1506 4804 sapientissimus
1540 4734 1799 4790 Salomon
1833 4731 2035 4787 alicubi

462 4824 626 4878 nobis
663 4825 742 4880 ait
776 4843 793 4878 :
828 4844 846 4877 ι
889 4824 1188 4882 Evidenter
1236 4841 1540 4896 cognosces
1591 4826 1806 4880 animas
1852 4825 2035 4895 gregis

463 4913 542 4967 tui
576 4913 620 4945 “
652 4934 664 4970 :
701 4933 720 4966 ›
757 4915 948 4971 volens
969 4915 1279 4970 doctrinam
1300 4931 1408 4971 non
1427 4930 1550 4972 esse
1578 4913 1898 4986 promiscue
1924 4920 2037 4966 tra-

461 5006 696 5061 dcndam
723 5007 922 5070 cuivis,
954 5006 1051 5064 sed
1097 5007 1538 5079 uniuscujusque
1589 5006 1773 5079 captui
1822 5021 2040 5062 accom-

460 5096 754 5154 inodatam.
1348 5086 1359 5093 ’

538 5190 700 5262 150
736 5189 825 5256 111,
869 5192 955 5248 ‘ll.
1000 5192 1071 5248 Et
1094 5196 1450 5250 testimonium
1478 5202 1715 5249 nostrum
1750 5210 1855 5249 non
1895 5192 2039 5246 acci-

460 5282 609 5349 pilis.

532 5370 590 5425 in
620 5373 818 5441 plurali
846 5390 1077 5433 numero
1099 5377 1255 5433 testis
1277 5390 1570 5448 personam
1600 5374 1862 5431 Servatur
1882 5384 2037 5431 extu-

462 5463 543 5521 lit.
583 5471 709 5531 puta
752 5467 903 5535 quod
953 5467 1009 5522 in
1045 5469 1233 5539 seipso
1279 5469 1493 5525 Patrem
1539 5469 1737 5525 habeat
1768 5483 1831 5522 ac
1863 5465 2038 5538 Spiri—

461 5561 577 5605 tum
609 5565 802 5611 natura
834 5577 848 5612 :
878 5567 941 5613 ut
969 5560 1379 5630 quodammodo
1419 5561 1581 5633 juxta
1630 5562 1801 5632 legem
1835 5559 2035 5613 Mosaio

461 5656 606 5707 nam,
637 5646 690 5700 in
719 5662 815 5704 ore
843 5650 1077 5706 duorum
1097 5652 1331 5708 ettrium
1357 5655 1575 5709 testium
1601 5655 1826 5710 verbum
1850 5654 2033 5707 firme-

537 5805 579 5835 "
607 5805 763 5863 Rom.
784 5826 859 5875 χι,
888 5809 939 5864 8.

1020 5812 1455 5880 “Matth.x,24.
1536 5810 1809 5877 “'Matth
1854 5810 2114 5868 “"1027.
2184 5809 2609 5872 “Actxxuuﬁ.

2143 4647 2363 4712 ὲπότιζέ
2412 4664 2586 4712 τινας,
2627 4645 2784 4700 οὔπω
2827 4646 3163 4715 δυναμένους
3191 4644 3301 4696 τῶν
3339 4640 3722 4713 στερεωτέρων

2146 4740 2419 4811 μετίσχειν
2438 4739 2741 4811 βρωμάτων
2756 4756 2769 4771 ⁸
2799 4739 2892 4794 καὶ
2916 4736 3241 4801 «Γνωστῶςο
3262 4736 3319 4791 δὲ
3336 4735 3519 4800 πάλιν,
3545 4755 3565 4789 ι
3604 4738 3723 4789 ὲπι·

2144 4830 2329 4903 γνώσῃ
2360 4832 2535 4909 ψυγᾲς
2570 4833 2823 4903 ποιμνίου
2879 4849 2995 4897 σου,
3024 4848 3043 4884 ι
3077 4830 3214 4903 πρὸς
3238 4830 3390 4901 ἡμᾶς
3419 4827 3523 4882 πού
3558 4843 3723 4897 φησιν

2144 4927 2174 4978 ό
2198 4924 2505 4994 σοφώτατος
2555 4923 2806 4994 Σολομὼν
2825 4941 2841 4956 ο
2890 4923 2989 4977 οὐκ
3047 4921 3363 4994 ἀδιάκριτον
3410 4922 3522 4984 τοῖς
3555 4936 3724 4989 προσ·

2147 5016 2286 5071 ιοῦσι
2353 5016 2443 5070 τὸν
2493 5016 2873 5070 διδασκαλικὸν
2926 5015 3131 5070 ἐθέλων
3183 5012 3507 5089 προκεῖσθαι
3544 5012 3723 5083 λόγον,

2144 5109 2282 5163 ἀλλὰ
2320 5113 2433 5173 τοῖς
2464 5108 2698 5163 ἑκάστου
2729 5108 2951 5180 μέτροις
2980 5107 3260 5175 ἀναλόγως
3280 5105 3721 5178 ὲφηρμοσμένον.

2216 5201 2327 5255 Καὶ
2356 5201 2470 5270 τὴν
2482 5203 2818 5271 μαρτυρίαν
2852 5198 3022 5269 ἡμῶν
3046 5200 3118 5254 οὐ
3157 5198 3511 5270 λαμϐάνετε.

2227 5377 2314 5439 Ὠς
2357 5375 2497 5446 ἔχων
2559 5377 2616 5429 ἐν
2672 5374 2851 5447 ἑαυτῷ
2891 5376 2983 5431 τὸν
3015 5376 3239 5447 Πατέρα
3266 5376 3361 5429 καὶ
3393 5375 3456 5428 τὸ
3495 5371 3722 5447 Πνεῦμα

2142 5468 2407 5538 φυσικῶς,
2467 5470 2547 5532 είς
2592 5466 2957 5539 πληθυντικὸν
3010 5467 3245 5540 ἀριθμὸν
3270 5469 3331 5524 τὸ
3375 5465 3484 5521 τῶν
3516 5481 3721 5537 μαρτυ-

2144 5559 2380 5631 ρούντων
2420 5559 2709 5631 πρόσωπον
2769 5557 3033 5625 ἐξέτεινεν
3076 5562 3106 5612 ό
3137 5560 3329 5632 Σωτήρ
3354 5574 3367 5588 ·
3402 5559 3488 5610 ἵνα
3520 5555 3719 5624 τρόπον

2141 5650 2286 5717 τινὰ,
2313 5652 2453 5704 κατὰ
2469 5651 2556 5704 τὸν
2582 5650 2837 5714 Μωσέως
2871 5649 3056 5720 νόμον,
3093 5651 3185 5703 ἐπὶ
3214 5649 3481 5718 στόματος
3509 5645 3604 5699 δύο
3628 5644 3720 5699 καὶ

2692 5812 2735 5861 ‘5.
2766 5808 2927 5864 lCur.
2959 5807 3109 5873 1",?"
3180 5807 3220 5849 ι’
3251 5804 3410 5861 Prov.
3434 5796 3716 5867 ιινιτ,25.
