4106 6502
298 396 416 456 Ξίῡ

1374 382 1451 457 in
1483 396 1775 460 .lOANNlS
1809 404 2261 464 nuncnum
2296 372 2430 465 Lux.
2472 376 2553 467 ιι(

3492 421 3601 479 250

297 517 480 589 τριῶν
510 516 808 589 μαρτύρων
833 498 1184 592 ,κρατύνηται
1216 517 1278 572 τὸ
1319 492 1630 594 εἰρημένον.
1665 525 1911 597 osseus.

2017 536 2130 583 tur.
2153 528 2411 593 Ostendit
2428 541 2611 588 autem
2630 531 2848 590 hnlaeos
2871 535 3104 592 salutem
3125 538 3290 608 plane
3315 552 3599 608 respuere,

296 609 402 663 θεν
440 609 497 662 δὲ
525 608 664 672 ὅλως
694 608 1073 675 ἀνασώζεσθαι
1101 609 1356 676 θέλοντας
1409 614 1740 670 ἐπιδεικνύει
1782 618 1911 682 τοὺς

2014 631 2067 676 et
2097 620 2365 677 eil'renato
2396 631 2560 694 atque
2588 628 2883 683 temerario
2916 629 3121 700 impetu
3169 630 3225 684 in
3262 628 3601 700 profundum

311 702 642 766 Ἰουδαίους,
688 701 970 771 ἁχαλίνοις
1001 703 1057 757 δὲ
1095 702 1285 769 ἁπλῶς
1332 704 1428 759 καὶ
1476 709 1910 778 ἀπερισκέπτως

2014 714 2340 785 perditionis
2382 717 2703 773 barathrum
2756 719 2910 775 ferri.
2965 719 3022 775 Si
3054 721 3205 776 enim
3258 736 3371 793 prae
3427 723 3601 777 multa

293 796 511 864 ὁρμαῖς
546 795 638 847 ἐπὶ
665 794 728 846 τὸ
752 793 892 865 βαθὺ
929 798 1029 868 τῆς
1061 795 1338 862 ἀπωλείας
1366 799 1704 869 φερομένους
1734 800 1909 874 βάρα-

295 885 438 955 θρον
456 902 469 913 ·
502 887 551 938 εἰ
578 885 689 957 γὰρ
724 888 862 958 μήτε
885 890 1023 941 νοεῖν
1062 888 1338 959 ἰσχύουσιν
1352 890 1416 944 ἐκ
1441 892 1642 963 πολλῆς
1666 894 1909 965 ἀμαθίας

292 981 362 1030 τὸ
386 980 819 1049 κηρυττόμενον,
860 981 998 1051 μήτε
1033 981 1216 1036 πίστει
1259 983 1537 1038 ποιοῦνται
1574 985 1784 1052 δεκτόν,
1821 987 1906 1052 τίς

295 1070 368 1123 ἂν
392 1072 586 1134 αὐτοῖς
617 1073 895 1144 σωτηρίας
932 1072 1120 1146 ἕτερος
1173 1075 1484 1149 ἐπινοηθείη
1524 1077 1767 1149 epeia-tog;
1800 1079 1910 1131 Κα-

296 1163 410 1227 λῶς
437 1164 507 1235 δὴ
537 1161 653 1229 οὖν,
684 1165 781 1218 καὶ
815 1166 962 1237 μάλα
990 1167 1219 1231 δικαίως
1251 1169 1661 1241 ἀναπολόγητον
1689 1170 1910 1233 ἔσεσθαι

296 1255 401 1324 τὴν
448 1255 815 1328 Ἰερουσαλὴμ
857 1257 1099 1328 ἔφασκεν
1134 1262 1163 1314 ὁ
1210 1260 1424 1333 Σωτὴρ,
1464 1260 1541 1325 ὡς
1575 1262 1908 1335 αὐτόκλητον

292 1346 387 1414 ἐφ’
414 1347 625 1418 ἑαυτὴν
648 1347 1008 1421 ἀρτιάζουσαν
1033 1351 1279 1423 ὄλεθρον.
1300 1371 1319 1403 ι
1375 1353 1737 1426 Ἰερουσαλὴμ
1770 1355 1904 1428 γὰρ,

307 1439 706 1511 Ἰερουσαλὴμ,
744 1441 935 1511 φησὶν,
958 1445 993 1513 ἡ
1012 1444 1409 1498 ἀποκτείνουσα
1443 1447 1570 1509 τοὺς
1596 1449 1902 1519 προφήτας,

292 1535 404 1586 καὶ
416 1535 769 1590 λιθοϐολοῦσα
784 1538 914 1602 τοὺς
924 1539 1372 1605 ἀπεσταλμένους
1386 1540 1521 1612 πρὸς
1533 1540 1724 1612 αὐτὴν,
1742 1541 1909 1601 ποσά-

294 1645 397 1691 zz;
432 1628 674 1699 ἠθέλησα
702 1632 1138 1701 ἐπισυναγαγεῖν
1165 1631 1238 1686 τὰ
1265 1632 1434 1687 τέκνα
1462 1651 1579 1700 σου,
1608 1634 1669 1689 ὃν
1702 1635 1906 1705 τρόπον

2012 807 2233 864 inscitia
2266 809 2573 881 intelligere
2602 820 2888 883 nequeunt
2928 813 3074 884 quod
3104 812 3463 884 pmdicatur,
3496 829 3603 871 nec

2012 898 2117 956 tide
2144 900 2430 980 suscipere
2461 902 2672 969 volunt,
2703 920 2867 974 quam
2916 904 3137 963 demum
3190 907 3352 971 aliam
3405 906 3600 961 salutis

2009 992 2277 1047 rationem
2330 993 2660 1049 invenient?
2696 996 2841 1051 Bene
2897 996 3084 1067 itaque
3118 1013 3181 1052 ac
3233 998 3361 1066 jure
3398 998 3600 1053 merito

2013 1082 2268 1139 Salvator
2326 1082 2634 1141 Jerusalem
2701 1087 3136 1144 inexcusabilem
3202 1088 3318 1145 fore
3375 1089 3596 1157 aiebat,

2012 1181 2140 1243 puta
2173 1189 2296 1245 quae
2329 1174 2449 1250 ipsa
2481 1176 2583 1232 sibi
2619 1178 2924 1248 perniciem
2951 1187 3279 1237 arcesseret.
3320 1199 3339 1230 ‹
3377 1178 3601 1235 Jerusa-

2012 1264 2117 1320 lem
2151 1285 2170 1318 ι
2211 1266 2381 1332 enim,
2427 1266 2632 1337 inquit,
2670 1286 2689 1320 ι
2723 1266 3057 1333 Jerusalem,
3084 1285 3207 1343 quae
3231 1268 3443 1326 occidis
3467 1283 3601 1339 pro-

2012 1357 2230 1427 phetas,
2253 1367 2309 1413 et
2339 1359 2549 1429 lapidas
2579 1376 2677 1415 eos
2701 1361 2799 1432 qui
2829 1362 2897 1417 ad
2929 1370 2981 1417 te
3009 1362 3168 1418 missi
3202 1368 3352 1426 sunt,
3381 1360 3603 1432 quoties

2008 1448 2156 1503 volui
2195 1462 2534 1521 congregare
2579 1452 2723 1514 tilios
2764 1458 2921 1517 tuos,
2971 1453 3441 1525 quemadmodum
3485 1452 3604 1523 gal-

2015 1540 2127 1594 lina
2162 1550 2460 1613 congregat
2488 1544 2669 1613 pullos
2721 1559 2855 1600 suos
2903 1545 3009 1600 sub
3064 1546 3202 1612 alas,
3249 1553 3303 1600 et
3340 1542 3603 1599 noluisti?

2013 1633 2161 1689 Ecce
2183 1634 2530 1705 relinquetur
2554 1637 2714 1692 vobis
2738 1637 2936 1693 domus
2956 1647 3141 1692 vestra
3164 1637 3381 1701 deserta
3409 1638 3485 1707 ".K
3508 1656 3528 1691 ι

290 1719 468 1790 ὅρνις
490 1723 813 1792 ἐπισυνάγει
835 1722 905 1776 τὰ
933 1723 1119 1777 νοσσία
1144 1724 1344 1795 ἑαυτῆς
1373 1725 1481 1780 ὑπὸ
1507 1725 1608 1790 τὰς
1632 1724 1932 1798 πτέρυγας,
1963 1731 2057 1779 καὶ
2081 1727 2183 1780 οὐκ
2215 1726 2519 1798 ἠθελήσατε
2541 1746 2557 1796 ;
2597 1727 2730 1783 Ἰδοὺ
2758 1728 2976 1799 ἀφίεται
3007 1729 3135 1800 ὑμῖν
3156 1729 3184 1781 ὁ
3206 1725 3351 1791 οἷκος
3376 1723 3550 1797 ὑμῶν.
3573 1745 3593 1786 ι

370 1816 444 1868 El
480 1813 553 1867 τὰ
576 1814 812 1883 ἐπίγεια
832 1811 1007 1870 εἷπον
1019 1816 1186 1887 ὑμῖν,
1204 1817 1305 1871 καὶ
1332 1819 1404 1872 οὐ
1421 1818 1754 1882 πιστεύετε,
1774 1817 1900 1885 πῶς

2071 1816 2159 1885 lli,
2204 1817 2292 1883 12,
2319 1818 2405 1873 15.
2452 1818 2513 1874 Si
2543 1827 2754 1874 terrena
2787 1820 2902 1874 dixi
2936 1818 3101 1885 vobis,
3131 1827 3181 1874 et
3224 1835 3328 1873 non
3356 1815 3605 1884 creditis,

295 1903 412 1957 ἐὰν
441 1903 596 1957 εἴπω
640 1903 789 1973 ὑμῖν
829 1906 903 1960 τὰ
952 1905 1300 1976 ἐπουράνια,
1352 1909 1757 1977 morationes;
1792 1910 1902 1971 Καὶ

305 1994 509 2061 οὐδεὶς
546 1996 927 2065 ἀναϐέϐηκεν
964 2000 1048 2066 εἰς
1085 1999 1192 2053 τόν
1235 2001 1522 2070 οὐρανὸν,
1560 2003 1615 2055 si
1659 2001 1748 2072 μὴ
1784 2002 1905 2056 όέκ

312 2086 424 2141 τοῦ
453 2086 717 2156 οὐρανοῦ
745 2090 1029 2158 καταϐὰς,
1065 2093 1100 2146 ό
1138 2090 1269 2159 Υἱὸς
1289 2092 1396 2147 τοῦ
1426 2093 1745 2162 ἀνθρώπου
1769 2095 1803 2149 ὁ
1822 2091 1908 2149 ὢν

305 2179 386 2239 ἐν
401 2176 481 2245 τῷ
501 2181 763 2250 οὐρανῷ.

372 2269 653 2344 Μάθημα,
708 2275 898 2345 φησὶν,
942 2275 1042 2348 τὴν
1089 2277 1400 2352 ἀνθρώποις
1443 2278 1766 2353 πρέπουσαν
1804 2282 1908 2337 οὐκ

293 2363 601 2419 ἀναϐαῖνον
658 2363 900 2432 σύνεσιν,
939 2367 999 2436 ἐξ
1053 2370 1296 2443 ἀμέτρου
1339 2371 1531 2428 λοιπὸν
1591 2373 1815 2443 ἀλογίας
1842 2374 1904 2428 ού

292 2455 703 2526 παρεδέξασθε,
728 2460 822 2513 καὶ
845 2460 965 2526 πῶς
987 2461 1053 2517 ἂν
1089 2462 1218 2534 ὑμῖν
1259 2464 1642 2538 ὲξηγησαίμην
1667 2467 1737 2520 τὰ
1761 2465 1905 2522 θειό-

292 2565 481 2620 rapa;
521 2551 584 2604 Οί
608 2551 667 2604 δὲ
690 2553 749 2606 ἐν
781 2554 897 2618 τοῖς
944 2554 1069 2608 καθ’
1093 2555 1322 2621 ἑαυτοὺς
1357 2557 1749 2629 ἀμαθέστατοι,
1788 2558 1907 2624 πῶς

292 2641 366 2695 ὃν
398 2638 516 2694 εἷεν
544 2644 604 2696 ὲν
633 2647 750 2709 τοῖς
797 2646 1158 2721 ὑπεραίρουσι
1210 2649 1365 2731 σοφοί
1393 2666 1408 2716 ;
1447 2649 1560 2703 Καὶ
1591 2651 1641 2704 οἱ
1673 2651 1810 2728 πρὸς
1846 2650 1909 2705 τὸ

291 2732 528 2786 ἐλαττον
557 2734 948 2806 ἀτονήσαντες,
1002 2739 1121 2802 πῶς
1140 2741 1243 2794 οὐκ
1267 2740 1334 2794 ἂν
1380 2741 1558 2813 ἔχοιεν
1607 2742 1670 2795 τὸ
1723 2744 1909 2814 μεῖζον

294 2822 618 2897 ἀφόρητονς
664 2827 775 2881 Καὶ
827 2831 878 2890 εί
933 2830 1007 2902 μὴ
1040 2831 1209 2902 μόνῳ,
1246 2833 1436 2904 φησὶν,
1468 2834 1596 2904 ἐμοὶ
1618 2834 1909 2893 πιστεύετε

298 2913 540 2984 λέγοντι,
565 2916 796 2982 πολλοὺς
822 2920 880 2988 δὲ
906 2921 992 2990 ἐφ’
1021 2922 1237 2995 ἑκάστῳ
1276 2923 1488 2995 ζητεῖτε
1527 2927 1655 2991 τοὺς
1703 2926 1909 2997 μάρτυ-

297 3025 429 3076 ρας,
462 3010 591 3065 τίνα
636 3012 891 3083 παροίσοι
936 3012 1045 3086 [ἵσ.
1094 3016 1440 3091 παροίσοιμι]
1480 3016 1592 3072 τῶν
1638 3019 1907 3091 οὐρανίων

297 3103 436 3179 ttva
461 3103 782 3177 μυστηρίων
805 3103 897 3157 τὸν
915 3103 1150 3176 θεωρόν;
1181 3106 1401 3170 «Οὐδεὶς
1423 3109 1532 3179 γὰρ
1560 3109 1906 3181 ἀναϐέόηκεν

2007 1910 2267 1981 quomodo
2294 1911 2342 1965 si
2378 1911 2566 1967 dixero
2589 1912 2735 1968 vobis
2767 1912 3019 1977 caelestia,
3052 1911 3317 1971 credetis?
3347 1908 3415 1963 Et
3448 1926 3598 1964 nemo

2008 2004 2246 2058 ascendit
2270 2005 2325 2058 in
2361 2003 2568 2070 coetum,
2606 2005 2712 2058 nisi
2738 2005 2828 2074 qui
2860 2004 3131 2062 descendit
3161 2000 3225 2061 de
3246 2002 3395 2069 εωίο,
3422 2000 3599 2058 Filius

2007 2096 2242 2151 hominis
2268 2097 2360 2169 qui
2383 2106 2462 2152 est
2490 2099 2545 2151 in
2579 2096 2727 2154 cata.

2081 2286 2421 2352 Doctrinam,
2458 2284 2658 2359 inquit,
2702 2283 2990 2341 hominum
3024 2292 3248 2354 captum
3284 2297 3395 2336 non
3436 2295 3601 2336 exce-

2009 2379 2231 2438 dentem
2274 2396 2388 2453 prae
2433 2379 2660 2435 immani
2716 2388 2943 2450 stupore
2989 2393 3099 2433 non
3149 2376 3473 2447 suscepistis
3504 2393 3517 2430 :
3546 2381 3602 2429 et

2008 2473 2290 2544 quomodo
2351 2472 2510 2529 vobis
2562 2487 2686 2543 quae
2742 2471 3016 2526 diviniora
3069 2478 3201 2526 sunt
3257 2464 3603 2539 exposuero?

2011 2563 2115 2631 Qui
2154 2563 2207 2617 in
2260 2562 2378 2619 suis
2424 2563 2591 2617 rebus
2641 2569 2771 2618 sunt
2812 2559 3188 2632 ignarissimi,
3228 2555 3507 2628 quomodo
3542 2555 3601 2611 in

2010 2655 2434 2713 sublimioribus
2466 2654 2716 2724 sapient?
2746 2661 2801 2710 et
2831 2652 2924 2723 qui
2958 2652 3013 2706 in
3042 2651 3195 2706 tenui
3228 2664 3289 2704 re
3314 2646 3599 2711 deﬁciunt,

2009 2745 2288 2818 quomodo
2316 2745 2584 2816 majorem
2624 2745 2772 2801 ferre
2796 2742 3117 2813 ‘poterunt?
3147 2739 3267 2796 lam
3312 2740 3417 2796 nisi
3463 2736 3603 2794 mihi

2011 2840 2107 2896 uni
2138 2838 2346 2894 dicenti
2372 2836 2626 2905 creditis,
2659 2838 2874 2907 inquit,
2906 2835 3002 2893 sed
3043 2834 3098 2890 in
3129 2832 3364 2905 singulis
3395 2830 3602 2885 multos

2009 2938 2179 2986 testes
2245 2928 2493 2998 exigitis,
2541 2942 2704 2997 quem
2754 2924 2914 2980 vobis
2963 2920 3239 2993 proferam
3289 2915 3601 2973 caelestium

2011 3020 2400 3096 mysteriorum
2456 3014 2872 3089 spectatorem?
2903 3033 2923 3067 ι
2964 3013 3136 3068 Nemo
3162 3012 3306 3066 enim
3350 3007 3603 3063 ascendit

2012 3117 2068 3172 in
2100 3116 2328 3184 cccium,
2351 3115 2460 3170 nisi
2488 3112 2584 3185 qui
2612 3106 2902 3167 descendit
2927 3107 2995 3163 de
3019 3105 3181 3169 caelo,
3209 3102 3386 3158 Filius
3415 3101 3598 3157 ltomio

306 3193 393 3255 είς
435 3191 522 3245 τὸν
545 3194 799 3265 οὐρανὸν,
837 3198 885 3250 εί
920 3197 994 3268 μὴ
1038 3200 1068 3252 ό
1103 3200 1169 3252 ὲκ
1208 3201 1303 3254 τοῦ
1339 3201 1572 3273 ούρανοῦ
1599 3202 1911 3270 καταϐὰς,ό

2014 3209 2122 3265 nis.
2149 3228 2168 3263 ι
2202 3209 2339 3264 Cum
2362 3214 2545 3262 autem
2565 3204 2709 3259 Deus
2729 3202 2968 3258 Verbum
2984 3195 3331 3255 descenderit
3346 3195 3413 3250 de
3435 3194 3598 3261 coelo,

303 3285 441 3350 Πὸς
464 3284 559 3340 τοῦ
587 3286 903 3358 ἀνθρώπου.
919 3308 937 3341 ›
973 3290 1081 3343 Τοῦ
1104 3290 1159 3344 δὲ
1182 3291 1316 3345 Θεοῦ
1340 3292 1516 3362 Λόγου
1542 3294 1910 3367 καταϐεϐηκό·

288 3393 393 3441 τος
424 3376 485 3443 ἐξ
519 3377 780 3449 ούρανοῦ,
818 3378 911 3432 τὸν
958 3378 1088 3433 Υίὸν
1124 3381 1220 3434 τοῦ
1276 3381 1568 3455 ἀνθρώπου
1602 3384 1909 3456 καταϐῆναι

293 3486 470 3539 φησι,
511 3470 834 3540 δικάζεσθαι
868 3471 1007 3544 μετὰ
1062 3473 1162 3546 τὴν
1208 3475 1626 3548 ένανθρώπησιν
1687 3478 1768 3541 εἰς
1815 3478 1910 3531 δύο

291 3560 583 3631 πρόσωπα
623 3563 1087 3633 παραιτούμενος,
1136 3564 1232 3617 καὶ
1259 3565 1360 3618 οὐκ
1402 3565 1718 3636 ἐπιτρέπων
1744 3567 1908 3631 τισὶν,

285 3652 496 3722 ἕτερον
559 3652 660 3723 μὲν
704 3653 888 3723 λέγειν
928 3653 1058 3707 Υίὸν
1110 3654 1204 3708 τὸν
1256 3657 1321 3709 ἐκ
1368 3656 1647 3728 Παρθένου
1692 3656 1780 3711 διὰ
1811 3656 1911 3729 τὴν

287 3743 502 3814 χρείαν
538 3743 816 3818 ληφθέντα
836 3747 986 3808 ναὸν,
1024 3746 1213 3819 ἕτερον
1242 3747 1299 3800 δὲ
1331 3749 1423 3802 τὸν
1446 3751 1509 3801 ὲκ
1537 3748 1674 3802 Θεοῦ
1698 3748 1913 3821 Πατρός

288 3835 594 3905 πεφηνότα
624 3835 821 3904 Λόγον,
847 3834 986 3907 πλὴν
1009 3836 1133 3890 ὅσον
1162 3838 1241 3900 είς
1262 3836 1353 3889 τὸν
1383 3837 1599 3909 ἑκάστῳ
1632 3838 1913 3908 πρέποντα

286 3924 455 3979 κατὰ
486 3923 652 3994 φύσιν
715 3924 1026 3997 διορισμόνο
1086 3924 1280 3997 ὥσπερ
1334 3926 1443 3999 γάρ
1490 3930 1638 3981 ἐστιν
1666 3929 1732 3989 ὲκ
1772 3925 1911 3987 Θεοῦ

285 4019 503 4088 Λόγος,
547 4016 695 4071 οὕτω
738 4019 834 4071 καὶ
887 4016 1177 4089 ἄνθρωπος
1231 4018 1297 4071 ὲκ
1346 4020 1625 4086 γυναικός.
1687 4013 1784 4083 Εἷς
1855 4018 1914 4073 δὲ

287 4104 497 4163 λοιπὸν
528 4105 591 4171 ἐξ
616 4108 822 4178 ἀμφοῖν
867 4107 896 4159 ὁ
937 4107 1173 4179 Χριστὸς
1195 4148 1209 4173 ,
1241 4107 1552 4180 ἀδιαίρετος
1581 4111 1661 4173 είς
1690 4110 1914 4182 υἱότητα

287 4204 398 4279 καλ,
450 4204 535 4265 είς
574 4200 731 4275 δόξαν
761 4201 1067 4279 θεοπρεπῆ,
1116 4203 1242 4259 ἐπεὶ
1282 4205 1425 4257 κατά
1449 4222 1570 4258 τινα
1606 4204 1808 4277 τρόπον
1839 4202 1916 4269 ὡς

291 4276 410 4371 ιδιά
442 4287 764 4371 περιτίθησι
787 4276 866 4365 τῷ
915 4276 979 4347 ἐκ
1006 4295 1102 4365 τῆς
1144 4295 1423 4367 Παρθένου
1459 4295 1593 4365 ναῷ,
1621 4276 1693 4349 τά
1722 4295 1916 4367 γυμνῷ

290 4367 396 4440 καὶ
435 4385 592 4457 μόνῳ
624 4367 910 4463 πρέποντα
958 4383 1038 4463 τῷ
1068 4384 1258 4455 Λόγῳ·
1300 4385 1637 4451 ίδιοποιεῖται
1659 4384 1715 4439 δὲ
1750 4384 1916 4439 πάλιν

289 4477 471 4541 αὐτὸς
499 4456 572 4530 τά
603 4456 743 4548 μόνῃ
773 4456 1055 4552 πρέποντα
1074 4478 1142 4548 τῇ
1172 4476 1361 4546 σαρκί.
1415 4476 1530 4530 Νῦν
1562 4476 1662 4547 μὲν
1698 4477 1809 4549 γὰρ
1856 4477 1917 4551 ἐξ

2010 3305 2215 3362 Filium
2257 3303 2501 3359 hominis
2546 3298 2900 3357 descendisse
2950 3297 3049 3363 ait,
3093 3296 3288 3351 nolens
3345 3293 3400 3347 in
3461 3290 3602 3345 duas

2011 3413 2279 3473 personas
2321 3403 2448 3475 post
2494 3392 3006 3449 inhumanationem
3061 3384 3271 3450 secari,
3323 3399 3425 3438 nec
3475 3377 3604 3437 ullis

2011 3492 2342 3564 permittens
2373 3490 2561 3545 dicere
2602 3487 2771 3541 alium
2800 3482 3023 3554 quidem
3062 3493 3186 3536 esse
3219 3475 3441 3541 Filium,
3475 3482 3607 3528 tem-

2013 3587 2162 3659 plum
2199 3584 2463 3639 nimirum
2498 3579 2633 3634 illud
2675 3577 2822 3648 quod
2871 3591 2937 3632 ex
2986 3572 3603 3659 VirgineAassumptum

2012 3653 2116 3743 est,
2156 3675 2327 3729 alium
2376 3671 2617 3742 quodex
2645 3667 2756 3724 Deo
2782 3667 2946 3721 Patre
2970 3662 3173 3720 eﬂ‘ulsit
3201 3657 3469 3721 Verbum,
3499 3653 3604 3709 nisi

2013 3774 2283 3839 quantum
2318 3765 2386 3819 ad
2427 3773 2642 3819 naturae
2671 3760 3000 3818 divisionem
3052 3756 3249 3809 attinet
3302 3749 3608 3839 unicuique

2014 3836 2437 3930 congruentem.
2466 3854 2558 3917 .Ut
2609 3855 2756 3910 enim
2803 3858 2889 3908 est
2930 3865 3012 3923 ex.
3046 3845 3158 3902 Deo
3209 3842 3477 3930 Verbum.
3523 3836 3608 3930 sic

2015 3928 2180 4006 etiam
2207 3963 2274 4003 ex
2306 3946 2538 4002 muliere
2588 3945 2777 3998 homo.
2829 3940 2984 4012 151
3023 3938 3184 3997 Unus
3220 3944 3398 3989 autem
3448 3928 3609 3984 Chri-

2016 4046 2137 4095 stus
2167 4037 2390 4092 demum
2425 4050 2492 4091 ex
2522 4032 2822 4097 ambobus,
2856 4032 2912 4084 in
2956 4027 3223 4082 tiliatione
3253 4014 3611 4091 indivisihilis

2016 4140 2103 4187 est
2131 4143 2196 4185 ac
2237 4127 2525 4197 majestate
2556 4124 2669 4180 Deo
2693 4123 2855 4195 digna
2888 4140 2901 4176 :
2935 4135 3061 4175 nam
3089 4132 3213 4188 quae
3243 4113 3393 4170 nudo
3418 4117 3471 4166 et
3503 4107 3610 4165 soli

2017 4221 2202 4278 Verbo
2244 4219 2606 4284 conveniunt,
2646 4233 2711 4273 ea
2761 4210 3193 4287 quodammodo,
3233 4223 3332 4264 ceu
3385 4203 3610 4278 propria

2018 4314 2224 4387 templo
2279 4311 2427 4385 quod
2480 4327 2549 4367 ex
2604 4312 2762 4365 beata
2824 4305 3052 4377 Virgine
3107 4310 3194 4360 est
3241 4299 3514 4363 attribuit,
3556 4302 3614 4352 et

2017 4394 2272 4464 vicissim
2322 4406 2442 4477 ipse
2486 4403 2595 4460 sibi
2650 4409 2875 4473 arrogat
2934 4413 3058 4468 quae
3120 4394 3224 4452 soli
3269 4391 3425 4449 carni
3462 4406 3615 4446 con-

2021 4509 2248 4573 gruunt.
2271 4496 2432 4553 Nunc
2464 4496 2613 4553 enim
2643 4493 3005 4551 descendisse
3034 4492 3112 4545 ait
3143 4489 3211 4545 de
3243 4486 3385 4543 caelo
3406 4483 3613 4540 Filium

289 4572 356 4625 οὗ
367 4567 542 4640 ρανοῦ
570 4568 1009 4639 καταϐεϐηκέναι
1032 4568 1168 4640 φησὶ
1197 4569 1288 4621 τὸν
1314 4568 1444 4623 Υίὸν
1468 4569 1563 4623 τοῦ
1587 4569 1878 4642 ἀνθρώπου
1899 4585 1911 4600 ε

2024 4567 2267 4649 hominis
2296 4610 2310 4647 :
2337 4591 2491 4646 timet
2523 4596 2730 4653 autem,
2759 4594 2814 4642 et
2845 4591 3027 4656 pavet,
3060 4588 3114 4638 et
3145 4580 3368 4652 angitur
3401 4574 3615 4647 passio-

292 4663 564 4735 φοϐεῖται
585 4663 662 4727 δὲ,
698 4662 794 4716 καὶ
833 4664 1105 4725 πτοεῖται,
1137 4661 1234 4715 καὶ
1259 4662 1361 4733 ἀδη
1372 4664 1526 4732 μονεῖ
1546 4662 1688 4716 κατά
1713 4661 1804 4716 τδν
1820 4663 1915 4717 τοῦ

293 4755 522 4818 πάθους
545 4753 762 4825 καιρὸν,
794 4753 892 4807 καὶ
918 4752 995 4817 ὡς
1016 4738 1181 4816 αὐτὸς
1204 4750 1395 4831 παθὼν
1411 4751 1824 4824 ἀναγέγραπται
1848 4753 1920 4808 τὰ

296 4849 451 4922 μόνῃ
483 4848 553 4919 τῇ
588 4845 975 4919 ἀνθρωπὸτητι
1007 4846 1292 4917 πρέποντα
1313 4846 1489 4917 πάθη.

370 4941 493 4996 Καὶ
545 4938 743 5006 καθὼς
783 4938 1051 5006 Μωῦσῆς
1098 4938 1314 5019 ﬁgi-mae
1359 4939 1468 4993 τὸν·
1524 4938 1665 5009 ὅφιν
1715 4939 1786 4995 ἐν
1841 4937 1921 5013 τῇ

290 5033 543 5104 ἐρήμῳ,
593 5031 784 5097 οὕτως
814 5030 1135 5109 ὑψωθῆναι
1177 5029 1276 5111 δεῖ
1326 5030 1436 5086 τὸν
1480 5032 1624 5106 Υζὸν
1671 5032 1779 5087 τοῦ
1812 5033 1919 5088 ἀν-

292 5126 586 5196 θρὼπου,
657 5123 761 5177 ἵνα
812 5122 934 5190 πᾶς
988 5125 1021 5176 ό
1075 5123 1391 5205 πιστεύων
1435 5123 1525 5190 είς
1585 5121 1777 5178 αὑτὸν
1825 5122 1915 5204 μὴ

293 5220 640 5286 ἀπόληται,
674 5217 814 5273 ἀλλ’
847 5219 960 5285 ἔχῃ
1000 5215 1156 5286 ζωὴν
1177 5216 1444 5272 αἰώνιον.
1511 5211 1515 5216 ’
1550 5242 1563 5255 ί

388 5310 908 5381 ’Λπολογησὰμενος
933 5310 1272 5383 ἀρκούντως,
1307 5313 1403 5366 καὶ
1436 5312 1536 5384 τὴν
1562 5311 1746 5366 αἰτίαν
1770 5311 1919 5384 αὑτῷ

294 5402 622 5475 παραθεὶς,
668 5402 737 5456 δι’
774 5402 845 5475 ἠν
877 5390 978 5457 ούκ
1021 5388 1103 5467 εἰς
1136 5403 1374 5477 ἄμετρόν
1403 5421 1456 5458 τι
1505 5405 1602 5458 καὶ
1639 5404 1921 5477 ὑπερφυὲς

294 5496 326 5546 ὁ
355 5493 464 5563 τῆς
490 5493 629 5561 πρὸς
656 5493 823 5547 αὐτὸν
847 5492 1202 5557 διδασκαλίας
1224 5493 1517 5567 ἀνατρέχει
1543 5494 1724 5562 λόγος,
1748 5490 1920 5548 κατα-

293 5583 492 5636 ϐαίνει
529 5581 696 5634 πάλιν
726 5581 819 5636 ἐπὶ
857 5580 929 5635 τὰ
975 5582 1064 5636 διὰ
1110 5582 1361 5648 Μωσέως
1417 5582 1669 5648 τυπικῶς
1711 5581 1923 5637 ἀνωθεν

292 5672 701 5752 γεγενημένα,
740 5663 1142 5744 χειραγωγίαις
1192 5674 1393 5745 μᾶλλον
1440 5675 1608 5730 αὐτὸν
1653 5676 1774 5737 ταῖς
1828 5674 1917 5729 διὰ

382 5854 429 5896 ιτ
468 5852 667 5925 Matth.
707 5868 869 5917 um,
889 5854 979 5919 57,
1001 5854 1095 5917 38.

2024 4687 2113 4742 nis
2139 4694 2411 4756 tempore,
2441 4696 2619 4752 eaque
2646 4679 2726 4734 illi
2757 4678 3116 4734 ascribuntur
3142 4688 3266 4744 qua:
3293 4669 3397 4727 soli
3429 4668 3620 4722 huma-

2025 4778 2187 4836 nitati
2218 4776 2580 4839 conveniunt,
2610 4772 2768 4844 quasi
2799 4771 2921 4842 ipse
2949 4781 3151 4840 passus
3177 4764 3269 4819 sit.

2096 4937 2192 5002 ιιι,
2230 4935 2434 5001 16,15.
2477 4931 2547 4987 Et
2582 4931 2720 4986 sicut
2771 4927 2981 4998 Moyses
3024 4920 3287 4980 exultavit
3325 4928 3619 4988 serpentem

2025 5027 2080 5083 in
2117 5027 2346 5089 deserto,
2371 5025 2452 5076 ita
2500 5020 2736 5076 exaltari
2766 5026 2970 5087 oportet
3005 5013 3209 5069 Filium
3247 5012 3503 5076 hominis,
3559 5015 3623 5065 ut

2025 5119 2198 5174 omnis
2255 5119 2345 5188 qui
2387 5116 2557 5171 credit
2591 5114 2647 5170 in
2687 5114 2862 5183 ipsum
2915 5122 3020 5163 non
3063 5115 3264 5177 pereat,
3303 5104 3395 5161 sed
3429 5103 3621 5159 habeat

2025 5214 2189 5269 vitam
2215 5222 2491 5268 cateruam.

2091 5305 2397 5375 Postquam
2444 5304 2700 5359 idoneam
2751 5312 2981 5356 causam
3028 5297 3218 5353 attulit
3257 5295 3328 5351 ob
3370 5304 3536 5364 quam
3568 5288 3619 5345 ei

2021 5410 2113 5451 res
2153 5409 2327 5466 supra
2376 5398 2601 5463 captum
2649 5398 2707 5446 et
2745 5398 3006 5445 naturam
3054 5403 3164 5443 non
3205 5381 3472 5455 exponit,
3523 5377 3623 5433 de—

2022 5486 2240 5541 scendit
2295 5500 2494 5541 rursus
2530 5483 2600 5538 ad
2632 5498 2696 5537 ea
2746 5494 2869 5551 quae
2906 5480 3094 5550 typice
3144 5476 3292 5530 facta
3321 5478 3453 5528 sunt
3481 5467 3618 5524 olim

2022 5596 2054 5635 a
2081 5577 2295 5651 Moyse.
2323 5594 2449 5634 cum
2479 5578 2653 5633 sciret
2684 5575 2867 5645 ipsum
2896 5568 3169 5640 exemplis
3199 5565 3384 5637 potius
3417 5562 3487 5619 ad
3521 5576 3619 5616 ve-

2024 5672 2212 5729 ritatis
2240 5669 2578 5745 agnitionem
2606 5666 2806 5724 deduci
2855 5677 3041 5736 posse,
3072 5673 3238 5731 quam
3281 5653 3618 5728 spiritalium
