4106 6494
541 344 640 399 251

1541 355 1602 414 S.
1636 355 1913 414 CYBILU
1943 357 2418 414 ALEXANDRl-Nl
2458 361 2781 420 ARCHIEP.
3708 378 3835 434 εδει

541 479 865 519 sermonum
897 467 1175 538 exquisita
1211 471 1448 528 ratione.
1478 473 1648 531 Plane
1681 485 1865 532 autem
1898 492 2093 532 necess

2195 523 2200 537 ,
2233 479 2528 548 σχημάτων
2563 480 2715 548 μόλις
2741 480 2999 536 δύνασθαι
3031 485 3164 554 πρὸς
3203 484 3502 556 ἐπίγνωσιν
3544 491 3643 562 τῆς
3675 496 3814 566 ἀλη-

538 562 646 620 est,
677 554 878 625 inquit,
911 559 1142 614 exaltari
1179 562 1422 632 seipsum
1477 565 1655 620 instar
1702 567 1977 638 serpentis
2011 568 2125 622 Mo-

538 645 702 710 saici,
738 649 1037 706 ostendens
1079 656 1401 710 necessario
1453 659 1812 713 scrutandam
1861 676 1987 716 esse
2037 663 2124 714 Ιιὶ-

537 738 790 802 storiam,
837 755 901 796 ac
950 744 1085 800 illud
1140 753 1352 800 tantum
1407 765 1518 803 non
1577 751 1829 807 incinens
1885 752 2117 824 ignaro:

537 845 561 879 ε
611 828 956 888 Scrutamini
1012 835 1352 907 Scripturas,
1391 842 1518 908 quia
1569 841 1676 896 illae
1717 852 1843 898 sunt
1877 861 1997 914 qua:
2039 857 2120 901 te-

2228 566 2377 630 θείας
2418 568 2613 633 ἐλθεῖν,
2652 569 2682 639 ἢ
2726 576 3124 641 πνευματικαῖς
3154 575 3582 647 ἀκριϐολογίαις,
3629 583 3814 649 ἐξεπι-

2227 657 2514 729 στάμενος.
2544 663 2634 713 Δεῖ
2657 661 2713 714 δὲ
2734 661 2796 732 δὴ
2830 662 3047 728 πάντως
3071 666 3262 721 ἑαυτὸν
3292 669 3593 742 ὑψωθῆναι,
3620 678 3810 746 φησὶν,

2223 749 2299 813 ὡς
2324 751 2414 803 τὸν
2445 752 2567 822 ὅφιν
2595 752 2683 806 τὸν
2711 753 2802 808 διὰ
2824 756 3089 821 Μωσέως,
3135 759 3573 836 ἀναγκαιοτάτην
3603 769 3810 823 ἐπιδει-

2223 841 2354 905 κνὺς
2387 843 2486 913 τῆς
2519 844 2758 915 ἱστορίας
2787 845 2885 917 τὴν
2914 848 3169 918 βάσανον,
3203 853 3295 906 καὶ
3332 860 3613 927 μονονουχὶ
3646 863 3812 915 πάλιν

535 919 859 976 stimonium
892 926 1184 994 perhibent
1215 929 1282 985 de
1315 947 1401 986 me
1434 934 1496 986 ¹³.
1537 953 1554 984 ι
1594 931 1888 1007 Serpentes
1915 939 2093 1008 quipp:

2220 935 2394 987 ἐκεῖνο
2425 935 2597 1004 λέγων
2638 939 2776 1009 πρὸς
2823 940 2914 993 τὸν
2946 943 3167 996 νοοῦντα
3205 919 3374 1016 μηδέν
3400 965 3412 979 ·
3451 967 3469 999 ι
3519 919 3811 1022 ’ἐρευνᾶτε

528 1009 750 1068 ἇυάαδοε
787 1015 840 1068 in
876 1016 1101 1072 deserto
1141 1022 1418 1089 quondam
1475 1024 1833 1092 infestabant,
1865 1031 1957 1099 qui
1990 1046 2115 1084 cum

524 1102 816 1171 apicarum
873 1106 926 1160 in
966 1124 1174 1163 morem
1210 1113 1490 1178 caderent,
1524 1123 1578 1170 et
1622 1117 1687 1170 ad
1730 1133 1853 1171 eum
1888 1121 1980 1186 qui
2017 1137 2112 1191 pe-

528 1193 766 1250 riculum
805 1198 939 1252 illud
990 1199 1278 1271 inopinato
1319 1205 1622 1261 immiserat
1670 1209 2013 1267 miserabiles
2047 1229 2112 1266 ex

528 1285 804 1342 immenso
850 1290 1042 1346 dolore
1089 1309 1251 1349 voces
1298 1295 1596 1364 jactarent,
1635 1315 1932 1370 supernam
1979 1310 2033 1357 et
2083 1319 2111 1357 a

526 1373 640 1430 Deo
672 1379 904 1435 salutem
940 1385 1265 1452 poscebant.
1305 1386 1398 1441 Ille
1435 1398 1616 1442 autem
1671 1391 1852 1448 bonus
1891 1409 1956 1448 ac
2009 1395 2111 1449 mi-

525 1470 790 1532 sericors.
827 1481 1020 1544 utpote
1067 1475 1231 1541 Deus,
1269 1479 1492 1550 Moysen
1521 1481 1692 1551 jussit
1741 1486 1824 1541 eis
1865 1495 2111 1544 Statuerc

523 1567 833 1626 serpentem
857 1579 922 1618 ex
947 1580 1074 1630 tere,
1095 1568 1146 1620 in
1171 1584 1345 1640 eoque
1370 1573 1896 1639 praemeditationem
1921 1594 2110 1648 quam-

517 1651 647 1707 dam
704 1657 818 1710 vult
866 1674 992 1714 esse
1048 1660 1246 1717 futurae
1301 1680 1398 1734 per
1436 1667 1598 1723 ﬁdem
1647 1671 1868 1728 salutis.
1920 1673 2105 1731 Morsu

518 1746 664 1800 cnim
729 1753 1002 1819 serpentis
1060 1754 1442 1814 laborantibus
1508 1762 1734 1816 unicum
1803 1768 2105 1823 remedium

2217 1025 2315 1088 τὰς
2347 1027 2572 1097 Γραφάς
2595 1071 2608 1093 ,
2653 1032 2734 1083 ὅτι
2770 1027 2933 1086 αὗταί
2971 1035 3109 1088 είσιν
3145 1038 3199 1090 αί
3254 1042 3634 1111 μαρτυροῦσαι
3675 1049 3810 1117 περὶ

2216 1116 2371 1187 ἐμοῦ.
2404 1138 2423 1170 ι
2467 1121 2659 1189 Ὄφεις
2699 1123 2799 1193 μὲν
2842 1126 2952 1198 γὰρ
2981 1130 3094 1191 τοῖς
3143 1127 3204 1194 ἐξ
3244 1130 3464 1203 Ἰσραὴλ
3511 1116 3810 1205 ἐπεπήδων

2215 1207 2357 1262 κατά
2396 1209 2495 1280 τὴν
2537 1210 2772 1283 ἔρημον,
2801 1216 2852 1268 οἱ
2884 1217 2942 1270 δὲ
2981 1219 3268 1290 ἀσταχύων
3301 1223 3588 1289 πίπτοντες
3618 1229 3806 1300 δίκην.

2215 1299 2308 1352 καὶ
2358 1301 2495 1372 πρὸς
2543 1302 2636 1358 τὸν
2688 1307 2968 1380 ἀδοκήτως
3016 1313 3397 1382 ἐπισκήψαντα
3456 1319 3698 1374 κίνδυνον
3739 1325 3806 1376 οὐ

2215 1393 2453 1462 μετρίως
2473 1395 2867 1466 ἀσχάλλοντες,
2909 1402 3265 1472 οἰκτροτάτας
3301 1406 3554 1474 ἀφιέντες
3589 1414 3803 1479 φωνὰς,

2210 1482 2308 1554 τὴν
2347 1485 2554 1540 ἀνωθεν
2609 1489 2704 1542 καὶ
2749 1492 2900 1562 παρά
2938 1494 3073 1548 Θεοῦ
3127 1499 3406 1569 σωτηρίαν
3447 1499 3697 1562 ἐκάλουν.
3738 1507 3825 1568 Ὀ,

2209 1574 2264 1627 δέ
2296 1577 2526 1649 ἐπείπερ
2554 1575 2622 1652 ἦν
2645 1583 2850 1650 ἀγαθός
2888 1602 2948 1638 τε
2979 1587 3073 1639 καὶ
3099 1588 3512 1662 φιλοικτίρμων,
3539 1593 3614 1658 ὡς
3640 1596 3801 1661 Θεὸς,

2207 1662 2329 1732 ὄφιν
2359 1667 2540 1732 αὐτοῖς
2570 1672 2869 1741 ἀναστῆσαι
2901 1675 3135 1745 χαλκοῦν
3174 1679 3384 1733 κελεύει
3428 1682 3664 1737 Μωσέα·
3701 1690 3801 1740 καὶ

2207 1751 2271 1823 δὴ
2295 1754 2390 1806 καὶ
2413 1756 2471 1807 ἐν
2499 1757 2647 1828 αύτῷ
2671 1763 3012 1835 προμελετᾷν
3035 1767 3314 1821 ἐπιτάττει
3333 1768 3429 1839 τὴν
3450 1770 3538 1823 διὰ
3559 1773 3801 1838 πίστεως

518 1845 658 1900 erat.
689 1856 899 1896 mneum
949 1845 1102 1900 illum
1139 1862 1326 1904 coram
1364 1852 1589 1916 intueri,
1621 1862 1676 1908 et
1703 1864 1952 1912 extremo
1987 1859 2093 1916 dis-

2209 1844 2506 1913 σωτηρίαν.
2539 1841 2647 1900 Ἦν
2696 1849 2804 1922 γὰρ
2836 1851 2912 1920 τῷ
2951 1854 3204 1924 δηχθέντι
3248 1857 3310 1910 τὸ
3357 1837 3648 1930 φάρμακον
3673 1903 3688 1922 ,
3731 1837 3801 1916 τδ

515 1928 753 1986 crimine
805 1931 938 1991 ﬁdes
989 1952 1114 1992 cum
1152 1939 1248 1994 illo
1285 1941 1481 1996 obtutu
1516 1944 1806 2002 liberabat.
1847 1946 1954 2004 Sed
1992 1951 2107 2010 hac

516 2023 698 2089 quoad
741 2023 1056 2083 historiam.
1086 2030 1306 2089 Rursus
1339 2045 1520 2090 autem
1553 2037 1674 2108 ipsa
1712 2055 1768 2094 re
1799 2047 1974 2095 totum
2001 2046 2108 2100 vel-

516 2119 578 2165 ut
625 2113 679 2166 in
715 2121 842 2185 typo
868 2115 1109 2174 delincat
1145 2119 1548 2181 incarnationis
1601 2131 1949 2199 mysterium.
1982 2133 2106 2190 Ser-

515 2218 650 2268 pens
697 2207 846 2259 enim
889 2217 1178 2278 peccatum
1232 2215 1542 2285 significat,
1600 2235 1804 2275 sevum
1857 2224 1994 2280 illud
2050 2234 2104 2282 et

513 2291 721 2347 homini
753 2297 1233 2371 exitiosum,quod
1261 2305 1576 2361 universum
1603 2326 1776 2380 genus
1798 2313 2100 2371 humanum

511 2381 938 2455 depasccbatur,
974 2391 1140 2449 variis
1175 2397 1456 2454 morsibus
1487 2401 1932 2475 uniuscujusque
1980 2409 2103 2462 ani-

513 2489 654 2527 mam
715 2488 1014 2548 appetens,
1061 2492 1116 2538 et
1165 2487 1449 2559 multiplex
1504 2495 1763 2562 nequitia:
1826 2513 2098 2556 venenum

506 2565 830 2634 emtndens,
872 2573 1021 2642 quod
1080 2577 1133 2631 in
1185 2587 1396 2641 tantum
1464 2583 1771 2643 invaluerat
1825 2599 1886 2646 ut
1940 2595 2102 2650 aliter

509 2672 538 2708 a
598 2661 754 2716 uobis
816 2665 975 2720 vitari
1028 2685 1135 2724 non
1195 2685 1424 2741 posset,
1467 2693 1633 2746 quam
1685 2697 1790 2751 ope
1857 2687 2096 2746 caelesti.

511 2750 668 2822 152
705 2752 906 2813 Factus
937 2770 1015 2816 est
1043 2757 1171 2833 ergo
1205 2764 1347 2823 Deus
1378 2767 1624 2826 Verbum
1668 2750 1734 2830 in,
1762 2777 2093 2836 similitudi-

507 2857 631 2908 nem
654 2847 838 2914 carnis
863 2855 1092 2920 peccati,
1121 2865 1178 2909 ut
1202 2857 1491 2917 damnaret
1515 2874 1801 2932 peccatum
1826 2869 1880 2924 in
1903 2887 2094 2941 carne,

504 2934 650 2989 sicut
699 2941 968 3012 scriptum
1021 2958 1109 3003 est
1143 2951 1207 3012 η.
1242 2959 1296 3006 et
1349 2956 1779 3023 respicientibus
1825 2963 1878 3017 in
1916 2966 2092 3035 ipsum

502 3027 782 3086 iutentiori
817 3034 938 3097 (ide,
983 3048 1080 3094 aut
1120 3041 1437 3098 divinorum
1489 3048 1808 3119 dogmatum
1850 3027 2090 3127 inquisi-

502 3115 672 3184 tione,
723 3129 941 3178 aternae
982 3127 1179 3185 salutis
1225 3115 1898 3200 conciliatorexsisteret.
1926 3115 2089 3213 'Quod

503 3216 686 3264 autem
727 3212 779 3267 in
828 3217 1051 3274 sublimi
1092 3224 1252 3292 cippo
1310 3241 1540 3298 serpens
1581 3242 1797 3291 erectus
1829 3212 1996 3296 fuerit
2021 3244 2089 3309 ὀ,

499 3300 747 3359 ostendit
777 3304 977 3360 illustri
1005 3321 1061 3365 et
1090 3317 1396 3385 conspicuo
1420 3319 1473 3374 in
1507 3321 1629 3379 loco
1655 3328 1888 3394 positum
1922 3330 2092 3393 fuisse

500 3388 805 3454 Christum.
848 3407 907 3452 ut
938 3403 1214 3460 neminem
1249 3407 1449 3465 lateret
1475 3428 1599 3468 eum
1632 3432 1663 3470 ο
1699 3425 1844 3475 terra
1878 3425 2090 3481 exalta-

505 3492 618 3536 tum
654 3483 847 3552 t'uisse,
867 3492 1016 3546 sicut
1039 3495 1155 3566 ipse
1179 3514 1399 3571 quoque.
1418 3497 1624 3564 alicubi
1657 3513 1732 3568 ait
1761 3514 1828 3581 ²¹,
1861 3527 2090 3590 propter

501 3577 812 3651 passionem
846 3599 1010 3656 quam
1043 3588 1096 3643 in
1130 3605 1294 3650 cruce
1321 3598 1607 3667 sustinuit.

571 3837 660 3902 111,
686 3844 774 3899 16.
803 3844 891 3901 Sic
918 3851 1058 3906 enim
1093 3818 1243 3912 Deus.
1262 3861 1450 3917 dilexit
1482 3869 1756 3934 mundum,
1794 3881 1851 3925 ut
1882 3872 2085 3930 Filium

497 3946 652 3983 suum
685 3936 1010 4007 unigenitum
1040 3944 1228 4006 daret:
1261 3963 1319 4006 ut
1351 3959 1524 4014 omnis
1556 3962 1648 4029 qui
1691 3964 1860 4018 credit
1889 3966 1940 4020 in
1965 3983 2085 4024 eum

496 4037 599 4077 non
633 4039 834 4094 pereat,
866 4033 959 4087 sed
987 4035 1181 4094 habeat
1209 4044 1371 4100 vitam
1401 4057 1680 4108 wternam.

566 4201 667 4261 Hic
695 4217 885 4278 aperte
917 4217 1164 4272 ostendit
1205 4220 1374 4277 Deum
1405 4239 1465 4280 se
1499 4240 1622 4282 esse
1655 4230 1958 4288 secundum
1992 4251 2084 4291 na-

490 4301 704 4363 turam,
762 4302 1034 4372 siquidem
1094 4315 1413 4371 necessario
1469 4318 1786 4376 censendus
1845 4332 1933 4380 est
1989 4327 2081 4384 ille

491 4380 661 4452 Deus,
693 4391 786 4457 qui
816 4405 882 4445 ex
931 4391 1044 4450 Deo
1070 4397 1236 4457 Patre
1261 4401 1488 4471 eﬁ‘ulsit,
1523 4421 1632 4460 non
1668 4409 1966 4468 adventitia
1991 4380 2080 4472 7di-

2208 1934 2286 1995 είς
2315 1935 2608 2006 πρόσωπον
2641 1941 2767 1993 ἰδεῖν
2801 1943 2894 1995 τοῦ
2934 1945 3222 2014 κειμένου,
3272 1949 3366 2003 καὶ
3399 1950 3507 2004 τῶν
3545 1953 3638 2006 ἐπί
3681 1958 3797 2020 τοῖς

2206 2023 2460 2094 ἐσχάτοις
2507 2031 2832 2104 ἀπαλλαγὴν
2881 2035 3145 2090 κινδύνων
3193 2039 3228 2108 ή
3286 2040 3470 2105 πίστις
3528 2045 3664 2113 μετὰ
3690 2045 3799 2115 τῆς

2206 2109 2335 2176 θέας
2367 2120 2480 2179 τοῖς
2515 2119 2715 2190 ὁρῶσιν
2736 2123 3210 2192 ἐπραγματεύετο.
3270 2128 3350 2181 Τά
3400 2131 3497 2199 μὲν
3530 2109 3643 2186 -οῦν
3693 2109 3797 2205 τῆς

2205 2204 2445 2276 ἱστορίας
2478 2211 2534 2261 ἐν
2563 2210 2968 2274 τούτοις.⁶Ὀλον
3000 2215 3056 2268 δέ
3093 2217 3276 2280 πάλιν,
3305 2219 3382 2284 ὡς
3409 2221 3465 2273 ἐν
3498 2223 3679 2295 τύπῳ,
3705 2225 3790 2296 τῷ

2203 2296 2490 2368 πράγματι
2513 2302 2573 2354 τὺ
2599 2303 2697 2372 τῆς
2719 2303 3186 2378 ἐνανθρωπήσεως
3212 2313 3556 2382 καταγράφει
3584 2318 3795 2387 μυστή-

2207 2403 2342 2457 ριον.
2371 2388 2536 2459 Ὄφις
2570 2393 2669 2464 μὲν
2709 2394 2818 2467 γάρ
2856 2397 2956 2467 τὴν
2987 2398 3190 2469 πικρὰν
3221 2402 3315 2456 καὶ
3346 2403 3794 2475 ἀνθρωποκτόνον

2203 2476 2482 2548 ἁμαρτίαν
2527 2484 2816 2554 σημαίνει,
2855 2488 2887 2558 ἢ
2935 2489 3028 2540 καὶ
3079 2491 3301 2561 σύμπαν
3332 2496 3394 2548 τὸ
3434 2497 3525 2550 ἐπὶ
3556 2498 3655 2568 τῆς
3685 2501 3794 2570 γῆς

2201 2571 2570 2627 κατεὸόσκετο
2615 2575 2802 2645 γένος,
2849 2579 3204 2654 πολυτρόπως
3262 2587 3362 2656 τὴν
3413 2589 3644 2645 ἑκάστου
3690 2591 3792 2644 δά-

2199 2679 2402 2716 κνουσα
2437 2665 2637 2738 ψυχὴν,
2671 2669 2763 2722 καὶ
2796 2670 3050 2744 πολυειδῆ
3082 2675 3180 2745 τῆς
3221 2677 3555 2746 φαυλότητος
3582 2679 3674 2733 τὸν
3712 2683 3791 2734 ξὺν

2196 2751 2466 2821 ἐκχέουσα
2486 2771 2499 2783 ·
2535 2751 2604 2827 ἦν
2643 2757 2699 2809 δέ
2721 2758 2818 2828 οὐχ
2844 2759 2929 2812 ἑτέ
2939 2764 3095 2831 ρωςή
3105 2764 3212 2832 μᾶς
3237 2764 3335 2836 τὴν
3365 2765 3508 2819 οὕτω
3545 2769 3791 2824 νικῶσαν

2194 2843 2501 2913 διαφυγεῖν,
2539 2849 2588 2899 εί
2631 2848 2704 2920 μὴ
2739 2848 2827 2902 διά
2855 2851 3025 2921 μόνης
3048 2853 3146 2921 τῆς
3173 2852 3234 2920 ἐξ
3282 2855 3527 2926 οὐρανῶν
3564 2859 3792 2912 ἐπικου-

2197 2934 2338 3013 ρίας.
2362 2937 2557 3006 Γέγονε
2577 2939 2759 2993 τοίνυν
2782 2942 2809 2993 ὁ
2829 2941 2960 3006 Θεὸς
2975 2944 3146 3014 Λόγος
3169 2947 3226 2998 ἐν
3247 2947 3554 3019 ὁμοιώματι
3580 2951 3787 3020 σαρκὸς

2193 3010 2495 3099 ἀμαρτίας,
2523 3031 2611 3084 ἵνα
2642 3035 2947 3107 κατακρίνῃ
3108 3010 3380 3108 ἁμαρτίαν
3407 3010 3464 3093 ἐν
3500 3043 3564 3112 τῇ
3594 3010 3784 3109 σαρκὶ,

2196 3121 2340 3175 καθά
2372 3122 2718 3195 γέγραπται,
2752 3127 2848 3182 καὶ
2877 3130 2988 3194 τοῖς
3016 3129 3355 3196 ἀτενίζουσιν
3403 3135 3481 3197 είς
3527 3133 3688 3188 αὑτὸν
3717 3134 3786 3188 δι’

2196 3211 2584 3284 ἐκτενεστέρας
2629 3217 2728 3287 τῆς
2776 3218 3010 3282 πίστεως
3037 3261 3051 3286 ,
3089 3220 3121 3290 ἢ
3170 3221 3266 3274 καὶ
3315 3223 3417 3291 τῆς
3462 3223 3569 3276 τῶν
3621 3225 3784 3279 θείων

2191 3300 2478 3371 δογμάτων
2509 3305 2735 3377 ἐρεύνης
2759 3349 2773 3373 ,
2812 3311 3090 3380 σωτηρίας
3133 3312 3476 3376 ἀκαταλύτου
3520 3315 3777 3384 πρόξενος

2191 3391 2505 3465 ἀναδειχθῇ.
2547 3396 2619 3449 Τὸ
2659 3398 2716 3451 δέ
2751 3399 2838 3468 ἐφ’
2873 3399 3084 3472 ὑψηλῆς
3122 3419 3266 3467 τινος
3315 3405 3634 3475 ὑποϐάθρας
3677 3408 3778 3460 ἀν-

2190 3483 2531 3554 εστηλῶσθαι
2564 3486 2656 3540 τὸν
2676 3487 2836 3559 ὄφιν,
2867 3491 3019 3564 δηλοῖ
3047 3493 3112 3564 δὴ
3152 3494 3376 3558 πάντως
3415 3496 3475 3550 τὸ
3525 3497 3581 3550 ὲν
3619 3514 3784 3568 περι-

2191 3575 2386 3647 φανείᾳ
2429 3577 2521 3630 καὶ
2563 3579 2929 3653 ἐπισημότητι
2978 3585 3232 3652 γενέσθαι
3274 3586 3532 3656 Χριστὸν,
3567 3588 3644 3652 ὡς
3674 3590 3783 3657 ἀγ-

2189 3668 2447 3739 νοηθῆναι
2504 3671 2696 3741 μηδενὶ
2742 3674 2802 3726 τὸ
2852 3677 2918 3728 ἐκ
2963 3677 3065 3747 γῆς
3120 3676 3442 3748 ὑψωθῆναι,
3489 3679 3632 3734 κοιθά
3685 3682 3782 3747 καὶ

2188 3759 2352 3824 αὐτός
2373 3761 2474 3814 πού
2506 3781 2657 3834 φησι,
2685 3764 2773 3819 διὰ
2805 3766 2866 3820 τὸ
2897 3768 2993 3821 ἐπὶ
3026 3768 3104 3839 τῷ
3133 3769 3350 3841 σταυρῷ
3382 3771 3572 3835 πάθος.

2262 3851 2460 3916 Οὕτως
2489 3854 2598 3922 γὰρ
2625 3855 2946 3926 ἠγάπησεν
2974 3862 3007 3912 ὁ
3031 3860 3174 3924 Θεὸς
3205 3860 3310 3913 τὸν
3331 3863 3584 3930 κόσμον,
3617 3859 3780 3915 ὥστε

2186 3940 2295 3992 τὸν
2328 3941 2467 3994 Υίὸν
2502 3945 2690 3998 αὐτοῦ
2718 3945 2825 3998 τὸν
2847 3947 3147 4018 μονογενῆ
3180 3949 3422 4012 ἔδωκεν,
3468 3951 3569 4004 ἵνα
3594 3949 3713 4016 πᾶς
3742 3954 3776 4004 ὀ

2186 4034 2489 4086 πιστεύων
2516 4036 2605 4100 είς
2626 4037 2814 4092 αὑτὸν
2839 4038 2926 4107 μὴ
2953 4040 3274 4110 ἀπόληται,
3305 4040 3445 4096 ἀλλ’
3471 4043 3584 4112 ἐχῃ
3617 4041 3777 4111 ζωὴν

2183 4121 2447 4186 αἰώνιον.

2267 4214 2595 4285 Ἀναφανδὸν
2629 4218 2685 4271 ἐν
2702 4220 2931 4289 τούτοις,
2953 4223 3032 4276 ὅτι
3063 4222 3194 4287 Θεὸς
3230 4223 3371 4280 κατά
3393 4224 3556 4294 φύσιν
3589 4227 3766 4291 ἐστὶν,

2182 4307 2463 4377 ἐπείγεται
2506 4309 2732 4380 δηλοῦν,
2778 4313 2935 4384 εἴπερ
2976 4314 3189 4388 ἀνάγκη
3236 4319 3375 4369 νοεῖν
3401 4317 3492 4370 τὸν
3529 4319 3593 4370 ἐκ
3631 4317 3768 4371 Θεοῦ

2182 4402 2461 4472 πεφηνότα
2497 4403 2710 4474 [ἰατρὸς
2755 4401 2894 4458 εἶναι
2939 4407 3002 4478 δὴ
3049 4407 3265 4474 πάντως
3317 4411 3412 4463 καὶ
3450 4410 3615 4472 Θεὸν,
3666 4413 3768 4464 οὐκ

489 4476 700 4545 gnitate
727 4483 1010 4554 praeditus,
1045 4491 1206 4546 sicuti
1253 4510 1377 4562 nos,
1410 4497 1504 4551 sed
1535 4497 1777 4570 idipsum
1815 4521 1941 4562 vere
1978 4524 2077 4564 ex-

2195 4494 2428 4552 ὲπακτὸν,
2469 4496 2662 4567 ἔχοντα
2717 4499 2778 4551 τὸ
2829 4476 3074 4571 ἀξίωμα,
3130 4502 3384 4575 καθάπερ
3410 4505 3590 4574 ἡμεῖς,
3648 4505 3768 4557 ἀλλ’

488 4567 694 4627 sistens
731 4575 876 4644 quod
911 4594 1036 4636 esse
1067 4583 1336 4640 creditur.
1384 4585 1664 4658 Singulari
1716 4602 1896 4650 autem
1936 4614 2074 4655 con-

488 4657 614 4712 silio
659 4661 712 4717 id
763 4665 858 4732 ait,
902 4670 1039 4726 scite
1081 4673 1376 4729 admodum
1421 4657 1824 4749 etiopportune
1863 4683 1961 4740 Dei
2007 4704 2073 4744 ac

484 4747 667 4807 Patris
720 4753 1046 4815 charitatem
1085 4777 1216 4834 erga
1271 4781 1374 4820 nos
1422 4781 1882 4832 commemorans.
1919 4777 2072 4833 Con-

485 4838 668 4898 fundit
717 4847 864 4902 enim
917 4852 1266 4909 incredulum
1314 4855 1676 4917 Nieodemum
1705 4905 1722 4929 ,
1755 4867 1890 4923 imo
1935 4886 2070 4928 vero

480 4940 862 4994 contumacem
910 4957 1035 4997 eum
1086 4959 1210 5001 esse
1252 4947 1621 5008 demonstrat.
1654 4955 1777 5012 Cito
1817 4962 1965 5016 enim
1997 4964 2067 5018 ad

480 5024 840 5094 credendum,
890 5032 1003 5089 Deo
1053 5036 1258 5107 aliquid
1313 5040 1564 5110 docente,
1621 5064 1731 5105 non
1782 5053 2065 5120 accedere,

477 5114 614 5182 quid
646 5118 795 5174 aliud
825 5133 930 5188 est,
968 5141 1178 5194 quaso,
1214 5145 1377 5200 quam
1402 5135 1618 5193 veritati
1655 5143 1929 5201 mendacii
1959 5149 2066 5202 cri-

480 5221 602 5261 men
647 5208 973 5271 innectere?
1022 5215 1314 5290 Praaterea,
1360 5224 1597 5283 dicendo
1646 5233 1890 5303 seipsum
1944 5238 2064 5294 dari

2179 4585 2492 4657 ὑπάρχοντα
2518 4587 2676 4642 τοῦτο
2700 4591 2818 4644 κατ’
2842 4592 3122 4663 ἀλήθειαν,
3147 4593 3284 4664 ὅπερ
3319 4590 3460 4647 εἶναι
3495 4594 3756 4647 πιστεύε-

2175 4695 2286 4731 ται.
2319 4679 2691 4750 Οίκονομικῶς
2749 4683 2806 4736 δὲ
2840 4684 2959 4737 λίαν
3005 4687 3100 4740 καὶ
3145 4685 3303 4740 τοῦτό
3349 4705 3503 4758 φησι,
3537 4687 3635 4759 τὴν
3679 4689 3760 4752 είς

2177 4770 2326 4840 ἡμᾶς
2375 4769 2470 4823 τοῦ
2517 4772 2653 4826 Θεοῦ
2686 4776 2778 4828 καὶ
2828 4775 3044 4848 Πατρὸς
3085 4776 3436 4848 παραζεύξας
3484 4779 3763 4850 ἀγάπησιν

2175 4861 2416 4930 εὐφυῶς,
2447 4864 2775 4936 εὐαφόρμως
2801 4885 2862 4922 τε
2887 4866 3008 4923 λίαν
3033 4872 3113 4935 είς
3147 4871 3238 4923 τὸν
3272 4871 3368 4924 ἐπὶ
3394 4870 3570 4942 τούτῳ
3603 4871 3762 4940 λόγον

2174 4953 2488 5026 ἐρχόμενος.
2524 4958 2780 5013 Δυσωπεί
2834 4959 2932 5029 μὲν
2952 4960 3062 5032 γάρ
3100 4961 3433 5016 ἀπειθοῦντα
3465 4964 3555 5015 τὸν
3587 4961 3754 5016 Νικό-

2171 5046 2376 5117 δημον,
2438 5047 2640 5118 μᾶλλον
2685 5049 2744 5104 δὲ.
2796 5051 2896 5123 ἤδη
2955 5053 3053 5107 καὶ
3095 5053 3428 5112 ἀπειθοῦντα
3495 5054 3751 5107 δεικνύει.

2171 5139 2245 5192 Τὸ
2269 5141 2376 5211 γάρ
2403 5139 2477 5212 μὴ
2504 5141 2624 5194 λίαν
2650 5141 2881 5213 ἑτοίμως
2905 5143 3000 5197 ἐπὶ⁷
3021 5143 3082 5196 τὸ
3119 5143 3397 5198 πιστεύειν
3430 5145 3597 5211 ίὲναι,
3618 5142 3755 5196 Θεοῦ.

2168 5249 2220 5285 τι
2252 5231 2611 5299 διδάσκοντος,
2656 5235 2708 5287 τί
2745 5234 2811 5288 ἂν
2860 5235 3047 5307 ἕτερον
3095 5237 3179 5307 εἴη
3226 5237 3433 5300 λοιπὸν,
3472 5237 3505 5308 ἢ
3539 5237 3618 5306 τῷ
3655 5234 3749 5288 τοῦ

478 5309 576 5360 pro
608 5303 797 5357 mundi
833 5305 964 5370 vita,
1000 5308 1278 5378 imprimis
1316 5319 1669 5388 cogitandum
1711 5341 1836 5382 esse
1875 5329 2068 5385 admo-

2195 5323 2395 5387 ιεύδους
2432 5325 2737 5396 ἐγκλήματι
2780 5303 3095 5399 περιϐαλεῖν
3134 5303 3231 5399 τῆν
3272 5303 3535 5398 ἀλήθειαν
3559 5303 3750 5394 {ETw

477 5397 592 5454 net,
615 5397 813 5462 quanti
846 5399 1104 5467 supplicii
1134 5403 1211 5458 rei
1245 5407 1379 5469 sint,
1404 5411 1497 5480 qui
1529 5419 1639 5468 tam
1679 5416 2060 5476 admirabilem

476 5477 621 5536 illam
666 5483 756 5539 Dei
805 5500 870 5542 ac
924 5487 1102 5547 Patris
1155 5497 1387 5564 gratiam
1423 5477 1542 5571 ‘pro
1594 5505 1768 5560 nihilo
1813 5507 2059 5566 ducunt:

481 5587 499 5616 ι
545 5571 633 5630 Sic
665 5579 831 5644 enim,
867 5581 1064 5653 inquit,
1091 5584 1232 5645 Deus
1261 5590 1448 5647 dilexit
1477 5597 1841 5664 mundum,ut
1861 5599 2058 5656 Filium

553 5757 594 5785 ”
619 5761 779 5818 Joau.
810 5782 860 5832 ν,
890 5770 977 5824 59.
1061 5776 1100 5806 ¹⁹
1136 5775 1294 5834 Rom.
1319 5798 1435 5846 vm,
1464 5785 1515 5837 5.

1597 5786 1639 5815 ¹⁰
1703 5786 1864 5841 Num.
1893 5803 2004 5850 xxi,
2035 5789 2086 5841 9.

2164 5417 2302 5489 πρὸς
2345 5416 2520 5489 τούτῳ
2551 5417 2790 5475 δίδοσθαι
2829 5420 3002 5489 λέγων
3059 5421 3258 5475 ἑαυτὸν
3315 5421 3457 5492 ὑπὲρ
3501 5422 3603 5492 τῆς
3653 5419 3745 5472 τοῦ

2164 5507 2370 5578 κόσμου
2415 5508 2561 5578 ζωῆς
2610 5511 2811 5563 ἐννοεῖν
2855 5513 3140 5566 ἀναπείθει
3179 5513 3414 5583 γοργῶς,
3459 5513 3634 5580 πόσης
3679 5511 3745 5564 ἂν

2165 5598 2406 5664 γένοιντο
2441 5601 2709 5673 τιμωρίας
2745 5602 2940 5680 ἔνοχοι,
2973 5607 3104 5674 παρ’
3139 5603 3291 5657 οὐδὲν
3333 5602 3391 5668 ἐξ
3421 5602 3676 5663 ἀπονοίας
3695 5601 3744 5653 οἱ

2207 5785 2439 5840 ²¹.1ι)ῖ1ῐι.
2485 5803 2584 5851 χιι,
2630 5789 2716 5844 5"2.
