4106 6524
183 407 309 461 233

1325 412 1395 471 IN
1429 411 1714 470 JOANNIS
1743 410 2197 470 EVANCELIUM
2239 414 2367 468 LIB.
2409 414 2473 470 ll.

3401 422 3513 490 25k

189 533 291 600 τὴν
322 529 519 594 οὓτως
555 530 891 598 ἀξιάγαστον
914 532 1010 586 τοῦ
1047 532 1183 586 Θεοῦ
1205 534 1300 586 καὶ
1335 534 1551 606 [ἰατρὸς
1590 533 1818 604 ποιησά-

1925 553 2086 592 suum
2120 537 2466 608 unigenitum
2491 537 2725 594 dederit.
2761 557 2777 588 ι
2822 537 3025 594 Audiat
3068 556 3268 597 rursus
3305 540 3510 597 Christi

199 638 358 694 μενοι
391 622 590 693 χάριν.
629 641 648 674 ‹
686 623 845 676 Οὕτω
876 624 988 696 γὰρ
1011 666 1024 685 .
1075 626 1268 696 φησιν,
1310 628 1599 697 ἠγάπησεν
1629 629 1657 680 ὁ
1688 626 1820 689 Θεὸς

197 717 286 768 τὸν
311 713 546 784 κόσμον
567 756 584 780 ,
617 713 764 768 ὥστε
802 716 897 769 τὸν
933 717 1063 771 Υίδν
1094 715 1262 770 αὐτοῦ
1293 718 1385 771 τὸν
1418 719 1682 789 μονογενῆ
1731 717 1820 769 δέ·

192 809 402 868 δωκεν.
443 825 466 858 ι
521 808 804 864 ’Δκουέτω
839 809 1003 864 πάλιν
1035 813 1063 864 ὸ
1087 810 1475 882 Χριστομάχος
1516 810 1817 880 αἰρετικὸς,

190 901 292 955 καὶ
333 899 566 969 λεγέτω
609 900 926 972 παρελθὼν,
955 902 1006 955 τί
1052 901 1114 958 τὸ
1146 901 1289 973 μέγα
1331 901 1434 972 τῆς
1473 901 1696 972 ἀγάπης
1726 899 1822 954 τοῦ

192 992 340 1048 Θεοῦ
368 994 474 1047 καὶ
504 994 729 1066 [Ia-:90;
749 1036 764 1060 ,
801 994 834 1065 ἢ
863 995 982 1058 πῶς
1017 995 1084 1050 ἀν
1119 994 1293 1065 αὐτὴν
1321 995 1550 1058 εἰκότως
1579 994 1824 1048 ἀποθαυ-

207 1086 503 1155 μάσαιμεν
526 1101 540 1112 ·
569 1085 690 1138 ἀλλ’
718 1087 837 1156 ἐρεῖ
867 1085 930 1156 δὴ
964 1085 1185 1149 πάντως
1221 1086 1321 1156 τῆς
1344 1085 1569 1156 ἀγάπης
1590 1083 1823 1154 ὁρᾶσθαι

206 1176 264 1228 τὸ
289 1175 668 1243 ἀξιάγαστον,
702 1178 761 1229 ἐν
795 1175 875 1247 τῷ
908 1175 1159 1230 δεδόσθαι
1181 1175 1274 1229 τὸν
1300 1176 1434 1228 Υἰὺν
1471 1176 1614 1247 ὑπὲρ
1641 1174 1820 1245 ἡμῶν,

207 1269 300 1322 καὶ
333 1269 512 1323 τοῦτο
542 1270 839 1340 μονογενῆ.
879 1268 1090 1323 Οὐκοῦν
1130 1269 1217 1322 ἴνα
1253 1268 1393 1341 μένῃ
1449 1269 1544 1322 καὶ
1573 1267 1819 1338 σώζηται

207 1360 429 1430 μεγάλη
466 1359 568 1413 τοῦ
595 1359 735 1414 Θεοῦ
765 1361 863 1414 καῖ
888 1360 1106 1432 Πατρὸς
1136 1364 1169 1432 ή
1194 1361 1496 1430 ἀγάπησις,
1530 1359 1658 1422 Υἱὸς
1684 1360 1826 1412 νοεί-

205 1449 342 1513 σθω,
377 1451 458 1521 μὴ
493 1451 714 1521 ποίημα
731 1467 744 1481 ·
771 1449 900 1503 Υίὸν
927 1449 984 1503 δέ
1015 1468 1158 1520 φημι
1189 1451 1279 1503 τὸν
1305 1453 1372 1504 ἐκ
1394 1451 1493 1518 τῆς
1517 1448 1707 1512 οὐσίας
1729 1447 1824 1501 τοῦ

206 1540 461 1611 Πατρδς,
520 1541 810 1612 ὁμοοῦσιον
859 1540 1104 1612 δηλονότι
1155 1539 1236 1611 τῷ
1287 1538 1680 1609 γεγεννηκότι,
1732 1538 1826 1590 καὶ

204 1632 343 1692 Θεὸν
374 1632 564 1696 ὅντως
593 1633 686 1685 καὶ
733 1634 862 1687 κατ’
899 1631 1188 1704 ἀλήθειαν.
1222 1633 1288 1685 Εἰ
1326 1631 1384 1684 δὲ
1419 1631 1564 1684 κατά
1593 1631 1685 1683 τὸν
1733 1629 1825 1684 σὸν

207 1726 392 1792 λόγον,
422 1718 474 1778 ὦ
501 1719 679 1790 οὗτος,
712 1725 774 1778 τὸ
813 1727 881 1778 ἐκ
908 1725 1010 1795 τῆς
1032 1725 1224 1786 οὐσίας
1258 1720 1399 1777 εἶναι
1437 1720 1532 1776 τοῦ
1563 1721 1700 1776 Θεοῦ
1731 1721 1826 1775 καὶ

213 1817 432 1889 Πατρὸς
461 1817 568 1871 οὐκ
595 1817 742 1888 ἔχει,
785 1819 882 1871 καὶ
911 1817 974 1871 τὸ
1009 1814 1150 1871 εἶναι
1181 1816 1327 1872 κατά
1367 1815 1532 1886 φύσιν
1564 1815 1694 1880 Υἰὸς
1727 1815 1823 1868 καὶ

1927 630 2106 686 hostis
2146 631 2458 694 hareticus,
2492 643 2556 682 ac
2605 629 2754 684 dicat
2786 631 2987 696 obiter,
3019 631 3154 702 quid
3201 634 3385 704 magni
3415 633 3512 687 ha-

1925 722 2053 777 beat
2107 722 2198 777 Dei
2243 737 2308 775 ac
2355 720 2538 776 Patris
2577 721 2822 783 dilectio,
2858 733 2952 777 aut
2997 725 3279 793 quomodo
3332 727 3508 796 ipsam

1926 817 2121 870 merito
2155 813 2537 869 admiremur?
2583 812 2688 867 Sed
2743 815 3094 883 respondebit
3125 817 3313 886 utique
3359 819 3410 871 in
3444 833 3510 871 ea

1924 906 2220 962 dilectione
2250 905 2303 958 id
2331 905 2484 958 cerni
2509 904 3143 974 admiratione-dignum,
3173 907 3318 976 quod
3348 908 3510 962 datus

1925 1002 2000 1057 sit
2031 1015 2131 1070 pro
2164 999 2322 1054 nobis
2351 997 2546 1063 Filius,
2588 998 2834 1067 adeoque
2874 998 3214 1067 unigenitus.
3255 997 3424 1069 Igitur
3452 1008 3511 1053 ut

1925 1100 2142 1147 constet
2189 1105 2388 1161 magna
2439 1091 2529 1145 illa
2581 1089 2672 1144 Dei
2722 1104 2786 1143 ac
2834 1088 3012 1144 Patris
3063 1089 3307 1154 dilectio,
3337 1090 3510 1145 Filius

1929 1179 2320 1252 intelligendus
2346 1188 2451 1244 est,
2473 1195 2580 1234 non
2615 1193 2895 1234 creatura.
2927 1177 3129 1233 Filium
3154 1189 3332 1234 autem
3363 1179 3510 1242 dico,

1924 1274 2019 1342 qui
2064 1281 2149 1327 est
2198 1289 2264 1328 ex
2307 1275 2616 1329 substantia
2666 1273 2759 1327 Dei
2795 1289 2860 1327 ac
2907 1273 3089 1328 Patris
3130 1274 3418 1336 nimirum,
3459 1273 3510 1325 ei

1925 1365 2439 1429 consubstantiaiis,
2489 1376 2542 1420 et
2582 1381 2768 1420 revera
2820 1363 2985 1422 Deus.
3037 1364 3202 1432 Quod
3260 1366 3304 1419 si
3353 1365 3511 1432 juxta

1927 1467 2075 1509 tuam
2101 1456 2434 1519 doctrinam,
2459 1472 2493 1510 ο
2526 1457 2783 1526 quisquis
2809 1473 2890 1522 es,
2911 1471 3020 1510 non
3045 1465 3129 1511 est
3155 1473 3221 1512 ex
3249 1456 3512 1510 substan—

1927 1549 2003 1602 tia
2039 1546 2132 1603 Dei
2176 1563 2241 1602 ac
2290 1547 2490 1612 Patris,
2524 1548 2692 1603 simul
2719 1549 2884 1602 etiam
2922 1548 3194 1602 naturalis
3241 1545 3412 1599 Filius
3447 1560 3513 1599 ac

1927 1638 2072 1694 Deus
2115 1653 2241 1694 esse
2287 1637 2522 1702 desinet,
2557 1646 2612 1691 et
2655 1637 2839 1691 inanis
2883 1638 2990 1692 erit
3040 1636 3261 1691 demum
3309 1635 3509 1690 eximia

1928 1733 2019 1788 illa
2053 1741 2107 1787 et
2138 1730 2295 1800 153
2323 1731 2664 1786 admirabilis
2695 1731 2873 1786 Patris
2897 1731 3141 1785 dilectio.
3182 1729 3509 1782 (Ireaturam

1927 1827 2072 1879 enim
2107 1837 2208 1893 pro
2243 1823 2538 1886 creaturis,
2561 1837 2670 1876 non
2699 1836 2827 1876 vere
2862 1819 3062 1874 Filium
3090 1819 3264 1874 dedit.
3285 1816 3513 1871 Frustra

209 1888 344 1974 Θεὸς
375 1911 793 1975 ωναποόαλεῖ,
837 1911 932 1965 καὶ
972 1912 1206 1983 ἀργήσει
1246 1909 1437 1963 λοιπὸν
1478 1909 1535 1962 τὸ
1579 1909 1818 1978 περίπυ-

1925 1931 2057 1972 vero
2086 1888 2247 1970 nobis
2269 1915 2464 1968 beatus
2490 1913 2696 1968 Paulus
2727 1921 2995 1967 terrorem
3033 1910 3249 1980 injiciet
3274 1909 3469 1963 dicens
3495 1925 3508 1960 :

222 2021 348 2057 στον
387 2003 574 2076 θαῦμα
611 2005 716 2074 τῆς
756 2005 981 2076 ἀγάπης
1019 2004 1114 2058 τοῦ
1164 2004 1399 2074 Πατρός.
1447 2002 1670 2072 Ποίημα
1713 2000 1821 2073 γάρ

223 2096 548 2167 ποιημάτων
583 2095 884 2166 ἠλλάξατο,
918 2098 1012 2150 καὶ
1043 2098 1146 2166 οὐχ
1169 2096 1298 2150 Υἰὸν
1323 2094 1540 2167 ἀληθῶς
1565 2112 1578 2126 ·
1611 2093 1736 2163 εἰκῆ
1765 2092 1823 2145 δὲ

220 2190 370 2257 ἡμᾶς
416 2188 515 2241 καὶ
563 2191 592 2242 ό
651 2188 926 2261 μακάριος
986 2189 1200 2252 Παῦλος
1257 2187 1551 2261 θορυϐήσει
1609 2187 1818 2256 λέγων⁶

218 2276 563 2348 «Ἀθετήσας
615 2295 702 2343 τις
750 2279 918 2350 νόμον
973 2280 1254 2348 Μωσέως,
1305 2281 1478 2351 χωρὶς
1518 2277 1823 2349 οἰκτιρμῶν

213 2373 300 2424 ἐπὶ
352 2372 517 2424 δυσὶν
564 2373 599 2442 ἢ
667 2375 852 2445 τρισὶν
910 2375 1180 2446 μάρτυσιν
1233 2373 1608 2444 ἀποθνήσκει,
1663 2371 1815 2440 πόσῳ

212 2461 423 2514 δοκεῖτε
478 2461 733 2532 χείρονος
781 2463 1150 2535 ἀξιωθήσεται
1188 2465 1460 2536 τιμωρίας
1506 2465 1535 2517 ὁ
1571 2465 1661 2518 τὸν
1694 2462 1820 2516 Υίὸν

204 2553 300 2606 τοῦ
330 2552 480 2606 Θεοῦ
508 2557 954 2627 καταπατήσας;
986 2575 1006 2608 ι
1045 2558 1368 2610 Καταπατεῖ
1405 2557 1502 2627 μὲν
1535 2556 1644 2627 γὰρ
1682 2556 1817 2625 ὁμο-

206 2646 568 2716 λογουμένως
616 2648 647 2699 ὁ
709 2649 1141 2719 καταφρονήσας
1165 2690 1180 2712 ,
1231 2647 1348 2701 ἀλλ’
1403 2647 1503 2717 οὐχ
1561 2647 1638 2710 ὡς
1692 2647 1820 2701 Υἰὸν

207 2737 467 2806 ἀληθινὸν
489 2779 507 2802 ,
560 2738 704 2792 ἀλλά
739 2738 989 2803 Μωσέως
1019 2737 1308 2809 ὁμόδουλον
1329 2778 1344 2802 ,
1392 2738 1554 2808 εἴπερ
1587 2738 1707 2790 ἐστὶ
1742 2738 1820 2808 τῷ

213 2828 576 2899 πεποιημένῳ
596 2827 662 2880 τὸ
684 2829 813 2901 ποίη
823 2827 904 2899 μα’
929 2829 1149 2893 πάντως
1176 2829 1427 2896 ἀδελφὺν,
1467 2828 1610 2882 κατά
1633 2845 1697 2896 γε
1727 2829 1819 2881 τὸν

208 2920 303 2974 τοῦ
327 2921 882 2992 πεποιῆσθαιυλόγον,
908 2923 1014 2977 κᾶν
1033 2925 1154 2986 ταῖς
1176 2924 1258 2986 εἰς
1279 2923 1344 2977 τὸ
1375 2921 1558 2994 μεῖζον
1591 2921 1624 2992 ἢ
1659 2922 1820 2992 ἀμει-

206 3033 299 3069 νον
346 3019 663 3089 ὑπεροχαῖς
709 3019 810 3091 τὴν
856 3020 1048 3091 ἐτέρου
1097 3019 1258 3084 δόξαν
1307 3018 1643 3088 πλεονεκτῇ·
1701 3018 1816 3071 ἀλλ’

215 3109 364 3162 ἐστιν
396 3111 604 3181 ἀληθὴς
633 3112 663 3164 ὁ
692 3111 790 3165 τοῦ
837 3111 1052 3165 Παύλου
1093 3111 1250 3179 λόγος
1277 3131 1289 3143 ·
1341 3110 1732 3182 χαλεπωτέραν
1759 3110 1819 3163 δέ

220 3193 470 3254 ἀποτίσει
511 3202 609 3272 τὴν
651 3202 814 3274 δίκη-ν
861 3205 890 3256 ό
937 3204 1338 3275 καταπατήσας
1371 3202 1464 3256 τὸν
1512 3202 1640 3256 Υἱδν
1665 3245 1679 3268 ν
1716 3202 1817 3272 οὐχ

1931 2029 1948 2062 ι
1987 2008 2207 2063 irritam
2250 2007 2461 2064 faciens
2501 2008 2674 2077 legem
2725 2006 2920 2077 Moysi,
2961 2005 3082 2059 sine
3137 2003 3246 2056 ulla
3283 2001 3516 2056 misera-

1925 2101 2094 2162 tione,
2127 2099 2344 2154 duobus
2374 2099 2462 2152 vel
2506 2098 2686 2152 tribus
2734 2096 2966 2151 testibus
2993 2095 3270 2148 moritur:
3302 2099 3513 2163 quanto

1922 2191 2100 2262 magis
2125 2192 2332 2262 putatis
2357 2191 2634 2245 deteriora
2658 2188 2863 2243 mereri
2893 2186 3170 2257 supplicia
3193 2186 3288 2254 qui
3314 2184 3512 2238 Filium

1923 2279 2020 2338 Dei
2080 2282 2494 2339 conculcaverit
2534 2281 2624 2334 “1'
2673 2299 2693 2333 ι
2750 2279 3056 2336 Couculcat
3107 2276 3256 2330 enim
3319 2274 3511 2344 procul

1923 2376 2091 2431 dubio
2133 2377 2180 2429 is
2211 2377 2303 2444 qui
2347 2373 2597 2445 spernit,
2630 2372 2785 2441 atqui
2829 2386 2940 2426 non
2978 2377 3038 2424 ut
3062 2367 3262 2423 Filimn
3295 2381 3510 2427 verum,

1923 2468 2018 2522 sed
2051 2465 2257 2538 Moysis
2295 2479 2650 2530 conservum,
2685 2465 2731 2518 si
2757 2463 2984 2534 quidem
3024 2468 3282 2516 creatura
3321 2465 3406 2513 est
3433 2457 3512 2511 rei

1921 2565 2121 2613 creatae
2157 2570 2319 2610 soror
2353 2556 2407 2609 in
2437 2558 2652 2610 ratione
2684 2555 2764 2610 rei
2806 2564 3028 2618 creatae,
3065 2552 3197 2608 licet
3243 2549 3516 2620 dignitate

1923 2663 2015 2706 aut
2041 2651 2367 2706 excellentia
2396 2649 2629 2705 alterius
2666 2649 2900 2718 gloriam
2931 2655 3176 2717 superet.
3211 2647 3280 2699 At
3320 2657 3512 2699 verum

1919 2751 2004 2798 est
2038 2741 2190 2795 Pauli
2240 2741 2448 2794 dictum
2490 2759 2504 2795 :
2547 2747 2603 2792 et
2652 2740 2967 2810 graviorem
3010 2752 3230 2809 ptenam
3271 2738 3384 2790 luet
3415 2735 3513 2804 qui

1921 2831 2126 2886 Filium
2159 2830 2798 2902 con-culcaverit,uonut
2821 2831 2876 2883 in
2909 2839 3221 2884 creaturam
3251 2842 3511 2898 peccans,

1920 2938 2024 2978 nec
2068 2923 2125 2976 in
2177 2935 2348 2976 unum
2398 2935 2464 2975 ex
2502 2917 2712 2991 Moysis
2742 2919 3055 2974 conservis.
3097 2917 3293 2987 Magna
3347 2917 3514 2984 igitur

1919 3025 2006 3072 est
2045 3029 2109 3070 ac
2156 3014 2598 3085 supernaturalis
2633 3013 2726 3067 illa
2770 3013 2948 3068 Patris
2981 3011 3229 3076 dilectio,
3262 3011 3356 3080 qui
3417 3025 3514 3078 pro

1920 3107 2113 3163 mundi
2166 3108 2276 3161 vita
2330 3106 2483 3160 illum
2525 3121 2592 3160 ex
2639 3106 2824 3177 seipso
2873 3112 2927 3160 et
2973 3105 3259 3175 preprium
3311 3101 3512 3156 Filium
3618 3103 3622 3107 ’

1922 3201 2099 3256 dedit.

207 3297 390 3360 ὡςείς
410 3299 628 3370 ποίημα
654 3299 1020 3372 πλημμελῶν,
1051 3303 1174 3355 οὐδὲ
1199 3303 1279 3365 εἰς
1320 3301 1418 3354 ἕνα
1455 3300 1566 3354 τῶν
1593 3301 1839 3363 Μωσέως
1877 3299 2202 3371 ὁμοδούλων.
2240 3297 2472 3368 Μεγάλη
2509 3296 2574 3368 δὴ
2615 3291 2710 3349 οῦν
2778 3293 2872 3348 καὶ
2934 3294 3224 3364 ὑπερφυὴς
3259 3294 3291 3364 ἠ
3322 3291 3511 3362 ἀγάπη

205 3387 301 3441 τοῦ
331 3390 556 3460 Πατρὺς
580 3391 726 3461 ὑπὲρ
747 3394 849 3462 τῆς
875 3391 971 3445 τοῦ
997 3392 1206 3463 κόσμου
1239 3392 1384 3482 ςωῆς
1413 3393 1505 3447 τὸν
1531 3392 1588 3459 ἐξ
1621 3391 1820 3446 ἐαυτοῦ
1857 3392 1951 3446 καὶ
1983 3391 2115 3444 ίδιον
2139 3389 2305 3444 αὐτοῦ
2333 3387 2627 3452 δεδωκότος
2651 3387 2799 3440 Υἱόν.

279 3486 367 3538 Οὐ
395 3483 515 3552 γὰρ
545 3485 912 3541 ἀπέστειλεν
942 3489 976 3541 ό
1009 3487 1157 3554 Θεὸς
1192 3477 1301 3541 τόν·
1337 3489 1477 3542 Υιύν
1503 3488 1692 3542 αὑτοῦ
1725 3489 1814 3554 εἰς

1987 3483 2076 3550 Ill,
2125 3487 2210 3539 l7.
2263 3483 2388 3538 Non
2435 3485 2576 3538 enim
2621 3482 2769 3536 misit
2809 3479 2950 3535 Deus
3003 3477 3210 3533 Filium
3255 3494 3408 3532 suun:
3459 3480 3510 3532 iu

205 3573 314 3627 τὸν
364 3573 648 3642 κόσμον,
688 3575 792 3628 ἵνα
847 3575 1026 3644 κρίνῃ
1070 3576 1178 3630 τὸν
1224 3577 1492 3646 κόσμον,
1542 3576 1682 3631 ἀλλ’
1715 3577 1818 3630 ἶνα

205 3664 379 3739 σωθῇ
412 3667 447 3719 ὀ
485 3666 722 3735 κόσμος
747 3667 825 3721 δι’
851 3669 1062 3723 αὑτοῦ.

274 3759 411 3813 Υἰδν
464 3761 665 3813 ἐαυτὸν
705 3761 1008 3834 διαρρήδην
1050 3763 1327 3833 ὀνομάσας
1366 3761 1462 3816 τοῦ
1519 3763 1662 3817 Θεοῦ
1723 3763 1818 3818 καὶ

200 3851 454 3922 Πατρος,
481 3850 586 3904 οὐκ
617 3851 1011 3926 ἀμαρτύρητον
1036 3855 1130 3927 ἐᾷν
1163 3855 1336 3908 οἴεται
1372 3856 1483 3910 δεῖν
1517 3858 1607 3911 τὸν
1635 3858 1815 3927 λόγον,

198 3941 322 3994 ἀλλ’
355 3943 428 3995 ἐκ
457 3943 559 4011 τῆς
593 3943 698 3997 τῶν
727 3947 1095 4018 πραγμάτων,
1145 3947 1233 4001 ἵνα
1261 3947 1440 4013 οὕτως
1472 3949 1631 4014 εἴπω,
1666 3952 1818 4005 ποιό-

200 4051 373 4104 meo;
427 4034 686 4108 ἐπιφέρει
737 4037 840 4110 τὴν
887 4039 1204 4106 ἀπόδειξιν,
1251 4040 1688 4114 ἀσφαλεστέρους
1738 4044 1820 4107 εἰς

205 4129 394 4182 πίστιν
416 4126 549 4190 τοὺς
580 4130 970 4202 ἀκροωμένους
999 4133 1300 4187 ἀποτελῶν.
1336 4134 1412 4186 Οὐ
1441 4135 1550 4206 γὰρ
1579 4137 1821 4190 ἀπεστά-

203 4226 330 4295 ὶην,
363 4226 535 4298 φησι,
569 4223 712 4278 κατὰ
739 4224 829 4277 τὸν
858 4226 1187 4294 ἱεροφάντην
1218 4228 1448 4291 Μωσέα,
1474 4229 1626 4299 νόμῳ
1645 4246 1820 4283 κατα-

203 4318 416 4388 κρίνων
476 4317 579 4388 τὴν
626 4317 998 4389 οἰκουμένην,
1063 4318 1184 4372 οὐδέ
1238 4322 1378 4390 πρὸς
1434 4321 1653 4392 ἔλεγχον
1716 4324 1817 4392 τῆς

199 4410 496 4482 ἁμαρτίας
522 4410 767 4481 εἰσφέρω
787 4409 888 4481 τὴν
914 4411 1154 4482 ἐντολὴν,
1180 4413 1300 4466 οὐδὲ
1323 4416 1603 4485 οἰκετικὴν
1634 4413 1820 4467 ποιοῦ-

203 4517 309 4570 μαι
339 4501 449 4570 τὴν
486 4499 773 4552 διακονίαν
800 4515 814 4530 ·
869 4499 1006 4554 ἀλλὰ
1060 4501 1309 4572 Δεσπότῃ
1354 4501 1674 4571 πρέπουσαν
1717 4503 1818 4574 τὴν

199 4590 636 4663 φιλανθρωπίαν
696 4590 980 4661 εἰσφέρω,
1046 4591 1319 4664 ἐλευθερῶ
1365 4594 1425 4647 τὸ
1471 4593 1691 4657 δοῦλον,
1741 4595 1818 4658 ὡς

203 4684 341 4748 Υἱὸς
363 4683 466 4736 καὶ
495 4682 840 4754 κληρονόμος
877 4681 971 4743 τοῦ
1007 4681 1242 4754 Πατρδς,
1293 4685 1688 4754 μετασκευάζω
1723 4687 1817 4739 τὸν

197 4776 656 4841 καταδικάζοντα
696 4775 862 4846 νόμον
894 4777 976 4839 εἰς
1013 4775 1337 4842 δικαιοῦσαν
1385 4778 1568 4850 χάριν,
1619 4779 1815 4851 ἀνίημι

1920 3583 2198 3646 mundum,
2235 3591 2294 3636 ut
2317 3582 2527 3653 judice!
2573 3579 2853 3642 mundum,
2882 3576 2972 3632 sed
3002 3585 3060 3630 ut
3093 3575 3328 3630 salvetur
3361 3592 3507 3629 num-

1918 3677 2020 3733 dus
2048 3695 2139 3749 per
2170 3680 2364 3748 ipsum.

1991 3769 2261 3836 Quoniam
2293 3769 2495 3824 Filium
2548 3767 2640 3822 Dei
2691 3781 2756 3822 ac
2795 3765 2976 3820 Patris
3025 3763 3272 3834 seipsum
3326 3769 3515 3831 aperte

1918 3864 2249 3927 nominavit,
2295 3863 2350 3918 id
2382 3863 2522 3917 citra
2573 3861 2959 3930 probationem
2991 3858 3199 3913 dictttm
3231 3871 3339 3911 non
3373 3854 3512 3916 vult,

1920 3959 2014 4015 sed
2068 3973 2139 4013 ex.
2183 3971 2368 4011 rerum
2414 3956 2702 4024 ipsarum,
2758 3959 2816 4006 ut
2854 3954 2928 4006 ita
2981 3951 3194 4016 dicam,
3246 3949 3514 4020 qualitate

1920 4049 2447 4108 demonstrationem
2495 4044 2681 4109 infert,
2722 4043 3008 4099 auditores
3060 4044 3114 4097 in
3167 4041 3273 4096 ﬁde
3306 4039 3512 4095 contir-

1921 4159 2100 4198 mans.
2136 4140 2256 4196 Non
2289 4139 2434 4194 enim
2471 4137 2680 4192 missus
2711 4152 2857 4199 sum,
2915 4135 3118 4205 inquit,
3155 4131 3513 4203 quemadmo-

1920 4237 2050 4291 dum
2085 4248 2370 4291 sacrorum
2416 4232 2511 4286 ille
2553 4231 2833 4300 interpres
2861 4227 3102 4298 Moyses,
3147 4234 3209 4281 ut
3240 4226 3357 4295 lege
3403 4233 3515 4277 ter-

1922 4343 2107 4386 rarum
2143 4327 2334 4381 orbem
2375 4325 2764 4383 condemnem,
2801 4337 2980 4391 neque
3017 4320 3084 4374 ad
3118 4327 3406 4390 peccatum
3437 4333 3515 4372 re-

1920 4419 2303 4490 darguendum
2353 4415 2676 4472 mandatum
2734 4415 2882 4474 fero.
2937 4429 3039 4468 nec
3081 4411 3270 4468 servili
3319 4410 3517 4480 iungor

1922 4510 2256 4571 ministerio,
2304 4508 2399 4564 sed
2434 4507 2654 4578 qualem
2698 4505 2989 4560 Dominum
3021 4503 3213 4559 deceat
3270 4501 3517 4572 benigni-

1919 4609 2088 4656 tatem
2122 4599 2378 4656 exhibeo.
2413 4596 2485 4652 Ut
2523 4595 2702 4652 Filius
2733 4611 2796 4649 ac
2821 4595 3000 4649 hare:
3032 4593 3216 4646 Patris
3248 4590 3518 4646 servitute

1919 4692 2173 4746 homines
2212 4691 2411 4753 libero,
2455 4687 2967 4744 condemnatricem
3005 4686 3178 4756 legem
3224 4684 3276 4736 in
3309 4682 3517 4751 justiti-

1920 4791 2138 4839 cantem
2173 4783 2406 4852 gratiam
2457 4789 2766 4842 commuto,
2806 4789 3034 4834 suorum
3071 4775 3367 4830 criminum
3421 4788 3516 4826 ca-

196 4871 303 4941 τῆς
346 4869 638 4940 ἁμαρτίας
663 4868 756 4921 τὸν
783 4867 897 4921 τῶν
919 4868 1138 4924 οἰκείων
1171 4846 1664 4942 πλημμελημάτων
1691 4846 1817 4924 κατ-

1922 4879 2066 4934 tenis
2087 4876 2411 4932 constrictis
2441 4883 2665 4946 peccata
2697 4873 2922 4927 remitto
2944 4889 2956 4924 :
2978 4869 3296 4922 salvaturus
3325 4865 3516 4920 orbem

205 4961 566 5033 εσφιγμένον
611 4961 843 5039 σειραῖς,
875 4960 1177 5014 ἀνασώσων
1220 4961 1320 5033 τὴν
1355 4964 1718 5035 οἰκουμένην,
1751 4965 1814 5028 οὐ

198 5052 566 5126 κατακρίνων
609 5050 867 5123 ἐλήλυθα.
903 5051 1052 5106 Ἐδει
1098 5051 1230 5124 γὰρ,
1274 5053 1380 5106 ἔδει
1431 5055 1638 5108 Μωσέα
1691 5056 1812 5125 μὲν,

198 5148 395 5219 φησιν,
441 5146 521 5209 ὡς
547 5144 768 5216 οἰκέτην
790 5145 962 5214 νόμου
989 5141 1085 5198 τοῦ
1109 5145 1533 5217 κατακρίνοντος
1558 5148 1814 5214 γενέσθαι

197 5239 479 5304 διάκονον,
522 5236 625 5306 ἐμὲ
665 5236 724 5290 δὲ
770 5237 848 5301 ὡς
886 5236 1021 5290 Υίὺν
1052 5237 1317 5306 καὶξΘεὺν
1363 5221 1466 5310 τῆς
1503 5239 1597 5292 τοῦ
1645 5241 1813 5311 νόμου

200 5332 460 5402 κατάρας
509 5329 774 5383 ἀπολύειν
825 5329 928 5402 τὴν
976 5330 1344 5400 οἰκουμένην,
1409 5333 1506 5385 καὶ
1561 5335 1681 5395 ταῖς
1735 5333 1816 5396 εἰς

204 5421 634 5493 φιλανθρωπίαν
669 5421 1007 5491 ὑπερῦολαῖς
1060 5421 1399 5493 θεραπεῦσαι
1459 5423 1552 5477 τοῦ
1603 5425 1812 5496 κόσμου

203 5512 300 5584 τὴν
325 5511 650 5566 ἀσθένειαν.
681 5511 745 5564 Εἰ
773 5510 829 5564 δὲ
856 5512 1099 5582 ἀμείνων
1134 5515 1166 5585 ἡ
1202 5513 1486 5568 δικαιοῦσα
1523 5516 1682 5586 χάρις
1714 5519 1814 5587 τῆς

207 5603 659 5676 κατακρινούσης
683 5604 925 5673 ἐντολῆς,
956 5604 1076 5669 πῶς
1099 5607 1200 5659 οὐκ
1225 5606 1520 5660 ἀκόλουθον
1542 5608 1644 5678 ἤδη
1674 5610 1813 5661 νοεῖν

205 5698 262 5750 τὸ
292 5695 580 5750 οἰκετικὸν
625 5694 947 5750 ἀναϐαίνειν
975 5697 1174 5768 μέτρον
1214 5698 1306 5750 τὸν
1349 5697 1493 5751 οὕτω
1531 5683 1814 5769 θεοπρεπῆ

289 5872 337 5932 ιι
365 5870 540 5928 ilcbr.
581 5887 638 5933 ι,
667 5870 759 5938 es,
791 5871 882 5954 29.

1922 4980 2240 5035 terrarum,
2299 4985 2405 5022 non
2457 4967 2940 5022 condemnaturus
3002 4961 3151 5014 veni.
3215 4958 3517 5030 Oportebat

1923 5063 2093 5127 enim,
2132 5062 2329 5130 inquit,
2361 5058 2580 5129 Moysen
2625 5064 2685 5110 ut
2732 5054 2997 5109 famulum
3054 5052 3336 5114 nimirum,
3385 5065 3518 5103 cono

1917 5153 2279 5210 demnatricis
2310 5151 2447 5221 legis
2487 5148 2805 5203 ministrum
2842 5161 2990 5214 esse,
3025 5161 3110 5200 me
3153 5160 3308 5203 vero,
3332 5149 3392 5195 ut
3435 5139 3518 5195 Fi-

1917 5247 2053 5301 lium
2092 5259 2156 5297 ac
2192 5243 2387 5307 Deum,
2420 5240 2810 5296 exsecratione
2838 5238 2980 5308 legis
3011 5237 3202 5293 orbem
3242 5243 3516 5290 terrarum

1920 5336 2224 5401 vindicare,
2243 5345 2299 5389 et
2322 5333 2676 5404 benignitatis
2708 5329 3104 5400 exsuperantia
3135 5327 3516 5384 inﬁrmitatem

1922 5428 2111 5483 mundi
2143 5443 2360 5482 curare.
2387 5424 2545 5492 Quod
2585 5423 2630 5479 si
2661 5420 2978 5491 justiﬁeans
3011 5420 3188 5491 gratia
3225 5418 3407 5489 potior
3432 5423 3516 5470 est

1923 5519 2183 5573 mandato
2241 5515 2722 5578 eondemnatorio,
2769 5513 2862 5583 qui
2910 5526 3018 5565 non
3075 5515 3517 5564 consentaneum

1922 5621 2008 5665 est
2047 5609 2306 5664 arbitrari
2333 5607 2588 5663 servilem
2623 5605 3004 5661 conditionem
3029 5601 3183 5655 illum
3225 5596 3513 5656 excedere,

1922 5703 2013 5773 qui
2054 5708 2381 5772 potestatem
2421 5712 2534 5770 pra:
2583 5713 2641 5753 se
2683 5695 2785 5750 fert
2833 5693 2971 5748 adeo
3005 5690 3270 5754 divinam,
3295 5695 3347 5743 et
3384 5701 3514 5758 pec-
