4106 6550
590 401 701 458 255

1622 401 1680 459 S.
1723 401 2000 458 CYRlLLi
2039 400 2506 457 A-LEXANDIHNI
2539 398 2874 477 ARCIHEP.

3739 390 3872 452 256

592 526 705 579 cati
739 521 975 578 vinculis
1004 523 1280 579 hominem
1314 523 1550 579 liberat?
1593 521 1712 579 Una
1744 524 1858 580 haec
1885 524 2056 594 igitur
2080 530 2164 578 est

2271 523 2366 592 τὴν
2411 521 2659 588 ἐξουσίαν
2705 517 3059 588 εἰσφέροντα,
3123 514 3216 570 καὶ
3261 513 3372 566 τῶν
3425 512 3522 582 τῆς
3572 512 3874 582 ἁμαρτίας

597 612 757 685 154
789 629 891 668 nec
930 613 1162 679 insulsa,
1197 625 1255 669 ut
1281 614 1501 684 opinor,
1530 616 1821 671 verborum
1854 615 2164 685 proposito«

594 722 715 761 rum
749 708 909 761 ratio.
944 707 1129 763 Altena
1157 722 1282 760 vero
1305 707 1497 762 eadem
1528 723 1665 777 pene
1690 708 2087 778 complectens,
2107 716 2164 762 et

591 796 865 864 superiori
889 795 1155 850 doctrinae
1181 796 1359 851 aliinis
1384 796 1664 852 aﬂ‘eretur.
1698 797 1951 853 Salvator
1973 813 2166 853 cerne-

592 885 687 940 bat
716 885 1080 941 Nicodamum
1117 885 1375 942 Mosaicis
1396 887 1612 941 atlixum
1646 889 1879 959 legibus,
1912 896 1966 941 et
1994 889 2165 943 veleri

592 977 811 1046 quidem
847 978 1106 1033 mandato
1137 978 1417 1032 mordicus
1446 980 1741 1043 adhaerere,
1768 987 1825 1034 et
1855 980 1922 1034 ad
1948 995 2166 1048 regene

593 1071 861 1121 rationem
916 1069 1217 1136 spiritalem
1283 1070 1683 1139 quodammodo
1748 1071 2165 1136 exhorrescere,

592 1166 760 1227 atque
791 1158 856 1213 ad
886 1175 1081 1213 novam
1115 1168 1167 1214 et
1197 1162 1565 1230 evangelicam
1605 1163 1770 1216 vitam
1802 1172 2043 1232 torpere,
2078 1178 2167 1217 ra-

595 1255 735 1310 tum,
767 1257 824 1301 ut
857 1248 1117 1304 credibile
1141 1259 1251 1317 εει,
1278 1251 1422 1304 banc
1446 1252 1714 1321 legalibus
1748 1253 2025 1307 mandatis
2048 1253 2168 1309 fore

595 1335 979 1394 dilliciliorem.
999 1340 1133 1393 Cum
1165 1354 1294 1410 ergo
1317 1356 1426 1395 non
1454 1342 1756 1411 ignoraret,
1781 1351 1969 1412 utpote
1996 1342 2165 1410 Deus,

597 1425 850 1480 timorem
887 1443 953 1480 ex
994 1428 1270 1498 imperitia
1299 1430 1479 1499 ipsum
1525 1431 1813 1498 invasisse,
1848 1432 2010 1487 unica
2042 1433 2169 1490 bre-

595 1519 759 1585 vique
789 1518 1000 1574 ratione
1026 1521 1494 1589 perturbationem
1521 1523 1668 1580 illam
1706 1523 1919 1587 adimit,
1945 1535 1999 1580 et
2028 1540 2169 1595 prte-

596 1619 811 1675 ceptum
845 1609 1061 1678 quidem
1101 1610 1401 1667 Mosaicum
1428 1627 1497 1668 ex
1526 1628 1592 1668 eo
1628 1614 1777 1683 quod
1823 1616 2012 1670 orbem
2040 1631 2169 1672 con-

593 1701 835 1767 demnat,
877 1703 1281 1758 intolerabilius
1308 1717 1433 1759 esse
1462 1703 1830 1771 demonstrat,
1864 1721 2034 1778 seque
2067 1708 2165 1764 be-

594 1791 878 1859 nignitatis
912 1792 1227 1861 largitorem
1265 1792 1507 1856 exhibet.
1539 1793 1762 1850 dicens:
1806 1812 1825 1847 ι
1868 1794 1989 1851 Non
2020 1798 2166 1853 enim

594 1880 747 1935 misit
792 1880 939 1937 Deus
988 1880 1185 1937 Filium
1226 1897 1390 1937 suum
1436 1882 1490 1937 in
1532 1883 1819 1949 mundum,
1864 1893 1923 1940 ut
1959 1887 2168 1956 judicet

592 1973 881 2037 mundum,
921 1973 1015 2028 sed
1048 1982 1103 2028 ut
1128 1973 1372 2028 salvetur
1401 1974 1644 2035 mundus
1672 1990 1769 2044 per
1793 1977 1993 2045 ipsum.
2032 1997 2052 2031 ι

2262 612 2475 683 δεσμῶν
2519 611 2747 681 ἀφιέντα
2802 607 2893 661 τὸν
2945 605 3271 674 ἀνθρωπον;
3327 598 3419 664 Εἷς
3463 601 3561 672 μὲν
3615 600 3680 671 δὴ
3734 599 3871 653 τῶν

2264 703 2642 775 προκειμένων
2679 700 2900 762 οὐτοσὶ,
2946 695 3043 750 καὶ
3073 697 3174 748 οὐκ
3218 693 3502 763 ἄκομψος,
3546 690 3626 754 ὡς
3668 687 3873 761 οἶμαι,

2263 793 2419 863 λόγος
2442 810 2455 823 ·
2486 791 2738 862 δεύτερος
2784 789 2842 843 δὲ
2887 788 2983 841 ἐπὶ
3013 786 3188 855 τούτῳ
3236 784 3327 838 διὰ
3361 784 3470 836 τῶν
3503 782 3685 847 αὐτῶν
3718 788 3875 835 ανα-

2265 881 2637 951 κυκλημάτων
2688 877 3085 948 στρεφόμενος,
3129 874 3226 928 καὶ
3277 873 3515 943 συγγενῆ
3562 889 3681 939 πως
3735 874 3872 934 τοῖς

2265 976 2379 1031 ἄνω
2400 975 2505 1044 τὴν¹
2531 971 2764 1041 θεωρίαν
2787 970 3074 1048 είσφὲρων,
3105 970 3170 1020 ὲκ
3191 964 3520 1036 φιλομαθίας
3544 965 3873 1035 εἰρήσεται.

2278 1064 2538 1135 Ἐθεώρει
2570 1064 2662 1116 τὸν
2709 1060 3019 1130 Νικόδημον
3062 1061 3092 1113 ὁ
3134 1058 3324 1128 Σωτὴρ
3373 1059 3488 1120 τοῖς
3534 1058 3873 1119 Μωσαῖκοῖς

2266 1155 2629 1227 ὲμπεπηγότα
2652 1153 2859 1223 νόμοις,
2895 1151 3114 1221 καὶτῆς
3151 1151 3250 1221 μὲν
3280 1150 3642 1221 ἀρχαιοτέρας
3679 1148 3873 1218 ἀπρὶξ

2266 1248 2525 1319 ἐχόμενον
2574 1245 2832 1315 ἐντολῆς,
2874 1243 3274 1313 ἀποφρίττοντα
3309 1241 3371 1295 δέ
3413 1259 3532 1305 πως
3568 1242 3711 1309 πρὸς
3755 1242 3869 1310 τὴν

2266 1340 2357 1393 διὰ
2396 1337 2717 1407 Πνεύματος
2742 1335 3125 1407 ἀναγέννησιν,
3158 1333 3256 1389 καὶ
3293 1334 3432 1404 πρὸς
3468 1332 3566 1403 τὴν
3595 1332 3728 1387 νέαν
3761 1332 3867 1387 atat

2268 1432 2631 1503 εὐαγγελικὴν
2660 1430 3029 1485 κατοκνοῦντα
3069 1428 3373 1494 πολιτείαν,
3399 1427 3676 1497 οἰηθέντα,
3710 1424 3867 1478 κατά

2266 1526 2330 1579 τὸ
2382 1526 2565 1589 είκὺς,
2608 1523 3021 1596 φορτικωτέραν
3056 1520 3291 1574 ἔσεσθαι
3337 1518 3541 1587 ταύτην
3584 1517 3697 1581 τῶν
3753 1514 3867 1586 ήδη

2267 1600 2726 1685 διατεταγμένων.
2763 1615 2877 1667 Οὐκ
2921 1614 3197 1684 ἀγνοήσας
3239 1608 3553 1682 τοιγαροῦν,
3582 1608 3662 1671 ὡς
3693 1606 3865 1673 Θεὸς,

2269 1708 2361 1762 τὸν
2387 1709 2447 1773 ἐξ
2464 1707 2707 1778 ἀμαθίας
2737 1705 3221 1775 ὲπεισπηδήσαντα
3246 1703 3431 1772 φόϐον,
3463 1701 3543 1754 ἐνὶ
3588 1700 3685 1753 καὶ
3714 1700 3868 1757 dm:

2269 1800 2422 1871 τόμῳ
2451 1799 2799 1872 χρησάμενος
2827 1795 3095 1867 λογισμῷ,
3132 1794 3245 1850 τῶν
3274 1795 3368 1849 ἐπὶ
3400 1791 3576 1862 τούτῳ
3603 1790 3866 1861 θορύὸων

2268 1892 2565 1963 ἐλευθεροῖ,
2594 1891 2691 1946 καὶ
2713 1889 2812 1961 τὴν
2844 1889 2942 1959 μὲν
2969 1887 3061 1941 διὰ
3092 1887 3337 1949 Μωσέως
3364 1883 3604 1954 ἐντολὴν,
3635 1881 3729 1935 διὰ
3764 1878 3867 1934 τοῦ

2268 1983 2621 2052 κατακρίνειν
2647 1982 2738 2037 τὸν
2763 1977 3442 2051 κόσμον,δυσαχθεστέραν
3467 1966 3871 2030 οὗσαιῖὲπιδει-

592 2062 783 2127 κνύει,
831 2062 1167 2136 ἡμερότητος
1216 2062 1275 2115 δὲ
1311 2062 1616 2134 βραϐευτὴν
1659 2065 1851 2123 ἑαυτὸν
1883 2067 2146 2139 εἰσφέρει,
2186 2069 2380 2141 λέγων’
2419 2092 2438 2124 ι
2469 2074 2542 2126 Οὐ
2576 2073 2685 2144 γὰρ
2726 2069 3047 2125 ἀπέστειλεν
3079 2066 3261 2130 ὁθεδς
3290 2065 3381 2120 τὸν
3452 2064 3571 2118 ficu
3615 2064 3696 2126 εἰς
3766 2063 3871 2114 τὸν

595 2153 822 2222 κόσμον,
860 2154 946 2206 ἵνα
977 2152 1142 2226 κρίνῃ
1188 2153 1281 2206 τὸν
1310 2153 1541 2224 κόσμον,
1571 2154 1686 2208 ἀλλ’
1721 2156 1808 2210 ἴνα
1836 2156 1981 2229 σωθῇ
2015 2160 2043 2211 ὁ
2081 2159 2289 2232 κόσμος
2323 2162 2391 2215 δι’
2418 2162 2608 2216 αὐτοῦ.
2656 2180 2685 2215 ι-

667 2241 754 2306 lll,
781 2242 869 2296 18.
921 2242 1026 2308 Qui
1069 2241 1231 2297 credit
1260 2244 1317 2297 in
1352 2241 1557 2298 Filium
1583 2261 1687 2303 non
1712 2247 2038 2315 judicatur:
2079 2251 2171 2318 qui

598 2344 772 2388 autem
807 2351 910 2389 non
937 2335 1124 2399 credit,
1157 2335 1275 2405 jam
1305 2336 1585 2405 judicatus
1621 2346 1719 2403 est,
1757 2339 1881 2408 quia
1912 2356 2016 2394 non
2053 2357 2168 2395 cre-

595 2426 736 2480 didit
770 2428 825 2481 in
854 2428 1064 2483 nomine
1092 2431 1351 2497 unigeniti
1386 2427 1522 2483 Filii
1550 2430 1668 2485 Dei.

669 2515 968 2587 Postquam
1014 2517 1180 2573 rebus
1213 2519 1349 2588 ipsis
1383 2519 1636 2588 probavit
1678 2535 1739 2575 se
1772 2520 1866 2576 Dei
1893 2537 1958 2577 ac
1988 2521 2171 2579 Patris

596 2606 796 2664 Filium
828 2610 1119 2674 exsistere,
1147 2618 1202 2667 et
1237 2610 1443 2681 Moysis
1470 2612 1780 2669 ministerio
1806 2615 2171 2684 prmstabilio-

595 2712 713 2752 rem
746 2699 951 2754 mundo
978 2701 1211 2770 gratiam
1246 2701 1526 2768 invehere,
1566 2702 1684 2772 (qui
1711 2704 1856 2759 enim
1884 2706 2174 2775 praestabi-

596 2786 705 2843 lius
733 2803 840 2843 non
881 2796 965 2844 est
992 2788 1286 2859 justiﬁcari
1326 2800 1524 2861 gratia,
1559 2797 1724 2861 quam
1757 2794 1875 2863 lege
1909 2795 2174 2853 condent:

595 2883 790 2952 nari?)
821 2885 984 2938 aliam
1028 2886 1303 2940 rationem
1337 2886 1615 2957 excogitat
1655 2899 1713 2941 ut
1741 2887 1902 2955 Deus,
1939 2903 2046 2958 qua
2079 2889 2175 2944 de-

592 2976 866 3031 ducamur
915 2977 984 3032 ad
1036 2978 1232 3044 ﬁdem,
1280 2987 1554 3049 quotquot
1604 2981 1887 3050 perierant
1932 2981 2176 3052 undique

592 3084 937 3140 congregans
971 3070 1041 3125 ad
1078 3070 1334 3126 salutem.
1386 3070 1651 3141 Proponit
1695 3072 1863 3141 igitur
1891 3073 1999 3126 hoc
2034 3088 2173 3142 prce

593 3162 764 3216 mium
816 3163 1083 3227 credenti,
1114 3163 1259 3232 quod
1293 3178 1399 3217 non
1446 3164 1730 3219 vocandus
1783 3163 1861 3219 sit
1901 3165 1969 3218 ad
1998 3163 2171 3233 .judin

594 3253 765 3318 cium,
806 3267 917 3306 non
953 3252 1198 3308 credenti
1251 3264 1432 3307 autent
1482 3255 1855 3324 supplicium,
1903 3254 1961 3308 in
2004 3269 2171 3308 unam

2358 2254 2421 2307 Ὀ
2462 2253 2763 2306 πιστεύων
2805 2251 2893 2317 εὶς
2930 2248 3037 2303 τὸν
3075 2247 3215 2305 Υιὸν
3249 2248 3323 2301 οὐ
3370 2245 3631 2314 κρίνεται
3654 2261 3668 2276 ’
3703 2248 3743 2300 ὁ
3794 2239 3871 2302 δὲ

2270 2346 2357 2413 μὴ
2394 2344 2714 2407 πιστεύων,
2750 2342 2867 2411 ἤδη
2906 2340 3185 2409 κέκριται,
3215 2339 3303 2392 ὅτι
3327 2339 3413 2408 μὴ
3450 2338 3871 2395 πεπίστευκεν

2272 2437 2361 2500 εις
2391 2433 2455 2488 τὸ
2483 2434 2684 2503 ὄνομα.
2706 2433 2811 2487 τοῦ
2837 2429 3208 2501 μονογενοῦς
3250 2429 3386 2483 Υιοῦ
3416 2427 3523 2481 τοῦ
3556 2428 3725 2482 Θεοῦ.

2346 2525 2774 2597 Πληροφορήσας
2806 2523 2896 2578 διὰ
2923 2522 3291 2599 πραγμάτων,
3307 2522 3388 2575 ὅτι
3417 2520 3510 2574 καὶ
3529 2519 3658 2582 Υίδς
3681 2520 3868 2591 ὑπάρ-

2271 2631 2355 2685 χει
2384 2616 2479 2668 τοῦ
2505 2613 2641 2666 Θεοῦ
2673 2614 2768 2666 καὶ
2797 2611 3032 2680 Πατρὸς,
3064 2610 3279 2679 καὶτῆς
3304 2606 3546 2668 Μωσέως
3566 2605 3867 2668 διακονίας

2275 2706 2708 2775 ἀξιολογωτέραν
2739 2703 2982 2772 είσφέρει
3011 2701 3088 2773 τῷ
3118 2701 3307 2770 κόσμῳ
3345 2699 3444 2769 τὴν
3489 2693 3865 2767 χάριν,(πῶς

2273 2802 2383 2875 γὰρ
2401 2802 2501 2855 οὐκ
2520 2800 2744 2872 ἄμεινον
2771 2798 2864 2851 τοῦ
2889 2793 3312 2867 κατακρίνεσθαι
3339 2792 3510 2862 νόμῳ,
3536 2790 3599 2843 τὸ
3615 2787 3871 2844 δικαιοῦ-

2274 2892 2398 2946 σθαι
2431 2889 2694 2963 χάριτι;)
2722 2889 2924 2961 τρόπον
2966 2889 3098 2959 ἡμῖν
3151 2886 3341 2957 ἕτερον
3394 2880 3731 2950 ἐπενόησεν,
3781 2877 3870 2943 ὡς

2275 2986 2429 3050 Θεὸς,
2459 2992 2540 3051 εἰς
2577 2984 2761 3038 πίστιν
2782 2979 3093 3049 ἐπαγωγὸν,
3124 2975 3459 3047 πανταχόθεν
3477 2974 3605 3036 τοὺς
3627 2971 3865 3032 ἀπολωτ

2273 3078 2434 3139 λότας
2465 3075 2807 3130 συνελαύνων
2850 3075 2930 3137 είς
2983 3069 3255 3141 σωτηρίαν
3280 3084 3294 3098 ⁸
3337 3066 3626 3138 προτίθησι
3671 3063 3869 3118 τοίνυν

2270 3165 2350 3235 τῷ
2381 3163 2480 3235 μὲν
2514 3163 2822 3217 πιστεύοντι
2854 3161 3021 3231 γέρας
3051 3161 3112 3213 τὸ
3138 3158 3214 3229 μὴ
3242 3156 3529 3212 καλείσθαι
3558 3156 3696 3226 πρὸς
3731 3155 3866 3225 κρί-

2274 3272 2381 3318 σιν,
2417 3253 2495 3324 τῷ
2541 3253 2587 3308 δ’
2621 3253 2938 3339 ἀπειθοῦντι
2978 3252 3223 3317 κόλασιν,
3278 3251 3357 3312 είς
3402 3249 3502 3318 τὴν
3545 3246 3719 3339 αὐτὴν
3752 3246 3858 3339 καὶ

591 3343 956 3412 eamdemque
989 3345 1127 3398 viam
1157 3346 1413 3416 utrinque
1449 3348 1696 3412 tendens,
1735 3347 1917 3402 ethos
1949 3347 2167 3415 quidem

2275 3347 2402 3418 μίαν
2444 3345 2509 3399 δι’
2552 3336 2757 3416 ἀμφοῖν
2796 3344 2994 3399 ὁδεύων
3035 3343 3179 3406 ὁδὸν,
3221 3340 3318 3394 καὶ
3361 3341 3495 3429 τοὺς
3540 3338 3642 3409 μὲν
3670 3336 3865 3407 ἐφέσει

598 3434 964 3501 promissione
989 3435 1197 3504 gratiae,
1233 3437 1356 3494 illos
1379 3448 1591 3495 terrore
1609 3437 1891 3496 cruciatus
1912 3437 1984 3493 ad
2009 3436 2171 3492 tidem
2197 3434 2229 3469 ’⁵

596 3522 834 3594 benigne
873 3542 1208 3585 convocans.
1236 3528 1412 3586 Grave
1438 3540 1621 3588 autem
1658 3540 1714 3586 et.
1753 3546 2010 3600 magnum
2046 3546 2172 3589 esse

596 3613 809 3667 crimen
847 3615 1188 3675 infidelitatis
1222 3622 1483 3687 ostendit,
1519 3620 1964 3691 quandoquidem
1998 3622 2171 3676 Filius

596 3710 682 3759 est
728 3715 892 3775 atque
925 3704 1276 3778 Unigeuitus.
1308 3712 1528 3779 Quanto
1573 3713 1721 3768 enim
1771 3720 1996 3782 praestat
2030 3713 2165 3767 illud

514 3824 515 3827 η
595 3792 744 3861 quod
775 3798 1161 3853 contumeliam
1195 3801 1419 3871 accipit,
1451 3809 1608 3856 tanto
1635 3802 1859 3870 gravius
1882 3804 1929 3858 is
1960 3803 2054 3872 qui
2089 3803 2172 3858 in-

597 3882 729 3936 tulit
758 3884 1236 3945 condemuabitur.
1271 3889 1391 3945 Jam
1424 3906 1555 3945 vero
1597 3891 1904 3961 iudicatum
1940 3907 2063 3949 esse
2097 3895 2173 3951 ait

598 3973 968 4045 incredulum,
1019 3989 1146 4049 puta
1186 3983 1333 4052 quod
1364 3983 1481 4051 ipse
1531 3982 1644 4051 jam
1685 3984 1739 4041 in
1776 3985 2018 4055 seipsum
2055 4001 2176 4041 sen-

596 4064 823 4118 tentiam
876 4068 1080 4134 tulerit,
1118 4086 1243 4125 cum
1283 4070 1387 4124 sibi
1439 4074 1697 4131 conscius
1732 4075 1805 4133 sit
1852 4075 2174 4145 repudiasse

596 4169 721 4210 eum
748 4172 845 4228 per
870 4174 1032 4230 quem
1067 4161 1126 4216 ﬁt
1154 4170 1211 4218 ut
1240 4177 1353 4217 non
1379 4163 1829 4223 condemnemur.

1878 4255 1906 4284 τι

664 4329 756 4396 lli,
792 4331 879 4388 19.
928 4332 1045 4390 Hoc
1091 4345 1268 4412 autem
1298 4348 1375 4392 est
1397 4338 1684 4408 judicium,
1728 4345 1859 4413 quin,
1897 4348 1992 4409 tua:
2034 4346 2175 4403 venit

596 4420 654 4475 in
688 4424 961 4494 mundum,
1004 4437 1054 4482 et
1108 4427 1409 4485 dilexerunt
1461 4431 1695 4488 homines
1732 4434 1971 4499 tenebras
2004 4418 2173 4508 magis

596 4529 755 4582 quam
786 4516 975 4573 lucem.

665 4605 785 4661 Non
833 4610 966 4664 sinit
1017 4609 1389 4668 indiscussum
1422 4630 1709 4672 remanere
1763 4617 2173 4675 incredulorum

602 4693 759 4767 155
782 4699 1075 4767 judicium.
1100 4702 1265 4757 Addit
1302 4720 1431 4759 vero
1464 4720 1659 4761 causas
1694 4716 1748 4762 et
1780 4718 1966 4779 aperte
1995 4721 2176 4768 osten-

593 4785 700 4851 dit,
734 4790 903 4859 quod,
933 4791 1088 4861 juxta
1124 4793 1256 4849 illud
1293 4793 1741 4864 Proverbiorum,
1790 4819 1808 4851 ι
1838 4799 1954 4856 Non
1985 4804 2172 4874 inique

598 4878 900 4934 tenduntur
931 4882 1069 4935 retia
1115 4882 1432 4942 volucribus
1463 4885 1529 4940 ³³.
1566 4906 1584 4940 ι
1633 4887 1937 4957 Ωιιὶοειιίιῐι,
1970 4892 2170 4963 inquit,

596 4967 737 5024 lucis
778 4971 1074 5042 participes
1108 4988 1232 5029 esse
1279 4991 1405 5031 cum
1456 4979 1689 5048 possint,
1719 4981 1773 5034 in
1818 4972 2065 5040 tenebris
2089 4983 2177 5053 ja-

596 5074 723 5115 cere
775 5054 1008 5128 malunt,
1058 5066 1336 5132 quomodo
1386 5082 1495 5122 non
1549 5071 1690 5125 mala
1739 5071 1844 5127 sibi
1888 5088 2170 5131 arcessere

598 5151 914 5215 credentur,
950 5168 1074 5207 cum
1111 5170 1209 5211 sua
1240 5169 1433 5228 sponte
1459 5177 1524 5217 ea
1553 5165 1854 5232 patiantur,
1885 5182 2008 5235 quae
2036 5166 2171 5223 ell‘u-

599 5257 726 5312 gere
760 5242 968 5309 liceret,
1011 5244 1057 5300 si
1086 5250 1227 5317 aequi
1267 5265 1447 5306 rerum
1499 5255 1862 5313 aestimatores
1888 5273 2013 5314 csse
2057 5260 2172 5315 vel-

599 5332 731 5397 lent,
758 5342 812 5386 et
838 5334 1082 5393 tenebris
1111 5339 1289 5395 lucem
1318 5349 1483 5413 atque
1528 5346 1759 5402 honesta
1790 5349 2043 5418 turpibus
2073 5365 2171 5404 an-

603 5420 847 5476 teferre?
880 5422 1146 5483 Praeterea
1194 5429 1419 5488 liberam
1468 5449 1499 5488 a
1544 5438 1894 5494 necessitatis
1938 5438 2170 5493 vinculis

603 5509 846 5568 hominis
892 5516 1231 5576 voluntatem
1277 5526 1544 5593 servavit,
1590 5535 1647 5582 et
1690 5535 1889 5597 suopte
1940 5538 2077 5584 nutu
2113 5532 2170 5584 in

607 5610 893 5674 utramque
918 5614 1132 5678 partem
1168 5617 1480 5673 tendentem
1532 5628 1591 5674 ut
1617 5634 1684 5675 ex
1715 5620 1853 5678 bene
1888 5623 2024 5680 actis
2054 5622 2171 5679 lau-

670 5775 717 5807 ”
760 5777 926 5835 Prov.
946 5798 981 5840 ι,
1014 5783 1101 5836 17.

2272 3442 2340 3510 τῇ
2368 3440 2499 3510 περὶ
2530 3438 2630 3510 τὴν
2660 3439 2846 3510 χάριν,
2871 3438 2997 3500 τοὺς
3025 3436 3081 3490 δὲ
3110 3434 3260 3505 φόϐῳ
3282 3433 3376 3486 τοῦ
3413 3432 3628 3499 παθεῖν,
3659 3432 3756 3486 ἐπὶ
3778 3430 3867 3501 τῷ

2274 3531 2552 3586 πιστεύειν
2592 3531 2727 3584 ἰέναι
2767 3527 3141 3600 μακροθύμως
3176 3524 3485 3592 συγκαλῶν.
3516 3522 3865 3585 Χαλεπὸνιδὲ

2273 3625 2365 3678 καὶ
2401 3625 2545 3695 μέγα
2574 3622 2673 3694 τῆς
2695 3620 2952 3684 ἀπιστίας
2970 3618 3204 3673 δεικνύει
3233 3617 3293 3671 τὸ
3317 3616 3593 3686 ἔγκλημα,
3624 3615 3864 3684 ἐπείπερ

2273 3710 2420 3763 ἐστὶν
2448 3709 2576 3774 Υἱὸς
2602 3709 2698 3762 καὶ
2724 3709 3056 3778 Μονογενής.
3098 3707 3247 3775 ’Όσῳ
3290 3704 3399 3776 γὰρ
3436 3706 3503 3758 ἂν
3544 3704 3865 3770 ἀξιόπιστον

2274 3800 2510 3870 ὑπάρχοι
2542 3797 2602 3851 τὸ
2629 3796 3079 3870 παροινούμενον,
3104 3794 3358 3849 τοσοῦτον
3386 3794 3648 3863 μειζόνως
3678 3796 3763 3857 είς
3800 3793 3866 3846 τὸ

2274 3890 2665 3960 πλημμελῆσαι
2693 3889 2842 3943 δεινά
2885 3888 2947 3942 τὸ
2990 3888 3256 3956 ἀτιμάζον
3300 3886 3861 3956 καταδικασθήσεται.

2278 3982 2415 4052 Ἤδη
2449 3980 2507 4035 δὲ
2548 3979 2833 4052 κεκρίσθαι
2867 3980 2958 4034 τὸν
2989 3978 3326 4034 ἀπιστοῦντά
3365 3996 3550 4049 φησιν,
3584 3979 3666 4042 ὼς
3694 3977 3865 4032 αὑτὸν

2274 4073 2376 4144 ήδη
2423 4071 2542 4125 καθ’
2589 4072 2784 4125 ἑαυτοῦ
2820 4069 2917 4141 τὴν
2954 4069 3046 4124 τοῦ
3100 4069 3423 4135 κολάζεσθαι
3463 4068 3571 4122 δεῖν
3598 4068 3862 4139 ὁρίσαντα

2275 4162 2477 4233 ψῆφον,
2504 4161 2571 4215 δι’
2601 4153 2675 4214 ὧν
2722 4161 2863 4230 ἔγνω
2895 4159 3283 4232 παραιτεῖσθαι
3314 4159 3405 4215 τὸν
3438 4157 3531 4214 τοῦ
3560 4157 3637 4230 μὴ
3670 4156 3861 4230 κρίνα-

2278 4255 2401 4309 σθαι
2442 4254 2696 4325 χορηγόν.

2346 4347 2509 4415 Αὕτη
2548 4346 2616 4400 δέ
2641 4346 2812 4399 ἐστιν
2834 4343 2872 4412 ἢ
2903 4344 3122 4413 κρίσις,
3150 4342 3239 4396 ὅτι
3272 4342 3399 4412 φῶς
3428 4340 3732 4409 ἐλήλυθεν
3762 4342 3863 4403 εἰς

2275 4438 2383 4495 τὸν
2398 4440 2650 4507 κόσμον,
2677 4435 2775 4490 καὶ
2798 4434 3126 4504 ἠγάπησαν
3144 4436 3198 4488 οἱ
3222 4433 3520 4503 ἅνθρωποι
3541 4433 3608 4486 τὸ
3634 4434 3860 4500 σκότος

2271 4528 2536 4599 μᾶλλον,
2568 4530 2607 4597 ἦ
2642 4529 2707 4585 τὸ
2736 4528 2883 4597 φῶς.

2350 4621 2465 4674 Οὐκ
2498 4621 2768 4691 ἀζήτητον
2806 4618 3104 4688 ἀπομένειν
3133 4618 3199 4687 ὲᾷ
3238 4614 3346 4668 τῶν
3394 4614 3767 4669 ἀπειθούντων
3798 4616 3862 4669 τὸ

2281 4710 2472 4778 κρῖμα.
2524 4707 2799 4774 Ἐπιλέγει
2825 4707 2879 4760 δὲ
2908 4705 3007 4770 τὰς
3038 4707 3236 4770 αίτίας,
3263 4703 3356 4757 καὶ⁵
3382 4704 3614 4758 δεικνύει
3643 4705 3861 4774 σαφῶς,

2273 4799 2385 4861 ὅτι,
2422 4797 2565 4852 κατά
2596 4797 2686 4851 τὸν
2718 4797 3067 4869 Παροιμιώδτι
3094 4798 3287 4864 λόγον,
3324 4817 3343 4850 ι
3382 4798 3496 4852 Οὐκ
3514 4795 3718 4860 ἀδίκως
3760 4798 3858 4849 ὲκ-

2272 4889 2510 4943 τείνεται
2541 4889 2732 4943 δίκτυα
2760 4893 3115 4961 πτερωτοῖς.»
3139 4890 3201 4943 Οί
3231 4888 3362 4960 γὰρ,
3393 4890 3513 4956 ἐξὸν
3541 4889 3861 4958 καταφωτίο

2278 4976 2485 5046 ζεσθαι,
2518 4980 2670 5051 φησὶ,
2701 4981 2763 5034 τὸ
2791 4983 2849 5035 ὲν
2882 4981 3059 5052 σκότῳ
3091 4980 3304 5035 κεῖσθαι
3341 4982 3696 5052 τιμήσαντες,
3738 4980 3860 5045 πῶς

2273 5076 2375 5127 οὐκ
2423 5075 2488 5128 ἂν
2522 5071 2634 5127 εἷεν
2664 5075 2893 5138 εἰκότως
2919 5073 3077 5127 αὐτοὶ
3118 5072 3241 5126 καθ’
3274 5072 3486 5126 ἑαυτῶν
3528 5071 3637 5125 τῶν
3664 5071 3858 5125 δεινῶν

2270 5167 2505 5239 ὁρισταὶ,
2544 5166 2640 5220 καὶ
2686 5166 2979 5235 αὐτόμολοι
3034 5164 3168 5236 πρὸς
3209 5165 3271 5217 τὸ
3306 5164 3499 5218 παθεῖν
3539 5163 3574 5217 ἀ
3610 5163 3704 5217 καὶ
3742 5162 3861 5216 διαο

2272 5258 2493 5328 φεύγειν
2540 5256 2699 5329 ἐξῆν,
2750 5258 2909 5328 ειπερ
2956 5252 3096 5327 ἦσαν
3139 5256 3290 5327 ὀρθοὶ
3338 5256 3448 5309 τῶν
3505 5255 3857 5327 πραγμάτων

2272 5348 2596 5413 ἐξετασταὶ,
2649 5348 2709 5402 τὸ
2748 5347 3082 5416 φωτίζεσθαι
3132 5347 3335 5418 μᾶλλον
3393 5346 3599 5400 ἐθέλειν
3638 5343 3732 5397 τοῦ
3778 5344 3855 5415 μὴ

2278 5440 2522 5495 τοιούτου
2566 5440 2972 5511 προκρίνοντες,
3004 5439 3098 5492 καὶ
3135 5439 3243 5492 τῶν
3280 5437 3581 5504 ἀμεινόνων
3624 5433 3857 5505 δεύτερα

2282 5529 2551 5585 ποιεῖσθαι
2593 5529 2924 5600 μελετῶντες
2967 5529 3035 5581 τά
3075 5527 3355 5599 αἰσχίονας
3418 5522 3749 5595 Ἐλευθέραν
3793 5522 3853 5576 δὲ

2282 5622 2444 5678 πάλιν
2483 5622 2612 5676 τῶν·
2635 5620 2695 5687 ἐξ
2744 5622 2988 5691 ἀνάγκης
3030 5619 3245 5690 δεσμῶν
3289 5619 3386 5690 τὴν
3429 5614 3525 5670 τοῦ
3565 5615 3857 5690 ἀνθρώπου
