4106 6490
162 316 288 378 '257

1299 326 1384 382 ῚΝ
1419 325 1709 383 JOANNIS
1746 325 2203 384 EVANGELIUM
2241 328 2372 385 LIB.
2414 330 2480 385 li.

3388 334 3417 386 Ξ
3428 334 3490 387 Ἃ

166 442 487 513 διετήρησε
520 440 793 514 γνώμην,
829 444 928 498 καὶ
977 446 1173 516 ῥοπαῖς
1213 445 1445 508 οἰκείαις
1491 445 1579 499 ἐπ’
1626 444 1780 515 ἄμφιι

1899 441 2024 497 dem
2056 441 2184 512 jure
2219 444 2512 514 suscipiat,
2545 453 2598 500 et
2644 460 2711 502 ex
2752 448 3062 504 ‘contrariis
3114 449 3490 520 punittonem.

174 533 546 603 βαδίζουσαν,
592 535 682 589 ἵνα
712 534 939 607 δέχηται
981 537 1211 601 δικαίως
1244 536 1466 591 ἕπαινόν
1499 555 1558 591 τε
1591 537 1684 590 τὸν
1709 537 1794 590 ἐπ’

176 626 437 697 ἀγαθοῖς,
471 618 573 681 καὶ
606 626 708 700 τὴν
744 628 839 682 ἐπὶ
861 630 977 692 τοῖς
1015 628 1284 693 ἐναντίοις
1307 630 1528 684 κόλασιν
1548 647 1563 661 ⁶
1604 628 1796 700 ὥσπερ

177 715 269 773 οὖν
315 717 526 788 ἀμέλει
575 719 673 770 καὶ
723 718 783 770 ὲν
827 718 1039 789 ἑτέροις
1076 716 1237 772 τοῦτο
1278 717 1537 788 δέδειχεν,
1586 710 1791 771 εἰπών’

182 830 200 863 ι
246 810 383 863 Ἐὰν
423 809 650 877 θέλητε,
688 808 784 863 καὶ
818 807 1177 880 είσακούσητέ
1213 826 1338 880 μου,
1367 808 1437 862 τὰ
1474 809 1655 877 ἀγαθά
1692 810 1795 880 τῆς

169 906 277 973 γῆς
311 901 571 973 φάγεσθε
594 918 608 932 ·
642 901 741 954 ἐὰν
773 900 832 954 δὲ
867 901 942 972 μὴ
989 901 1180 972 θέλητε
1200 940 1216 965 ,
1255 900 1392 972 μηδὲ
1436 900 1793 973 είσακούσητέ

174 1011 305 1065 μου.
347 993 612 1064 μάχαιρα
647 993 795 1065 ὑμᾶς
828 992 1131 1045 κατέδεται.
1171 1009 1189 1041 ι

248 1085 377 1152 Πᾶς
416 1086 535 1155 γὰρ
570 1088 605 1139 ό
631 1084 842 1154 φαῦλα
875 1082 1174 1151 πράσσων
1209 1082 1385 1152 μισεῖ
1410 1082 1476 1137 τὸ
1509 1082 1671 1153 φῶς,
1691 1084 1791 1138 καὶ

184 1180 292 1233 οὐκ
312 1177 565 1246 ἔρχεται
596 1175 750 1245 πρὸς
776 1174 843 1229 τὸ
863 1174 1014 1245 φῶς,
1039 1174 1142 1228 ἵνα
1164 1172 1252 1244 μὴ
1272 1173 1534 1244 ἐλεγχθῇ
1555 1174 1629 1229 τὰ
1648 1175 1793 1245 ἔργα

184 1271 389 1327 αὐτοῦ.

261 1360 742 1432 Ἐὴξεργάζεται
774 1359 1065 1432 χρησίμως
1095 1360 1157 1415 τὺ
1202 1360 1517 1434 εἰρημένον,
1561 1360 1656 1414 καὶ
1697 1360 1790 1414 τὸν

180 1456 268 1509 ἐπὶ
293 1456 419 1518 τοῖς
452 1454 834 1525 συμφέρουσιν
865 1453 1028 1506 ὄκνον
1067 1453 1127 1519 ἐξ
1157 1454 1552 1527 ἀγάπηςοόντα
1579 1455 1679 1525 τῆς
1708 1457 1788 1519 εἰς

178 1551 234 1603 τὸ
256 1547 481 1617 φαῦλον
513 1547 748 1616 ἐλέγχει,
781 1546 877 1598 καὶ
910 1545 1068 1617 ῥίζαν
1088 1545 1285 1617 ἔχοντα
1311 1548 1371 1601 τὸ
1398 1547 1472 1618 μὴ
1502 1547 1786 1616 βούλεσθαι

179 1639 402 1709 μαθεῖν,
439 1639 510 1691 δι’
543 1630 617 1690 ὧν
649 1636 713 1689 ἂν
747 1635 960 1704 γένοιτό
1002 1652 1086 1700 τις
1128 1636 1290 1704 σοφός
1327 1648 1387 1689 τε
1420 1638 1513 1690 καὶ
1560 1638 1782 1707 ἀγαθός.

178 1731 376 1801 «aa-3T5:
437 1729 546 1800 μὲν
597 1728 710 1799 γὰρ
762 1730 860 1783 καὶ
914 1731 1302 1801 παραιτεῖται,
1350 1731 1553 1800 φησιν,
1602 1733 1631 1784 ὁ
1676 1731 1784 1785 τῶν

1897 533 2058 601 Quod
2088 535 2220 590 alibi
2252 552 2474 607 quoque
2502 537 2765 603 ostendit,
2793 541 3016 597 dicens:
3059 559 3078 594 ι
3119 540 3176 597 Si
3201 543 3488 600 volueritis

1896 634 1951 681 et
1984 628 2272 684 audieritis
2312 644 2420 694 me,
2461 629 2606 684 bona
2646 640 2806 686 terra:
2851 632 3197 690 comedetis:
3247 635 3394 706 quod
3440 652 3487 690 ει

1898 718 2192 776 nolueritis
2214 734 2395 791 neque
2425 720 2787 779 exaudieritis
2818 739 2924 790 me,
2943 724 3166 794 gladius
3197 725 3486 782 devorabit

1898 822 1997 866 vos
2024 809 2093 864 “.
2129 826 2149 863 ι

1972 1071 2076 1138 111,
2110 1073 2203 1129 20.
2249 1073 2438 1130 Omnis
2490 1076 2627 1129 enim
2672 1077 2764 1147 qui
2796 1077 2936 1132 male
2967 1079 3104 1148 agit,
3148 1078 3260 1135 adit
3294 1079 3480 1148 lucem,

1892 1174 1943 1220 ct
1993 1182 2097 1221 non
2145 1169 2283 1221 venit
2334 1166 2405 1220 ad
2452 1167 2642 1232 lucem,
2701 1179 2759 1222 ut
2815 1185 2919 1223 non
2969 1180 3267 1241 arguantur
3327 1186 3484 1239 opera

1893 1261 2029 1329 ejus.

1962 1350 2185 1409 Utiliter
2227 1355 2405 1424 pergit
2446 1354 2501 1409 in
2536 1356 2887 1428 expositione
2917 1356 3039 1425 ejus
3079 1357 3227 1428 quod
3273 1357 3482 1412 dictum

1890 1455 1995 1509 est,
2027 1454 2080 1500 et
2120 1447 2173 1501 in
2216 1447 2380 1502 bonis
2412 1451 2774 1520 capessendis
2802 1451 3088 1522 segnitiem
3120 1468 3184 1506 ex
3218 1451 3485 1521 improbi-

1890 1538 2023 1593 tatis
2084 1539 2274 1593 studio
2329 1541 2634 1610 profectam
2692 1543 2893 1612 arguit,
2954 1559 3186 1613 eamque
3242 1544 3481 1598 radicem

1891 1631 2115 1694 habere.
2164 1634 2310 1703 quod
2348 1635 2612 1690 nimirum
2649 1650 2713 1690 ea
2749 1637 2973 1691 discere
3028 1637 3188 1699 nolit,
3228 1652 3323 1707 per
3361 1648 3485 1706 qua:

1891 1724 2017 1792 quis
2049 1724 2269 1791 sapiens
2299 1724 2497 1778 evadat
2541 1740 2607 1779 ac
2640 1726 2843 1781 bonus.
2895 1723 3058 1795 Fugit
3105 1726 3253 1781 enim
3302 1740 3366 1779 ac
3395 1740 3482 1780 1·εά-

176 1822 440 1893 πονηρῶν
475 1822 725 1892 ἐργάτης
755 1821 817 1875 τὸ
848 1822 905 1874 ἐν
936 1821 1078 1891 φωτὶ
1105 1820 1361 1891 γενέσθαι
1399 1822 1476 1892 τῷ
1507 1822 1655 1893 θείῳ,
1684 1823 1780 1876 οὐκ

1890 1815 2013 1867 nuit
2037 1814 2309 1867 malorum
2340 1812 2561 1878 artifex,
2582 1815 2785 1884 inquit,
2805 1814 2989 1869 divina
3016 1816 3069 1868 in
3093 1816 3214 1870 luce
3244 1815 3479 1879 versari,

175 1916 320 1970 αἰδοῖ
369 1917 440 1985 τῇ
486 1913 579 1967 διὰ
618 1913 683 1965 τὸ
730 1910 935 1982 φαῦλον
969 1913 1448 1983 ἐγκαλυπτόμενος
1486 1912 1540 1985 (ἦ
1577 1913 1686 1985 γὰρ
1717 1913 1784 1968 ἂν

184 2007 372 2077 ἐσώθη
402 2005 565 2060 τοῦτο
615 2003 874 2076 παθὼν),
908 2005 1024 2059 ἀλλ’
1078 2006 1136 2059 ἐν
1191 2006 1387 2077 ἀγνοίᾳ
1452 2007 1634 2077 μένειν
1688 2005 1783 2059 τοῦ

188 2101 494 2172 πρέποντος
524 2097 796 2167 ἀγαπῶν,
842 2097 928 2151 ἵνα
962 2096 1037 2169 μὴ
1077 2096 1382 2171 πλήττηται
1424 2097 1782 2170 πλημμελῶν,

183 2194 532 2264 πικροτέροις
566 2190 672 2263 ἤδη
718 2191 838 2254 τοῖς
889 2190 999 2244 ἀπὸ
1042 2189 1137 2244 τοῦ
1189 2191 1494 2256 συνειδότος
1539 2192 1785 2263 ἐλέγχοις

180 2284 548 2357 προσϐαλὼν,
598 2281 694 2335 καὶ
762 2282 854 2336 διὰ
907 2281 1002 2336 τοῦ
1051 2282 1237 2337 λοιπὸν
1286 2283 1675 2348 ἐξεπίστασθαι
1722 2286 1784 2338 τὸ

175 2378 406 2447 ἀγαθὸν,
453 2374 903 2445 δυσαχθεστέραν
941 2375 1154 2445 ὑφέξων
1201 2375 1279 2448 τῷ
1312 2377 1555 2448 κρίνοντι
1600 2379 1779 2449 δίκην,

173 2470 223 2524 εί
250 2470 329 2541 μὴ
364 2468 625 2538 βούλοιτο
655 2469 812 2542 δρᾷν,
849 2468 991 2539 ἅπερ
1021 2468 1087 2523 ἂν
1117 2469 1327 2542 ἀρέσκῃ
1356 2470 1497 2542 Θεῷ.

253 2562 309 2616 ’θ
336 2562 415 2616 δὲ
446 2562 640 2615 ποιῶν
670 2561 1000 2637 dividetur,
1042 2560 1187 2616 τοῦτ’
1224 2561 1412 2628 ἔστιν,
1460 2566 1488 2617 ὁ
1534 2565 1643 2619 τῶν
1684 2566 1783 2637 τῆς

174 2652 439 2724 ἀληθείας
480 2653 666 2724 ἔργων
706 2654 950 2725 ἐραστής
992 2670 1054 2707 τε
1101 2653 1197 2707 καὶ
1242 2650 1523 2726 ποιητὴς(
1546 2656 1782 2726 ἔρχεται

180 2747 322 2815 πρὸς
349 2747 417 2800 τὸ
463 2743 619 2815 φῶς,
663 2745 768 2799 ἵνα
797 2743 1112 2815 φανερωθῇ
1146 2743 1217 2799 τὰ
1259 2746 1406 2817 ἔργα
1437 2748 1647 2813 αὐτοῦ,
1692 2748 1783 2804 ὅτι

180 2838 246 2890 ἐν
275 2834 396 2901 Θεῷ
428 2836 611 2890 ἐστιν
636 2834 1019 2906 εἱργασμένα.

246 2930 323 2983 Οὐ
352 2930 466 2999 γὰρ
497 2931 859 2998 παραιτεῖται
884 2929 980 3007 τὸν
1005 2930 1063 2981 ὲν
1092 2929 1369 3000 πνεύματι
1393 2933 1695 3004 φωτισμὸν,
1721 2931 1779 3002 ἐξ

172 3021 343 3076 αὺτοῦ
370 3022 439 3092 δὴ
471 3020 717 3091 μάλιστα
738 3022 882 3091 ’πρὸς
906 3019 968 3073 τὸ
994 3018 1256 3076 δύνασθαι
1285 3026 1424 3078 νοεῖν
1463 3024 1782 3098 ἀσυναρπά-

181 3128 325 3174 nos;
361 3110 908 3183 χειραγωγούμενος,
943 3112 993 3164 εί
1037 3111 1113 3183 μὴ
1152 3111 1251 3184 τὴν
1291 3113 1443 3167 θείαν
1476 3114 1775 3186 ἐκϐέϐηκεν
1802 3167 1844 3225 C

181 3203 432 3273 ἐντολὴν,
473 3204 564 3256 καὶ
600 3204 652 3255 εί
689 3202 871 3257 πάντα
901 3202 1046 3257 κατὰ
1086 3203 1254 3274 νόμον
1287 3206 1575 3277 εἴργασται
1613 3208 1771 3262 Θεοῦ.

176 3294 340 3347 Ἐστι
366 3292 550 3347 τοίνυν
571 3288 855 3357 ἀπόδειξις
876 3290 1115 3364 ἐναργὴς
1133 3292 1251 3364 ,τῆς
1267 3295 1364 3365 μὲν
1388 3299 1552 3360 είςοτδ
1571 3296 1775 3367 φαῦλον

167 3383 434 3454 ἁχαλίνου
471 3381 672 3453 ῥοπῆς,
701 3383 798 3435 καὶ
823 3382 1064 3454 ἀκράτου
1095 3383 1235 3453 πρὸς
1258 3384 1320 3436 τὸ
1343 3386 1527 3456 χεῖρον
1556 3388 1773 3460 ἡδονῆς,

164 3478 226 3531 τὸ
259 3474 339 3545 μὴ
366 3473 636 3536 ἐθελῆσαι
661 3474 879 3546 μαθεῖν,
911 3475 980 3529 τὰ
1012 3474 1080 3528 δι’
1106 3469 1184 3530 ὧν
1204 3478 1269 3531 ἀν
1290 3494 1376 3542 τις
1406 3478 1595 3550 ἴσχυσε
1638 3481 1776 3552 πρὸς

164 3574 230 3621 τὸ
276 3571 517 3639 ἄμεινον
563 3567 907 3638 ἀναδραμεῖν
933 3583 948 3600 ·
985 3568 1087 3637 τῆς
1131 3567 1189 3621 δὲ
1229 3570 1322 3623 ἐπὶ
1371 3574 1485 3634 τοῖς
1531 3572 1776 3643 ἀρίστοις

168 3656 480 3726 ἐπιθυμίας
507 3696 524 3721 ,
568 3656 634 3709 τὸ
684 3655 1019 3725 φωτίζεσθαι
1052 3656 1242 3727 διψῇν,
1284 3661 1378 3712 καὶ
1420 3658 1611 3732 ὥσπερ
1653 3662 1776 3716 τινὰ

161 3753 372 3805 κανόνα
407 3751 511 3804 καὶ
538 3749 935 3821 ἀπυθυντῆρα
961 3750 1099 3822 πρὸς
1120 3750 1221 3822 τὴν
1251 3752 1594 3825 ἀρέσκουσαν
1634 3754 1780 3808 πολι-

171 3840 457 3925 τείαν-τῷ
504 3838 651 3910 Θεῷ,
699 3838 792 3894 τὸν
847 3839 1012 3894 αὐτοῦ
1067 3843 1342 3896 ποιεῖσθαι
1396 3843 1591 3914 νόμον’
1638 3847 1777 3919 ὅπερ

165 3931 327 3996 εἰδὼς
352 3931 361 3939 ’
384 3931 574 3996 οὕτως
618 3931 788 4004 ἔχειν,
844 3932 941 3986 καὶ
984 3933 1014 3984 ὁ
1047 3933 1334 3998 θεσπέσιος
1388 3934 1585 4005 ἔψαλλε
1629 3937 1778 3991 Μελ-

164 4026 326 4094 ψδός-
366 4046 386 4078 ι
412 4026 474 4080 '0
497 4026 669 4095 νόμος
696 4025 908 4098 Κυρίου
928 4027 1184 4098 ἄμωμος,
1206 4028 1552 4100 ἐπιστρέφων
1575 4029 1775 4101 ψυχὰς,

174 4118 208 4189 ἡ
252 4118 549 4189 μαρτυρία
592 4117 800 4190 Κυρίου
854 4119 1048 4190 πιστὴ,
1102 4119 1403 4188 σοφίζουσα
1457 4123 1667 4194 νήπια⁸
1708 4123 1779 4177 τὰ

163 4210 528 4280 δικαιώματα
563 4211 774 4283 Κυρίου
820 4210 1008 4276 εὐθέα,
1041 4211 1409 4281 εὐφραίνοντα
1441 4215 1698 4285 καρδίαν,
1742 4217 1776 4287 ἡ

160 4302 365 4374 ἐντολὴ
415 4304 632 4375 Κυρίου
661 4302 973 4375 τηλαυγὴς,
1020 4305 1337 4373 φωτίζουσα
1377 4305 1714 4378 ὀφθαλμούς.
1752 4328 1771 4362 I

134 4424 143 4429 υ
227 4395 353 4451 Kal.
383 4395 548 4466 μετὰ
578 4396 771 4452 ταῦτα
808 4392 998 4467 ἦλθεν
1027 4400 1061 4451 ό
1096 4397 1331 4465 Ἰησοῦς
1354 4401 1445 4464 εὶς
1472 4400 1590 4467 τὴν
1629 4402 1776 4456 Ἰου-

1890 1920 2001 1959 non
2030 1905 2144 1958 vitii
2191 1903 2404 1975 pudore
2448 1905 2598 1973 (nam
2635 1905 2681 1959 si
2714 1907 2824 1960 hoc
2869 1906 2919 1961 ei
2956 1906 3324 1976 contingeret,
3361 1920 3479 1960 ser-

1887 1999 2157 2061 varetur),
2192 1996 2288 2051 sed
2330 1996 2475 2066 quod
2518 1996 2573 2049 in
2622 1995 2847 2051 virtutis
2880 1997 3225 2067 ignoratione
3254 2011 3482 2050 manere

1885 2090 2044 2155 velit,
2083 2104 2171 2152 ne,
2207 2089 2254 2143 si
2273 2097 2488 2157 peccet,
2522 2088 2577 2142 in
2603 2089 2846 2146 acriores
2879 2089 3098 2145 demum
3125 2090 3483 2145 conscientia:

1888 2180 2149 2235 stimulos
2202 2181 2471 2244 incurrat,
2538 2191 2593 2235 et
2645 2181 2958 2251 cognitione
3006 2181 3133 2236 boni
3200 2181 3481 2249 graviores

1886 2270 2118 2327 daturus
2149 2272 2220 2326 sit
2245 2271 2420 2341 judici
2450 2285 2665 2342 poenas,
2700 2273 2849 2343 quod
2877 2273 3013 2327 nolit
3040 2286 3102 2328 ea
3138 2271 3318 2328 facere
3359 2289 3480 2343 quae

1886 2362 1999 2420 Deo
2029 2370 2158 2420 sunt
2188 2364 2412 2435 placita.

1958 2571 2071 2634 Ill,
2115 2570 2206 2625 21.
2249 2570 2355 2635 Qui
2397 2579 2574 2626 autem
2626 2568 2758 2641 facit
2806 2570 3077 2625 veritatem
3115 2567 3241 2642 (hoc
3275 2577 3354 2625 est
3386 2569 3479 2640 qui

1886 2661 2067 2734 diligit
2100 2678 2268 2734 opera
2309 2662 2581 2731 veritatis,
2622 2670 2679 2718 et
2710 2676 2775 2718 ea
2815 2660 2997 2732 facit),
3034 2663 3170 2717 venit
3201 2662 3271 2715 ad
3315 2662 3481 2716 lucem

1895 2764 1953 2809 ut
2013 2744 2430 2826 manifestentur
2472 2764 2632 2827 opera
2681 2754 2831 2826 ejus,
2899 2754 3025 2826 quia
3086 2756 3141 2809 in
3188 2753 3298 2809 Deo
3358 2764 3481 2810 sunt

1883 2845 2051 2913 facta.

1968 2938 2087 3000 Non
2136 2932 2282 3002 enim
2345 2943 2651 3015 spiritalem
2709 2942 2924 3013 spernit
2984 2941 3477 3004 illuminationcm,

1883 3058 1982 3113 per
2009 3041 2186 3112 ipsam
2224 3052 2291 3093 eo
2334 3035 2578 3091 maxime
2626 3034 2953 3106 perductus,
3004 3042 3063 3088 ut
3114 3049 3223 3088 non
3276 3043 3479 3089 temere

1884 3133 2196 3202 intelligere
2253 3128 2451 3199 possit,
2513 3142 2647 3182 num
2708 3125 2957 3181 divinum
3021 3124 3350 3191 mandatum
3407 3127 3478 3181 sit

1882 3234 2338 3298 praetergressus,
2376 3233 2430 3277 et
2459 3235 2528 3275 an
2555 3219 2741 3274 omnia
2776 3219 2935 3290 juxta
2982 3217 3073 3274 Dei
3126 3219 3298 3298 legem
3354 3232 3477 3290 per-

1877 3297 2069 3388 egerit.
2104 3312 2455 3369 Manifestum
2482 3302 2660 3382 igitur
2694 3317 3080 3380 argumentum
3114 3297 3199 3364 est
3228 3308 3475 3365 en‘renati

1879 3410 1946 3463 ad
2010 3408 2228 3473 vitium,
2267 3408 2530 3475 impetus,
2584 3410 2640 3457 et
2692 3401 3121 3471 intemperantis
3184 3400 3478 3466 libidinis,

1879 3501 2096 3557 discere
2121 3499 2270 3553 nolle
2302 3512 2367 3552 ea
2398 3511 2497 3566 per
2526 3509 2650 3565 qua:
2673 3492 2832 3563 156
2858 3492 2924 3547 ad
2950 3491 3233 3547 meliorem
3269 3492 3477 3563 frugem

1878 3592 2083 3649 reverti
2130 3591 2355 3662 possis:
2421 3587 2718 3660 probitatis
2747 3594 2930 3640 autem
2967 3599 3032 3639 ac
3081 3583 3330 3650 virtutis,
3382 3600 3476 3638 cu-

1879 3699 2015 3755 pere
2076 3689 2138 3737 ut
2194 3682 2339 3736 lucis
2372 3692 2602 3748 compos
2633 3676 2855 3742 evadas,
2905 3686 2958 3731 et
3013 3676 3260 3746 regulam
3306 3674 3475 3730 veluti

1878 3772 2170 3844 quamdam
2194 3777 2250 3826 et
2270 3769 2536 3825 amussim
2561 3767 2689 3821 vitae
2713 3765 2825 3821 Deo
2853 3763 3128 3834 placentis
3147 3764 3269 3833 ejus
3296 3763 3474 3833 legem

1879 3866 2087 3922 facere.
2121 3864 2277 3931 Quod
2312 3876 2439 3917 cum
2472 3863 2548 3915 ita
2592 3874 2717 3915 esse
2745 3858 2969 3914 divinus
2997 3856 3212 3913 Psaltes
3257 3865 3475 3920 nosset,

1878 3959 2166 4015 canebat:
2210 3972 2230 4006 ι
2290 3953 2401 4009 Lex
2444 3951 2668 4007 Domini
2704 3950 3082 4013 immaculata,
3140 3953 3469 4004 convertens

1880 4051 2147 4116 animas;
2201 4046 2580 4103 testimonium
2635 4042 2855 4097 Domini
2904 4041 3086 4104 ﬁdele,
3141 4040 3471 4110 sapientiam

1879 4148 2151 4215 prestans
2180 4136 2445 4208 parvulis.
2468 4132 2712 4189 Iustitia?
2735 4130 2950 4185 Domini
2980 4136 3165 4196 rectae,
3191 4128 3469 4183 laetiﬁcan-

1878 4245 1963 4291 tes
1989 4233 2180 4295 corda,
2227 4237 2564 4302 prmecptum
2599 4224 2819 4282 Domini
2852 4223 3118 4286 lucidum,
3148 4221 3470 4276 illuminans

1880 4329 2073 4384 oculos
2107 4326 2177 4378 ¹⁸.’
2217 4342 2237 4375 I|
2676 4362 2679 4365 -
2918 4344 2925 4349 ·

1952 4419 2015 4473 lll
2038 4459 2053 4482 ,
2091 4415 2302 4471 22-24.
2360 4412 2428 4467 Et
2468 4420 2588 4484 post
2621 4411 2731 4466 ha’c
2758 4410 2895 4465 venit
2937 4404 3095 4463 Iesus
3131 4417 3180 4461 et
3216 4405 3469 4476 discipuli

150 4488 350 4546 δαίαν
382 4487 510 4559 γῆν
541 4488 695 4558 μετὰ
726 4487 849 4542 τῶν
873 4488 1159 4558 μαθητῶν
1179 4489 1367 4544 αὐτοῦ
1392 4507 1405 4520 ·
1449 4484 1529 4562 ἤν
1565 4491 1636 4545 δὲ
1668 4494 1770 4547 καὶ

1882 4514 1995 4584 ejus
2023 4514 2075 4566 in
2101 4509 2353 4564 Judwam
2385 4515 2602 4560 terram.
2640 4502 2777 4558 Erat
2814 4511 2993 4558 autem
3023 4506 3073 4554 et
3096 4497 3331 4553 Joannes
3372 4496 3463 4550 bas

169 4580 465 4648 ἰωὰννης
497 4578 810 4644 ,βαπτίζων
849 4579 921 4633 ἐν
958 4579 1156 4635 Αἰγῶν
1185 4581 1369 4652 ἐγγὺς
1406 4583 1515 4638 τοῦ
1540 4583 1772 4654 Σαλὴμ,

147 4672 247 4727 ὅτι
278 4671 488 4727 ὕδατα
530 4671 737 4727 πολλὰ
775 4667 859 4743 ἦν
888 4672 1033 4739 ἐκεῖ,
1082 4675 1182 4730 καὶ
1220 4675 1644 4745 παρεγένοντο,
1674 4678 1776 4732 καὶ

144 4765 582 4827 ἐϐαπτίζοντο.
628 4767 808 4821 Οὔπω
844 4766 958 4836 γὰρ
995 4762 1077 4837 ἦν
1113 4767 1496 4838 ,ϐεϐλημένος
1536 4773 1624 4837 εὶς
1658 4770 1777 4841 τὴν

146 4856 466 4926 φυλακὴν
486 4859 520 4910 ό
567 4855 865 4925 Ἰωάννης.

216 4951 423 5020 Πέρας
455 4947 559 5018 ήδη
588 4946 862 5019 λαϐούσης
892 4948 991 5018 τῆς
1025 4948 1163 5019 πρὸς
1193 4947 1509 5020 Νικόδημον
1527 4949 1770 5020 ὁμιλίας,

143 5041 352 5114 ἔτερόν
375 5056 434 5093 τι
470 5038 642 5093 πάλιν
671 5036 930 5111 ὲξαρτύει
966 5037 1389 5110 χρησιμώτατον
1418 5041 1446 5094 ὁ
1481 5040 1772 5105 θεσπέσιος

136 5131 586 5202 εὐαγγελιστής.
621 5124 906 5202 Πνεῦματι
948 5130 1060 5203 γὰρ
1106 5129 1185 5202 τῷ
1236 5129 1367 5201 θείῳ
1396 5132 1771 5201 φωταγωγού-

132 5242 320 5297 μενος
351 5222 502 5295 πρὸς
528 5222 629 5294 τὴν
665 5223 776 5278 τῶν
802 5223 1253 5292 ἀναγκαιοτάτων
1278 5221 1558 5295 ἐξήγησιν,
1589 5228 1768 5279 συνεῖ-

120 5321 230 5376 δεν
294 5318 389 5371 ὅτι
432 5316 783 5387 λυσιτελήσει
843 5316 1061 5385 σφόδρα.
1103 5316 1230 5380 τοὺς
1260 5317 1677 5388 ἐντευξομένους
1705 5317 1768 5372 τὸ

1875 4604 2087 4674 ptisana
2141 4603 2197 4655 in
2242 4599 2424 4653 Δῖηοιι
2448 4598 2613 4667 juxta
2660 4595 2876 4659 Salim;
2916 4594 3243 4663 quia'aquw
3285 4590 3469 4644 multa:

1876 4692 2032 4751 eraht
2070 4692 2202 4756 illic,
2241 4699 2292 4745 et
2319 4687 2618 4753 veniebant,
2652 4695 2702 4740 et
2742 4678 3180 4750 baptizabantur.
3213 4679 3467 4735 Nondum

1875 4787 2017 4842 enim
2048 4785 2246 4838 missus
2277 4780 2454 4850 fuerat
2480 4776 2721 4832 Joannes
2748 4776 2803 4829 in
2823 4788 3108 4827 carcerem.

1876 5000 1877 5003 η
1948 4960 2130 5015 Finito
2161 4957 2373 5013 Christi
2417 4969 2544 5011 cum
2600 4951 2902 5008 Nicodemo
2954 4948 3253 5019 colloquio,
3311 4945 3462 5003 aliud

1874 5053 2141 5125 quiddam
2175 5051 2544 5107 utilissimum
2584 5047 2784 5102 iterum
2834 5043 3002 5101 struit
3034 5042 3258 5097 divinus
3298 5054 3466 5096 evan-

1874 5146 2096 5217 gelista.
2146 5143 2346 5198 Divino
2378 5141 2581 5211 quippe
2614 5138 2960 5193 illuminatus
3001 5134 3212 5203 Spiritu
3263 5131 3331 5188 ad
3373 5147 3465 5188 res

1873 5237 2221 5294 necessarias
2253 5234 2630 5305 exponendas,
2679 5230 2893 5287 sciebat
2939 5242 3140 5300 magno
3169 5225 3295 5282 usui
3348 5224 3465 5281 fore

1872 5330 2245 5393 auditoribus,
2283 5328 2329 5384 si
2365 5328 2514 5383 clare
2537 5330 2901 5394 agnoscerent
2931 5330 3138 5393 quanto
3170 5319 3463 5375 intervallo

126 5412 463 5484 διαγνῶναι
493 5410 709 5482 σαφῶς,
749 5409 928 5482 πόσην
970 5409 1083 5481 ἔχει
1123 5410 1224 5480 τὴν
1271 5411 1570 5482 ὑπεροχὴν..
1609 5411 1765 5483 ἢκαὶ

1882 5423 2101 5480 Ioannis
2162 5422 2434 5492 baptisma
2488 5418 2697 5474 Christi
2752 5416 3084 5488 baptismate
3144 5416 3455 5480 superetur.

126 5503 294 5565 ὀσοις
320 5503 665 5572 ὑπέρκειται
704 5501 945 5573 μέτροις,
974 5502 1050 5566 ὡς
1091 5503 1233 5574 πρὸς
1268 5506 1331 5559 τὸ
1371 5508 1619 5562 Ἰωάννου
1666 5510 1764 5580 βά-

133 5611 366 5659 antqua
425 5594 496 5644 τὸ
539 5592 630 5647 διὰ
663 5593 925 5665 Χριστοῦ.
958 5590 1067 5649 *Ην
1105 5597 1219 5659 γάο
1249 5598 1420 5664 ὅντως
1459 5601 1673 5669 ἐλπίδος
1703 5606 1765 5662 οὐ

208 5770 593 5840 "153.1,19,
622 5770 711 5825 ‘20.
792 5770 838 5803 "
863 5769 1012 5828 Psal.
1041 5788 1199 5837 χνιιι,
1226 5772 1280 5839 8,
1309 5774 1364 5828 9.

1873 5514 2051 5570 Metus
2090 5512 2235 5567 enim
2266 5519 2388 5566 erat
2443 5508 2691 5581 profecto
2737 5523 2848 5563 non
2889 5505 3116 5568 dubius,
3145 5500 3459 5558 exorituros

1874 5608 2113 5678 aliquos,
2148 5606 2245 5676 qui
2277 5618 2388 5676 prae
2440 5603 2643 5672 mentis
2686 5601 2875 5672 inopia
2932 5598 3118 5654 dicere
3167 5591 3455 5657 auderent,
