4106 6498
665 275 771 344 2'59

1659 286 1721 341 ὃ.
1762 283 2041 339 CYRILLI
2081 275 2557 337 ALEXANDRINI
2601 275 2917 332 ARCIUEP.

665 403 749 458 vel
812 401 1024 456 nullum
1074 413 1199 456 esse
1250 405 1482 469 prorsus
1521 396 1713 453 coram
1768 395 2093 460 discrimen,
2144 392 2240 448 sed

2354 389 2566 461 μακράν
2613 386 3098 459 ἀναδειχθήσεσθαί
3155 405 3287 440 ποτε
3336 389 3464 452 τοὺς
3515 388 3944 459 ἀποτολμῶντας

658 494 785 564 'pari
813 492 1188 562 utrumquein
1222 487 1400 561 pretio
1443 488 1780 554 habendum,
1817 488 1902 542 vel
1945 502 2013 542 ex
2055 486 2155 540 hac
2187 488 2240 538 in

659 585 1022 656 ngrestiorem
1084 582 1362 636 inscitiam
1402 581 1657 652 delapsos
1710 581 1919 636 Christi
1973 578 2243 649 baptisma

662 686 1012 744 postponere,
1062 672 1302 742 priorem
1355 681 1538 726 autem
1587 674 1767 727 locum
1824 671 2100 741 baptismo
2151 670 2243 739 qui

665 781 760 834 per
797 779 996 834 aquam
1031 763 1089 816 ﬁt
1137 763 1484 832 impudenter
1522 775 1575 818 et
1603 763 1903 818 insolenter
1943 761 2241 816 ascribere.

663 856 819 922 Quod
852 857 998 910 enim
1047 855 1292 910 audaciae
1343 871 1516 924 genus
1553 855 1880 910 intentatum
1927 854 2246 922 relinquunt

663 947 927 1016 imperiti,
973 955 1067 1000 aut
1102 961 1266 1016 quant
1323 946 1713 1014 blasphemiam
1774 959 1882 998 non
1942 943 2244 1012 arripiunt,

663 1042 1014 1108 insurgentes
1046 1039 1311 1093 adversus
1339 1036 1598 1091 Ecclesiae
1630 1037 1906 1105 dOgmata,
1939 1045 1994 1089 et
2035 1035 2243 1097 omnia,

665 1135 726 1180 ut
754 1126 1024 1195 scriptum
1053 1135 1136 1180 est
1168 1125 1214 1155 "
1235 1164 1250 1188 ,
1291 1132 1440 1178 recta
1482 1123 1844 1195 pervertunt?
1894 1121 1964 1177 Ut
1994 1138 2126 1193 ergo
2158 1139 2248 1177 sa-

667 1217 822 1286 piens
881 1216 1216 1285 evangelista
1269 1227 1532 1284 procaces
1588 1215 1812 1268 illorum
1873 1230 2035 1269 voces
2091 1215 2246 1285 prius

665 1317 956 1375 everteret,
991 1308 1168 1377 ipsum
1205 1307 1365 1362 nobis
1411 1306 1625 1361 inducit
1655 1318 1905 1361 sanctum
1940 1305 2241 1376 Baptistam

666 1404 782 1456 suis
811 1400 1095 1470 discipulis
1121 1401 1197 1454 rei
1231 1400 1476 1470 quaesita:
1502 1400 1832 1454 solutionem
1860 1408 2245 1469 exponentem.

667 1493 911 1562 Baptizat
973 1493 1156 1562 itaque
1217 1492 1476 1547 Christus
1545 1506 1641 1560 per
1701 1499 1832 1547 suos
1889 1491 2245 1563 discipulos:

663 1583 903 1639 Joannes
935 1585 1211 1648 similiter,
1246 1599 1356 1637 non
1385 1593 1566 1638 tamen
1608 1583 1854 1654 profecto
1895 1598 1991 1653 per
2012 1584 2247 1638 aliorum

665 1691 888 1740 manus,
926 1675 1023 1731 sed
1055 1689 1234 1745 neque
1268 1674 1322 1728 in
1346 1674 1612 1743 illisipsis
1631 1672 1880 1728 fontibus
1907 1673 2248 1743 baptizabat,

2351 479 2411 545 ἐξ
2439 481 2623 543 ἀνοίας
2659 481 2865 544 εἰπεῖν,
2903 479 2936 549 ἢ
2987 477 3258 550 μηδεμίαν
3291 478 3429 544 ὅλως
3460 479 3517 532 ὲν
3546 480 3731 544 αὺτοῖς
3763 483 3945 554 ὑπάρο

2365 590 2486 643 χειν
2538 573 2638 642 τὴν
2695 571 2994 644 διαφοράν,
3057 571 3364 643 ἰσομέτροις
3418 571 3474 625 δὲ
3536 572 3677 626 αύτά
3739 573 3947 644 χρῆναι

2351 663 2744 733 στεφανοῦσθαι
2788 667 3004 734 τιμαῖς,
3051 663 3085 735 ἢ
3121 665 3214 717 καὶ
3248 663 3452 734 ταύτης
3487 665 3566 726 εἰς
3596 665 3947 736 ἀγριωτέρα»

2350 755 2704 809 ἀπαιδευσίαν
2733 755 3224 822 ὲξολισθαίνοντας,
3257 756 3356 826 τὴν
3387 756 3485 827 μὲν
3518 755 3610 807 ἐπὶ
3642 759 3757 820 τοῖς
3785 757 3948 825 ἀμεί-

2350 864 2468 900 νοσι
2505 847 2686 916 ψῆφον
2730 846 3026 916 ἀφελέσθαι
3061 847 3152 900 τοῦ
3192 848 3282 901 διά
3310 847 3570 919 Χριστοῦ,
3603 848 3664 900 τὸ
3692 847 3751 899 δὲ
3787 850 3948 918 νικᾷν

2349 939 2428 1010 τῷ
2457 939 2522 992 δι’
2545 939 2736 1002 ῦδατος
2761 939 3134 1010 ἀναισχύντως
3157 938 3623 993 ἐπασωτεύεσθαι.
3649 941 3813 993 Ποῖον
3839 940 3946 1009 γὰρ

2351 1030 2551 1102 θράσος
2590 1033 2704 1096 τοῖς
2731 1031 3081 1094 ἀπαιδεύτοις
3125 1031 3186 1085 οὐ
3231 1031 3414 1100 βατὸν,
3452 1031 3484 1102 ἢ
3534 1031 3618 1084 διὰ
3653 1031 3820 1094 ποίας
3851 1032 3950 1083 οὐκ

2349 1123 2634 1177 ἐλαύνουσι
2680 1124 3015 1196 δυσφημίας,
3059 1124 3109 1175 οἱ
3144 1123 3283 1176 κατὰ
3310 1124 3418 1177 τῶν
3469 1123 3628 1194 ίερῶν
3663 1126 3766 1194 τῆς
3820 1124 3945 1176 Ἐκ-

2350 1214 2578 1286 κλησίας
2602 1215 2887 1286 δογμάτων
2915 1215 3348 1286 ἐξανιστάμενοι,
3383 1216 3476 1268 καὶ
3503 1217 3680 1269 πάντα
3709 1215 3780 1268 τὰ
3809 1214 3950 1287 ὀρθὰ

2349 1306 2796 1378 διαστρέφονται,
2857 1307 3001 1361 καθὰ
3043 1309 3390 1379 γέγραπται;
3443 1309 3563 1362 Ἵνα
3612 1308 3795 1360 τοίνυν
3847 1309 3946 1376 τῆς

2351 1398 2579 1450 ἐκείνων
2613 1397 3057 1468 ἀθυρογλωττίας
3083 1398 3353 1470 προανέλῃ
3379 1398 3479 1460 τὰς
3505 1398 3682 1458 αἰτίας
3705 1400 3733 1450 6
3769 1397 3944 1465 σοφώο

2348 1505 2511 1553 τατος
2545 1489 2958 1560 εύαγγελιστὴς,
3002 1489 3163 1542 αὑτὸν
3197 1493 3329 1559 ἡμῖν
3372 1489 3616 1560 εἰσφέρει
3667 1489 3760 1541 τὸν
3791 1489 3944 1557 ἆγιον

2350 1580 2663 1650 Βαπτιστὴν
2706 1583 2820 1644 τοίς
2859 1581 3082 1645 οἰκείοις
3126 1581 3498 1652 παρατιθέντα
3546 1581 3817 1652 μαθηταῖς
3846 1582 3942 1634 τοῦ

2353 1671 2690 1745 ζητουμένου
2719 1672 2819 1743 τὴν
2844 1672 3018 1727 λύσιν.
3049 1672 3310 1737 Βαπτίζει
3330 1671 3622 1744 τοιγαροῦν
3651 1673 3681 1723 6
3704 1673 3945 1743 Χριστὸς

663 1770 718 1824 in
742 1770 943 1840 quibus
972 1767 1229 1824 Christus
1259 1767 1365 1823 hoc
1383 1766 1567 1822 faccre
1591 1767 1941 1830 cernebatur,
1968 1765 2063 1822 sed
2079 1781 2247 1836 prope

2355 1767 2446 1820 διά
2491 1765 2599 1819 τῶν
2635 1765 2832 1820 ἑαυτοῦ
2871 1766 3131 1836 μαθητῶν
3154 1781 3166 1793 ·
3203 1766 3408 1837 ὁμοίως
3435 1765 3493 1818 δὲ
3533 1765 3628 1818 καὶ
3665 1765 3944 1835 Ἰωάννης,

665 1859 870 1922 Salem,
905 1867 963 1914 ut
997 1861 1267 1928 scriptum
1299 1867 1408 1922 est,
1467 1868 1521 1914 ct
1566 1858 1622 1911 in
1679 1857 1832 1912 fonte
1876 1857 2116 1926 quodam
2153 1856 2259 1927 (ιυί⁴

665 1953 882 2006 vicinus
913 1959 1052 2016 erat,
1086 1963 1142 2006 et
1167 1951 1265 2004 illo
1292 1949 1649 2005 Judaicorum
1677 1948 1910 2004 fontium
1932 1948 2250 2004 discrimine

665 2044 1254 2114 baptismidiscrimen
1287 2044 1695 2114 quodammodo
1730 2043 2049 2107 ostendens,
2091 2041 2248 2112 157

662 2146 716 2188 et
743 2135 980 2188 obscure
1002 2134 1260 2199 innuens,
1292 2133 1436 2188 idem
1469 2148 1581 2188 non
1616 2147 1739 2187 esse
1767 2132 2040 2202 baptisma
2076 2130 2249 2186 Joan-

665 2226 751 2280 nis
791 2241 916 2278 Clllll
946 2239 1013 2279 eo
1039 2225 1187 2293 quod
1213 2239 1244 2276 a
1267 2224 1549 2279 Salvatore
1571 2232 1762 2277 nostro
1788 2221 2015 2276 Christo
2041 2220 2246 2276 factum

664 2329 786 2373 est:
821 2319 1132 2387 proximum
1160 2325 1344 2371 tamen
1391 2331 1516 2372 esse
1545 2324 1598 2370 et
1622 2315 1774 2369 circa
1814 2315 2019 2384 ipsum,
2058 2325 2119 2370 ut
2153 2315 2249 2368 do-

665 2418 818 2464 ceret
841 2411 1296 2480 prmparationem
1313 2409 1609 2480 quamdam
1637 2419 1690 2464 et
1722 2411 2094 2464 rudimentum
2123 2424 2248 2465 esse

664 2501 1032 2572 perfectioris.
1071 2501 1544 2568 Quemadmodum
1581 2515 1714 2570 ergo
1744 2501 1830 2556 lex
1868 2499 2109 2556 Mosaica
2129 2516 2248 2554 um-

666 2596 817 2649 bram
843 2595 1044 2650 habere
1065 2596 1268 2650 dicitur
1291 2594 1605 2650 futurorum
1623 2595 1916 2658 honorum,
1937 2609 2046 2648 non
2065 2608 2250 2649 veram

665 2689 837 2757 ipsam
887 2703 1068 2744 rerum
1121 2688 1412 2758 imaginem
1462 2689 1574 2758 (est
1615 2688 1762 2742 enim
1808 2687 2252 2757 pratexercitatio

664 2783 936 2852 quaedam,
968 2790 1021 2837 et
1044 2783 1226 2836 cultus
1247 2781 1516 2850 spiritalis
1549 2779 1946 2843 rudimentum,
1974 2779 2250 2832 occultam

664 2876 1001 2932 intrinsecus
1063 2875 1346 2930 veritatem
1400 2870 1765 2943 parturiens),
1798 2871 1874 2925 ita
1924 2884 2146 2941 quoque
2183 2870 2252 2924 de

663 2968 934 3037 baptismo
971 2966 1065 3020 illo
1095 2967 1150 3020 in
1188 2965 1572 3036 paenitentiam
1601 2963 1938 3018 censendum
1967 2970 2074 3018 est.

2357 1858 2449 1911 καὶ
2471 1857 2531 1910 ού
2557 1858 2774 1920 πάντως
2796 1857 2884 1911 διὰ
2914 1858 3093 1930 χειρὸς
3118 1859 3344 1929 ἑτέρων,
3369 1857 3486 1911 ἀλλ’
3517 1857 3638 1910 οὐδὲ
3667 1857 3726 1910 ὲν
3752 1857 3947 1922 αὐταῖς

2356 1947 2594 2010 ἐκείναις
2620 1947 2880 2011 ὲϐάπτιζε
2913 1951 3035 2011 ταῖς
3059 1951 3285 2020 πηγαῖς,
3313 1949 3371 2002 ὲν
3395 1942 3482 2011 αἷς
3505 1947 3664 2002 τοῦτο
3687 1951 3946 2021 πράττων

2359 2039 2610 2108 ἐφαίνετο
2647 2040 2913 2109 Χριστὸς,
2964 2039 3103 2093 ἀλλά
3132 2039 3361 2110 πλησίον
3399 2037 3494 2093 τοῦ
3534 2039 3756 2112 Σαλήμ,
3802 2041 3948 2096 uili

2356 2132 2701 2202 γέγραπται,
2741 2133 2836 2186 καὶ
2886 2133 2966 2196 εἰς
3022 2132 3151 2203 μίαν
3201 2131 3312 2184 τῶν
3358 2131 3544 2203 κύκλῳ
3593 2134 3685 2186 καί
3725 2135 3946 2202 γείτονα

2359 2223 2580 2294 πηγὴν,
2618 2223 2714 2276 καὶ
2764 2224 2830 2276 δι’
2879 2223 3047 2278 αὑτοῦ
3083 2224 3286 2295 τρόπον
3319 2224 3444 2278 τινὰ
3490 2222 3584 2278 τοῦ
3631 2224 3941 2294 διωρίσθαι,

2358 2319 2524 2388 φημὶ,
2559 2321 2678 2383 ταῖς
2697 2318 2806 2372 τῶν
2849 2319 3116 2373 Ἰουδαίων
3149 2321 3489 2394 πηγαῖς,τὴν
3520 2321 3613 2374 ἐπὶ
3637 2318 3717 2392 τῷ
3747 2320 3944 2391 βαπτί-

2358 2427 2524 2481 σματι
2555 2409 2818 2465 δεικνύων
2845 2409 3132 2480 διαφοράν,
3165 2412 3260 2465 καὶ
3294 2412 3745 2483 κατασημαίνων,
3771 2411 3853 2476 ὡς
3879 2413 3943 2466 δι’

2356 2503 2712 2573 αἰνίγματος,
2760 2504 2839 2567 ὡς
2873 2504 3068 2557 ταυτὸν
3107 2506 3205 2575 μὲν
3251 2507 3353 2559 οὐκ
3390 2504 3506 2558 ἔστι
3545 2503 3624 2575 τῷ
3661 2504 3820 2578 παρά
3854 2503 3940 2558 τοῦ

2347 2595 2602 2666 Σωτῆρος
2645 2595 2804 2668 ὴμῶν
2857 2596 3096 2669 Χριστοῦ
3148 2597 3212 2650 τὸ
3249 2597 3318 2650 δι’
3367 2595 3531 2650 αὐτοῦ
3557 2613 3570 2626 ο
3622 2595 3858 2666 πλησίον
3900 2596 3942 2649 δ’

2347 2681 2441 2740 οὖν
2474 2687 2661 2758 ὅμως,
2711 2688 2806 2740 καὶ
2856 2689 2986 2759 περὶ
3020 2687 3188 2752 αὐτὸ,
3220 2689 3623 2760 προμελέτησίν
3679 2705 3809 2743 τινα
3854 2692 3942 2742 καὶ

2349 2781 2660 2852 εἰσαγωγὴν
2708 2780 2982 2852 εἰσφέρων
3035 2781 3132 2834 τοῦ
3179 2783 3540 2854 τελειοτέρου.
3592 2783 3810 2854 Ὥσπερ
3857 2777 3943 2835 οὖν

2349 2872 2444 2927 καὶ
2465 2874 2495 2926 6
2522 2872 2686 2943 νόμος
2728 2874 2757 2925 6
2793 2871 2883 2926 διὰ
2929 2872 3173 2936 Μωσέως
3217 2873 3378 2926 σκιάν
3406 2873 3550 2944 ἔχειν
3593 2874 3816 2942 λέγεται
3843 2873 3943 2926 τῶν

2351 2966 2656 3037 μελλόντων
2686 2965 2928 3034 ἀγαθῶν,
2953 2966 3054 3018 οὐκ
3087 2966 3258 3037 αὐτὴν
3285 2970 3386 3036 τὴν
3418 2967 3600 3021 εἰκόνα
3630 2967 3744 3021 τῶν
3772 2985 3941 3038 πραγ·

663 3061 884 3130 μάτωνο
939 3057 1351 3130 προγύμνασμα
1393 3057 1502 3126 γάρ
1541 3073 1595 3108 τι
1636 3058 1730 3110 καὶ
1773 3060 2188 3129 προκατήχησις
2225 3059 2327 3130 τῆς
2368 3062 2426 3115 ιν
2460 3059 2735 3132 πνεύματι
2781 3059 3037 3132 λατρείας
3079 3060 3141 3114 τὸ
3183 3061 3419 3133 γράμμα
3450 3061 3568 3114 ἐστὶ
3626 3063 3688 3116 τὸ
3726 3065 3945 3117 Μωσαῖο

663 3153 778 3213 xcv,
809 3150 1200 3221 κεκρυμμένην
1228 3148 1431 3202 ἔσωθεν
1452 3149 1637 3202 ώδίνον
1662 3149 1761 3220 τὴν
1780 3149 2038 3220 ἀλήθειαν
2061 3166 2076 3181 ·
2107 3148 2251 3203 οὕτω
2289 3152 2504 3224 νοήσεις
2533 3153 2630 3206 καὶ
2656 3152 2718 3206 τὸ
2747 3154 2829 3217 εἰς
2859 3154 3150 3224 μετάνοιαν
3191 3153 3496 3224 βάπτισμα.

736 3241 824 3307 Ill,
860 3242 1048 3297 25-26.
1078 3241 1252 3296 Facta
1283 3251 1358 3298 est
1397 3257 1569 3300 autem
1598 3247 1822 3318 quwstio
1860 3263 1926 3302 ea:
1954 3247 2240 3316 discipulis

2396 3251 2670 3319 Ἐγένετο
2701 3247 2816 3306 οὖν
2841 3249 3090 3318 ζήτησις
3129 3249 3200 3304 ἐκ
3228 3248 3348 3304 τῶν
3357 3250 3646 3320 μαθητῶν
3664 3251 3940 3307 Ἰωάννου

665 3335 893 3390 Joannis
929 3353 1049 3390 cum
1089 3335 1296 3392 Judwis
1331 3337 1394 3392 de
1432 3341 1808 3408 puriﬁcatione
1857 3357 1875 3394 :
1905 3351 1956 3394 et
1994 3354 2248 3397 venerunt

666 3431 736 3484 ad
770 3427 1058 3494 Joannem,
1097 3439 1147 3482 et
1177 3429 1427 3484 dixerunt
1459 3433 1527 3487 ei.

737 3524 873 3577 Cum
904 3521 1077 3578 Judaei
1119 3524 1321 3592 legales
1384 3525 1740 3584 lustrationes
1793 3528 2086 3585 defendere
2139 3545 2248 3586 non

667 3626 914 3687 possent,
949 3632 1049 3672 nec
1077 3618 1440 3687 puriﬁcationi
1472 3621 1686 3676 buculas
1713 3622 1901 3676 cinere
1933 3622 2051 3677 ﬁeri
2074 3625 2249 3680 solita:

667 3706 1027 3776 patrocinari,
1065 3706 1324 3776 quiddam
1355 3711 1409 3764 in
1431 3708 1660 3764 Joannis
1691 3709 1993 3782 discipulos
2019 3714 2252 3768 ordiun-

671 3811 780 3866 tur,
817 3814 930 3870 quo
971 3801 1268 3868 sperabant
1293 3817 1354 3856 se
1388 3803 1590 3872 negotii
1625 3817 1732 3856 non
1770 3818 1963 3872 parum
2001 3806 2084 3862 eis
2118 3808 2253 3861 alla-

667 3901 843 3956 turos,
876 3892 1125 3962 quamvis
1180 3893 1234 3946 in
1278 3893 1397 3949 suis
1431 3892 1590 3948 facile
1643 3905 2059 3964 superarentur.
2113 3897 2249 3952 Nam

665 3982 929 4052 quoniam
974 3983 1112 4037 beati
1143 3983 1402 4054 Baptista
1435 3983 1716 4054 discipuli,
1750 3988 1996 4058 magistri
2039 3990 2123 4044 sui
2153 3991 2249 4044 ba-

667 4075 867 4144 ptisma
895 4075 1286 4144 suspicientes,
1313 4083 1366 4129 et
1397 4075 1807 4143 purificationes
1839 4080 2038 4150 legales
2069 4081 2252 4150 impu-

666 4176 919 4236 gnantes,
956 4177 1218 4238 prtestare
1241 4167 1354 4236 jam
1386 4165 1682 4224 Pharisaeis
1715 4170 1920 4226 virtute
1957 4179 2012 4227 et
2062 4171 2245 4226 erudi-

667 4257 814 4311 tione
861 4258 1210 4322 videbantur,
1270 4257 1393 4311 ideo
1436 4261 1677 4329 graviter
1729 4271 1786 4314 et
1837 4261 2024 4332 inique
2055 4261 2110 4317 id
2170 4263 2248 4316 illi

668 4350 872 4416 ferunt,
909 4352 961 4404 in
1009 4348 1381 4406 conviciando
1425 4352 1602 4406 solum
1637 4353 2014 4422 vehementes,
2075 4363 2130 4409 et
2182 4355 2249 4409 ad

664 4457 878 4498 omnem
919 4445 1181 4498 malitiam
1217 4444 1476 4513 expediti.
1516 4444 1582 4498 Et
1611 4454 1762 4500 certe
1797 4447 1908 4501 alio
1954 4448 2252 4517 respicien-

665 4537 768 4595 tes,
806 4531 1032 4586 laudant
1054 4532 1258 4586 Christi
1292 4533 1649 4602 baptismum,
1681 4551 1790 4590 non
1831 4537 1979 4605 quod
2010 4537 2085 4591 ita
2119 4553 2248 4594 sen-

665 4624 854 4684 tirent,
889 4639 1068 4692 neque
1093 4623 1242 4691 quod
1271 4638 1429 4678 veras
1456 4624 1507 4678 ei
1543 4624 1736 4680 laudes
1765 4623 2128 4695 aﬂunderent,
2153 4629 2247 4684 sed
2283 4629 2324 4683 Ι)
2353 4629 2478 4698 γίαν
2527 4646 2541 4659 ο

663 4714 850 4767 animo
887 4723 1100 4769 tantum
1142 4714 1474 4781 lacessendi,
1503 4724 1558 4770 et
1587 4724 1786 4786 praeter
1821 4719 2146 4773 sententiam
2193 4721 2246 4776 id

664 4803 954 4867 facientes,
987 4807 1166 4859 donec
1194 4805 1259 4860 ad
1279 4807 1485 4860 exitum
1517 4806 1812 4861 consilium
1847 4824 2008 4863 suum
2043 4811 2244 4880 perdu-

663 4908 868 4954 cerent.
883 4897 1116 4952 Ratione
1132 4913 1262 4966 ergo
1283 4899 1601 4954 nullatenus
1617 4900 1996 4956 demonstrare
2013 4911 2244 4970 queunt,

661 4993 863 5048 nedum
885 4993 1219 5046 testimoniis
1243 4991 1542 5062 Scriptum
1567 4992 1786 5048 Christo
1807 4995 2244 5065 patrocinantur.

665 5085 849 5154 (unde
889 5086 1037 5139 enim
1072 5083 1224 5138 istud
1274 5084 1480 5155 ingenii
1528 5085 1843 5142 hominibus
1884 5089 2246 5159 imperitis?)

663 5176 760 5230 sed
792 5176 859 5229 ad
881 5175 1256 5230 confirmanda
1297 5192 1396 5230 sua
1415 5176 1562 5232 dicta
1590 5177 1722 5232 illud
1754 5179 2013 5250 allegant,
2039 5196 2246 5250 paucos

664 5267 956 5320 admodum
993 5267 1059 5320 ad
1093 5265 1382 5335 Joannem,
1425 5271 1628 5325 multos
1685 5288 1818 5328 vero
1850 5273 2118 5344 gregatim
2177 5275 2243 5330 ad

663 5358 942 5412 Christum
999 5357 1300 5414 conﬂuere.
1361 5361 1669 5432 Sperabant
1722 5367 1870 5420 enim
1931 5368 2114 5421 forsan
2157 5368 2246 5421 isti

668 5443 865 5512 oppido
892 5445 1154 5501 vecordes
1174 5448 1418 5506 victoriae
1447 5454 1720 5510 calculum
1755 5471 1814 5511 se
1837 5465 2243 5527 reportaturos.

662 5543 717 5586 et
751 5533 1012 5601 legalibus
1059 5536 1481 5597 lustrationibus
1515 5544 1757 5611 pctiores
1810 5555 1994 5612 partes
2056 5547 2243 5602 datum

735 5713 780 5742 '°
814 5712 974 5768 Mich.
1008 5730 1093 5781 ιη,
1129 5718 1181 5772 9.

2354 3343 2503 3413 μετὰ
2557 3342 2868 3398 Ἰουδαίων
2921 3342 3057 3411 περὶ
3115 3343 3490 3412 καθαρισμοῦ
3508 3386 3524 3408 ,
3594 3345 3697 3398 καὶ
3755 3341 3942 3415 ἦλθον·

2357 3428 2509 3498 πρὸς
2535 3432 2642 3484 τὸν
2671 3430 2972 3499 Ἰωάννην,
3003 3429 3104 3486 καί
3124 3427 3301 3486 εἷπον
3339 3431 3526 3497 αὐτῷ.

2443 3522 2781 3586 Ἀτονοῦντες
2825 3523 3065 3578 Ἰουδαῖοι
3095 3526 3207 3588 τοῖς
3230 3524 3372 3578 κατά
3409 3524 3500 3578 τὸν
3547 3526 3714 3596 νόμον
3761 3529 3934 3598 περιρ-

2359 3613 2670 3685 ραντηρίοις
2696 3614 3068 3680 συνίστασθαι,
3097 3615 3192 3669 καὶ
3231 3615 3622 3686 συναγορεύειν
3656 3617 3765 3670 οὐκ
3800 3618 3939 3688 έχον-

2356 3721 2448 3767 τες
2480 3703 2559 3774 τῷ
2604 3703 2693 3757 διὰ
2731 3703 2930 3757 σποδοῦ
2979 3704 3269 3774 δαμάλεως
3321 3705 3676 3776 καθαρισμῷ,
3723 3705 3942 3775 ἐξυφαί-

2358 3799 2508 3853 νουσί
2542 3815 2594 3851 τι
2616 3801 2728 3862 τοῖς
2751 3799 3006 3852 Ἰωάννου
3039 3797 3332 3869 μαθηταῖς,
3362 3798 3428 3851 δι’
3466 3791 3643 3870 οὗπερ
3698 3801 3944 3870 ἐνόμιζον

2357 3891 2418 3945 οὐ
2447 3891 2681 3961 μετρίως
2734 3892 2977 3945 ἀνιάσειν
3005 3893 3224 3954 αὐτοὺς,
3259 3891 3436 3944 καίτοι
3465 3890 3587 3944 λίαν
3617 3892 3854 3962 ἑτοίμως
3893 3895 3944 3944 ἐν

2356 3983 2470 4048 τοῖς
2507 3983 2630 4036 καθ’
2659 3984 2887 4047 ἑαυτοὺς
2907 3983 3230 4054 ἡττώμενοι.
3263 3982 3481 4052 Ἐπειδὴ
3513 3983 3622 4053 γὰρ
3649 3985 3699 4035 οἰ
3739 3984 3822 4053 τῷ
3848 4003 3946 4054 μα-

2358 4075 2536 4147 καρίῳ
2591 4075 3050 4146 προσεδρεύοντες
3109 4075 3430 4146 Βαπτιστῇ,
3495 4075 3782 4147 κρείττους
3845 4077 3942 4148 ήδη

2357 4167 2454 4220 καὶ
2494 4167 2849 4238 συνετώτεροι
2875 4167 2983 4220 τῶν
3010 4166 3320 4238 Φαρισαίων
3371 4167 3678 4235 ἐφαίνοντο,
3729 4169 3796 4222 τὸ
3842 4185 3944 4220 πα-

2361 4258 2432 4331 ρά
2460 4258 2738 4330 τῷοίκείῳ
2763 4261 3071 4330 διδασκάλῳ
3100 4259 3473 4329 θαυμάζοντες
3505 4259 3817 4330 βάπτισμα,
3850 4263 3944 4314 καὶ

2355 4353 2483 4415 τοὺς
2530 4351 2674 4405 κατά
2723 4352 2887 4423 νόμον
2948 4351 3445 4422 καταγωνιζόμενοι
3505 4351 3889 4422 καθαρισμούς
3925 4369 3940 4379 ⁸

2355 4444 2718 4517 δυσφοροῦσιν
2747 4447 2840 4498 ἐπὶ
2871 4445 3083 4508 τούτοις
3124 4446 3174 4498 οἱ
3209 4445 3344 4512 πρὸς
3386 4445 3546 4514 μόνον
3582 4445 3643 4496 τὸ
3695 4444 3944 4499 διαλοιδο-

2361 4538 2571 4610 ρεῖσθαι
2599 4537 2812 4608 γοργοὶ,
2848 4536 2944 4590 καὶ
2994 4536 3074 4598 εἰς
3108 4535 3288 4588 πᾶσαν
3319 4535 3660 4603 ἑτοιμότατοι
3706 4552 3940 4605 κακουρο

2599 4629 2695 4682 καὶ
2746 4628 2811 4700 δὴ
2859 4628 2952 4681 τὸν
3017 4629 3218 4682 οἰκεῖον
3277 4627 3735 4696 παρατρέψαντες
3795 4627 3935 4695 λόγον

2355 4721 2642 4776 ἐπαινοῦσι
2668 4723 2728 4776 τὸ
2755 4722 3041 4792 βάπτισμα
3070 4720 3132 4773 τὺ
3159 4719 3250 4774 διὰ
3287 4720 3547 4790 Χριστοῦ,
3608 4719 3939 4791 διακείμενοι

2358 4817 2456 4886 μὲν
2507 4817 2606 4868 οὐκ
2632 4815 2808 4887 ὀρθῶς
2833 4857 2847 4878 ,
2896 4814 3016 4868 οὐδὲ
3056 4813 3276 4885 ἀληθεῖς
3312 4812 3568 4876 ἐπαίνους
3613 4812 3709 4866 τοῦ
3763 4814 3938 4884 πράγ-

2365 4924 2532 4977 ματος
2577 4905 2964 4975 καταχέοντες,
3004 4906 3084 4969 εἰς
3122 4905 3180 4960 δὲ
3225 4903 3388 4974 μόνον
3428 4903 3489 4957 τὸ
3521 4902 3770 4974 λυπῆσαι
3808 4922 3947 4974 παρ-

2354 4997 2690 5069 ωξυμμένοι,
2723 4997 2817 5049 καὶ
2849 4994 2947 5066 τὴν
2969 4993 3122 5065 παρά
3157 4992 3384 5064 γνώμην
3407 4990 3778 5060 δανειζόμενοι
3813 4992 3946 5063 πρό-

2353 5092 2523 5154 θεσιν,
2556 5090 2659 5152 ἕως
2687 5089 2753 5144 ἂν
2787 5089 2971 5150 αὐτοῖς
3013 5088 3096 5150 εἰς
3147 5086 3309 5157 ἔργον
3349 5085 3586 5157 ὲκτρέχῃ
3618 5085 3681 5137 τὸ
3713 5085 3952 5138 σπούδα-

2359 5198 2492 5251 σμα.
2547 5179 2786 5251 Λογικὴν
2853 5178 2953 5249 μὲν
3003 5172 3098 5230 οῦν
3135 5174 3394 5246 οὐδεμίαν
3433 5174 3617 5245 ἔχουσι
3671 5175 3951 5229 ποιεῖσθαι

2354 5273 2452 5342 τὴν
2511 5271 2822 5335 ἀπόδειξιν,
2866 5269 2981 5323 ἀλλ’
3020 5267 3144 5321 οὐδὲ
3199 5269 3264 5320 ὲκ
3317 5266 3427 5319 τῶν
3479 5265 3640 5336 ιερῶν
3689 5266 3951 5330 λαϐόντες

2355 5365 2712 5438 Γραμμάτων
2743 5360 3104 5434 συνηγοροῦσι
3144 5357 3366 5429 Χριστῷ
3400 5373 3412 5385 ’
3448 5357 3613 5412 πόθεν
3643 5357 3750 5427 γὰρ
3777 5359 3812 5428 ἠ
3839 5375 3953 5410 τοι·

2355 5456 2493 5527 αύτη
2534 5459 2647 5519 τοῖς
2677 5453 3029 5514 ἀπαιδεύτοις
3073 5450 3328 5512 σύνεσις;
3365 5450 3544 5502 ἐκεῖνο
3571 5447 3628 5501 δὲ
3665 5449 3832 5518 μόνον
3867 5450 3949 5509 εἰς

2357 5547 2646 5617 βεϐαίωσιν
2676 5545 2784 5600 τῶν
2815 5545 3030 5599 οἰκείων
3057 5545 3406 5612 προΐσχονται
3435 5541 3629 5611 λόγων,
3656 5543 3716 5596 τὸ
3745 5541 3946 5612 κομιδῇ

3839 279 4045 344 Ξῧθξ
