4106 6494
258 330 375 396 2m

1354 334 1424 394 ΙΝ
1461 332 1748 393 JOANNIS
1785 331 2239 390 EVANGELIUM
2272 335 2408 392 LIB.
2452 337 2515 393 ll.

3457 342 3566 401 262

255 456 368 526 μὲν
408 451 557 509 εῖναι
598 416 851 529 [ἱβραχεῖς
895 455 1119 530 ἀριθμῷ
1153 455 1282 518 τοὺς
1338 453 1565 527 Ἰωάννῃ
1608 449 1867 523 προστρέ-

1979 448 2071 516 iri;
2100 465 2281 522 eoque
2319 455 2544 512 nomine
2572 471 2634 512 se
2660 456 3021 528 gloriaturos,
3058 457 3105 514 si
3142 457 3355 515 Christi
3388 461 3570 533 bapti-

251 565 489 619 χοντας,
540 548 807 622 ἀγεληδὸν
836 549 895 603 δὲ
941 547 1182 621 βαδίζειν
1229 547 1323 602 ἐπὶ
1366 545 1607 619 Χριστόν
1642 560 1656 574 ο
1704 541 1874 614 ᾤοντο

254 641 373 712 γάρ
405 642 545 706 ἴσως
575 638 713 697 πολῦ
741 642 865 695 λίαν
888 640 1249 713 ἀφραίνοντες
1268 639 1370 712 τὴν
1391 639 1485 692 ἐπὶ⁵
1504 635 1585 708 τῷ
1610 633 1873 690 δύνασθαι

256 735 422 806 νικᾷν
470 733 903 806 ἀποκομιεϊσθαι
945 734 1147 806 ψῆφον,
1194 732 1290 788 καὶ
1335 732 1451 796 τοῖς
1498 729 1742 801 νομικοῖς
1771 742 1872 780 πε·-

259 826 710 900 ριρῤαντηρίοις,
736 827 813 893 ὡς
846 827 950 898 ἢδη
972 819 1872 899 κεκρατηκόσιν,ἀπαυθαδίζεσθαι

256 923 358 991 τῆς
413 919 673 974 Ἰωάννου
704 920 907 993 χειρὸς,
943 922 1004 974 ὲν
1037 920 1287 990 ἀμείνοσι
1319 918 1506 980 θέντες
1534 910 1595 969 τὺ
1614 913 1704 969 διὰ
1729 914 1869 986 Χρι-

260 1008 392 1062 στοῦ
425 1012 546 1074 τοῖς
579 1008 900 1081 προσιοῦσιν
935 1008 1086 1081 αύτῷ
1124 1007 1531 1081 χορηγούμενον
1563 1003 1868 1076 βάπτισμα,

1974 559 2156 600 sinum
2183 545 2235 602 ei
2260 547 2358 618 qui
2393 563 2558 604 manu
2584 548 2818 606 Joannis
2854 552 3179 608 tradebatur
3200 552 3568 623 anteferrent,

1973 641 2031 690 et
2062 636 2369 693 molestiam
2399 639 2652 710 profecto
2691 651 2979 700 creaturos
3025 644 3095 701 iis
3123 647 3191 699 ad
3225 662 3367 717 quos
3401 649 3569 705 verba

1974 723 2269 783 faciebam.
2308 727 2418 786 Sed
2440 729 2741 787 discedunt
2771 735 3016 799 tandem,
3047 745 3103 790 et
3134 751 3203 791 ex
3247 737 3566 794 inconside-

1972 825 2094 871 rata
2124 818 2503 891 disputatione
2536 823 2714 878 multo
2744 825 2922 896 magis
2972 826 3107 882 victi
3156 828 3564 898 digrediuntur.

1977 908 2272 967 Dominum
2313 913 2478 987 158
2500 916 2707 987 quippe
2731 919 2881 972 velut
2909 935 2978 974 ex
3014 919 3348 977 necessitate
3389 921 3569 977 laudi-

1978 1000 2084 1058 bus
2108 1016 2402 1072 coronant,
2434 1008 2599 1064 etiam
2632 1009 2811 1064 inviti.

262 1108 357 1160 καὶ
417 1108 697 1178 λυπήσειν
750 1106 851 1178 μὲν
900 1107 1072 1174 ὅντως
1102 1107 1252 1172 τοὺς,
1281 1105 1416 1179 πρὸς
1440 1094 1539 1170 οὓς
1565 1099 1638 1176 ἦν
1674 1104 1704 1157 6
1736 1099 1916 1169 λόγος.
1970 1099 2436 1158 Ἀπαλλάττονται
2481 1105 2540 1159 δὲ
2599 1105 2755 1177 μόλις
2793 1107 2889 1162 ἐπὶ
2923 1123 3158 1175 τουτοις,
3221 1109 3316 1161 καὶ
3354 1111 3570 1181 ἀναχω-

266 1203 421 1275 ροῦσι
468 1203 581 1259 τῶν
652 1205 907 1260 Ἰωάννου
982 1203 1258 1277 μαθητῶν.
1322 1203 1383 1272 ἐξ
1457 1198 1872 1274 ἀπερισκέπτου
1917 1194 2257 1270 λογομαχίας
2318 1201 2456 1256 πολὺ
2517 1203 2783 1274 μειζόνως
2829 1203 3154 1277 ἡττώμενοι,
3210 1205 3571 1278 καταστεφα-

262 1300 417 1354 νοῦσι
453 1300 571 1371 γὰρ
596 1303 712 1364 τοῖς
736 1299 797 1366 ἐξ
824 1302 1072 1372 ἀνάγκης
1102 1290 1366 1364 ἐπαίνοις,
1401 1299 1498 1353 καὶ
1535 1297 1635 1367 οὐχ
1654 1294 1876 1357 ἑκόντες
1910 1291 2004 1346 τὸν
2030 1293 2259 1368 Κύριον.

344 1391 579 1456 Ῥαόὄὶ,
622 1389 692 1456 ὃς
711 1384 792 1461 ἦν
815 1393 968 1461 μετὰ
997 1391 1115 1447 σοῦ
1160 1391 1351 1462 πέραν
1387 1391 1496 1447 τοῦ
1546 1385 1869 1458 Ἰορδάνου,

262 1473 309 1546 ᾧ
347 1481 437 1534 σὺ
483 1482 949 1550 μεμαρτύρηκας
972 1522 987 1545 ,
1041 1480 1133 1536 [de
1189 1477 1371 1548 οὗτος
1416 1478 1693 1546 ,βαπτίζει
1712 1520 1729 1546 ,
1771 1478 1873 1533 καὶ

263 1573 503 1640 πάντες
528 1573 805 1642 ἔρχονται
846 1575 997 1643 πρὸς
1037 1574 1245 1629 αὐτόν.
1309 1573 1630 1643 Ἀπεκρίθη
1666 1570 1870 1628 Ἰωάν-

262 1684 405 1735 νης,
444 1666 545 1721 καὶ
574 1661 763 1720 εἶπεν.

334 1761 473 1824 Τοῖς
498 1759 609 1813 τῶν
640 1760 954 1832 Φαρισαίων
979 1758 1160 1830 λύγοις
1205 1748 1636 1831 καταδηχθέντες
1667 1758 1717 1812 ol
1765 1771 1871 1830 μα-

269 1848 456 1926 θηταὶ,
484 1853 583 1907 καὶ
611 1856 694 1917 είς
730 1854 904 1924 αὐτὴν
943 1853 1001 1909 δὲ
1037 1853 1131 1909 τοῦ
1179 1856 1507 1929 πράγματος
1557 1853 1873 1925 ἀφορῶντες

268 1946 367 2017 τὴν
389 1944 581 2015 φύσιν,
606 1945 975 2017 ψευδομένους
1000 1948 1100 2018 μὲν
1116 1934 1362 2019 ἐλέγχειν
1378 1940 1520 2021 ἦσαν
1545 1950 1644 2020 οὐχ
1666 1942 1768 2003 οἷοί
1789 1960 1870 2015 τε,

279 2037 599 2108 διαποροῦσι
659 2038 718 2091 δὲ
767 2034 1020 2107 εἰκότως,
1061 2042 1159 2095 καὶ
1209 2041 1271 2095 τὸ
1318 2041 1460 2112 μέγα
1486 2040 1582 2095 τοῦ
1619 2041 1873 2114 Σωτῆρος

280 2128 435 2201 ἡμῶν
456 2131 553 2183 οὒκ
606 2124 812 2196 είδότες
844 2131 1089 2204 ἀξίωμα,
1128 2132 1566 2189 καταπτοοῦνται
1613 2134 1734 2189 λίαν
1780 2123 1872 2188 ἐπὶ

274 2224 383 2284 τοῖς
422 2221 679 2277 Ἰωάννου
717 2226 1201 2297 μειονεκτήμασιν,
1236 2226 1378 2281 αἰδοῖ
1407 2244 1467 2280 τε
1502 2228 1598 2280 καὶ
1632 2227 1872 2298 θαύματι

268 2315 356 2369 τὸν
394 2314 459 2380 ἐξ
489 2315 718 2386 ἀγάπης
750 2316 1092 2389 κεράσαντες
1114 2318 1297 2387 λόγον,
1335 2318 1581 2386 ἀξιοῦσιν
1625 2321 1727 2392 ἤδη
1772 2337 1875 2390 μα-

265 2406 401 2475 θεῖν,
436 2409 567 2463 ὃτου
602 2408 666 2481 δὴ
713 2409 877 2482 χάριν
923 2411 954 2464 6
993 2414 1116 2475 ταῖς
1148 2413 1280 2484 παρ’
1305 2411 1472 2465 αὐτοῦ
1517 2430 1873 2484 μεμαρτυρη-

268 2498 432 2570 μένος
469 2502 685 2569 φωναῖς
728 2501 924 2571 φθάνει
963 2502 1061 2573 μὲν
1095 2502 1258 2557 αὐτὸν
1287 2506 1346 2557 ἐν
1382 2504 1680 2572 εύκλείαις,
1736 2518 1873 2578 προ-

264 2589 411 2660 πηδᾷ
440 2588 505 2642 δὲ
532 2591 601 2660 τῇ
635 2590 847 2662 χάριτι,
888 2589 987 2645 καὶ
1020 2592 1313 2664 σαγηνεύει
1349 2593 1629 2666 βαπτίζων
1666 2596 1726 2649 οὑ
1773 2595 1871 2666 μέν

266 2699 355 2755 ρος
395 2683 504 2749 τῆς
564 2683 790 2755 ἀπάσης
840 2683 1085 2755 πληθύος
1128 2686 1454 2759 Ἰουδαϊκῆς.
1485 2687 1606 2743 ἀλλ’
1652 2687 1755 2759 ἤδη
1777 2689 1873 2743 καὶ

265 2775 503 2839 πάντας.
534 2774 856 2830 Ἐποιοῦντο
893 2777 972 2842 δέ,
1005 2779 1149 2835 κατὰ
1174 2778 1237 2834 τὸ
1262 2781 1430 2848 είκὺς,
1456 2781 1557 2835 οὐκ
1583 2781 1737 2835 ἀθεεὶ
1770 2782 1869 2854 τὴν

270 2864 496 2936 ζήτησιν
526 2884 540 2898 ·
604 2866 853 2923 καλεῖται
907 2868 1016 2943 γὰρ
1054 2858 1307 2926 ἐντεῦθεν
1358 2875 1387 2926 ὁ
1432 2874 1748 2944 Βαπτιστὴς
1791 2875 1872 2939 είς

264 2957 470 3031 ἀκριὸἦ
534 2961 631 3014 καὶ
679 2960 905 3033 μακρὰν
953 2960 1082 3033 περὶ
1132 2961 1228 3016 τοῦ
1283 2963 1535 3035 Σωτῆρος
1587 2964 1869 3037 ἐξήγησιν,

262 3051 358 3104 καὶ
394 3050 841 3125 διαφανεστάτην
883 3052 994 3108 τῶν
1051 3053 1444 3128 βαπτισμάτων
1479 3057 1725 3130 εἰσφέρει
1772 3058 1871 3132 τὴν

270 3141 554 3215 διαφοράν.

347 3237 433 3289 Οὐ
475 3234 728 3290 δύναται
763 3236 1079 3306 ἄνθρωπος
1127 3230 1461 3310 ,λαμϐάνειν
1509 3239 1712 3307 οὐδὲν,
1759 3241 1870 3297 ἐὰν

250 3325 345 3396 μὴ
382 3321 430 3398 ᾖ
446 3325 783 3399 δεδομένον
811 3328 974 3396 αὐτῷ
995 3331 1064 3386 ἐκ
1081 3332 1187 3386 τοῦ
1218 3333 1502 3401 οὐρανοῦ.

328 3420 507 3474 Οὐδέν
537 3438 706 3492 φησιν
741 3423 801 3475 ἐν
827 3421 1140 3496 ἀνθρώποις
1178 3422 1407 3493 ἀγαθον,
1442 3424 1470 3478 ὃ
1519 3424 1595 3498 μὴ
1647 3420 1868 3490 πάντως

254 3506 404 3566 εἶναι
441 3513 543 3566 καὶ
567 3501 873 3569 θεύσδοτον.
922 3513 1019 3567 «Τί
1050 3515 1158 3585 γὰρ
1192 3513 1358 3585 ἔχεις,
1389 3513 1417 3568 ὃ
1445 3516 1546 3570 οὐκ
1571 3515 1799 3583 ἔλαθεςς
1842 3535 1862 3569 ι

250 3603 488 3659 ἀκούειν
523 3605 594 3658 ἂν
629 3606 833 3678 πρέποι
870 3608 937 3677 τῇ
971 3606 1170 3660 κτίσει.
1202 3604 1418 3678 Χρῆναι
1458 3607 1517 3663 δέ
1559 3606 1713 3679 οἶμαι
1752 3605 1866 3673 τοῖς

252 3693 358 3760 μὲν
392 3694 838 3765 ἁπονεμηθεῖσιν
884 3685 1175 3768 ἀρκεῖσθαι
1223 3695 1465 3770 μέτροις,
1492 3698 1587 3751 καὶ
1625 3701 1746 3761 ταῖς
1775 3698 1866 3752 ού-

249 3784 494 3856 ρανόθεν
525 3784 918 3857 διωρισμέναις
944 3786 1242 3860 ἐφήδεσθαι
1273 3793 1483 3860 τιμαῖς,
1525 3789 1866 3845 ἐκτείνεσθαι

245 3877 311 3929 δὲ
355 3876 684 3949 περαιτέρω
725 3877 1020 3951 μηδαμῶς,
1059 3880 1193 3952 μηδέ
1240 3879 1554 3953 ἀχαρίστως
1605 3884 1672 3955 τῇ
1731 3882 1867 3955 πρὸς

244 3970 313 4023 τδ
332 3969 533 4041 μεῖζον
563 3972 652 4026 ἀεὶ
681 3974 1059 4045 κεχρημένους
1098 3975 1306 4044 ἐφέσει,
1333 3974 1434 4048 τὴν
1482 3975 1691 4031 ἀνωθεν
1742 3978 1866 4031 ἀτικ

250 4060 461 4132 μάζειν
500 4059 706 4133 ψῆφον,
740 4064 837 4117 καὶ
871 4063 1216 4130 δεσποτικοῖς
1239 4067 1626 4139 ἀπομάχεσθαι
1656 4068 1862 4141 κρίμα-

248 4170 364 4218 σιν,
403 4153 556 4208 αίδοῖ
605 4154 704 4209 τοῦ
739 4157 816 4229 μὴ
869 4157 1047 4230 δοκεῖν
1091 4157 1187 4213 τοῦ
1222 4159 1563 4233 τελειοτέρου
1603 4161 1663 4216 τὸ
1709 4161 1863 4216 ἔλατ-

244 4264 346 4301 τον
379 4246 773 4321 ἀποφέρεσθαι
803 4267 819 4281 ο
849 4245 1078 4316 ἀλλὀἷς
1108 4268 1216 4324 περ
1250 4250 1317 4306 ἃν
1343 4253 1606 4327 ἐθελήσας
1631 4254 1862 4327 τιμήσῃ,

241 4337 435 4391 ταῦτα
461 4336 527 4410 δὴ
547 4338 643 4392 καὶ
681 4337 828 4410 μάλα
855 4339 1131 4395 ποιεῖσθαι
1156 4342 1283 4415 περὶ
1305 4342 1525 4398 πολλοῦ.
1548 4344 1641 4416 Μὴ
1665 4341 1866 4415 ἀσχαλ-

242 4429 397 4483 λέτω
451 4431 751 4503 τοιγαροῦν
796 4432 826 4485 ὀ
876 4432 1040 4505 ἐμὸς,
1089 4436 1246 4505 φησὶ,
1291 4435 1562 4507 μαθητὴς,
1605 4440 1655 4491 εί
1698 4434 1865 4509 μὴτὸ

2050 1385 2139 1454 ΙΙΙ,
2170 1386 2261 1443 26.
2294 1387 2488 1454 Rabbi,
2519 1391 2612 1462 qui
2655 1401 2775 1446 erat
2825 1401 2994 1447 tecum
3043 1400 3197 1447 trans
3248 1392 3570 1463 Iordanem,

1975 1479 2064 1532 cui
2095 1488 2152 1532 tu
2186 1481 2546 1536 testimonium
2571 1482 2919 1552 perhibuisti,
2949 1500 3102 1549 ecce,
3160 1485 3245 1541 hic
3301 1487 3567 1557 baptizat,

1971 1579 2024 1626 et
2074 1588 2253 1627 omnes
2309 1575 2526 1629 veniant
2585 1575 2657 1629 ad
2700 1591 2842 1631 eum.
2885 1575 3174 1646 Respondit
3220 1576 3483 1645 Joannes,
3515 1590 3567 1638 et

1973 1661 2132 1720 dixit.
3326 1674 3327 1677 “

2048 1754 2344 1829 Discipuli,
2372 1748 2777 1816 Pharisaeorum
2801 1761 2966 1818 dente
2990 1763 3255 1830 lacessiti,
3276 1764 3569 1838 ipsamque

1905 1829 1945 1886 Β
1974 1849 2057 1904 rei
2093 1861 2347 1906 naturam
2380 1851 2677 1919 intuentes,
2707 1869 2899 1910 eorum
2957 1855 3181 1926 quidem
3215 1858 3568 1915 mendacium

1974 1957 2277 2015 coarguere
2304 1961 2414 2002 non
2439 1955 2717 2019 pateram,
2739 1948 2834 2004 sed
2850 1950 2977 2020 jure
3002 1950 3300 2019 dubitant;
3328 1966 3570 2025 cumque

1974 2037 2232 2092 eximiam
2273 2037 2424 2092 illam
2464 2039 2642 2094 nostri
2683 2037 2988 2097 Salvatoris
3054 2040 3380 2113 dignitatem
3412 2043 3572 2116 igno-

1975 2136 2120 2194 rent,
2160 2128 2521 2186 vehementer
2545 2131 2829 2187 mirantur
2855 2133 3092 2190 minoris
3121 2132 3245 2190 ﬁeri
3275 2134 3565 2203 Joannem,

1962 2222 2027 2276 et
2054 2221 2268 2292 pudore
2307 2230 2475 2294 atque
2506 2222 2880 2281 admiratione
2907 2241 3222 2283 sermonem
3256 2243 3323 2283 ex
3381 2242 3573 2284 amore

1977 2313 2284 2381 profectum
2314 2322 2708 2386 temperantes,
2746 2317 3115 2373 sciscitantur
3135 2319 3358 2375 demum
3393 2324 3567 2390 quam

1976 2403 2047 2458 ob
2078 2418 2305 2460 causam
2333 2404 2592 2463 Christus
2621 2408 2673 2464 ei
2705 2409 2879 2482 gloria
2906 2409 3230 2475 antecellat,
3253 2410 3413 2482 cujus
3435 2422 3574 2470 voce

1975 2496 2352 2552 testimonium
2385 2499 2620 2570 accepit,
2646 2501 2809 2570 eique
2831 2490 3011 2573 gratia
3038 2509 3281 2572 μηδι-ει,
3307 2517 3408 2559 nec
3439 2519 3571 2574 par-

1976 2598 2081 2643 tem
2123 2590 2303 2645 solum
2341 2590 2587 2649 Ju‘daica:
2624 2594 3020 2659 multitudinis,
3081 2596 3179 2651 sed
3232 2599 3431 2653 omnes
3472 2596 3574 2652 ba-

1974 2681 2236 2750 ptizando
2267 2681 2336 2737 ad
2363 2698 2423 2740 se
2451 2685 2761 2755 pertrahar.
2789 2685 2927 2741 Illud
2964 2701 3133 2757 porro
3159 2702 3273 2743 non
3300 2689 3424 2745 sine
3446 2704 3571 2745 ,ηει-

1975 2775 2143 2841 mine,
2201 2781 2265 2828 ut
2312 2776 2567 2845 videtur,
2610 2781 2988 2848 quaesierunt:
3049 2788 3391 2851 provocatur
3420 2782 3570 2837 enim

1973 2861 2104 2918 hinc
2133 2864 2381 2934 Baptista
2411 2866 2477 2921 ad
2511 2877 2765 2923 exactam
2819 2877 2875 2924 et
2904 2870 3128 2940 longam
3179 2871 3251 2927 de
3282 2869 3572 2929 Salvatore

1973 2958 2351 3013 narrationem
2374 2958 2707 3045 faciendam,
2726 2969 2779 3017 et
2795 2962 3153 3019 manifestum
3179 2963 3567 3036 baptismatum

1974 3048 2194 3103 illorum
2225 3047 2526 3105 discrimen
2544 3049 2736 3106 'ali’ert.

2043 3227 2135 3292 ΙΙΙ,
2168 3226 2260 3284 27.
2302 3226 2428 3285 Νοη
2452 3240 2624 3301 potest
2651 3231 2807 3285 homo
2833 3234 3073 3303 accipere
3106 3233 3421 3305 quidquam,
3460 3232 3572 3293 nisi

1971 3316 2134 3390 fuerit
2162 3322 2212 3376 ei
2245 3322 2432 3376 datam
2471 3321 2536 3378 de
2563 3323 2717 3379 talo.

2040 3413 2189 3470 Nihil
2258 3416 2445 3486 inquit
2493 3416 2549 3471 in
2611 3414 2935 3473 hominibus
2986 3418 3192 3474 bonum
3232 3434 3378 3488 esse,
3419 3421 3570 3492 quod

1969 3510 2133 3579 plane
2162 3523 2191 3561 a
2240 3505 2353 3564 Deo
2399 3509 2590 3565 datum
2639 3525 2753 3566 non
2793 3512 2888 3567 sit.
2933 3529 2955 3565 ι
2990 3511 3132 3579 Quid
3181 3515 3326 3568 enim
3376 3515 3569 3583 habes,

1962 3601 2112 3668 quod
2142 3615 2253 3655 non
2300 3599 2563 3670 accepisti
2587 3600 2677 3655 "‘l
2709 3622 2728 3655 ι
2770 3610 3085 3658 creaturam
3137 3604 3332 3662 audire
3385 3606 3568 3664 decet.

1967 3690 2227 3746 Arbitror
2263 3699 2448 3748 autem
2485 3707 2586 3749 sua
2615 3700 2770 3750 sorte
2811 3701 3107 3752 contentos
3145 3710 3274 3753 esse
3329 3697 3564 3767 debere,

1966 3791 2022 3838 et
2050 3784 2361 3841 honoribus
2394 3785 2618 3842 ccelitus
2675 3787 2964 3844 concessis
3024 3789 3412 3860 acquiescere,
3464 3806 3570 3849 nec

1948 3876 2202 3932 ‘ulterius
2256 3878 2559 3950 quidquam
2623 3876 2905 3946 adectare,
2957 3895 3060 3936 nec
3094 3882 3316 3953 ingrato
3368 3882 3561 3939 animo

1968 3968 2215 4024 divinum
2241 3972 2529 4040 aspernari
2555 3970 2866 4033 decretum,
2893 3971 3074 4041 majus
3097 3987 3323 4045 semper
3349 3974 3564 4043 aliquid

1968 4061 2285 4125 ambiendo,
2313 4069 2370 4117 et
2391 4059 2607 4118 Domini
2632 4063 3155 4133 pugnarejudicils,
3208 4064 3357 4135 quod
3411 4080 3568 4121 asse-

1966 4154 2060 4226 qui
2090 4154 2295 4224 pudeat
2318 4154 2469 4225 quod
2506 4153 2754 4225 perfecto
2804 4155 2878 4210 sit
2924 4156 3132 4219 minus,
3167 4157 3261 4211 sed
3295 4171 3567 4227 quaecum

1962 4258 2076 4315 que
2104 4244 2377 4299 honorare
2400 4245 2662 4312 voluerit,
2700 4259 2764 4302 ea
2798 4250 2952 4301 certe
2973 4244 3157 4316 magni
3187 4243 3462 4301 iacienda.
3486 4245 3567 4302 Ne

1960 4338 2187 4408 angitur
2211 4339 2402 4409 itaque
2430 4353 2606 4403 meus,
2640 4339 2842 4410 inquit,
2902 4336 3237 4408 discipulus,
3293 4339 3341 4394 si
3383 4354 3561 4395 meam

1962 4440 2173 4487 sortem
2226 4447 2339 4487 non
2382 4432 2611 4495 excedo.
2671 4436 2719 4489 si
2776 4432 3046 4504 majorem
3081 4447 3194 4487 non
3251 4432 3471 4503 ignoro;
3510 4444 3566 4490 et

243 4522 390 4593 ἐμὸν
412 4522 717 4593 ἐξάλλομαι
745 4521 966 4596 μέτρον,
998 4525 1046 4578 εί
1075 4524 1137 4578 τὸ
1179 4524 1365 4597 μεῖζον
1393 4527 1496 4580 οὐκ
1532 4526 1731 4596 ἀγνοῶ,
1769 4528 1864 4581 καὶ

1970 4526 2115 4581 intra
2144 4526 2377 4598 gloriam
2406 4525 2739 4583 humanitati
2765 4533 3166 4598 congruentem
3208 4540 3495 4584 coerceor.

240 4616 333 4677 εἰς
363 4611 532 4681 δόξαν
561 4610 1013 4688 ἀνθρωποπρεπῆ
1041 4615 1430 4689 συστέλλομαι.

310 4706 506 4763 Αὐτοὶ
522 4704 698 4776 ὑμεῖς
717 4724 822 4778 μοι
848 4707 1219 4778 μαρτυρεῖτε,
1249 4707 1341 4764 ὅτι
1363 4704 1555 4764 εἷπον·
1582 4708 1729 4781 Ἐγὼ
1748 4713 1862 4767 οὐκ

236 4796 371 4866 etp)
401 4797 437 4851 6
468 4795 751 4864 Χριστὸς,
783 4796 924 4853 ἀλλ’
970 4797 1060 4852 ὅτι
1092 4798 1554 4869 ἀπεσταλμένος
1589 4800 1706 4871 ειμι
1759 4801 1863 4872 ἐμι-

235 4890 535 4958 προσθεν
555 4887 820 4944 ἐκείνου.

316 4980 426 5044 Et;
450 4979 764 5051 ἀνάμνησιν
794 4979 920 5049 ἀγει
948 4980 1079 5045 τοὺς
1119 4981 1318 5037 ἑαυτοῦ
1345 4981 1596 5056 μαθητὰς
1643 4976 1719 5039 ὧν
1759 4985 1860 5058 ήδη

236 5078 530 5142 πολλάκις
552 5078 827 5151 ἀκηκόασι
855 5078 1054 5149 λόγων,
1072 5077 1209 5151 ὁμοῦ
1234 5080 1334 5151 μέν
1354 5079 1597 5152 ἐλέγχων
1624 5081 1859 5151 εὐφυῶς,

234 5176 327 5241 ὡς
363 5176 436 5246 τῇ
465 5172 579 5228 τῶν
602 5172 896 5246 χρησίμων
925 5173 1071 5246 λήθῃ
1111 5172 1562 5246 κεχειρωμένους,
1601 5174 1695 5229 καὶ
1734 5174 1863 5245 περὶ

234 5269 356 5340 τὴν
388 5265 542 5319 οὕτω
570 5263 912 5336 σεμνοτάτην
954 5262 1308 5320 διδασκαλίαν
1357 5262 1861 5333 ἀπονυστάζοντας,

234 5358 491 5431 ὖμοῦοδὲ
509 5357 821 5415 ἀναπείθων
846 5356 949 5430 τῆς
985 5357 1135 5423 θείας
1162 5358 1474 5431 μεμνῆσθαι
1496 5359 1742 5431 Γραφῆς,
1767 5358 1865 5413 ἀτε

234 5453 313 5524 δὴ
338 5454 410 5524 τῇ
444 5453 544 5505 ἐπὶ
565 5449 743 5523 τούτῳ
772 5450 1103 5523 φιλομαθείᾳ
1141 5450 1657 5524 συντεθραμμένους
1679 5469 1692 5482 ο
1742 5452 1865 5505 τίνα

245 5546 361 5617 μὲν
417 5544 646 5600 ἔσεσθαι
689 5545 957 5617 κηρύττει
1015 5546 1252 5612 Χριστόν
1284 5560 1300 5576 ⁸
1348 5544 1471 5600 τίνα
1504 5540 1668 5627 δὲῑαῦ
1699 5545 1864 5601 πάλιν

243 5641 345 5693 τὸν
374 5639 720 5712 προκήρυκα
766 5639 1087 5710 Βαπτιστήν
1118 5656 1130 5669 ο
1159 5637 1301 5693 οὕτω
1342 5638 1450 5709 γὰρ
1492 5637 1718 5708 ἔμελλον
1762 5638 1863 5709 τὴν

365 5822 410 5857 ’⁷
444 5818 467 5871 Ι
509 5818 640 5874 Cor.
668 5833 741 5882 tv,
772 5816 829 5872 7.

2041 4702 2133 4766 ΙΙΙ,
2163 4702 2257 4758 28.
2294 4702 2409 4773 Ipsi
2432 4720 2524 4759 vos
2547 4703 2677 4758 mihi
2702 4701 3062 4757 testimonium
3083 4697 3391 4767 perhibetis,
3422 4700 3565 4769 quod

1968 4796 2242 4852 dixerim:
2284 4793 2409 4851 Non
2441 4813 2559 4851 sum
2591 4812 2687 4867 ego
2725 4793 2974 4851 Christus
3004 4810 3019 4859 ;
3058 4789 3151 4845 sed
3197 4792 3327 4860 quia
3364 4793 3562 4849 missus

1970 4904 2087 4945 sum
2126 4897 2248 4944 ante
2278 4888 2458 4943 illum.

2045 4982 2342 5054 Discipulis
2393 4981 2512 5037 suis
2561 4980 2618 5035 in
2680 4978 3006 5035 memoriam
3060 4981 3280 5037 reducit
3336 4993 3401 5036 ea
3441 4992 3567 5050 qua:

1971 5090 2116 5148 saepe
2147 5076 2259 5148 jam
2293 5073 2609 5135 audierant,
2641 5072 2847 5142 partim
2876 5072 3098 5145 quidem
3132 5089 3228 5131 eos
3288 5072 3429 5132 scite
3474 5087 3561 5128 ar-

1970 5188 2167 5244 guens,
2201 5170 2362 5241 quasi
2395 5181 2586 5224 rerum
2614 5165 2832 5221 utilium
2871 5160 3036 5238 159
3067 5167 3347 5224 oblivione
3373 5181 3567 5240 grava~

1970 5277 2079 5335 tos,
2140 5273 2194 5322 ct
2243 5264 2310 5321 ad
2364 5270 2478 5318 tam
2533 5275 2757 5333 gravem
2798 5259 3112 5321 doctrinam
3168 5260 3563 5321 dormitantes,
3616 5322 3619 5327 η

1972 5358 2171 5430 partim
2201 5369 2335 5411 vero
2360 5353 2602 5410 suadens
2636 5352 2841 5408 divinae
2883 5349 3189 5423 Scriptura:
3219 5347 3561 5411 meminisse,

1972 5450 2226 5506 homines
2263 5448 2319 5501 in
2349 5446 2471 5517 ejus
2514 5445 2701 5502 studio
2736 5443 3046 5516 prmsertim
3084 5443 3367 5504 educatos,
3398 5450 3563 5508 quem

1968 5540 2071 5598 illa
2126 5542 2372 5596 futurum
2415 5539 2700 5595 Christum
2760 5535 3055 5609 praedicet,
3107 5542 3163 5589 et
3216 5543 3380 5604 quem
3431 5527 3566 5630 item

1974 5646 2283 5705 praeconem
2328 5626 2654 5701 Baptistam.
2713 5629 2808 5685 Sic
2847 5626 3289 5709 enim:utroque
3341 5625 3560 5690 cognita
