4106 6480
371 332 485 392 269

1472 330 1542 387 ιΝ
1566 330 1857 390 JOANNIS
1883 327 2329 388 EVANGELIUM
2365 330 2495 386 ιλιι.
2538 329 2603 389 ll.

3580 340 3688 397 270

369 450 595 523 Πατρός
630 449 948 523 διαλάμψας
979 451 1162 520 λόγος,
1195 451 1511 516 ἰδιάζουσαν
1543 451 1682 522 ἔχων
1710 451 1809 522 τὴν
1836 449 1962 504 ἀνω·

2090 447 2201 505 Deo
2225 447 2384 503 Patre
2410 446 2636 517 eﬂ’ulsit,
2657 448 2993 520 peculiarem
3023 448 3237 509 habens
3270 451 3419 507 illam
3449 458 3733 525 superne”

366 544 468 598 θεν
508 542 791 615 γέννησιν,
826 544 922 598 κοιλ⁸
952 544 1211 617 καθάπερ
1251 544 1361 599 ἀπὸ
1394 545 1577 616 πηγῆς
1607 545 1705 615 τῆς
1739 542 1833 596 τοῦ
1869 542 1984 597 Πα-

364 636 505 708 τρὺς
575 634 769 699 οὐσίας
834 634 1129 709 ὑπάρχων,
1184 634 1485 707 ἐρχόμενος
1553 633 1655 688 οὒκ
1732 628 1983 705 ἀδικήσει

361 728 451 792 τὸ,
490 728 697 795 πάντα,
716 727 782 780 τὺ
804 728 865 781 ὲν
884 729 1055 783 πᾶσιν
1072 727 1149 793 ὡς
1181 728 1351 801 μέρος
1377 727 1639 799 τετάχθαι
1667 725 1948 796 διαφυγών
1966 741 1980 755 ’

361 817 526 872 ἔσται
584 817 643 871 δὲ
691 817 897 889 μᾶλλον
950 818 1138 872 ἐπάνω
1190 817 1433 883 πάντων,
1487 819 1563 883 ὡς
1607 818 1796 890 ἔτερος
1849 816 1982 888 παρ’

359 911 533 978 αὐτὰ,
568 910 669 967 καὶ
710 909 898 982 φύσει,
936 913 1035 966 καὶ
1079 910 1310 983 δυνάμει
1348 910 1668 982 θεοπρεπεϊ,
1720 911 1818 964 καὶ
1867 912 1984 974 τοῖς

357 1006 556 1073 ἄλλοις
576 1006 673 1061 τοῦ
704 1008 1068 1080 γεννήσαντος
1092 1006 1401 1079 ίδιώμασιν.
1418 1005 1563 1060 Ἀλλ’
1580 1004 1767 1079 ἐροῦσι
1791 1003 1979 1076 τυχὸν,

356 1099 467 1165 τὰς
503 1102 570 1155 ἐκ
614 1101 719 1172 τῆς
762 1099 996 1172 ἐρεύνης
1039 1101 1273 1164 ἀτοπίας
1300 1099 1737 1173 δυσωπούμενον
1780 1100 1843 1155 Et
1879 1117 1979 1169 ση-

358 1192 556 1265 μαίνει
578 1194 643 1246 τδ
672 1211 691 1243 ι
733 1192 944 1247 ἄνωθεν
992 1212 1011 1245 ι
1053 1192 1115 1247 τδ
1149 1192 1213 1259 ἐξ
1244 1193 1514 1266 οὐρανῶν,
1539 1193 1648 1247 ἀπὸ
1693 1192 1795 1262 τῆς
1825 1191 1980 1246 ἐνού-

358 1304 472 1360 σης
497 1285 652 1358 αὑτῷ
670 1286 813 1340 κατὰ
846 1287 1070 1342 πάντων
1099 1287 1397 1359 ὑπεροχῆς.
1422 1285 1561 1360 Φέρε
1588 1285 1654 1359 δὴ
1674 1281 1790 1352 οὖν,
1816 1287 1978 1359 ἀχρι·

356 1378 632 1449 ϐἐστερον
678 1376 1074 1448 βασανίζοντες
1125 1376 1223 1431 τοῦ
1253 1376 1554 1450 λεγομένω
1587 1375 1686 1449 τήν
1725 1374 1976 1447 δύναμιν,

355 1470 570 1541 ἴδωμεν
601 1468 767 1523 πάλιν
801 1471 882 1534 είς
912 1471 1066 1525 ποῖον
1094 1470 1284 1534 αὐτοῖς
1324 1468 1692 1543 καταστρέψει
1733 1468 1889 1534 τέλος
1914 1468 1978 1522 τὸ

353 1560 702 1632 ἔγχείρημα.
733 1559 964 1633 Πρῶτον
984 1561 1084 1633 μὲν
1098 1554 1193 1616 οὖν
1214 1559 1430 1633 ἀμαθές
1457 1577 1517 1615 τε
1533 1559 1629 1614 καὶ
1657 1559 1977 1630 ἀδιανόητον

354 1654 587 1724 κομιδῇ,
632 1653 696 1706 τὸ
743 1652 910 1708 αὐτὸν
953 1653 1020 1708 ὲκ
1062 1651 1159 1707 τοῦ
1189 1651 1396 1707 οίκείου
1434 1651 1619 1723 λέγειν
1662 1650 1977 1724 ἀξιώματος

355 1744 625 1817 ἔρχεσθαι
657 1745 753 1799 τὸν
772 1745 924 1813 Υίδν,
959 1745 1052 1800 καὶ
1078 1745 1272 1821 ὥσπερ
1293 1746 1405 1802 ἀπό
1431 1763 1580 1811 τινος
1601 1743 1794 1811 τόπου,
1822 1745 1856 1818 ἢ
1880 1745 1978 1800 καὶ

2092 540 2535 612 generationem,
2563 549 2618 598 et
2647 557 2713 598 ex
2743 541 2930 601 Patris
2969 544 3282 601 substantia
3323 553 3587 619 tanquam
3619 566 3685 604 ex

2092 632 2241 689 fonte
2286 648 2541 700 manans,
2572 634 2710 690 nihil
2740 636 3057 695 detrimenti
3115 640 3274 714 163
3308 642 3570 698 omnibus
3603 643 3687 697 af-

2088 726 2246 793 feret,
2284 742 2412 783 cum
2445 729 2501 784 in
2542 729 2793 784 omnium
2850 746 3084 788 numero
3122 740 3385 805 tanquam
3429 750 3558 807 pars
3591 752 3686 791 eo-

2088 832 2210 872 rum
2251 833 2379 875 esse
2427 828 2710 889 nequeat:
2741 821 2836 876 sed
2876 821 2982 878 erit
3021 822 3205 893 potius
3246 838 3415 894 supra
3470 840 3679 891 omnia,

2086 918 2349 984 tanquam
2402 913 2549 969 aliud
2597 914 2667 971 ab
2696 914 2858 985 ipsis,
2892 931 3016 970 cum
3062 927 3285 981 natura,
3316 928 3432 973 tum
3478 919 3682 975 virtute

2084 1002 2294 1072 divina,
2317 1003 2555 1076 aliisque
2581 1006 2853 1077 genitoris
2876 1009 3330 1079 proprietatibus.
3353 1009 3459 1067 Sed
3487 1027 3680 1076 earum

2084 1095 2494 1153 absurditatum
2532 1098 2748 1169 pudore
2789 1099 3011 1157 confusi
3046 1101 3234 1157 forsan
3274 1103 3542 1173 objicient
3575 1126 3586 1160 :
3621 1105 3679 1161 Si

2089 1204 2109 1238 ι
2148 1185 2444 1243 desursum
2484 1204 2503 1238 ι
2543 1187 2690 1244 idem
2741 1199 2829 1246 est
2874 1204 2939 1246 ac
2990 1192 3057 1247 de
3110 1192 3283 1258 coelo,
3319 1207 3385 1248 ex
3434 1210 3500 1249 eo
3533 1197 3681 1265 quod

2081 1279 2360 1336 universis
2390 1279 2790 1351 supereminet,
2828 1282 2883 1337 id
2918 1283 3214 1355 significat.
3254 1284 3502 1356 Agedum
3543 1304 3682 1360 ergo

2079 1371 2193 1426 vim
2244 1371 2395 1427 illius
2442 1371 2573 1426 dicti
2628 1375 2946 1430 accuratius
2997 1377 3423 1447 perpendentes,
3457 1396 3681 1435 rursum

2077 1464 2370 1521 videamus
2409 1480 2574 1536 quem
2623 1467 2832 1522 exitum
2890 1468 3133 1523 habituri
3180 1469 3292 1525 sint
3345 1486 3537 1526 eorum
3581 1491 3679 1529 co-

2077 1562 2267 1612 natus.
2298 1553 2550 1613 Primum
2581 1558 2772 1629 itaque
2798 1559 3042 1630 imperiti
3090 1577 3156 1617 ac
3198 1563 3362 1634 plane
3406 1566 3680 1622 dementis

2076 1656 2164 1705 est
2196 1648 2404 1716 dicere,
2441 1647 2644 1704 Filium
2677 1651 2857 1722 ipsum
2896 1667 2926 1707 a
2963 1666 3061 1708 sua
3095 1655 3366 1724 dignitate
3395 1658 3597 1724 venire,
3624 1669 3679 1714 ct

2077 1740 2233 1797 velut
2264 1754 2333 1796 ex
2364 1740 2550 1812 aliquo
2571 1739 2718 1808 loco,
2746 1742 2864 1799 sive
2893 1743 3061 1798 etiam
3085 1745 3233 1799 velut
3264 1762 3330 1800 ex
3364 1763 3473 1801 uno
3502 1764 3675 1803 unum

353 1837 439 1899 ὡς
465 1837 526 1903 ἐξ
548 1836 689 1901 ἐνὸς,
713 1835 813 1889 ἕνα
840 1836 933 1890 τὸν
962 1836 1128 1891 αὑτὸν
1157 1836 1222 1890 ὲκ
1250 1835 1352 1908 τῆς
1396 1836 1536 1900 ἰδίας
1571 1832 1850 1909 ὑπεροχῆς
1893 1836 1962 1901 είς

2077 1830 2331 1888 eumdem
2376 1840 2460 1888 ‘ex
2510 1846 2612 1888 sua
2669 1833 2971 1890 eminentia
3009 1837 3220 1902 venire,
3260 1849 3321 1893 ut
3374 1840 3449 1895 sit
3504 1857 3675 1911 supra

355 1929 425 1982 τδ
453 1929 643 1984 ἐπάνω
676 1928 898 1983 πάντων
924 1924 1067 1984 εἶναι
1120 1928 1381 2000 βαδίζειν.
1425 1928 1574 2001 Πρὸς
1598 1928 1655 1982 δέ
1695 1945 1761 1998 γε
1793 1927 1971 1999 τούτῳ

365 2017 527 2088 κάγὼ
563 2018 845 2090 πυθοίμην
902 2018 972 2074 ἀν
1022 2018 1219 2091 ἥδιστα
1263 2019 1387 2074 λίαν
1422 2018 1628 2086 αὐτῶν,
1666 2018 1767 2092 τὴν
1826 2018 1970 2073 κατά

372 2114 592 2167 πάντων
627 2110 912 2185 ὑπεροχὴν
936 2150 953 2176 ,
986 2111 1220 2184 πότερόν
1257 2129 1389 2167 ποτε
1432 2112 1702 2167 δώσουσιν
1734 2109 1967 2184 οὐσιὼδη

357 2203 459 2254 καὶ
511 2202 892 2274 ἀναφαίρετον
954 2200 1034 2272 τῷ
1086 2201 1245 2273 Υίῷ,
1306 2202 1345 2274 ἢ
1404 2202 1970 2274 προσπεπορισμένην

352 2292 562 2359 ῐξωθεν
586 2295 733 2349 κατά
780 2293 944 2362 λόγον
986 2293 1083 2348 τοῦ
1133 2294 1567 2366 συμϐεϐηκότος.
1609 2296 1674 2349 Et
1727 2295 1829 2367 μὲν
1873 2290 1968 2351 οὖν

349 2386 657 2460 ιπίκτητον
700 2387 850 2459 ἔχειν
900 2387 1121 2460 ἐροῦσιν
1157 2388 1324 2444 αὐτὸν
1376 2390 1480 2461 τὴν
1506 2388 1829 2461 ὑπεροχήν,
1872 2390 1968 2444 καὶ

347 2479 624 2543 δπαιιτοῖς
685 2479 1147 2552 ὲπισεμνύνεσθαι
1193 2482 1309 2545 τοῖς
1372 2478 1707 2553 ἀξιώμασιν,
1748 2480 1964 2551 ἀνάγκη

348 2572 791 2643 προσομολογείν
817 2570 1027 2645 ἔρημόν
1054 2590 1188 2627 ποτε
1219 2572 1381 2643 δόξης
1413 2571 1551 2627 εἶναι
1581 2572 1843 2627 δύνασθαι
1873 2573 1965 2627 τὸν

346 2662 664 2734 Μονογενῆ,
717 2665 816 2720 καὶ
857 2666 959 2737 τὴν
997 2666 1323 2736 ἐπίκτητον,
1381 2665 1458 2729 ὡς
1508 2666 1712 2720 ἐκεῖνοί
1771 2682 1960 2735 φασιν,

344 2755 732 2813 ἀποδύσασθαι
758 2756 941 2830 χάριν,
968 2758 1063 2812 καὶ
1094 2757 1158 2811 τὸ
1198 2757 1387 2812 ἐπάνω
1425 2758 1645 2811 πάντων
1680 2753 1820 2812 εἶναι
1869 2756 1965 2831 ζη-

350 2848 657 2919 μιωθέντα,
708 2848 1003 2919 φαίνεσθαι
1033 2848 1242 2921 γυμνὸν
1268 2839 1354 2921 ’ἧς
1409 2850 1535 2921 ἄρτι
1583 2848 1963 2921 θαυμάζωσιν

349 2941 653 3013 ὑπεροχῆς,
676 2941 839 3014 εἴπερ
877 2943 998 2995 ἐστὶ
1025 2942 1088 2996 τὸ
1134 2942 1486 3013 συμϐεϐηκὸς
1508 2941 1841 3013 ἀπόϐλητον,
1872 2940 1961 2995 ὅτε

353 3031 433 3103 μὴ
445 3033 546 3104 τῆς
556 3031 754 3097 οὐσίας
770 3031 1008 3087 ἅπτεται
1024 3031 1121 3086 τοῦ
1136 3031 1523 3102 ὑποκειμένου*
1532 3031 1729 3084 Ἔσται
1739 3046 1896 3097 τοιγα
1905 3045 1962 3100 ρ-

355 3123 453 3176 οὖν
483 3123 763 3195 μεταϐολὴ
807 3124 907 3177 καὶ
941 3123 1234 3187 ἀλλοίωσις
1258 3124 1388 3195 περὶ
1419 3122 1512 3177 τὸν
1532 3122 1683 3176 Υίόν·
1714 3123 1811 3176 καὶ
1843 3120 1960 3174 δια-

2074 1924 2282 1980 omnia.
2315 1922 2584 1981 Praeterea
2606 1940 2710 1999 ego
2744 1927 2946 1984 lubens
2977 1927 3048 1984 ab
3072 1929 3205 1999 ipsis
3238 1932 3451 2003 petiero
3487 1943 3672 1987 utrum

2072 2010 2230 2066 illam
2282 2026 2456 2084 supra
2515 2016 2703 2069 omnia
2736 2015 3094 2071 eminentiam
3126 2019 3310 2074 daturi
3367 2023 3481 2077 sint
3539 2026 3675 2078 suti-

2073 2103 2415 2168 stant'ra‘iem,
2452 2115 2509 2161 et
2547 2120 2673 2177 quae
2728 2106 2933 2163 auferri
2995 2125 3104 2164 non
3164 2114 3339 2181 possit
3385 2105 3547 2179 Filio,
3602 2131 3671 2169 au

2070 2195 2251 2253 instar
2305 2196 2608 2254 accidentis
2665 2200 3020 2257 extrinsecus
3081 2203 3379 2258 invectam.
3427 2203 3486 2261 Si
3539 2221 3674 2279 ergo

2070 2287 2309 2344 ascititia
2341 2289 2632 2360 przeditum
2664 2293 2846 2361 ipsum
2888 2307 3014 2349 esse
3040 2293 3232 2350 dicent
3266 2295 3588 2363 eminentia,
3615 2308 3673 2353 et

2066 2380 2391 2438 adventitils
2434 2381 2747 2439 honoribus
2785 2383 3037 2454 gloriari,
3072 2399 3303 2443 necesse
3354 2387 3465 2444 erit
3506 2404 3672 2460 porro

2066 2468 2230 2527 fateri
2264 2472 2628 2544 Unigenitum
2680 2475 2865 2546 gloria
2893 2479 3231 2550 quandoque
3260 2495 3424 2551 posse
3454 2495 3669 2544 carere.

2066 2571 2127 2619 et
2157 2566 2510 2635 acquisitam,
2547 2574 2609 2622 ut
2646 2566 2751 2638 ipsi
2802 2569 3135 2640 loquuntur,
3164 2586 3375 2629 exuere
3402 2575 3667 2644 gratiam,

2058 2664 2124 2712 'ct
2156 2657 2248 2711 illa
2285 2659 2610 2715 excellentia
2646 2676 2819 2732 supra
2849 2677 2940 2718 res
2973 2676 3169 2719 omnes
3223 2666 3503 2731 Orbatum,
3540 2681 3671 2737 spo-

2068 2748 2189 2805 liari
2210 2762 2473 2821 ea_quam
2502 2752 2666 2808 modo
2702 2754 2985 2810 mirantur
3013 2758 3369 2822 excellentia.
3388 2758 3669 2829 siquidem

2060 2842 2328 2899 accidens
2358 2844 2543 2898 amitti
2592 2853 2773 2914 potest
2811 2847 3041 2917 quando
3068 2862 3102 2903 e
3136 2850 3374 2919 subjecti
3425 2865 3537 2905 non
3568 2850 3669 2905 de-

2060 2932 2269 3004 pendet
2302 2936 2569 2989 essentia.
2614 2933 2848 2991 Mutatio
2890 2936 3061 3007 igitur
3105 2946 3162 2993 et
3214 2939 3473 2995 altoratio
3503 2940 3668 2996 cadet

2056 3026 2125 3081 in
2169 3021 2389 3091 Filium,
2421 3034 2481 3081 et
2521 3027 2791 3082 mentitur
2813 3025 3109 3084 Psalmista
3152 3029 3287 3085 dum
3332 3034 3492 3087 unis
3537 3048 3666 3087 eum

2060 3127 2233 3173 ornat
2262 3119 2524 3174 laudibus
2550 3122 2605 3173 iu
2648 3120 2799 3175 hunc
2834 3120 3059 3174 modum
3093 3139 3108 3175 :
3147 3140 3166 3172 ι
3209 3121 3348 3177 ϐαιῑί
3380 3125 3662 3193 peribunt,

351 3191 612 3282 ψεύσεται
659 3191 762 3283 μὲν
796 3213 1028 3276 είκαίοις
1066 3211 1236 3267 αὑτὸν
1284 3191 1617 3283 ἀναμέλπων
1656 3212 1900 3285 ῥήμασιν
1927 3213 1958 3265 ό

2066 3220 2127 3265 tu
2158 3216 2701 3282 amentiam-manes.
2741 3219 2797 3267 et
2833 3226 3030 3268 omnes
3078 3214 3226 3268 sicut
3270 3191 3664 3270 vestimentum

347 3305 627 3373 Μελῳδός·
664 3326 683 3358 ι
709 3303 777 3360 Ol
798 3304 1026 3377 οὐρανοὶ
1063 3305 1413 3370 ἀπολοῦνται,
1455 3306 1521 3359 σὺ
1543 3305 1601 3359 δὲ
1652 3305 1952 3376 διαμένεις,

346 3398 446 3452 καὶ
488 3399 694 3463 πάντες
742 3399 821 3463 ὡς
863 3399 1079 3469 ἱμάτιον
1129 3397 1631 3470 παλαιωθήσονται,
1682 3399 1777 3453 καὶ
1823 3399 1957 3452 ὡσεὶ

338 3485 701 3571 περιϐόλαιον
745 3487 944 3554 ἑλίξεις
984 3488 1205 3552 αὐτοὺς,
1254 3489 1351 3542 καὶ
1401 3488 1806 3559 ἀλλαγήσονται
1839 3507 1857 3521 ·
1891 3489 1956 3543 σὺ

339 3579 404 3634 δὲ
435 3582 467 3633 ὁ
490 3580 658 3644 αὐτὸς
685 3578 755 3645 εἰ,
787 3583 884 3639 καὶ
911 3582 981 3636 τά
1026 3581 1123 3653 ἔτη
1155 3599 1251 3636 σου
1280 3584 1384 3636 οὐκ
1408 3583 1737 3653 ἐπιλείψουσι.
1786 3602 1806 3635 ι
1844 3581 1953 3636 Ποῦ

340 3670 458 3742 γὰρ
486 3673 517 3724 ὁ
544 3671 730 3737 αὐτὸς,
768 3674 818 3725 εί
849 3672 1183 3743 μεταπίπτει
1217 3674 1315 3726 σὺν
1339 3675 1496 3743 ἡμῖν,
1521 3672 1619 3726 καὶ
1649 3673 1808 3726 τοῦτο
1830 3673 1955 3737 ταῖς

342 3764 429 3825 εἰς
481 3762 552 3815 ei
587 3763 762 3834 χείρω
804 3763 1135 3833 μεταϐολαῖς
1164 3783 1179 3829 ;
1213 3765 1412 3837 Μάτην
1447 3765 1528 3829 δὲ,
1558 3764 1636 3829 ὡς
1658 3765 1824 3829 εἰκὸς,
1858 3764 1955 3819 καὶ

338 3853 513 3915 αὐτὸς
536 3842 641 3922 ’ἐφ’
693 3852 875 3922 ἑαυτῴ
916 3854 1398 3924 κατασεμνύνεται
1448 3854 1645 3923 λέγων·
1705 3855 1949 3922 εἸδετε,

338 3944 509 4008 ἴδετε,
536 3945 620 3997 ὅτι
650 3943 764 4013 ἐγώ
783 3946 923 4014 είμι,
961 3946 1057 3999 καὶ
1096 3947 1196 3999 οὐκ
1223 3946 1339 3999 ἔστι
1373 3947 1504 4011 Θεὸς
1549 3947 1688 4018 πλὴν
1723 3946 1901 4019 ἐμοῦ.-
1926 3962 1945 3998 ι

336 4036 470 4100 Πῶς
509 4037 570 4091 δὲ
605 4037 730 4109 οὐχὶ
758 4039 856 4091 καὶ
895 4040 977 4103 είς
1028 4041 1193 4093 αὑτὸν
1231 4040 1571 4113 ἀναϐήσεται
1605 4043 1699 4096 τὸν
1733 4042 1954 4115 Πατέρα

333 4130 412 4183 τὰ
440 4131 540 4185 τοῦ
570 4132 921 4202 Γεννήματος
960 4132 1137 4203 πάθη,
1188 4136 1485 4207 χαρακτὴρ
1521 4136 1681 4208 εἴπερ
1705 4135 1824 4189 ἐστὶ
1857 4132 1953 4189 καὶ

333 4223 514 4277 εἰκὼν
549 4224 977 4296 ἀπαράλλακτος
1008 4226 1178 4280 αὐτοῦ
1204 4243 1220 4292 ;
1275 4228 1473 4281 Ἔσται
1504 4227 1569 4299 δὴ
1607 4222 1703 4280 οὖν
1724 4226 1955 4281 ἀλλοιωὲ

332 4315 435 4378 τὸς
471 4316 574 4386 μὲν
601 4318 736 4387 ήμῐν
775 4319 806 4371 ό
831 4317 968 4382 θεὸς
1016 4320 1113 4372 καὶ
1167 4319 1381 4391 Πατὴρ,
1404 4319 1520 4393 εχει
1548 4318 1607 4373 δὲ
1645 4333 1954 4390 προσγεγο-

332 4412 517 4473 νότως
573 4411 676 4483 τὴν
716 4410 862 4466 κατὰ
897 4412 1120 4466 πάντων
1161 4412 1461 4484 ὑπεροχὴν,
1501 4412 1599 4466 καὶ
1650 4410 1843 4465 σιωπῶ
1890 4408 1953 4464 τὸ

2064 3310 2438 3370 veterascent,
2467 3311 2522 3358 et
2548 3304 2696 3359 sicut
2719 3304 3066 3374 opertorium
3091 3305 3283 3361 volves
3314 3320 3433 3370 eos,
3458 3315 3510 3361 et
3538 3322 3663 3360 mu-

2062 3399 2331 3453 tabuntur
2361 3415 2379 3454 :
2407 3404 2466 3452 tu
2508 3404 2695 3452 autem
2726 3398 2873 3453 idem
2905 3413 2990 3461 es,
3020 3406 3075 3454 et
3105 3400 3236 3455 anni
3271 3400 3351 3455 tui
3386 3412 3495 3454 non
3522 3400 3693 3479 deli-t

2062 3492 2211 3547 cient
2246 3491 2311 3546 ⁸⁸.
2353 3511 2372 3544 ι
2416 3490 2710 3557 Quomodo
2756 3489 2907 3545 enim
2954 3490 3098 3545 idem
3143 3491 3271 3558 erit,
3320 3492 3367 3546 si
3418 3491 3665 3546 concidit

2062 3584 2377 3646 nobiscum,
2402 3584 2571 3654 idque
2601 3583 3008 3639 mutationibus
3042 3582 3099 3636 in
3121 3582 3407 3638 deterius?
3430 3581 3661 3639 Frustra

2061 3684 2272 3740 autem,
2302 3682 2361 3729 ut
2392 3682 2641 3745 apparet,
2683 3674 2752 3729 de
2795 3690 2854 3729 se
2883 3676 3052 3729 etiam
3091 3674 3208 3743 ipse
3247 3674 3538 3743 gloriatur,
3574 3676 3661 3729 di-

2061 3782 2239 3824 cens:
2275 3787 2293 3819 ι
2334 3767 2548 3834 Videte,
2594 3767 2797 3831 videte,
2829 3768 2957 3837 quia
3003 3782 3108 3839 ego
3153 3782 3303 3833 sum,
3340 3775 3394 3822 et
3428 3781 3538 3821 non
3575 3773 3661 3823 est

2062 3859 2209 3916 Deus
2234 3867 2436 3930 pmter
2460 3875 2545 3915 me
2567 3860 2634 3915 “.
2678 3858 3031 3927 rQuomodo
3066 3873 3198 3915 vero
3231 3874 3339 3913 non
3371 3860 3439 3912 ad
3475 3860 3657 3929 ipsum

2060 3934 2283 4025 quoque
2310 3951 2530 4007 Patrem
2558 3950 2687 4006 Filii
2722 3951 3063 4006 mutationes
3084 3951 3463 4021 pertinebunt,
3483 3934 3660 4018 siqui-

2057 4046 2184 4100 dem
2226 4054 2313 4099 est
2336 4044 2630 4098 character
2650 4050 2707 4097 et
2738 4042 2925 4113 imago
2961 4041 3084 4110 ejus
3130 4055 3230 4110 per
3268 4041 3451 4095 omnia
3501 4042 3658 4095 simi-

2056 4135 2128 4191 iis
2155 4135 2241 4191 "1*
2266 4134 2381 4189 Erit
2418 4134 2592 4205 igitur
2620 4131 2911 4188 mutabilis
2933 4132 3095 4187 nobis
3131 4130 3273 4186 Deus
3298 4145 3361 4185 ac
3386 4130 3569 4194 Pater,
3599 4138 3657 4184 et

2057 4228 2414 4285 adventitiam
2439 4224 2669 4283 habebit
2697 4239 2865 4295 supra
2890 4239 2978 4281 res
3004 4238 3199 4280 omnes
3221 4223 3606 4279 excellentiam
3636 4241 3653 4279 :

2057 4322 2273 4391 reliqua
2302 4328 2482 4375 taceo.
2507 4318 2802 4389 Exemplar
2826 4317 3034 4387 quippe
3062 4315 3165 4371 sibi
3198 4329 3319 4386 quae
3349 4320 3479 4370 sunt
3512 4314 3655 4368 ima-

2057 4412 2203 4484 ginis
2234 4409 2555 4467 necessario
2596 4407 2928 4464 vindicabit.
2957 4405 3066 4461 Sed
3102 4413 3381 4460 tantarum
3412 4404 3655 4473 indigni-

333 4503 692 4573 λειπόμενον.
725 4505 1087 4560 Οίκειώσεται
1140 4505 1255 4576 γὰρ
1285 4504 1363 4569 ὡς
1400 4506 1462 4571 ἐξ
1492 4503 1743 4575 ἀνάγκης
1790 4503 1861 4557 τά
1889 4505 1948 4557 ὲν

2066 4511 2232 4560 ratum
2267 4508 2323 4558 et
2350 4500 2761 4557 absurditatum
2797 4498 3031 4552 horrore
3070 4494 3203 4549 tacti
3238 4491 3655 4562 respondebunt

329 4595 411 4664 τῇ
453 4594 630 4647 εἰκόνι
681 4594 746 4648 τὸ
787 4594 1119 4667 ἀρχέτυπον.
1168 4593 1308 4648 Ἀλλ’
1356 4593 1657 4664 ἐπίκτητον
1704 4592 1807 4664 μὲν
1846 4590 1951 4646 οὐκ

2066 4594 2352 4652 ascititiam
2379 4594 2430 4648 ei
2469 4604 2578 4647 non
2618 4604 2745 4647 esse
2773 4589 3158 4652 eminentiam,
3188 4585 3283 4640 sed
3305 4585 3651 4640 substantia-

332 4685 569 4759 ἐροῦσιν
597 4686 744 4757 ἔχειν
767 4687 932 4741 αὑτὸν
963 4688 1065 4761 τήν
1089 4687 1370 4759 ὑπεροχὴν
1394 4686 1535 4757 πρὸς
1562 4684 1664 4749 τὰς
1693 4683 1951 4747 τοιαύτας

327 4777 452 4833 τῶν
512 4777 792 4850 λογισμῶν
846 4778 1166 4852 δυσχερείας
1227 4795 1289 4833 τε
1344 4777 1482 4849 όμοῦ
1555 4776 1654 4830 καὶ
1714 4773 1953 4858 ἀτοπίας

329 4871 1069 4943 ἀποφρίττοντες,,οὺσιώδη
1092 4873 1150 4927 δὲ
1192 4870 1395 4944 μᾶλλον
1430 4870 1527 4924 καὶ
1561 4858 1947 4939 ἀναφαίρετον.

329 4961 480 5020 Εἶτα
501 4964 687 5028 πάλιν,
708 4957 755 5017 ὧ
784 4963 1079 5035 βέλτιστοι,
1112 4964 1231 5029 πῶς
1257 4966 1391 5035 ήμῖν
1418 4964 1480 5017 οὐ
1514 4963 1827 5033 συνερεῖτερ
1847 4959 1947 5013 καὶ

328 5057 594 5123 ἄκοντες,
617 5057 700 5111 ὅτι
725 5049 860 5121 Θεὸς
892 5057 1038 5111 κατά
1063 5057 1228 5127 φύσιν
1250 5056 1509 5126 ὑπάρχων
1529 5057 1560 5108 ϐ
1590 5053 1722 5117 Υἱὸς
1758 5051 1947 5107 ἐπάνω

331 5150 569 5203 πάντων
590 5151 735 5214 ἐστὶ,
763 5149 854 5204 διὰ
869 5149 1032 5203 τοῦτο
1057 5149 1155 5203 καὶ
1181 5151 1246 5201 ὲκ
1280 5148 1449 5218 μόνης
1480 5145 1699 5216 ἔρχεται
1722 5144 1825 5214 τῆς
1850 5144 1946 5197 οὐ·

332 5241 468 5304 σίας
500 5241 595 5295 τοῦ
616 5241 756 5295 Θεοῦ
803 5242 902 5295 καὶ
929 5241 1146 5312 Πατρός
1174 5257 1191 5306 ;
1224 5240 1289 5293 Εἰ
1331 5241 1442 5310 γὰρ
1468 5238 1623 5292 οὐδέν
1671 5240 1788 5292 ἐστι
1832 5235 1946 5290 τῶν

327 5332 611 5403 γενητῶν,
632 5334 663 5387 ὃ
678 5334 753 5405 μὴ
772 5336 838 5405 τῇ
860 5332 956 5387 τοῦ
980 5333 1185 5395 παντὸς
1202 5332 1433 5404 δυνάμει
1456 5329 1940 5403 περισχοινίζεται,

324 5429 532 5484 ἐπάνω
558 5428 617 5483 ἢ
662 5429 885 5485 πάντων
921 5428 1072 5482 ἐστὶν
1120 5428 1151 5480 ὁ
1176 5427 1325 5493 Υἱὸς,
1365 5427 1443 5489 ὡς
1490 5425 1679 5497 ἕτερος
1701 5423 1945 5496 δηλονότι

326 5520 496 5593 παρὰ
533 5522 739 5587 πάντα,
783 5523 878 5576 καὶ
930 5518 1165 5592 οὺσιὼδη
1207 5520 1350 5579 κατὰ
1392 5517 1611 5573 πάντων
1659 5518 1800 5588 ἔχων
1844 5516 1945 5586 τὴν

326 5614 647 5687 ὕπεροχὴν,
677 5616 773 5669 καὶ
804 5615 903 5686 οὐχ
927 5617 956 5669 ὁ
975 5614 1139 5677 αὐτὸς
1167 5611 1314 5666 κατά
1338 5612 1505 5681 φύσιν
1525 5610 1788 5681 ὑπάρχων
1830 5606 1945 5670 τοῖς

408 5800 463 5834 ³³
488 5796 640 5855 Psal.
672 5812 750 5865 cr,
786 5796 878 5867 27,
910 5796 1004 5853 ‘28.

1107 5798 1153 5828 “
1179 5796 1286 5852 lsa.
1313 5811 1434 5863 ην,
1460 5796 1514 5851 5.
1603 5793 1693 5847 ³⁸1
1724 5791 1852 5848 Cor.
1892 5807 1967 5856 τι,
2005 5791 2062 5843 7.

2050 4686 2157 4742 lem
2217 4685 2432 4755 potius,
2458 4697 2584 4752 qua:
2624 4679 2831 4735 auferri
2884 4684 3145 4747 nequeat.
3178 4673 3406 4734 Verum,
3432 4682 3467 4726 ο
3496 4673 3647 4736 boni,

2051 4778 2335 4849 quomodo
2362 4775 2661 4830 nobiscum
2683 4773 2767 4829 vel
2801 4770 2965 4842 ια
2990 4768 3148 4825 inviti
3169 4780 3280 4820 non
3313 4764 3648 4829 fatebimini,

2048 4870 2279 4936 Filium,
2306 4883 2434 4923 cum
2484 4866 2631 4921 Deus
2680 4864 2756 4920 sit
2801 4861 3108 4919 secundum
3148 4866 3427 4921 naturam,
3478 4869 3652 4925 supra

2052 4965 2241 5021 omnia
2287 4976 2438 5028 esse,
2487 4958 2721 5027 ideoque
2768 4971 2837 5010 ex
2887 4954 3006 5009 sola
3038 4950 3136 5007 llei
3185 4966 3252 5005 ae
3304 4948 3488 5003 Patris
3519 4948 3654 5002 sub-

2054 5058 2261 5114 stantia
2295 5050 2634 5125 procedere!
2658 5048 2793 5103 Nam
2823 5047 2869 5102 si
2903 5045 3063 5101 nihil.
3086 5052 3174 5100 est
3198 5048 3452 5098 creatum
3501 5039 3653 5111 quod

2055 5150 2303 5207 universi
2331 5148 2556 5204 ratione
2588 5151 2644 5200 et
2691 5141 3009 5214 signiﬁcatu
3054 5154 3165 5196 non
3207 5136 3651 5207 constringatur,

2051 5254 2220 5310 supra
2258 5237 2518 5293 universa
2550 5242 2736 5291 autem
2766 5244 2855 5290 est.
2883 5230 3082 5296 Fitius,
3120 5237 3182 5285 ut
3214 5229 3357 5285 alius
3387 5227 3651 5281 nimirum

2054 5331 2126 5385 ab
2159 5326 2435 5385 universis
2470 5334 2526 5382 et
2562 5324 2923 5382 substantiali
2975 5335 3143 5392 supra
3198 5318 3459 5373 universa
3508 5313 3649 5367 emi-

2054 5421 2243 5477 nentia
2303 5416 2589 5491 pmditus,
2644 5430 2747 5472 nec
2793 5415 2941 5470 idem
3001 5412 3285 5469 exsistam
3340 5401 3651 5464 secundum

2052 5520 2310 5567 naturam
2345 5525 2471 5567 cum
2500 5508 2803 5576 universis,
2833 5504 3117 5578 quomodo
3147 5515 3261 5556 non
3290 5498 3398 5553 erit
3423 5491 3647 5548 tandem

2051 5605 2202 5664 Deus
2244 5604 2440 5663 verus?
2470 5603 2576 5671 Qui
2607 5602 2757 5660 enim
2782 5607 2943 5656 extra
2973 5601 3358 5653 creaturarum
3392 5580 3650 5640 multitu-
