4106 6540
510 318 608 375 271

1510 311 1569 366 S.
1603 308 1875 365 CYRILLI
1913 304 2386 364 ALEXANDRINI
2427 307 2747 365 ARCIIIEP.

3686 317 3806 374 27?.

513 430 696 486 dinem
745 426 1180 484 substantialiter
1224 431 1307 480 est
1341 425 1580 497 positus,
1615 440 1717 481 nec
1760 433 1953 479 natura
1999 438 2092 480 sua

2203 427 2356 490 πᾶσι,
2395 426 2510 492 πῶς
2533 427 2636 481 οὐκ
2669 426 2736 482 ἂν
2764 429 2847 499 εἴη
2893 428 3077 484 λοιπὸν
3101 427 3233 494 Θεὸς
3273 429 3564 502 ἀληθινός;
3602 435 3660 489 '0
3683 439 3808 509 γὰρ

512 529 694 594 potest
737 521 791 575 in
826 535 1014 576 earum
1059 519 1254 574 ordine
1306 517 1593 583 collocari,
1625 516 1888 588 quidnam
1948 515 2096 570 aliud

512 616 732 670 demum
781 615 887 667 erit
929 611 1031 667 nisi
1074 610 1251 667 Deus?
1292 610 1436 664 Nihil
1485 609 1691 680 quippe
1746 608 2096 678 interiectum

512 707 780 772 videmus,
817 712 1086 776 quantum
1117 695 1185 759 ad
1238 703 1596 759 subsistentis
1635 703 1894 759 essentia
1927 701 2098 756 ratio-

513 816 637 856 nem
687 799 903 854 attinet.
928 797 1195 853 Creatura
1242 796 1389 851 enim
1431 795 1661 865 imperio
1697 794 1968 865 subjacet,
2003 809 2098 849 su-

508 910 719 966 praque
781 907 903 949 eam
957 891 1173 962 positus
1227 886 1375 944 Deus
1427 886 1775 957 intelligitur.
1819 883 1994 956 Igitur
2048 883 2097 936 si

509 987 655 1042 Deus
687 984 1002 1042 secundum
1045 993 1301 1036 naturam
1341 987 1426 1036 est
1457 977 1657 1044 Filius,
1695 985 1751 1031 et
1786 992 1852 1032 ex
1891 974 2002 1030 Deo
2034 988 2099 1029 ac

510 1078 673 1138 Patre
730 1073 1083 1131 ineﬂ‘abiliter
1136 1079 1221 1128 est
1252 1072 1494 1142 genitus,
1540 1067 1809 1140 genitoris
1841 1073 2104 1120 naturam

513 1170 606 1224 illa
657 1181 763 1223 vox
810 1184 830 1218 ι
875 1166 1170 1221 desursum
1210 1181 1230 1214 ι
1275 1161 1582 1233 signiﬁcat,
1641 1159 1874 1226 ideoque
1931 1169 2097 1224 supra

513 1259 769 1314 universa
801 1265 888 1314 est
913 1255 1261 1328 Unigenitus,
1289 1252 1524 1306 maxime
1553 1265 1679 1305 cum
1715 1263 1782 1304 ex
1821 1247 1942 1317 ipsa
1975 1260 2099 1302 esse

511 1350 784 1405 videatur.
971 1359 975 1363 '
1061 1362 1072 1368 ·

583 1439 672 1506 lll,
710 1441 797 1496 5i.
839 1439 942 1506 Qui
965 1446 1043 1494 est
1075 1436 1140 1492 de
1171 1446 1336 1502 terra,
1370 1435 1435 1491 de
1464 1444 1606 1489 terra
1641 1441 1743 1498 est,
1771 1441 1819 1488 et
1854 1431 1918 1487 de
1953 1441 2096 1486 terra

509 1534 762 1604 loquitur.

579 1624 702 1682 Non
740 1622 929 1680 eadem
961 1629 1047 1680 est
1075 1619 1448 1694 persuadendi
1471 1618 1556 1675 vis
1582 1625 1638 1674 et
1665 1615 1900 1673 facultas
1929 1615 2094 1672 terri-

509 1733 682 1792 genae,
719 1731 842 1798 quae
879 1729 1138 1787 supremo
1167 1714 1415 1770 universi
1457 1712 1590 1767 Deo.
1622 1709 1894 1780 Loquitur
1945 1709 2090 1764 enim

506 1813 573 1868 de
608 1819 776 1878 terra,
806 1825 914 1880 qua
950 1809 1139 1872 homo,
1170 1814 1226 1864 et
1274 1803 1610 1862 consultoris
1656 1802 1841 1858 locum
1874 1807 2089 1855 tantum

506 1905 741 1969 obtinet,
789 1909 935 1958 totas
971 1899 1236 1956 credendi
1285 1899 1531 1955 habenas
1565 1894 1916 1958 auditoribus
1964 1907 2090 1962 per-

504 1997 779 2052 mittens:
813 1994 911 2050 sed
942 1993 1038 2063 qui
1092 2006 1332 2064 superne
1372 1989 1526 2046 venit
1581 1994 1642 2042 ut
1690 1983 1858 2050 Deus,
1903 1984 2092 2040 divina

513 2090 752 2161 quadam
785 2097 842 2144 et
869 2085 1132 2144 ineﬂ'abili
1165 2085 1344 2156 gratia
1379 2083 1614 2138 tinctum
1662 2091 1971 2136 sermonem
2008 2075 2094 2130 di-

506 2182 853 2253 scipulorum
898 2177 1126 2234 auribus
1164 2175 1364 2247 injicit.
1387 2175 1606 2241 Quanto
1637 2184 1770 2228 vero
1797 2169 1979 2240 potior
2008 2175 2094 2223 est

505 2282 730 2338 natura,
778 2278 935 2327 tanto
983 2276 1131 2328 certe
1176 2268 1285 2324 erit
1321 2265 1617 2323 efficacior.
1646 2261 1956 2319 Admodum
1993 2273 2091 2314 au-

502 2377 617 2424 tem
669 2367 883 2423 utiliter
924 2367 1122 2422 beatus
1161 2363 1409 2434 Baptista
1460 2362 1578 2419 suis
1627 2357 1920 2430 discipulis
1974 2356 2091 2414 haec

507 2460 766 2514 inculcat.
818 2457 954 2514 Nam
1023 2473 1152 2514 cum
1222 2455 1474 2511 viderent
1536 2453 1719 2524 ipsum
1789 2447 2090 2506 Salvatoris

499 2551 696 2620 gloria:
727 2549 945 2616 cedere,
975 2563 1153 2624 eoque
1197 2547 1424 2604 nomine
1469 2559 1579 2602 non
1608 2558 1801 2614 parum
1841 2541 2088 2600 oﬂ'ende-

508 2652 727 2708 rentur,
787 2643 1021 2713 ideoque
1079 2640 1364 2697 venissent
1435 2637 1505 2693 ad
1570 2652 1720 2702 eum,
1787 2635 2085 2692 dicentes:

513 2755 533 2786 ι
574 2736 774 2801 Rabbi,
799 2736 896 2806 qui
936 2742 1057 2790 erat
1100 2740 1285 2789 tecum
1324 2738 1479 2788 trans
1528 2728 1846 2793 Iordanem,
1892 2727 1983 2782 cui
2029 2735 2088 2782 tu
2137 2794 2145 2803 ι

506 2829 889 2886 testimonium
956 2825 1314 2897 perbibuisti,
1368 2838 1518 2888 ecce,
1577 2822 1670 2877 hic
1720 2821 1990 2891 baptizat,
2033 2826 2088 2876 et

497 2937 698 2977 omnes
729 2921 959 2977 veniunt
1002 2919 1069 2974 ad
1101 2933 1230 2974 eum
1252 2917 1330 2984 ⁸⁸;
1372 2933 1392 2968 ι
1425 2915 1745 2972 necessario
1773 2914 1858 2968 vir
1899 2911 2088 2968 divino

510 3013 720 3084 Spiritu
750 3011 970 3068 aﬂlatus
993 3010 1356 3066 oifensionem
1391 3015 1630 3072 amovet,
1661 3007 1890 3077 suisque
1915 3004 2087 3060 disci-

2199 518 2297 588 τῆς
2330 518 2440 571 τῶν
2485 520 2814 591 ποιημάτων
2868 520 3110 592 πληθύος
3140 522 3414 587 οὑσιωδῶς
3453 525 3809 597 ἐκκείμενος,

2201 610 2295 663 καὶ
2332 612 2393 664 τὸ
2426 613 2486 665 ἐν
2511 614 2762 684 γενητοῖς
2792 614 3056 684 τετάχθαι
3102 615 3244 669 κατά
3275 615 3438 686 φύσιν
3474 619 3774 692 ἐκδραμὼν
3794 655 3814 676 .

2198 697 2251 750 τί
2285 697 2350 752 ἂν
2379 699 2564 769 ἕτερον
2604 702 2690 774 εἴη
2721 703 2930 770 λοιπὸν,
2983 704 3016 775 ἢ
3066 705 3247 774 Θεός;
3287 708 3640 764 Μεσολαϐοῦν
3685 713 3760 780 γά
3783 731 3824 782 ρ

2199 791 2413 862 ὁρῶμεν
2437 793 2610 860 οὐδὲν,
2643 795 2770 848 ὅσον
2789 790 2925 866 ἦκεν
2950 798 3031 860 είς
3053 797 3241 862 οὐσίας
3261 799 3584 873 ὑφεστώσης
3611 802 3802 872 λόγον.

2198 883 2392 948 Κτίσις
2446 885 2556 956 γὰρ
2614 888 2647 956 ἡ
2681 886 3095 960 βασιλευομένη,
3131 892 3226 945 καὶ
3258 892 3345 944 ἐπ’
3397 893 3538 966 αὑτῇ
3591 898 3803 951 νοεῖται

2199 976 2352 1040 Θεός.
2395 977 2604 1032 Οὐκοῦν
2623 981 2672 1034 εί
2700 979 2832 1046 Θεὸς
2861 981 3004 1036 κατά
3047 983 3209 1052 φύσιν
3233 986 3385 1040 ἐστὶν
3411 987 3440 1038 6
3461 988 3612 1052 Υἱὸς,
3637 991 3806 1058 ἐγεν-

2199 1067 2335 1139 νήθη
2364 1067 2422 1120 δὲ
2475 1069 2730 1141 ἀρῤήτως
2769 1073 2833 1126 ἐκ
2863 1072 2958 1128 τοῦ
2995 1074 3132 1128 Θεοῦ
3167 1077 3264 1128 καὶ
3305 1077 3537 1148 Πατρός,
3569 1079 3668 1151 τὴν
3697 1080 3804 1134 τοῦ

2200 1161 2557 1229 γεννήσαντος
2588 1161 2748 1230 φύσιν
2775 1165 2838 1217 τὸ
2871 1183 2890 1215 ι
2920 1165 3126 1220 ἀνωθεν
3153 1185 3172 1218 ι
3209 1171 3484 1238 σημαίνει,
3518 1172 3606 1226 διὰ
3636 1172 3806 1226 τοῦτὸ

2198 1266 2257 1302 τε
2291 1251 2477 1306 ἐπάνω
2512 1255 2731 1308 πάντων
2761 1256 2910 1310 ἐστὶν
2948 1259 2976 1310 6
3013 1258 3358 1331 Μονογενὴς,
3398 1262 3495 1316 an
3519 1263 3583 1335 δὴ
3615 1265 3713 1320 καὶ
3737 1267 3804 1333 ἐξ

2197 1339 2368 1410 αὑτῆς
2387 1340 2781 1415 όρ[μ]ώμενος.

2279 1431 2343 1483 Ὀ
2376 1429 2461 1486 ὢν
2485 1434 2556 1488 ἐκ
2584 1436 2695 1504 τῆς
2726 1435 2859 1506 γῆς,
2885 1438 2954 1494 ἐκ
2978 1438 3089 1508 τῆς
3122 1439 3232 1512 γῆς
3260 1443 3414 1509 ἐστι,
3445 1445 3542 1499 καί
3576 1446 3646 1501 ἐκ
3680 1446 3804 1514 τῆς

2197 1519 2308 1591 γῆς
2331 1525 2526 1580 λαλεῖ-

2266 1616 2381 1670 Ούκ
2417 1618 2719 1691 ίσομέτρως
2751 1622 3072 1694 ἐνεργήσαι,
3109 1626 3298 1694 φησὶν,
3331 1629 3413 1692 είς
3436 1629 3497 1683 τὸ
3522 1630 3791 1688 δύνασθαι

2197 1707 2406 1761 πείθειν
2447 1711 2476 1762 6
2509 1711 2748 1782 γηγενὴς
2801 1711 2880 1783 τῷ
2918 1713 3012 1766 ἐπὶ
3057 1715 3266 1779 πάντας
3319 1717 3436 1771 ὄντι
3481 1719 3618 1791 Θεῷ.
3676 1725 3798 1778 Λα-

2123 1766 2166 1822 B
2195 1799 2351 1869 λήσει
2407 1766 2642 1874 μὲίγάρ
2689 1766 2766 1868 (in;
2810 1766 3266 1877 6.;Opwrtog'6trt6'
3313 1766 3800 1880 καὶιέν

2197 1892 2335 1963 μόνη
2370 1893 2677 1963 συμϐούλου
2708 1896 2946 1951 κείσεται
2967 1898 3140 1964 τάξει,
3175 1899 3303 1963 ὅλας
3321 1903 3435 1964 τοῖς
3462 1903 3800 1974 παιδευομέο

2194 2001 2306 2048 νοις
2337 1985 2638 2057 ἐπιτρέψας
2656 1988 2756 2052 τάς
2776 1989 2871 2043 τοῦ
2927 1989 3212 2060 βούλεσθαι
3258 1993 3573 2048 πιστεύσειν
3607 1997 3791 2066 ἡνίας·

2193 2080 2223 2132 6
2243 2079 2300 2132 δέ
2322 2078 2529 2134 ἄνωθεν
2557 2081 2867 2152 ἐρχόμενος,
2891 2083 2967 2147 ὡς
2992 2083 3146 2147 Θεὸς,
3181 2085 3300 2157 θείᾳ
3315 2086 3422 2138 τινὶ
3445 2086 3538 2140 καὶ
3560 2088 3796 2160 ἀρρήτῳ

2195 2170 2378 2241 χάριτι
2412 2171 2892 2242 καταχρώσας.τὺν
2924 2175 3082 2243 λόγον
3102 2216 3117 2240 ,
3141 2179 3262 2239 ταῖς
3289 2176 3399 2231 τῶν
3451 2179 3796 2248 προσιόντων

2195 2264 2402 2334 ἐνίησιν
2436 2265 2648 2328 ἀκοαῖς.
2683 2267 2834 2337 Ὀσῳ
2882 2267 2942 2322 δὲ
2968 2269 3208 2339 ἀμείνων
3240 2269 3360 2321 ἐστὶ
3400 2271 3544 2323 κατὰ
3595 2270 3790 2340 φύσιν,

2193 2357 2432 2426 τοσούτῳ
2459 2355 2524 2426 δὴ
2556 2357 2773 2422 πάντως
2797 2358 3082 2431 ἐνεργήσει
3105 2359 3458 2431 γοργότερον.
3484 2362 3790 2432 Χρησίμως

2191 2445 2250 2499 δὲ
2279 2445 2398 2501 λίαν
2425 2449 2455 2500 6
2485 2449 2756 2521 μακάριος
2778 2451 3092 2523 Βαπτιστὴς
3123 2452 3262 2524 πρὸς
3284 2453 3411 2517 τοὺς
3443 2454 3636 2509 ἐαυτοῦ
3679 2473 3792 2526 μα-

2192 2535 2362 2608 θητὰς
2388 2537 2457 2594 τὰ
2487 2539 2716 2595 τοιαῦτά
2743 2558 2929 2613 φησιν.
2969 2543 3187 2616 Ἐπειδὴ
3237 2544 3348 2617 γὰρ
3376 2547 3539 2600 αὑτὸν
3565 2533 3664 2618 τῆς
3692 2547 3792 2616 τοῦ

2191 2629 2444 2702 Σωτῆρος
2485 2631 2647 2704 δόξης
2687 2633 2954 2705 ἐθεώρουν
2988 2635 3321 2708 ἡττώμενον,
3370 2638 3464 2692 ἐπί
3507 2657 3567 2693 τε
3612 2639 3794 2710 τούτῳ

2191 2719 2380 2778 λοιπὸν
2419 2723 2482 2776 οὐ
2513 2725 2750 2796 μετρίως
2771 2727 3241 2794 ἐσκανδαλίζοντο,
3273 2729 3376 2800 (διὸ
3403 2730 3468 2801 δὴ
3499 2731 3591 2784 καὶ
3621 2749 3794 2803 προσ-

2189 2811 2358 2884 ῄεσαν
2409 2813 2657 2884 λέγοντες
2679 2833 2692 2848 ’
2729 2837 2749 2870 ι
2798 2818 3012 2885 Ῥα66ὶ,
3046 2821 3106 2886 ὃς
3124 2817 3194 2893 ἦν
3217 2823 3360 2894 μετά
3388 2824 3482 2877 σοῦ
3507 2826 3566 2877 ὲν
3586 2825 3666 2895 τῷ
3690 2826 3794 2878 πέ-

2197 2920 2296 2975 ραν
2350 2905 2444 2960 τοῦ
2492 2908 2780 2980 Ἰορδάνου,
2825 2905 2872 2980 ᾧ
2928 2913 2993 2966 σὺ
3029 2914 3480 2986 μεμαρτύρηκας,
3517 2917 3591 2970 ἴδε
3632 2911 3792 2981 οὗτος

2193 2995 2494 3067 βαπτίζει,
2551 3002 2645 3055 καὶ
2700 3003 2904 3069 πάντες
2957 3004 3212 3077 ἔρχονται
3265 3007 3404 3080 πρὸς
3460 3009 3624 3063 αὑτόν
3686 3029 3705 3062 ι
3745 3011 3786 3078 )·

501 3101 646 3173 pulis
677 3115 860 3156 rerum
889 3098 1338 3155 necessariarum
1383 3094 1778 3166 cogitationem
1810 3091 2087 3160 injiciens,

2195 3088 2511 3159 ἀναγκαίως
2531 3093 2559 3146 6
2582 3095 3057 3168 πνευματοφόρος,
3088 3098 3148 3150 τὸ
3169 3097 3265 3150 τοῦ
3291 3099 3587 3154 σκανδάλου
3615 3099 3791 3163 πάθος

500 3193 726 3264 exponit
759 3191 982 3262 quidem
1011 3189 1316 3243 Salvatoris
1341 3201 1510 3257 supra
1546 3186 1807 3242 universa
1837 3185 2089 3242 eminen-

502 3285 659 3348 tiam,
703 3282 1065 3338 nihilominus
1109 3294 1242 3336 vero
1296 3294 1524 3335 causam
1575 3277 1768 3333 edocet
1806 3277 1880 3333 ob
1925 3292 2090 3348 quam

503 3376 574 3430 ad
611 3375 764 3429 illum
799 3374 909 3443 jam
940 3387 1132 3426 omnes
1162 3369 1524 3435 conﬂuerent,
1551 3378 1606 3427 et
1633 3385 1789 3442 aqua:
1818 3371 2093 3442 baptismo

502 3466 697 3520 relicto
751 3465 820 3518 ad
881 3462 1208 3518 diviniorem
1265 3470 1319 3518 et
1377 3463 1792 3532 perfectiorem,
1842 3463 1940 3535 qui
1993 3479 2093 3534 per

501 3557 770 3628 Spiritum
802 3564 1056 3611 sanctum
1091 3554 1254 3610 [iebat
1287 3556 1572 3624 nimirum,
1597 3571 1658 3613 se
1684 3557 2019 3627 reciperent.

579 3817 738 3889 165
775 3816 837 3870 lll
866 3859 881 3884 ,
935 3818 1024 3872 3i.
1081 3815 1187 3883 Qui
1231 3817 1293 3872 de
1331 3819 1461 3873 caelo
1509 3819 1683 3886 venit,
1723 3834 1880 3889 super
1911 3837 2092 3875 omnes

501 3921 600 3964 εει.

573 3997 689 4053 Hoc
718 3991 982 4066 testatur,
1025 4001 1236 4071 inquit,
1274 4001 1543 4071 plurimos
1578 4011 1631 4058 et
1667 4002 2091 4074 incomparabili

501 4091 796 4145 intervallo
833 4098 1086 4148 terrenos
1139 4092 1393 4148 homines
1433 4107 1462 4146 a
1517 4091 1630 4148 Deo
1683 4092 1901 4157 Verbo,
1947 4093 2094 4162 quod

501 4177 740 4253 superne
777 4190 834 4237 et
868 4185 1090 4240 caelitus
1137 4183 1452 4248 descendit,
1503 4185 1778 4254 superari.
1811 4183 1912 4238 Cui
1954 4198 2093 4239 con-

502 4275 771 4329 ﬁrmando
802 4275 908 4328 nisi
939 4275 1042 4329 sim
1076 4274 1329 4339 idoneus,
1368 4283 1423 4329 et
1454 4275 1500 4330 si
1536 4291 1660 4346 quae
1695 4272 1943 4333 dicturus
1969 4291 2090 4333 sum

504 4365 621 4419 sola
649 4378 760 4418 non
797 4363 1098 4428 sufﬁciant,
1147 4363 1267 4432 ipse
1319 4364 1478 4418 testis
1510 4365 1734 4420 accedet
1782 4364 1992 4432 Filius,
2035 4375 2092 4424 et

2195 3180 2655 3254 ὑποτεμνόμενος,
2692 3185 2822 3254 ὑγιᾶ
2874 3204 2933 3240 τε
2977 3191 3090 3253 τοῖς
3123 3189 3321 3244 ἑαυτοῦ
3382 3191 3656 3262 μαθηταῖς
3688 3194 3790 3262 τὴν

2192 3273 2285 3326 ἐπὶ
2317 3276 2436 3337 τοῖς
2475 3275 2930 3343 ἀναγκαιοτάτοις
2951 3279 3207 3352 διάληψιν
3247 3283 3791 3355 ἐντιθεὶς,ἐξηγεϊται

2195 3364 2296 3436 μὲν
2333 3364 2426 3419 τοῦ
2456 3366 2708 3440 Σωτῆρος
2755 3369 2855 3440 τὴν
2882 3372 3023 3426 κατά
3054 3373 3272 3428 πάντων
3308 3377 3604 3449 ὑπεροχὴν,
3642 3379 3790 3433 διδά-

2195 3466 2314 3503 σκει
2347 3450 2405 3504 δὲ
2454 3453 2608 3507 οὐδὲν
2652 3449 2816 3526 ἦττον
2858 3459 2957 3528 τὴν
2985 3461 3184 3526 αἰτίαν,
3218 3463 3285 3516 δι’
3329 3465 3394 3536 ἡν
3440 3466 3538 3537 ἤδη
3585 3468 3792 3532 πάντες

2193 3539 2282 3592 ἐπ’
2311 3541 2516 3596 ἐκεῖνον
2544 3542 2815 3612 ἐσάδιζον,
2851 3550 2946 3603 καὶ
2977 3551 3037 3604 τὸ
3057 3552 3126 3606 δι’
3176 3552 3370 3616 ὕδατος
3403 3555 3565 3624 μόνου
3603 3564 3786 3628 παρὰ·

2193 3631 2481 3703 τρέχοντες
2530 3635 2837 3710 βάπτισμα,
2892 3640 2970 3712 τῷ
3025 3642 3282 3715 θειοτέρῳ
3315 3645 3410 3698 καὶ
3471 3646 3792 3719 τελειοτέρῳ

2197 3723 2532 3794 προσῄεσαν,
2564 3727 2642 3798 τῷ
2677 3729 2768 3784 διὰ
2793 3731 3113 3804 Πνεύματος
3138 3733 3292 3804 ἁγίου
3323 3737 3547 3810 δηλαδή.

2277 3813 2341 3865 '0
2372 3815 2440 3869 ἐκ
2483 3817 2587 3872 τοῦ
2621 3820 2885 3889 οὐρανοῦ
2924 3823 3271 3894 ἐρχόμενος,
3309 3827 3510 3882 ἐπάνω
3546 3829 3794 3885 πάντων

2196 3904 2388 3960 ἐστίν.
3437 3925 3454 3942 ·

2268 3996 2438 4050 Τοῦτο
2467 4006 2754 4073 μαρτυρεῖ,
2783 4005 2866 4059 ὅτι
2891 4006 3140 4079 πλείστη,
3176 4010 3358 4080 φησὶν,
3397 4013 3489 4064 καὶ
3515 4011 3782 4083 ἀσύγκριο

2195 4104 2287 4151 τος
2315 4091 2350 4160 ἡ
2385 4089 2618 4163 διαφορά
2668 4097 2779 4159 τοῖς
2819 4097 2928 4151 ἀπὸ
2971 4099 3072 4170 τῆς
3118 4101 3219 4170 γῆς
3265 4103 3400 4172 πρὸς
3446 4104 3540 4158 τὸν
3580 4105 3793 4160 ἀνωθεν

2197 4180 2291 4232 καὶ
2315 4180 2374 4244 ἐξ
2399 4181 2631 4252 ούρανοῦ
2668 4187 3074 4245 καταϐαίνοντα
3103 4192 3238 4246 Θεὸν
3264 4195 3458 4263 Λόγον.
3509 4197 3570 4250 Et
3601 4197 3676 4268 μὴ
3708 4197 3790 4252 δι-

2195 4269 2412 4326 δάσκειν
2448 4274 2750 4347 ἀξιόχρεως
2785 4280 2895 4344 ἐγὼ
2920 4324 2936 4348 ,
2980 4283 3074 4337 καὶ
3122 4284 3172 4336 εἱ
3222 4284 3382 4354 μόνος
3423 4287 3552 4358 ὑμῖν
3597 4289 3626 4340 6
3655 4288 3794 4358 ἐμὸς

2195 4364 2296 4417 οὑκ
2319 4365 2608 4438 ἐξαρκέσει
2632 4369 2790 4438 λόγος
2808 4409 2824 4435 ,
2877 4373 3041 4437 αὐτὸς
3068 4375 3454 4431 ἐπιδεδαιὼσει
3491 4379 3793 4449 μαρτυρῶν

503 4453 1049 4524 incomprehensibili
1091 4455 1272 4522 spatio
1325 4454 1535 4509 distare
1587 4462 1864 4508 terrenum
1901 4457 2092 4512 abillo

2196 4456 2224 4509 6
2255 4458 2406 4522 Υἱὸς,
2432 4460 2804 4533 ἀκαταλήπτῳ
2826 4464 3012 4536 μέτρῳ
3036 4465 3312 4523 διεστᾶναι
3344 4469 3405 4522 τὸ
3437 4471 3667 4542 γηγενὲς
3689 4471 3793 4541 τῆς

504 4562 722 4604 summo
774 4561 958 4600 rerum
997 4547 1244 4600 omnium
1287 4545 1539 4614 principe
1595 4545 1835 4601 docebit.
1875 4548 2088 4621 Quippe

504 4639 707 4693 alicubi
746 4637 997 4693 Salvator
1033 4638 1231 4708 impios
1275 4637 1496 4692 Judmos
1542 4638 1831 4709 alloquens
1867 4659 1881 4695 :
1919 4661 1936 4693 ι
1979 4641 2086 4700 Vos

502 4731 569 4785 de
599 4731 858 4786 deorsum
896 4730 1054 4794 estis,
1087 4745 1189 4800 ego
1215 4730 1283 4785 de
1314 4731 1571 4800 supernis
1610 4747 1732 4787 sum
1753 4733 1820 4786 ³⁷.
1850 4752 1868 4784 ι
1913 4733 2084 4789 Deor-

505 4839 628 4879 sum
661 4823 820 4879 ,enim
874 4839 1060 4878 rerum
1117 4831 1430 4877 creatarum
1486 4832 1742 4878 naturam
1800 4825 1878 4879 ait
1927 4842 2082 4892 esse,

504 4921 565 4967 ut
613 4913 954 4982 subiectam,
982 4920 1128 4967 etut
1171 4928 1235 4966 ex
1299 4914 1629 4970 necessitate
1679 4913 1789 4972 Deo
1849 4917 1917 4972 ad
1961 4935 2086 4974 esse

502 5005 725 5059 vocanti
752 5006 1106 5060 servientem.
1148 5003 1381 5060 Sursum
1413 5020 1565 5072 vero,
1596 5006 1840 5064 divinam
1873 5018 1928 5064 et
1949 5010 2088 5064 incf-

507 5098 726 5152 fabilem
757 5097 1182 5152 dominatricem
1230 5098 1381 5154 illam
1416 5106 1696 5166 naturam,
1722 5109 1917 5172 utpote
1966 5117 2088 5172 quae

506 5205 596 5245 res
634 5197 852 5245 creatas
906 5190 1135 5260 pedibus
1183 5193 1303 5247 suis
1343 5192 1622 5262 subiectas
1656 5193 1855 5260 habet,
1886 5202 1943 5249 et
1987 5209 2092 5263 po-

506 5282 724 5336 testatis
757 5297 872 5336 sua:
900 5281 1039 5352 jngo
1066 5283 1336 5338 subditas.
1363 5283 1483 5340 Non
1514 5285 1720 5343 frustra
1755 5295 1938 5340 autem
1972 5286 2090 5341 hac

506 5371 698 5426 beatus
729 5369 972 5440 Baptista
1004 5373 1386 5441 superioribus
1417 5374 1639 5444 adjecit.
1679 5372 1759 5430 Ne
1788 5375 1904 5428 suis
1942 5375 2088 5428 enim

507 5461 793 5530 discipulis
813 5478 981 5518 vanas
1004 5465 1247 5520 rationes
1287 5464 1490 5534 [ingere
1524 5472 1838 5533 putaretur,
1872 5476 1924 5520 et
1949 5481 2090 5535 qua-

509 5553 554 5606 si
591 5556 819 5623 pnderct
872 5555 994 5612 sine
1038 5571 1204 5612 causa
1249 5556 1472 5618 Christo
1512 5555 1835 5610 inferiorem
1885 5560 2084 5627 videri,

583 5724 626 5758 "
656 5725 812 5781 Joan.
855 5745 935 5795 nl,
972 5731 1065 5788 “26.
1143 5732 1185 5762 ³⁷
1225 5730 1534 5793 Joan.vm,
1575 5728 1668 5784 25.

2194 4551 2379 4606 ἐπάνω
2410 4553 2628 4608 πάντων
2655 4556 2830 4627 ἀρχῆς
2849 4573 2867 4590 ο
2895 4558 3278 4631 διαλεγόμενος
3297 4561 3352 4615 δέ
3374 4577 3476 4615 που
3505 4562 3642 4634 πρὸς
3661 4564 3794 4628 τοὺς

2194 4643 2444 4708 ἀνοσίους
2487 4645 2795 4712 Ἰουδαίους,
2844 4646 3087 4718 ἔφασκεν
3117 4653 3391 4724 όΣωτήρσ
3438 4672 3458 4706 ι
3503 4653 3694 4726 Ὑμεῖς
3725 4657 3796 4710 ἐκ

2192 4731 2303 4786 τῶν
2335 4734 2488 4788 κάτω
2523 4736 2647 4788 ἐστέ
2671 4753 2685 4766 ·
2724 4736 2837 4806 ἐγὼ
2874 4740 2940 4793 ἐκ
2983 4741 3093 4795 τῶν
3121 4742 3234 4797 ἀνω
3266 4746 3402 4815 εἰμί.
3431 4764 3448 4798 ι
3480 4747 3647 4800 Κάτω
3688 4747 3795 4818 μὲν

2191 4825 2301 4896 γὰρ
2330 4825 2430 4896 τὴν
2455 4826 2565 4878 τῶν
2594 4829 2838 4898 γενητῶν
2870 4830 3030 4900 φύσιν
3059 4829 3198 4888 εἶναί
3238 4853 3439 4907 φησιν,
3471 4838 3547 4901 ὡς
3568 4838 3797 4893 ὑποκει-

2201 4916 2370 4988 μένην
2410 4917 2504 4970 καὶ
2537 4918 2613 4982 ὡς
2655 4920 2715 4984 ἐξ
2743 4920 2990 4993 ἀνάγκης
3033 4924 3394 4983 δουλεύουσαν
3432 4909 3515 5000 τῷ
3545 4929 3683 5000 πρὸς
3729 4931 3794 4984 τὸ

2196 5004 2334 5062 εἶναι
2362 5009 2616 5063 καλοῦντι
2650 5011 2768 5084 Θεῷ
2788 5027 2801 5042 ·
2829 5013 2941 5068 ἄνω
2978 5017 3035 5070 δὲ
3063 5017 3222 5071 πάλιν
3244 5021 3342 5090 τὴν
3372 5020 3520 5074 θείαν
3567 5022 3662 5075 καὶ
3692 5023 3795 5094 ἄῤ-

2200 5098 2360 5166 ρητον
2393 5096 2759 5162 δεσπόζουσαν
2792 5101 2976 5171 φύσιν,
2999 5105 3075 5168 ὼς
3106 5107 3285 5162 πάντα
3318 5109 3423 5162 ὑπὸ
3447 5097 3614 5174 πόδας
3639 5112 3797 5182 ἔχου-

2200 5205 2298 5241 σαν
2319 5189 2387 5242 τὰ
2413 5192 2636 5262 γενητὰ,
2656 5194 2750 5247 καὶ
2774 5193 2850 5265 τῷ
2875 5197 2972 5266 τῆς
3015 5198 3264 5262 ἐξουσίας
3293 5201 3590 5255 ὑποθεῖσαν
3620 5203 3791 5274 ζυγῷ.

2201 5282 2275 5333 Οὑ
2307 5283 2482 5352 μάτην
2499 5285 2552 5338 δὲ
2579 5285 2755 5340 ταῦτα
2779 5290 2892 5351 τοῖς
2921 5289 3180 5361 ἀνωτέρω
3205 5293 3595 5363 προστέθεικεν
3623 5298 3652 5348 6
3689 5313 3795 5364 μα·

2199 5374 2391 5444 κάριος
2420 5377 2762 5448 Βαπτιστής’
2813 5380 2902 5435 ἵνα
2929 5381 3038 5450 γὰρ
3072 5382 3148 5454 μὴ
3183 5383 3470 5455 νομίζηται
3501 5387 3652 5457 παρά
3679 5389 3796 5450 τοῖς

2201 5466 2393 5518 ἐαυτοῦ
2423 5467 2712 5538 μαθηταῖς,
2743 5471 2985 5540 εἰκαίους
3007 5474 3446 5529 ἀναπλάττεσθαι
3473 5477 3789 5547 λογισμοὺς,

2201 5557 2340 5611 αἰδοῖ
2381 5558 2436 5612 δὲ
2485 5561 2580 5614 τοῦ
2616 5561 2690 5632 μὴ
2739 5562 2914 5618 δοκεῖν
2955 5564 3194 5634 εὐλόγως
3233 5567 3496 5638 ἡττῆσθαι
3525 5566 3790 5638 Χριστοῦ,
