4106 6494
253 397 402 454 273
1374 395 1441 452 ΓΝ
1466 394 1755 452 JOANNIS
1795 394 1902 451 EVA

2010 396 2249 457 EELIUM
2287 399 2418 457 LIB.
2462 399 2527 456 ll.
3505 403 3613 461 276

254 510 521 584 μείζονα
556 512 658 584 μὲν
687 511 872 582 λέγειν
911 511 1005 567 καὶ
1039 512 1246 568 ἀνωθεν
1276 513 1460 578 αὐτὸν,
1485 493 1680 568 ἐαυτὸν
1712 513 1769 567 δὲ
1799 513 1902 568 κά-

2012 515 2192 586 ipsum
2262 516 2531 587 majorem
2603 524 2658 572 et
2721 516 3021 574 desursum
3081 515 3308 585 dicere,
3369 534 3429 575 se
3479 537 3612 578 vero

250 605 463 659 τωθεν
525 605 624 660 καὶ
655 605 767 660 ἀπὸ
797 605 897 677 τῆς
934 605 1070 676 γῆς’
1114 606 1434 676 ἀναγκαίως
1473 608 1568 676 ἀφ’
1606 599 1682 660 ὧν
1737 606 1901 670 αὐτὸς

2010 609 2302 674 deorsum,
2357 617 2412 665 et
2463 609 2532 665 de
2578 617 2762 677 terra,
2815 608 3138 666 necessario
3183 625 3246 665 ex
3302 611 3612 671 Salvator-is

252 700 534 769 ἔφασκεν
560 700 591 752 6
630 698 826 772 Σωτὴρ
846 742 860 766 ,
892 698 993 772 τὴν
1022 699 1134 754 τῶν
1166 701 1480 773 εἰρημένων
1511 700 1902 772 ἐπισφραγίζει

2010 700 2189 771 ipsius
2232 702 2424 759 verbis
2447 703 2728 759 dictorum
2768 703 3103 759 sententiam
3131 707 3500 774 comprobat,
3557 717 3613 762 et

246 791 542 863 δύναμιν,
565 793 662 848 καὶ
687 791 968 863 πρόφασιν
994 793 1115 864 μὲν,
1141 793 1204 847 ού
1227 792 1484 866 καθάπερ
1514 791 1682 864 ᾤοντο
1714 793 1902 864 κενὴν,

2010 794 2250 850 ostendit
2278 810 2401 850 eam
2438 796 2850 868 expositionem
2884 811 2997 850 non
3035 809 3195 863 esse,
3228 804 3290 850 ut
3315 797 3613 853 existinm-

251 885 552 956 ἀληθείας
584 885 904 958 δὲμᾶλλον
954 885 1233 951 ἀπόδειξιν
1257 927 1272 952 ,
1323 885 1653 941 ἐπιδεικνύει
1685 887 1785 958 τὴν
1819 885 1902 952 ἐξ·

2010 890 2164 956 bant,
2193 887 2441 954 inanem,
2472 889 2572 946 sed
2600 890 2814 945 claram
2855 889 3044 961 potius
3073 888 3610 946 demonstrationem

254 980 515 1049 ἡγησιν.
581 977 806 1050 Ἐπειδὴ
839 977 898 1032 δὲ
939 979 1037 1033 καὶ
1072 977 1238 1050 ἑτέρα
1270 977 1522 1048 φαίνεται
1575 977 1672 1032 τοῦ
1717 977 1902 1048 στίχου

2010 983 2284 1038 veritatis.
2323 983 2601 1050 Quoniam
2647 991 2834 1040 autem
2865 985 2923 1039 in
2964 981 3244 1040 versiculo
3274 984 3439 1040 aliter
3468 1003 3612 1057 quo-

255 1073 533 1144 γραφή’

2010 1091 2118 1146 que
2145 1076 2420 1147 scriptum
2451 1077 2671 1134 videtur
2697 1097 2710 1134 :

354 1165 431 1218 Ὃ
461 1164 577 1235 γὰρ
610 1166 868 1236 ἑώρακε,
914 1166 1084 1239 φησὶ,
1118 1165 1218 1222 καὶ
1245 1164 1482 1236 ἤκουσε
1501 1205 1516 1231 ,
1561 1165 1741 1222 τοῦτο
1758 1183 1902 1236 μαρ-

2081 1165 2176 1234 Ill,
2205 1169 2299 1224 52.
2342 1167 2500 1236 Quod
2531 1169 2674 1224 enim
2705 1169 2859 1239 vidit,
2891 1167 3096 1241 inquit,
3131 1181 3181 1227 et
3245 1170 3474 1240 audivit,
3515 1171 3613 1225 hoc

255 1259 459 1327 τυρεῐ
472 1275 486 1288 ·

2014 1269 2240 1317 testatur
2255 1279 2277 1327 ;

343 1352 502 1423 Qépe
532 1351 630 1405 καὶ
673 1352 756 1416 εις
806 1351 980 1422 αὐτὴν
1009 1350 1171 1420 όλίγα
1214 1348 1598 1426 διαλεξόμεθα.
1659 1349 1773 1413 Τὰς
1821 1349 1902 1419 ἐφ’

2092 1355 2332 1427 Agedum
2367 1357 2811 1428 paucaquzedam
2840 1357 2897 1413 in
2934 1356 3073 1414 illud
3093 1357 3464 1416 disseramus.
3499 1355 3614 1411 Duo

2011 1446 2180 1504 nobis
2221 1454 2354 1504 sunt
2404 1464 2631 1517 sensus,
2693 1450 2902 1522 quibus
2951 1450 3310 1522 potissimum
3363 1450 3612 1507 solemus

2012 1541 2080 1597 de
2106 1555 2294 1596 rerum
2329 1543 2562 1598 veritate
2611 1541 2730 1598 fieri
2783 1542 3057 1600 certiores
3079 1581 3096 1606 ,
3132 1543 3289 1598 visus
3340 1542 3611 1597 nimirum

2012 1640 2067 1688 et
2096 1633 2343 1690 auditus.
2380 1633 2514 1702 Quae
2543 1635 2694 1692 enim
2737 1633 3058 1690 audivimus
3089 1634 3218 1705 ipsi,
3253 1649 3317 1688 ac
3348 1634 3612 1700 vidimus,

260 1447 512 1517 ὲκάστῳ
531 1444 644 1499 τῶν
667 1445 1014 1518 πραγμάτων
1030 1444 1141 1515 πλη
1150 1443 1431 1515 ροφορίας,
1449 1443 1537 1498 διὰ
1556 1443 1650 1497 δύο
1671 1443 1910 1515 μάλιστα

257 1540 400 1595 τῶν
431 1538 788 1611 κυριωτέρων
821 1537 1131 1610 αἰσθήσεων
1169 1537 1472 1608 λαμϐάνειν
1495 1536 1826 1609 πεφύκαμεν
1848 1553 1908 1591 τε

267 1633 385 1686 καὶ
423 1629 856 1700 κατειθίσμεθα,
889 1628 1066 1698 ὅψεως
1103 1627 1168 1688 δὴ
1199 1627 1344 1697 λέγω
1387 1627 1486 1681 καὶ
1515 1626 1696 1697 ἀκοῆς
1717 1642 1731 1656 ⁶
1777 1625 1911 1681 αύτ-

264 1723 452 1794 ήκοοί
480 1739 544 1774 τε
583 1720 695 1791 γάρ
736 1719 832 1773 καὶ
867 1720 1268 1772 αὑτεπίσκοποι
1312 1717 1679 1789 γεγενημένοι
1719 1717 1902 1783 τινῶν,

2013 1723 2083 1781 de
2133 1725 2206 1782 iis
2241 1734 2396 1782 certo
2419 1734 2478 1784 et
2527 1727 2840 1784 indubitate
2892 1727 3195 1798 loquimur.
3253 1725 3390 1781 Cum
3444 1726 3615 1798 igitur

266 1817 377 1869 ἐπὶ
427 1814 492 1868 τό
539 1814 723 1883 λέγειν
768 1811 1167 1876 ἀνενδοιάστως
1217 1811 1348 1883 περὶ
1382 1811 1564 1864 αὐτῶν
1612 1808 1902 1882 ἐρχόμεθα.

2013 1833 2113 1874 eos
2146 1817 2216 1874 ad
2267 1817 2477 1878 Christi
2517 1819 2683 1876 ﬁdem
2723 1820 3101 1893 arripiendam
3154 1820 3496 1885 hortaretur,
3533 1819 3615 1874 lo-

231 1981 236 1986 .
283 1878 642 1958 Ἀναπείθων
677 1901 974 1974 τοιγαροῦν
995 1941 1010 1966 ,
1041 1878 1322 1973 δρομαίως
1350 1901 1552 1964 αὐτοὺς
1594 1878 1688 1954 ἐπὶ
1702 1878 1776 1954 τὸ
1799 1905 1902 1956 ’πι-

2011 1913 2206 1982 quitur
2243 1911 2418 1977 enim,
2453 1913 2637 1984 inquit
2659 1955 2674 1982 ,
2701 1878 2862 1984 quod.
2882 1911 3135 1984 apprime
3165 1911 3340 1966 novit.
3366 1911 3614 1966 Rursum

285 1998 511 2052 στεύειν
562 1997 702 2051 ἰέναι
771 1996 853 2068 τῷ
901 1997 1147 2068 Χριστῷ,
1203 1994 1355 2049 λαλεῖ
1388 1994 1535 2066 γὰρ,
1583 1995 1723 2067 ὅπερ
1773 1991 1905 2062 οἶδε,

289 2093 488 2162 φησὶν,
517 2091 796 2162 ἀκριϐῶς·
835 2091 1106 2162 λαμϐάνει
1141 2090 1201 2145 δὲ
1236 2089 1412 2145 πάλιν
1448 2090 1524 2155 ὡς
1553 2091 1614 2158 ἐξ
1649 2092 1907 2165 ὁμοιότη-

282 2203 384 2248 τος
416 2185 514 2254 τῆς
535 2184 661 2237 καθ’
695 2185 846 2256 ἡμᾶς
868 2227 884 2249 ,
915 2183 1006 2238 ἴνα
1033 2183 1246 2256 νοῶμεν
1272 2183 1773 2259 θεοπρεπέστερον,
1810 2186 1908 2240 καί

281 2293 484 2349 φησιν’
524 2297 543 2328 ‹
577 2278 644 2330 Ὅ
673 2275 891 2349 ἑώρακε
938 2277 1034 2332 καὶ
1069 2277 1294 2348 ἥκουσε,
1321 2276 1482 2330 τοῦτο
1512 2281 1802 2348 μαρτυρεῖ.
1835 2297 1853 2330 ι

365 2371 478 2426 Καὶ
502 2370 622 2439 τὴν
640 2372 980 2440 μαρτυρίαν
1007 2369 1196 2426 αὑτοῦ
1230 2369 1430 2438 οὐδεὶς
1447 2371 1761 2442 λαμϐάνει.

355 2464 478 2534 Οὐχ
507 2463 586 2526 ὡς
619 2461 855 2534 μηδενὸς
885 2461 1182 2532 δεχομένου
1212 2462 1315 2532 τὴν
1345 2462 1655 2534 μαρτυρίαν
1701 2463 1805 2534 (ὅτι
1839 2463 1905 2534 δὴ

281 2556 386 2609 καὶ
431 2555 570 2618 Θεὸς
610 2555 756 2610 κατά
788 2553 954 2625 φύσιν
1007 2554 1244 2627 ὑπάρχει
1278 2555 1548 2628 Χριστὸς,
1597 2556 1808 2610 ἄνωθέν
1846 2573 1906 2608 τε

279 2647 382 2699 καὶ
417 2648 485 2698 ἐκ
534 2645 753 2716 Πατρὸς
779 2644 1104 2716 ὁρμώμενος
1125 2685 1140 2712 ,
1173 2645 1362 2700 ἐπάνω
1393 2647 1613 2700 πάντων
1648 2647 1808 2716 ἐστὶ),
1838 2646 1909 2700 τά

277 2736 518 2792 τοιαῦτά
561 2755 732 2809 φησιν
773 2740 800 2792 6
851 2739 1124 2810 μακάριος
1167 2739 1484 2810 Βαπτιστὴς
1540 2739 1766 2811 (πολλοὶ
1797 2741 1908 2813 γὰρ

280 2831 546 2898 ἐδέξαντο
586 2833 682 2886 καὶ
731 2832 1174 2899 πεπισκεύκασι,
1222 2833 1319 2887 καὶ
1353 2833 1460 2904 πρό
1505 2849 1574 2909 γε
1618 2833 1838 2888 πάντων
1879 2836 1908 2888 ὁ

284 2925 526 2997 Πέτρος,
564 2925 762 2980 είπών·
808 2945 826 2979 ι
865 2928 938 2980 Σὺ
984 2923 1035 2981 εἴ
1075 2929 1105 2980 6
1136 2927 1370 2998 Χριστὸς
1416 2930 1444 2981 6
1479 2928 1610 2991 Υίὸς
1639 2927 1734 2983 τοῦ
1769 2929 1907 2984 Θεοῦ

281 3018 385 3072 τοῦ
420 3018 632 3084 ζῶντος
659 3038 676 3071 ›
705 3020 748 3090 )ο
778 3019 894 3074 ἀλλ’
929 3019 1005 3083 ὡς
1033 3019 1142 3073 τῶν
1185 3019 1441 3074 ἁπάντων
1471 3019 1638 3083 αὐτὸς
1680 3019 1909 3092 ἀκριϐέ-

291 3129 488 3184 στερον
518 3112 580 3165 τὸ
614 3113 760 3184 μέγα
796 3112 890 3166 τοῦ
921 3111 1215 3177 λαλοῦντος
1242 3113 1503 3184 ἐννοήσας
1526 3113 1743 3185 ἀξίωμα
1763 3154 1776 3179 ,
1809 3131 1908 3185 μο-

2011 2019 2042 2059 a
2076 2005 2242 2062 nobis
2275 2004 2702 2062 similitudinem
2736 2005 2914 2073 ducit,
2953 2012 3011 2060 ut
3056 2004 3210 2076 quod
3245 2003 3500 2059 divinum
3526 2011 3614 2058 est

2013 2097 2409 2172 intelligamus,
2442 2105 2497 2156 et
2517 2099 2596 2155 ait
2635 2119 2647 2155 :
2687 2117 2706 2150 ι
2754 2097 2912 2166 Quod
2946 2097 3085 2154 vidit
3127 2104 3183 2153 et
3222 2096 3472 2164 audivit,
3504 2096 3612 2152 hoc
3691 2109 3693 2112 ‘

2013 2200 2271 2249 testatur.
2324 2212 2343 2246 ι

2083 2375 2174 2441 lll,
2210 2375 2296 2431 52.
2341 2373 2409 2430 Et
2429 2377 2788 2432 testimonium
2813 2377 2928 2448 ejus
2946 2392 3096 2432 nemo
3121 2377 3337 2448 accipit.
3503 2444 3514 2447 _

2084 2469 2204 2526 Non
2225 2470 2341 2526 haec
2371 2470 2449 2524 ait
2482 2471 2678 2529 beatus
2715 2469 2968 2543 Baptista
2992 2513 3007 2538 ,
3033 2473 3198 2539 quasi
3245 2485 3411 2528 nemo
3457 2471 3612 2528 testi-

2013 2563 2258 2618 monium
2284 2563 2418 2618 illud
2453 2564 2716 2634 accipiat,
2751 2565 2899 2635 quod
2928 2565 3192 2622 Christus
3242 2565 3506 2620 nimirum
3539 2565 3613 2620 sit

2012 2656 2160 2711 Deus
2190 2657 2499 2713 secundum
2534 2666 2812 2725 naturam,
2847 2665 2903 2713 et
2938 2673 3186 2729 superne
3219 2665 3390 2729 atque
3415 2672 3482 2713 ex
3505 2655 3612 2710 Pa-

2012 2761 2097 2807 tre
2161 2751 2425 2820 delapsus
2461 2765 2634 2821 super
2665 2750 2852 2806 omnia
2890 2751 2962 2808 sit
2989 2750 3336 2807 constitutus
3373 2768 3386 2806 :
3445 2749 3606 2804 multi

2011 2842 2157 2898 enim
2209 2841 2371 2914 166
2407 2851 2806 2915 susceperunt,
2860 2853 2916 2898 et
2952 2841 3336 2911 crediderunt,
3387 2853 3444 2899 et
3489 2843 3610 2913 ipse

2012 2935 2287 3007 imprimis
2337 2934 2573 3004 Petrus,
2629 2950 2753 2992 cum
2792 2935 2935 2991 dixit
2971 2955 2986 2992 :
3029 2953 3050 2988 ι
3083 2934 3168 2991 Tu
3217 2951 3279 2993 es
3343 2935 3608 2992 Christus

2009 3027 2184 3085 Filius
2216 3028 2312 3085 Dei
2337 3029 2447 3084 vivi
2467 3028 2553 3085 "z
2595 3048 2614 3082 ι
2657 3027 2756 3086 sed
2783 3043 2912 3085 cum
2948 3029 3067 3100 ipse
3096 3028 3419 3085 accuratius
3439 3043 3607 3100 quam

2011 3121 2197 3178 caueri
2227 3136 2424 3180 omnes
2452 3123 2709 3194 magnam
2735 3122 3016 3193 loquentis
3064 3122 3390 3192 dignitatem
3422 3121 3610 3177 animo

292 3208 509 3278 νονουχὶ
542 3206 881 3271 κατασείσας
922 3209 1022 3277 τὴν
1051 3204 1298 3279 κεφαλὴν
1318 3249 1331 3272 ,
1361 3208 1458 3260 καὶ
1492 3207 1655 3281 μηρῷ
1680 3207 1780 3279 τὴν
1812 3209 1899 3263 δε-

2010 3215 2382 3286 concepisset,
2442 3221 2660 3271 tantum
2692 3231 2806 3271 non
2862 3223 3016 3270 moto
3045 3215 3250 3286 capite,
3295 3220 3350 3269 et
3389 3212 3604 3271 femore

289 3297 416 3363 ξιάν
473 3300 889 3372 ἐπικροτήσας,
937 3300 1319 3374 ἀποθαυμάζει
1374 3302 1485 3357 τῶν
1534 3301 1910 3358 ἀπειθούντων

286 3395 446 3468 αὐτῷ
471 3395 574 3468 τὴν
604 3397 890 3451 ἀπόνοιαν.

921 3533 1179 3589 ΚΕΦΑΛ.
1217 3535 1293 3590 Γ¹.

290 3623 417 3675 Ὅτι
463 3623 634 3691 θεὸς,
680 3625 776 3679 καὶ
815 3625 886 3680 ἐκ
922 3626 1075 3684 Θεοῦ
1099 3625 1252 3682 κατὰ
1275 3626 1469 3698 φύσιν
1497 3630 1532 3683 ὁ
1556 3630 1836 3699 Χριστός.

381 3759 438 3810 Ὁ
463 3761 793 3829 λαμϐάνων
817 3763 1006 3819 αὐτοῦ
1028 3763 1147 3834 τὴν
1163 3765 1520 3835 μαρτυρίαν,
1538 3765 1912 3838 ἐσφράγισεν

287 3852 384 3906 ὅτι
423 3855 458 3906 ὁ
493 3853 642 3920 Θεὸς
668 3855 906 3922 ἀληθής
937 3857 1128 3912 ἐστιν.

367 3946 487 4015 Οὐχ
543 3946 750 4018 ἑτέρως
801 3944 871 4020 ἦν
912 3949 1180 4016 ἐπιδεῖξαι
1223 3948 1322 4020 τὴν
1374 3949 1485 4006 τῶν
1531 3953 1910 4011 ἀπειθούντων

290 4038 584 4104 ἀσέϐειαν,
620 4043 668 4094 εἰ
701 4043 777 4114 μὴ
815 4043 922 4098 τῶν
949 4045 1320 4100 πιστευόντων
1345 4047 1408 4100 τὸ
1432 4046 1689 4120 λαμπρὸν
1719 4050 1912 4117 ἐξεκα-

291 4131 480 4202 λύφθη
523 4134 864 4207 κατόρθωμα
888 4151 906 4166 ·
953 4139 1021 4208 τῇ
1065 4137 1175 4206 γὰρ
1206 4137 1317 4192 τῶν
1351 4139 1576 4208 ἀγαθῶν
1606 4143 1913 4216 ἀντιπαρα-

291 4223 446 4278 θέσει
491 4225 554 4280 τὸ
602 4227 811 4296 φαῦλον
858 4229 1100 4294 εὐκόλως
1145 4231 1606 4302 διαγινώσκεται,
1665 4236 1763 4290 καὶ
1801 4235 1912 4307 τῶν

287 4318 602 4387 ἀμεινόνων
629 4320 661 4390 ἠ
694 4321 898 4389 γνῶσις
919 4322 1134 4395 ἐλέγχει
1162 4326 1231 4379 τά
1273 4328 1553 4400 αἰσχίονα.
1606 4327 1758 4394 Εἴτις
1783 4325 1908 4397 οὖν,

289 4412 453 4480 φησὶ,
471 4413 585 4476 τοῖς
602 4413 697 4466 τοῦ
724 4414 933 4469 ἀνωθεν
951 4416 1182 4487 ἥκοντος
1203 4417 1390 4474 ἐπινεύ
1401 4437 1514 4473 σειε
1535 4420 1739 4491 λόγοις,
1773 4439 1912 4476 κατ-

287 4505 602 4575 εσφράγισέ
623 4523 682 4558 τε
707 4507 799 4562 καὶ
814 4507 1219 4579 ἐξησφαλίσατο
1232 4510 1320 4565 διά
1337 4512 1440 4584 τῆς
1461 4510 1900 4586 συν[αιν]έσεως,

2013 3305 2207 3362 dextra
2238 3320 2533 3378 percusso,
2570 3321 2762 3363 eorum
2818 3305 3130 3362 demiratur
3179 3303 3477 3361 amentiam
3514 3304 3612 3376 qui

2013 3398 2065 3456 ei
2093 3414 2207 3456 non
2227 3399 2484 3457 credunt.

2017 3628 2171 3698 Quod
2193 3628 2358 3691 Deus.
2382 3637 2432 3684 et
2446 3643 2513 3684 eo:
2534 3627 2650 3684 Deo
2970 3634 3221 3683 naturam
3243 3626 3316 3682 sit
3343 3615 3609 3683 Christus.

2085 3771 2177 3827 ΙΙΙ.
2220 3771 2310 3827 35.
2366 3771 2474 3838 Qui
2528 3771 2720 3842 accipit
2768 3769 2890 3839 ejus
2942 3769 3332 3836 testimonium,
3384 3767 3613 3840 signavit

2012 3864 2143 3934 quia
2163 3863 2304 3918 Deus
2345 3879 2508 3918 verax
2531 3873 2634 3919 est.

2084 3953 2207 4010 Non
2247 3955 2409 4010 aliter
2447 3954 2745 4011 ostendere
2782 3961 3004 4027 poterat
3047 3953 3472 4010 incredulorum
3501 3953 3609 4007 im-

2013 4048 2300 4121 pietatem,
2329 4047 2439 4103 nisi
2475 4046 2829 4102 credentium
2866 4047 3192 4117 praeclaram
3224 4045 3490 4102 virtutem
3512 4059 3612 4116 pa-

2014 4139 2124 4195 lam
2172 4139 2402 4194 l‘aceret.
2464 4137 2744 4193 Bonorum
2804 4137 3008 4194 etenim
3063 4137 3362 4193 collatione
3412 4138 3611 4194 vitium

2014 4229 2179 4287 facile
2230 4229 2615 4300 dignoscitur,
2659 4239 2717 4286 et
2765 4229 2992 4286 honesti
3045 4228 3367 4300 cognitione
3429 4231 3612 4301 turpia

2013 4323 2350 4396 produntur.
2385 4321 2444 4378 Si
2480 4323 2611 4394 quis
2641 4337 2775 4394 ergo
2796 4363 2813 4391 ,
2861 4322 3068 4395 inquit,
3095 4323 3220 4395 ejus
3251 4322 3343 4395 qui
3368 4338 3612 4394 superne

2015 4418 2166 4475 venit
2178 4432 2492 4474 sermonem
2511 4417 2842 4489 susceperit,
2856 4416 3196 4488 obsignavit,
3220 4423 3275 4474 et
3292 4415 3612 4488 cognitione

2015 4513 2110 4569 illa
2153 4513 2576 4584 comprobavit,
2620 4519 2882 4568 naturam
2933 4511 3182 4567 divinam
3234 4527 3265 4566 a
3317 4509 3611 4567 mendacio

285 4596 374 4648 ὅτι
407 4597 472 4649 τὸ
505 4597 760 4668 ἀψευδεῖν
791 4599 880 4653 ἀεὶ
912 4603 979 4673 τῇ
1011 4601 1132 4673 θείᾳ
1160 4601 1397 4675 σύνηθές
1427 4621 1488 4657 τε
1519 4605 1614 4658 καὶ
1648 4603 1902 4674 φιλαίτατ

2012 4607 2340 4664 abhorrere.
2392 4604 2536 4662 Hinc
2580 4613 2732 4678 patet
2781 4605 3006 4662 demum
3057 4605 3422 4661 contrarium.
3469 4599 3609 4656 Nam

286 4703 386 4740 τον
412 4687 597 4757 φύσει.
635 4690 770 4744 ’Δπὸ
795 4691 860 4762 δὴ
884 4691 1076 4746 τούτου
1095 4693 1365 4766 πρόδηλον
1389 4693 1580 4751 λοιπὸν
1599 4699 1714 4762 τοῖς
1732 4697 1905 4772 ὁρῶσι

287 4780 350 4834 τὸ
373 4781 624 4835 ἐναντίον
651 4799 665 4813 ο
702 4787 1198 4857 καταμαρτυρήσει
1232 4786 1344 4860 γὰρ
1380 4789 1601 4855 πάντως
1631 4790 1660 4844 6
1687 4785 1788 4864 τὴν
1819 4793 1911 4848 πί-

289 4889 412 4926 στιν
448 4873 929 4947 ἀποκρουόμενος,
975 4879 1060 4932 ὅτι
1087 4882 1116 4932 6
1144 4879 1276 4943 Θεὸς
1322 4881 1444 4934 06x"-
1479 4881 1629 4938 ἐστιν
1671 4885 1904 4958 ἀληθής.

300 4965 502 5036 Ἐπιτη
515 4966 704 5036 ρητέον
737 4967 794 5020 δὲ
822 4969 1006 5036 πάλιν,
1032 4969 1116 5024 ὅτι
1149 4972 1250 5043 τῆς
1278 4973 1414 5043 πρὸς
1444 4973 1546 5044 τὴν
1571 4975 1751 5031 κτίσιν
1769 4977 1903 5050 ὁμο-

286 5058 609 5128 ουσιότητος
641 5059 852 5127 ἐξέλκει
895 5062 986 5116 τὸν
1033 5063 1166 5117 Υὶὸν
1190 5106 1205 5132 ,
1259 5065 1355 5119 καὶ
1407 5067 1543 5122 Θεὸν
1570 5068 1701 5123 ὄντα
1757 5069 1902 5124 κατά

289 5153 457 5221 φύσιν
485 5151 574 5206 διὰ
617 5153 728 5206 τῶν
760 5156 1070 5227 εἰρημένων
1103 5159 1457 5215 ἐπιδεικνύει.
1504 5163 1569 5216 Εἰ
1591 5161 1700 5234 γάρ
1731 5165 1758 5217 6
1790 5164 1903 5227 τοῖς

290 5245 424 5315 παρ’
448 5243 616 5298 αὑτοῦ
641 5245 1002 5318 λαλουμένοις
1026 5249 1373 5322 πειθόμενος,
1399 5254 1692 5326 δεχόμενος
1720 5253 1777 5308 δὲ
1800 5254 1901 5325 τὴν

294 5335 640 5406 μαρτυρίαν,
705 5337 887 5411 ἤνπερ
933 5340 1001 5394 ἂν
1046 5343 1210 5408 αὐτὸς
1254 5349 1462 5400 ποιοῖτο
1505 5348 1634 5417 περὶ
1677 5347 1896 5414 ἑαυτοῦ,

291 5430 707 5501 κατεσφράγισέ
738 5450 799 5485 τε
833 5435 930 5487 καὶ
978 5436 1360 5508 ἐπεψηφίσατο
1393 5440 1604 5506 καλῶς,
1655 5443 1737 5496 ὅτι
1776 5441 1841 5515 δὴ
1870 5441 1899 5494 6

290 5522 423 5585 Θεὸς
470 5523 682 5597 ἀληθής
711 5528 867 5580 ἐστι·
913 5529 1032 5594 πῶς
1076 5532 1176 5586 οὐκ
1224 5533 1291 5587 ἂν
1325 5537 1498 5590 νοοῖτο
1544 5538 1690 5592 κατὰ
1734 5537 1899 5608 φύσιν

292 5612 424 5676 Θεὸς
448 5613 476 5666 6
506 5614 776 5684 Χριστὸς,
824 5619 853 5670 6
881 5621 972 5673 καὶ
999 5621 1086 5675 διὰ
1128 5623 1228 5695 τῆς
1259 5626 1498 5692 πίστεως
1537 5629 1644 5683 τῶν
1668 5629 1898 5701 ἔναγχος

293 5705 601 5778 εξρημένων
651 5708 858 5782 ἀλτποὴς
904 5715 1486 5791 ἐπιμαρτυρούμενος;
1554 5722 1625 5775 Ἢ
1689 5722 1897 5790 λεγέτω

363 5885 402 5916 ³⁸⁸
439 5883 633 5940 Matth.
676 5903 788 5952 xvi,
823 5887 910 5944 lG.

2009 4700 2270 4775 quisquis
2309 4699 2438 4756 ﬁdei
2502 4699 2769 4756 nuntium
2827 4696 3076 4763 remisit,
3135 4703 3374 4752 testatur
3417 4695 3613 4764 utique

2009 4792 2186 4850 Deum
2217 4807 2475 4850 veracem
2507 4806 2621 4848 non
2653 4806 2800 4847 esse.
2837 4788 3261 4845 Observandum
3312 4795 3498 4842 autem
3523 4794 3610 4842 est

2010 4901 2219 4956 porro,
2248 4884 2338 4942 bis
2396 4883 2586 4942 verbis
2616 4899 2646 4940 a
2682 4880 3275 4939 consubstantialitate
3333 4885 3610 4936 creaturas

2012 4978 2216 5035 Filium
2249 4976 2542 5042 removeri,
2567 4986 2620 5032 et
2651 4973 2824 5031 Deum
2859 4972 3167 5030 secundum
3202 4978 3460 5028 naturam
3482 4986 3610 5028 esse

2014 5069 2259 5128 ostendi.
2293 5067 2356 5124 Si
2403 5067 2552 5124 enim
2599 5066 2695 5137 qui
2733 5065 2860 5136 ejus
2903 5064 3260 5121 sermonibus
3308 5063 3506 5128 credit,
3556 5071 3610 5119 et

2008 5163 2390 5221 testimonium
2419 5159 2568 5232 quod
2595 5159 2714 5231 ipse
2761 5159 2829 5214 de
2863 5159 3051 5230 seipse
3079 5157 3332 5229 perhibet
3379 5155 3607 5226 accipit,

2009 5257 2251 5330 signavit
2295 5269 2362 5309 ac
2421 5253 2597 5325 probe
2649 5251 3003 5308 confirmavit
3057 5250 3204 5321 quod
3243 5248 3388 5306 Deus
3440 5263 3605 5304 verax

2007 5359 2115 5419 cst,
2148 5347 2432 5421 quomodo
2465 5345 2725 5402 Christus
2760 5360 2872 5400 non
2909 5343 3251 5414 intelligetur
3299 5337 3603 5397 secundum

2002 5452 2262 5498 naturam
2295 5441 2476 5503 Deus,
2511 5439 2608 5511 qui
2653 5453 2847 5494 eorum
2888 5441 3018 5508 'quaz
3063 5435 3228 5506 paulo
3274 5440 3404 5488 ante
3459 5430 3604 5484 dicta

2001 5545 2132 5592 sunt
2173 5535 2508 5591 auctoritate
2557 5548 2723 5589 verax
2757 5525 2884 5588 esse
2915 5525 3349 5598 comprobatur?
3379 5523 3601 5593 Alioqui

2005 5631 2156 5686 dicat
2199 5643 2424 5684 rursum
2454 5626 2618 5682 nobis
2671 5623 3029 5680 adversarius
3084 5615 3365 5690 quomodo
3406 5620 3603 5668 natura

2007 5721 2193 5777 ditina
2251 5722 2556 5776 honoratur
2627 5723 2684 5772 ut
2741 5729 2910 5771 verax
2971 5716 3236 5782 suscepto
3294 5706 3602 5762 Salvatoris
