4106 6510
475 334 484 349 ’
500 363 608 420 275

1496 354 1554 411 S.
1596 354 1877 412 CYRILLI
1915 355 2385 411 ALEXANDRINI
2424 355 2744 411 ARCIHEP.

3667 370 3778 425 276

495 477 673 532 nostri
705 472 1041 529 testimonio.
1087 472 1145 528 Si
1178 473 1325 527 enim
1365 470 1526 543 plane
1556 471 1862 527 secundum
1914 481 2077 527 natu-

2193 474 2344 528 πάλιν
2372 476 2503 542 ἡμῖν
2533 473 2642 527 όδι’
2670 474 2940 536 ἐναντίας,
2973 475 3089 538 πῶς
3120 476 3153 541 ἡ
3176 476 3295 531 θεία
3328 482 3556 551 τιμᾶται
3587 484 3774 553 φύσις,

492 579 614 623 ram
645 580 753 618 non
788 576 870 621 est
903 562 1067 627 Deus,
1102 562 1402 634 religiosus
1434 578 1544 616 non
1578 563 1693 633 erit
1738 577 1869 632 erga
1914 572 2080 617 natu-

497 672 614 712 ram
644 655 881 711 divinam
930 656 978 710 is
1006 655 1098 725 qui
1139 655 1335 721 credit,
1390 662 1452 709 ut
1483 654 1687 719 veraci,
1748 653 1844 707 sed
1897 655 2079 724 potius

496 763 623 818 erga
651 756 961 801 creaturam
996 762 1183 812 unam,
1210 754 1269 800 ιιι
1310 746 1388 800 illi
1426 746 1637 813 volunt,
1675 745 2077 816 praestantissi-

496 851 661 890 mam.
695 835 832 889 Cum
869 843 1050 892 autem
1105 836 1449 892 asseveratio
1493 835 1587 889 illa
1641 836 1961 891 veracitatis
2012 833 2080 888 ad

498 928 667 988 Deum
723 929 1021 998 pertineat,
1063 930 1285 1001 quando
1326 930 1460 988 ﬁdes
1509 926 1731 985 Christo
1766 936 2082 1001 praestatur,

499 1023 687 1091 utique
730 1020 1082 1076 manifestum
1119 1033 1202 1077 est
1250 1022 1398 1092 quod
1449 1037 1617 1077 verus
1659 1021 1939 1077 exsistens
1975 1036 2084 1075 non

500 1112 623 1166 l'alsi
655 1112 898 1167 nominis
934 1111 1081 1168 Deus
1131 1112 1248 1182 ipse
1298 1114 1402 1169 sibi
1452 1113 1719 1167 honorem
1766 1112 1916 1167 illum
1966 1128 2087 1166 crc-

496 1206 749 1259 deutium
786 1215 1030 1272 arrogat.
1096 1202 1202 1259 Sed
1258 1220 1369 1259 non
1425 1203 1843 1275 astipulabitur,
1877 1213 1935 1257 ut
1989 1220 2079 1273 ap-

498 1304 684 1366 paret,
724 1294 855 1348 huic
934 1302 1136 1349 nostraa
1204 1294 1499 1349 sententia:
1577 1294 1832 1349 veritatis
1896 1291 2081 1346 inimi-

497 1401 633 1452 cus;
700 1386 946 1455 quiuimo
1018 1386 1189 1440 Deum
1256 1385 1564 1440 secundum
1628 1394 1883 1439 naturam
1954 1400 2076 1438 esse

500 1478 658 1537 fateri
704 1482 922 1543 nolens,
964 1496 1129 1546 supra
1174 1479 1397 1533 modum
1442 1494 1642 1548 procax
1692 1494 1794 1532 nos
1855 1492 2075 1531 rursum

500 1572 585 1629 his
610 1574 795 1627 verbis
824 1572 1205 1643 aggredictur:
1233 1568 1545 1636 Cavillaris,
1564 1588 1596 1622 ο
1626 1573 1789 1637 boue,
1810 1579 1864 1626 et
1888 1586 2079 1625 versu-

496 1670 675 1718 tarum
755 1664 1028 1717 rationum
1106 1663 1364 1731 strophas
1424 1663 1885 1724 comminisceris,
1927 1658 2080 1732 167

496 1753 807 1823 simplicem
871 1752 1285 1823 quodammodo
1355 1762 1407 1806 et
1466 1760 1677 1807 rectam
1750 1754 2086 1808 sententiam

2185 564 2263 630 ὡς
2297 564 2668 635 ἀληθεύουσα,
2716 566 2818 636 τῆς
2858 567 2953 621 τοῦ
2984 568 3236 641 Σωτῆρος
3279 572 3438 642 ἡμῶν
3470 578 3783 648 μαρτυρίας

2190 654 2692 728 παραδεδεγμένης.
2730 658 2793 710 Εἰ
2839 658 2948 730 γὰρ
2979 660 3114 720 ὅλως
3154 662 3300 716 κατὰ
3332 662 3495 732 φύσιν
3533 669 3634 721 οὐκ
3664 668 3784 724 ἐστι

2186 747 2319 812 Θεὸς
2335 790 2349 814 ,
2385 749 2486 802 οὐκ
2509 751 2590 813 είς
2610 749 2709 820 τὴν
2745 749 2899 807 θείαν
2931 750 3224 823 εύσιϐήσει
3244 752 3406 823 φύσιν
3429 758 3458 810 6
3485 759 3782 823 πιστεύων,

2186 841 2260 905 ὥς
2290 841 2629 912 ἁληθεύοντι,
2661 842 2861 912 μᾶλλον
2893 843 2949 898 δὲ
2983 845 3064 909 είς
3092 844 3151 897 ἓν
3174 845 3283 900 τῶν
3317 849 3636 919 κτισμάτων
3658 852 3782 906 κατ’

2188 928 2430 989 ἐκείνους
2464 928 2525 981 τὸ
2572 929 2882 985 κάλλιστον.
2936 932 3155 1003 Ἐπειδὴ
3200 933 3257 991 δὲ
3288 935 3383 989 τοῦ
3425 936 3716 1007 ἀληθεύειν
3745 943 3782 1011 ἡ

2186 1018 2367 1093 ψῆφος
2405 1020 2484 1081 εἰς
2525 1016 2660 1070 Θεὸν
2699 1020 3042 1075 ἀνατείνεται
3072 1024 3464 1095 πιστευομένου
3514 1028 3785 1098 Χριετσιοῦν

2190 1109 2455 1182 πρῦδηλον
2490 1112 2665 1183 δήπου
2708 1114 2926 1178 πάντως
2949 1115 3135 1182 ἐστὶν,
3187 1116 3271 1171 ὅτι
3306 1116 3443 1182 Θεὸς
3478 1120 3784 1191 ὑπάρχων,

2188 1202 2250 1253 ού
2290 1200 2640 1274 ψευδώνυμος
2678 1204 2839 1268 αὐτὸς
2881 1204 2965 1273 ἐφ’
2997 1204 3176 1275 ἑαυτῷ
3214 1205 3314 1278 τὴν
3343 1208 3452 1261 ἀπὸ
3502 1209 3613 1263 τῶν
3655 1227 3786 1264 συν-

2190 1291 2485 1345 αινούντων
2523 1292 2763 1364 ἁρπάζει
2809 1297 2996 1367 τιμήν.
3044 1296 3183 1350 Ἀλλ’
3208 1298 3268 1352 οὐ
3297 1299 3624 1366 συνθήσεται
3656 1302 3784 1372 μὲν,

2196 1382 2335 1435 κατὰ
2362 1384 2420 1436 τὸ
2443 1386 2612 1451 εἰκὸς,
2628 1384 2842 1449 τούτοις
2865 1389 2997 1458 ἡμῖν
3020 1392 3135 1454 τοῖς
3154 1389 3333 1460 λόγοις
3355 1392 3384 1445 6
3402 1392 3501 1464 τῆς
3519 1391 3787 1464 ἀληθείας

2195 1471 2408 1545 ἐχθρός
2444 1477 2835 1547 ἁνασκιρτήσει
2853 1477 2907 1531 δὲ
2942 1478 3106 1548 μέγα,
3132 1480 3264 1534 Θεὸν
3280 1476 3422 1537 εἶναι
3448 1484 3591 1536 κατὰ
3616 1484 3786 1551 φύσιν

2195 1564 2253 1617 ού
2283 1566 2721 1637 παραδεχόμενος
2746 1568 2838 1621 τὸν
2862 1570 3008 1623 Υίόν.
3028 1570 3247 1642 Ἐρεῖδέ
3276 1571 3341 1643 δὴ
3373 1572 3537 1628 πάλιν
3553 1592 3565 1604 ·
3596 1575 3785 1627 Κατα-

2195 1659 2391 1732 σοφίζῃ
2423 1660 2515 1713 τὸν
2554 1660 2743 1730 λόγον,
2786 1656 2831 1715 ὦ
2876 1655 3068 1727 οὗτος,
3124 1664 3219 1717 καὶ
3267 1663 3509 1737 στροφὰς
3544 1667 3786 1728 ἐπινοεῖς

2194 1750 2550 1804 πολυπλόκων
2585 1750 2990 1824 θεωρημάτων,
3045 1753 3143 1824 τὴν
3190 1754 3371 1826 ἁπλῆν
3421 1754 3623 1825 τρόπον
3656 1755 3788 1809 τινὰ

498 1845 785 1902 amoliens.
820 1846 956 1902 Cum
994 1846 1139 1901 enim
1175 1846 1397 1902 coalitus
1438 1845 1529 1900 Dei
1567 1844 1810 1902 Verbum
1845 1845 2077 1899 descen-

2193 1841 2283 1894 καὶ
2316 1842 2529 1895 εὐθεῖαν
2552 1844 2639 1901 ἀεὶ
2661 1845 2900 1899 διάνοιαν
2925 1844 3378 1917 παραιτούμενος.
3427 1847 3645 1919 Ἐπειδὴ
3673 1847 3790 1918 γὰρ

496 1934 661 2001 derit,
711 1946 898 2007 aperte
942 1939 1228 1994 clamans:
1263 1958 1280 1989 ι
1313 1937 1391 1992 Ex
1440 1939 1658 2006 meipso
1709 1954 1821 1992 non
1862 1937 2081 2007 loquor,

497 2028 591 2083 sed
628 2029 722 2098 qui
763 2028 916 2083 misit
954 2044 1039 2083 me
1068 2029 1258 2094 Pater,
1285 2030 1409 2101 ipse
1452 2028 1585 2081 mibi
1631 2028 1957 2081 mandatum
1991 2026 2087 2081 de—

502 2123 583 2176 dit
639 2123 774 2192 quid
819 2123 999 2176 dicam
1055 2130 1110 2176 et
1160 2121 1296 2192 quid
1351 2119 1651 2192 loquar”;
1681 2140 1699 2172 ι
1742 2129 1798 2174 et
1848 2135 2082 2174 rursus:

502 2232 523 2265 ι
558 2211 759 2267 Omnia
800 2208 1154 2283 quaecunque
1190 2212 1378 2267 audivi
1421 2227 1449 2265 a
1489 2209 1652 2265 Patre
1678 2217 1808 2264 uota
1848 2209 1952 2264 feci
1988 2224 2086 2263 v0-

497 2305 651 2361 bis“
683 2323 694 2355 :
728 2324 746 2355 ›
781 2304 1024 2370 tametsi,
1072 2313 1131 2357 ut
1167 2304 1290 2372 ipse
1333 2304 1386 2357 iu
1436 2302 1801 2371 sequentibus
1858 2308 2086 2357 sanctus

496 2396 745 2464 Baptista
784 2401 1020 2448 testatur
1049 2410 1059 2444 :
1091 2411 1109 2444 ι
1151 2395 1329 2459 Quem
1351 2393 1499 2447 enim
1531 2392 1685 2449 misit
1721 2390 1892 2456 Deus,
1919 2392 2085 2445 verba

498 2488 592 2543 Dei
623 2487 901 2556 loquitur;
928 2485 971 2523 ’⁵⁸
1002 2506 1018 2536 ›
1043 2486 1256 2540 idcirco
1287 2485 1354 2540 de
1386 2501 1456 2540 co
1484 2483 1623 2540 dicit
1655 2501 1668 2537 :
1696 2502 1713 2534 ι
1746 2482 1850 2549 Qui
1882 2482 2087 2551 accipit

497 2580 621 2644 ejus
654 2571 1065 2639 testimonium,
1099 2577 1341 2647 signavit
1377 2577 1508 2647 quia
1544 2573 1687 2630 Deus
1714 2589 1876 2630 verax
1911 2580 1995 2629 est
2015 2574 2082 2627 δ’.

503 2669 679 2723 Verax
715 2669 862 2722 enim
899 2675 986 2723 est
1009 2665 1153 2721 Deus
1183 2682 1247 2721 ac
1276 2667 1440 2721 Pater
1478 2686 1491 2722 ε
1528 2675 1586 2721 ιιι
1626 2682 1759 2723 vero
1797 2666 1851 2719 in
1886 2664 2085 2719 Filium

497 2760 794 2815 deﬂectere
826 2759 1047 2814 conaris
1087 2756 1233 2828 quod
1274 2759 1439 2813 alteri
1490 2759 1741 2814 debetur.
1789 2756 1930 2825 Quid
1984 2756 2087 2828 igi-

498 2865 591 2906 tur
622 2852 688 2906 ad
730 2852 847 2908 haec
883 2866 985 2907 nos
1019 2867 1239 2925 quoque
1294 2849 1795 2920 respondebimus?
1828 2849 1909 2902 An
1955 2862 2087 2917 ergo

498 2947 643 3002 inter
665 2944 967 3016 prophetas
987 2943 1353 3013 Unigenitum
1386 2942 1764 3011 ministerium
1798 2939 2086 3011 prophetis

496 3036 832 3093 conveniens
889 3034 1154 3105 implere,
1214 3018 1465 3100 nihilque
1518 3042 1723 3103 praeter
1773 3031 1883 3086 hoc
1937 3030 2087 3086 aliud

401 3194 405 3199 _
497 3128 681 3183 facere
728 3126 1023 3183 dicemus?
1070 3125 1209 3192 Quis
1262 3126 1407 3180 enim
1453 3140 1562 3179 non
1626 3125 1788 3194 plane
1847 3122 2090 3179 fateatur

2194 1929 2254 1997 ἐξ
2280 1933 2511 2003 ούρανοῦ
2537 1935 2909 2004 καταϐέϐηκεν
2943 1935 2973 1989 6
2994 1935 3087 1991 τοῦ
3114 1935 3250 1991 Θεοῦ
3273 1937 3466 2005 Λόγος,
3486 1937 3789 2010 διαρρήδην

2193 2025 2438 2079 ἀναϐοῶν
2458 2066 2473 2091 ,
2511 2045 2531 2076 ι
2570 2027 2687 2080 Ἀπ’
2722 2027 2960 2099 ἐμαυτοῦ
2987 2029 3049 2082 ού
3077 2028 3242 2096 λαλῶ,
3273 2030 3388 2084 ἀλλ’
3417 2031 3447 2084 6
3470 2030 3693 2100 πέμψας
3713 2048 3784 2099 με

2195 2116 2405 2190 Πατὴρ,
2461 2118 2623 2182 αὐτός
2670 2137 2761 2191 μοι
2790 2120 3010 2192 ἐντολὴν
3051 2120 3251 2175 δέδωκε
3299 2102 3352 2174 τί
3379 2122 3554 2189 εἴπω,
3597 2123 3692 2177 καί¹
3729 2122 3787 2175 τί

2194 2208 2411 2280 λαλήσω
2438 2226 2451 2240 ο
2486 2231 2504 2262 ι
2540 2210 2634 2264 καὶ
2667 2210 2828 2264 πάλιν
2853 2253 2867 2278 ,
2909 2231 2926 2262 ι
2954 2212 3142 2265 Πάντα
3174 2211 3209 2265 ἃ
3242 2211 3454 2283 ἤκουσα
3498 2212 3648 2281 παρὰ
3682 2212 3781 2264 τοῦ

2195 2299 2430 2371 Πατρὸς,
2466 2301 2769 2370 ἀπαγγελῶ
2796 2300 2973 2374 [υιιίς.
3012 2301 3321 2374 ἐγνώρισα]
3356 2302 3506 2373 ὑμῖν,
3535 2321 3553 2354 ι
3588 2306 3637 2356 εἰ
3660 2303 3782 2356 καὶ.

2194 2391 2270 2456 ὡς
2298 2390 2459 2456 αὐτὸς
2486 2394 2545 2446 ἐν
2572 2396 2683 2457 τοῖς
2705 2393 2904 2464 ἐφεξῆς
2923 2396 2951 2446 ό
2972 2393 3127 2462 ἅγιος
3150 2393 3554 2465 διεμαρτύρατο
3579 2393 3781 2446 Batti.-

2197 2486 2329 2555 στής
2356 2501 2371 2515 ⁸
2412 2503 2430 2537 ι
2468 2487 2564 2539 Ὃν
2593 2485 2702 2556 γὰρ
2738 2485 3064 2541 ἀπέστειλεν
3096 2488 3123 2539 6
3154 2484 3307 2549 Θεὸς,
3336 2485 3404 2539 τὰ
3432 2485 3655 2557 ῥήματα
3683 2482 3781 2535 τοῦ

2194 2575 2333 2629 Θεοῦ
2367 2575 2551 2631 λαλεί⁸
2577 2597 2597 2630 ι
2633 2578 2721 2635 διὰ
2742 2574 2903 2633 τοῦτο
2933 2576 3080 2647 λέγει
3102 2577 3230 2650 περὶ
3256 2576 3444 2630 αὑτοῦ·
3482 2597 3500 2627 ‹
3526 2577 3604 2628 .Ὀ
3637 2575 3780 2645 λαμ-

2195 2664 2374 2724 δὰνων
2407 2668 2575 2724 αὐτοῦ
2610 2670 2709 2743 τὴν
2743 2670 3072 2743 μαρτυρίαν,
3105 2670 3455 2741 ἐσφράγισεν,
3488 2670 3569 2723 ὃτι
3598 2670 3626 2719 6
3647 2668 3782 2731 Θεὸς

2194 2764 2402 2837 ἀληθής
2426 2768 2577 2821 ἐστιν
2599 2783 2613 2796 ο
2644 2784 2663 2816 ι
2695 2765 2902 2838 ἀληθὴς
2916 2766 3026 2837 γάρ
3059 2766 3204 2819 ἐστιν
3233 2763 3410 2827 όΘεὸς
3436 2761 3531 2817 καὶ
3555 2762 3777 2831 Πατήρ·

2199 2858 2262 2911 σὺ
2289 2857 2345 2912 δὲ
2373 2860 2507 2930 ἡμῖν
2537 2859 2619 2922 είς
2648 2858 2742 2912 τὸν
2770 2857 2897 2914 Υἱὸν
2940 2858 3292 2931 περιτρέπειν
3322 2857 3486 2926 πειρᾷ
3520 2855 3578 2907 τὸ
3605 2853 3784 2924 ἑτέρῳ

2196 2951 2665 3023 χρεωστούμενον.
2730 2951 2796 3005 Τί
2826 2947 2928 3007 οῦν
2970 2952 3108 3022 πρὸς
3137 2951 3313 3004 ταῦτα
3343 2950 3435 3005 καὶ
3464 2948 3593 3019 παρ’
3621 2947 3783 3018 ἡμῶν

2195 3043 2476 3114 εἰρήσεται
2503 3059 2520 3109 ς
2553 3037 2680 3114 Ἆρ’
2703 3036 2798 3096 οὖν
2825 3043 2883 3095 ἐν
2908 3042 3214 3113 προφήταις
3249 3041 3379 3111 ἡμῖν
3410 3041 3438 3093 6
3469 3038 3785 3107 Μονογενὴς

2195 3132 2498 3201 τετάξεται,
2525 3135 2625 3207 τὴν
2652 3135 2958 3207 προφήταις
2992 3134 3309 3204 πρέπουσαν
3335 3130 3609 3185 διακονίαν
3637 3130 3783 3183 ἀπο-

501 3218 595 3272 θνὶ
654 3218 721 3271 ad
781 3232 883 3272 nos
915 3231 1083 3272 voces
1138 3215 1439 3287 prophetas
1480 3215 1796 3270 detulisse?
1841 3215 1912 3267 At
1959 3213 2086 3284 quid

2197 3228 2442 3301 πληρῶν,
2471 3230 2567 3281 καὶ
2596 3227 2784 3300 ἕτερον
2820 3228 2913 3280 ἐπὶ
2942 3227 3116 3296 τούτῳ
3146 3226 3402 3296 πράττων
3435 3222 3587 3276 οὐδέν
3613 3238 3629 3287 ;
3662 3220 3785 3274 Τίνι

498 3312 687 3367 eximii
722 3310 890 3365 habet
940 3309 1140 3373 Filius,
1183 3310 1229 3363 'si
1281 3311 1387 3362 hoc
1444 3308 1628 3379 ipsum
1664 3305 1937 3362 duntaxat
1984 3306 2089 3359 lm-

502 3404 689 3474 pleat?
724 3403 1018 3469 Quomodo
1041 3417 1175 3457 vero
1207 3416 1380 3471 supra
1416 3416 1611 3456 omnes
1640 3411 1748 3464 est,
1782 3401 1830 3456 si
1854 3398 2091 3469 prophe—

500 3507 684 3551 tarum
722 3498 776 3549 in
805 3495 1002 3550 ordine
1028 3501 1315 3558 censetur,
1346 3502 1406 3548 et
1440 3493 1633 3550 servili
1653 3492 1976 3548 conditione
2005 3499 2091 3547 est

502 3588 807 3663 prteditus?
851 3586 1137 3657 quomodo
1164 3601 1266 3643 ceu
1302 3584 1416 3643 illis
1440 3584 1621 3656 gloria
1651 3584 2007 3654 prmstautior
2031 3584 2089 3639 in

502 3682 817 3752 Evangeliis
848 3682 926 3733 ait
955 3697 968 3733 :
1007 3698 1025 3731 ι
1062 3679 1122 3734 Si
1155 3678 1285 3733 illos
1330 3676 1470 3732 dixit
1497 3676 1652 3744 deos,
1683 3676 1750 3730 ad
1779 3689 1921 3746 quos
1969 3689 2089 3729 ser-

505 3790 594 3830 mo
628 3772 720 3828 Dei
759 3774 942 3828 factus
968 3781 1076 3835 cst,
1116 3776 1308 3826 etnon
1356 3776 1542 3840 potest
1582 3768 1721 3825 solvi
1762 3768 2089 3838 Scriptura;

503 3883 664 3937 quem
705 3867 873 3921 Pater
893 3864 1286 3929 sanctiﬁcavit,
1322 3872 1376 3919 et
1409 3863 1560 3919 misit
1582 3863 1643 3918 in
1674 3860 1966 3927 mundum,
1989 3874 2092 3915 vos

502 3959 692 4017 dicitis
738 3958 867 4027 quia
922 3957 1279 4026 blasphemas
1337 3971 1351 4007 ι
1405 3957 1536 4026 quia
1579 3952 1719 4020 dixi,
1759 3951 1939 4009 Filius
1993 3950 2089 4007 Dei

503 4068 623 4107 suum
647 4052 731 4105 ιιι
756 4071 773 4103 ι
797 4050 895 4106 llis
929 4049 1075 4105 enim
1118 4036 1303 4105 variis
1337 4057 1530 4119 aperte
1561 4047 1808 4118 seipsum
1837 4044 2027 4101 eximit
2060 4057 2092 4098 a

504 4145 901 4211 prophetarum
949 4152 1136 4211 grege,
1174 4152 1384 4209 eosque
1426 4136 1562 4194 deos
1584 4144 1813 4191 vocatos
1846 4122 2089 4190 essedi-

504 4235 600 4296 cit,
633 4236 925 4301 propterea
955 4230 1099 4298 quod
1133 4227 1317 4285 factus
1334 4237 1417 4283 est
1451 4228 1525 4280 ad
1551 4227 1704 4296 ipsos
1731 4222 1827 4281 Dei
1861 4239 2048 4281 sermo
2075 4241 2088 4278 :

503 4326 752 4397 seipsum
783 4336 917 4378 vero
934 4318 1032 4378 Dei
1063 4320 1262 4378 Filium
1307 4323 1529 4381 asserit.
1557 4320 1693 4375 Nam
1725 4319 1940 4375 sanctis
1967 4333 2096 4389 pro—

502 4418 687 4497 phetis
741 4415 1106 4489 particularis
1136 4419 1388 4488 quaedam
1442 4428 1542 4485 per
1577 4412 1849 4485 Spiritum
1891 4413 2091 4468 collata

505 4520 590 4568 est
616 4508 788 4582 gratia
816 4524 832 4561 ι
865 4511 917 4564 in
949 4504 1175 4565 Christo
1208 4522 1338 4564 vero
1374 4506 1682 4573 Salinatore,
1718 4504 1929 4579 placuit
1963 4520 2083 4559 om-

503 4618 630 4660 nem
679 4602 1082 4674 plenitudinem
1118 4600 1349 4658 deitatis
1396 4594 1651 4655 habitare
1695 4599 2085 4673 corporaliter,

506 4706 564 4751 ut
588 4694 791 4752 Paulus
818 4696 894 4750 ait
916 4697 981 4752 δι.
1010 4695 1253 4764 Ideoque
1273 4692 1340 4748 de
1369 4692 1717 4762 plenitudine
1745 4693 1868 4764 ejus
1894 4706 2091 4750 omnes

505 4787 845 4857 accepimus,
871 4796 929 4842 ut
951 4785 1195 4842 Joannes
1224 4782 1571 4840 asserult‘“.
1596 4776 1888 4853 Quomodo
1922 4787 2092 4859 igitur

502 4880 736 4951 aequalis
773 4881 884 4937 erit
937 4876 1343 4948 accipientibus
1385 4876 1640 4957 largitor,
1675 4889 1770 4935 aut
1811 4879 2089 4951 quomodo

503 4973 559 5027 in
596 4970 796 5028 ordine
849 4967 1249 5026 ministrierit
1292 4956 1529 5026 deitatis’
1577 4969 1904 5042 plenitudo?
1950 4968 2090 5026 Hinc

502 5078 633 5136 ergo
665 5062 1112 5133 animadvertant
1134 5052 1340 5132 quanta
1366 5076 1428 5116 se
1456 5061 1811 5135 obstringunt
1828 5061 2087 5133 blasphe-

505 5154 615 5207 mia
654 5152 976 5221 quieunque
1004 5150 1111 5206 ista
1144 5151 1469 5220 loquuntur.
1502 5152 1625 5219 Quo
1667 5162 1833 5229 pacto
1856 5166 1988 5210 vero
2017 5152 2090 5208 sit

503 5242 925 5311 intelligendum
961 5242 1099 5298 illud
1129 5261 1144 5297 :
1172 5262 1190 5295 ι
1230 5242 1308 5298 Ex
1343 5246 1551 5315 meipso
1580 5261 1690 5301 non
1730 5248 1951 5317 loquor,
1992 5248 2088 5303 sed

504 5335 595 5403 qui
638 5333 795 5388 misit
836 5346 925 5390 me
964 5332 1148 5399 Pater,
1190 5336 1313 5407 ipse
1365 5336 1499 5392 mihi
1557 5336 1882 5393 mandatum
1938 5340 2093 5395 dedit

503 5426 636 5494 quid
687 5426 888 5494 dicam,
924 5438 1018 5483 aut
1064 5428 1197 5498 quid
1230 5430 1425 5499 loquar
1449 5430 1516 5493 “,
1545 5451 1563 5483 ι
1607 5445 1712 5486 suo
1746 5440 1994 5501 tempore
2030 5447 2095 5486 ac

509 5515 634 5571 loco
686 5516 873 5573 fusius
903 5519 1322 5590 explicabitur?
1367 5520 1852 5592 inpraesentiarum
1907 5533 2092 5577 autem

507 5605 747 5667 arbitror
805 5610 1253 5667 adversariorum
1307 5612 1651 5682 objectioncs
1706 5610 1770 5664 ad
1829 5613 2090 5681 pietatem

2192 3319 2299 3392 γὰρ
2330 3319 2439 3373 τῶν
2481 3318 2651 3372 όντων
2700 3320 2801 3371 οὐκ
2845 3317 3235 3380 ἁνενδοιάστως
3283 3313 3655 3387 παραδεκτὸν,
3699 3312 3786 3364 ὃτι

2190 3409 2291 3472 τὰς
2331 3407 2516 3461 θεόθεν
2551 3408 2627 3471 ὡς
2665 3407 2812 3478 ἡμᾶς
2834 3406 3142 3477 διεκόμιζον
3172 3407 3221 3459 οἱ
3251 3402 3525 3474 προφῆται
3557 3400 3783 3470 φωνάς;

2192 3497 2327 3556 Εἶτα
2356 3490 2409 3552 τί
2457 3500 2520 3553 τὸ
2561 3500 2837 3570 ἐξαίρετον
2868 3498 2926 3550 ἐν
2955 3496 3089 3568 Υίῷ,
3128 3495 3287 3549 τοῦτο
3326 3495 3457 3549 αὐτὸ
3482 3492 3803 3562 πληροῦντι-

2196 3593 2395 3666 μόνον;
2446 3591 2570 3656 Πῶς
2599 3592 2656 3665 δέ
2701 3591 2891 3645 ἐπάνω
2924 3591 3143 3644 πάντων
3163 3589 3369 3653 ἐστὶν,-
3394 3589 3444 3640 εί
3473 3586 3786 3657 προφήταις

2193 3686 2274 3740 ἐτι
2311 3685 2667 3739 συντάττεται
2688 3725 2702 3748 ,
2733 3685 2826 3737 καὶ
2866 3682 3232 3754 δουλοπρεπεῖ
3258 3678 3650 3753 περιϐέϐληται
3681 3676 3785 3747 μὲ-

2191 3795 2347 3849 τρῳ;
2399 3774 2520 3841 πῶς
2562 3775 2619 3830 δὲ
2666 3775 2743 3839 ὡς
2792 3774 3033 3839 ἐκείνους
3077 3776 3134 3828 ὲν
3178 3773 3306 3842 δόξῃ
3334 3767 3695 3833 πλεονεκτῶν,
3725 3771 3787 3823 ἐν

2193 3868 2549 3939 Εὐαγγελίοις
2578 3867 2746 3938 φησὶν
2769 3907 2784 3932 ,
2835 3884 2853 3920 ι
2886 3867 2950 3920 El
2979 3865 3221 3926 ἐκείνους
3258 3858 3378 3915 εἷπε
3412 3860 3597 3943 θεοὺς,
3645 3857 3787 3929 πρὸς

2193 3961 2286 4026 οὒς
2312 3964 2340 4016 6
2362 3961 2519 4031 λόγος
2547 3960 2641 4014 τοῦ
2669 3959 2805 4014 Θεοῦ
2836 3961 3073 4027 ἐγένετο,
3103 3957 3196 4010 xal.
3218 3955 3279 4010 οὐ
3305 3953 3529 4008 δύναται
3554 3951 3786 4021 λυθῆναι

2194 4056 2229 4127 ή
2261 4053 2474 4126 Γραφὴ,
2508 4052 2568 4107 δν
2605 4054 2633 4106 6
2655 4050 2845 4123 Πατὴρ
2870 4049 3087 4122 ἡγίασε,
3118 4049 3210 4101 καὶ
3241 4044 3560 4100 ἀπέστειλεν
3582 4044 3662 4107 είς
3693 4041 3787 4094 τὸν

2162 4198 2167 4201 λ
2194 4148 2421 4219 κόσμον,
2441 4144 2599 4216 ὑμεῖς
2611 4144 2822 4213 λέγετε,
2842 4144 2922 4197 ὅτι
2950 4138 3320 4212 Βλασφημεῖς,
3341 4139 3425 4192 ὅτι
3443 4134 3598 4191 εἷπον
3615 4153 3629 4167 ο
3655 4134 3788 4196 Υἱός

2194 4242 2311 4312 εἰμι
2337 4237 2432 4292 τοῦ
2455 4236 2589 4293 Θεοῦ
2620 4255 2634 4305 ;
2674 4256 2693 4290 ι
2729 4232 2955 4290 Ἑαυτὸν
2990 4232 3098 4305 γὰρ
3129 4237 3185 4287 ἐν
3208 4232 3420 4296 τούτοις
3448 4227 3786 4299 ἀποδιορίζει

2197 4328 2388 4403 σαφῶς
2429 4331 2531 4402 τῆς
2567 4328 2677 4384 τῶν
2722 4327 3020 4399 προφητῶν
3063 4325 3302 4395 ἀγέλης,
3334 4323 3428 4377 καὶ
3473 4321 3630 4383 θεοὺς
3685 4319 3789 4387 μὲν

2196 4423 2395 4486 αὐτοὺς
2425 4407 2850 4492 κατωνομάσθαι
2899 4414 3069 4488 φησὶ,
3114 4416 3201 4469 διὰ
3235 4415 3297 4468 τὸ
3341 4412 3593 4483 γενέσθαι
3645 4409 3788 4480 πρὸς

2199 4512 2397 4576 αὐτοὺς
2423 4510 2516 4564 τὸν
2536 4509 2629 4563 τοῦ
2642 4507 2778 4563 Θεοῦ
2800 4508 2955 4577 λόγον
2975 4548 2989 4572 ,
3012 4506 3202 4560 ἑαυτὸν
3219 4504 3276 4559 δέ
3294 4504 3423 4558 Υίὸν
3442 4501 3580 4556 Θεοῦ
3612 4502 3784 4571 λέγει.

2199 4602 2324 4668 Τοῖς
2356 4603 2459 4674 μὲν
2485 4603 2595 4673 γὰρ
2621 4600 2795 4670 ἁγίοις
2830 4600 3140 4671 προφήταις
3164 4596 3364 4669 μερικὴ
3388 4594 3476 4651 διὰ
3500 4593 3592 4649 τοῦ
3617 4593 3792 4647 Πνεύ-

2202 4711 2375 4767 ματος
2425 4690 2722 4765 διενεμήθη
2756 4692 2914 4762 χάρις
2941 4708 2957 4724 ο
3008 4688 3066 4744 ἐν
3104 4688 3161 4743 δὲ
3209 4689 3289 4759 τῷ
3321 4689 3534 4759 Σωτῆρι
3564 4684 3789 4758 Χριστῷ

2199 4790 2308 4843 πᾶν
2339 4787 2401 4840 τὸ
2439 4784 2715 4857 πλήρωμα
2752 4786 2853 4854 τῆς
2889 4783 3141 4854 θεότητος
3170 4782 3431 4852 εύδόκησε
3464 4778 3787 4848 κατοικῆσαι

2200 4878 2563 4951 σωματικῶς,
2599 4875 2675 4940 ὡς
2704 4876 2731 4930 6
2755 4874 2971 4941 Παῦλός
3004 4892 3135 4946 φησι
3162 4893 3176 4908 ·
3207 4872 3287 4929 διὸ
3314 4873 3411 4929 καὶ
3438 4875 3502 4927 ἐκ
3522 4871 3614 4925 τοῦ
3643 4870 3787 4940 πλη-

2199 4969 2455 5042 ρώματος
2498 4965 2665 5023 αὑτοῦ
2713 4967 2914 5029 πάντες
2954 4964 3252 5038 ἐλάϐομεν,
3298 4966 3373 5029 ὡς
3411 4964 3667 5035 Ἰωάννης
3710 4963 3790 5017 δι-

2199 5063 2536 5135 ισχυρίσοίτο.
2587 5059 2714 5126 Πῶς
2742 5057 2837 5116 οὖν
2880 5063 2937 5115 ἐν
2976 5059 3248 5132 ίσομέτρῳ
3276 5060 3389 5126 τοῖς
3415 5056 3786 5129 λαμϐάνουσιν

2191 5157 2221 5210 6
2237 5156 2442 5222 διδούς;
2473 5156 2505 5227 ἢ
2529 5155 2647 5221 πῶς
2674 5153 2732 5210 ἐν
2755 5158 2820 5229 τῇ
2850 5154 2943 5210 τοῦ
2971 5154 3347 5217 διακονοῦντος
3362 5150 3786 5218 κατατετάξεται

2197 5246 2362 5318 μοίρᾳ
2401 5245 2607 5316 τὸετῆς
2648 5244 2906 5315 θεότητος
2947 5243 3259 5315 πλήρωμα;
3305 5240 3787 5314 Περιαθρείτωσαν

2192 5337 2373 5391 τοίνυν
2400 5336 2671 5403 ἐντεῦθεν,
2707 5338 2787 5400 εἰς
2810 5337 2942 5407 ὅσην
2968 5335 3156 5398 αὐτοῖς
3186 5334 3634 5388 ἀποκινδυνεύσει
3663 5332 3790 5385 δυσ-

2198 5428 2411 5498 φημίαν
2430 5430 2459 5481 6
2482 5427 2641 5495 λόγος
2663 5469 2677 5491 ,
2714 5427 2807 5480 καὶ
2838 5426 2960 5479 τίνα
2990 5425 3089 5495 μὲν
3117 5424 3322 5496 τρόπον
3356 5423 3626 5494 προσήκει
3652 5424 3788 5474 νοεῖ-

2198 5520 2323 5573 σθαι
2339 5521 2432 5583 τὸ,
2470 5539 2488 5571 ι
2538 5521 2658 5573 Ἀπ’
2688 5518 2929 5590 ἐμαυτοῦ
2959 5519 3019 5572 ού
3045 5517 3214 5583 λαλῶ,
3248 5516 3363 5570 ἀλλ’
3403 5517 3431 5568 6
3462 5514 3685 5586 πέμψας
3720 5530 3787 5583 με

2198 5613 2412 5685 Πατὴρ,
2446 5613 2609 5675 αὐτός
2642 5629 2731 5682 μοι
2761 5611 2979 5683 ἐντολὴν
3004 5610 3202 5664 δέδωκε
3230 5610 3284 5662 τί
3309 5608 3445 5662 εἴπω
3463 5650 3477 5674 ,
3504 5606 3598 5660 καὶ
3621 5605 3675 5660 τί
3696 5603 3785 5660 λα-

583 5726 629 5799 ’ξ
657 5724 817 5782 Joau.
861 5729 1065 5794 κικίθ.
1146 5730 1190 5763 ⁸ο
1218 5728 1378 5785 Joau.
1421 5744 1526 5783 xv.
1568 5727 1651 5781 i5.
1736 5729 1773 5759 "'
1809 5727 1966 5787 Juan.
2007 5747 2061 5790 ιιι

2193 5731 2225 5786 l.
2305 5729 2350 5762 δ’
2381 5730 2516 5787 Ibid.
2579 5732 2665 5785 53.
2747 5730 2791 5761 *3
2821 5728 2982 5785 Joan.
3014 5743 3046 5782 x
3069 5767 3084 5793 ,
3121 5728 3211 5792 55,
3242 5727 3331 5782 56.
3409 5724 3454 5756 ⁸⁵
3482 5722 3595 5777 Coi.
3636 5737 3692 5787 ιι,
3726 5723 3785 5779 9.

504 5789 570 5829 ’δ’
599 5794 758 5861 ἆοιιιι.
796 5815 834 5864 t,
871 5789 956 5855 16;
1034 5803 1077 5833 ἰδ
1112 5799 1271 5857 toan.
1308 5814 1381 5853 xu
1410 5837 1425 5864 ι
1459 5798 1551 5861 69,
