4106 6536
337 397 445 451 2T1

1428 393 1495 450 IN
1533 393 1825 451 JOANNIS
1851 393 2476 454 ΕνΑΝοΕιιυΜω.
2510 397 2574 454 ΙΙ.

3533 406 3642 463 278

333 519 510 590 λήσω,
544 538 564 570 υ
599 515 943 588 πλατύτερον
972 516 1032 568 ἑν
1059 513 1179 585 ίδίῳ
1206 512 1386 586 καιρῷ
1419 515 1514 568 καὶ
1543 514 1697 586 τόπῳ
1728 514 1950 586 διερμη·

2052 530 2179 572 esse
2228 516 2676 584 transferendas,
2718 526 2774 574 et
2815 533 2880 575 ex
2921 519 3084 593 168
3114 520 3184 578 iis
3235 537 3359 594 quae
3408 522 3490 578 illi
3533 533 3650 581 sta-

331 609 686 680 νευθήσεται.
715 606 936 678 Χρῆναι
960 607 1019 661 δὲ
1041 605 1195 678 οἶμαι
1223 606 1367 678 πρὸς
1385 607 1446 659 τὸ
1467 604 1666 677 παρὸν,
1690 605 1950 660 ὑπόθεσιν

332 701 625 765 εὐσεϐείας
658 701 731 754 τὰ
775 700 890 756 τῶν
929 700 1191 756 ἐναντίων
1230 699 1505 754 ποιεῖσθαι
1552 698 1947 771 προϐλήματα,

332 794 434 846 καὶ
468 792 530 858 ἐξ
558 784 638 846 ὧν
665 793 868 846 ὲκεϊνοι
891 790 1290 864 πρεσϐεύουσι,
1329 793 1446 855 τοῖς
1467 791 1571 862 τῆς
1612 791 1950 864 Ἐκκλησίας

329 885 797 953 ὲπαγωνίσασϐαι
819 884 1109 956 δόγμασιν.
1159 881 1372 939 οὐκοῦν
1406 883 1631 949 ἐντολὰς
1659 883 1762 956 μὲν
1797 883 1948 954 εἰλη-

329 977 498 1046 φέναι
526 964 796 1049 παραιτοῦ
815 976 1052 1048 Πατρὸς,
1085 975 1183 1030 καὶ
1213 974 1397 1029 λαλεῖν
1416 975 1510 1044 ἀφ’
1535 975 1736 1030 ἑαυτοῦ
1759 975 1948 1047 μηδὲν,

326 1066 772 1138 διισχυρίζονται
807 1068 902 1124 τὸν
935 1068 1068 1122 Υἱόν
1087 1083 1102 1098 ’
1147 1068 1248 1122 ὅσα
1276 1067 1334 1121 δὲ
1362 1068 1600 1138 ήκουσεν
1623 1107 1640 1135 ,
1677 1067 1755 1131 ὡς
1787 1067 1950 1132 αὑτός

329 1162 442 1216 πού
467 1179 629 1234 φησι,
659 1162 838 1217 ταῦτα
857 1163 956 1218 καὶ
979 1163 1120 1233 ήμῖν
1142 1160 1461 1230 ἐπείγεσθαι
1490 1160 1692 1229 λέγειν.
1728 1159 1948 1224 Καλῶς,

329 1253 514 1324 ἐχέτω
542 1254 640 1307 καὶ
668 1253 802 1325 τῇδε
829 1270 844 1284 ο
876 1250 1259 1324 συνθησόμεθα
1279 1250 1409 1322 γὰρ,
1434 1251 1590 1305 οὐδὲν
1612 1250 1948 1316 ἀδικοῦντος,

328 1346 481 1400 κατά
509 1361 574 1414 γε
607 1345 701 1398 τὸν
722 1344 820 1399 τοῦ
850 1344 970 1409 πῶς
1001 1341 1142 1398 εἶναι
1160 1343 1341 1412 λόγον,
1372 1343 1468 1397 τοῦ
1502 1344 1832 1414 πράγματος
1857 1343 1950 1396 τὸν

328 1437 493 1503 Υἱὸν,
541 1437 840 1510 καλλίστην
868 1438 926 1491 δὲ
953 1437 1156 1509 μᾶλλον
1182 1437 1279 1490 ἐπὶ
1297 1435 1394 1490 τοῦ
1417 1437 1692 1508 παρόντος
1717 1435 1954 1508 μάλιστα

325 1531 435 1601 τὴν
467 1531 786 1602 οἰκονομίαν
833 1531 1168 1599 εἰσάγοντος.
1223 1531 1437 1586 Οὐκοῦν
1458 1571 1472 1596 ,
1523 1531 1654 1584 ὃταν
1699 1531 1952 1600 λέγοντος

324 1621 650 1675 ἀκούσωσιν
678 1622 848 1676 αὐτοῦ
867 1639 880 1653 ο
914 1642 934 1676 ι
974 1623 1117 1694 Ἐγὼ
1149 1623 1245 1678 καὶ
1271 1624 1300 1676 6
1331 1622 1524 1695 Πατὴρ
1547 1621 1606 1676 ἓν
1634 1625 1802 1694 ἐσμεν
1833 1640 1845 1652 ⁸
1891 1623 1954 1677 '0

328 1710 605 1781 ἑωρακὼς
654 1711 792 1783 ἐμὲ,
835 1711 1050 1784 ἑώρακε
1108 1715 1199 1769 τὸν
1245 1714 1502 1786 Πατέρα·
1570 1714 1712 1784 Ἐγὼ
1763 1715 1822 1768 ἐν
1869 1713 1948 1785 τῷ

329 1801 546 1868 Πατρὶ,
595 1801 692 1855 καὶ
729 1803 760 1855 6
794 1802 988 1873 Πατὴρ
1018 1805 1077 1857 ὲν
1107 1805 1273 1876 ἐμοί’
1308 1825 1326 1857 ι
1367 1804 1800 1876 λαμϐανέτωσαν
1847 1803 1948 1876 τὴν

2056 615 2244 676 tuunt,
2279 609 2750 680 patrocinandum
2781 610 3047 668 Ecclesiae
3072 614 3446 686 dogmatibus.
3482 615 3652 689 Igitur

2054 697 2321 754 mandata
2376 700 2601 773 quidem
2652 705 2939 773 accepisse
2986 719 3016 758 a
3067 704 3255 773 Patre,
3291 717 3347 763 et
3389 724 3418 764 a
3469 712 3652 782 seipso

2054 790 2208 860 loqui
2243 792 2384 848 nihil
2417 791 2621 848 Filium
2655 805 2920 852 asserunt
2957 815 2970 853 :
2998 812 3348 871 quaecunque
3380 817 3511 856 vero
3546 817 3652 858 au-

2053 883 2178 950 diit,
2211 895 2272 940 ut
2305 885 2426 957 ipse
2460 885 2667 944 alicubi
2712 888 2813 955 ait,
2867 889 2987 946 haec
3024 893 3187 949 nobis
3218 895 3385 950 etiam
3436 897 3649 968 eloqui.

2054 975 2204 1034 Bene
2234 977 2401 1034 habet
2435 995 2447 1031 :
2482 979 2861 1037 assentiemur
2892 982 3067 1050 enim,
3102 999 3228 1038 cum
3273 985 3420 1042 istud
3465 995 3650 1060 quoad

2055 1070 2386 1127 substantias
2419 1071 2644 1128 modum
2690 1071 2834 1129 Filio
2871 1073 3011 1128 nihil
3033 1074 3259 1141 oliiciat,
3294 1078 3390 1134 sed
3421 1083 3653 1150 praecla-

2054 1177 2170 1217 ram
2220 1163 2406 1233 potius
2442 1163 2605 1220 nobis
2633 1164 2809 1222 divini
2870 1166 3096 1223 consilii
3139 1169 3411 1225 rationem
3452 1171 3661 1241 inprae-

2056 1256 2365 1310 sentiarum
2419 1258 2718 1329 signiﬁcet.
2776 1259 2969 1333 Igitur,
3005 1277 3134 1318 cum
3185 1263 3416 1318 audiant
3469 1264 3654 1334 ipsum

2053 1346 2334 1402 dicentem
2369 1364 2382 1401 :
2423 1365 2441 1398 ι
2484 1347 2600 1420 Ego
2646 1357 2702 1406 et
2757 1350 2924 1407 Pater
2961 1368 3135 1408 unum
3180 1369 3378 1411 sumus
3419 1353 3506 1407 “:
3547 1354 3654 1420 Qui

2055 1436 2195 1491 vidit
2225 1452 2336 1504 me,
2375 1438 2518 1494 vidit
2549 1449 2606 1494 et
2626 1440 2846 1497 Patrem
2871 1443 2917 1474 ν’
2955 1461 2970 1498 :
2999 1444 3118 1515 Ego
3149 1445 3202 1499 in
3235 1445 3420 1513 Patre,
3453 1455 3511 1503 et
3545 1445 3652 1500 Pa—

2055 1535 2138 1583 ter
2172 1529 2227 1582 in
2257 1543 2345 1584 me
2362 1530 2441 1597 ‘3;
2474 1549 2495 1584 ι
2524 1532 2810 1603 accipiant
2839 1533 2964 1605 ejus
2987 1535 3397 1603 testimonium,
3430 1537 3655 1607 signent

2049 1619 2226 1675 ‘Deum
2261 1629 2318 1676 et
2357 1621 2578 1679 Patrem
2603 1638 2736 1688 esse
2761 1640 3043 1693 veracem,
3076 1634 3132 1683 et
3171 1627 3319 1698 quod
3356 1643 3488 1685 vere
3519 1628 3650 1690 scit,

2058 1713 2111 1767 id
2147 1712 2288 1769 velle
2319 1713 2471 1784 loqui
2513 1713 2741 1783 Filium,
2786 1734 2855 1773 ne
2882 1716 3134 1774 dillidant
3175 1720 3363 1776 verbis
3401 1719 3654 1776 Salvato-

2057 1805 2158 1871 ris,
2196 1804 2296 1874 qui
2329 1821 2453 1875 qua:
2483 1814 2616 1860 sunt
2653 1820 2684 1860 a
2717 1805 2884 1862 Patre
2918 1808 3082 1866 nobis
3117 1811 3367 1880 exponit.

333 1890 653 1960 μαρτυρίαν
696 1890 888 1960 αὐτοῦ,
935 1895 1428 1964 σφραγιζέτωσαν,
1463 1895 1548 1948 ὅτι
1588 1897 1618 1948 ό
1662 1895 1798 1960 Θεὸς
1848 1895 1946 1949 καὶ
1980 1895 2174 1966 Πατὴρ
2201 1894 2413 1967 ἀληθής
2439 1897 2622 1963 ἔστιν,
2663 1898 2801 1968 ὅπερ
2825 1895 2967 1968 οἶδεν
3032 1900 3280 1972 ἀκριϐῶς
3342 1901 3654 1956 ἀναπείθων

297 1979 520 2072 ,λαλεῖν
543 1983 639 2038 τὸν
669 1983 804 2038 Υίόν
831 2002 844 2015 ·
882 1984 958 2057 μὴ
988 1987 1392 2046 ἀπιστείτωσαν
1421 1991 1534 2051 τοῖς
1565 1987 1662 2042 τοῦ
1695 1989 1946 2059 Σωτῆρος
1987 1990 2233 2060 ῥήμασι,
2266 1987 2337 2042 τὰ
2364 1989 2516 2060 παρά
2548 1989 2644 2043 τοῦ
2679 1991 2893 2064 Πατρδς
2923 1994 3057 2064 ἡμῖν
3088 1991 3507 2064 ὲρμηνεύοντος.

413 2080 516 2132 Ὃν
533 2079 643 2150 γὰρ
666 2080 1036 2140 ἀπέστειλεν
1055 2085 1089 2138 ό
1105 2084 1254 2151 Θεὸς
1270 2125 1286 2151 ,
1315 2085 1388 2140 τὰ
1398 2083 1640 2153 ῥήματα
1669 2085 1776 2140 τοῦ
1797 2085 1948 2141 Θεοῦ

2123 2084 2215 2150 ΙΙΙ,
2246 2085 2337 2142 54.
2388 2084 2561 2153 Quem
2597 2086 2739 2141 enim
2783 2087 2931 2142 misit
2979 2085 3150 2152 Deus,
3207 2085 3367 2141 verba
3421 2086 3522 2141 Dei
3571 2085 3654 2140 lo-

334 2168 532 2222 λαλεῖ.

405 2259 568 2319 Οἶδεν
595 2258 692 2318 οὖν
722 2265 833 2336 ἄρα
859 2267 1003 2325 κατὰ
1027 2267 1192 2337 φύσιν
1225 2269 1354 2326 ὄντα
1398 2271 1564 2326 αὑτὸν
1593 2273 1622 2324 6
1667 2269 1860 2342 Πατὴρ
1886 2270 1946 2323 ὲν

329 2355 518 2426 ἑαυτῷ
532 2356 626 2410 τὸν
652 2357 786 2411 ῐδιον
800 2358 1128 2415 Υἰόνο-τοῦτο
1145 2363 1254 2434 γὰρ
1275 2358 1430 2435 οἶμαι
1452 2363 1537 2426 τὸ,
1559 2383 1576 2415 ι
1590 2362 1692 2418 Ἐν
1707 2365 1896 2433 ἐσμεν,
1922 2383 1940 2415 ι

329 2449 430 2502 καὶ
461 2451 566 2521 οὐχ
603 2451 798 2522 ἕτερόν
823 2469 877 2505 τι
923 2454 1390 2525 κατασημαίνειν,
1420 2456 1549 2509 Υἱὸν
1583 2457 1734 2520 ὄντα,
1766 2456 1859 2509 καὶ
1884 2455 1946 2509 ού

325 2541 553 2612 ποίημα
588 2543 856 2613 γινώσκει
877 2561 890 2575 ·
935 2544 1061 2598 Υίὸν
1093 2544 1152 2600 δέ
1183 2563 1328 2617 φημι
1347 2586 1361 2611 ,
1407 2546 1504 2600 τὸν
1531 2549 1596 2600 ὲκ
1625 2548 1728 2617 τῆς
1759 2546 1949 2610 οὐσίας

329 2636 500 2689 αὐτοῦ
524 2678 540 2702 ,
586 2636 685 2690 καὶ
715 2636 778 2690 οὐ
813 2636 958 2708 ψιλῷ
1001 2639 1102 2708 τῆς
1137 2638 1388 2710 νεότητος
1431 2639 1798 2710 τετιμημένον
1827 2639 1948 2692 ὀνό-

331 2745 503 2801 ματι·
551 2723 699 2783 οῖδεν
729 2728 860 2784 ὄντα
900 2732 1002 2802 τῆς
1047 2730 1185 2795 ἰδίας
1227 2731 1495 2803 ἰδιότητος
1523 2729 1947 2800 ἀπαράλλακτον

328 2821 524 2875 εἰκόνα
543 2837 558 2852 ·
592 2822 670 2885 ὡς
699 2821 935 2894 ὁρᾶσθαι
959 2824 1059 2890 μὲν
1091 2822 1314 2886 τελείως
1341 2825 1402 2876 ἐν
1431 2821 1607 2893 αὐτῷ,
1631 2821 1948 2892 ξωγραφεῑν

328 2914 388 2967 δὲ
417 2915 478 2966 ὲν
510 2913 698 2985 ἑαυτῷ
735 2914 830 2968 τὸν
875 2914 936 2981 ἐξ
969 2915 1140 2970 αὐτοῦ
1191 2915 1338 2970 κατά
1367 2914 1532 2984 φύσιν
1567 2915 1824 2987 ἀρρήτως
1849 2915 1946 2968 ὲκ-

329 3005 634 3076 λάμψαντα
655 3023 670 3038 ο
723 3007 819 3059 καὶ
853 3005 1002 3077 ἔχειν
1043 3007 1144 3078 μὲν
1183 3008 1241 3062 ὲν
1276 3007 1456 3078 ἑαυτῷ
1475 3007 1569 3062 τὸν
1599 3006 1756 3070 Υἰὸν,
1807 3001 1947 3060 εῖναι

333 3099 392 3152 δὲ
412 3094 483 3153 αὖ
511 3098 681 3153 πάλιν
715 3101 774 3152 ὲν
803 3097 950 3170 Υἱῷ,
1001 3099 1092 3152 διὰ
1133 3098 1234 3170 τὴν
1261 3099 1363 3170 τῆς
1398 3099 1588 3164 οὐσίας
1615 3097 1944 3171 ταυτότῃτα.

339 3190 529 3244 Ταῦτα
559 3192 876 3262 φρονήσας,
917 3192 1162 3264 αἱρετικὶ
1184 3231 1199 3254 ,
1237 3191 1440 3264 πικροῦ
1477 3193 1576 3263 μὲν
1605 3189 1806 3245 σαυτὸν
1841 3190 1949 3243 ἀπ-

334 3281 597 3347 αλλάξεις
640 3283 955 3354 νοσήματος
975 3322 989 3348 ,
1025 3281 1223 3354 τριϐῆς
1245 3282 1304 3336 δὲ
1351 3283 1502 3354 ήμᾶς
1534 3282 1635 3354 τῆς
1678 3284 1736 3336 tv
1767 3281 1949 3352 λόγοις

334 3375 436 3428 καὶ
462 3375 804 3446 ζητήμασιν.
843 3393 862 3427 ι
893 3375 992 3428 Ὃν
1020 3374 1132 3446 γὰρ
1155 3373 1478 3430 ἀπέστειλεν
1509 3377 1539 3429 6
1566 3375 1720 3442 Θεὸς,
1747 3373 1819 3428 τὰ
1847 3375 1950 3446 ρή-
1987 3379 1996 3446 ξ

334 3483 493 3538 ματα
519 3442 626 3521 τοῦ
644 3467 783 3521 Θεοῦ
816 3465 992 3524 λαλεῖ.
1016 3442 1040 3518 »ν
1066 3442 1240 3524 Ὅταν
1270 3467 1337 3520 ἐκ
1364 3466 1460 3520 τοῦ
1493 3467 1788 3540 προχείρου
1808 3442 1938 3540 νοῆῖ-
1975 3442 2020 3502 c

326 3575 428 3612 ται
476 3559 541 3613 τὺ
584 3559 992 3630 προκείμενον,
1033 3559 1087 3613 τι
1123 3559 1286 3614 πάλιν
1336 3560 1491 3615 ἔσται
1531 3560 1847 3631 θαυμαστὸν
1889 3563 1950 3616 ὲν

330 3652 501 3723 TW);
551 3653 623 3705 Ἢ
662 3651 774 3726 γὰρ
812 3652 939 3722 οὐχὶ
973 3652 1069 3706 καὶ
1120 3650 1232 3706 τῶν
1265 3652 1438 3720 ἁγίων
1464 3652 1696 3717 ἕκαστος
1727 3669 1947 3725 προφη-

329 3746 480 3813 τῶν,
536 3745 634 3800 καί
673 3745 1043 3800 ἀπεστέλλετο
1091 3746 1250 3815 παρά
1279 3744 1456 3812 Θεοῦ,
1509 3746 1604 3798 καὶ
1646 3746 1776 3809 τοὺς
1813 3746 1948 3816 παρ’

327 3837 508 3891 αὐτοῦ
524 3836 862 3910 διήγγελ[λ]ε
879 3837 1071 3910 λόγους
1088 3854 1102 3902 ;
1129 3837 1240 3891 Καὶ
1256 3835 1390 3906 γοῦν
1409 3836 1547 3908 πρὸς
1572 3836 1674 3908 μὲν
1686 3836 1778 3890 τὸν
1801 3838 1952 3910 ἰερο-

333 3929 558 4001 φάντην
602 3931 810 4000 Μιυσέα
851 3929 1070 4002 εἴρηταί
1103 3947 1232 3986 που
1269 3949 1290 3982 ι
1331 3929 1445 3986 Καὶ
1472 3930 1568 3985 νῦν
1609 3929 1772 4002 δεῦρο
1814 3931 1950 3985 tim-

327 4021 538 4075 στείλω
555 4039 616 4076 σε
651 4024 731 4087 εἰς
757 4022 1059 4093 Αἴγυπτον,
1076 4024 1173 4079 καὶ
1197 4025 1346 4093 ἐρεῖς
1369 4023 1510 4095 πρὸς
1531 4022 1736 4097 Φαραὼ
1757 4041 1771 4056 ·
1804 4022 1949 4078 Τάδε

325 4113 486 4184 λέγει
512 4113 742 4186 Κύριος·
767 4134 786 4168 ι
829 4116 970 4187 πρὸς
999 4116 1366 4189 ⁴Ιερεμίαν.δέ
1398 4133 1463 4186 γε
1489 4117 1582 4171 τὸν
1612 4115 1911 4188 ἱερώτατον
1932 4132 1947 4149 ⁸

333 4225 355 4259 ι
385 4207 482 4279 Μὴ
511 4206 662 4276 λέγε,
697 4209 790 4263 ὅτι.
813 4207 1099 4281 Νεώτερος
1123 4209 1236 4279 ἐγώ
1265 4209 1406 4281 εἰμι’
1429 4209 1513 4262 ὄτι
1544 4208 1684 4281 πρὸς
1712 4208 1949 4277 πάντας,

325 4298 431 4362 οὓς
458 4299 561 4352 ἐὰν
584 4300 958 4365 ὲξαποστείλω
981 4318 1074 4367 σε,
1117 4301 1363 4374 πορεύσῃ
1381 4342 1395 4366 ,
1432 4303 1528 4355 καὶ
1566 4303 1710 4355 κατὰ
1739 4302 1945 4367 πάντα,

325 4391 438 4447 ὅσα
473 4391 573 4444 ὲάν
612 4391 942 4464 ἐντείλωμαί
978 4410 1095 4460 σοι,
1144 4393 1424 4464 λαλήσεις.
1456 4412 1476 4446 ι
1511 4393 1576 4446 Τί
1615 4389 1708 4447 οὖν
1741 4395 1852 4463 ἄρα
1883 4392 1947 4446 τὸ

329 4482 530 4536 πλεῖον
563 4483 624 4537 ὲν
644 4483 721 4554 τῷ
749 4483 894 4538 κατὰ
926 4484 1091 4554 φύσιν
1124 4483 1270 4556 mp,
1296 4485 1545 4538 λαλοῦντι
1571 4485 1639 4538 τὰ
1671 4485 1767 4538 τοῦ
1807 4484 1944 4539 Θεοῦ

328 4576 565 4646 ῥήματα
585 4617 600 4640 ,
643 4576 732 4628 διὰ
757 4576 818 4630 τὸ
843 4577 1184 4632 ἀπεστάλθαι
1219 4577 1350 4648 παρ’
1385 4576 1554 4632 αὐτοῦ
1581 4593 1595 4644 ;
1646 4577 1946 4650 Προφήτης

325 4669 492 4738 ἡμῖν,
530 4667 606 4730 ὡς
633 4668 812 4722 ἔοικεν
833 4712 848 4734 ,
900 4669 1359 4741 ἀναδειχθήσεται
1385 4667 1549 4723 πάλιν
1571 4709 1585 4734 ,
1629 4670 1725 4724 καὶ
1756 4669 1943 4739 ἕτερον

323 4759 514 4825 οὐδὲν,
545 4761 670 4814 ὅσον
701 4755 836 4832 ἧκεν
851 4762 1030 4816 εἰπεῖν
1054 4763 1136 4828 εἰς
1161 4762 1254 4816 τὸν
1278 4763 1378 4833 τῆς
1416 4761 1696 4826 διακονίας
1716 4762 1941 4832 τρόπον.
1967 4795 2024 4860 D

323 4850 554 4904 Οὐκοῦν
582 4850 644 4904 τὸ
683 4868 702 4902 ι
737 4851 1028 4904 ἀπέστειλε
1063 4872 1082 4904 ι
1120 4854 1336 4924 νοήσεις
1367 4854 1425 4906 ὲν
1448 4853 1688 4918 τούτοις,
1730 4851 1763 4926 ἢ
1797 4850 1942 4912 κατὰ

321 4942 427 4994 τὸν
456 4942 560 5012 τῆς
595 4941 1068 5014 ὲνανθρωπήσεως
1095 4943 1255 5012 λόγον
1274 4981 1290 5008 ,
1340 4944 1436 4998 καὶ
1459 4946 1560 5014 τὴν
1597 4945 1656 4997 ὲν
1680 4943 1819 5015 τῷδε
1862 4943 1941 5015 τῷ

325 5029 531 5098 κόσμῳ
577 5029 720 5098 μετά
765 5032 970 5103 σαρκὸς
1010 5033 1388 5103 ὲπιφοίτησιν’
1449 5035 1482 5106 ἢ
1517 5035 1681 5088 πάλιν
1723 5034 1940 5108 ὲκλήψῃ

324 5121 810 5193 Θεοπρεπέστερον
857 5125 953 5179 καὶ
992 5122 1436 5198 ἀξιολογώτερον.
1491 5126 1568 5179 Οὐ
1616 5125 1725 5198 γὰρ
1763 5125 1938 5196 ἐκρυ-

321 5213 435 5282 ψεν
474 5215 534 5269 ὲν
571 5214 756 5285 ἑαυτῷ
801 5215 896 5268 τὸν
923 5216 1054 5271 Υίὸν
1093 5219 1122 5270 ὁ
1155 5217 1382 5290 Πατὴρ,
1422 5217 1538 5271 ἀλλ’
1565 5220 1630 5274 ἐκ
1669 5221 1772 5289 τῆς
1806 5219 1942 5284 ίδίας

325 5307 616 5381 ἐξέλαμψε
648 5309 899 5380 φύσεως,
949 5310 1030 5372 ὼς
1070 5312 1135 5366 ὲκ
1165 5313 1348 5382 φωτὸς
1385 5311 1767 5384 ἀπαύγασμα,
1802 5312 1946 5369 κατὰ

323 5403 427 5457 τὸν
451 5401 738 5474 ἄφραστόν
761 5423 823 5460 τε
853 5406 947 5460 καὶ
969 5405 1307 5477 ἀνεξήγητον
1335 5405 1434 5477 τῆς
1465 5405 1616 5470 θείας
1636 5405 1946 5475 γεννήσεως

321 5496 540 5567 τρόπον
565 5513 579 5526 ο
633 5497 664 5550 ὃ
710 5498 777 5569 δὴ
825 5499 922 5553 καὶ
969 5497 1136 5562 αὐτὸς
1184 5501 1321 5570 ἡμῖν
1376 5499 1626 5569 διεσάφει
1684 5498 1863 5566 λέγων
1913 5497 1944 5550 6

324 5589 692 5660 Μονογενής⁹
748 5609 768 5642 ι
818 5589 963 5660 Ἐγὼ
1014 5593 1079 5644 ἐκ
1122 5592 1218 5646 τοῦ
1270 5591 1483 5662 Πατρὸς
1531 5591 1790 5660 ἐξῆλθον.
1850 5589 1945 5642 καὶ

324 5683 474 5753 ἥκω.
522 5700 540 5732 ι
600 5681 919 5754 Ἐξελήλυθε
967 5685 1075 5755 γὰρ
1127 5686 1192 5738 ὲκ
1245 5684 1340 5738 τοῦ
1401 5683 1614 5754 Πατρὸς
1662 5684 1742 5747 εἰς
1806 5682 1942 5736 ἰδίαν

403 5857 448 5891 ⁸⁸
494 5857 657 5916 Joan.
685 5876 739 5922 ν,
769 5860 860 5915 50.
936 5862 981 5892 *τ
1010 5859 1167 5918 Joan.
1209 5877 1299 5917 xw
1325 5902 1339 5925 .
1373 5861 1425 5918 9.

2049 2175 2254 2244 quitur.

2121 2264 2288 2320 Novit
2331 2267 2527 2338 itaque
2554 2265 2722 2324 Pater
2753 2267 2813 2324 in
2841 2268 3030 2340 seipso
3057 2268 3368 2324 secundum
3393 2277 3652 2324 naturam

2051 2358 2320 2414 exsistere
2370 2357 2576 2414 Filium
2618 2375 2816 2427 suum;
2844 2361 2953 2417 hoc
2996 2361 3179 2430 enim,
3213 2363 3438 2434 opinor,
3485 2362 3651 2426 illud,

2057 2468 2074 2500 ι
2111 2447 2290 2504 Unum
2317 2457 2538 2517 sumus,
2572 2469 2590 2504 ι
2623 2450 2950 2524 signiﬁcare
2976 2451 3182 2509 Filium
3216 2469 3366 2520 esse,
3398 2469 3513 2509 non
3553 2469 3654 2509 au-

2051 2548 2161 2597 tem
2190 2536 2534 2610 creatui'am,
2571 2543 2854 2613 agnoscit.
2897 2541 3100 2599 Filium
3137 2554 3324 2601 autem
3359 2545 3507 2611 dico,
3553 2546 3652 2616 qui

2050 2648 2118 2689 ex
2157 2633 2281 2704 ejus
2313 2643 2399 2689 est
2425 2635 2768 2704 substantia,
2790 2651 2902 2692 non
2933 2635 3086 2691 nudo
3111 2635 3398 2692 ﬁliationis
3430 2637 3654 2692 nomine

2050 2731 2303 2778 ornatus.
2345 2721 2468 2778 Scit
2510 2739 2640 2782 esse
2669 2740 2787 2782 sua;
2822 2725 3190 2796 proprietatis
3225 2726 3523 2798 imaginem
3554 2740 3655 2798 per

2050 2815 2238 2872 omnia
2269 2817 2535 2882 similem,
2571 2817 2649 2871 ita
2679 2825 2740 2874 ut
2770 2817 3020 2887 perfecte
3047 2817 3273 2888 quidem
3308 2820 3651 2875 cernaturin

2051 2908 2193 2978 ipso,
2234 2907 2356 2978 ipse
2405 2923 2538 2965 vero
2579 2908 2636 2964 in
2685 2908 2874 2979 seipso
2926 2909 3189 2980 depingat
3240 2925 3369 2966 eum
3426 2912 3522 2982 qui
3580 2926 3650 2967 ex

2051 2997 2173 3068 ipso
2211 2997 2526 3058 secundum
2586 3009 2846 3055 naturam
2898 3000 3255 3056 ineliabiliter
3305 3000 3538 3066 eti‘ulsit,
3593 3012 3650 3060 et

2052 3091 2253 3149 habeat
2303 3092 2530 3164 quidem
2563 3093 2618 3147 in
2663 3093 2855 3163 seipse
2901 3091 3128 3159 Filium,
3173 3094 3360 3163 sitque
3401 3094 3649 3150 vicissim

2052 3182 2109 3237 in
2144 3181 2310 3250 Filio,
2349 3192 2580 3255 propter
2621 3183 2974 3241 identitatem
3020 3184 3374 3242 substantiae.
3421 3185 3550 3242 Haec
3599 3189 3650 3244 si

2051 3276 2288 3341 sentias,
2328 3277 2627 3344 bteretice,
2680 3286 2738 3334 et
2777 3277 3020 3349 teipsum
3050 3279 3246 3336 morbo
3285 3281 3648 3352 gravissimo,

2050 3365 2105 3424 et
2151 3385 2269 3426 nos
2325 3369 2652 3440 disputandi
2704 3370 2956 3426 molestia
3013 3370 3362 3429 liberaveris.
3405 3389 3426 3424 ι
3471 3371 3650 3438 Quem

2053 3460 2202 3516 enim
2236 3460 2392 3521 misit
2423 3459 2597 3525 Deus,
2631 3461 2800 3521 verba
2826 3460 2925 3517 Dei
2955 3461 3224 3534 loquitur.
3262 3481 3282 3516 ι
3313 3462 3371 3517 Si
3411 3469 3472 3517 ut
3495 3462 3652 3532 jacet

2054 3549 2268 3608 dictum
2305 3552 2442 3608 illud
2494 3551 2824 3623 accipiatur,
2880 3553 3016 3624 quid
3073 3554 3260 3624 magni
3319 3554 3541 3610 demum
3595 3564 3651 3610 et

2052 3643 2401 3702 admirabilis
2433 3646 2542 3700 erit
2578 3644 2637 3698 in
2678 3643 2859 3702 Filio?
2890 3645 2975 3704 An
3001 3658 3112 3707 non
3139 3645 3287 3702 enim
3319 3653 3650 3702 sanctorum

2051 3737 2449 3807 prophetarum
2470 3737 2712 3808 quilibet
2737 3738 2906 3794 etiam
2940 3737 3150 3796 missus
3175 3745 3264 3794 est
3289 3752 3321 3792 a
3343 3736 3478 3806 Deo,
3503 3737 3653 3808 ejus-

2052 3845 2162 3900 que
2197 3830 2368 3886 verba
2404 3831 2706 3888 manifesta
2755 3830 2925 3887 fecit?
2979 3830 3047 3888 Et
3099 3839 3253 3889 certe
3299 3831 3506 3888 alicubi
3560 3831 3650 3886 di-

2051 3929 2208 3978 ctum
2249 3931 2337 3982 est
2374 3923 2443 3978 ad
2485 3922 2713 3996 Moysen
2748 3938 3044 3980 sacrorum
3093 3925 3450 3995 interpretem
3488 3937 3502 3975 :
3536 3942 3554 3974 ι
3585 3923 3652 3977 Ει

2054 4030 2203 4072 nunc
2237 4017 2451 4076 mittam
2474 4024 2532 4072 te
2559 4016 2618 4074 in
2651 4014 2986 4088 Egyptum,
3019 4022 3078 4072 et
3102 4015 3256 4072 dices
3295 4015 3364 4072 ad
3399 4014 3649 4072 Pharao-

2053 4123 2177 4166 nem
2207 4125 2221 4162 :
2251 4107 2378 4164 Haec
2405 4108 2541 4167 dicit
2566 4107 2834 4165 Dominus
2860 4106 2931 4164 ".
2968 4126 2987 4160 ι
3022 4108 3105 4163 Ad
3138 4105 3437 4163 Jeremiam
3462 4113 3651 4161 autem

2051 4183 2469 4260 sanctissimum
2497 4215 2510 4251 :
2537 4218 2558 4254 ι
2592 4199 2714 4256 Noli
2745 4199 2929 4257 dicere
2973 4197 3115 4267 Quia
3145 4199 3338 4270 junior
3362 4215 3466 4270 ego
3498 4213 3650 4262 sum,

2050 4294 2184 4365 quia
2211 4293 2281 4364 ad
2313 4308 2510 4352 omnes
2558 4292 2630 4349 ad
2679 4307 2824 4365 quos
2868 4292 3083 4351 misero
3121 4300 3196 4360 te,
3227 4291 3358 4358 ibis,
3387 4299 3444 4348 et
3487 4290 3650 4362 juxta

2049 4387 2239 4441 omnia
2277 4393 2634 4459 quaecunque
2688 4387 3031 4443 mandavero
3073 4385 3213 4452 tibi,
3254 4384 3503 4456 loqueris
3520 4380 3590 4438 '°.
3625 4401 3646 4434 ι

2049 4479 2196 4545 Quid
2225 4493 2360 4550 ergo
2388 4479 2513 4548 plus
2550 4489 2635 4536 est
2667 4478 2724 4534 in
2754 4477 2902 4535 Filio
2927 4478 3176 4536 naturali
3220 4477 3318 4550 qui
3344 4476 3442 4534 Dei
3476 4475 3650 4532 verba

2051 4571 2320 4644 loquitur,
2340 4587 2408 4627 ex
2427 4570 2654 4644 coquod
2681 4575 2888 4630 missus
2927 4581 3012 4630 est
3032 4574 3103 4628 ab
3127 4571 3295 4644 ipso?
3316 4569 3466 4626 Nihil
3497 4567 3649 4624 aliud

2051 4679 2273 4730 rursus,
2304 4669 2366 4718 ut
2395 4664 2636 4730 videtur,
2668 4679 2838 4736 quam
2859 4663 3131 4736 propheta
3153 4678 3281 4721 esse
3309 4663 3472 4720 nobis
3494 4669 3648 4734 pate-

2051 4757 2150 4821 bit,
2178 4755 2226 4812 si
2261 4756 2332 4812 de
2359 4755 2660 4813 ministerii
2691 4757 2909 4811 ratione
2937 4757 3256 4826 loquamur.
3286 4754 3450 4827 169
3479 4753 3652 4826 Igitur

2051 4849 2143 4906 hic
2177 4867 2197 4901 ι
2229 4847 2406 4915 misit,
2436 4866 2456 4900 ι
2479 4855 2576 4902 aut
2607 4846 2825 4904 ratione
2846 4846 3256 4903 incarnationis
3286 4854 3343 4903 et
3371 4847 3650 4903 adventus

2048 4943 2106 4998 in
2142 4942 2291 4997 hunc
2330 4939 2599 4994 mundum
2635 4953 2764 4995 cum
2813 4953 3004 5006 carne,
3047 4945 3144 4994 aut
3173 4938 3438 4996 diviniori
3466 4949 3521 4995 et
3551 4955 3650 4996 su-

2048 5031 2568 5102 blimioriquadam
2603 5029 2819 5086 ratione
2872 5029 3140 5101 accipies.
3192 5027 3317 5086 Non
3379 5029 3527 5087 enim
3589 5030 3693 5087 in‘

2050 5125 2240 5196 seipse
2271 5124 2471 5180 Filium
2514 5122 2680 5178 Pater
2701 5122 3028 5190 occultavit,
3062 5121 3162 5180 sed
3195 5137 3266 5180 ex
3307 5137 3412 5180 sua
3443 5131 3648 5180 natura

2050 5218 2262 5283 eluxit,
2298 5225 2358 5270 ut
2399 5232 2469 5272 ex
2524 5215 2649 5271 luce
2688 5214 2958 5287 splendor
3015 5215 3224 5274 emicat
3285 5215 3551 5274 ineﬂ‘abili
3595 5223 3654 5273 et

2055 5308 2418 5368 inenarrabili
2447 5308 2651 5364 divinae
2689 5309 3072 5379 generationis
3102 5307 3292 5366 modo.
3335 5309 3495 5376 Quod
3529 5309 3650 5377 ipse

2052 5417 2278 5474 quoque
2317 5402 2484 5460 nobis
2513 5403 2776 5475 exposuit
2809 5402 3169 5477 Unigenitus,
3203 5403 3400 5459 dicens
3427 5419 3442 5456 :
3479 5421 3498 5455 ι
3531 5399 3648 5470 Ego

2053 5511 2119 5552 ex
2147 5494 2315 5551 Patre
2347 5495 2518 5564 exivi,
2545 5504 2602 5554 et
2630 5496 2794 5554 venio
2817 5497 2889 5554 ἰ.
2919 5515 2939 5549 ι
2980 5497 3166 5554 Exivit
3210 5495 3359 5551 enim
3387 5509 3456 5548 ex
3486 5492 3651 5549 Patre

2053 5588 2110 5643 in
2140 5589 2425 5660 pr0priam
2449 5588 2798 5661 hypostasim
2823 5586 3018 5655 Filius,
3043 5587 3173 5644 licet
3203 5587 3258 5642 in
3294 5587 3415 5656 ipso
3451 5586 3522 5640 sit
3556 5600 3648 5640 sc-

2052 5679 2298 5735 cundum
2335 5690 2630 5735 naturam:
2665 5685 2721 5734 et
2767 5677 2919 5749 quod
2956 5676 3030 5733 ibi
3062 5693 3082 5727 ι
3111 5675 3288 5738 exire,
3329 5693 3347 5726 ι
3381 5673 3644 5744 idipsum,

1507 5861 1550 5892 εει
1587 5859 1746 5928 Ibid.,
1792 5860 1876 5914 ιι.

2052 5856 2206 5913 Exod.
2249 5872 2329 5924 in,
2370 5857 2455 5914 ιο.
2537 5855 2582 5887 ⁸⁰
2613 5851 2813 5912 Jcrcm.
2851 5869 2889 5917 ι,
2927 5851 2980 5906 7.
3061 5849 3101 5881 ⁸¹
3139 5847 3298 5905 Joan.
3334 5865 3444 5916 xvi,
3485 5851 3572 5907 28,
