4106 6502
485 320 592 377 279

1490 331 1550 389 5.
1584 333 1862 391 CYMLLI
1907 338 2385 398 ALEXANDRINI
2424 343 2745 402 ARCHIEP.

3672 349 3777 411 Έθ

488 438 578 493 hic
609 458 627 490 ι
654 441 884 498 missum
913 461 1060 510 esse.
1089 468 1107 500 δ
1134 448 1429 519 signiﬁcat.
1457 449 1703 509 Verbum
1735 456 1905 525 igitur
1927 459 2072 527 quod

2183 457 2419 532 ὓπαρξιν
2442 464 2470 515 ὁ
2496 465 2645 529 Υἱὸς,
2669 466 2721 518 εἰ
2744 464 2839 520 καὶ
2859 468 2919 520 ἐν
2946 466 3098 537 αὐτῷ
3122 469 3267 524 κατὰ
3292 469 3458 538 φύσιν
3492 468 3610 525 ἐστέ
3630 487 3657 517 ·.
3682 475 3779 529 καὶ

490 547 557 587 ex
591 533 755 592 Patre
787 537 993 595 ell‘ulsit
1024 550 1078 596 et
1111 542 1359 606 emicuit,
1395 552 1528 614 puta
1559 562 1685 602 cum
1723 548 1872 605 Deus
1906 553 1980 606 sit
2009 551 2079 607 de

491 622 624 689 Deo,
654 625 764 683 Deo
790 632 1255 690 convenientibus
1291 636 1523 695 vocibus
1549 648 1777 696 utetur:
1812 640 1922 698 Deo
1974 656 2074 696 au-

491 727 600 772 tem
646 724 985 785 conveniunt
1014 741 1137 796 quae
1170 743 1312 784 rem
1340 738 1474 786 sunt
1510 746 1698 799 voces,
1732 740 1790 787 et
1821 733 1893 788 ab
1923 734 2078 791 omni

490 809 764 865 mendacii
804 812 927 869 labe
953 825 1088 871 sunt
1117 817 1416 876 immunes.
1450 820 1727 887 Quocirca
1762 842 1782 875 ι
1822 825 1921 894 qui
1954 824 2079 879 Sal-

491 900 704 957 vatoris
728 905 1116 961 testimonium
1137 910 1366 982 accipit,
1391 912 1635 985 signavit
1664 915 1796 984 quia
1816 915 1965 973 Deus
1985 932 2079 972 ve-

490 1007 584 1046 rax
606 1001 711 1050 est.
740 1014 759 1048 ι
783 996 880 1053 Est
907 999 1270 1070 enim,'revera
1292 1006 1604 1060 secundum
1625 1014 1882 1064 naturam
1908 1008 2074 1065 Deus.

2183 554 2323 625 ὅπερ
2368 558 2502 625 ἡμῖν
2547 560 2605 610 ἐν
2642 559 2843 629 ἐκείνῳ
2887 559 2949 612 τὸ
2996 560 3236 625 ἐξελθεῖν
3286 564 3571 634 σημαίνει,
3618 565 3780 620 τοῦτο

2186 645 2349 699 πάλιν
2400 647 2638 703 ἐνταῦθα
2694 650 2758 704 τὸ
2811 644 3150 709 ἀπεστάλθαι
3212 652 3386 723 δηλοῖ.
3463 655 3523 709 '0
3575 656 3778 724 τοίνυν,

2185 739 2385 809 φησὶν,
2439 741 2505 793 ὲκ
2547 742 2763 815 Πατρὸς
2804 743 3066 814 πεφηνιῖκ
3101 761 3163 798 τε
3222 745 3320 798 καὶ
3363 747 3782 819 ἀπαστραφθεὶς

2184 829 2372 898 Δόγος,
2426 831 2521 887 ita
2547 832 2612 905 δὴ
2641 833 2774 898 Θεὸς
2802 835 3068 907 ὑπάρχων
3092 837 3158 888 ὲκ
3189 835 3368 906 9506,!
3392 840 3509 902 τοῖς
3550 839 3632 908 τῷ
3659 840 3783 910 Θεῷ

2185 920 2458 990 πρέπουσι
2490 925 2820 995 κεχρήσεται
2861 924 3076 995 λόγων
3113 927 3264 997 λόγοι
3309 928 3368 981 δὲ
3409 929 3477 984 ἂν
3517 925 3629 984 εἷεν
3660 931 3785 1003 Θεῷ

2182 1011 2488 1082 πρέποντες
2514 1015 2562 1068 oi
2584 1014 2828 1086 ἀληθεῖς,
2873 1018 2969 1077 καὶ
2987 1018 3091 1089 τὴν
3105 1018 3216 1072 ἀπὸ
3242 1019 3338 1072 τοῦ
3364 1021 3657 1091 ψεύδεσθαι
3685 1038 3787 1092 κη-

487 1082 605 1183 λῖδα
641 1104 661 1138 ι
694 1092 1144 1165 παραιτούμενοι.
1195 1094 1407 1150 Οὐκοῦν
1438 1115 1456 1148 ι
1499 1098 1528 1150 ό
1553 1095 1847 1168 λαμϐάνων
1878 1096 1974 1153 τοῦ
2009 1098 2262 1170 Σωτῆρος
2293 1103 2392 1174 τὴν
2434 1082 2745 1176 μαρτυρίαν
2764 1147 2780 1173 ,
2833 1082 3200 1179 ἐσφράγισεν,
3243 1109 3328 1164 ὅτι
3352 1082 3391 1165 ὁ.
3413 1110 3544 1175 Θεὸς
3570 1082 3785 1183 ἀληθής

486 1181 634 1236 ἐστιν
662 1201 674 1214 ·
711 1205 731 1236 ι
759 1185 874 1240 ἔστι
902 1190 1011 1260 γὰρ
1039 1190 1208 1255 ὅντως
1238 1192 1381 1251 κατὰ
1406 1192 1567 1262 φύσιν
1587 1193 1737 1260 Θεός.

559 1278 646 1341 lll,
680 1279 767 1336 '54.
808 1279 935 1338 Non
976 1285 1116 1341 enim
1147 1283 1218 1340 ad
1270 1302 1576 1343 mensuram
1631 1287 1726 1344 dat
1777 1288 1917 1345 Deus
1950 1288 2075 1359 Spi-

484 1374 673 1427 ritum.

555 1467 661 1522 Hic
694 1472 1096 1529 attentissimas
1123 1488 1288 1530 aures
1313 1475 1531 1540 adhibe,
1551 1493 1763 1549 quaeso,
1798 1483 1859 1532 ut
1881 1476 2072 1533 nobis-

484 1575 610 1617 ctam
640 1575 838 1618 rursus
889 1573 1210 1622 sanctorum
1262 1569 1484 1625 mireris
1544 1570 1894 1643 sapientiam.
1924 1569 2072 1624 Dixit

484 1652 709 1719 Filium,
741 1670 867 1710 cum
905 1672 935 1711 a
963 1656 1077 1715 Deo
1133 1662 1362 1718 missum
1416 1678 1561 1726 esse,
1623 1672 1740 1717 tum
1781 1662 1878 1719 Dei
1912 1663 2077 1719 verba

2256 1292 2340 1344 Οὐ
2366 1290 2479 1359 γὰρ
2503 1290 2575 1353 ἐκ
2592 1290 2818 1360 μέτρου
2847 1291 3060 1351 δίδωσι
3087 1294 3155 1349 τὸ
3186 1295 3452 1366 Πνεῦμα.

2259 1383 2468 1452 Ὀξεῖαν
2518 1384 2756 1456 ὑπόσχες
2801 1386 2919 1441 νυνὶ
2969 1388 3034 1459 δὴ
3089 1388 3329 1460 μάλιστα
3366 1391 3466 1463 τὴν
3509 1390 3707 1463 ἀκοὴν,
3735 1383 3785 1443 ὦ

2181 1476 2417 1543 γενναῖε,
2442 1474 2531 1531 ἵνα
2559 1473 2622 1544 δὴ
2658 1473 2823 1528 πάλιν
2854 1475 2987 1546 ἡμῖν
3026 1475 3430 1547 συνθαυμὰσεις
3454 1477 3565 1531 τῶν
3602 1474 3779 1544 ἁγίων

2179 1567 2280 1639 τὴν
2308 1566 2487 1638 νῆψιν·
2526 1567 2669 1638 Ἔφη
2703 1566 2795 1621 τὸν
2831 1566 2959 1622 Υἱὸν
2999 1567 3094 1623 καὶ
3135 1569 3476 1624 ἀπεστάλθαι
3507 1568 3657 1639 παρὰ
3681 1565 3779 1619 τοῦ

2182 1664 2339 1727 Θεοῦ,
2364 1664 2459 1716 καὶ
2486 1663 2557 1717 τὰ
2589 1662 2684 1716 τοῦ
2710 1662 2844 1716 Θεοῦ
2870 1663 3092 1733 ῥήματα
3117 1660 3296 1715 λαλεῖν
3315 1678 3328 1691 ·
3358 1660 3473 1715 ἀλλ’
3505 1658 3783 1712 ὑπαισθά-

484 1745 651 1816 loqui.
686 1746 756 1801 At
784 1747 832 1804 si
863 1750 1041 1819 prima
1069 1750 1248 1808 fronte
1274 1753 1381 1808 vim
1402 1769 1595 1809 eorum
1634 1755 1934 1810 verborum
1953 1755 2072 1824 quis

2182 1756 2333 1810 νεταί
2375 1773 2514 1820 πως,
2557 1756 2682 1809 ὅσον
2728 1750 2866 1826 ἧκεν
2910 1755 2991 1818 εἰς
3025 1753 3125 1824 τὴν
3165 1753 3454 1823 πρόχειρον
3483 1750 3580 1806 τοῦ
3615 1750 3783 1818 λόγου

480 1836 815 1903 consideret,
852 1839 1111 1895 videntur
1160 1858 1286 1897 eum
1334 1844 1388 1897 in
1437 1844 1857 1914 prophetarum_
1876 1845 2075 1899 ordine

482 1927 891 1988 quodammodo
925 1937 1192 1996 statuere,
1240 1934 1706 2004 quemadmodum
1753 1936 1922 2006 paqu
1948 1943 2077 1991 ante

482 2019 748 2075 diximus.
782 2017 888 2074 Per
915 2020 1031 2078 haec
1060 2023 1229 2094 igitur
1266 2025 1448 2095 ipsum
1489 2038 1842 2097 nequaquam
1885 2042 2073 2098 parem

483 2110 556 2167 iis
590 2127 715 2167 esse
759 2113 1024 2177 ostendit,
1061 2123 1115 2172 et
1151 2132 1262 2171 uno
1298 2117 1404 2171 hoc
1447 2117 1607 2188 signo
1641 2117 1801 2175 docet
1841 2119 2074 2173 multum

483 2209 538 2255 et
564 2201 1080 2272 incomparabiliter
1111 2206 1180 2261 ab
1213 2207 1287 2263 iis
1321 2207 1548 2264 distare.
1585 2208 1731 2264 Fieri
1781 2209 1931 2263 enim
1963 2225 2074 2265 non

484 2302 686 2361 potest,
721 2297 922 2365 inquit,
955 2306 1015 2357 ut
1043 2299 1137 2368 qui
1179 2298 1246 2354 ad
1278 2308 1493 2356 certum
1546 2300 1770 2357 modum
1809 2299 2073 2371 Spiritum

484 2387 788 2457 accipiunt,
815 2404 941 2444 eum
968 2390 1127 2446 alteri
1153 2407 1375 2462 quoque
1403 2392 1591 2462 largiri
1624 2393 1860 2461 possint.
1924 2391 2074 2446 Nus-

483 2498 650 2550 quam
684 2484 830 2537 enim
859 2494 1088 2543 sanctus
1119 2495 1316 2542 sancto
1370 2486 1612 2558 Spiritus
1640 2487 1816 2543 sancti
1849 2488 2078 2558 largitor

486 2576 628 2631 fuit:
662 2574 759 2630 sed
786 2591 910 2631 eum
939 2577 1199 2634 omnibus
1228 2578 1296 2635 de
1330 2594 1431 2635 sua
1463 2579 1808 2649 plenitudine
1843 2580 2073 2650 largitur

485 2664 659 2742 Filius
679 2670 746 2721 ³⁸.
785 2668 975 2740 itaque
1011 2685 1122 2725 non
1161 2671 1229 2726 ad
1276 2686 1591 2728 mensuram
1626 2672 1744 2737 dat,
1800 2687 1980 2742 neque
2013 2677 2075 2726 ut

484 2746 583 2825 illi,
604 2769 817 2831 partem
854 2763 1151 2833 quamdam
1185 2765 1441 2834 exiguam
1474 2766 1721 2836 Spiritus
1757 2765 1943 2830 habet,
1986 2764 2073 2820 id-

483 2865 590 2919 que
624 2867 721 2921 per
755 2853 1239 2924 participationem
1269 2874 1281 2909 :
1316 2856 1414 2912 sed
1456 2871 1584 2910 cum
1618 2857 1693 2912 sit
1734 2858 1904 2911 etiam
1957 2856 2075 2926 ipse

483 2943 735 3014 largitor,
775 2946 966 3016 utique
991 2947 1345 3003 manifestum
1371 2955 1456 3004 est
1484 2949 1641 3003 illum
1666 2957 1844 3004 totum
1868 2948 2076 3005 habere

483 3036 924 3095 substantialiter
963 3041 1020 3095 in
1068 3040 1273 3111 seipso.
1322 3039 1498 3110 igitur
1526 3041 1623 3112 qui
1657 3048 1873 3096 tantam
1909 3040 2076 3096 habet

2175 1846 2426 1918 δύναμιν,
2466 1848 2807 1918 προφητικὸν
2833 1844 2986 1917 αὐτῷ
3024 1844 3272 1916 περιθεὶς
3311 1843 3374 1897 τὸ
3406 1843 3628 1916 μέτρον,
3668 1841 3782 1896 ὦσ-

2176 1957 2282 2011 περ
2317 1935 2409 1995 οὖν
2440 1940 2537 1994 καὶ
2570 1939 2969 2011 διελαλήσαμεν
3012 1937 3235 2008 ἀρτίως.
3279 1935 3565 2006 ’Δναφέρει
3593 1934 3780 1987 τοίνυν

2176 2033 2338 2087 αὐτὸν
2367 2033 2468 2105 τῆς
2509 2033 2649 2104 πρὸς
2693 2032 2936 2095 ἐκείνους
2979 2030 3229 2101 ἰσότητος
3269 2028 3361 2082 διὰ
3405 2028 3634 2092 τούτων,
3678 2028 3780 2080 καὶ
3819 2017 3838 2033 ’

2173 2127 2242 2180 δι’
2268 2125 2385 2189 ἐνὸς
2410 2124 2475 2195 δὴ
2503 2124 2693 2178 τούτου
2727 2122 2957 2194 σημείου
2986 2122 3171 2176 δίδωσι
3213 2122 3376 2184 νοεῖν,
3401 2118 3478 2185 ὡς
3512 2117 3684 2186 πολλὴ
3709 2116 3774 2186 δή

2173 2216 2259 2279 τίς
2289 2216 2429 2281 ἐστι,
2462 2215 2665 2285 μᾶλλον
2697 2214 2752 2268 δὲ
2791 2214 2893 2285 ήδη
2942 2214 3037 2268 καὶ
3076 2211 3409 2283 ἀσύγκριτος
3446 2212 3481 2279 ἡ
3511 2208 3772 2278 διαφορά.

2187 2304 2494 2376 Ἀμήχανον
2527 2303 2655 2374 γὰρ,
2684 2303 2840 2374 φησι,
2886 2304 3016 2365 τοὺς
3051 2298 3471 2373 μεμετρημένον
3507 2297 3775 2367 λαχόντας

2173 2395 2235 2449 τὸ
2266 2394 2512 2464 Πνεῦμα,
2560 2396 2655 2450 καὶ
2686 2394 2860 2467 ἑτέρῳ
2905 2392 3169 2448 δύνασθαι
3218 2389 3381 2446 τοῦτο
3425 2386 3768 2459 χαρίζεσθαι·

2173 2487 2235 2540 οὐ
2274 2487 2382 2559 γὰρ
2423 2488 2578 2556 ἅγιος
2625 2487 2767 2558 ἁγίῳ
2814 2486 2946 2540 ποτε
2995 2484 3316 2554 Πνεύματος
3372 2483 3530 2551 ἁγίου
3579 2479 3775 2549 γέγονε

2173 2579 2429 2651 χορηγός·
2477 2581 2705 2650 χορηγεῖ
2742 2578 2802 2632 δὲ
2842 2578 3010 2633 πᾶσιν
3030 2578 3059 2630 ό
3093 2576 3244 2641 Υἱὸς,
3277 2576 3355 2639 ὼς
3378 2574 3440 2641 ἐξ
3476 2572 3607 2626 ίδίου
3637 2571 3776 2642 πλη-

2178 2671 2449 2743 ρώματος.
2477 2670 2686 2725 Οὐκοῦν
2721 2670 2825 2724 οὐκ
2871 2670 2938 2723 ὲκ
2979 2669 3182 2740 μέτρου
3228 2667 3470 2729 δίδωσιν,
3503 2665 3629 2719 οὐδὲ
3662 2665 3774 2719 ὥσ-

2175 2779 2282 2835 περ
2305 2764 2523 2828 ἐκεῖνοι,
2553 2762 2756 2834 μικράν
2785 2779 2908 2816 τινα
2934 2763 3129 2833 μοῖραν
3158 2759 3272 2830 ἔχει
3299 2758 3395 2813 τοῦ
3429 2760 3771 2828 Πνεύματος,

2174 2860 2270 2912 καὶ
2315 2854 2475 2910 τοῦτο
2526 2852 2922 2927 μεταληπτῶς·
2974 2853 3091 2907 ἀλλ’
3140 2851 3444 2923 ἐπειδήπερ
3486 2849 3772 2920 ἀνεδείχθη

2175 2948 2270 3002 καὶ
2301 2946 2558 3018 χορηγὸς,
2587 2945 2746 3015 δῆλος
2792 2943 2860 3000 ἂν
2903 2942 2992 3012 εἴη
3040 2943 3312 3014 δήπουθεν
3351 2941 3474 2995 ὅλον
3512 2942 3654 3011 ἔχων
3677 2944 3773 2994 οὑ-

2178 3038 2385 3102 σιωδῶς
2432 3040 2490 3091 ὲν
2534 3035 2734 3106 ἑαυτῷ.
2790 3034 3003 3090 Οὐκοῦν
3049 3037 3079 3089 ὁ
3122 3033 3392 3105 τοσαύτην
3438 3032 3577 3105 ἔχων
3636 3033 3775 3103 πρὸς

484 3143 595 3196 [me
620 3130 732 3185 illis
760 3131 1166 3196 excellentiam,
1197 3147 1306 3186 non
1336 3139 1602 3203 tanquam
1644 3147 1790 3190 unus
1847 3149 1917 3190 ex
1963 3134 2072 3189 illis

2178 3131 2418 3194 ἐκείνους
2445 3129 2544 3200 τὴν
2578 3126 2872 3199 ὑπεροχὴν,
2901 3127 3003 3197 οὐχ
3029 3125 3106 3189 ὡς
3138 3121 3221 3189 εἷς
3264 3126 3324 3192 ἐξ
3362 3126 3585 3180 ἐκείνων
3611 3125 3776 3194 λαλή-

483 3222 742 3291 loquetur
790 3238 915 3293 quae
964 3221 1060 3278 Dei
1113 3234 1262 3290 sunt,
1301 3225 1398 3280 sed
1428 3234 1488 3279 ut
1521 3223 1665 3281 Deus
1699 3225 1975 3282 exsistens
2003 3241 2072 3283 ex

485 3312 619 3377 Deo,
662 3315 1057 3371 convenientes
1112 3315 1226 3372 Deo
1281 3332 1568 3375 sermones
1608 3318 1873 3389 proferet.
1922 3319 2073 3374 Nihil

484 3413 667 3459 autem
721 3414 925 3462 nostris
966 3407 1236 3464 doctrinae
1280 3409 1481 3465 olllciet
1521 3411 1670 3479 quod
1729 3425 1828 3481 per
1873 3424 2072 3465 manus

485 3497 857 3565 apostolorum
878 3498 1067 3556 datum
1088 3513 1213 3555 esse
1243 3500 1528 3557 nonnullis
1552 3499 1817 3573 Spiritum
1845 3501 2071 3574 quidam

483 3586 832 3641 existimant:
859 3586 1099 3658 Spiritus
1121 3590 1268 3644 enim
1295 3590 1645 3647 invocatores
1677 3592 1863 3661 potius
1900 3606 2066 3663 quam

487 3678 728 3749 Spiritus
774 3674 955 3735 sancti
1010 3682 1173 3753 17o
1215 3682 1509 3752 largitores
1556 3684 1708 3753 ipsos
1742 3684 2066 3741 credimus:

484 3785 613 3825 nam
637 3778 692 3827 et
731 3772 924 3828 beatus
952 3773 1069 3843 ipse
1100 3773 1315 3845 Moyses
1356 3789 1703 3845 nequaquam
1726 3775 1797 3831 de
1826 3791 1930 3831 suo
1957 3776 2068 3844 spi-

483 3864 592 3917 ritu
625 3862 845 3919 auferre
872 3865 1065 3935 jussus
1101 3874 1207 3929 est,
1243 3866 1338 3920 sed
1374 3882 1489 3922 suae
1533 3869 1787 3939 potestati
1831 3868 2070 3924 servavit

484 3954 632 4010 istud
681 3954 844 4022 Deus,
907 3957 1001 4027 qui
1059 3957 1308 4028 pracipit
1356 3959 1577 4028 quidem
1633 3960 1815 4031 ipsum
1867 3960 2072 4017 addere

484 4050 832 4119 septuaginta
865 4048 1036 4117 viros,
1070 4050 1398 4120 promittens
1423 4068 1483 4108 se
1505 4052 1819 4108 ablaturum
1848 4052 1919 4109 de
1943 4052 2069 4127 ejus

484 4142 701 4212 spiritu.
736 4149 792 4197 et
818 4143 1206 4214 impositurum
1233 4145 1315 4201 eis
1341 4144 1408 4199 ⁸³.
1434 4144 1603 4200 Norat
1637 4148 1783 4202 enim
1824 4146 1920 4201 uni
1954 4144 2068 4201 Deo

483 4241 796 4303 competere
856 4248 1053 4290 eorum
1115 4235 1494 4295 faciendorum
1560 4245 1887 4308 potestatem
1945 4251 2077 4309 quae

487 4325 657 4381 lieum
687 4327 903 4383 decent.

1141 4440 1292 4499 CAP,
1333 4442 1421 4498 IV.

485 4552 639 4622 Quod
666 4571 770 4626 non
804 4572 895 4623 per
924 4558 1387 4626 participationem
1421 4559 1526 4612 sint
1562 4559 1613 4610 in
1651 4555 1786 4609 Filio
1821 4571 1938 4624 qua:
1974 4554 2068 4617 Dei

554 4640 617 4677 ac
657 4624 836 4698 Patris
872 4624 991 4680 sunt
1023 4624 1274 4698 propria,
1307 4629 1397 4684 sed
1428 4627 1878 4691 substantialiter,
1914 4634 1965 4680 et
1987 4642 2068 4681 se—

553 4696 781 4749 cundum
814 4708 1083 4752 naturam.
1122 4696 1129 4698 ⁷
1367 4713 1374 4720 ·
1788 4714 1791 4715 ⁷

2182 3241 2267 3277 σει
2301 3222 2375 3276 τὰ
2412 3221 2565 3293 παρὰ
2594 3219 2753 3283 Θεοῦ,
2792 3218 2907 3273 ἀλλ’
2948 3219 3025 3282 ὡς
3061 3218 3194 3282 Θεὸς
3222 3219 3481 3290 ὑπάρχων
3512 3219 3577 3270 ὲκ
3609 3217 3771 3281 Θεοῦ,

2179 3316 2307 3379 τοὺς
2336 3314 2456 3386 Θεῷ
2502 3316 2809 3386 πρέποντας
2855 3310 3208 3382 ἀνερεύξεται
3253 3311 3463 3380 λόγους.
3506 3311 3775 3365 Ἀντικείο

2180 3426 2334 3464 σεται
2382 3409 2439 3462 δὲ
2484 3410 2596 3472 τοῖς
2648 3407 2963 3479 εἰρημένοις
3009 3407 3285 3478 οὐδαμῶς,
3328 3408 3389 3461 τὸ
3436 3407 3526 3461 διὰ
3573 3408 3777 3479 χειρῶν

2179 3498 2557 3556 ἀποστολικῶν
2577 3499 2818 3553 δεδόσθαι
2843 3498 2906 3553 τὸ
2930 3498 3157 3570 Πνεῦμα
3186 3515 3331 3552 τισιν
3353 3498 3567 3553 οῐεσθαί
3595 3517 3771 3563 τινας·

2179 3592 2727 3663 πνευματωιλήτορας
2754 3591 2884 3662 γὰρ,
2921 3591 3068 3661 ἢπερ
3098 3589 3270 3655 ὅντως
3312 3591 3408 3645 τοῦ
3451 3590 3774 3661 Πνεύματος

2178 3684 2450 3754 χορηγοὺς
2468 3683 2565 3737 τοῦ
2594 3684 2751 3753 ἁγίου
2781 3679 2923 3737 εἶναι
2950 3682 3346 3753 πιστεύσομεν·
3374 3683 3496 3738 ἐπεὶ
3523 3684 3619 3738 καὶ
3647 3685 3776 3738 Μω-

2179 3781 2280 3850 σῆς
2311 3781 2340 3833 ό
2374 3778 2667 3850 μακάριος,
2705 3777 2806 3829 οὐκ
2853 3775 3018 3841 αὐτὸς
3065 3775 3285 3845 ἀφελεῖν
3321 3776 3431 3831 ἀπὸ
3472 3775 3568 3830 τοῦ
3617 3775 3773 3839 ὄντος

2178 3871 2265 3925 ἐπ’
2293 3870 2446 3942 αὺτῷ
2474 3869 2785 3939 πνεύματος
2816 3869 3233 3940 προσετάττετο,
3261 3869 3398 3940 μόνῃ
3438 3868 3503 3939 δὲ
3543 3871 3611 3939 τῇ
3663 3868 3775 3938 ἰδίᾳ

2177 3965 2479 4036 τετήρηκεν
2503 3963 2724 4033 ἐξουσίᾳ
2753 3963 2848 4015 καὶ
2878 3960 3038 4015 τοῦτο
3061 3960 3214 4024 Θεὸς,
3246 3958 3442 4032 χρῆναι
3481 3959 3582 4030 μὲν
3606 3959 3772 4012 αὐτὸν

2178 4054 2581 4127 προσδαλέσθαι
2627 4056 2754 4118 τοὺς
2796 4054 3171 4127 ἑδδομήκοντα
3202 4053 3408 4122 λέγων,
3454 4052 3676 4121 ἀφελεῖν
3712 4051 3774 4105 δὲ

2177 4146 2285 4201 ἀπὸ
2307 4144 2403 4199 τοῦ
2440 4144 2753 4215 πνεύματός
2780 4143 2879 4197 τοῦ
2906 4144 2994 4197 ἐπ’
3023 4143 3193 4215 αὐτῷ,
3230 4143 3324 4197 καὶ
3364 4143 3647 4213 ἐπιθήσειν
3680 4141 3770 4194 ἐπ’

2177 4237 2362 4300 αὐτοῖς
2394 4233 2843 4305 ὑπισχνούμενος.
2875 4235 3032 4307 mea
3057 4233 3168 4305 γὰρ
3202 4233 3348 4304 μόνῳ
3382 4232 3615 4303 πρέπειν
3644 4232 3771 4285 ἐπι-

2175 4329 2349 4382 τελεῖν
2377 4327 2457 4399 τῷ
2488 4326 2611 4398 Θεῷ
2641 4326 2711 4380 τὰ
2748 4325 3051 4397 θεοπρεπῆ.

2191 4421 2199 4428 ’
2795 4439 3047 4495 unum.
3082 4441 3154 4494 A'.

2180 4554 2298 4611 Ὅτι
2332 4557 2403 4610 οὺ
2435 4553 2833 4624 μεταληπτῶς
2864 4554 2934 4608 ἐν
2958 4554 3067 4619 ΥΙῷ
3094 4553 3166 4624 τὰ
3204 4553 3305 4606 τοῦ
3339 4552 3487 4606 Θεοῦ
3522 4552 3619 4605 καὶ
3648 4555 3771 4607 Πα-

2346 4575 2403 4610 av
2516 4574 2833 4624 τανιηπτως
2864 4574 2934 4608 εν
2961 4574 3067 4619 ιιῳ
3094 4574 3166 4608 tu
3204 4574 3305 4606 του
3339 4574 3487 4606 υεου
3522 4574 3594 4605 κα

2346 4574 2656 4694 τριξέιεῑδια,
2693 4626 2832 4679 ἀλλ’
2859 4622 3168 4691 οὐσιωδῶς
3199 4624 3353 4677 κατὰ
3384 4623 3594 4692 φύσιν.

2258 4718 2551 4797 ὉῌΠατὴρ
2581 4713 2786 4797 (tmarii
2811 4714 2921 4770 τὸν
2955 4716 3113 4781 Υἱὸν,
3150 4715 3249 4771 καὶ
3282 4713 3479 4770 πάντα
3507 4714 3773 4769 δέδωκεν

550 4786 641 4852 lll,
683 4790 773 4845 55.
802 4788 965 4846 Pater
1000 4792 1175 4864 diligit
1221 4792 1456 4856 Filium,
1497 4802 1547 4844 et
1598 4790 1783 4844 omnia
1825 4790 1973 4844 dedit
2013 4790 2069 4842 iu

2178 4790 2241 4844 ἐν
2264 4789 2339 4858 τῇ
2370 4790 2521 4858 χειρὶ
2546 4786 2757 4842 αὐτοῦ.

453 4895 645 4968 ἠιαηα
663 4879 800 4950 ejus.

2243 4879 2464 4950 Ἐπειδὴ
2494 4879 2604 4950 γὰρ
2629 4878 2873 4949 εἴρηκεν,
2915 4879 2989 4942 ὼς
3040 4881 3106 4933 ὲκ
3152 4876 3290 4933 Θεοῦ
3323 4877 3607 4948 πεφηνότα
3635 4877 3772 4929 Θεὸν

552 4970 690 5024 Cum
728 4971 874 5026 enim
912 4973 1114 5030 dixerit
1168 4974 1336 5028 Deum
1400 4971 1598 5026 Filium
1659 4972 1752 5043 qui
1802 4988 1867 5026 ex
1912 4971 2072 5026 Patre

2178 4974 2259 5027 τὸν
2290 4971 2417 5025 Υίὸν
2448 4971 2522 5041 μὴ
2566 4968 2776 5040 ἑτέροις
2800 4968 3061 5024 δύνασθαι
3086 4969 3325 5039 χρῆσθαι
3358 4968 3561 5036 λόγοις,
3593 4967 3627 5037 ἦ
3662 4962 3772 5019 οἷσι

481 5061 689 5117 eii‘ulsit
716 5079 824 5119 non
858 5080 1022 5136 posse
1056 5065 1181 5120 aliis
1206 5066 1284 5118 uti
1320 5064 1503 5120 verbis
1535 5079 1699 5135 quam
1728 5064 1933 5135 quibus
1962 5061 2069 5116 Pa-

483 5165 566 5209 ter
608 5163 820 5219 utatur,
875 5160 1024 5213 veris
1078 5156 1383 5211 nimirum:
1434 5175 1452 5207 ‹
1510 5156 1684 5222 Quem
1716 5156 1864 5211 enim
1921 5154 2069 5209 misit

482 5244 650 5311 Deus,
672 5247 837 5302 verba
870 5247 966 5303 Dei
990 5247 1239 5316 loquitur
1257 5246 1324 5312 ",
1366 5265 1383 5296 ι
1417 5247 1626 5316 inquit;
1665 5246 1982 5302 necessario
2009 5244 2063 5299 id

484 5337 663 5393 fusius
697 5341 948 5410 exponit,
980 5349 1036 5393 et
1070 5340 1184 5392 ait:
1257 5359 1277 5391 α
1324 5339 1485 5395 Pater
1523 5340 1704 5411 diligit
1756 5338 1980 5395 Filium.
2046 5356 2065 5389 ι

484 5425 603 5482 Non
639 5427 1003 5511 olfendemus,
1026 5428 1226 5497 inquit,
1250 5427 1418 5484 Deum
1450 5438 1504 5485 et
1535 5429 1775 5494 Patrem,
1814 5429 1859 5484 si
1884 5444 2072 5499 mqua-

484 5518 589 5572 lem
619 5517 738 5588 ejus
765 5518 905 5572 Filio
932 5519 1196 5574 honorem
1225 5520 1589 5575 exhibeamus
1621 5538 1634 5574 :
1676 5536 1784 5574 non
1823 5519 2068 5574 oli'emle-

486 5623 630 5676 mus,
655 5611 700 5665 si
740 5610 959 5675 Filium,
993 5610 1088 5682 qui
1119 5612 1386 5668 bonorum
1419 5611 1599 5669 Patris
1630 5613 2066 5669 substantialiter

559 5787 604 5819 “
633 5783 788 5840 Joan.
825 5801 860 5853 ι,
900 5784 978 5840 i6.
1062 5790 1105 5820 ⁵³
1137 5788 1297 5843 Nunt.
1336 5807 1407 5855 xi,
1456 5792 1532 5844 l7.
1614 5792 1655 5823 δ”
1694 5789 1851 5849 Joun.
1895 5807 1973 5853 In,
2007 5789 2094 5846 54.

2169 5082 2276 5134 περ
2306 5063 2373 5117 ἂν
2403 5063 2670 5133 χρήσαιτο
2715 5063 2809 5115 καὶ
2846 5064 2875 5114 ό
2911 5061 3179 5130 γεννήσας
3208 5060 3390 5122 αὐτὸν,
3425 5057 3653 5128 ἀληθέσι
3680 5058 3773 5128 δη-

2177 5154 2308 5225 λαδὴ
2344 5153 2403 5223 (ε
2443 5154 2541 5205 ’ον
2571 5149 2682 5222 γὰρ
2696 5151 3022 5205 ἀπέστειλεν
3060 5154 3089 5203 ὁ
3134 5151 3288 5214 Θεὸς,
3328 5149 3399 5204 τὰ
3427 5153 3648 5221 ῥήματα
3674 5147 3770 5202 τοῦ

2174 5244 2312 5300 Θεοῦ
2337 5243 2507 5307 λαλεῖ,
2540 5261 2558 5295 ι
2593 5242 2816 5313 φησίν)ο
2843 5242 3155 5311 ἀναγκαίως
3195 5242 3287 5296 διὰ
3330 5242 3439 5295 τῶν
3474 5242 3771 5312 προκειμέ-

2177 5355 2282 5393 νων
2329 5335 2777 5408 ὲπεξεργάζεται,
2829 5333 2922 5387 καί
2966 5350 3150 5405 φησιν’
3189 5353 3208 5386 ι
3249 5335 3308 5387 Ὀ
3342 5332 3535 5404 Πατὴρ
3574 5333 3772 5402 ἀγαπᾷ

2176 5434 2267 5486 τὸν
2294 5431 2445 5485 Υίόν.
2472 5450 2491 5483 ι
2524 5432 2640 5484 Οὐκ
2678 5429 2997 5500 ἁνιάσομεν,
3030 5428 3190 5499 φησὶ,
3229 5427 3322 5482 τὸν
3361 5428 3495 5482 Θεὸν
3526 5426 3621 5480 καὶ
3658 5426 3768 5478 Πα-

2177 5525 2331 5598 τέρα,
2362 5525 2460 5594 τὴν
2492 5526 2615 5595 ῐσην
2651 5523 2730 5593 τῷ
2756 5519 2818 5587 ἐξ
2844 5520 3009 5576 αὐτοῦ
3048 5520 3365 5591 γεννηθέντι
3398 5517 3767 5588 περιτιθέντες

2175 5620 2359 5690 τιμήν·
2385 5617 2444 5670 οὐ
2477 5614 2927 5687 προσκρούσομεν
2958 5616 3025 5684 τῇ
3051 5612 3347 5685 θεοπρεπεῖ
3376 5608 3773 5681 στεφανοῦντες
