4106 6500
314 381 427 437 981

1411 386 1483 443 IN
1525 385 1812 446 JOANNIS
1834 390 2295 451 EVANGELIUM
2330 395 2459 453 LIB.
2504 398 2570 455 ll.

3410 460 3437 482 μ,
3542 402 3651 461 282

309 496 454 569 δόξῃ
488 495 585 550 τὸν
628 498 741 552 τῶν
776 497 873 553 τοῦ
921 497 1138 570 Πατρδς
1176 498 1403 568 ἀγαθῶν
1451 502 1733 570 ούσιωδῶς
1758 506 1950 579 κληρο-

2056 521 2143 568 est
2161 512 2550 579 haeres,divina
2568 514 2744 586 glorta
2760 526 3130 572 coronamus:
3152 536 3171 569 ι
3200 515 3387 589 Diligit
3399 517 3545 573 enim
3559 514 3652 571 Fi-

313 592 517 660 νόμον·
554 610 574 643 ι
626 592 846 664 Ἀγαπᾷ
874 593 985 663 γὰρ
1022 590 1115 646 τὸν
1150 592 1298 649 Υἰόν.
1332 614 1351 645 ι
1386 595 1599 651 Οὐκοῦν
1640 599 1949 672 ἑφησθήσε-

312 701 415 737 ται
444 684 550 755 μὲν
573 682 924 757 δοξαζομένῳ
962 686 1072 759 πρὸ
1113 685 1228 759 [γρ.
1260 688 1423 763 πρὸς]
1462 689 1642 763 ἡμῶν,
1676 691 1950 766 βαρυνθει-

316 792 487 828 σεται
515 775 575 830 δὲ
609 775 751 846 πρὸς
772 774 836 829 τὸ
869 777 1150 830 ἐναντίονο
1192 777 1288 832 καὶ
1316 782 1480 852 μήτις
1509 780 1727 862 οἰέσθω,
1759 783 1946 855 φησὶν,

313 869 400 934 ('0;
430 869 557 935 ἑνὸς
584 870 652 943 δὴ
676 869 874 925 τούτου
921 872 1021 926 καὶ
1060 872 1225 943 μόνου
1264 874 1605 947 θεοπρεποῦς
1633 876 1950 950 ἀξιώματος

317 962 674 1034 κληρονόμον
715 962 832 1035 ἔχει
874 963 970 1018 τὸν
1019 964 1150 1021 εδιον
1186 967 1333 1022 Υίόν.
1363 988 1383 1021 ι
1418 969 1607 1025 Πάντα
1651 969 1763 1044 γὰρ
1789 970 1951 1028 δέδω-

318 1074 429 1111 κεν
470 1059 531 1112 ἐν
571 1059 642 1129 τῇ
691 1059 841 1130 χειρὶ
880 1058 1075 1114 αὐτοῦ’
1116 1080 1136 1113 ι
1170 1061 1318 1117 τοῦτ’
1355 1062 1472 1119 ἔστι
1517 1065 1781 1138 σύμπαν,
1824 1068 1951 1123 ὅσον

317 1150 486 1205 ἐστὶν
545 1150 829 1217 οὐσιωδῶς
881 1152 1089 1222 ἀγαθὸν
1142 1155 1205 1210 ἐν
1254 1157 1434 1229 Πατρί
1454 1197 1470 1224 ,
1512 1157 1673 1215 τοῦτο
1728 1159 1951 1227 πάντως

318 1244 486 1297 ἐστὶν
526 1243 588 1298 ἐν
639 1243 872 1315 δυνάμει
930 1246 1027 1301 τοῦ
1065 1246 1231 1303 .Υἰοῦ.
1280 1250 1459 1322 Χεῖρα
1498 1252 1610 1325 γὰρ
1641 1254 1702 1307 ὲν
1738 1254 1953 1318 τούτοις

319 1335 605 1406 ὀνομάζει
637 1337 741 1409 τὴν
772 1338 1032 1412 δύναμιν,
1061 1339 1250 1415 ῶσπερ
1276 1342 1409 1398 ὅταν
1435 1343 1503 1398 δι’
1535 1345 1657 1410 ἑνός
1681 1363 1788 1401 που
1814 1364 1952 1420 προ·

321 1430 513 1498 φήτου
543 1429 710 1502 λέγῃ·
741 1452 760 1484 ι
799 1434 865 1487 Ἠ
894 1433 1018 1507 χείρ
1053 1452 1158 1507 μου
1181 1437 1487 1510 ὲστερέωσε
1518 1440 1612 1494 τὸν
1638 1439 1888 1512 οὐρανὸν,
1924 1459 1944 1492 ι

319 1523 455 1575 ἀντὶ
480 1520 579 1575 τοῦ
610 1525 646 1594 η
677 1523 934 1596 δύναμις.
970 1529 1131 1600 Ἔχει
1154 1529 1212 1584 δὲ
1235 1518 1463 1602 σύμπαν
1483 1532 1542 1588 ὲν
1570 1532 1753 1605 ἑαυτῷ
1768 1533 1829 1587 τὸ
1852 1533 1951 1588 τοῦ

320 1611 553 1684 Πατρδς
604 1612 760 1679 ἴδιον,
783 1616 846 1669 ού
885 1618 1274 1690 μεταληπτῶς,
1313 1622 1363 1675 εἰ
1405 1621 1504 1677 καὶ
1535 1621 1827 1677 δεδωκέναι
1856 1622 1947 1678 λέ-

320 1720 492 1772 γεται
532 1706 563 1759 ὁ
609 1707 805 1779 Πατὴρ
856 1708 913 1782 (ἢ
958 1711 1070 1784 γὰρ
1121 1712 1190 1767 ἂν
1231 1714 1531 1786 ὲπίκτητον
1574 1715 1710 1789 ἔχοι,
1746 1719 1843 1772 καὶ
1884 1716 1948 1772 οὐ

322 1797 575 1871 φυσικὴν
597 1801 702 1872 τὴν
734 1800 992 1875 θεότητα)
1016 1819 1030 1833 ·
1070 1803 1258 1860 δίδωσι
1286 1807 1345 1862 δὲ
1381 1807 1560 1874 οὕτως
1592 1809 1623 1862 ό
1648 1811 1841 1883 Πατὴρ
1868 1810 1950 1883 τῷ

322 1890 448 1961 Υίῷ
480 1890 668 1946 πάντα
696 1891 768 1947 τὰ
813 1894 1033 1962 ἑαυτοῦ,
1069 1896 1383 1970 ὡσπερανεὶ
1425 1902 1522 1955 καὶ
1554 1901 1843 1975 ἄνθρωπος
1870 1902 1951 1975 τῷ

329 1984 397 2052 eg
418 1984 593 2072 αὐτοῦ
614 1986 781 2057 φῦντι
807 1989 963 2047 παιδὶ
1002 1990 1205 2046 διδόναι
1241 1994 1414 2048 νοοῖτο
1445 1995 1516 2050 τὰ
1543 1995 1647 2067 τῆς
1664 1995 1952 2067 ἀνθρωπό-

332 2093 496 2147 τητος
542 2078 655 2133 ἴδια
710 2079 745 2151 ἢ
793 2080 1112 2154 ὡσπερανεὶ
1158 2085 1255 2140 καὶ
1302 2087 1365 2141 τὸ
1410 2087 1527 2161 πῦρ
1561 2090 1629 2162 τῇ
1667 2089 1729 2156 ἐξ
1780 2088 1951 2145 αὑτοῦ

330 2171 457 2223 κατ’
480 2170 771 2242 ἐνέργειαν
816 2173 1089 2249 προῖούσῃ
1139 2174 1438 2251 θερμότητι
1488 2180 1691 2236 διδόναι
1736 2182 1951 2252 λέγοιτο

322 2261 429 2331 τῆς
460 2262 601 2327 ἰδίας
641 2263 871 2333 φύσεως
908 2267 971 2322 τὺ
1014 2267 1234 2342 ἰδίωμα.
1271 2272 1361 2326 Ἐν
1408 2273 1468 2328 δὲ
1502 2276 1618 2340 τοῖς
1662 2275 1948 2344 τοιούτοις,

320 2355 420 2409 καὶ
449 2355 513 2410 τὸ
548 2362 860 2431 παρασχεῖν
903 2363 1020 2425 τοῖς
1063 2363 1400 2436 παρέχουσιν
1428 2366 1665 2439 ἀζήμιον
1690 2385 1703 2398 ·
1728 2368 1793 2424 οὐ
1838 2369 1950 2442 γὰρ

320 2446 473 2502 κατὰ
512 2451 790 2522 μερισμὸν
839 2453 873 2523 ἢ
918 2453 1210 2526 ἀποκοπὴν
1256 2456 1368 2512 τῶν
1417 2459 1757 2533 παρέχεσθαι
1800 2478 1952 2517 νοου-

321 2541 513 2612 μένων
540 2543 576 2613 ἡ
610 2544 730 2610 ὁδός
750 2559 766 2575 ⁸
823 2547 918 2600 καὶ
968 2548 1104 2603 αὐτὸ
1149 2549 1209 2604 δὲ
1262 2551 1327 2606 τὸ
1368 2551 1519 2621 δόξαι
1564 2554 1787 2622 λαϐεῖν,
1833 2556 1952 2622 τοῖς

319 2634 597 2691 λαϐοῦσιν
632 2639 1080 2713 ἀκατηγόρητον.
1108 2641 1212 2697 Διὰ
1249 2643 1361 2718 γὰρ
1392 2644 1557 2717 μόνον
1580 2647 1644 2702 τὸ
1673 2647 1747 2714 ἐξ
1777 2643 1852 2705 οὗ
1879 2649 1951 2704 τὰ

317 2728 561 2784 τοιαῦτα
604 2729 848 2800 λέγεται,
888 2733 999 2787 καὶ
1039 2736 1246 2809 φυσική
1289 2754 1397 2806 τις,
1449 2738 1516 2792 ἵν’
1568 2739 1745 2805 οὕτως
1783 2740 1947 2807 εῐπω,

320 2821 557 2894 ποιότης
601 2821 715 2879 τῶν
754 2825 1074 2895 γεννώντων
1117 2831 1321 2883 νοεῖται
1371 2830 1442 2886 τὰ
1492 2831 1840 2905 γεννώμενα,
1887 2834 1953 2889 τὸ

320 2914 376 2968 τί
404 2916 531 2970 ἐστι
557 2919 688 2971 κατ’
714 2918 909 2975 οὐσίαν
941 2920 1006 2975 τὸ
1030 2920 1238 2992 γεννῶν
1266 2924 1618 2994 ὲκφαίνοντα,
1648 2929 1745 2982 καὶ
1776 2945 1951 2984 κατα-

323 3006 730 3079 λαμπρύνσντα
751 3011 855 3083 τῆς
884 3011 1094 3078 οἰκείας
1120 3014 1308 3086 πηγῆς
1345 3014 1449 3087 τὴν
1491 3016 1636 3073 κατὰ
1675 3019 1842 3089 φύσιν
1868 3023 1951 3075 Ev-

330 3101 579 3173 έργειαν.
608 3102 724 3159 Καὶ
752 3104 927 3161 ταῦτα
952 3106 1055 3178 μὲν
1092 3107 1280 3173 πάλιν,
1312 3108 1391 3174 ὡς
1431 3110 1526 3164 ὲπί
1572 3113 1951 3185 παραδειγμά-

332 3210 456 3259 των,
485 3196 756 3268 ἀνωτέρω
782 3196 841 3251 δὲ
871 3197 1081 3255 τούτων
1111 3198 1353 3272 δηλονότι
1384 3201 1540 3268 Θεός.
1561 3204 1664 3260 Διά
1684 3223 1767 3261 τοι
1789 3206 1951 3262 τοῦτο

326 3287 390 3341 τὸ
431 3286 808 3360 ἀνθρώπινον,
849 3290 1184 3348 ἀσθενοῦντα
1223 3293 1384 3364 λόγον
1415 3297 1518 3351 οὐκ
1557 3298 1942 3371 αἰτιασόμεθα.

330 3397 351 3431 ι
392 3380 539 3444 Δόξα
582 3379 699 3454 γὰρ
740 3382 949 3454 Κυρίου
976 3385 1236 3457 »κρύπτει
1290 3387 1471 3459 λόγον,
1507 3408 1527 3442 ι
1567 3391 1713 3447 καθὰ
1747 3393 1948 3467 γέγρα-

326 3489 489 3527 πται.
517 3473 632 3527 Καὶ
659 3476 711 3528 εἰ
753 3474 1030 3548 βλέπομεν
1050 3477 1119 3532 δι’
1145 3479 1418 3553 ἐσόπτρου
1467 3483 1564 3537 καὶ
1594 3484 1944 3556 αἰνίγματος,

326 3566 425 3618 καὶ
456 3565 692 3638 νοοῦμεν
721 3568 788 3621 ὲκ
820 3569 1042 3642 μέρους,
1077 3570 1196 3637 πῶς
1222 3573 1290 3628 ἂν
1334 3574 1456 3647 οὐχὶ
1505 3557 1690 3649 πολλῷ
1724 3576 1790 3650 δὴ
1825 3595 1948 3649 μει-

327 3659 509 3724 ζόνως
541 3662 659 3724 τοῖς
682 3660 1045 3734 διὰγλώττης
1078 3664 1453 3737 ἀτονήσαιμεν
1486 3668 1765 3740 ρήμασινς
1800 3670 1948 3743 Non;

326 3768 448 3814 σεις
473 3751 770 3824 τονγαροῦν
803 3752 1070 3822 εὐσεϐῶς,
1121 3756 1155 3829 ἢ
1206 3760 1349 3813 κατὰ
1384 3757 1578 3814 τοῦτον
1623 3763 1716 3817 τὸν
1742 3762 1949 3835 τρόπον

324 3846 392 3899 τὸ
424 3845 611 3903 πάντα
638 3847 890 3903 δεδόσθαι
939 3852 1097 3922 παρὰ
1138 3852 1356 3926 Πατρδς
1404 3854 1484 3927 τῷ
1525 3855 1729 3929 Υἰῷοῆ
1778 3874 1950 3929 παραο

325 3937 484 4011 λήψῃ
517 3939 684 3995 πάλιν
710 3940 812 4013 τῆς
848 3943 991 4013 μετὰ
1036 3944 1238 4016 σαρκὸς
1283 3947 1602 4021 οἰκονομίας
1630 3950 1722 4005 τὸν
1767 3949 1948 4021 λόγον,

324 4031 522 4086 οὐκέτι
579 4033 644 4088 τὸ
691 4033 922 4101 δοῦναι,
966 4039 1064 4091 καὶ
1115 4038 1337 4108 λαϐεῖν,
1389 4041 1484 4097 ἐπὶ
1533 4041 1646 4097 τῶν
1699 4043 1951 4114 φυσικῶν

2055 605 2215 661 lium.
2230 625 2248 658 ι
2277 606 2451 675 Igitur
2466 606 2837 664 oblectabitur
2851 624 2979 665 cum
2999 624 3030 665 a
3048 609 3210 666 nobis
3236 609 3331 665 ille
3344 608 3575 680 gloriam
3595 619 3654 665 et

2053 699 2272 757 laudem
2298 700 2571 771 accipiet;
2601 713 2768 757 secus
2797 716 2952 769 vero,
2977 700 3310 757 oll‘endetur.
3335 700 3404 758 Et
3430 718 3500 758 ne
3523 702 3653 773 quis

2054 793 2380 859 arbitretur,
2410 794 2611 865 inquit,
2658 791 2860 848 Filium
2892 792 3045 848 Patri
3086 809 3215 852 esse
3264 793 3426 864 quasi
3482 793 3654 850 unius
3720 828 3733 831 -

2053 887 2228 961 huius
2255 902 2321 944 ac
2351 887 2532 945 solius
2566 887 2770 944 divinat
2798 886 3092 958 dignitatis
3123 886 3417 944 liaeredem.
3459 906 3479 939 ι
3514 885 3654 943 0m-

2052 983 2145 1038 nia
2169 982 2317 1040 enim
2346 980 2500 1038 dedit
2542 980 2598 1035 in
2631 995 2798 1035 manu
2832 979 2980 1051 ejus,
3032 997 3052 1032 ι
3092 980 3197 1034 hoc
3226 987 3333 1047 est,
3372 977 3655 1050 quidquid

2053 1074 2192 1133 boni
2223 1082 2309 1132 est
2341 1075 2397 1131 in
2424 1072 2594 1129 Patre
2622 1072 3094 1136 substantialiter,
3123 1072 3230 1127 hoc
3260 1072 3453 1142 utique
3479 1078 3566 1128 est
3597 1071 3655 1125 in

2054 1176 2331 1241 potestate
2361 1164 2510 1223 Filii.
2530 1165 2753 1222 Manum
2772 1166 2979 1221 etenim
3003 1165 3095 1220 hic
3118 1171 3448 1235 potestatem
3469 1171 3655 1231 vocat,

2055 1271 2116 1318 ut
2141 1276 2268 1319 cum
2296 1277 2397 1334 per
2428 1275 2602 1317 unum
2645 1258 2970 1332 prophetam
3001 1256 3081 1312 ait
3118 1256 3365 1312 alicubi:
3403 1275 3424 1308 ι
3460 1254 3657 1311 Manus

2053 1368 2177 1411 mea
2207 1353 2452 1409 ﬁrmavit
2477 1352 2682 1410 celum
2705 1351 2776 1417 ⁵⁸,
2814 1370 2832 1404 ι
2863 1351 2919 1407 id
2955 1358 3060 1416 est,
3094 1349 3273 1405 virtus
3301 1362 3447 1404 mea.
3484 1346 3660 1403 Habet

2055 1454 2242 1503 autem
2277 1444 2456 1503 Filius
2489 1447 2569 1503 in,
2599 1445 2784 1517 seipse
2834 1443 3106 1516 quidquid
3152 1450 3242 1498 est
3299 1440 3484 1497 Patris
3524 1453 3657 1511 pro-

2052 1541 2258 1610 prium,
2314 1554 2426 1594 non
2477 1552 2574 1609 per
2616 1535 3125 1608 participationem,
3187 1534 3410 1589 tametsi
3478 1531 3647 1587 Pater

2053 1630 2277 1688 dedisse
2320 1643 2543 1702 quoque
2584 1628 2792 1684 dicitur
2842 1624 3094 1698 (alioqui
3151 1624 3300 1681 enim
3355 1622 3657 1679 ascititiam

2053 1724 2305 1789 haberet,
2334 1736 2449 1778 non
2467 1727 2664 1777 autem
2701 1719 3012 1775 naturalem
3058 1716 3406 1787 deitatem);
3446 1716 3541 1772 sed
3581 1715 3657 1770 ita

2054 1813 2243 1868 omnia
2283 1825 2385 1867 sua
2424 1810 2520 1866 dat
2558 1808 2700 1865 Filio
2747 1808 2936 1875 Pater,
2986 1805 3454 1879 quemadmodum
3486 1803 3655 1858 etiam

2054 1907 2223 1963 homo
2251 1905 2443 1977 genito
2465 1919 2535 1961 ex
2565 1918 2625 1961 se
2658 1903 2774 1958 lilio
2808 1902 3054 1958 tribuere
3082 1907 3344 1957 censetur
3382 1897 3656 1970 quidquid

2054 1999 2344 2072 proprium
2369 2003 2457 2053 est
2484 2002 2701 2051 natura;
2735 1995 3023 2059 humanae,
3052 1997 3151 2046 aut
3203 1990 3354 2047 sicut
3393 1988 3539 2061 ignis
3563 2002 3658 2043 co-

2053 2091 2158 2147 lori
2189 2105 2257 2147 ex
2284 2103 2346 2145 se
2382 2096 2512 2145 actu
2542 2085 2870 2159 procedenti
2904 2098 2969 2141 ea
2993 2097 3120 2156 quae
3148 2088 3363 2138 natura;
3385 2095 3499 2137 suae
3527 2094 3658 2151 pro—

2052 2185 2175 2256 pria
2203 2190 2337 2241 sunt
2368 2182 2616 2238 tribuere
2635 2180 2864 2239 dicitur.
2888 2179 2951 2235 In
2980 2177 3074 2236 his
3096 2185 3304 2244 autem,
3339 2175 3478 2230 dare
3501 2173 3658 2229 danti

2053 2278 2191 2336 nihil
2220 2279 2415 2335 obest:
2453 2291 2561 2332 nec
2598 2275 2748 2332 enim
2795 2273 3132 2330 divisionem
3192 2278 3289 2326 aut
3340 2269 3647 2326 sectionem

2053 2373 2147 2430 hic
2181 2374 2473 2446 patiuntur
2500 2386 2566 2429 ea
2602 2386 2729 2443 quae
2764 2369 3083 2435 traduntur,
3122 2374 3178 2422 et
3216 2364 3367 2437 quod
3405 2363 3659 2432 accipere

2052 2468 2298 2533 videtur,
2332 2465 2742 2538 accipientibus
2775 2460 3035 2520 dedecori
3088 2458 3230 2515 verti
3269 2455 3483 2527 nequit.
3530 2453 3658 2509 Haec

2052 2561 2201 2619 enim
2234 2559 2377 2615 nihil
2404 2558 2555 2614 aliud
2589 2571 2758 2629 quam
2789 2571 2856 2612 ex
2886 2554 3044 2625 171
3082 2566 3194 2623 quo
3240 2548 3576 2621 signiﬁcant,
3604 2555 3658 2602 et

2051 2650 2352 2715 naturalis,
2387 2655 2451 2705 ut
2482 2648 2561 2704 ita
2593 2647 2799 2712 dicam,
2833 2644 3221 2718 generantium
3254 2640 3497 2712 qualitas
3522 2652 3658 2693 cen-

2052 2753 2249 2804 sentur
2277 2756 2408 2799 esse
2441 2754 2508 2796 ea
2536 2753 2661 2811 quae
2684 2737 3016 2810 gignuntur,
3047 2747 3174 2790 cum
3209 2731 3495 2803 explicent
3522 2725 3658 2800 quid

2054 2839 2360 2897 secundum
2384 2836 2761 2896 substantiam
2786 2834 2859 2890 sit
2880 2832 2938 2890 id
2963 2831 3113 2905 quod
3164 2829 3437 2903 gignitur,
3478 2835 3536 2883 et
3567 2823 3657 2881 sui

2054 2932 2225 2989 fontis
2249 2931 2563 2989 naturalem
2588 2927 2972 3001 operationem
3001 2924 3302 2980 illustrent.
3329 2920 3511 2990 Atque
3538 2918 3657 2973 haec

2053 3026 2219 3082 ducta
2252 3023 2476 3097 quidem
2526 3023 2597 3079 ab
2644 3019 2916 3092 exemplis
2967 3014 3377 3076 similitudine:
3434 3010 3531 3069 sed
3565 3009 3657 3067 his

2052 3117 2238 3191 major
2261 3125 2351 3175 est
2395 3115 2547 3173 Deus
2578 3114 2815 3173 scilicet.
2847 3111 2962 3168 Nec
3019 3108 3228 3166 idcirco
3278 3104 3512 3163 rationis
3550 3103 3658 3158 bu-

1976 3232 2023 3296 ο
2055 3225 2235 3268 mana:
2283 3207 2605 3267 accusanda
2662 3216 2750 3265 est
2782 3203 3139 3262 imbecillitas
3170 3220 3185 3258 :
3224 3220 3244 3255 ι
3282 3198 3473 3256 Gloria
3508 3196 3654 3253 enim

2055 3303 2277 3362 Domini
2311 3303 2455 3360 celat
2490 3301 2746 3368 verbum,
2807 3318 2827 3352 ι
2873 3306 2935 3355 ut
2991 3295 3260 3368 scriptum
3292 3299 3379 3350 est
3393 3292 3466 3347 “.
3497 3287 3658 3357 Quod

2055 3399 2107 3456 si
2142 3412 2243 3470 per
2286 3394 2575 3468 speculum
2609 3391 2866 3450 videmus
2898 3397 2954 3446 et
2979 3388 3235 3459 azuigma,
3273 3391 3331 3441 et
3365 3376 3658 3452 cognosci-

2055 3468 2181 3547 mus
2212 3504 2280 3546 ex
2305 3495 2485 3560 parte,
2513 3478 2797 3558 quomodo
2825 3497 2935 3538 non
2966 3479 3142 3536 multo
3163 3475 3341 3548 magis
3372 3486 3474 3530 nos
3493 3468 3661 3526 verba

2056 3580 2360 3641 deﬁcient?
2391 3581 2501 3636 Aut
2530 3579 2701 3653 igitur
2741 3576 2829 3647 pie
2850 3572 3127 3646 intelliges
3156 3572 3262 3627 hac
3285 3569 3505 3625 ratione
3530 3564 3660 3620 data

2054 3691 2182 3733 esse
2215 3691 2247 3730 a
2278 3672 2446 3729 Patre
2473 3677 2678 3728 cuncta
2718 3666 2863 3723 Filio
2909 3686 2922 3722 :
2966 3671 3064 3720 aut
3094 3662 3162 3717 ad
3216 3656 3659 3716 incarnationem

2057 3766 2209 3827 istud
2237 3765 2469 3833 referes,
2499 3765 2577 3820 ita
2610 3768 2671 3818 ut
2701 3774 2813 3816 non
2863 3755 2979 3828 jam
3014 3753 3168 3819 dare,
3214 3761 3269 3805 et
3301 3746 3557 3817 accipere,
3592 3741 3664 3796 de

2059 3858 2415 3919 naturalibus
2480 3854 2922 3930 proprietatibus
2987 3847 3374 3917 intelligatur,
3428 3837 3524 3895 sed
3588 3833 3663 3930 de

2058 3970 2279 4013 summa
2314 3954 2408 4010 illa
2446 3927 2773 4021 Filii'supra
2804 3953 3096 4002 creaturas
3120 3952 3315 3996 omnes
3334 3927 3661 3997 eminentia,

2061 4054 2122 4100 ut
2154 4059 2376 4100 rursum
2408 4039 2623 4112 aliquid
2650 4032 2968 4095 istiusmodi
2994 4039 3180 4089 mente
3211 4027 3423 4098 capias.

328 4128 653 4200 ἰδιωμάτων
677 4128 1024 4200 εἰσφέροντα,
1049 4132 1167 4188 ἀλλ’
1188 4134 1282 4190 ἐπὶ
1310 4137 1377 4208 τῇ
1409 4135 1553 4192 κατὰ
1588 4111 1811 4195 πάντων
1835 4138 1946 4194 τῶν
1981 4137 2231 4212 γενητῶν
2258 4134 2480 4208 ἐξουσίᾳ
2506 4111 2730 4189 τιθέντα
2752 4129 2845 4184 τὸν
2868 4126 3021 4193 Υἰδν,
3056 4123 3146 4178 ἵνα
3188 4118 3353 4176 πάλιν
3416 4114 3546 4186 vom
3603 4111 3670 4167 τδ

326 4220 601 4276 τοιοῦτον.

416 4315 476 4368 Ὀ
506 4314 715 4386 Πατὴρ
751 4316 957 4386 ἀγαπᾷ
993 4319 1101 4375 τόν
1135 4320 1295 4388 Υίὸν,
1328 4322 1429 4377 καί
1460 4323 1658 4379 πάντα
1686 4324 1951 4380 δέδωκεν

326 4408 408 4462 ἐν
440 4405 522 4476 τῇ
547 4408 698 4476 χειρὶ
729 4410 941 4467 αὑτοῦ.

408 4502 504 4571 Μὴ
534 4501 1018 4567 ἀπαυθαδιζέσθω,
1043 4504 1232 4575 φησὶν,
1264 4506 1294 4557 ό
1336 4506 1619 4581 δυσήκοος,
1662 4506 1954 4581 ἄνθρωπον
2026 4572 2037 4581 ⁸

330 4593 489 4666 ὁρῶν
521 4592 615 4647 τὸν
642 4593 903 4649 ἁπάντων
944 4595 1168 4667 κύριον,
1200 4595 1339 4668 μηδὲ
1363 4597 1635 4669 νομιζέτω
1658 4598 1953 4670 ψεύδεσθαι

330 4688 441 4760 τὴν
469 4686 759 4757 ἀλήθειαν,
802 4687 866 4741 τὸ
911 4691 1113 4761 χρῆναι
1147 4690 1426 4746 πιστεύειν
1468 4692 1546 4757 ὡς
1578 4692 1699 4766 Θεῷ
1731 4693 1820 4747 διὰ
1854 4694 1955 4767 τὴν

333 4778 529 4849 σάρκα
546 4777 1005 4851 παραιτούμενος.
1033 4781 1286 4852 Δεχέσθω
1308 4785 1409 4856 τὴν
1440 4786 1749 4857 μαρτυρίαν
1765 4785 1956 4852 αὐτοῦ,

334 4871 849 4943 κατασφραγιζέτω
900 4872 959 4927 δὲ
1013 4873 1334 4947 προθύμως,
1365 4877 1449 4931 ὅτι
1495 4880 1525 4931 ὁ
1577 4877 1711 4942 Θεὸς
1748 4877 1961 4951 ἀληθής

331 4966 517 5029 ἐστιν,
554 4962 645 5017 ἴνα
688 4964 764 5035 μὴ
820 4964 967 5038 λυπῇ
1010 4965 1105 5019 τὸν
1148 4967 1207 5019 ὲν
1252 4968 1366 5031 τοῖς
1413 4968 1665 5040 οὐρανοῖς
1714 4969 1957 5042 Πατέρα.

347 5057 580 5128 Ἀγαπᾷ
621 5056 736 5129 γὰρ
775 5056 869 5112 τὸν
918 5057 1050 5113 ἴδιον
1092 5059 1254 5114 Υἰόν⁶
1308 5060 1586 5126 ἀπόδειξις
1631 5062 1688 5116 δὲ
1741 5063 1840 5135 τῆς
1882 5066 1963 5129 εἰς

336 5150 515 5206 αὐτὸν
553 5148 799 5223 ἀγάπης,
841 5152 904 5206 τὸ
949 5152 1169 5209 πάντων
1210 5154 1361 5227 αὐτῷ
1406 5155 1642 5210 δίδοσθαι
1673 5156 1775 5229 τὴν
1817 5158 1966 5225 ἐξου-

340 5245 496 5298 σίαν.
533 5245 600 5296 ‘0
631 5244 697 5314 δὴ
724 5246 846 5299 .καὶ
894 5246 1060 5310 αύτὺς
1103 5246 1344 5318 ἔφασκεν
1386 5251 1416 5303 ό
1453 5249 1680 5322 Σωτήρ·
1718 5238 1743 5301 ι
1778 5251 1966 5305 Πάντα

344 5354 445 5409 μοι
503 5335 781 5410 παρεδόθη
824 5337 933 5392 ὑπὸ
983 5338 1078 5392 τοῦ
1130 5339 1346 5412 Πατρός
1393 5359 1515 5413 μου.
1558 5361 1578 5394 ι
1610 5343 1719 5397 Καὶ
1768 5343 1961 5399 πάλιν·

347 5450 369 5482 ι
426 5429 619 5501 Ἐδόθη
671 5447 761 5502 μοι
797 5432 950 5485 πᾶσα
995 5430 1235 5499 ἐξουσία,
1270 5433 1329 5490 ἐν
1374 5452 1438 5488 τε
1479 5436 1718 5508 οὐρανῷ,
1750 5437 1845 5491 καὶ
1875 5437 1971 5492 ἐπὶ

340 5523 455 5593 τῆς
487 5522 615 5594 γῆς,
662 5542 680 5576 t
708 5524 819 5578 Καὶ
848 5525 908 5578 οὐ
935 5523 1110 5596 δήπου
1142 5526 1233 5581 διὰ
1259 5528 1321 5581 τὸ
1353 5527 1504 5596 δόξαι
1539 5527 1727 5583 λαϐεῖν
1762 5530 1792 5583 ὁ
1817 5530 1966 5597 Υἱὸς,

348 5616 600 5686 εὐλόγως
634 5614 703 5671 ἄν
745 5617 821 5681 ὡς
871 5617 1114 5673 ἐλάττων
1140 5612 1260 5673 ”ύπό
1307 5637 1402 5674 του
1451 5623 1843 5693 κατηγοροῖτοο
1878 5622 1974 5676 καὶ

348 5710 543 5775 ﬁta-ti;
596 5710 880 5782 Λαμϐἁνει
934 5711 1065 5783 γὰρ,
1120 5712 1208 5766 ὅτε
1263 5713 1489 5784 γέγονεν
1543 5714 1850 5786 ἄνθρωπος,
1883 5714 1972 5768 ὅτε

2136 4319 2306 4376 Pater
2356 4312 2538 4386 diligit
2584 4308 2813 4377 Filium,
2860 4313 2914 4362 et
2959 4301 3142 4360 omnia
3187 4296 3334 4355 dedit
3381 4296 3439 4352 in
3496 4306 3665 4349 manu

2058 4431 2198 4471 eius.

2080 4432 2198 4469 eus.

2080 4432 2215 4563 ⁸’Νιι
2271 4514 2570 4561 contumax
2617 4498 2692 4556 sit
2748 4492 3099 4556 incredulus,
3154 4486 3362 4558 inquit,
3418 4480 3665 4539 universi

2062 4602 2350 4659 dominum
2381 4594 2667 4652 hominem
2705 4589 2938 4656 videns,
2970 4598 3151 4655 neque
3193 4580 3298 4639 sibi
3335 4573 3669 4650 persuadeat
3774 4592 3777 4595 π

2065 4694 2295 4753 mentiri
2319 4691 2635 4754 veritatem,
2658 4685 2857 4742 nolens
2882 4682 2934 4737 ei
2969 4688 3031 4734 ut
3056 4678 3167 4733 Deo
3191 4672 3418 4731 credere
3442 4673 3670 4740 propter

2066 4802 2319 4846 carnem.
2380 4782 2637 4854 Accipiat
2687 4779 2813 4850 ejus
2877 4770 3299 4833 testimonium,
3352 4770 3408 4820 et
3455 4759 3668 4818 lubenti

2069 4880 2256 4936 animo
2301 4876 2561 4949 obsignat
2598 4872 2770 4928 Deum
2828 4880 2957 4923 esse
3012 4874 3289 4923 veracem,
3337 4870 3408 4912 ne
3447 4855 3668 4907 Patrem

2069 4972 2313 5031 oﬂ‘endat
2368 4946 2464 5041 qui
2520 4968 2577 5023 in
2631 4962 2792 5027 caelis
2860 4967 2969 5017 est.
3026 4954 3216 5027 Diligit
3274 4952 3420 5008 enim
3467 4946 3669 5041 Filium

2071 5083 2254 5125 suum.
2316 5038 2491 5135 cujus
2540 5055 2860 5115 dilectionis
2917 5056 3304 5125 argumentum
3366 5055 3473 5110 est,
3525 5038 3674 5114 quod

2071 5171 2258 5213 rerum
2287 5155 2537 5211 omnium
2573 5158 2824 5222 potestas
2858 5145 2908 5203 ei
2941 5146 3068 5201 data
3097 5149 3223 5210 est;
3256 5137 3404 5213 quod
3450 5135 3672 5209 quidem

2078 5246 2337 5305 Salvator
2373 5246 2489 5319 ipse
2514 5244 2776 5301 dicebat:
2820 5260 2839 5294 ι
2885 5238 3085 5297 Omnia
3118 5235 3255 5293 mihi
3304 5230 3511 5289 tradita
3546 5234 3675 5285 sunt

2075 5357 2107 5397 a
2137 5340 2301 5396 Patre
2335 5337 2543 5395 meo".
2587 5355 2605 5389 ι
2665 5333 2800 5392 ltem
2836 5353 2849 5391 :

2075 5441 2330 5507 potestas
2357 5474 2373 5500 ,
2403 5433 2462 5488 in
2493 5430 2635 5488 coelo
2676 5436 2732 5484 et
2764 5429 2819 5483 in
2856 5436 3004 5484 terra
3029 5425 3099 5478 ⁸⁸.
3156 5441 3174 5474 ι
3214 5421 3405 5490 Neque
3440 5429 3574 5471 vero
3607 5428 3674 5468 ex

2075 5544 2143 5587 eo
2177 5527 2328 5602 quod
2377 5528 2631 5599 accipere
2668 5523 2846 5580 Filius
2891 5520 3134 5585 videtur,
3181 5513 3308 5586 jure
3356 5509 3580 5602 idcirco-
3618 5513 3676 5560 ut

2077 5597 2352 5677 minorem
2410 5597 2563 5673 illum
2598 5630 2821 5687 arguas.
2841 5609 2989 5679 Quid
3045 5606 3159 5664 ita?
3209 5601 3444 5671 Accepit
3497 5597 3669 5662 enim,

2083 5728 2210 5770 cum
2265 5712 2448 5768 factus
2480 5717 2568 5767 est
2610 5708 2799 5774 homo,
2844 5719 2971 5761 cum
3010 5699 3249 5771 seipsum
3292 5700 3518 5768 propter
3577 5702 3680 5746 nos

432 5907 478 5939 ⁸⁸
512 5907 661 5964 Psal.
704 5921 877 5973 xxxii,
910 5908 961 5963 ‘2.
1042 5908 1087 5940 ⁵⁵
1119 5907 1282 5965 Prov.
1324 5922 1452 5974 xxv,
1482 5907 1537 5962 2.
1620 5907 1663 5939 ⁵⁷
1701 5905 1900 5962 Matth.
1936 5921 1954 5960 ι

2056 5902 2136 5959 27.
2217 5902 2264 5936 ⁵⁸
2302 5871 2495 5956 Matth.
2532 5909 2729 5961 xxviii,
2762 5890 2849 5946 18.

2929 5353 2949 5387 ι
2993 5332 3130 5387 Data
3188 5336 3279 5386 est
3320 5325 3459 5382 mihi
3490 5321 3675 5378 omnis
3785 5319 3797 5330 '
