2053 3247
250 191 303 220 285

746 188 775 216 S.
794 187 935 217 CYRILLI
951 186 1188 215 ALEXANDRINI
1208 187 1367 215 ARCHIEP.

1828 187 1881 218 284

251 247 411 280 exiuanivit,
423 253 486 275 cum
499 253 597 275 servus
609 249 722 274 vocatus
733 246 817 279 est",
828 245 876 281 qui
888 245 1037 273 Dominus:

1090 246 1289 273 τεταπείνωκεν
1305 245 1399 273 ἑαυτὸν
1415 244 1448 272 δι’
1462 245 1546 280 ἡμᾶς,
1561 245 1605 271 ὅτε
1619 244 1710 277 δοῦλος
1732 246 1881 282 ἐχρημάτι-

251 301 314 320 cum
341 294 413 321 inter
445 293 564 321 ramulos
584 294 723 327 ascriptus
748 296 810 324 est,
826 292 874 327 qui
902 291 971 319 liber
997 295 1040 318 est

251 338 349 366 Filius.
365 339 486 374 Alioqui,
501 338 642 374 quomodo
658 338 815 366 humiliavit
836 337 970 372 seipsum,
993 341 1040 364 aut

250 386 389 419 quomodo
404 393 436 413 ex
453 386 613 421 aequalitate
629 392 693 413 cum
715 384 772 412 Deo
787 388 814 411 et
830 383 913 412 Patre
926 384 1040 412 descen-

251 431 324 459 disse
362 431 483 459 dicitur?
508 432 607 459 Annon
633 431 708 458 enim
733 431 810 458 vides
838 430 866 457 in
895 430 938 458 his
966 430 1039 458 hunc

250 477 361 511 quidem
376 477 430 504 dici
446 477 557 505 tradere
571 477 651 504 modo
675 476 731 504 Deo
754 476 938 509 couvenienti,
963 475 1039 508 illum

251 527 341 549 autem
360 522 481 550 hominis
498 531 529 550 ac
547 523 620 550 servi
637 523 744 550 ratione
761 521 888 557 accipere
901 529 963 557 quae
987 522 1037 549 ha-

251 567 332 593 bebat
352 571 381 593 ut
398 566 469 594 Deus
480 566 560 594 ?Nou
575 571 618 595 est
632 571 724 594 autem
736 568 846 602 proprie
859 568 973 595 donatio
993 568 1039 596 illa

250 621 311 646 qua:
325 612 395 639 Filio
410 613 516 639 initium
541 613 701 640 dominandi
730 613 813 641 rebus
844 613 973 641 omnibus
990 613 1040 639 tri-

251 659 325 689 buat,
343 658 390 685 sed
420 659 543 693 repetitio
559 659 648 693 potius
677 666 709 685 ac
734 659 855 685 reversio
872 659 953 685 etiam
976 666 1038 685 cum

249 712 334 731 carne
350 704 382 730 ad
400 708 563 738 potestatem
582 711 635 738 qua
661 703 792 738 praeditus
811 707 871 730 erat
894 707 958 729 aute
978 710 1039 730 car-

251 758 322 777 nem.
338 749 397 776 Non
417 750 488 777 enim
509 758 570 776 cum
589 749 679 775 factus
694 753 735 775 est
751 748 844 779 homo,
870 752 936 774 tunc
963 755 1040 775 crea-

250 799 319 822 tura:
349 795 495 829 imperium
517 795 595 829 172
614 795 745 829 capessit.
767 795 904 826 Quantam
933 794 960 820 in
989 793 1038 821 de-

249 841 420 875 pressiouem
432 841 505 867 enim
519 840 698 867 descendisse
711 840 829 871 dicetur,
844 840 865 867 si
878 847 939 866 cum
950 839 1039 866 factus

249 889 291 913 est
304 886 394 917 homo,
411 890 477 912 tunc
491 886 574 920 cwpit
588 893 649 912 esse
664 885 814 913 Dominus?
833 886 887 911 Aut
901 884 1039 919 quomodo

249 932 276 958 in
294 931 365 958 servi
383 931 468 958 forma
489 932 640 966 apparebit,
659 932 706 966 qui
727 936 792 959 tunc
809 937 885 959 certe
912 931 1036 959 omnium

249 976 341 1004 factus
355 981 398 1004 est
412 977 568 1005 Dominus?
587 976 687 1004 Procul
703 977 739 1004 sit
755 977 810 1004 ista
833 978 969 1004 rationum
988 977 1036 1004 ab-

249 1022 389 1054 surditas;
417 1022 463 1049 sed
480 1030 544 1049 cum
572 1022 663 1050 factus
687 1026 729 1050 est
753 1022 846 1054 homo,
868 1026 935 1049 tunc
951 1022 1035 1049 etiam

249 1067 302 1094 hoc
317 1072 398 1102 pacto
412 1068 548 1095 dominari
564 1068 658 1103 coepit,
674 1068 712 1095 ita
729 1074 819 1095 tamen
832 1072 861 1096 ut
878 1068 1036 1103 dignitatem

248 1113 370 1140 divinam
385 1117 496 1148 propter
512 1121 621 1141 carnem
638 1121 692 1141 non
709 1113 846 1145 amiserit.
863 1114 912 1141 sed
926 1121 1036 1140 rursum

248 1158 283 1185 ad
299 1158 324 1185 id
340 1159 413 1194 quod
425 1164 485 1186 erat
507 1159 597 1192 initio,
613 1167 674 1187 cum
685 1167 768 1186 carne
783 1167 894 1194 quoque
914 1158 1035 1186 redierit.

248 1204 326 1237 Quod
344 1210 435 1232 autem
456 1206 580 1239 priorum
595 1205 651 1232 sint
668 1206 795 1240 repetitio
812 1213 872 1239 qua:
883 1205 917 1232 de
926 1205 1037 1233 Christo

248 1251 385 1283 feruntur,
399 1251 496 1285 probat
514 1252 573 1286 ipse
591 1251 688 1279 dicens
702 1261 708 1278 :
727 1261 736 1277 ι
752 1251 842 1284 Pater,
856 1251 977 1279 clariﬂca
993 1259 1036 1279 me

248 1297 295 1324 illa
327 1298 452 1324 claritate
486 1305 569 1331 quam
605 1298 688 1324 habui
721 1298 883 1332 priusquam
917 1297 1038 1325 mundus

248 1346 323 1368 esset
338 1342 410 1377 apud
440 1346 465 1369 te
476 1342 508 1368 °°.
529 1351 538 1367 ι
572 1341 655 1370 Vides
676 1350 731 1378 quo
748 1346 829 1378 pacto
854 1350 909 1370 non
928 1342 1036 1371 initium

248 1388 354 1422 gloriae,
369 1388 415 1415 scd
435 1389 642 1416 renovationem
655 1388 715 1423 ejus
727 1389 799 1423 quod
812 1388 891 1424 prius
906 1388 1036 1421 habebat,

248 1435 379 1468 postulet,
397 1434 479 1469 idque
500 1435 585 1466 dicat,
606 1439 634 1462 ut
652 1435 752 1462 homo?
773 1434 922 1466 Prmterea,
945 1435 1038 1462 omnia

248 1479 311 1506 data
332 1488 393 1508 esse
409 1480 607 1508 incarnationis
624 1488 709 1508 causa
718 1479 798 1513 Filio,
816 1479 941 1508 studioso
956 1480 1036 1507 undi—

247 1532 303 1559 que
320 1526 447 1560 Colligere
460 1530 486 1554 et
505 1527 660 1562 intelligere
669 1527 781 1562 quidem
797 1526 902 1558 licebit,
920 1526 1038 1554 maxime

249 1576 340 1597 mmen
349 1578 382 1598 ex
393 1571 438 1599 illa
448 1571 572 1599 horribili
584 1572 691 1599 visione
700 1571 819 1601 Danielis
830 1571 905 1605 “,in
916 1579 970 1608 qua
978 1572 1037 1600 An-

249 1615 357 1650 tiquum
365 1616 473 1643 dierum
485 1617 596 1652 quidem
605 1621 746 1653 spectasse
755 1616 793 1644 ait
805 1616 944 1645 Sedentem
955 1624 1038 1651 super

249 1662 359 1695 throno,
371 1667 398 1690 et
407 1663 480 1690 mille
488 1663 583 1697 millia,
594 1671 626 1690 ac
635 1663 703 1690 dena
712 1663 797 1690 millia
806 1663 908 1691 denum
918 1663 1033 1690 millium

248 1707 349 1741 partim
362 1708 388 1735 ei
404 1709 575 1742 ministrare,
595 1709 696 1744 partim
718 1713 810 1737 astare
831 1709 938 1737 asserit.
954 1709 1036 1738 Addit

249 1757 340 1779 autem
357 1762 364 1780 :
387 1762 398 1779 ι
415 1755 445 1781 Et
460 1762 523 1781 ecce
538 1762 601 1782 cum
629 1754 749 1782 nubibus
767 1755 828 1782 θαιΙί
855 1756 934 1791 quasi
951 1755 1037 1785 Filius

249 1797 369 1825 hominis
389 1799 519 1826 veniens:
536 1803 563 1827 et
591 1807 680 1835 usque
707 1800 741 1827 ad
758 1800 909 1837 Autiquum
927 1801 1037 1829 dierum

248 1843 384 1877 pervenit,
408 1849 435 1871 et
450 1844 477 1871 in
493 1837 645 1880 conspectu
660 1845 721 1880 ejus
735 1846 893 1874 obtulerunt
910 1855 985 1875 eum.
1005 1847 1037 1875 Et

248 1888 330 1917 datus
344 1893 387 1917 est
400 1890 452 1925 ipsi
469 1891 653 1926 principatus.
664 1896 693 1919 et
705 1892 802 1925 honor,
818 1896 845 1920 et
858 1900 972 1929 regnum
986 1902 992 1920 :
1010 1896 1037 1921 et

247 1942 344 1976 omnes
364 1937 469 1972 populi,
491 1938 581 1969 tribus
603 1942 630 1965 et
652 1938 750 1973 linguae
773 1938 824 1973 ipsi
843 1938 1006 1966 servient“.
1025 1947 1033 1963 I

248 1979 332 2009 Vides
348 1982 487 2017 quomodo
503 1982 547 2010 hic
565 1986 651 2011 totum
663 1984 743 2011 nobis
762 1989 893 2012 accurate
905 1984 1037 2011 incarna-

248 2027 332 2055 tionis
343 2029 505 2064 mysterium
518 2030 637 2057 delinect
647 2038 654 2063 ;
666 2030 742 2058 vides
757 2039 812 2066 quo
828 2035 910 2066 pacto
921 2037 1034 2064 regnum

247 2079 262 2097 a
277 2071 358 2099 Patre
385 2073 542 2108 suscepisse
569 2075 677 2102 dicatur
695 2075 794 2103 Filius.
810 2075 870 2102 Non
896 2079 939 2102 est
964 2074 1036 2101 nuda

249 2121 387 2153 prophetae
402 2120 502 2152 oratio,
527 2120 574 2148 sed
592 2130 601 2146 r
628 2122 708 2156 quasi
725 2121 813 2148 Filius
846 2120 967 2148 hominis
985 2128 1036 2155 ap-

248 2171 359 2198 parens.
376 2174 385 2189 ι
407 2165 507 2200 inquit.
528 2176 537 2191 ι
558 2166 719 2194 liumiliavit
742 2167 815 2194 enim
831 2166 985 2200 seipsum,»
1006 2170 1037 2193 ut

249 2210 384 2244 scriptum
409 2215 461 2243 est,
485 2220 495 2237 ι
516 2211 610 2239 habitu
641 2216 754 2247 propter
784 2219 835 2239 nos
852 2211 981 2239 inventus
1004 2215 1035 2239 ut

1093 301 1139 319 σεν
1153 293 1167 318 ό
1182 293 1330 328 Δεσπότης,
1344 293 1392 319 ὅτε.
1414 291 1524 326 γέγονεν
1543 292 1574 319 ἑν
1592 291 1712 324 οἰκέταις
1737 294 1752 319 ὁ
1774 293 1882 322 ἐλεύθε-

1093 347 1138 374 ρος
1154 338 1234 370 Υἱός·
1252 338 1312 365 ἐπεὶ
1324 338 1394 365 κατὰ
1406 338 1468 364 τίνα
1488 337 1589 374 τρόπον
1605 337 1805 365 τεταπείνωκεν
1817 340 1881 365 ἑαυ-

1091 385 1147 417 τὸν,
1162 385 1179 419 ἢ
1198 383 1256 415 πῶς
1272 383 1301 416 ἐξ
1317 383 1440 418 ίσότητος
1454 383 1505 418 τῆς
1522 383 1590 418 πρὸς
1609 383 1656 409 τὸν
1678 383 1744 410 Θεὸν
1765 384 1813 410 καὶ
1826 384 1883 410 Πα-

1090 430 1157 465 τέρα
1178 429 1395 464 καταϐεσηκέναι
1417 428 1544 462 λέγεται;
1565 428 1602 454 Ἢ
1619 428 1672 463 γάρ
1695 428 1743 463 οὐχ
1768 428 1835 464 ὁρᾷς
1853 430 1882 455 ἐν

1090 476 1206 510 τούτοις,
1214 476 1260 503 τὸν
1269 477 1318 511 μὲν
1325 476 1429 503 διδόντα
1436 475 1606 510 θεοπρεπῶς,
1615 475 1661 501 τὸν
1667 475 1694 501 δὲ
1704 475 1882 510 ἀνθρωπίνως

1090 531 1120 549 τε
1131 523 1178 550 καὶ
1187 522 1330 554 οίκετικῶς
1343 521 1493 557 λαμϐάνειν
1505 521 1660 556 λεγόμενον,
1676 520 1747 556 ειπερ
1757 519 1829 555 εἶχεν
1843 521 1883 552 ὡς

1090 568 1171 601 Θεός;
1183 568 1219 594 οὐ
1229 568 1301 599 δόσις
1310 567 1339 594 δὲ
1353 567 1455 602 κυρίως
1466 567 1540 593 ἐστὶν
1551 567 1567 600 ἡ
1578 565 1654 600 παρὰ
1668 565 1772 601 Πατρὺς
1781 567 1821 597 εἰς
1832 566 1884 600 ἀρα

1090 615 1140 650 χὴν
1149 614 1254 641 τιθεῖσα
1262 614 1311 649 τῆς
1318 615 1388 640 κατὰ
1397 614 1505 640 πάντων
1514 612 1675 647 κυριότητος
1682 612 1727 639 τὸν
1737 612 1800 638 Υίόν
1810 620 1818 627 υ
1834 613 1883 639 ὲπ-

1090 660 1230 695 αναδρομὴ
1250 660 1279 686 δὲ
1294 659 1404 695 μᾶλλον,
1417 658 1465 686 καὶ
1479 658 1658 692 ἐπανάληψις,
1672 658 1720 684 καὶ
1732 658 1801 693 μετὰ
1815 666 1884 692 σαρ-

1090 707 1137 738 κὸς
1154 708 1194 738 εἰς
1207 706 1256 741 τὴν
1269 707 1322 741 πρὸ
1335 706 1435 739 σαρκὸς
1447 705 1569 738 ἐξουσίαν
1579 714 1586 720 ·
1602 705 1632 731 οὐ
1648 704 1702 739 γὰρ
1713 705 1756 731 ὅτε
1770 704 1883 738 γέγονεν

1090 751 1242 787 ἄνθρωπος,
1258 752 1317 778 τότε
1334 752 1384 786 τῆς
1400 751 1515 782 κτίσεως
1534 750 1647 786 ἄρχεται
1660 751 1782 785 κρατεῖν.
1803 751 1884 777 Ἐπεὶ

1090 799 1157 833 πρὸς
1169 799 1249 824 ποίαν
1258 799 1316 834 ἐρεῖ
1327 806 1368 829 τις
1383 797 1466 823 αὐτὸν
1477 796 1694 831 καταϐεϐηκέναι
1705 796 1881 828 ταπείνωσιν,

1090 845 1168 879 εῐπερ
1195 845 1239 870 ὅτε
1264 844 1373 877 γέγονεν
1399 843 1551 878 ἄνθρωπος,
1581 843 1641 869 τότε
1668 842 1716 869 τοῦ
1743 842 1883 877 κυριεύειν

1090 890 1222 925 ἄρχεται;
1239 891 1274 916 Ἢ
1291 890 1350 922 πῶς
1372 890 1400 916 ἑν
1412 891 1445 925 τῇ
1465 889 1511 916 τοῦ
1526 889 1619 916 δούλου
1636 890 1760 924 φανεῖται
1777 890 1881 925 μορφῇ,

1088 935 1150 961 τότε
1175 934 1207 969 δὴ
1231 935 1277 961 καὶ
1297 935 1374 969 μόλις
1397 934 1525 961 ἁπάντων
1547 934 1768 969 ἀναδεδειγμένος
1784 934 1886 960 Δεσπό-

1086 987 1154 1015 mc;
1174 980 1281 1013 ’Ἄπαγε
1298 980 1347 1015 τῆς
1360 980 1388 1006 ὲν
1403 980 1509 1010 τούτοις
1524 979 1638 1010 ἀτοπίας
1656 979 1710 1005 τῶν
1724 978 1881 1016 λογισμῶνι

1087 1025 1143 1053 ἀλλ’
1158 1025 1272 1061 ἐπείπερ
1290 1025 1431 1060 ἅνθρωπος
1454 1024 1560 1058 γέγονε,
1576 1025 1637 1051 τότε
1662 1024 1710 1052 καὶ
1729 1024 1816 1055 οὕτως
1832 1024 1883 1059 ἄρ-

1087 1080 1164 1107 χεται
1178 1072 1300 1107 κρατεῖν,
1312 1071 1362 1097 οὐκ
1380 1069 1525 1097 ἀποϐαλὼν
1545 1070 1577 1096 τὸ
1599 1070 1750 1105 θεοπρεπὲς
1772 1069 1883 1103 ἀξίωμα

1086 1117 1131 1144 διὰ
1142 1117 1193 1152 τὴν
1203 1116 1303 1151 σάρκα,
1314 1115 1468 1143 ἀναϐαίνων
1477 1115 1506 1141 δὲ
1521 1113 1609 1146 αὖθις,
1628 1115 1674 1142 καὶ
1688 1114 1757 1149 μετὰ
1769 1114 1880 1149 σαρκὸς,

1087 1161 1129 1195 ἐφ’
1143 1161 1212 1196 ὅπερ
1226 1158 1260 1195 ἦν
1280 1161 1308 1194 ἐξ
1326 1159 1422 1195 ἀρχῆς.
1443 1160 1504 1187 Ὅτι
1518 1160 1546 1186 δὲ
1560 1159 1614 1186 τῶν
1628 1160 1816 1195 ἀρχαιοτέρων
1832 1160 1883 1185 ἐπ-

1088 1205 1221 1240 ανάληψις
1233 1203 1268 1240 ἦν
1283 1205 1317 1232 τὰ
1331 1205 1378 1232 επὶ
1393 1204 1511 1240 Χριστοῦ
1528 1204 1726 1240 θρυλλούμενα,
1744 1204 1883 1239 πληροφο-

1089 1253 1166 1287 ρήσει
1181 1251 1267 1285 λέγων
1283 1251 1365 1283 αὑτός
1378 1258 1385 1266 ·
1402 1260 1412 1277 ι
1433 1251 1524 1286 Πάτερ
1546 1250 1656 1283 δόξασόν
1677 1259 1710 1286 με
1724 1252 1758 1286 τῇ
1772 1250 1847 1286 δόξῃ,

1088 1295 1161 1332 εἶχον
1182 1297 1235 1331 πρὸ
1248 1297 1295 1323 τοῦ
1320 1297 1367 1325 τὸν
1385 1298 1486 1333 κόσμον
1511 1296 1580 1325 εἶναι
1602 1298 1678 1334 παρὰ
1695 1298 1745 1325 σοι,
1769 1307 1779 1324 ο
1802 1298 1884 1333 Ὁρᾷς

1088 1344 1172 1375 ὅπως,
1190 1344 1221 1370 οὐ
1239 1343 1318 1378 δόξης
1339 1343 1436 1379 ἀρχὴν,
1454 1344 1512 1371 ἀλλ’
1527 1345 1711 1371 ὲπανανέωσιν
1723 1341 1772 1379 τὴν
1793 1344 1835 1375 είς
1853 1343 1884 1370 τὺ

1088 1390 1200 1424 ἀρχαῖον
1220 1390 1299 1421 αἰτεῖ,
1316 1390 1363 1416 καὶ
1385 1390 1464 1417 τοῦτο
1485 1391 1572 1425 λέγων
1588 1391 1803 1426 ὡς’ἄνθρωποςς
1820 1390 1883 1417 ὀτι

1088 1434 1117 1461 δὲ
1131 1435 1212 1461 πάλιν
1231 1434 1277 1461 διὰ
1294 1435 1344 1469 τὴν
1365 1435 1414 1470 τῆς
1431 1436 1640 1472 ἀνθρωπότητος
1655 1437 1745 1463 αἰτίαν
1761 1436 1883 1463 δεδόσθαι

1089 1481 1200 1516 λέγεται
1211 1482 1246 1510 τὰ
1259 1483 1347 1510 πάντα
1363 1483 1401 1518 τῷ
1416 1483 1484 1518 Υὶῷ,
1495 1483 1664 1518 πανταχόθεν
1680 1483 1729 1518 μὶν
1742 1484 1757 1510 b
1770 1483 1884 1518 φιλομαρ

1090 1525 1138 1562 θὴς
1163 1526 1345 1561 ὲπισωρεύσει
1370 1527 1475 1562 σοφῶς,
1504 1528 1551 1554 καὶ
1582 1527 1702 1554 συνιέναι
1724 1528 1882 1562 δυνήσεται,

1091 1571 1208 1606 μάλιστα
1228 1572 1256 1598 δὲ
1277 1572 1311 1599 δι’
1326 1573 1435 1608 ἐκείνης
1448 1572 1498 1608 τῆς
1517 1572 1565 1599 τοῦ
1587 1573 1686 1608 Δανιὴλ
1700 1572 1884 1609 φρικωδεστά-

1088 1625 1138 1652 της
1161 1618 1304 1651 ὀπτασίας,
1318 1619 1348 1645 ἐν
1416 1619 1460 1646 τὸν
1484 1619 1534 1654 μὲν
1548 1619 1664 1646 Παλαιὸν
1683 1619 1738 1646 τῶν
1762 1619 1878 1654 ἡμερῶν

1087 1662 1232 1690 τεθεᾶσθαι
1247 1672 1330 1699 φησιν
1346 1664 1489 1700 ιδρυμένον
1502 1665 1548 1692 ἐπὶ
1563 1664 1612 1691 τοῦ
1631 1665 1737 1701 θρόνου,
1748 1665 1838 1700 χιλίας
1854 1665 1883 1692 δὲ

1087 1708 1221 1743 χιλιάδας,
1234 1709 1281 1735 καὶ
1296 1710 1398 1745 μυρίας
1411 1711 1554 1746 μυριάδας,
1571 1711 1621 1742 τὰς
1637 1711 1687 1746 μὲν
1705 1711 1884 1746 λειτουργεῖν,

1087 1754 1137 1786 τὰς
1151 1754 1179 1781 δὲ
1194 1757 1363 1790 παρεστᾶναι
1379 1756 1586 1792 διισχυρίζετοιι.
1607 1757 1767 1792 Προσετίθει
1782 1758 1811 1784 δὲ
1824 1757 1886 1784 τού-

1087 1809 1144 1831 τοις
1157 1800 1198 1832 τὺ,
1214 1810 1224 1828 ι
1244 1801 1299 1828 Καὶ
1321 1801 1376 1828 ίδοὺ
1396 1802 1466 1837 μετὰ
1482 1802 1536 1829 τῶν
1559 1802 1680 1838 νεφελῶν
1695 1802 1742 1829 τοῦ
1754 1803 1884 1838 οὐρανοῦ,

1087 1845 1126 1878 ὡς
1140 1846 1205 1877 Υίὸς
1221 1845 1364 1882 ἀνθρώπου
1387 1847 1533 1882 ἐρχόμενος
1556 1845 1601 1883 ἦν,
1627 1848 1673 1875 καὶ
1697 1848 1750 1880 ἕως
1768 1848 1815 1876 τοῦ
1830 1849 1887 1875 Πα-

1087 1891 1164 1920 λαιοῦ
1177 1892 1231 1919 τῶν
1242 1892 1355 1928 ἡμερῶν
1368 1892 1498 1927 ἔφθασεν,
1509 1893 1556 1919 καὶ
1577 1893 1691 1920 ἐνώπιον
1705 1894 1789 1920 αὑτοῦ
1802 1902 1886 1929 προσι

1086 1938 1199 1974 ηνέχθη,
1219 1939 1265 1965 καὶ
1280 1938 1348 1974 αὐτῇ
1370 1939 1447 1974 ἐδόθη
1469 1940 1485 1974 ὴ
1506 1939 1589 1974 ἀρχὴ.
1608 1940 1655 1966 καὶ
1675 1941 1691 1975 ὴ
1713 1940 1789 1975 τιμὴ,
1804 1940 1853 1967 καὶ
1866 1941 1885 1976 ἠ

1088 1982 1223 2017 βασιλεία.
1239 1983 1287 2010 καὶ
1300 1983 1400 2015 πάντες
1417 1984 1442 2010 οἱ
1466 1984 1537 2015 λαοὶ,
1555 1984 1647 2018 φυλαὶ,
1662 1984 1783 2018 γλῶσσαι
1806 1984 1886 2020 αὑτῷ

1087 2028 1281 2055 δουλεύσουσιν.
1305 2038 1314 2054 ι
1337 2029 1417 2064 Ὁρᾷς
1447 2029 1506 2062 πῶς
1532 2030 1560 2056 ὲν
1587 2029 1703 2062 τούτοις,
1731 2030 1791 2057 ὅλον
1817 2031 1886 2066 ἡμῖν

1087 2074 1209 2110 ἁκριὸῶς
1225 2075 1433 2110 καταγράφεται
1455 2076 1504 2110 τῆς
1530 2075 1763 2110 ὲνανθρωπὴσεως
1777 2075 1808 2102 τὸ
1832 2084 1886 2110 μυ-

1088 2121 1198 2156 στήριον
1207 2128 1213 2135 ·
1228 2121 1293 2155 ὁρᾷς
1304 2120 1378 2152 ὅπως
1391 2119 1541 2156 λαμϐάνειν
1560 2120 1669 2155 λέγεται
1679 2121 1730 2155 τὴν
1743 2120 1885 2155 βασιλείαν

1088 2165 1162 2201 παρὰ
1179 2166 1286 2201 Πατρὺς
1304 2166 1318 2191 ὁ
1332 2166 1396 2197 Υἱός
1407 2173 1415 2181 ⁸
1431 2166 1463 2192 οὐ
1479 2166 1582 2201 γυμνὸς
1595 2166 1635 2201 τῷ
1651 2167 1777 2202 προφήτῃ
1793 2166 1884 2200 λόγος,

1087 2211 1144 2238 ἀλλ’
1166 2212 1204 2243 ὡς
1221 2212 1285 2243 Υίὺς
1305 2211 1450 2247 ἀνθρώπου
1468 2212 1645 2248 φαινόμενος·
1675 2222 1685 2238 ι
1702 2213 1886 2239 Ἐταπείνωσε

249 2255 332 2282 homo
343 2256 375 2289 ⁸³,
394 2266 403 2281 ι
423 2261 452 2284 ιιι
467 2257 574 2292 primus
586 2266 696 2293 quoque
716 2258 749 2284 ad
773 2265 889 2292 regnum
907 2264 1035 2286 reversus

1089 2256 1144 2293 γὰρ
1161 2257 1266 2289 ἑαυτὸν,
1274 2266 1283 2283 ι
1298 2256 1368 2283 καθὰ
1379 2257 1545 2293 γέγραπται,
1557 2258 1693 2293 (σχήματι
1704 2257 1737 2283 δι’
1749 2258 1822 2292 ἡμᾶς
1837 2258 1886 2284 εὑ-

249 2301 359 2328 initium
375 2300 456 2331 nobis
479 2308 506 2331 et
520 2304 563 2330 via
588 2305 682 2338 gloriae
702 2303 803 2339 regalis
821 2303 979 2331 exsisteret.
1004 2303 1038 2331 Et

249 2346 479 2381 quemadmodum
501 2348 556 2375 vita
571 2356 633 2375 cum
661 2348 697 2375 sit
722 2347 873 2375 secundum
899 2353 1037 2381 naturam,

248 2393 390 2422 descendit
402 2400 515 2429 propter
529 2403 581 2422 nos
601 2395 635 2421 ad
650 2398 766 2421 mortem
780 2395 872 2422 carnis
883 2402 933 2430 pro
948 2395 1038 2423 omni-

249 2438 312 2471 bus,
344 2444 373 2466 ut
396 2447 447 2468 nos
478 2448 493 2467 a
518 2443 607 2477 morte
635 2443 663 2467 et
684 2440 863 2474 corruptione
894 2440 1037 2474 eximeret,

248 2489 361 2521 propter
376 2486 586 2513 similitudinem
602 2493 684 2520 quam
704 2486 785 2513 habet
800 2487 944 2514 nobiscum
958 2487 1038 2515 nobis

249 2530 371 2564 seipsum
386 2531 593 2567 quodammodo
613 2532 792 2566 permiscens,
806 2537 833 2560 et
848 2533 910 2561 vitae
928 2537 1039 2561 acterna:

250 2577 398 2612 participes
413 2577 556 2605 eﬂiciens:
580 2577 622 2605 sic
639 2579 766 2612 quamvis
782 2579 876 2615 gloriae
892 2580 927 2607 sit
943 2579 1038 2606 Domi-

251 2631 316 2654 nus.
334 2628 364 2650 ut
378 2623 461 2655 Deus,
485 2624 591 2651 nostris
617 2628 708 2652 tamen
726 2625 909 2654 dedecoribus
926 2625 1038 2653 confor-

249 2674 349 2701 matur,
364 2672 434 2696 utet
450 2668 484 2695 ad
501 2670 606 2703 regium
625 2670 756 2698 honorem
775 2671 896 2698 hominis
907 2674 1038 2697 naturam

250 2714 373 2744 reducat.
396 2713 506 2742 Primus
521 2716 594 2742 enim
611 2715 703 2744 factus
734 2720 776 2744 est
794 2716 822 2743 in
849 2716 991 2748 omnibus,
1008 2721 1038 2743 ut

250 2759 351 2787 Paulus
370 2759 410 2787 ait
422 2760 457 2794 “,
470 2765 497 2788 et
511 2761 565 2794 via,
583 2766 610 2789 et
625 2762 724 2797 janua,
737 2767 763 2788 et
781 2761 909 2796 primitiae
923 2764 1034 2788 nostro-

251 2812 312 2837 rum
333 2807 478 2841 bonorum,
498 2815 512 2835 a
532 2812 620 2836 morte
643 2808 676 2836 ad
694 2808 788 2839 vitam,
809 2807 887 2843 173
909 2815 924 2834 a
940 2815 1038 2835 corru-

288 2901 311 2915 ”
329 2900 427 2937 Philip.
449 2909 479 2934 tt,
496 2902 521 2929 7.

1091 2303 1179 2341 ρεθεὶς
1192 2303 1230 2335 ὡς
1239 2303 1386 2337 ἅνθρωπος
1399 2311 1405 2318 ·
1418 2312 1427 2328 ι
1448 2303 1491 2330 ἵνα
1504 2304 1552 2330 καὶ
1567 2304 1675 2338 πρῶτος
1690 2303 1730 2336 είς
1746 2303 1887 2339 βασιλείαν

1090 2348 1254 2385 ἀνενεχθεὶς,
1272 2349 1341 2382 ἁρχὴ
1362 2348 1442 2374 πάλιν
1457 2349 1521 2383 ἡμῖν
1534 2349 1582 2375 καὶ
1603 2348 1662 2381 ὁδὸς
1685 2349 1733 2384 τῆς
1754 2350 1795 2381 εἰς
1809 2349 1886 2383 βασι-

1089 2394 1164 2420 λείαν
1187 2394 1266 2428 δόξης
1289 2393 1444 2428 ἁναόειχθῇ.
1469 2395 1523 2420 Καὶ
1548 2394 1643 2429 ὥσπερ
1664 2395 1795 2430 ὑπάρχων
1814 2395 1887 2421 κατὰ

1091 2439 1171 2473 φύσιν
1187 2438 1256 2473 ζωὴ,
1268 2438 1439 2472 καταϐέϐηκε
1453 2439 1485 2464 δι’
1498 2440 1571 2473 ἡμᾶς
1583 2440 1622 2470 εἰς
1634 2439 1679 2466 τὸν
1692 2440 1761 2474 ὑπὲρ
1774 2440 1886 2466 πάντων

1091 2484 1162 2512 κατὰ
1176 2483 1266 2518 σάρκα
1286 2484 1410 2516 θάνατον,
1422 2484 1466 2512 ἵνα
1478 2484 1551 2519 ἡμᾶς
1572 2484 1619 2511 καὶ
1632 2484 1747 2512 θανάτου
1761 2485 1808 2511 καὶ
1818 2483 1886 2518 φθο-

1093 2531 1141 2567 ρᾶς
1160 2530 1300 2565 ἐξέληται,
1319 2529 1363 2555 διὰ
1385 2529 1435 2564 τῆς
1464 2530 1531 2564 πρὸς
1555 2530 1628 2565 ἡμᾶς
1650 2529 1807 2564 ὁμοιώσεως
1828 2527 1886 2556 οἷον

1090 2575 1224 2610 ἀναμίξας
1249 2575 1361 2607 ἑαυτὸν,
1384 2576 1431 2601 καὶ
1460 2574 1534 2610 ζωῆς
1553 2575 1601 2609 τῆς
1623 2575 1733 2602 αἰωνίου
1753 2574 1886 2609 μετόχους

1091 2622 1335 2657 ἀπεργασάμενος·
1358 2621 1429 2647 οὕτω
1451 2622 1498 2648 καὶ
1522 2622 1582 2653 ταῖς
1601 2620 1749 2656 ἡμετέραις
1770 2620 1886 2654 ὀλιγοτι-

1093 2669 1168 2704 μίαις
1191 2668 1433 2703 συσχηματίζεται,
1446 2667 1548 2702 Κύριος
1570 2667 1619 2702 τῆς
1640 2666 1718 2701 ὀόῇς
1742 2666 1884 2701 ὑπάρχων,

1091 2715 1129 2747 ὡς
1141 2714 1218 2747 Θεὸς,
1232 2714 1276 2741 ίνα
1291 2714 1338 2740 καὶ
1350 2715 1390 2744 εἰς
1404 2713 1452 2748 τὴν
1466 2712 1589 2747 βασιλίδα
1599 2712 1681 2748 τιμὴν
1693 2712 1819 2748 ἀναγάγῃ
1834 2712 1886 2747 τὴν

1091 2760 1235 2795 ἀνθρώπου
1251 2760 1342 2795 φύσιν.
1366 2759 1462 2793 Γέγονε
1484 2759 1538 2794 γὰρ
1559 2759 1587 2785 ὲν
1604 2759 1686 2785 πᾶσιν
1702 2759 1782 2789 αὐτὸς
1807 2767 1884 2794 πρω-

1094 2806 1188 2839 τεύων,
1201 2806 1237 2838 ὡς
1251 2807 1264 2832 ὁ
1275 2804 1380 2836 Παῦλός
1389 2812 1480 2840 φησιν,
1495 2805 1541 2831 καὶ
1552 2804 1620 2837 ὁδὸς,
1632 2805 1678 2830 καὶ
1687 2803 1766 2839 θύρα,
1779 2803 1825 2829 καὶ
1835 2803 1885 2830 άπ-

561 2898 761 2933 ⁶⁶1υιιιιζχνιμ
779 2900 805 2928 5.
845 2900 867 2916 "
887 2899 955 2927 Dan.
971 2908 1018 2934 vn,

1089 2900 1125 2929 l0.
1166 2900 1186 2915 ⁵³
1203 2898 1286 2932 lbid.,
1304 2898 1344 2929 ιδ,
1365 2898 1406 2925 Η.
1446 2898 1466 2913 ⁸³
1484 2897 1581 2933 Philip.
1600 2905 1628 2929 ii,
1644 2897 1668 2923 7.
1704 2897 1723 2911 "
1739 2896 1881 2928 (Iol.t,18.
