4106 6482
366 388 481 451 285

1441 396 1511 452 m
1545 398 1836 456 ruamus
1869 366 2325 456 attinemur}
2374 398 2504 456 Lm.
2538 399 2603 457 ιι.

362 509 521 581 αρχὴ
549 506 661 563 τῶν
681 510 780 581 τῆς
800 510 1222 584 ἁνθρωπὸτητος
1241 513 1483 584 ἀγαθῶν,
1501 521 1568 572 ὲκ
1589 516 1823 572 θανάτου
1844 517 1973 589 πρὸς

2085 515 2275 586 ptioae
2308 513 2379 570 ad
2409 514 2906 587 incorruptionem,
2939 515 3010 571 ab
3049 513 3431 571 imbecillitate
3465 514 3534 571 ad
3564 515 3680 571 vin-

362 600 541 673 ζωὴν,
563 603 629 656 ὲκ
645 601 855 675 φθορᾶς
876 606 960 668 εἰς
983 605 1315 678 ἀφθαρσίαν,
1334 606 1395 672 ἐξ
1411 609 1697 675 ἀσθενείας
1726 613 1806 674 είς
1823 610 1978 665 δύνα-

365 714 488 767 μιν,
513 698 580 752 ἐκ
600 697 847 761 δουλείας
870 699 952 762 είς
984 698 1279 766 υἱοθεσίαν,
1302 698 1364 765 ἐξ
1386 701 1611 771 ἀτιμίας
1643 703 1737 757 καὶ
1760 702 1978 770 ἀδοξίας

361 789 453 853 είς
476 791 647 861 τιμὴν
678 790 955 857 καὶδόξαν
984 790 1085 862 τὴν
1110 791 1419 865 βασιλικήν.
1448 794 1662 850 Οὐκοῦν
1693 795 1822 850 ὅταν
1852 796 1976 866 φαίο

360 900 534 954 νηται
571 882 872 954 λαμϐάνων
912 884 989 948 ὡς
1008 885 1299 960 ἄνθρωπος
1327 890 1358 942 6
1384 888 1532 954 Υἱὸς,
1559 889 1700 961 ὅπερ
1728 886 1874 961 εἶχεν
1900 891 1975 956 ὡς

358 973 538 1039 Θεὸς,
594 976 1085 1050 σκανδαλιζώμεθα
1133 980 1233 1049 μὲν
1287 981 1576 1053 μηδαμῶς,
1611 982 1884 1053 ἐννοῶμεν
1918 982 1977 1035 δὲ

362 1069 579 1139 μᾶλλον
608 1070 709 1140 τῆς
728 1069 795 1124 δι’
822 1071 973 1140 ἡμᾶς
1020 1072 1115 1126 καὶ
1162 1072 1306 1143 ὑπὲρ
1351 1074 1510 1144 ἡμῶν
1536 1074 1853 1146 οἰκονομίας
1884 1073 1977 1129 τὸν

356 1162 594 1232 τρόπον.
628 1161 786 1217 Οὕτω
816 1164 925 1236 γὰρ
960 1147 1203 1235 ἆτρωτόν
1227 1184 1288 1221 τε
1317 1168 1413 1222 καὶ
1438 1169 1672 1240 ἀζήμιον
1715 1168 1807 1222 τὸν
1847 1168 1979 1224 ἑαυ-

353 1254 476 1308 τῶν
505 1255 916 1328 διατηρήσομεν
942 1258 1088 1331 γοῦν.

451 1348 519 1400 '0
553 1350 861 1403 πιστεύων
893 1354 983 1417 εις
1024 1352 1133 1406 τὸν
1190 1353 1347 1420 Υἱὸν,
1376 1354 1503 1424 ἔχει
1528 1352 1684 1422 (rubr
1710 1353 1973 1410 αἰώνιον.

439 1440 559 1509 Οὐχ
587 1439 798 1507 ἁπλῶς,
829 1443 954 1496 οὐδὲ
1006 1442 1300 1514 ἀζητήτως
1345 1448 1462 1509 τοίς
1508 1444 1859 1517 πιστεύουσιν
1896 1446 1977 1508 εις

354 1534 609 1602 Χριστὸν
668 1533 817 1604 ζωὴν
867 1535 1195 1605 προκεῖσθαι
1247 1536 1311 1590 τὸ
1362 1537 1531 1608 γέρας
1581 1540 1611 1592 6
1666 1536 1977 1606 σοφώτατος

351 1626 744 1696 ἐπιμαρτυρεί
811 1625 1147 1697 Βαπτιστὴς,
1202 1627 1320 1681 ἀλλ’
1380 1626 1442 1693 ἐξ
1495 1628 1667 1699 αὐτῆς
1709 1628 1864 1697 ἡμῖν,
1908 1626 1977 1679 ἵν’

351 1715 545 1780 οὕτως
569 1717 731 1782 εἴπω,
755 1718 856 1788 τῆς
883 1717 994 1770 τῶν
1011 1720 1353 1790 πραγμάτων
1376 1720 1660 1791 ποιότητος
1672 1717 1976 1789 εἰσκομίζει

353 1807 463 1878 τὴν
516 1806 828 1872 ἀπόδειξιν·
867 1792 1005 1881 ζωὴ*
1024 1810 1126 1879 μὲν
1178 1811 1288 1882 γάρ
1350 1812 1496 1865 κατά
1536 1811 1701 1879 φύσιν
1749 1812 1898 1864 ἐστὶν
1948 1813 1977 1865 6

2079 615 2278 674 tatem,
2305 621 2336 662 a
2359 608 2626 664 servitute
2657 608 2715 662 in
2743 607 3098 678 adoptionem
3146 608 3386 664 ﬁliorum
3422 607 3519 662 Dei
3537 607 3608 672 “,
3640 621 3674 663 ι

2078 700 2350 758 dedecore
2383 706 2439 755 et
2470 700 2775 772 ignominia
2803 699 2870 754 ad
2904 700 3173 757 honorem
3203 708 3259 757 et
3308 700 3540 779 gloriam
3588 714 3674 755 re-

2076 794 2281 866 galem.
2311 792 2500 863 Itaque
2526 807 2653 847 eum
2685 793 2916 847 videtur
2934 795 3191 865 accipere
3214 800 3275 848 ut
3306 793 3470 847 homo
3499 791 3674 845 Filius

2078 901 2144 942 ea
2171 901 2298 957 quae
2327 884 2569 941 habebat
2594 894 2656 940 ut
2684 883 2854 948 Deus,
2883 900 2995 940 non
3038 884 3408 951 oﬁ‘endamur,
3445 885 3543 940 sed
3581 898 3675 938 ra-

2081 980 2287 1036 tionein
2323 978 2768 1050 dispensationis
2800 993 2926 1049 quas
2952 979 3129 1034 nostri
3158 993 3327 1034 causa
3361 985 3417 1033 et
3443 992 3544 1049 pro
3574 991 3680 1030 no-

2079 1073 2167 1129 bis
2204 1072 2349 1128 facta
2377 1081 2465 1129 est
2493 1074 2682 1128 animo
2721 1072 2913 1143 potius
2945 1073 3378 1143 perpendamus.
3410 1070 3503 1125 Sic
3524 1065 3675 1122 enim

2080 1166 2545 1223 invulnerabilem
2572 1176 2630 1223 et
2660 1166 2935 1221 illibatam
2966 1174 3207 1222 mentem
3253 1172 3508 1221 nostram
3557 1178 3679 1220 ser-

2076 1259 2357 1315 vabimus.

2078 1351 2149 1407 ιιι
2173 1394 2187 1414 ,
2229 1352 2320 1408 36.
2363 1351 2471 1418 Qui
2488 1351 2657 1405 credit
2684 1352 2738 1405 in
2769 1350 2973 1405 Filium
2991 1392 3007 1418 ,
3030 1349 3186 1405 habet
3209 1350 3371 1405 vitam
3395 1352 3673 1403 (sternant.

2152 1441 2274 1497 Non
2313 1442 2654 1511 simpliciter
2689 1456 2798 1496 nec
2849 1440 3172 1497 indiscusse
3219 1438 3580 1495 credentibus
3621 1438 3677 1490 in

2077 1531 2366 1588 Christum
2406 1532 2579 1586 vitam
2613 1531 2964 1602 propositam
2999 1546 3126 1587 esse
3161 1531 3218 1585 in
3257 1530 3548 1602 praemium
3586 1543 3679 1585 sa-

2080 1624 2469 1696 pientissimus
2498 1623 2750 1695 Baptista
2781 1633 3048 1692 testatur,
3084 1622 3183 1681 sed
3211 1639 3279 1680 ex
3314 1624 3434 1693 ipsa
3455 1665 3470 1689 ,
3507 1629 3569 1675 ut
3603 1620 3678 1675 ita

2080 1714 2263 1770 dicam
2287 1754 2306 1783 ,
2363 1730 2552 1770 rerum
2591 1715 2865 1785 qualitate
2902 1715 3439 1771 demonstrationem
3481 1712 3676 1768 infert.

2086 1807 2206 1863 Vita
2235 1810 2383 1865 enim
2422 1809 2732 1865 secundum
2765 1818 3022 1865 naturam
3052 1817 3138 1865 est
3173 1807 3536 1878 Unigenitus.
3571 1822 3589 1855 ι
3619 1804 3678 1858 In

357 1902 686 1971 Μονογενής
707 1917 721 1931 ’
761 1919 780 1953 ι
820 1901 911 1955 Ἐν
939 1902 1090 1973 αὐτῷ
1118 1903 1230 1976 γάρ
1261 1904 1467 1975 ζῶμεν,
1515 1905 1610 1957 καὶ
1654 1904 1973 1975 κινούμεθα,

2081 1903 2207 1974 ipso
2243 1902 2449 1973 quippe
2481 1904 2720 1959 vivimus
2742 1942 2758 1968 ,
2799 1918 3113 1969 movemur,
3148 1909 3204 1957 et
3238 1915 3437 1957 sumus
3472 1899 3539 1952 “.
3568 1917 3586 1950 ι
3617 1897 3679 1952 ln

365 1993 467 2047 καί
491 1993 683 2061 ἐσμέν.
723 2013 743 2044 ι
779 1993 1152 2059 Εἰσοικίζεται
1203 1994 1262 2051 δὲ
1317 1996 1538 2059 πάντως
1578 1996 1710 2067 ἡμῖν
1752 1994 1844 2049 διά
1874 1996 1978 2065 τῆς

368 2084 628 2147 πίστεως,
654 2083 752 2137 καὶ
782 2088 1034 2137 κατοικεί
1059 2084 1151 2138 διὰ
1175 2084 1270 2139 τοῦ
1303 2086 1465 2154 ἁγίου
1495 2085 1638 2140 Πνεύ
1647 2102 1819 2155 ματος
1842 2103 1855 2116 ·
1886 2089 1982 2139 καὶ

363 2177 717 2247 μαρτυρήσει
760 2176 935 2245 λέγων
988 2178 1018 2232 6
1056 2178 1455 2250 εὐαγγελιστὴς
1514 2178 1769 2249 Ἰωάννης
1811 2181 1869 2232 ἐν
1908 2179 1982 2232 ol-

357 2271 545 2334 κείαις
592 2270 943 2335 Ἐπιστολαῖς
966 2287 980 2302 ’
1019 2290 1037 2323 ι
1090 2272 1180 2326 Ἐν
1202 2271 1381 2343 τούτῳ
1401 2270 1769 2343 γινώσκομεν,
1799 2273 1882 2326 ὅτι
1920 2272 1980 2325 ὲν

352 2365 494 2434 ἡμῖν
519 2365 696 2429 ἐστιν,
725 2364 808 2417 ὅτι
831 2365 896 2417 ὲκ
920 2363 1015 2417 τοῦ
1044 2363 1546 2435 Πνεύματοςαὺτοῦ
1568 2363 1770 2420 ἔδωκεν
1789 2366 1972 2437 milva

352 2457 700 2525 Ζωοποιήσει
743 2456 1037 2529 τοιγαροῦν
1089 2459 1119 2511 6
1166 2457 1406 2528 Χριστὸς
1445 2456 1576 2521 τοὺς
1620 2458 1978 2524 πιστεύοντας

351 2549 439 2612 εἰς
461 2550 654 2613 αὐτὸν,
689 2551 766 2613 ὡς
802 2550 966 2614 αὐτὸς
1020 2552 1286 2622 ὑπάρχων
1328 2551 1473 2605 κατὰ
1523 2552 1690 2622 φύσιν
1716 2552 1852 2624 ζωὴ,
1885 2553 1978 2606 καὶ

351 2642 549 2697 λοιπὸν
590 2643 869 2698 κατοικῶν
899 2646 957 2697 ὲν
990 2644 1196 2708 αὐτοῖς.
1232 2645 1359 2699 Ὅτι
1400 2645 1460 2699 δὲ
1488 2645 1578 2700 διά
1605 2647 1707 2718 τῆς
1738 2646 1977 2710 πίστεως

349 2738 380 2789 6
412 2735 547 2798 Υἱὸς
587 2735 894 2799 αὐλίζεται,
957 2735 1370 2808 πληροφορήσει
1428 2736 1604 2805 λέγων
1656 2739 1685 2790 6
1726 2736 1973 2802 Παῦλος’

356 2850 377 2882 ι
410 2828 623 2882 Τούτου
684 2829 847 2899 χάριν
912 2829 1151 2900 κάμπτω
1187 2829 1256 2882 τά
1306 2830 1513 2898 γόνατά
1559 2846 1662 2901 μου
1704 2829 1845 2902 πρὸς
1884 2829 1977 2883 τὸν

352 2922 610 2995 Πατέρα,
649 2921 712 2988 ἐξ
753 2916 818 2977 οὗ
869 2924 1019 2976 πᾶσα
1056 2923 1266 2994 πατριὰ
1298 2921 1359 2977 ἐν
1388 2940 1448 2976 τε
1476 2922 1696 2994 οὐρανῷ
1748 2924 1847 2977 καὶ
1881 2922 1978 2976 ἐπὶ

351 3016 458 3087 τῆς
487 3019 593 3089 γῆς
618 3017 981 3089 ὀνομάζεταισ
1014 3019 1099 3072 ἵνα
1149 3017 1224 3088 δῷ
1269 3018 1405 3089 ὑμῖν
1427 3016 1572 3071 κατά
1607 3017 1700 3071 τὸν
1742 3016 1977 3070 πλοῦτον

355 3111 456 3179 τῆς
485 3111 863 3181 χρηστότητος
912 3110 1102 3173 αὐτοῦ,
1155 3109 1383 3181 δυνάμει
1437 3108 1860 3182 κραταιωθῆναι
1885 3109 1977 3164 διὰ

2087 1996 2248 2051 nobis
2277 2003 2463 2051 autem
2494 1997 2879 2052 introducitur
2901 2012 3000 2067 per
3023 1995 3185 2051 ﬁdem
3208 2035 3223 2060 ,
3254 2002 3310 2051 et
3343 1994 3557 2048 habitat
3582 2005 3679 2063 per

2082 2096 2343 2144 sanetum
2376 2086 2667 2160 Spiritum.
2689 2089 2863 2161 quue
2890 2087 3139 2145 Joannes
3168 2088 3223 2144 in
3258 2089 3378 2144 suis
3412 2085 3683 2158 Epistolis

2084 2188 2326 2237 testatur
2363 2180 2558 2238 dicens
2585 2200 2599 2239 :
2626 2200 2646 2235 ι
2671 2182 2731 2237 ln
2760 2182 2868 2238 hoe
2905 2182 3302 2255 cognoscimus
3328 2181 3460 2252 quia
3495 2180 3551 2234 in
3583 2196 3684 2235 no-

2081 2273 2170 2329 bis
2203 2282 2324 2339 est,
2364 2275 2629 2345 quoniam
2666 2276 2738 2330 de
2771 2274 2977 2345 spiritu
3012 2290 3121 2330 suo
3159 2274 3313 2329 dedit
3353 2273 3516 2328 nobis
3550 2272 3615 2326 ".
3656 2290 3677 2325 ι

2082 2363 2342 2421 Viviiieat
2373 2367 2546 2439 igitur
2573 2366 2837 2423 Christus
2867 2367 3162 2424 credentes
3193 2366 3250 2421 in
3277 2381 3360 2430 se,
3394 2373 3527 2436 puta
3555 2378 3684 2418 cum

2081 2462 2155 2518 sit
2182 2460 2301 2531 ipse
2328 2461 2638 2516 secundum
2668 2472 2927 2517 naturam
2956 2462 3090 2527 vita,
3118 2475 3183 2515 ac
3213 2460 3439 2516 demum
3474 2458 3686 2512 habitet

2081 2552 2136 2607 in
2170 2553 2330 2624 ipsis.
2369 2550 2531 2619 Quod
2574 2563 2761 2609 autem
2800 2569 2902 2625 per
2941 2554 3105 2609 ﬁdem
3147 2552 3326 2608 Filius
3369 2550 3683 2615 inhabitet,

2079 2644 2291 2702 Paulus
2322 2656 2484 2702 certo
2521 2647 2688 2704 nobis
2716 2647 3168 2711 demonstrabit,
3202 2645 3396 2701 dicens
3422 2662 3435 2697 :
3458 2638 3477 2695 ι
3504 2641 3685 2713 Hujus

2079 2738 2159 2794 rei
2189 2739 2370 2810 gratia
2398 2738 2562 2795 ﬁecto
2593 2739 2775 2810 genita
2802 2754 2927 2795 mea
2959 2739 3028 2794 ad
3052 2736 3277 2793 Patrem
3300 2775 3316 2802 ,
3336 2750 3404 2792 ex
3430 2748 3688 2805 quaom-

2080 2832 2169 2887 nis
2210 2832 2527 2904 paternitas
2567 2832 2624 2886 in
2665 2832 2814 2887 caelo
2851 2812 2917 2886 et?
2945 2830 3003 2885 in
3036 2838 3185 2886 terra
3221 2827 3585 2883 nominatur:
3624 2830 3687 2880 ut

2079 2926 2175 2981 det
2220 2925 2383 2981 vobis
2424 2926 2738 2981 secundum
2779 2924 3008 2979 divitias
3048 2924 3241 2995 gloria:
3280 2935 3430 2984 suae,
3473 2919 3687 2974 virtute

2079 3019 2438 3075 corroborari
2484 3034 2581 3090 per
2624 3016 2897 3088 Spiritum
2937 3019 3060 3087 ejus
3098 3013 3384 3071 Christum
3428 3010 3687 3067 habitare

2077 3126 2177 3185 per
2211 3113 2375 3170 ﬁdem
2419 3115 2477 3168 in
2520 3112 2792 3168 cordibus
2822 3113 3024 3168 vestris
3056 3110 3123 3169 “.
3154 3128 3171 3162 ι
3201 3108 3341 3165 Cum
3394 3120 3528 3178 ergo
3585 3119 3685 3174 per

3564 400 3676 458 286
3826 450 3833 455 .

359 3202 452 3257 τοῦ
482 3204 810 3274 Hirsutum);
855 3203 1021 3274 αὐτοῦ
1065 3202 1226 3276 [ναις.
1264 3203 1438 3258 addit.
1494 3204 1575 3267 είς
1615 3203 1709 3260 τὸν
1739 3204 1850 3258 ἔσω
1882 3202 1973 3259 ἄν·

2080 3206 2245 3262 ﬁdem
2278 3207 2393 3261 vita
2438 3205 2533 3273 illa
2569 3206 2882 3261 secundum
2920 3212 3175 3259 naturam
3216 3203 3273 3256 in
3315 3215 3419 3257 nos
3451 3198 3683 3260 subeat,

357 3296 610 3369 Θρωπον]
638 3264 983 3368 ’κατοικῆσαι
1017 3264 1110 3352 τδν
1152 3264 1390 3369 έριστὺν
1440 3299 1502 3351 ὲν
1550 3264 1672 3363 ταῖς
1717 3298 1973 3369 καρδίαις

2077 3297 2361 3371 quomodo
2405 3312 2572 3354 verax
2604 3308 2717 3353 non
2748 3307 2833 3354 est
2876 3298 2970 3368 qui
3018 3295 3157 3351 dicit
3183 3315 3194 3351 :
3226 3312 3245 3347 ι
3279 3291 3386 3362 Qui
3418 3290 3596 3348 credit
3627 3290 3683 3345 in

356 3388 518 3457 ὑμῶν
538 3388 633 3441 διά
662 3388 764 3457 τῆς
782 3387 1041 3467 πίστεως.
1071 3407 1091 3443 r
1123 3389 1253 3442 Ὅτε
1276 3389 1461 3443 τοίνυν
1496 3388 1585 3443 διὰ
1610 3388 1711 3461 τῆς
1734 3389 1973 3455 πίστεως

2081 3389 2319 3458 Filium,
2365 3389 2529 3445 habet
2575 3389 2744 3445 vitam
2788 3396 3053 3444 aeternam
3100 3406 3165 3443 ιι
3196 3387 3376 3459 ipsum
3423 3383 3687 3440 videlicet

354 3478 391 3546 ἡ
426 3480 575 3534 κατὰ
606 3478 770 3550 φύσιν
798 3482 934 3551 ἡμῖν
957 3480 1366 3552 ἐπεισκρίνεται
1395 3480 1533 3554 ζωὴ,
1571 3481 1690 3547 πῶς
1709 3482 1812 3537 οὐκ
1837 3483 1973 3556 ἀλη-

2086 3483 2290 3550 Filium
2312 3523 2329 3549 ,
2366 3498 2478 3538 non
2517 3490 2705 3539 autem
2738 3482 2903 3537 aliam
2943 3481 3013 3537 ab
3044 3480 3169 3553 ipso
3203 3483 3397 3534 vitam.

354 3575 459 3646 θὴς
488 3579 520 3630 ὁ
550 3576 751 3645 λέγων,
790 3596 810 3629 ί
864 3577 923 3630 Ὁ
947 3577 1221 3630 πιστεύων
1263 3578 1459 3641 εἱςτὺν
1485 3576 1635 3644 Υἱδν,
1676 3578 1792 3650 ἔχει
1833 3579 1982 3652 ζωὴν
2021 3578 2275 3648 αἰώνιονς
2310 3597 2329 3631 t
2377 3577 2543 3633 αὐτὸν
2603 3576 2849 3650 δηλονότι
2878 3575 2972 3630 τὸν
3006 3576 3157 3641 Υἱὸν,
3204 3574 3299 3627 καὶ
3336 3571 3437 3644 οὐχ
3490 3570 3687 3640 ἑτέραν

311 3664 318 3669 ’
348 3671 482 3725 τινὰ
512 3672 646 3741 παρ’
671 3671 837 3725 αὑτὸν
860 3669 1161 3741 νοουμένην
1193 3668 1364 3741 ζωήν.

438 3769 509 3821 ιυ
547 3766 619 3820 δὲ
660 3763 925 3820 ἀπειθῶν
962 3763 1043 3829 τῷ
1077 3752 1210 3829 Ῠιῷ,
1236 3764 1349 3818 οὐκ
1396 3764 1609 3834 ὄψεται
1643 3764 1759 3833 τὴν
1788 3763 1961 3831 ζωήν.

422 3952 563 4024 'Ap‘
592 3947 710 4014 οὖν,
752 3950 872 4022 ἐρεῖ
909 3966 994 4013 τις
1031 3948 1217 4020 τυχὸν,
1255 3948 1453 4020 ἑτέραν
1489 3948 1626 4020 ἡμῖν
1668 3948 1968 4021 πρεσϐεύει

349 4046 525 4113 δόξαν
553 4047 585 4099 6
633 4043 971 4113 Βαπτιστὴς,
1020 4042 1114 4096 καὶ
1142 4042 1235 4096 τὸν
1266 4041 1368 4113 τῆς
1404 4041 1757 4107 ἀναστάσεως
1790 4060 1971 4115 παρα-

354 4137 578 4209 φθείρει
606 4138 785 4205 λόγον,
814 4135 1325 4207 ζωοποιηθήσεσθαι
1378 4136 1480 4207 μὲν
1515 4137 1608 4190 τὸν
1644 4136 1973 4190 πιστεύοντα

353 4229 561 4299 λέγων,
588 4229 683 4283 τὸν
713 4228 773 4283 δὲ
802 4229 879 4299 μὴ
931 4227 1178 4300 τοιοῦτον
1225 4230 1328 4282 οὐκ
1380 4227 1608 4300 ὄψεσθαι
1647 4229 1795 4297 ζωὴν
1833 4228 1973 4295 ὅλως

354 4320 888 4392 διαϐεϐαιούμενος;
930 4319 1379 4393 Ἐγερθησόμεθα
1411 4321 1493 4388 δὲ,
1521 4321 1667 4375 κατά
1696 4321 1757 4375 τδ
1798 4318 1970 4386 εἰκὸς,

353 4413 421 4467 οὐ
460 4412 692 4479 πάντες,
734 4410 941 4481 ταύτην
991 4412 1124 4483 ἡμῖν
1170 4411 1620 4484 είσκεκομικότος
1665 4410 1763 4465 τοῦ
1810 4411 1971 4481 λόγου

353 4504 458 4576 τὴν
487 4503 786 4575 διαφοράν⁸
830 4497 952 4556 εἶτα
991 4504 1088 4557 ποῖ
1124 4521 1256 4557 ποτε
1288 4505 1534 4577 χωρήσει
1573 4503 1634 4557 τὸ
1680 4504 1968 4569 ἁπολύτως

353 4598 455 4651 καὶ
488 4598 567 4661 ὠς
593 4598 683 4665 ἐφ’
709 4596 917 4651 ἅπασιν
944 4596 1257 4668 εἰρημένον,
1292 4614 1311 4648 ι
1335 4597 1763 4670 ’Λναστήσονται
1793 4598 1843 4653 οἱ
1875 4616 1966 4654 νε-

2147 3763 2250 3830 111,
2278 3763 2370 3820 56.
2403 3763 2512 3831 Qui
2537 3770 2713 3818 autem
2752 3761 3062 3816 incredulus
3103 3769 3183 3815 est
3229 3758 3413 3827 Filio,
3460 3776 3566 3814 non
3606 3760 3684 3815 tti-

2078 3845 2223 3910 debi't
2254 3856 2442 3910 vitam.

2150 3950 2234 4004 An
2266 3949 2462 4021 igitur,
2500 3949 2720 4020 inquiet
2752 3948 2945 4004 forsan
2979 3948 3184 4019 aliquis
3209 3989 3226 4017 ,
3262 3946 3545 4003 diversam
3585 3960 3688 4000 no-

2080 4042 2168 4098 bis
2202 4041 2454 4113 Baptista
2494 4041 2730 4114 gloriam
2772 4040 3102 4106 constituit,
3144 4046 3199 4096 et
3249 4037 3686 4095 resurrectionis

2079 4133 2353 4190 rationem
2392 4134 2749 4204 corrumpit,
2791 4132 3033 4188 dicendo
3070 4129 3417 4185 viviﬁeatum
3460 4126 3681 4200 quidem

2072 4228 2142 4282 iri
2179 4224 2509 4294 credentes,
2552 4225 2879 4281 incredulos
2907 4237 3044 4280 vero
3069 4236 3425 4294 nequaquam
3459 4221 3685 4276 visuros

2078 4322 2249 4378 vitam
2290 4319 2644 4377 asserendo?
2680 4319 3067 4376 Exeitabimur
3107 4332 3276 4383 vero,
3326 4324 3386 4371 ut
3441 4316 3681 4379 videtur,

2074 4431 2186 4472 non
2236 4428 2471 4483 clunes,
2527 4416 2674 4470 inter
2728 4429 2832 4472 nos
2874 4413 3025 4470 istud
3086 4410 3434 4468 intercedere
3484 4408 3684 4466 discri-

2076 4509 2247 4565 minis
2287 4508 2498 4564 dictum
2536 4508 2677 4564 illud
2709 4507 3006 4579 signiﬁcet.
3049 4507 3120 4561 At
3171 4520 3415 4578 quonam
3460 4504 3683 4561 demum

2078 4601 2250 4657 abibit
2280 4599 2416 4655 illud
2453 4598 2717 4657 absolute
2755 4606 2812 4655 et
2859 4606 3125 4669 tanquam
3167 4597 3238 4655 de
3287 4596 3548 4652 omnibus
3597 4593 3687 4647 di-

353 4691 486 4762 κροί
514 4707 528 4755 ;
574 4708 593 4741 ι
619 4690 687 4742 Τί
719 4689 765 4744 δ’
810 4690 878 4745 ἂν
907 4689 1003 4743 καὶ
1050 4690 1199 4763 δρῴη
1234 4689 1413 4759 λέγων
1446 4693 1475 4745 6
1512 4689 1747 4759 Παῦλος,
1780 4708 1800 4743 ι
1830 4692 1972 4757 Τοὺς

2077 4702 2229 4749 ctum
2252 4734 2267 4759 ,
2300 4712 2321 4745 ι
2352 4693 2673 4763 Resurgent
2722 4691 2927 4747 mortui
2955 4691 3047 4744 "2
3076 4709 3094 4742 ι
3124 4688 3267 4755 Quid
3335 4703 3469 4742 vero
3519 4685 3684 4741 faciat

351 4785 471 4857 γάρ
502 4784 715 4847 πάντας
763 4785 912 4853 ἡμᾶς
968 4783 1051 4836 δεῖ
1103 4783 1489 4856 φανερωθῆναι
1526 4784 1843 4856 ἔμπροσθεν
1869 4782 1963 4839 τοῦ

352 4876 613 4948 βήματος
643 4873 740 4927 τοῦ
770 4872 1033 4946 Χριστοῦ,
1059 4872 1145 4926 ἵνα
1184 4874 1482 4945 κομίσηται
1512 4875 1745 4940 ἕκαστος
1769 4876 1839 4930 τὰ
1876 4876 1989 4961 διὰ.

346 4968 452 5022 τοῦ
503 4967 760 5039 σώματος
796 4967 934 5039 πρὸς
971 4966 1008 5021 ἃ
1053 4965 1322 5038 ἔπραξεν,
1384 4968 1497 5021 εἴτε
1558 4968 1799 5038 ἀγαθὸν,
1853 4968 1965 5023 εἴτε

350 5059 611 5130 φαῦλονς
653 5077 672 5110 ι
720 5058 1099 5113 Ἐπαινεῖοθαι
1140 5060 1240 5131 μὲν
1274 5055 1370 5114 οὖν
1421 5061 1684 5133 οἰήσομαι
1725 5061 1837 5115 δεῖν
1873 5060 1966 5114 τὸν

353 5149 661 5221 φιλομαθῆ,
692 5149 893 5221 χρῆναι
925 5148 983 5203 δὲ
1038 5150 1190 5221 ὅμως
1228 5150 1635 5223 ἀκριϐεστάτην
1662 5153 1721 5204 ὲν
1741 5154 1857 5217 τοῖς
1891 5153 1968 5206 ίεο

352 5244 477 5316 ροῖς
524 5242 826 5312 Γραμμασι
879 5242 1155 5296 ποιεῖσθαι
1202 5240 1301 5315 τὴν
1358 5234 1615 5312 βάσανον.
1662 5243 1809 5314 Ὅρα
1854 5244 1966 5316 γάρ

352 5353 452 5406 μοι
488 5336 677 5403 σαφῶς
705 5335 805 5405 τὴν
853 5336 962 5389 τῶν
1004 5336 1315 5408 εἰρημένων
1358 5336 1664 5408 διαστολὴν.
1694 5337 1830 5409 Περὶ
1865 5337 1967 5407 μὲν

346 5429 468 5499 γάρ
502 5426 600 5481 τοῦ
635 5428 989 5494 πιστεύοντός
1022 5446 1211 5501 φησιν,
1251 5432 1336 5484 ὅτι
1371 5429 1518 5502 ζωὴν
1542 5429 1657 5496 ἕξει
1692 5432 1793 5502 τὴν
1839 5430 1966 5484 αἰώ-

345 5538 491 5575 νιον.
523 5521 665 5591 Περὶ
688 5520 748 5573 δὲ
784 5520 880 5575 τοῦ
907 5522 1333 5595 ἀπειθήσαντος,
1365 5504 1563 5595 ἑτέραν.
1594 5526 1623 5578 6
1658 5523 1820 5593 λόγος
1849 5523 1965 5595 ἔχει

344 5613 454 5682 τὴν
511 5611 774 5683 ἔμφασιν.
838 5616 914 5668 Οὐ
968 5616 1078 5688 γάρ
1130 5615 1235 5689 ἔφη
1273 5616 1422 5689 ζωὴν
1457 5618 1559 5689 οὐχ
1589 5617 1737 5683 ἕξειν
1766 5617 1963 5672 αὐτόν’

343 5705 722 5777 ἐγερθήσεται
764 5709 876 5779 γάρ
936 5709 1014 5781 τῷ
1038 5709 1225 5795 ίκοινῷ
1253 5711 1352 5781 τῆς
1383 5710 1737 5773 ἀναστάσεως
1767 5709 1917 5781 νόμῳ
1951 5728 1962 5740 ·

427 5822 475 5893 ξ’
508 5820 669 5876 llout.
724 5838 857 5880 \‘Ill.
902 5828 984 5882 lii.
1064 5831 1106 5862 ’⁵⁵
1159 5833 1278 5884 Act.
1343 5846 1490 5893 xv",
1558 5829 1647 5886 28.

349 5894 403 5926 "
425 5891 470 5949 ll
504 5897 634 5949 Cor.
675 5910 727 5961 v,
769 5895 857 5949 10.

2074 4782 2283 4839 Paulus
2335 4782 2528 4840 dicens
2562 4803 2575 4839 :
2607 4802 2625 4834 ι
2652 4782 2860 4839 Omnes
2904 4781 3055 4835 enim
3101 4794 3207 4834 nos
3250 4777 3415 4851 174
3451 4776 3685 4833 manife-

2075 4879 2212 4936 stari
2274 4885 2493 4949 oportet
2551 4888 2682 4933 ante
2744 4875 2994 4932 tribunal
3053 4875 3301 4939 Christi,
3362 4883 3422 4928 ut
3475 4870 3683 4927 referat

2076 4971 2465 5043 unusquisque
2517 4969 2744 5041 prepria
2775 4968 3056 5041 corporis,
3092 4977 3258 5039 prout
3306 4965 3518 5039 gessit,
3565 4964 3685 5021 sive

2076 5064 2283 5120 bonum
2306 5106 2321 5131 ,
2355 5064 2472 5119 sive
2506 5064 2711 5117 malum
2740 5062 2833 5116 ὀἳ
2865 5082 2883 5116 ι
2912 5060 3280 5118 Laudandum
3308 5063 3482 5133 igitur
3527 5061 3681 5116 arbi-

2078 5164 2197 5213 tror
2259 5157 2454 5220 illum,
2512 5156 2774 5228 quisquis
2824 5164 2945 5224 est,
3008 5156 3262 5212 discendi
3321 5155 3679 5221 studiosum,

2077 5258 2329 5305 attamen
2361 5248 2788 5306 accuratissime
2817 5250 2866 5306 ei
2894 5265 3089 5306 sacras
3118 5249 3360 5306 Litteras
3393 5246 3678 5303 rimandas

2075 5359 2201 5400 esse
2243 5358 2393 5399 reor.
2440 5341 2581 5398 Vide
2631 5343 2821 5410 enim,
2875 5358 3101 5415 quaeso,
3164 5340 3678 5415 clare‘vcrborum

2069 5436 2297 5492 illorum
2331 5435 2765 5492 distinctionem.
2810 5435 2885 5492 De
2918 5451 2985 5493 eo
3016 5436 3163 5492 enim
3204 5434 3301 5506 qui
3336 5429 3675 5495 crediderit,

2069 5529 2148 5583 ait
2212 5528 2379 5583 vitam
2449 5528 2769 5585 habiturum
2836 5538 3100 5585 aeternam
3162 5546 3175 5582 :
3237 5526 3304 5581 de
3367 5539 3434 5580 eo
3489 5532 3679 5583 autem,

2067 5622 2166 5694 qui
2204 5638 2312 5680 non
2348 5620 2684 5688 crediderit,
2736 5622 2906 5678 alium
2960 5621 3304 5677 intellectum
3343 5616 3509 5671 habet
3548 5630 3676 5671 ora-

2068 5718 2170 5772 tio.
2203 5714 2325 5773 Non
2369 5718 2518 5773 enim
2566 5714 2709 5771 dixit
2766 5716 2948 5787 ipsum
3004 5713 3173 5767 vitam
3201 5728 3312 5766 nou
3354 5710 3679 5767 habiturum

1745 5831 1787 5863 ⁸⁷
1823 5829 1840 5884 1
1869 5828 1973 5888 Joa

2077 5850 2160 5903 Iv,
2220 5835 2306 5890 l3.
2403 5833 2447 5866 ’⁸
2477 5828 2675 5902 Ephcs.
2710 5844 2808 5895 ll!,
2871 5827 3058 5883 14-17.
3142 5828 3185 5859 ⁵³
3220 5825 3394 5883 lCor.
3447 5843 3547 5892 xv,
3579 5825 3674 5881 52.
