4106 6512
2051 304 2115 316 ﬂ

1459 398 1519 456 S.
1559 398 1839 458 CYIULLI
1868 399 2351 458 ALEXANDRINI
2385 401 2712 461 ARCHIEP.

398 398 575 485 .287

3637 404 3745 460 288

469 520 744 589 (resurget
777 516 925 572 enim
955 516 1235 572 communi
1268 518 1706 575 resurrectionis
1737 518 1925 591 lege),
1956 520 2052 576 sed

2156 520 2292 574 ἀλλὰ
2318 520 2466 592 ζωὴν
2483 521 2584 576 οὐκ
2611 521 2838 592 ὄψεσθαί
2878 537 3065 593 φησιν,
3108 519 3252 575 τοῦτ’
3298 520 3447 574 ἔστιν
3491 518 3600 573 οῦδ⁹
3627 520 3749 574 ὅσον

470 612 639 664 vitam
673 625 782 665 non
815 609 1064 665 visurum
1093 610 1172 665 ait
1191 650 1207 677 ,
1234 610 1341 666 hoc
1360 620 1454 666 est
1482 626 1552 666 ne
1579 618 1806 681 aspectu
1835 612 2057 682 quidem

470 702 591 757 solo
640 709 962 758 sanctorum
1004 703 1175 757 vitam
1218 710 1616 772 consequetur,
1663 718 1778 759 non
1826 705 2061 776 attinget

471 794 690 848 illorum
722 792 1046 849 felicitatem
1068 833 1084 858 ,
1118 809 1230 849 non
1262 794 1510 866 gustabit
1538 794 1712 849 vitam
1741 795 1894 851 illam
1922 810 2059 867 gau-

467 885 563 940 dio
590 886 829 954 plenam.
860 883 987 940 Vita
1010 886 1163 941 denim
1194 893 1283 941 est
1329 886 1427 940 illa
1471 885 1725 955 profecto
1756 905 1770 941 :
1815 886 1873 940 in
1921 902 2059 957 sup-

469 977 655 1047 pliciis
682 993 817 1033 vero
848 977 1107 1047 spiritum
1142 977 1381 1042 ducere,
1419 978 1616 1048 quavis
1648 985 1734 1034 est
1766 987 1948 1034 morte
1973 985 2059 1033 te.

468 1071 612 1124 trius
631 1112 647 1137 ,
678 1085 807 1124 cum
838 1070 907 1124 ad
938 1070 1118 1125 solum
1148 1070 1416 1125 malorum
1446 1085 1676 1125 sensum
1708 1069 1891 1125 anima
1922 1070 2058 1126 reti-

469 1168 668 1214 neatur
700 1160 755 1213 in
787 1173 1042 1228 corpore.
1073 1157 1425 1227 Ejuscemodi
1462 1158 1792 1213 nonnullam
1825 1172 2056 1228 quoque

468 1248 677 1306 Paulus
708 1251 830 1305 vita:
862 1248 1230 1306 differentiam
1269 1249 1484 1306 statuit.
1515 1249 1662 1305 Audi
1691 1249 1823 1319 quid
1857 1249 1927 1303 ad
1956 1262 2056 1305 eos

471 1342 630 1396 dicat
659 1344 755 1412 qui
788 1351 1019 1413 peccato
1061 1342 1270 1397 mortui
1318 1349 1448 1397 sunt
1485 1348 1711 1413 propter
1745 1339 2052 1397 Christum.

476 1451 497 1486 ι
531 1432 734 1488 Mortui
766 1434 912 1488 enim
947 1434 1116 1498 estis,
1154 1440 1211 1489 et
1242 1433 1355 1489 vlta
1384 1441 1571 1489 vestra
1603 1433 1927 1489 abscondita
1967 1439 2055 1489 est

469 1541 595 1580 cum
627 1526 851 1582 Christo
882 1527 935 1580 in
973 1526 1100 1582 Deo.
1131 1526 1270 1582 Cum
1299 1525 1560 1581 Christus
1584 1527 1909 1596 apparuerit
1940 1526 2052 1582 vita

473 1627 687 1682 vestra,
721 1628 853 1673 tunc
898 1628 952 1673 et
996 1634 1095 1674 vos
1134 1618 1477 1689 apparebitis
1504 1633 1633 1674 cum
1670 1620 1794 1690 ipso
1836 1620 1893 1674 in
1934 1602 2053 1689 glo-

469 1711 549 1764 ria
583 1712 648 1763 τι.
682 1730 701 1761 ι
736 1710 898 1765 Vides
932 1710 1211 1780 quomodo
1246 1712 1416 1765 vitam
1452 1717 1776 1765 sanctorum
1813 1710 2052 1782 appellet

2157 613 2240 676 είς
2272 612 2508 685 θεωρίαν
2531 612 2693 685 ψιλὴν
2724 613 2825 684 τῆς
2849 613 2961 667 τῶν
2988 613 3159 683 ἁγίων
3180 611 3427 681 ἐφίξεται
3451 611 3617 682 ζωῆς,
3650 612 3749 683 οὐχ

2158 704 2357 774 ἅψεται
2382 705 2482 777 τῆς
2520 705 2745 759 ἐκείνων
2772 705 3195 778 μακαριότητος,
3218 703 3484 773 ἄγευστος
3505 706 3751 773 διαμενεῖ

2157 798 2256 868 τῆς
2286 799 2345 853 ὲν
2369 796 2678 872 εὐφροσύνῃ
2705 798 3010 868 διαγωγῆςο
3034 796 3150 868 ζωὴ
3177 796 3287 866 γὰρ
3313 796 3483 854 ὅντως
3516 795 3745 867 ἐκείνη-’

2156 886 2218 940 τὸ
2240 885 2297 940 δὲ
2316 887 2378 939 ὲν
2409 886 2698 941 κολάσεσιν
2720 889 3000 953 ἀναπνεῖν,
3035 887 3267 942 θανάτου
3291 886 3489 949 παντὸς
3516 885 3751 959 ἀνιαρῶ-

2156 994 2336 1049 τερον,
2365 977 2461 1031 ἐπὶ
2493 978 2629 1050 μόνῃ
2657 981 2725 1049 τῇ
2750 978 2860 1033 τῶν
2890 978 3079 1033 κακῶν
3112 977 3365 1048 αἰσθήσει
3407 976 3587 1047 ψυχὴν
3621 994 3749 1030 συν-

2151 1068 2280 1135 έχον
2310 1071 2370 1122 ὲν
2399 1068 2631 1140 σώματι.
2672 1069 2944 1138 Τοιαύτην
2999 1068 3124 1124 τινὰ
3153 1069 3246 1123 καὶ
3275 1072 3303 1123 6
3332 1067 3547 1132 Παῦλος
3597 1066 3747 1139 ζωῆς

2147 1157 2398 1228 είσφέρει
2418 1157 2912 1228 διαφοράν.”Δκουε
2936 1157 2991 1212 τί
3020 1174 3154 1229 φησι
3179 1158 3317 1229 πρὸς
3341 1157 3465 1221 τοὺς
3492 1159 3550 1210 ὲν
3576 1157 3750 1228 κακίᾳ

2148 1247 2593 1319 -νενεκρωμένους
2623 1247 2713 1302 διὰ
2759 1248 3017 1319 Χριστόν·
3049 1267 3069 1300 ι
3121 1248 3447 1325 Ἀπεθάνετε
3483 1246 3612 1315 γὰρ,
3650 1246 3749 1299 καὶ

2153 1342 2186 1413 ή
2218 1338 2333 1412 ζωὴ
2361 1340 2516 1411 ὑμῶν
2560 1338 2870 1412 κέκρυπται
2915 1343 3015 1395 σὺν
3049 1339 3129 1411 τῷ
3157 1338 3379 1412 Χριστῷ
3410 1341 3468 1393 ὲν
3495 1337 3575 1409 τῷ
3597 1336 3742 1408 Θεῷ’

2152 1432 2281 1486 ὅταν
2323 1433 2354 1486 6
2398 1432 2633 1504 Χριστὸς
2681 1431 2975 1505 φανερωθῇ
3022 1433 3056 1503 ἡ
3104 1430 3219 1502 ζωὴ
3257 1430 3435 1502 ὑμῶν,
3477 1429 3599 1483 τότε
3650 1430 3750 1482 καὶ

2160 1524 2323 1594 ὑμεῖς
2348 1525 2444 1577 σὺν
2467 1523 2616 1595 αὐτῷ
2639 1523 3094 1597 φανερωθήσεσθε
3123 1525 3181 1577 ὲν
3204 1520 3350 1594 δόξῃ.
3382 1540 3402 1574 ι
3438 1522 3602 1592 Ὁρᾷς
3624 1520 3748 1585 πῶς

2152 1615 2214 1669 τὸ
2236 1616 2294 1668 ὲν
2315 1615 2440 1687 δόξῃ
2465 1615 2847 1688 φανερωθῆναι
2876 1616 3015 1686 μετὰ
3045 1613 3284 1686 Χριστοῦ
3315 1613 3415 1684 τὴν
3436 1613 3549 1667 τῶν
3567 1614 3747 1682 ἁγίων

2151 1706 2408 1779 ὀνομάζει
2451 1706 2643 1779 ζωήν;
2677 1706 2744 1761 Τί
2784 1706 2863 1774 δὲ,
2921 1708 3052 1761 ὅταν
3097 1707 3228 1778 ἡμῖν
3271 1705 3363 1758 καὶ
3388 1704 3748 1775 όΨαλμῳδδς

469 1794 981 1852 manifestationem
1040 1798 1190 1851 illam
1250 1798 1306 1852 in
1363 1799 1539 1868 gloria
1594 1814 1720 1854 cum
1783 1799 2054 1867 Christo?

2154 1799 2442 1871 ἀναμέλπῃ
2459 1799 2636 1868 λέγων
2653 1815 2666 1830 ·
2693 1816 2714 1850 ι
2739 1798 2836 1863 Τίς
2855 1800 3003 1852 ἐστιν
3026 1797 3314 1869 ἄνθρωπος
3332 1798 3361 1850 6
3384 1794 3556 1850 θέλων
3572 1794 3744 1865 ζωὴν,

469 1884 613 1950 Quid
648 1902 778 1941 vero
830 1902 955 1941 cum
1006 1888 1168 1942 nobis
1216 1866 1387 1943 etiam
1430 1888 1733 1947 Psalmista
1775 1866 1927 1946 canit
1966 1890 2053 1946 di-

2156 1866 2387 1959 ἀγαπῶν
2411 1866 2622 1963 ήμέρας
2653 1890 2782 1945 ἰδεῖν
2805 1888 3054 1958 ἁγαθάς;
3097 1866 3314 1942 Παῦσον
3353 1887 3454 1959 τὴν
3491 1886 3749 1956 γλῶσσάν

466 1992 603 2033 cens
629 2000 645 2033 ι
680 1997 699 2029 ι
727 1977 864 2045 Quis
896 1987 983 2034 est
1018 1981 1181 2034 homo
1210 1981 1307 2051 qui
1342 1982 1460 2036 vult
1492 1982 1691 2050 vitam,
1720 1983 1903 2055 diligit
1935 1983 2055 2040 dies

469 2070 659 2125 Videre
692 2071 911 2126 bonos?
941 2072 1179 2129 Contine
1215 2075 1460 2144 linguam
1497 2082 1648 2129 tuam
1683 2090 1713 2128 a
1750 2077 1896 2131 malo
1934 2078 2000 2129 ".
2029 2095 2048 2129 ι

472 2161 664 2218 Nonne
694 2172 1016 2219 sanctorum
1061 2166 1227 2220 vitam
1264 2167 1352 2222 bis
1392 2168 1581 2222 verbis
1628 2167 1928 2236 signiﬁcari
1971 2167 2054 2223 di-

471 2256 707 2312 cemus?
749 2258 818 2310 At
859 2258 1071 2321 cuivis,
1118 2258 1339 2328 opinor,
1389 2257 1748 2314 manifestum
1789 2267 1893 2313 est.
1943 2258 2057 2314 Nec

469 2349 615 2401 enim
655 2363 685 2403 a
720 2350 881 2403 malis
916 2350 1201 2406 abstinere
1239 2350 1511 2419 quosdam
1554 2349 1749 2419 jubet,
1792 2359 1855 2403 ut
1901 2356 2055 2406 certe

473 2438 946 2494 resurrectionem
983 2441 1176 2495 carnis
1214 2441 1508 2497 obtineant
1539 2442 1875 2512 (resurgent
1903 2442 2053 2497 enim

469 2528 692 2584 etiamsi
725 2544 832 2583 non
862 2531 1207 2587 cessaverint
1235 2547 1266 2586 a
1295 2531 1478 2601 malo)
1504 2572 1522 2598 ,
1550 2531 1644 2588 sed
1674 2531 1742 2586 ad
1770 2533 1921 2587 illam
1954 2547 2055 2603 po-

470 2619 583 2672 tius
612 2619 780 2673 vitam
833 2621 1103 2692 instigat,
1158 2624 1215 2678 in
1251 2638 1358 2693 qua
1408 2623 1544 2677 licet
1592 2625 1824 2679 omnino
1873 2625 2059 2682 ridere

469 2710 593 2765 dies
640 2710 854 2778 bonos,
909 2712 967 2767 in
1018 2713 1289 2771 felicitate
1327 2723 1384 2770 et
1420 2714 1600 2788 gloria
1652 2723 1916 2772 aeternam
1957 2717 2057 2773 de-

467 2811 661 2885 gentes
695 2804 887 2858 vifam.

538 2893 605 2949 Ill
628 2937 641 2960 ,
675 2896 763 2952 56.
799 2896 1022 2953 Sed-ira
1054 2898 1148 2955 Dei
1177 2901 1415 2955 manebit
1444 2916 1603 2972 super
1633 2918 1775 2957 eum.

535 3072 800 3142 Apertius
826 3074 935 3128 hac
970 3075 1222 3130 illatione
1256 3076 1457 3131 beatus
1492 3074 1737 3147 Baptista
1776 3077 2058 3134 dictorum

463 3178 699 3221 suorum
761 3179 992 3235 scopum
1047 3166 1318 3222 ostendit.
1372 3165 1564 3224 Discat
1620 3177 1806 3224 autem
1862 3185 2057 3229 rursus

2157 1998 2254 2036 σου
2281 1981 2391 2037 ἀπὸ
2412 1982 2586 2036 κακοῦ
2609 1998 2622 2013 ·
2662 2000 2682 2035 ι
2711 1977 2803 2053 ἆρ’
2827 1981 2947 2052 οὐχὶ
2974 1980 3076 2053 τήν
3103 1981 3214 2034 τῶν
3242 1979 3414 2049 ἁγίων
3449 1982 3507 2034 ὲν
3533 1978 3747 2044 τούτοις

2155 2073 2390 2145 ἐροῦμεν
2411 2072 2924 2145 κατασημαίνεσθαι
2953 2072 3139 2143 ζωήνς
3186 2058 3326 2126 Ἀλλ’
3356 2071 3525 2134 ἐστιν,
3564 2068 3742 2140 οἶμαι,

2156 2168 2292 2220 πᾶσι
2334 2164 2669 2236 καταφανές.
2727 2165 2802 2217 Οὐ
2836 2163 2947 2234 γὰρ
2979 2163 3151 2235 δήπου
3188 2162 3298 2215 τῶν
3340 2159 3560 2232 φαύλων
3605 2161 3745 2213 ἀπο-

2156 2257 2384 2328 σχέσθαι
2410 2255 2625 2310 κελεύει
2679 2255 2853 2321 τινὰς,
2898 2255 2987 2309 ἵνα
3011 2254 3077 2327 δὴ
3118 2253 3333 2325 τύχοιεν
3365 2252 3469 2324 τῆς
3497 2250 3746 2314 εἰσαῦθις

2156 2349 2503 2414 ἀναϐιώσεως
2545 2349 2643 2421 τῆς
2698 2347 2902 2420 σαρκὸς
2943 2347 3392 2419 (ἀναστήσονται
3430 2341 3541 2414 γὰρ
3570 2341 3666 2397 καὶ
3694 2342 3743 2394 εί

2158 2440 2234 2512 μὴ
2264 2441 2627 2494 πεπαύσοιντο
2652 2437 2746 2493 τοῦ
2767 2437 2984 2511 κακοῦ)’
3018 2438 3157 2510 πρὸς
3194 2437 3407 2508 ἐκείνην
3450 2435 3508 2488 δὲ
3544 2432 3747 2505 μᾶλλον

2155 2532 2389 2604 ὲρεθίζει
2417 2531 2516 2603 τὴν
2547 2532 2716 2603 ζωὴν,
2767 2524 2880 2604 ἐνῇ
2928 2530 3148 2593 πάντως
3180 2528 3327 2583 ἔστιν
3366 2529 3495 2583 ίδεῖν
3528 2526 3748 2598 ἡμέρας

2155 2624 2388 2693 ἀγαθὰς,
2441 2624 2501 2677 εν
2564 2621 2924 2694 μακαριότητι
2966 2622 3062 2676 καὶ
3092 2620 3224 2694 δόξῃ
3269 2619 3362 2676 τὸν
3414 2617 3750 2691 μακραίωνα

2154 2714 2440 2787 τρίϐοντας
2467 2714 2600 2787 βίον.

2241 2891 2405 2947 Ἀλλ’
2444 2891 2592 2962 ὀρτή
2631 2891 2740 2947 τοῦ
2793 2889 2946 2947 Θεοῦ
2988 2888 3166 2962 μενεῖ
3228 2888 3393 2962 [ναις.
3435 2887 3610 2960 μένει]
3650 2888 3746 2941 ἐπ’

2157 2986 2574 3148 “omittiteva
2596 3077 2733 3150 ἡμῖν
2767 3075 2858 3131 διὰ
2881 3076 2986 3146 τῆς
3004 3077 3065 3130 ὲν
3086 3075 3300 3140 τούτοις
3331 3074 3628 3143 ἐπαγωγῆς
3653 3071 3749 3126 τὸν

2158 3167 2269 3222 τῶν
2300 3167 2608 3239 εἰρημένων
2639 3166 3177 3239 σκοπὺνόμακάριος
3206 3165 3378 3232 ἔδειξε
3406 3164 3744 3235 Βαπτιστής.

465 3255 792 3312 sciscitandi
818 3255 1058 3326 cupidus
1087 3256 1197 3311 vim
1227 3256 1380 3312 illius
1405 3259 1719 3314 sententiae.
1753 3278 1771 3310 ι
1799 3259 1904 3326 Qui
1946 3276 2055 3318 nou

2158 3258 2533 3330 Περιαθρείτω
2556 3258 2615 3312 δὲ
2652 3258 2816 3312 πάλιν
2848 3260 2878 3312 ό
2901 3257 3265 3329 φιλοξητητὴς
3285 3257 3384 3329 τὴν
3411 3256 3509 3311 τοῦ
3535 3256 3630 3326 νοή
3640 3271 3748 3326 μα-

465 3346 676 3413 credit,
710 3348 935 3417 inquit,
966 3346 1146 3412 Filio,
1182 3363 1292 3403 non
1329 3348 1543 3406 videbit
1580 3350 1789 3419 vitam,
1836 3351 1934 3407 sed
1973 3353 2054 3408 ira

468 3434 566 3490 Dei
601 3436 850 3491 manebit
884 3452 1053 3507 super
1081 3453 1230 3493 eum.
1266 3457 1286 3491 ι
1320 3439 1493 3509 Atqui
1540 3439 1587 3495 si
1636 3438 2053 3513 intelligendum

466 3534 620 3581 esset
656 3526 1006 3581 incredulum
1047 3530 1161 3583 vita
1211 3543 1485 3600 corporea
1534 3544 1728 3587 revera
1774 3532 2053 3602 privatum

466 3617 569 3683 iri,
597 3617 784 3672 statim
810 3619 1000 3689 utique
1032 3621 1340 3689 intulisset,
1375 3623 1474 3678 sed
1502 3638 1654 3680 mors
1681 3625 1935 3681 manebit
1964 3641 2058 3682 su-

467 3727 566 3782 per
594 3726 743 3767 eum.
778 3712 918 3767 Cum
955 3721 1138 3769 autem
1176 3715 1314 3770 iram
1351 3714 1447 3772 Dei
1488 3717 1778 3786 nominet,
1814 3718 2055 3774 manife-

468 3813 616 3859 stum
681 3804 839 3876 175
895 3812 982 3861 est
1028 3814 1354 3863 sanctorum
1408 3808 1665 3864 felicitati
1717 3810 2055 3881 supplicium

468 3896 1130 3977 iiiipioruni_epponere,
1185 3908 1240 3957 et
1290 3902 1462 3957 vitam
1512 3916 1718 3957 vocare
1763 3916 1883 3958 eam
1932 3918 2057 3973 quae

467 4001 597 4041 vere
624 3995 709 4042 est
744 3989 853 4042 vita
879 4029 895 4052 ,
931 3988 986 4044 iu
1018 3990 1196 4061 gloria
1247 4007 1373 4047 cum
1426 3990 1655 4047 Christo
1686 4008 1701 4045 :
1756 3991 2055 4063 impiorum

466 4091 599 4132 vero
646 4079 970 4145 cruciatus,
1018 4081 1155 4137 iram
1206 4081 1321 4138 Dei.
1376 4082 1538 4149 Quod
1591 4089 1780 4138 autem
1828 4082 1909 4137 ira
1954 4097 2056 4154 pro

467 4170 761 4239 punitione
807 4173 1009 4244 saepius
1057 4174 1206 4245 apud
1257 4174 1586 4247 Scripturas
1632 4175 1856 4231 divinas
1908 4176 2059 4231 acci-

468 4263 671 4331 piatur,
716 4262 861 4320 duos
912 4274 1089 4322 testes
1139 4267 1446 4333 adducam,
1502 4268 1737 4323 Paulum
1788 4276 1844 4325 et
1893 4267 2059 4324 Joan-

469 4370 615 4408 nem.
646 4355 746 4411 llle
774 4357 922 4411 enim
954 4358 1024 4414 ad
1057 4376 1153 4416 eos
1187 4361 1282 4431 qui
1314 4361 1572 4415 conversi
1620 4367 1781 4415 erant
1819 4376 1888 4416 ex
1918 4377 2056 4431 gen-

467 4448 654 4504 tibus:
685 4468 703 4500 ι
737 4448 802 4506 Et
834 4466 1083 4518 eramus,
1120 4454 1336 4525 inquit,
1369 4453 1467 4508 ﬁlii
1505 4454 1602 4509 irae
1640 4461 1876 4521 natura,
1913 4457 2060 4512 sicut

2155 3366 2245 3412 τος
2269 3347 2518 3417 δύναμιν.
2541 3365 2563 3399 ι
2604 3347 2664 3401 '0
2689 3345 2950 3411 ἀπειθῶν,
2972 3347 3127 3419 φησὶ,
3151 3346 3230 3417 τῷ
3261 3345 3397 3417 Υίῷ,
3426 3346 3529 3400 οὐκ
3551 3344 3749 3414 δψεται

2154 3438 2256 3510 τήν
2285 3436 2452 3508 ζωὴν,
2480 3435 2598 3492 ἀλλ’
2631 3438 2665 3508 ὴ
2691 3437 2832 3509 ὀργὴ
2866 3436 2962 3490 τοῦ
3004 3436 3142 3490 Θεοῦ
3179 3438 3331 3508 μενεῖ
3375 3435 3462 3488 ἐπ’
3502 3435 3688 3490 αὐτόν.
3722 3454 3744 3487 ι

2169 3529 2308 3584 Ἀλλ’
2328 3529 2489 3600 εἴπερ
2513 3523 2583 3600 ἦν
2615 3528 2784 3592 ὅντως
2815 3527 3022 3599 ἔρημον
3053 3525 3279 3587 ἔσεσθαι
3313 3526 3413 3596 τῆς
3438 3526 3498 3578 ὲν
3529 3524 3750 3595 σώματι

2157 3616 2303 3691 ζωῆς
2325 3620 2579 3691 ἐννοῆσαι
2600 3617 2694 3672 τὸν
2709 3618 3111 3690 ἀπειθήσαντα,
3132 3617 3348 3680 πάντως
3366 3616 3432 3670 ἂν
3442 3616 3750 3687 ἐπήνεγκεν

2158 3709 2321 3775 εὐθύς
2340 3726 2356 3742 ⁶
2398 3710 2536 3765 Ἀλλ’
2570 3713 2599 3766 6
2629 3710 2860 3774 θάνατος
2906 3712 3057 3781 μενεῐ
3087 3709 3174 3763 ἐπ’
3203 3708 3395 3764 αὐτόν.
3439 3707 3661 3779 Ἐπειδὴ
3688 3706 3750 3761 δὲ

2155 3800 2325 3873 ὀργὴν
2351 3801 2606 3873 ὀνομάζει
2627 3801 2787 3868 Θεοῦ,
2831 3800 2992 3872 δῆλον
3025 3800 3093 3855 ἂν
3123 3799 3212 3870 εἴη
3248 3798 3434 3852 λοιπὸν
3474 3799 3599 3861 ταῖς
3638 3797 3750 3851 τῶν

2158 3891 2329 3961 ἁγίων
2352 3893 2634 3964 εὐθυμίαις
2667 3892 2767 3966 τὴν
2787 3891 2896 3945 τῶν
2926 3891 3141 3947 ἀσεϐῶν
3181 3888 3634 3948 ἀντιδιαστέλλων
3655 3889 3751 3943 κό-

2157 3984 2331 4051 λασιν,
2370 3986 2464 4039 καὶ
2515 3984 2660 4057 ζωὴν
2699 3985 2799 4056 μὲν
2842 3982 3135 4039 ἀποκαλῶν
3167 3984 3269 4055 τὴν
3316 3982 3487 4046 ὅντως
3512 3979 3659 4051 ζωὴν
3690 3982 3753 4035 ἑν

2157 4078 2282 4150 δόξῃ
2308 4078 2447 4149 μετὰ
2477 4077 2739 4149 Χριστοῦ,
2767 4074 2866 4139 τὰς
2891 4075 2949 4128 δὲ
2974 4075 3068 4129 ἐπὶ
3087 4076 3197 4137 τοῖς
3222 4072 3510 4126 ἀσεϐοῦσιν
3540 4066 3749 4135 αἰκίας,

2157 4170 2328 4241 ὀργὴν
2360 4168 2451 4222 τοῦ
2486 4167 2621 4222 Θεοῦ
2645 4182 2660 4198 ·
2723 4168 2805 4220 ὅτι
2868 4166 2927 4219 δὲ
2988 4166 3127 4238 ὀργὴ
3162 4163 3421 4227 πολλάκις
3456 4165 3490 4234 ή
3525 4162 3751 4224 κόλασις

2158 4262 2374 4331 εἴρηται
2403 4261 2556 4333 παρὰ
2576 4261 2695 4323 ταῖς
2721 4258 2896 4322 θείαις
2922 4257 3193 4328 Γραφαῖς,
3222 4255 3315 4309 δύο
3342 4254 3591 4325 παροίσω
3620 4253 3751 4315 τοὺς

2162 4353 2470 4426 μάρτυρας,
2506 4350 2716 4405 Παῦλόν
2740 4367 2802 4404 τε
2845 4349 2940 4403 καὶ
2987 4348 3241 4417 Ἰωάννην
3269 4363 3282 4378 ’
3317 4348 3347 4400 6
3394 4345 3493 4416 μὲν
3517 4343 3627 4414 γὰρ
3641 4342 3748 4413 ἔφη

2159 4444 2296 4516 πρὸς
2341 4446 2469 4510 τοὺς
2499 4442 2559 4511 ἐξ
2617 4440 2788 4497 ἐθνῶν
2854 4439 3284 4510 ἐπιστρέφοντας
3311 4455 3326 4471 ·
3373 4458 3392 4492 ι
3450 4436 3560 4490 Καὶ
3604 4432 3752 4507 ἦμεν

466 4548 524 4597 et
553 4543 738 4597 czeteri
767 4545 854 4611 ";
889 4565 907 4598 ι
938 4546 1029 4601 hic
1056 4546 1126 4602 ad
1160 4545 1474 4602 Pharisaeos
1500 4557 1555 4604 et
1597 4546 1826 4603 Scrihas
1854 4566 1868 4604 :
1896 4566 1915 4601 ι
1942 4546 2053 4604 Ge-

2155 4536 2322 4590 τέκνα
2371 4535 2544 4608 ὀργῆς
2596 4533 2777 4605 φύσει,
2826 4532 2905 4597 ὼς
2955 4532 3053 4587 καὶ
3097 4531 3147 4584 oi
3180 4530 3390 4584 λοιποίο
3433 4548 3452 4582 ι
3485 4530 3514 4581 6
3544 4527 3601 4580 δὲ
3636 4528 3752 4590 τοῖς

466 4631 677 4688 nimina
714 4635 1054 4707 viperarum,
1113 4638 1241 4710 quis
1291 4638 1534 4694 ostendit
1582 4638 1739 4695 vobis
1790 4639 1983 4713 fugere
2013 4656 2045 4696 a

466 4729 700 4777 ventura
735 4724 819 4779 ira
846 4726 893 4758 ⁷⁸
919 4727 942 4779 ?
971 4745 990 4778 ι

536 4813 626 4874 ιν,
661 4816 775 4870 1-3.
823 4815 890 4870 Ut
915 4833 1034 4887 ergo
1061 4819 1298 4887 cognovit
1325 4817 1582 4875 Dominus
1611 4822 1737 4892 quia
1765 4823 2054 4878 audierunt

465 4905 754 4974 Pltariswi,
787 4910 926 4979 quod
969 4908 1124 4963 Iesus
1146 4910 1323 4979 plures
1363 4912 1651 4981 discipulos
1683 4916 1838 4985 facit,
1874 4928 1922 4970 et
1959 4917 2055 4971 ba-

465 5000 659 5067 ptizat,
693 5015 851 5069 quam
882 4998 1116 5055 Joannes
1148 5009 1473 5071 (quanquam
1490 5002 1646 5060 Jesus
1674 5023 1779 5061 non
1806 5007 2054 5075 baptiza-

466 5099 565 5152 τοι,
626 5087 717 5142 sed
766 5088 1016 5158 discipuli
1057 5090 1216 5162 ejus),
1251 5092 1462 5163 reliquit
1509 5093 1783 5165 Iudaeam,
1816 5104 1866 5151 et
1921 5095 2056 5149 abiit

467 5176 657 5231 iterum
701 5177 757 5232 in
797 5176 1100 5235 Galilaeam.

539 5348 826 5407 Undenam
881 5352 989 5408 huc
1045 5358 1375 5425 processerit
1419 5360 1618 5427 oratio,
1687 5369 1781 5415 aut
1832 5376 1943 5431 quo
1987 5377 2053 5417 ex

469 5440 652 5511 capite
678 5443 1014 5501 narrationis
1043 5447 1236 5502 ordine
1269 5449 1374 5504 huc
1416 5450 1681 5519 perducto
1725 5453 2052 5522 cognovisse

469 5526 736 5589 Dominus
766 5532 986 5590 dicatur
1028 5553 1150 5608 qua:
1177 5538 1441 5593 Pharisaei
1476 5539 1788 5607 audierant,
1829 5556 1937 5596 non
1975 5542 2056 5596 in-

473 5621 683 5678 sulsum
715 5626 841 5691 erit,
874 5628 1090 5699 opinor,
1111 5629 1316 5686 dicere.
1341 5630 1476 5685 Illud
1508 5631 1654 5684 enim
1678 5633 2048 5710 evangelistae,

541 5799 589 5834 "
619 5804 733 5861 Cui.
767 5823 857 5873 ιιι,
885 5809 947 5875 5,
980 5811 1032 5863 4.
1112 5813 1157 5843 ⁷³
1191 5809 1334 5863 Psal.
1370 5825 1577 5879 χχχιιι,
1613 5809 1693 5876 l5,
1736 5812 1817 5867 Ii.

1897 5814 1940 5844 ⁷³
1980 5812 2177 5884 Ephcs.
2222 5830 2283 5879 ιι,
2324 5815 2373 5869 ’5.

2158 4626 2554 4702 Γραμματεῦσι
2580 4626 2675 4680 καὶ
2705 4624 3043 4695 Φαρισαίοις,
3085 4642 3105 4675 ι
3139 4619 3463 4693 Γεννήματα
3500 4617 3750 4690 ἐχιδνῶν,
3808 4622 3817 4628 “

2056 4752 2061 4759 -
2159 4720 2243 4786 τίς
2264 4718 2545 4785 ὑπέδειξεν
2571 4718 2701 4789 ὑμῖν
2730 4717 2925 4785 φυγεῖν
2957 4713 3066 4769 ἀπὸ
3082 4713 3184 4785 τῆς
3215 4711 3514 4784 μελλούσης
3536 4711 3749 4781 ὀργῆςς

2245 4813 2343 4877 Ὠς
2376 4808 2490 4865 οὖν
2521 4809 2675 4877 ἔγνω
2703 4811 2736 4863 ὁ
2764 4807 3003 4876 Κύριος,
3040 4805 3129 4860 ὅτι
3172 4804 3452 4873 ἤκουσαν
3489 4805 3543 4855 οι
3577 4805 3752 4870 Φαρι-

2157 4902 2341 4966 σαῖοι,
2386 4899 2477 4954 ὅτι
2534 4898 2766 4965 Ἰησοῦς
2814 4898 3107 4961 πλείονας
3136 4895 3409 4965 μαθητὰς
3440 4891 3603 4946 ποιεῖ
3647 4891 3750 4945 καὶ

2149 4990 2444 5058 βαπτίζει,
2498 4989 2537 5059 ἢ
2594 4989 2870 5057 Ἰωάννης
2905 4988 3120 5059 (καίτοι
3169 5002 3235 5056 γε
3281 4983 3464 5050 αὐτὸς
3509 4982 3752 5052 Ἰησοῦς

2154 5087 2268 5139 οὐκ
2325 5078 2652 5145 ἐϐάπτιζεν,
2698 5082 2835 5135 ἀλλ’
2890 5082 2945 5134 ol
2983 5078 3242 5149 μαθηταί
3282 5075 3517 5147 αὐτοῦ),
3550 5073 3753 5145 ἀφῆκε

2158 5177 2273 5246 τὴν
2324 5174 2656 5243 Ἰουδαίαν,
2686 5174 2785 5228 καὶ
2819 5171 3056 5241 ἀπῆλθε
3083 5169 3272 5225 πάλιν
3296 5171 3382 5237 είς
3417 5169 3533 5238 τὴν
3569 5170 3754 5223 Γαλι-

2160 5270 2364 5324 λαίαν.
2988 5286 2993 5289 ‘

2232 5360 2404 5414 Πόθεν
2436 5360 2569 5430 ἡμῖν
2596 5359 2676 5422 είς
2715 5355 2872 5411 τοῦτο
2902 5355 3149 5428 πρόεισιν
3186 5356 3215 5408 6
3235 5354 3414 5424 λόγος,
3445 5352 3569 5423 ἢὲκ
3588 5351 3750 5415 ποίας

2159 5452 2333 5523 ἀρχῆς
2365 5451 2510 5522 ήτοῦ
2532 5451 2868 5521 διηγήματος
2900 5448 3251 5519 καθέρπουσα
3277 5446 3452 5513 τάξις,
3472 5442 3752 5513 ἐγνωκότα

2158 5546 2249 5598 τὸν
2284 5544 2488 5617 Κύριον
2522 5542 2908 5615 είσφέρειτοὺς
2938 5541 3286 5612 Φαρισαίους,
3320 5540 3465 5609 ἅπερ
3487 5536 3752 5590 ἐπύθοντο

2163 5635 2376 5707 μαθεῖν,
2396 5636 2497 5690 οὐκ
2522 5633 2789 5706 ἄκομψον,
2810 5632 2885 5697 ὡς
2910 5630 3106 5699 ἔοικεν,
3140 5633 3333 5686 εἰπεῖν.
3355 5630 3428 5683 Τὸ
3454 5627 3585 5699 γὰρ,
3616 5644 3636 5678 ι
3657 5625 3748 5689 Ὠς

2456 5815 2500 5847 ⁷³
2537 5812 2671 5870 Luc.
2712 5828 2794 5880 tu,
2846 5812 2896 5869 7.
