4106 6494
358 289 467 346 289

1417 291 1483 348 IN
1511 291 1801 350 JOANNIS
1826 291 2284 349 EVANGELIUM
2315 292 2450 362 ,LIB.
2497 293 2564 349 II.

3549 300 3657 355 290

351 398 448 459 οὖν
483 401 627 471 ἔγνω
655 405 683 455 6
714 401 941 474 Κύριος,
975 420 999 453 ι
1031 403 1212 472 λέγειν
1244 402 1337 457 τὸν
1359 403 1514 472 ἅγιον
1540 404 1951 476 εύαγγελιστὴν,

2068 423 2086 455 ι
2125 404 2196 459 Ut
2237 420 2368 475 ergo
2399 405 2656 474 cognovit
2690 405 2979 471 Dominus,
3015 428 3034 460 ι
3087 412 3420 482 praeteritam
3459 429 3658 484 quam-

347 497 592 567 ἔμφασιν
624 513 751 550 τινα
804 499 1279 568 προῦποκειμένου
1319 498 1643 568 πράγματος
1677 498 1956 552 ἀνατίκτει

349 588 546 658 σαφῶς
572 605 587 618 ·
629 587 810 641 πάντα
846 586 946 657 μὲν
995 587 1125 659 γὰρ,
1153 587 1366 652 οὐδενός
1403 607 1454 643 τι
1491 589 1955 659 καταμηνύοντος,

345 679 681 750 αὐτομάτως
729 677 894 743 οἶδεν,
951 680 1027 743 ὼς
1088 680 1244 745 Θεὸς,
1304 681 1400 735 καὶ
1454 681 1554 751 οὐχ
1582 683 1672 735 ὅτε
1707 683 1956 752 γίγνεται

346 771 610 841 πρώτως,
645 771 784 826 ἀλλὰ
817 774 914 826 καὶ
947 774 1078 844 πρὶν
1116 773 1386 842 γενέσεως
1419 774 1619 842 αὐτῶν,
1651 777 1727 840 ὡς
1757 779 1786 830 6
1823 794 1958 848 προ·

346 866 534 936 φήτης
562 864 990 935 διεμαρτύρατο.
1036 866 1334 936 Περιμένει
1372 866 1430 920 δὲ
1458 869 1585 932 τοὺς
1614 869 1700 937 ἐφ’
1739 869 1957 941 ἑκάστῳ

345 956 602 1028 καιροὺς,
635 957 730 1010 καὶ
758 960 880 1020 ταῖς
911 957 1022 1010 τῶν
1049 959 1395 1029 πραγμάτων
1429 959 1794 1028 άκολουθίαις,
1822 959 1856 1031 ἢ
1889 963 1954 1032 τῇ

342 1047 686 1120 προγνώσει,
722 1049 924 1120 μᾶλλον
963 1051 1242 1105 ἐνδίδωσιν
1262 1068 1276 1082 ο
1312 1048 1382 1122 ἦν
1403 1052 1512 1123 γὰρ
1541 1051 1606 1122 δὴ
1658 1053 1753 1106 καὶ
1798 1052 1958 1106 τοῦτο

343 1139 696 1210 θεοπρεποῦς
750 1142 1069 1212 οἰκονομίας
1115 1143 1287 1209 ἀξιον.
1325 1144 1616 1215 Ζητήσεως
1667 1143 1956 1216 τοιγαροῦν

342 1234 654 1305 γενομένης
685 1234 751 1287 ὲκ
793 1233 904 1288 τῶν
937 1232 1200 1308 μαθητῶν
1241 1237 1488 1291 Ἰωάννου
1529 1237 1667 1307 μετά
1701 1237 1955 1291 Ἰουδαίου

342 1327 485 1399 περὶ
520 1326 891 1399 καθαρισμοῦ,
955 1329 1123 1392 πολὺς
1157 1329 1292 1399 παρ’
1351 1329 1557 1400 ἀμφοῖν
1589 1325 1658 1400 ἦν
1700 1331 1729 1382 6
1757 1330 1914 1398 λόγος
1940 1347 1952 1360 '

339 1417 396 1470 οί
422 1417 526 1487 μὲν
552 1417 663 1488 γὰρ
695 1416 774 1487 τῷ
807 1417 994 1488 οἰκείῳ
1022 1417 1328 1488 διδασκάλῳ
1355 1420 1829 1490 συναγορεύοντες,
1849 1419 1956 1474 τῶν

341 1509 597 1580 νομικῶν
628 1511 1131 1583 περιρραντηρίων,
1158 1512 1254 1565 καὶ
1277 1511 1389 1567 τῶν
1435 1514 1569 1584 παρ’
1601 1514 1834 1578 ἐκείνοις
1858 1533 1954 1568 τυ-

340 1603 533 1656 πικῶν
564 1603 932 1673 καθαρισμῶν
981 1605 1040 1683 ἐν
1085 1603 1368 1676 ἀμείνοσιν
1407 1605 1507 1676 ἤδη
1551 1606 1768 1676 μέτροις
1795 1605 1859 1659 τὸ
1885 1607 1954 1660 δι’

339 1695 518 1748 αἰντοῦ
542 1695 797 1762 γενέσθαι
833 1695 1158 1750 διετείνοντο
1205 1696 1512 1769 βάπτισμα.
1558 1699 1668 1752 Καὶ
1691 1699 1778 1770 δὴ,
1809 1700 1953 1754 κατὰ

2057 497 2182 550 dam
2212 512 2324 551 rem
2355 498 2649 555 ntanii'este
2667 501 2935 556 declarat.
2969 501 3242 560 Universa
3271 506 3480 575 quippe
3510 509 3658 560 nullo

2058 597 2407 644 monstrante
2457 590 2572 660 ipse
2608 606 2707 661 per
2743 608 2804 648 se
2850 594 3024 660 novit,
3068 605 3127 649 ut
3173 595 3339 662 Deus,
3389 612 3498 651 non
3533 612 3658 651 cum

2058 681 2295 750 primum
2325 682 2483 746 ﬁunt,
2517 685 2612 739 sed
2641 686 2804 740 etiam
2829 698 3120 758 antequam
3152 688 3307 754 ﬁant,
3342 698 3402 743 ut
3426 699 3661 745 testatus

2057 782 2143 830 cst
2197 778 2467 846 propheta
2491 777 2580 833 τυ.
2620 778 2917 850 Exspectat
2964 792 3148 839 autem
3214 785 3660 855 uniuscujusque

2057 873 2328 937 tempora,
2355 879 2410 922 et
2441 884 2625 924 rerum
2662 873 3062 929 consecutione
3093 876 3279 944 potius
3315 891 3483 944 quam
3509 892 3649 944 prae-

2058 959 2283 1014 notione
2307 958 2498 1014 deﬁnit
2529 979 2542 1014 :
2576 972 2661 1015 est
2684 962 2831 1016 enim
2867 963 3000 1019 illud
3033 981 3256 1034 quoque
3288 967 3473 1021 divina
3502 975 3658 1021 certe

2057 1045 2476 1117 dispensatione
2507 1051 2757 1122 dignum.
2792 1051 3111 1118 Quaestione
3146 1058 3312 1127 igitur
3359 1074 3388 1112 a
3421 1057 3660 1116 Joannis

2057 1137 2347 1208 discipulis
2373 1151 2494 1195 orta
2526 1156 2652 1196 cum
2681 1139 2871 1197 Judaeo
2903 1145 2971 1198 de
3019 1146 3426 1214 puriﬁcatione,
3456 1163 3656 1218 magno

2058 1233 2286 1302 utrique
2322 1234 2508 1289 studio
2557 1249 2714 1289 suam
2753 1236 3072 1305 opinionem
3126 1237 3516 1293 defendebant.
3571 1239 3654 1292 Illi

2057 1323 2204 1379 enim
2247 1340 2410 1379 suum
2467 1324 2801 1394 magistrum
2855 1333 3100 1392 tuentes,
3133 1325 3258 1396 ejus
3320 1328 3655 1396 baptismum

2056 1414 2325 1484 legalibus
2356 1415 2779 1484 aspersionibus
2815 1424 2871 1470 et
2913 1417 3116 1486 typicis
3167 1417 3655 1486 puriﬁcatiouibus

2057 1513 2323 1575 praestare
2357 1506 2792 1561 contendebant.
2826 1507 2906 1559 Ad
2955 1507 3102 1576 quod
3145 1508 3490 1577 probandum
3521 1507 3654 1562 atl‘e—

2056 1599 2272 1663 rebant,
2309 1599 2516 1653 multos
2540 1599 2744 1668 priscis
2774 1598 2977 1654 ritibus
3019 1590 3229 1656 relictis
3259 1599 3326 1653 ad
3353 1615 3477 1655 eum
3509 1600 3655 1654 ultro

2057 1703 2117 1744 se
2146 1688 2424 1745 conferre.
2458 1687 2525 1742 Hi
2554 1697 2762 1754 autem,
2794 1705 2920 1745 cum
2957 1690 3406 1745 adversariorum
3435 1705 3652 1744 sermo-

344 1789 411 1841 τ’)
443 1788 617 1852 είκὸς,
647 1788 730 1850 είς
777 1788 1054 1853 ἀπόδειξιν
1081 1789 1364 1844 ἐποιοῦντο
1387 1789 1480 1844 τοῦ
1509 1790 1856 1863 πράγματος,
1889 1795 1953 1848 τὸ

2059 1779 2222 1834 nibus
2256 1781 2310 1834 in
2359 1795 2606 1851 praeceps
2655 1788 3006 1851 raperentur,
3056 1789 3111 1836 et
3155 1781 3409 1836 veritatis
3442 1782 3494 1834 vi
3547 1796 3653 1836 ceu

343 1879 583 1942 π)λλοὺς
611 1879 712 1950 μὲν
739 1878 879 1933 ἱέναι
915 1881 1053 1952 πρὸς
1097 1883 1282 1944 αὐτὸν,
1322 1882 1433 1935 τῶν
1469 1883 1527 1936 δὲ
1579 1885 1953 1958 ἀρχαιοτέρων

348 1972 679 2028 κιιιινωοεν
725 1971 866 2026 ἐθῶν
910 1973 1109 2043 ἥδιστα
1173 1974 1292 2028 λίαν
1320 1976 1641 2047 ἀποφοιτᾷν.
1677 1956 1740 2032 οι
1785 1956 1851 2033 δέ
1883 1975 1951 2034 αὗ

355 2059 541 2126 πάλιν,
605 2059 844 2131 ἐπείπερ
893 2063 1009 2125 τοῖς
1065 2061 1133 2115 δι’
1170 2064 1422 2128 ἐναντίας
1463 2067 1491 2118 ὁ
1519 2065 1678 2134 λόγος
1727 2069 1955 2141 ἐφέρετο

352 2147 496 2203 κατά
526 2149 797 2221 πρανοῦς,
829 2150 924 2206 καὶ
956 2150 1166 2206 ὑδάτων
1197 2152 1355 2224 δίκην
1388 2156 1828 2227 καταρροίζουσα
1854 2159 1955 2230 τῆς

344 2241 615 2312 ἀληθείας
639 2244 674 2314 ἡ
718 2242 970 2313 δύναμις,
1018 2243 1111 2297 τὸν
1138 2243 1344 2316 ἀδρανῆ
1393 2244 1503 2298 τῶν
1543 2246 1955 2318 ἀνθεστηκότων

343 2333 620 2399 ὲϐάπτιζε
670 2334 819 2398 νοῦν,
861 2336 957 2388 ἐπὶ
1015 2335 1078 2388 τὸ
1116 2337 1271 2408 παρά
1313 2338 1542 2410 γνώμην
1568 2341 1830 2412 χωροῦσι,
1861 2343 1956 2396 καὶ

342 2425 600 2490 ἄκοντες,
618 2426 756 2480 πολὺ
779 2426 844 2497 δὴ
863 2426 1082 2482 κάλλιον
1102 2426 1242 2482 εἶναι
1263 2429 1514 2499 λέγοντες
1524 2431 1586 2484 τὸ
1605 2432 1694 2487 διὰ
1714 2434 1954 2505 Χριστοῦ

341 2515 651 2589 λεγόμενον
673 2517 984 2590 βάπτισμα·
1009 2521 1106 2574 καὶ
1143 2523 1518 2594 κατεκράτουν
1534 2525 1657 2597 ἤδη,
1684 2531 1798 2592 τοῖς
1820 2528 1954 2594 ἴσοις

341 2610 427 2673 εἰς
453 2610 736 2675 ἀπόδειξιν
764 2611 1215 2684 ἀποχρησάμενοι
1253 2613 1554 2688 λογισμοῖς,
1590 2619 1688 2672 καὶ
1731 2619 1822 2673 διὶἀ
1846 2621 1956 2675 τῶν

341 2700 536 2755 αὐτῶν
551 2700 960 2773 ἐνθυμημάτων
979 2705 1092 2767 τοῖς
1110 2707 1460 2776 νενικηκόσιν
1477 2708 1919 2782 ἀντεγειρόμενοι
1935 2729 1951 2744 ο

342 2791 537 2862 πολλῷ
559 2792 672 2864 γὰρ
699 2794 934 2862 ὁρᾶσθαι
961 2794 1182 2860 πλείους
1203 2796 1604 2870 διισχυρίζοντο
1625 2803 1756 2867 τοὺς
1782 2821 1956 2876 προσ-

346 2888 537 2948 ιόντας
591 2885 836 2956 Χριστῷ,
893 2887 990 2940 καὶ
1037 2887 1246 2952 πάντας
1294 2890 1490 2960 ἐκείνῳ
1541 2893 1766 2964 μᾶλλον,
1810 2897 1955 2968 ἥπερ

358 2971 591 3045 Ἰωάννῃ
644 2975 1004 3046 προστρέχειν
1029 2991 1045 3008 ο
1098 2977 1223 3032 ὅθεν
1278 2974 1432 3050 οἶμαι
1491 2983 1586 3035 καὶ
1633 2985 1716 3046 είς
1777 2985 1956 3057 λύπην

345 3064 771 3129 ἀνακαυθέντας
804 3067 933 3130 τοὺς
971 3068 1220 3123 Ἰωάννου
1249 3071 1530 3141 μαθητὰς,
1554 3073 1632 3144 τῷ
1658 3076 1844 3147 οἰκείῳ
1873 3078 1954 3131 δι-

347 3155 608 3227 δασκάλῳ
639 3157 964 3228 προσελθεῖν
988 3159 1247 3228 λέγοντας
1269 3179 1282 3192 ·
1320 3180 1338 3212 ι
1389 3162 1602 3230 Ῥαϐϐὶ,
1631 3165 1691 3229 ὃς
1711 3162 1780 3237 ἦν
1817 3169 1955 3238 μετὰ

350 3249 446 3304 σοῦ
473 3249 653 3321 πέραν
714 3250 810 3304 τοῦ
854 3251 1143 3323 Ἰορδάνου,
1188 3246 1233 3322 ᾧ
1271 3257 1336 3308 σὺ
1383 3258 1844 3332 μεμαρτύρηκας,
1878 3262 1956 3316 ῐδε

340 3332 507 3403 οὗτος
532 3339 810 3411 βαπτίζει,
835 3343 932 3397 καὶ⁹
957 3343 1160 3408 πάντες
1181 3344 1432 3416 ἔρχονται
1461 3349 1598 3417 πρὸς
1634 3350 1818 3406 αὐτόν.
1845 3353 1958 3418 Τάς

345 3433 460 3502 γὰρ
486 3433 546 3500 ἐξ
575 3432 754 3504 ἔριδος
781 3435 893 3488 τῶν
932 3436 1202 3493 Ἰουδαίων
1241 3440 1555 3510 προτάσεις,
1592 3443 1712 3514 ἤτοι
1763 3445 1958 3516 λόγους

345 3524 798 3591 ἀποδεικτικοὺς,
815 3527 891 3590 ὼς
909 3529 967 3584 ἐν
985 3529 1254 3602 ἐρωτήσει
1281 3533 1656 3604 προΐσχονται.
1677 3537 1959 3615 Ἐντεῦθεν

2052 1871 2292 1944 quodam
2324 1888 2593 1942 aquarum
2627 1873 2998 1927 obruerentur
3031 1873 3260 1940 impetu,
3296 1879 3500 1940 praeter
3527 1887 3654 1928 sen.

2053 1966 2286 2020 tentiam
2345 1973 2511 2034 atque
2567 1966 2723 2019 inviti
2781 1965 2940 2019 fateri
2992 1971 3269 2034 coguntur
3318 1963 3479 2033 longe
3518 1979 3654 2033 prcc-

2055 2056 2296 2112 stantius
2331 2070 2459 2112 esse
2490 2056 2703 2111 Christi
2740 2056 3051 2126 baptisma,
3087 2054 3524 2123 obtinebantque
3552 2054 3653 2110 de-

2056 2163 2206 2203 mum
2245 2147 2440 2203 iisdem
2473 2155 2689 2203 utentes
2719 2147 2785 2201 ad
2814 2148 2866 2202 id
2896 2147 3392 2202 demonstrandum
3424 2147 3654 2202 rationi-

2054 2240 2182 2306 bus,
2215 2249 2271 2296 et
2315 2240 2594 2296 similibus
2627 2241 2971 2310 argumentis
3003 2240 3057 2294 in
3091 2239 3328 2294 victores
3364 2240 3526 2310 176
3568 2240 3654 2294 in-

2057 2332 2374 2404 surgebant;
2402 2332 2577 2385 multo
2601 2331 2788 2400 plures
2818 2330 2963 2385 enim
2991 2329 3056 2383 ad
3082 2328 3361 2383 Christum
3391 2343 3556 2399 quam
3584 2327 3655 2382 ad

2055 2423 2320 2480 Joannem
2351 2423 2639 2486 accedere,
2669 2423 2780 2478 imo
2799 2439 2929 2478 vero
2959 2430 3190 2478 cunctos
3215 2437 3507 2477 accurrere
3535 2422 3652 2476 aie-

2055 2517 2207 2573 bant.
2242 2515 2382 2572 Hinc
2409 2516 2608 2586 opiner
2644 2515 2904 2571 incensos
2955 2513 3190 2570 Joannis
3229 2515 3534 2584 discipulos
3583 2513 3654 2568 ad

2056 2606 2379 2678 magistrum
2431 2621 2596 2662 suum
2649 2606 2891 2672 venisse,
2923 2605 3169 2661 dicentes
3213 2623 3226 2659 :
3271 2623 3289 2657 ι
3326 2604 3521 2670 Rabbi,
3555 2603 3654 2674 qui

2056 2711 2172 2754 erat
2194 2706 2374 2755 tecum
2403 2705 2558 2753 trans
2579 2696 2897 2762 Jordanem,
2922 2699 3010 2752 cui
3038 2705 3096 2750 tu
3125 2697 3501 2752 testimonium
3528 2711 3655 2766 per-

2056 2790 2307 2859 hibuisti,
2340 2806 2490 2853 ecce,
2534 2789 2624 2844 hic
2672 2789 2942 2860 baptizat,
3002 2797 3057 2844 et
3100 2805 3293 2844 omnes
3326 2789 3553 2845 veniunt
3583 2787 3653 2843 ad

2055 2898 2180 2938 eum
2210 2883 2278 2938 ⁷⁵.
2321 2901 2340 2934 ι
2380 2881 2696 2937 Ιιιιίωοινυιι]
2734 2882 2939 2951 quippe
2973 2881 3353 2936 contentiosas
3400 2880 3656 2950 preposi-

2057 2977 2234 3031 tiones
2287 2975 2406 3030 sive
2458 2975 2702 3029 rationes
2751 2971 3220 3027 demonstrativas
3276 2967 3653 3039 interrogandi

2057 3065 2222 3120 modo
2270 3064 2580 3136 proferunt.
2615 3061 2758 3119 Hinc
2806 3078 2938 3133 ergo
2977 3061 3318 3131 evangelista
3360 3059 3653 3114 Dominum

2058 3156 2137 3210 ait
2166 3140 2517 3228 cognovisse,
2578 3152 2730 3224 quod
2771 3153 3061 3207 audierant
3116 3150 3404 3214 Pharisaai,
3462 3148 3654 3206 Jesum

2057 3283 2257 3338 nempe
2293 3267 2485 3337 plures
2540 3265 2848 3338 discipulos
2906 3265 3093 3320 facere
3142 3279 3308 3334 quam
3357 3261 3651 3318 Joannem.

2059 3359 2183 3416 Mox
2217 3376 2410 3416 eorum
2451 3361 2731 3432 ingentem
2756 3358 2940 3414 vitans
2975 3356 3268 3421 invidiam,
3301 3363 3357 3410 et
3389 3369 3492 3412 suo
3515 3361 3656 3408 tem-

2060 3453 2184 3524 pori
2220 3453 2536 3523 passionem
2575 3467 2898 3514 reservans,
2947 3467 3016 3506 ex
3056 3449 3374 3505 Judaeorum
3427 3447 3656 3518 regione

2063 3559 2122 3600 se
2157 3545 2436 3613 subducit,
2479 3559 2818 3615 rursumque
2847 3544 3145 3599 revertitur
3189 3543 3246 3598 in
3276 3541 3580 3596 Galilaeam.

345 3617 646 3688 τοιγαροῦν
675 3618 979 3686 ἐγνωκέναι
1025 3621 1190 3690 φησὶν
1225 3623 1255 3674 6
1284 3622 1679 3697 εὐαγγελιστὴς
1707 3627 1799 3682 τὸν
1832 3629 2060 3702 Κύριον,
2093 3633 2174 3687 ὅτι
2201 3635 2438 3705 ἥκουσαν
2511 3637 2560 3688 οἱ
2629 3635 2934 3704 Φαρισαῖοι,
2969 3633 3050 3687 δτι
3130 3631 3337 3699 Ἰησοῦς
3401 3631 3655 3694 πλείονας

351 3713 609 3783 μαθητάς
638 3715 867 3786 ποιεῖ,ἢ
911 3715 1189 3786 Ἰωάννης.
1220 3713 1354 3772 Εἶτα
1381 3718 1472 3773 τὸν
1497 3719 1735 3787 ἐξαίσιον
1803 3725 1984 3781 αὐτῶν
2058 3731 2496 3801 παραιτούμενος
2548 3730 2777 3801 φθόνον,
2825 3730 2920 3783 καὶ
2963 3727 3142 3800 καιρῷ
3194 3727 3479 3797 φυλάττων
3539 3729 3658 3793 ίδίῳ

345 3811 414 3866 τὺ
458 3810 678 3874 παθεῖν,
735 3811 836 3882 τῆς
867 3811 965 3882 μὲν
995 3812 1106 3866 τῶν
1154 3813 1424 3869 Ἰουδαίων
1462 3817 1714 3882 ὑπέξεισι
1744 3819 1951 3894 χώρας,
1991 3824 2267 3898 ἀναχωρεῖ
2293 3826 2349 3880 δὲ
2371 3827 2638 3889 πάλινείς
2674 3825 2774 3897 τὴν
2806 3824 3117 3879 Γαλιλαίαν.

425 3903 586 3956 Ἔδει
621 3902 694 3956 δὲ
732 3903 924 3957 αὐτὸν
951 3903 1298 3973 διέρχεσθαι
1332 3905 1434 3962 διὰ
1453 3907 1568 3978 τῆς
1588 3913 1955 3982 Σαμαρείας·

347 3996 594 4065 ἔρχεται
633 3992 750 4050 οὖν
765 3998 854 4061 είς
889 3997 1073 4052 πόλιν
1102 3996 1216 4066 τῆς
1239 4001 1575 4070 Σαμαρείας
1621 4005 1959 4076 λεγομένην

348 4087 596 4156 Συχὰρ,
658 4087 932 4154 πλησίον
982 4089 1091 4143 τοῦ
1139 4092 1381 4159 χωρίου,
1420 4093 1453 4148 δ
1492 4093 1718 4151 ἔδωκεν
1757 4099 1961 4154 Ἰακὼϐ

363 4175 584 4245 Ἰωσὴφ
618 4176 699 4242 τῷ
720 4176 830 4242 υἱῷ
867 4180 1078 4235 αὐτοῦ.

429 4270 498 4320 Ὦ
525 4269 732 4338 πολλῆς
764 4271 1068 4340 ἀγχινοίας,
1101 4275 1196 4327 καὶ
1219 4276 1464 4346 ἀκράτου
1490 4279 1738 4352 νήψεωςί
1761 4282 1954 4352 φθάνει

2138 3917 2228 3984 IV,
2264 3919 2319 3985 4,
2353 3919 2405 3974 5.
2454 3917 2746 3986 Oportebat
2787 3927 2964 3972 autem
2993 3933 3111 3970 eum
3142 3917 3373 3971 transire
3417 3932 3510 3985 per
3543 3914 3658 3970 Sa-

2065 4012 2316 4064 mariam.
2356 4010 2504 4064 Venit
2537 4025 2658 4079 ergo
2689 4010 2743 4062 in
2773 4011 3041 4064 civitatem
3077 4007 3345 4063 Samaria:
3373 4023 3488 4077 quae
3526 4008 3654 4061 dici-

2064 4109 2151 4152 tur
2179 4098 2396 4166 Sichar,
2425 4098 2580 4164 iuxta
2605 4097 2868 4166 prwdium
2905 4095 3045 4165 quod
3081 4094 3228 4148 dedit
3253 4092 3422 4147 Iacob
3454 4090 3652 4161 δοθεμή

2061 4193 2176 4262 ﬁlio
2214 4208 2331 4246 suo.

2133 4283 2180 4338 Ο
2207 4285 2402 4338 miram
2429 4283 2638 4354 ingenii
2671 4280 3060 4346 acrimoniam,
3093 4291 3158 4333 ac
3195 4275 3517 4333 defaecatam
3555 4292 3654 4333 so-

347 4361 476 4420 ταίς
505 4357 826 4426 ἀπολογίαις
859 4359 925 4412 τὰ
972 4359 1309 4433 ζητήσεσθαι
1342 4369 1807 4441 προσδοκώμενα’
1831 4368 1954 4428 εἷπε

2062 4377 2278 4434 lertiam
2311 4378 2326 4431 l
2353 4377 2735 4446 respondendo
2767 4375 3031 4448 prmvenit
3053 4389 3175 4444 quae
3207 4387 3332 4428 mox
3359 4371 3654 4442 quaerenda

351 4454 465 4522 γὰρ
493 4450 559 4504 ἄν
585 4467 670 4514 τις
696 4453 939 4526 εὐθὺς,ἢ
981 4456 1155 4526 ἑτέρῳ
1202 4458 1544 4530 προσλαλῶν,
1583 4462 1616 4532 ἢ
1656 4462 1956 4533 λεληθότως

2064 4472 2379 4528 veniebant.
2432 4456 2669 4528 Dixisset
2704 4473 2848 4527 enim
2893 4469 3082 4525 statim
3131 4469 3354 4538 aliquis,
3401 4475 3498 4521 aut
3527 4482 3651 4522 cum

348 4540 842 4614 διενθυμούμενος⁸
871 4545 979 4599 Τοῦ
1013 4546 1076 4616 δὴ
1104 4549 1267 4619 χάριν
1289 4553 1318 4603 6
1339 4551 1545 4623 Κύριος
1568 4555 1724 4624 ἡμῶν
1749 4557 1958 4627 Ἰησοῦς

299 4684 312 4692 _
350 4632 618 4704 Χριστὸς,
649 4637 750 4690 οὐκ
775 4639 834 4691 ὲν
847 4638 1022 4711 καιρῷ
1042 4638 1121 4711 τῷ
1145 4643 1440 4714 καθήκοντι
1464 4646 1575 4700 τῶν
1597 4649 1957 4721 Σαμαρειτῶν

349 4726 662 4797 ἐποιήσατο
691 4734 976 4802 φωτισμόν
1001 4750 1015 4798 ;
1048 4735 1332 4804 Προσῆλθε
1365 4737 1465 4808 μὲν
1495 4739 1604 4811 γάρ
1631 4741 1664 4811 ἡ
1698 4742 1961 4813 Συροφοι-

349 4816 582 4870 νίκισσά
607 4835 760 4884 ποτε,
789 4822 880 4874 τὸν
904 4824 997 4876 ἐπὶ
1047 4827 1113 4894 τῇ
1163 4825 1515 4905 ταλαιπώρῳί
1552 4829 1787 4903 θυγατρὶ
1819 4834 1958 4904 μετὰ

348 4909 616 4981 δακρύων
646 4912 794 4967 ἔλεον
825 4914 1136 4986 ὲξαιτοῦσα,
1159 4920 1252 4972 καὶ
1275 4920 1326 4972 τί
1364 4923 1501 4992 πρὸς
1529 4923 1699 4995 αὐτὴν
1731 4927 1758 4978 6
1780 4925 1958 4994 φιλοι-

350 4999 655 5070 κτίρμων;
687 5021 704 5052 ι
749 5005 823 5056 Οὐ
868 5006 1050 5071 καλὸν,
1100 5008 1257 5079 φησὶ,
1287 5008 1472 5064 λαϐεῖν
1503 5012 1594 5065 τὸν
1645 5015 1810 5083 ἄρτον
1850 5012 1978 5070 τῶν

349 5090 595 5156 τέκνων,
626 5095 722 5146 καὶ
750 5093 935 5163 βαλεῖν
977 5100 1094 5160 τοῖς
1137 5099 1450 5170 κυναρίοις·
1484 5119 1504 5151 ι
1529 5103 1590 5154 ού
1624 5103 1754 5173 γὰρ,
1778 5099 1959 5174 οἶμαι,

349 5183 471 5236 δεῖν
492 5182 812 5255 ἐδοκίμαζε,
849 5186 1104 5258 πρόωρον
1157 5192 1270 5254 τοῖς
1319 5189 1378 5254 ἐξ
1432 5191 1602 5246 ὲθνῶν
1628 5193 1728 5263 τὴν
1757 5197 1870 5257 τοῖς
1900 5195 1961 5261 ἐξ

366 5275 595 5347 Ἰσραὴλ
655 5279 1100 5350 ἀπονεμηθεῖσαν
1156 5282 1637 5353 ὲπιδαψιλεύεσθαι
1683 5287 1844 5358 χάριν
1871 5304 1884 5319 ν
1931 5289 1961 5340 6

351 5366 424 5438 δὴ
447 5367 543 5420 καὶ
569 5369 908 5442 σαφέστερον
925 5373 1088 5436 αὐτὸς
1109 5374 1281 5428 ἐποίει
1306 5375 1478 5446 λέγων
1494 5393 1509 5408 ·
1539 5395 1558 5429 ι
1586 5379 1700 5432 Ούκ
1723 5380 1963 5434 ἀπεστά-

352 5461 482 5530 λην,
547 5462 597 5514 εί
655 5463 732 5533 μὴ
774 5465 854 5527 είς
902 5467 972 5518 τὰ
1015 5466 1265 5534 πρόϐατα
1310 5469 1378 5523 τά
1419 5471 1738 5528 ἀπολωλότα
1808 5475 1959 5528 οἴκου

367 5554 616 5624 Ἰσραήλ.
654 5575 672 5606 ι
709 5556 833 5621 Πῶς
871 5555 964 5612 οὖν
1006 5559 1136 5631 ἄρα,
1166 5563 1390 5633 φήσειε)
1416 5564 1482 5619 ἄν
1513 5583 1618 5634 τις,
1645 5569 1675 5620 ὁ
1701 5568 1836 5640 πρὸς
1867 5571 1962 5639 μό-

2064 4565 2175 4621 alio
2207 4565 2548 4635 colloquens,
2587 4574 2682 4620 aut
2718 4565 2860 4620 clam
2890 4561 3034 4633 apud
3068 4577 3126 4618 se
3149 4564 3400 4632 cogitans
3428 4580 3440 4615 :
3477 4561 3654 4628 Quam

2064 4658 2284 4714 demum
2325 4659 2395 4713 ob
2424 4671 2648 4713 causam
2691 4656 2960 4711 Dominus
2993 4663 3182 4709 noster
3213 4653 3373 4709 Jesus
3403 4654 3658 4709 Christus

2064 4765 2177 4805 non
2230 4765 2476 4821 congruo
2540 4756 2786 4818 tempore
2839 4747 3222 4802 Samaritanus
3281 4744 3658 4798 illuminavit?

2060 4840 2310 4897 Accessit
2335 4841 2482 4895 enim
2516 4838 2816 4908 aliquando
2842 4837 3270 4908 Syrophmnissa
3292 4835 3508 4890 misera:
3531 4834 3657 4889 ﬁlire

2062 4931 2501 4988 misericordiam
2562 4931 2794 5000 supplex
2831 4938 3024 4998 petens
3086 4939 3212 4980 cum
3252 4925 3537 4997 lacrymis.
3592 4924 3659 4979 Et

2063 5026 2192 5095 quid
2230 5026 2295 5079 ad
2347 5039 2466 5079 eam
2517 5023 2609 5079 ille
2659 5021 3011 5078 misericors?
3045 5037 3064 5071 ι
3101 5018 3220 5075 Non
3271 5026 3357 5075 est
3413 5019 3656 5085 bonum,

2066 5118 2265 5188 inquit,
2314 5118 2567 5185 accipere
2610 5129 2806 5185 panem
2842 5113 3105 5178 ﬁliorum,
3159 5119 3214 5167 et
3247 5111 3468 5166 mittere
3503 5112 3660 5166 cani-

2065 5203 2171 5258 bus
2205 5205 2273 5259 ":
2313 5223 2332 5255 ι
2366 5202 2484 5258 Νοιι
2531 5203 2678 5259 enim
2708 5202 2981 5273 placebat,
3021 5209 3080 5256 ut
3113 5215 3261 5266 reor,
3309 5201 3545 5272 gratiam
3583 5201 3660 5254 ls-

2069 5295 2278 5351 raelitis
2326 5296 2666 5367 assignatam
2704 5303 3035 5365 praemature
3079 5293 3376 5363 gentilibus
3411 5291 3655 5360 elargiri.

2070 5388 2227 5455 Quod
2280 5388 2398 5459 ipse
2453 5388 2676 5460 quidem
2743 5389 2923 5458 palam
2987 5387 3225 5442 faciebat
3279 5385 3366 5439 his
3422 5382 3655 5436 verbis:

2075 5499 2094 5534 ι
2136 5481 2256 5537 Non
2318 5498 2440 5538 sum
2483 5483 2688 5537 missus
2741 5481 2846 5536 nisi
2907 5480 2974 5534 ad
3027 5493 3158 5532 oves
3207 5489 3328 5545 qure
3378 5473 3657 5542 perierunt

2070 5571 2269 5627 domus
2300 5571 2462 5628 Israel
2491 5573 2592 5626 π.»
2631 5571 2922 5638 Quomodo
2955 5570 3142 5642 igitur,
3180 5566 3395 5637 inquiet
3421 5563 3654 5634 aliquis,

436 5730 504 5764 ⁷⁸·
540 5730 675 5788 Dan.
712 5748 834 5800 xm,
862 5735 957 5792 24.
1001 5737 1049 5769 ⁷⁵
1083 5734 1243 5793 Joan.
1282 5756 1365 5806 ιιι,
1400 5741 1494 5798 26.
1575 5743 1621 5776 ⁷⁸
1654 5741 1848 5799 Matth.
1882 5761 1948 5801 tv

2059 5747 2093 5804 ί.
2167 5750 2212 5780 ⁷⁷
2245 5749 2378 5804 ibid.
2412 5749 2505 5804 24.
