4106 6488
486 293 588 352 291

1481 289 1541 347 S.
1581 287 1870 347 CYRILLI
1902 287 2367 344 ALEXANDRlNl
2407 289 2730 346 ARCHIEP.

3653 297 3761 352 292

488 408 583 480 qui
610 406 678 462 ad
708 407 885 462 solum
919 407 1125 461 missus
1155 415 1239 460 est
1281 402 1563 468 lsraelem,
1601 401 2063 456 Samaritanorunt

2181 420 2272 455 νον
2294 403 2703 474 ἀπεσταλμένος
2732 405 2822 458 τὸν
2862 405 3076 477 Ἰσραὴλ
3121 406 3182 460 τὸ
3220 409 3578 480 Σαμαρειτῶν
3603 412 3757 471 ἐπαί-

489 514 667 570 genus
695 497 978 562 edocebat,
1017 496 1273 568 quamvis
1322 494 1488 550 Israel
1538 495 1771 565 gratiam
1829 493 2063 548 nondum

2175 492 2297 546 δευε
2327 495 2504 562 γένος,
2535 497 2712 550 καίτοι
2753 497 2846 550 τοῦ
2899 499 3113 571 Ἰσραὴλ
3140 499 3295 554 οὔπω
3338 504 3620 569 παντελῶς
3661 509 3761 578 τὴν

489 604 720 658 prorsus
767 585 1148 641 excussisset?
1193 585 1629 655 llesponsionem
1661 584 1729 639 ad
1767 584 1881 638 hac
1919 583 2075 637 all'ert

489 683 853 754 probabilem,
897 681 1060 750 idque
1091 696 1215 735 eum
1247 681 1586 736 auctoritate
1613 679 1872 749 quadam,
1911 678 2076 733 nimi-

489 791 634 839 rum,
676 793 695 825 ι
735 772 1035 844 Oportebat
1066 781 1248 826 autem
1286 786 1411 825 eum
1464 770 1706 825 transire
1737 784 1834 839 per
1876 767 2073 822 Sama-

489 867 649 921 riam.
692 886 710 918 ι
747 865 866 919 Νοη
891 865 1037 919 enim
1069 878 1190 918 eam
1219 863 1392 918 solam
1423 863 1496 917 ob
1531 877 1757 918 causam
1790 863 1844 916 in
1876 861 2073 916 Sama-

487 961 626 1014 riam
654 939 814 1014 venit-
834 967 894 1012 ut
921 958 993 1012 ibi
1020 956 1344 1026 praedicaret
1363 957 1615 1022 verbum,
1646 964 1700 1011 et
1717 962 1888 1010 totam
1913 955 2074 1025 plane

486 1053 554 1104 ad
589 1065 685 1105 eos
714 1049 1044 1104 transferret
1079 1046 1298 1101 lsraelis
1323 1047 1789 1114 benedictionem,
1821 1047 1914 1102 sed
1936 1062 2072 1116 quo-

488 1142 633 1195 niam
686 1141 812 1194 illac
857 1139 1256 1196 transeundum
1307 1145 1448 1203 erat,
1479 1139 1710 1193 'idcirco
1747 1139 1930 1200 docet,
1981 1153 2072 1192 sa-

487 1233 710 1300 pientia:
747 1246 887 1300 opus
915 1244 1203 1300 peragens.
1225 1228 1703 1294 Quemadmodum
1733 1230 1888 1298 177
1921 1228 2068 1282 enim

487 1324 630 1391 ignis
684 1322 990 1376 naturalem
1051 1321 1245 1374 urendi
1309 1321 1418 1374 vim
1469 1319 1673 1373 habere
1711 1335 1820 1373 non
1867 1326 2068 1383 cessat,

487 1415 569 1468 sic
617 1415 781 1466 etiam
818 1413 979 1482 plane
1015 1411 1132 1466 ﬁeri
1180 1427 1288 1467 non
1334 1426 1500 1481 posse
1552 1421 1800 1474 autumo,
1840 1420 1901 1466 ut
1947 1412 2070 1464 uni-

487 1502 629 1557 versi
667 1501 942 1576 Sapientia
967 1502 1113 1570 quod
1143 1503 1426 1571 sapientia:
1455 1503 1716 1556 convenit
1748 1516 1855 1555 non
1879 1501 2064 1556 faciat.

490 1596 554 1648 Et
578 1593 1034 1663 quemadmodum
1060 1593 1276 1647 tametsi
1309 1593 1519 1648 diceret
1540 1608 1649 1648 non
1677 1593 1845 1648 licere
1868 1607 2064 1663 panem

486 1687 723 1740 ﬁliorum
789 1685 1007 1738 mittere
1072 1684 1340 1749 canibus,
1399 1685 1732 1738 mulierculae
1791 1693 1974 1738 tamen
2010 1684 2066 1738 in

2175 585 2335 655 χάριν
2355 587 2819 651 ἀπολακτίσαντος
2847 606 2859 653 ;
2897 591 3041 661 Πρὸς
3062 592 3124 662 δὴ
3148 591 3216 646 τὰ
3251 595 3498 659 τοιαῦτα,
3530 598 3760 669 πιθανὴν

2178 675 2296 746 μετ’
2324 675 2574 741 ἐξουσίας
2595 681 2693 748 τὴν
2721 679 3022 748 ἀπολογίαν
3070 684 3315 754 εἰσφέρει
3350 685 3428 750 τὸ,
3464 705 3482 736 ι
3525 687 3670 740 Ἔδει
3705 689 3762 741 δέ

2173 767 2338 820 αὑτὸν
2386 767 2694 838 διέρχεσθαι
2734 771 2824 823 διὰ
2855 773 2954 842 τῆς
3001 775 3316 842 Σαμαρείας
3347 792 3361 806 ο
3397 794 3414 826 i
3444 777 3507 829 ού
3555 779 3665 850 γάρ
3697 781 3762 851 δὴ

2174 855 2365 909 τούτου
2405 875 2470 926 γε
2525 858 2687 912 ἕνεκα
2733 861 2826 912 καὶ
2872 862 3036 930 μόνου
3088 863 3187 932 τὴν
3237 864 3374 936 πρὸς
3412 867 3762 940 Σαμαρείτας

2173 947 2485 1018 ἀποδημίαν
2526 951 2823 1015 ἐστείλατο,
2884 953 2970 1020 ἐφ’
3005 947 3108 1022 ᾧτε
3163 954 3398 1026 κηρύξαι
3423 959 3551 1028 παρ’
3577 960 3762 1022 αὐτοῖς

2171 1044 2264 1095 τὸν
2295 1042 2472 1109 λόγον,
2500 1044 2595 1095 καὶ
2618 1043 2747 1113 ὅλην
2781 1043 2838 1109 ἐξ
2865 1045 2987 1097 ὅλου
3021 1047 3361 1116 μεταστῆσαι
3391 1047 3488 1118 τὴν
3508 1049 3761 1116 εὐλογίαν

2171 1134 2266 1188 τοῦ
2298 1135 2518 1204 Ἰσραήλ
2535 1152 2547 1166 ’
2567 1135 2682 1188 ἀλλ’
2707 1136 2940 1207 ἐπείπερ
2960 1136 3066 1190 εδει
3084 1139 3478 1210 παρέρχεσθαι,
3495 1140 3582 1193 διὰ
3599 1141 3760 1194 τοῦτο

2169 1225 2439 1288 διδάσκει,
2466 1227 2525 1280 τὸ
2557 1227 2750 1294 σοφίας
2780 1227 2943 1298 ἔργον
2968 1230 3266 1283 ἀποτελῶν.
3289 1233 3504 1302 Ὥσπερ
3523 1233 3633 1303 γάρ
3657 1235 3760 1286 οὐκ

2171 1317 2240 1370 ἄν
2272 1335 2402 1371 ποτε
2447 1319 2544 1388 τῆς
2595 1318 2821 1389 ἐνούσης
2871 1321 3020 1391 αύτῷ
3064 1325 3206 1375 κατὰ
3243 1323 3404 1392 φύσιν
3453 1326 3762 1396 καυπικῆς

2169 1410 2450 1480 ἐνεργείας
2480 1410 2783 1482 καταλῆξαι
2827 1415 2889 1466 τὸ
2925 1414 3058 1484 πῦρ,
3094 1414 3273 1477 οὓτως
3319 1410 3474 1486 οἶμαι
3507 1418 3650 1470 κατά
3695 1419 3760 1470 τὸ

2169 1501 2431 1564 παντελὲς
2463 1503 2732 1572 ὑπάρχειν
2788 1505 3092 1575 ἀμήχανον,
3123 1508 3225 1576 τὴν
3257 1507 3366 1560 τῶν
3395 1509 3533 1562 ὅλων
3565 1510 3758 1577 σοφίαν

2172 1591 2246 1665 μὴ
2274 1591 2396 1660 ούχὶ
2424 1592 2485 1643 τὸ
2517 1592 2679 1662 σοφίᾳ
2735 1594 2944 1664 πρέπον
2983 1596 3229 1666 ἐνεργεῖν
3252 1612 3264 1624 ·
3309 1597 3402 1647 καὶ
3432 1595 3622 1666 ὥσπερ
3653 1597 3759 1648 ούκ

2167 1679 2369 1744 ἐξεῖναι
2407 1680 2580 1748 λέγων
2639 1681 2824 1734 λαϐεῖν
2869 1683 2961 1736 τὸν
3021 1683 3184 1754 ἀρτον
3234 1684 3344 1737 τῶν
3380 1685 3605 1752 τέκνων,
3659 1689 3758 1739 καὶ

483 1779 752 1849 lacrymas
807 1776 993 1832 ellusa:
1031 1785 1087 1831 et
1135 1778 1328 1831 multis
1382 1779 1566 1832 verbis
1629 1777 2063 1831 misericordiam

2172 1771 2352 1840 βαλεῖν
2369 1775 2482 1836 τοῖς
2505 1775 2804 1844 κυναρίοις,
2825 1774 3278 1846 δακρυρροοῦντι,
3300 1778 3394 1830 καὶ
3424 1777 3639 1841 πολλοῖς
3674 1781 3755 1841 είς

480 1869 657 1922 oranti
687 1877 850 1938 atque
871 1868 1171 1923 obtestanti
1197 1869 1428 1938 gratiam
1464 1869 1674 1936 injecit,
1701 1883 1810 1922 non
1839 1868 2067 1922 aliunde

483 1962 790 2029 pratstiluto
839 1960 1004 2013 dandi
1059 1968 1335 2029 tempore,
1373 1961 1467 2016 sed
1526 1960 1658 2012 illud
1719 1975 1844 2013 cum
1905 1958 2067 2014 Patre

481 2051 600 2120 ipse
635 2051 922 2113 deﬁniens,
951 2061 1004 2104 ut
1035 2049 1230 2114 Filius,
1254 2060 1310 2105 et
1348 2051 1514 2117 Deus,
1542 2066 1606 2106 ac
1633 2051 1900 2107 Dominus
1934 2071 1948 2107 :
1984 2053 2066 2107 sic

479 2144 645 2198 etiam
691 2142 989 2197 miseratus
1019 2152 1104 2196 est
1140 2141 1542 2208 Samaritanos,
1571 2151 1624 2198 et
1673 2143 1874 2198 divinae
1909 2151 2063 2213 pote-

481 2235 642 2288 statis
677 2231 1004 2288 ineﬂ'abilem
1059 2235 1168 2287 vim
1211 2249 1488 2298 reserans,
1531 2237 1844 2289 universam
1885 2235 2065 2305 regio-

482 2339 605 2379 nem
665 2325 722 2378 in
774 2325 876 2378 vim
930 2333 1251 2378 transcursu
1305 2326 1670 2380 illuminabat.
1724 2327 1864 2393 Quid
1916 2327 2062 2396 quod

481 2419 667 2471 minus
699 2425 1132 2471 consentaneum
1165 2425 1283 2471 erat
1311 2416 1567 2472 lsraclem
1601 2417 1711 2486 jam
1751 2420 1806 2473 in
1853 2419 2061 2474 rabiem

481 2513 662 2558 actum
725 2515 781 2560 et
848 2506 1054 2559 caedem
1123 2505 1337 2560 Domini
1408 2509 1762 2562 meditantem
1821 2508 2064 2578 perfecte

479 2596 632 2666 diligi
666 2614 681 2663 ;
718 2597 812 2652 sed
847 2613 970 2651 cum
1007 2597 1250 2650 nondum
1288 2600 1418 2653 totis
1464 2600 1682 2664 animis,
1715 2614 1906 2654 verum
1938 2614 2060 2654 cum

479 2690 855 2744 moderatione
887 2692 1120 2759 quadam
1157 2703 1608 2760 persequeretur,
1641 2693 1849 2748 idcirco
1878 2691 2064 2747 Domi-

478 2793 584 2832 nus
647 2787 837 2834 noster
894 2778 1058 2835 Jesus
1103 2782 1356 2837 Christus
1410 2784 1642 2838 necdum
1701 2799 1827 2838 eum
1884 2784 2060 2854 gratia

477 2882 706 2939 prorsus
739 2871 908 2932 exuit,
937 2878 1315 2926 verumtamen
1340 2873 1405 2926 ad
1433 2873 1571 2928 alios
1603 2874 1864 2944 paulatim
1895 2873 2062 2929 bene-

473 2959 770 3014 dictionem
805 2975 961 3015 suam
993 2964 1249 3018 traducit.
1292 2965 1449 3031 Quod
1473 2975 1656 3020 autem
1691 2983 1721 3022 e
1743 2966 2056 3023 Iudaeorum

477 3054 701 3121 regione
723 3069 950 3124 prorsus
972 3055 1260 3121 excedere,
1280 3065 1333 3111 et
1366 3058 1432 3111 ad
1461 3059 1798 3129 alienigenas
1821 3061 2059 3130 migrare

476 3160 587 3216 pra;
629 3161 688 3202 se
739 3146 842 3201 l'ert
885 3156 1110 3217 propter
1158 3150 1555 3204 immanitatem
1589 3153 2058 3221 persequentium,

478 3239 650 3307 ligura
681 3239 928 3307 quazdam
960 3247 1045 3294 est
1076 3255 1182 3310 qua
1221 3241 1563 3298 interminari
1605 3245 1842 3309 videtur,
1875 3247 2061 3316 gratiae

471 3327 747 3398 iacturam
789 3332 1012 3400 penitus
1071 3333 1337 3399 facturos,
1383 3344 1436 3388 et
1481 3350 1638 3390 suum
1677 3337 1910 3402 bonum,
1956 3339 2059 3394 hoc

477 3435 563 3476 est
588 3422 868 3477 Christum
905 3425 958 3476 in
991 3425 1128 3478 alios
1173 3426 1524 3482 amandatum
1570 3429 1664 3494 iri,
1699 3432 1804 3486 nisi
1836 3446 1865 3484 a
1897 3441 2058 3500 petu-

481 3514 646 3564 lantia
683 3527 779 3564 sua
817 3513 870 3566 in
908 3515 1086 3582 ipsum
1119 3516 1453 3571 abstineant.

552 3777 640 3839 IV,
664 3779 716 3833 θ.
765 3777 895 3831 Erat
929 3789 1103 3832 autem
1138 3780 1212 3832 ibi
1239 3779 1357 3848 [om
1389 3780 1590 3846 Iacob;
1625 3781 1783 3836 Iesus
1816 3799 1939 3854 ergo
1968 3785 2055 3852 [a-

479 3873 679 3940 tigalus
715 3885 780 3922 ex
810 3871 1020 3934 itinere,
1049 3870 1258 3924 sedebat
1291 3874 1367 3925 sic
1396 3888 1560 3939 supra
1591 3873 1806 3940 fontem.

550 4049 818 4119 Egressus
847 4064 913 4106 ex
936 4046 1138 4102 Judzcae
1165 4047 1388 4112 ﬁnibus,
1422 4063 1658 4118 cumque
1687 4049 1829 4119 apud
1864 4049 2056 4105 alieni-

480 4141 779 4212 gcnasjam
827 4147 974 4194 esset
1020 4137 1290 4204 Salvator,
1336 4148 1708 4194 commoratur
1740 4140 1806 4193 ad
1849 4141 2052 4195 foiitem

477 4233 650 4287 Jacob
691 4251 702 4286 :
747 4232 926 4302 typice
982 4231 1141 4286 nobis
1189 4239 1244 4285 et
1293 4229 1633 4301 acnigmatice
1683 4230 2051 4297 subinnuens,

482 4326 610 4378 licet
646 4323 960 4392 evangelica
1003 4321 1318 4391 praedicatio
1348 4335 1649 4376 cxcessura
1679 4329 1825 4375 esset
1860 4320 2054 4375 llieru-

480 4415 731 4484 solymis,
754 4421 808 4467 et
837 4415 902 4468 ad
922 4423 1110 4484 gentes
1132 4429 1312 4469 sermo
1335 4411 1554 4467 divinus
1577 4411 1835 4480 deinceps
1857 4413 2050 4478 abiret,
2084 4451 2129 4505 υ

482 4520 591 4558 non
624 4514 806 4558 tamen
835 4518 944 4558 una
984 4519 1108 4559 cum
1141 4501 1345 4558 lsraele
1396 4501 1698 4572 perituram
1727 4516 1852 4556 esse
1903 4504 2052 4555 illam

482 4598 538 4650 in
563 4596 756 4650 Patres
799 4595 1171 4661 dilectionem,
1203 4594 1298 4649 sed
1343 4607 1440 4647 eos
1474 4608 1694 4648 rursum
1732 4593 1788 4646 in
1826 4593 2054 4665 gratiam

479 4686 764 4742 Christum
827 4697 1206 4757 recepturum,
1268 4692 1323 4739 et
1379 4685 1522 4753 apud
1574 4701 1669 4740 eos
1721 4694 1781 4740 ut
1833 4696 2056 4742 sanctos

485 4780 742 4834 nimirum
772 4795 970 4834 rursus
998 4784 1472 4833 commoraturum
1502 4776 1732 4846 pristina
1765 4777 1854 4831 illa
1884 4778 2054 4847 gratia

482 4871 1016 4926 immarcescibilitcr
1044 4869 1128 4924 eis
1166 4877 1400 4925 servata.
1431 4869 1685 4926 Libenter
1718 4882 1899 4926 autem
1934 4887 2056 4925 ver-

481 4973 637 5018 satur
660 4965 714 5018 in
739 4973 1056 5018 sanctorum
1075 4962 1356 5025 memoria,
1379 4971 1438 5016 ut
1453 4963 1692 5032 seipsum
1715 4965 1872 5020 nobis
1889 4965 2054 5020 etiam

482 5053 587 5109 hac
634 5054 847 5110 ratione
882 5053 1193 5122 exemplum
1235 5055 1505 5124 praebeat,
1532 5065 1586 5111 et
1620 5058 1691 5112 sit
1729 5059 1946 5112 initium
1987 5072 2052 5111 ac

477 5144 649 5212 janua
669 5145 901 5200 "honoris
931 5143 1250 5213 parentibus
1275 5145 1585 5201 exhibendi.
1622 5145 1845 5202 Resedit
1873 5155 2055 5201 autem

492 5235 677 5292 lassus
703 5235 773 5290 de
791 5236 899 5299 via,
917 5242 978 5288 ut
1001 5235 1264 5303 scriptum
1297 5247 1403 5301 est,
1430 5246 1486 5292 ut
1503 5238 1592 5292 hic
1618 5255 1835 5308 quoque
1865 5238 2056 5307 impie-

481 5334 652 5383 tatem
685 5341 874 5381 eorum
907 5341 937 5380 a
965 5341 1074 5395 quo
1119 5327 1309 5396 pulsus
1355 5339 1438 5385 est
1489 5331 1856 5400 redargueret.
1917 5329 2055 5384 Nam

481 5433 609 5473 cum
661 5419 823 5488 178
855 5417 1024 5488 iustis
1078 5417 1380 5476 honoribus
1425 5437 1550 5477 eum
1610 5423 1715 5475 sibi
1762 5422 2056 5477 conciliare

483 5507 769 5574 deberent,
805 5515 860 5562 et
901 5510 1200 5564 reverentia
1232 5525 1296 5565 ac
1331 5522 1476 5566 metu
1509 5527 1609 5566 ceu
1651 5511 2056 5567 benefactorem

483 5613 646 5676 suum
672 5599 877 5664 fovere,
917 5601 1117 5656 sudore
1157 5608 1208 5655 et
1256 5602 1538 5657 laboribus
1589 5601 1879 5657 Dominum
1929 5619 2059 5657 cru-

483 5687 750 5756 eiani,-ut
779 5707 963 5748 verum
1021 5694 1091 5750 sit
1128 5692 1274 5763 quod
1310 5691 1377 5746 dc
1414 5693 1545 5760 ipsis
1575 5693 1776 5750 dicitur
1817 5697 1873 5750 in
1914 5696 2059 5752 libro

2085 3102 2128 3160 (Ξ

2167 1863 2316 1917 ἔλεον
2367 1863 2752 1944 ἐκλιπαροῦντι
2781 1866 2980 1933 λόγοις,
3049 1869 3386 1939 προσέρριψε
3426 1869 3504 1940 τῷ
3545 1870 3757 1940 γυναίῳ

2165 1956 2264 2026 τὴν
2288 1957 2468 2028 χάριν,
2508 1957 2569 2010 ού
2599 1960 2730 2028 παρ’
2789 1959 2989 2029 ἐτέρου
3048 1959 3511 2029 νομοθετούμενος
3548 1960 3638 2012 τὸν
3659 1959 3758 2013 τοῦ

2163 2049 2362 2102 διδόναι
2401 2049 2615 2120 καιρὸν,
2675 2049 2790 2103 ἀλλ’
2834 2052 2996 2114 αὐτὸς
3039 2053 3302 2122 ὑπάρχων
3362 2051 3502 2122 μετά
3541 2052 3756 2122 Πατρὸς

2163 2141 2408 2212 ὁριστὴς,
2460 2141 2536 2203 ὡς
2581 2140 2731 2206 Υἱὸς,
2771 2145 2867 2196 καὶ
2889 2142 3042 2205 Θεὸς,
3072 2143 3167 2196 καὶ
3201 2130 3406 2213 Κύριος
3429 2160 3442 2173 ο
3486 2141 3630 2195 οὕτω
3659 2144 3756 2196 καὶ

2165 2230 2508 2300 Σαμαρείτας
2537 2231 2706 2299 ὴλέει,
2749 2235 2843 2286 καὶ
2870 2233 2968 2304 τῆς
2990 2234 3326 2306 θεοπρεποῦς
3367 2233 3614 2299 ἐξουσίας
3651 2233 3753 2305 τὴν

2164 2323 2442 2394 ἄφραστον
2464 2325 2865 2378 ἀνακαλύπτων
2887 2323 3137 2394 δύναμιν,
3172 2323 3293 2377 ὀδοῦ
3323 2325 3601 2395 πάρεργον
3640 2325 3750 2395 χώ-

2165 2430 2264 2484 ρας
2290 2415 2418 2484 ὅλης
2454 2416 2696 2467 ἐποιεῖτο
2738 2414 2830 2467 τὸν
2876 2415 3180 2483 φωτισμόν.
3203 2409 3313 2467 Ἦν
3343 2414 3399 2467 δὲ
3425 2415 3516 2468 καὶ
3545 2415 3750 2484 ἑτέρως

2161 2503 2382 2567 ἄτοπον,
2415 2503 2515 2573 ἥδη
2536 2505 2657 2564 ταῖς
2677 2502 2953 2564 ἀπονοίαις
2967 2503 3352 2569 λελυττηκότα,
3385 2504 3478 2555 καὶ
3503 2502 3753 2570 φονῶντι

2163 2595 2305 2648 κατά
2334 2596 2428 2648 τοῦ
2488 2595 2692 2666 Κυρίου
2745 2595 2837 2648 τὸν
2896 2595 3112 2666 Ἰσραὴλ
3152 2595 3470 2664 ἀγαπᾶσθαι
3502 2595 3748 2658 τελείως.

2174 2686 2391 2756 Ἐπειδὴ
2437 2687 2494 2740 δὲ
2521 2685 2678 2740 οὔπω
2727 2687 2825 2755 μὲν
2858 2687 3141 2749 ὁλοτελῶς,
3175 2687 3362 2740 διώκει
3389 2687 3434 2738 δ’
3473 2683 3566 2740 οὖν
3599 2689 3751 2756 ὅμως

2147 2774 2242 2828 ’ἔτι
2280 2793 2342 2827 συ
2354 2777 2644 2847 μμέτρως,
2665 2777 2753 2830 διὰ
2780 2777 2942 2830 τοῦτο
2966 2778 3100 2831 καὶὸ
3122 2778 3324 2848 Κύριος
3352 2779 3510 2848 ἡμῶν
3537 2779 3748 2848 Ἰησοῦς

2161 2869 2190 2920 ὁ
2236 2869 2495 2935 Χριστὸς,
2531 2867 2686 2920 οὔπω
2714 2869 2814 2938 μὲν
2862 2870 3024 2922 αὐτὸν
3073 2869 3382 2939 ὁλοκλήρως
3435 2871 3752 2939 ἀπογυμνοί

2160 2959 2258 3028 τῆς
2286 2958 2527 3029 χάριτος,
2579 2958 2788 3022 ὲξέλκει
2847 2959 2893 3011 δ’
2927 2955 3022 3011 οὖν
3078 2961 3228 3030 ὅμως
3276 2961 3354 3022 εἰς
3395 2960 3615 3030 ἐτέρους
3649 2961 3750 3031 τὴν

2162 3050 2413 3118 εὐλογίαν
2452 3053 2595 3104 κατὰ
2645 3049 2839 3120 βραχύ.
2908 3051 2981 3102 Τὸ
3035 3050 3091 3104 δὲ
3133 3051 3270 3114 ὅλως
3321 3051 3420 3122 τῆς
3479 3051 3750 3105 Ἰουδαίων

2163 3141 2561 3196 ἀπανίστασθαι
2615 3142 2820 3212 χώρας,
2885 3144 2979 3196 καὶ
3020 3143 3100 3205 είς
3140 3142 3238 3213 τὴν
3281 3141 3390 3194 τῶν
3441 3141 3747 3211 ἀλλογενῶν

2164 3231 2482 3295 σπουδάζειν
2517 3232 2674 3294 ἰέναι,
2705 3231 2792 3284 διὰ
2837 3231 2936 3302 τὴν
2981 3231 3090 3284 τῶν
3120 3229 3424 3285 διωκόντων
3455 3231 3747 3303 ἀπανθρω-

2161 3321 2313 3384 πίαν,
2338 3322 2536 3390 ἀπειλή
2561 3339 2645 3384 τις
2659 3317 2750 3390 ἦν,
2776 3322 3029 3393 καθάπερ
3048 3324 3105 3374 ἐν
3122 3321 3278 3392 τύπῳ
3306 3321 3745 3392 ζωγραφουμένη

2159 3413 2224 3481 τῇ
2253 3410 2348 3464 τοῦ
2390 3413 2714 3482 πράγματος
2741 3411 2921 3480 φύσει,
2947 3412 3028 3476 ὡς
3054 3412 3348 3483 ὁλόκληρον
3378 3412 3479 3482 ἤδη
3508 3412 3609 3481 τῆς
3640 3413 3743 3482 χάο

2161 3519 2308 3573 ριτος
2351 3503 2682 3572 ὑπομενοῦσι
2708 3502 2950 3573 ζημίαν,
2993 3505 3089 3556 καὶ
3142 3504 3606 3575 παραπέμψουσιν
3661 3506 3746 3568 είς

2159 3594 2379 3665 ἐτέρους
2420 3594 2479 3648 τὺ
2509 3597 2706 3647 οἰκεῖον
2753 3595 2981 3662 ἀγαθὸν,
3027 3594 3173 3648 τοῦτ’
3206 3595 3322 3649 ἐστι
3359 3596 3451 3650 τὸν
3483 3597 3740 3665 Χριστὸν,

2159 3687 2208 3737 εί
2236 3685 2310 3756 μὴ
2335 3685 2433 3756 τῆς
2468 3687 2548 3749 εἰς
2571 3687 2732 3741 αὑτὸν
2765 3687 3051 3756 παροινίας
3066 3687 3407 3756 ἀπόσχοιντο.

2228 3773 2338 3834 Ἦν
2367 3777 2438 3830 δὲ
2475 3778 2603 3832 ἐκεῖ
2627 3778 2789 3848 πηγὴ
2838 3777 2944 3831 τοῦ
3004 3779 3212 3833 Ἰακώϐ
3227 3797 3242 3812 ο
3276 3783 3308 3834 ό
3337 3776 3450 3834 οὖν
3498 3779 3746 3847 Ἰησοῦς

2157 3868 2524 3934 κεκοπιακὼς
2548 3870 2615 3922 ἐκ
2659 3870 2770 3937 τῆς
2818 3869 3180 3939 ὁδοιπορίας.
3205 3870 3512 3931 ἐκαθέζετο
3553 3872 3744 3936 οὕτως

2155 3960 2255 4012 ἐπὶ
2290 3959 2366 4026 τῇ
2404 3959 2570 4028 πηγῇ
2579 3998 2592 4011 .

2226 4051 2365 4113 Τοὺς
2391 4050 2501 4103 τῶν
2554 4050 2820 4106 Ἰουδαίων
2861 4051 3024 4121 ὅρους
3064 4051 3399 4120 ἐκὸεϐηκὼς,
3444 4050 3538 4102 καὶ
3588 4049 3740 4119 παρὰ

2155 4145 2266 4205 τοῖς
2303 4141 2645 4212 ἀλλογενέσιν
2676 4144 2772 4214 ήδη
2796 4142 3035 4211 γεγονὼς
3067 4145 3095 4196 ὁ
3121 4144 3331 4214 Σωτὴρ,
3367 4144 3458 4195 ἐπὶ
3490 4145 3555 4213 τῇ
3585 4144 3736 4212 πηγῇ

2155 4233 2412 4286 καταλύει
2440 4232 2532 4286 τοῦ
2577 4233 2768 4288 Ἰακώὸ
2793 4250 2806 4264 ο
2835 4234 2910 4296 ὡς
2939 4235 2998 4287 ἐν
3027 4234 3181 4302 τύπῳ
3213 4233 3376 4286 πάλιν
3401 4235 3535 4303 ἡμῖν
3555 4233 3650 4284 καὶ
3673 4232 3741 4284 δι’

2155 4322 2474 4391 αἰνίγματος
2508 4322 2847 4386 ὑποδεικνὺς,
2877 4323 2958 4375 ὅτι
2995 4322 3098 4376 κᾶν
3139 4322 3239 4391 τῆς
3289 4321 3648 4391 Ἰερουσαλὴμ
3680 4321 3746 4373 τὸ

2157 4413 2513 4481 εὐαγγελικὸν
2551 4413 2852 4485 ὲκφοιτήσῃ
2881 4415 3160 4484 ’κήρυγμα
3178 4452 3194 4477 ,
3220 4414 3313 4466 καὶ
3337 4415 3441 4476 σείς
3472 4413 3598 4482 ἔθνη
3630 4414 3745 4465 λοι-

2159 4506 2258 4558 πὸν
2280 4506 2309 4555 ὁ
2336 4506 2476 4568 θεῖος
2496 4505 2759 4576 ὲκδράμοι
2791 4507 2969 4573 λόγος,
3000 4505 3062 4558 οὑ
3099 4493 3745 4574 συναποῦληθήσεταικτῷ

2169 4597 2382 4666 Ἰσραὴλ
2421 4599 2454 4666 ὴ
2491 4598 2570 4658 εἰς
2596 4597 2720 4657 τοὺς
2763 4597 3006 4665 πατέρας
3029 4594 3238 4664 ἀγάπη.
3267 4592 3403 4646 ἀλλὰ
3449 4593 3613 4646 πάλιν
3642 4594 3745 4644 αὐ-

2155 4689 2264 4741 τῶν
2328 4687 2608 4752 ἀνθέξεται
2659 4687 2929 4756 Χριστὸς,
2968 4688 3062 4740 καὶ
3115 4687 3593 4750 ἐπαναπαύσεται,
3647 4688 3745 4740 καὶ

2157 4778 2452 4831 καταλύσει
2505 4775 2666 4830 πάλιν
2711 4777 2786 4840 ὼς
2827 4779 2883 4828 ἐν
2931 4779 3141 4845 ἁγίοις,
3191 4779 3507 4848 ἀμάραντον
3558 4779 3744 4841 αὐτοῖς

2155 4871 2254 4940 τὴν
2278 4871 2334 4924 ἐν
2358 4855 2554 4939 ἀρχαῖς
2579 4869 2880 4946 άποσώζων
2903 4870 3082 4940 χάριν.
3119 4870 3516 4942 Ἐμφιλοχωρεῖ
3537 4871 3592 4923 δὲ
3618 4875 3742 4934 ταῖς

2156 4963 2265 5016 τῶν
2287 4961 2456 5028 ἁγίων
2489 4963 2752 5032 μνήμαις,
2771 4962 2856 5015 ἵνα
2879 4961 3048 5015 τύπον
3070 4963 3200 5032 ἡμῖν
3229 4946 3422 5016 ἑαυτὸν
3445 4964 3546 5016 κάν
3563 4963 3740 5034 τούτῳ

2157 5052 2452 5123 παράσχοι,
2482 5053 2573 5104 καὶ
2604 5052 2746 5124 ἀρχὴ
2797 5056 2889 5107 καὶ
2916 5053 3058 5126 θύρα
3085 5055 3183 5126 τῆς
3219 5056 3301 5118 είς
3339 5056 3465 5119 τοὺς
3499 5056 3746 5126 πατέρας

2160 5144 2368 5213 γένοιτο
2396 5147 2581 5215 τιμῆς.
2613 5145 2887 5199 Καταλύει
2918 5145 2974 5197 δὲ
3012 5146 3360 5210 κεκοπιακὼς
3388 5149 3453 5202 ἐκ
3481 5147 3580 5218 τῆς
3606 5149 3747 5201 ὁδοι-

2159 5237 2376 5306 πορίας,
2407 5237 2481 5298 ὡς
2506 5235 2835 5306 γέγραπται,
2875 5237 2962 5290 ἵνα
2997 5237 3100 5290 κάν
3128 5236 3304 5308 τούτῳ
3333 5239 3432 5308 τῆς
3463 5239 3568 5290 τῶν
3589 5239 3735 5291 ἐλαυ-

2159 5329 2356 5382 νόντων
2385 5328 2547 5382 αὑτὸν
2584 5329 2835 5393 ἀσεϐείας
2867 5332 3170 5401 κατηγορῇ.
3209 5331 3339 5384 Δέον
3366 5330 3476 5400 γὰρ
3506 5334 3626 5394 ταῖς
3656 5331 3744 5383 εύ-

2159 5417 2432 5487 γνώμοσιν
2477 5419 2814 5474 ἀνακτᾶσθαι
2856 5422 3085 5488 τιμαῖς,
3137 5421 3277 5474 αἰδοῖ
3325 5438 3386 5474 τε
3433 5421 3528 5473 καὶ
3591 5421 3743 5490 φόϐῳ

2161 5510 2535 5580 περιθάλπειν,
2563 5512 2640 5574 ὡς
2682 5513 3000 5582 εὐεργέτην,
3037 5511 3220 5582 ἱδρῶτι
3251 5513 3347 5567 καὶ
3374 5513 3558 5576 πόνοις
3607 5529 3738 5566 κατ-

2161 5601 2458 5666 αικίζονται
2482 5603 2574 5656 τὸν
2613 5603 2838 5675 Κύριον,
2873 5606 2962 5658 ἵνα
2995 5605 3089 5657 καὶ
3122 5605 3362 5678 ἀληθεύῃ
3400 5605 3573 5672 λέγων
3613 5605 3742 5676 περὶ

2161 5693 2340 5749 αὐτῶν
2364 5697 2422 5748 ἐν
2453 5694 2619 5765 βίϐλῳ
2656 5695 2932 5767 Ψαλμῶν
2971 5717 2990 5749 ι
3028 5701 3137 5752 Καὶ
3174 5699 3594 5755 άνταπεδίδοσάν
3649 5715 3742 5768 μοι
