4106 6488
333 280 442 337 295
1413 279 1479 336 ΙΝ
1519 281 1812 336 JOANNIS
1837 283 2312 352 ΕνΑΝοιῐιιυιιο
2331 286 2464 344 LIB.
2492 287 2537 344 ll
3530 296 3634 352 294

329 392 552 465 πονηρὰ
583 393 703 448 ἀντ’
729 392 974 463 ἀγαθῶν.
1011 415 1029 448 ι
1071 395 1342 450 Ἰουδαίων
1379 397 1480 466 μὲν
1513 392 1606 450 οὖν
1641 398 1700 450 ὲν
1731 397 1926 450 τούτοις

2049 399 2398 457 Psalmorum
2444 420 2457 458 :
2529 422 2548 456 ι
2598 403 2663 457 Ει
2727 405 3106 462 retribuebant
3147 408 3280 464 mihi
3335 412 3478 464 mala
3541 428 3637 482 pro

325 489 527 558 ὁρᾶται
576 487 638 540 τὸ
681 486 903 559 θράσος.
950 489 1018 542 Τί
1059 489 1118 542 δὲ
1163 488 1272 560 ἄρα
1316 490 1552 560 φήσουσι
1603 490 1742 560 πρὸς
1785 491 1926 544 τοῦτι

2051 491 2210 547 bonis
2252 492 2318 548 ⁷³.
2369 514 2389 545 ι
2434 495 2492 549 ln
2547 496 2634 552 his
2685 512 2819 568 ergo
2883 498 3196 556 Judazorum
3251 504 3638 560 manifestatur

324 580 499 636 πάλιν
547 581 704 650 ἡμῖν,
739 581 839 634 καὶ
871 582 922 634 oi
965 582 1066 653 τῆς
1115 582 1342 636 ἐκείνων
1395 581 1655 646 ἀπονοίας
1701 582 1926 650 γείτονες

2047 585 2303 641 audacia.
2357 587 2498 653 Quid
2531 604 2662 645 vero
2689 591 2891 646 dicturi
2943 606 3075 650 sunt
3127 595 3192 648 ad
3246 596 3362 650 haec
3411 613 3637 652 rursum

337 673 636 744 Ἀρειανοὶ,
680 673 886 743 μᾶλλον
931 674 992 728 δὲ
1024 674 1180 755 πρὸς¹
1215 674 1311 738 οὓς
1339 673 1407 729 ἂν
1435 673 1650 743 λέγοιτο
1681 673 1926 738 δικαίως1

2044 678 2207 734 nobis
2240 681 2458 736 illorum
2493 682 2782 739 dementiae
2810 686 2978 741 vicini
3006 688 3219 751 Ariani,
3251 690 3306 744 in
3330 706 3473 761 quos
3502 693 3638 746 illud

335 765 671 836 Ἐδικαιώθη
699 766 914 838 Σόδομα
941 769 1006 821 ὲκ
1029 767 1124 821 σοῦ
1151 785 1166 835 ;
1201 771 1266 822 Oi
1307 768 1408 840 μὲν
1431 769 1541 841 γὰρ
1579 768 1724 823 κατὰ
1759 768 1926 841 σάρκα

2037 767 2166 838 jure
2216 772 2327 828 dici
2369 775 2584 843 possit:
2616 773 2929 832 Justiﬁcata
2975 789 3060 834 est
3103 779 3341 838 Sodoma
3375 800 3439 839 cx
3475 793 3528 839 te
3551 785 3643 840 "il

320 860 630 932 σταυροῦσι
660 861 985 932 Χριστὸν,οί
1006 861 1065 915 δὲ
1107 863 1187 926 εἰς
1209 861 1382 934 αὐτὴν
1412 861 1809 934 ἐμπαροινοῦσι
1838 861 1926 932 τὴι

2041 860 2130 918 llli
2151 863 2299 921 enim
2334 865 2620 923 Christum
2651 869 2960 924 secundum
2999 887 3226 930 carnem
3255 876 3587 948 eruciﬁgunt
3621 897 3634 934 :

318 953 568 1023 ἄρρητον
610 951 707 1006 τοῦ
743 953 918 1020 Λόγου
963 953 1150 1022 φύσιν.
1186 955 1318 1008 Ἰδοὺ
1369 954 1701 1008 κεκοπίακεν
1745 957 1810 1008 ἐκ
1840 953 1942 1025 τῆς

316 1043 664 1114 ὁδοιπορίας,
709 1043 796 1107 τίς
847 1044 878 1096 ὁ
920 1042 1086 1096 τοῦτο
1131 1044 1348 1110 παθών;
1401 1039 1550 1115 ’Δρα
1608 1044 1702 1097 καὶ
1752 1042 1939 1113 ἰσχύος

317 1137 460 1206 ἡμῖν
487 1123 685 1190 ἐπιδεᾶ
710 1135 804 1190 τὸν
828 1136 937 1190 τῶν
963 1135 1253 1206 δυνάμεων
1281 1136 1548 1190 εἰσοίσετε
1579 1134 1813 1206 Κύριον,
1841 1135 1937 1190 καὶ

317 1227 480 1298 αὐτῷ
502 1227 583 1298 τῷ
615 1228 683 1281 ὲκ
709 1228 924 1300 Πατρὸς
949 1229 1250 1296 Μονοιτενεῖ
1276 1227 1370 1282 τὸν
1401 1231 1467 1283 ὲκ
1491 1227 1591 1298 τῆς
1623 1227 1936 1299 ὁδοιπορίας

318 1320 633 1392 ἀναθήσετε
671 1320 837 1374 πόνον
859 1361 874 1385 ,
909 1320 996 1374 ἵνα
1047 1319 1142 1373 καὶ
1177 1319 1424 1392 παθητὸς
1462 1319 1658 1390 νοῆται
1693 1319 1882 1374 λοιπὸν
1907 1321 1937 1374 ό

318 1413 526 1466 παθεῖν
562 1414 666 1466 οὐκ
695 1412 888 1478 εξδώςς
925 1414 996 1467 Ἢ
1038 1415 1258 1483 φρονεῖν
1299 1412 1398 1482 μὲν
1421 1411 1566 1466 οὕτω
1593 1414 1936 1484 παραιτήσε-

318 1505 422 1558 σθε
462 1503 751 1568 ποιοῦντες
780 1503 979 1576 ὀρθῶς,
1011 1504 1150 1575 μόνῃ
1186 1503 1244 1556 δὲ
1271 1505 1338 1575 τῇ
1362 1502 1458 1556 τοῦ
1489 1502 1742 1575 σώματος
1773 1504 1932 1573 φύσει

315 1615 394 1652 πε
405 1597 660 1667 ριθήσετε
696 1596 768 1651 τὰ
796 1597 892 1651 ἐπὶ
922 1596 1134 1662 τούτοις
1163 1595 1508 1666 ἐγκλήματα,
1547 1596 1750 1666 μᾶλλον
1779 1596 1838 1650 δὲ
1863 1599 1931 1667 τῇ

314 1689 716 1761 ἁνθρωπότητι
734 1689 973 1762 πρέπειν
998 1691 1174 1761 ἐρεῖτε
1199 1688 1292 1743 τὸν
1317 1687 1500 1755 πόνον,
1518 1689 1666 1759 ἢπερ
1687 1689 1801 1743 ὄντι
1835 1689 1932 1742 καὶ

2042 954 2098 1010 hi
2128 967 2322 1013 contra
2354 959 2691 1015 inell'abilem
2718 960 2884 1018 Verbi
2917 972 3170 1020 naturam
3198 967 3634 1028 debaccltantur.

2041 1049 2184 1106 Ecce
2223 1052 2410 1109 lassus
2447 1062 2534 1110 est
2577 1054 2645 1110 de
2681 1056 2790 1110 via.
2846 1058 2985 1125 Quis
3031 1058 3123 1114 ille
3159 1063 3255 1129 qui
3303 1063 3407 1117 hoc
3439 1081 3636 1134 passus

2039 1150 2124 1196 est
2139 1142 2274 1198 i'An
2325 1147 2588 1200 virtutum
2623 1147 2916 1204 Dominum
2951 1150 3163 1208 viribus
3199 1153 3472 1209 delectum
3523 1167 3639 1212 sta-

2039 1233 2235 1300 tueris,
2263 1245 2319 1292 et
2349 1237 2456 1308 ipsi
2497 1254 2562 1295 ex
2607 1239 2770 1295 Patre
2803 1242 3104 1314 Unigenito
3149 1246 3389 1302 laborem
3419 1247 3637 1304 itineris

2037 1323 2332 1397 aliingetis,
2373 1339 2437 1384 ut
2475 1341 2531 1386 et
2585 1332 2832 1402 patibilis
2865 1343 3165 1390 censeatur
3214 1352 3340 1396 esse
3387 1340 3633 1409 demum,

2035 1419 2130 1488 qui
2163 1420 2276 1489 pati
2316 1423 2535 1478 nescit?
2594 1425 2679 1478 An
2716 1426 2956 1496 rejecta,
2995 1437 3056 1482 ut
3095 1445 3198 1499 par
3223 1440 3344 1496 est,
3386 1449 3451 1488 ea
3503 1450 3636 1489 sen-

2037 1510 2246 1575 tentia,
2318 1512 2421 1566 soli
2494 1516 2747 1585 corporis
2817 1525 3034 1573 naturae
3109 1522 3210 1576 has
3282 1523 3634 1582 inﬁrmitates

2037 1601 2314 1668 tribuetis,
2347 1613 2404 1659 et
2437 1605 2771 1662 humanitati
2820 1609 3067 1666 laborem
3120 1615 3298 1685 magis
3335 1620 3638 1674 convenire

2037 1691 2234 1750 dicetis
2277 1710 2442 1764 quam
2491 1697 2641 1752 nudo
2671 1707 2727 1754 et
2765 1700 2818 1754 in
2859 1715 2920 1756 se
2949 1703 3241 1760 exsistenti
3273 1709 3376 1763 soli
3417 1708 3636 1764 Verbo?

321 1780 608 1851 νοουμένῳ
640 1778 836 1850 γυμνῷ
868 1779 962 1833 καὶ
1003 1778 1128 1832 καθ’
1161 1777 1355 1831 ἑαυτὸν
1387 1776 1468 1846 τῷ
1495 1778 1658 1848 Λόγῳ
1683 1795 1700 1846 ;
1728 1777 1926 1848 Ὅνπεε

2042 1779 2518 1847 Quemadmodum
2547 1803 2680 1858 ergo
2707 1805 2833 1845 cum
2865 1799 3066 1848 natura
3098 1811 3198 1850 sua
3220 1799 3403 1854 omnia
3435 1802 3632 1868 possit,

312 1866 415 1925 οὖν
448 1870 652 1942 τρόπον
681 1873 740 1924 έν
774 1870 883 1942 ἰδίᾳ
927 1869 1089 1940 φύσει
1118 1869 1181 1923 τὸ
1209 1869 1391 1924 πάντα
1430 1867 1690 1922 δύνασθαι
1733 1885 1937 1938 κεκτη-

321 1963 508 2032 μένος,
543 1963 644 2017 καὶ
673 1963 1136 2034 αὒτδςὺπάρχων
1167 1963 1201 2033 ἡ
1234 1960 1454 2015 πάντων
1487 1961 1644 2031 ἰσχὺς
1669 1978 1935 2016 κεκοπια-

320 2060 481 2116 xm;
523 2056 749 2125 λέγεται
801 2054 904 2128 (μὴ
949 2055 1062 2126 γάρ
1116 2071 1208 2126 μοι
1237 2053 1419 2126 διέλῃς
1463 2053 1544 2116 είς
1584 2051 1717 2108 υἱῶν
1766 2051 1935 2105 δυάδα

317 2152 415 2205 τὸν
451 2149 550 2204 ἕνα
579 2147 876 2220 Χριστόν),
904 2146 1092 2200 καὶτὰ
1124 2147 1225 2217 τῆς
1246 2145 1669 2218 άνθρωπότητος
1696 2145 1778 2207 εἰς
1810 2145 1938 2198 ὲαυ-

310 2243 411 2296 τὸν
445 2239 750 2296 οἰκειοῦται
804 2236 956 2308 πάθη
977 2277 993 2304 ,
1019 2237 1202 2292 καίτοι
1232 2235 1411 2308 μένων
1435 2235 1678 2307 ἀπαθὴς,
1702 2234 1936 2307 ἐπείπερ

308 2333 611 2404 ἄνθρωπος
636 2331 888 2400 γέγονεν,
918 2330 948 2382 ὁ
975 2329 1176 2400 κοπιᾷν
1225 2328 1300 2399 μὴ
1332 2327 1621 2398 πεφυκώς,
1666 2327 1855 2392 Οὕτως
1882 2327 1938 2380 εί

306 2443 364 2480 τι
403 2424 504 2478 καὶ
537 2424 689 2492 λέγοι
735 2422 850 2477 τῶν
885 2421 987 2476 ὅσα
1025 2421 1090 2492 δὴ
1131 2421 1368 2493 πρέπειν
1418 2418 1696 2493 ἀνθρώπῳ
1731 2420 1933 2492 μᾶλλον

307 2516 627 2589 οἰησόμεθα
669 2516 804 2582 δεῖν,
836 2515 935 2569 καὶ
983 2516 1086 2570 οὐκ
1128 2513 1238 2585 ἄρα
1269 2513 1354 2585 τῷ
1385 2513 1504 2584 Θεῷ
1524 2553 1538 2577 ,
1573 2513 1652 2584 μὴ
1683 2511 1933 2583 λεεειθη-

311 2612 510 2682 ρῶμεν
553 2605 670 2682 [αι.
716 2603 1122 2678 λεξιθηρῶμεν]
1154 2604 1351 2669 εὐθὺς,
1384 2603 1521 2676 μηδὲ
1557 2604 1648 2656 ὅτε
1695 2603 1933 2674 μάλιστα

304 2703 514 2773 τέχνης
549 2702 684 2774 ἡμῖν
716 2699 821 2771 τῆς
857 2700 940 2764 εἰς
991 2697 1278 2751 εὐσέϐειαν
1311 2696 1426 2761 δεῖ,
1460 2695 1584 2749 τότε
1627 2695 1692 2768 δὴ
1740 2696 1930 2765 διαφε-

305 2797 528 2867 ρόντως
561 2793 969 2864 ἀμαθαίνοντες
1005 2789 1384 2862 άλισκώμεθα,
1405 2788 1497 2844 τὸν
1530 2789 1631 2860 μὲν
1657 2789 1757 2860 τῆς
1789 2787 1930 2860 μετὰ

308 2887 523 2958 σαρκὸς
554 2884 872 2954 οἰκονομίας
899 2884 974 2948 ὡς
1014 2882 1358 2956 πορρωτάτω
1386 2881 1705 2952 ποιούμενοι
1745 2880 1927 2949 λόγον,

308 2986 402 3038 ἐπ’
432 2983 611 3054 αὐτὴν
665 2981 724 3035 δὲ
759 2981 980 3052 θερμῶς
1028 2979 1419 3043 ἀναϐαίνοντες
1471 2979 1572 3050 τὴν
1617 2977 1713 3032 τοῦ
1747 2979 1927 3047 Λόγου

311 3073 573 3144 θεότητα.
602 3074 699 3128 καὶ
727 3071 837 3126 τῶν
870 3073 1014 3143 ὑπὲρ
1061 3073 1213 3144 ἡμᾶς
1242 3070 1588 3144 πραγμάτων
1617 3073 1684 3126 ἐκ
1723 3073 1926 3145 πολλῆς

316 3168 415 3237 τῆς
446 3166 697 3239 ἀμαθίας
731 3165 1049 3238 ἁπτόμενοι.
1088 3166 1152 3219 Ei
1180 3164 1280 3236 μὲν
1314 3165 1425 3236 γάρ
1459 3164 1596 3230 ὅλως
1624 3167 1687 3220 οὗ
1719 3183 1927 3238 κεχρη-

314 3259 552 3330 μάτικεν
600 3259 917 3331 ἄνθρωπος,
960 3259 1009 3311 εί
1059 3257 1138 3330 μὴ
1181 3257 1406 3328 γέγονεν
1428 3257 1487 3311 ὲν
1520 3259 1586 3328 τῇ
1615 3257 1710 3311 τοῦ
1737 3257 1926 3312 δούλου

313 3352 527 3425 μορφῇ,
561 3351 915 3423 θορυϐεῖσθαι
950 3351 1179 3414 δίκαιον,
1214 3350 1344 3404 ὅταν
1375 3367 1427 3403 τι
1463 3348 1598 3421 λέγῃ
1628 3348 1924 3422 δουλοπρε-

309 3445 409 3508 πές
433 3461 447 3474 ·
473 3443 820 3498 άπαιτείσθω
843 3444 901 3498 δὲ
919 3439 1126 3515 μᾶλλον
1152 3441 1332 3496 πάντα
1359 3441 1503 3496 κατὰ
1530 3441 1622 3494 τὸν
1645 3441 1926 3514 πρέποντα

306 3536 388 3607 τῷ
413 3534 538 3606 Θεῷ
563 3535 744 3604 λόγον.
783 3535 846 3588 Εἰ
875 3534 931 3586 δὲ
963 3531 1274 3603 σωζόμενον
1307 3533 1365 3586 ὲν
1387 3531 1571 3588 πίστει
1597 3531 1813 3603 βεϐαίᾳ,
1831 3532 1927 3586 καὶ

307 3626 710 3688 ἁνενδοιάστως
742 3623 1312 3696 τεθαρσήκαμεν,“δτι
1348 3622 1492 3677 κατὰ
1525 3623 1629 3694 τὴν
1677 3624 1923 3678 Ἰωάννου

308 3721 524 3792 φωνὴν,
563 3736 583 3770 ι
626 3719 685 3771 ’0
718 3718 877 3787 λόγος
909 3717 1045 3787 σὰρξ
1095 3715 1343 3786 ἐγένετο,
1369 3714 1466 3769 καὶ
1505 3715 1822 3786 ἐσκήνωσεν
1864 3717 1924 3770 ὲν

305 3816 467 3885 ἡμῖν,
505 3832 522 3864 ι
555 3813 688 3865 ὅταν
725 3811 862 3884 ἴδῃς,
910 3810 986 3874 ὡς
1021 3809 1200 3881 σάρκα
1231 3807 1498 3862 λαλοῦντα
1527 3847 1543 3871 ,
1567 3796 1716 3860 τοῦτ’
1751 3807 1922 3872 ἔστιν,

302 3905 387 3968 ὡς
434 3904 753 3975 ἄνθρωπον,
783 3902 944 3972 δέχου
991 3902 1131 3974 πρὸς
1159 3898 1464 3972 ἀσφάλειαν
1497 3899 1592 3952 τοῦ
1631 3899 1926 3972 κηρύγμα-

301 4015 402 4062 τος
428 3997 523 4050 τὸν
550 3996 830 4067 ἀνθρώπῳ
857 3995 1140 4068 πρέποντα
1172 3994 1354 4062 λόγον.
1387 3993 1463 4046 Οὐ
1486 3992 1596 4064 γάρ
1617 3988 1684 4065 ἧν
1719 3993 1924 4066 ἑτέρως

303 4081 618 4158 ἐπιγνῶναι
670 4088 882 4156 σαφῶς,
920 4087 1002 4140 ὅτι
1049 4085 1186 4150 Θεὸς
1227 4083 1304 4137 ὣν
1330 4085 1426 4138 καὶ
1459 4084 1654 4154 Λόγος,
1699 4085 1924 4154 γέγονεν

303 4181 623 4252 ἄνθρωπος,
656 4183 704 4233 εἰ
733 4181 809 4250 μή
839 4196 892 4232 τι
929 4179 1024 4231 καὶ
1068 4176 1262 4230 παθεῖν
1297 4177 1325 4227 ὁ
1354 4174 1595 4246 ἀπαθὴς,
1637 4176 1731 4230 καὶ
1760 4175 1925 4245 λαλῆ-

303 4268 401 4321 σαί
440 4285 493 4320 τι
518 4268 778 4321 ταπεινὸν
800 4269 829 4320 ό
859 4266 1064 4338 ὑψηλὸς
1089 4265 1490 4337 ἁνεγὲγραπτο.

383 4405 535 4473 Ὥρα
554 4401 637 4476 ἦν
655 4405 802 4459 ὡσεὶ
823 4405 987 4473 ἕκτη.

379 4542 734 4614 Εὐαφόρμως
781 4543 874 4595 ἐπὶ
899 4545 964 4615 τῇ
993 4545 1142 4614 πηγῇ
1197 4542 1538 4596 καταλύοντα
1565 4541 1799 4596 δεικνύει
1821 4541 1914 4598 τὸν

299 4634 545 4706 Ἰησοῦν.
591 4636 779 4688 Ἠλίου
805 4635 916 4707 γὰρ
937 4633 1319 4705 ἀκμαιοτάτην
1344 4634 1454 4690 ἀπὸ
1492 4634 1678 4724 μέσων
1708 4635 1912 4706 ἀψίδων

193 4766 196 4771 -
295 4733 417 4794 τοῖς
451 4728 546 4781 ἐπὶ
586 4729 684 4800 τῆς
717 4728 823 4799 γῆς
860 4729 960 4798 τὴν
981 4729 1178 4781 ἀκτῖνα
1200 4726 1586 4798 καταχέοντος,
1623 4728 1718 4781 καὶ
1740 4729 1913 4800 ἀκρά-

292 4840 419 4886 τοις
470 4821 540 4875 τὰ
566 4821 797 4891 σώματα
841 4819 1284 4888 καταφλέγοντος
1329 4819 1530 4890 βολαῖς,
1565 4820 1627 4873 τὸ
1681 4820 1779 4891 μὲν
1830 4820 1910 4874 ἔτι

292 4917 498 4988 πρόσω
520 4915 756 4986 βαδίζειν
778 4915 879 4968 οὐκ
905 4913 1164 4984 ἀζήμιον,
1183 4911 1244 4965 τὸ
1271 4913 1330 4965 δὲ
1350 4911 1691 4966 ἀναπνεῦσαι
1709 4911 1910 4984 βραχὺ,

296 5009 515 5080 μᾶλλον
562 5003 630 5079 ἦν
660 5006 1121 5075 ἁκολουθότερον,
1163 5005 1254 5058 ὅτε
1303 5005 1368 5074 δὴ
1417 5004 1652 5076 μάλιστα
1683 5006 1780 5058 καὶ
1813 5005 1932 5074 τὴν,

290 5103 394 5155 ὲπὶ
427 5101 666 5171 τρυφαῖς
690 5099 873 5154 αἰτίαν
910 5097 1111 5170 ῥαδίως
1153 5095 1220 5150 ἂν
1251 5095 1658 5165 ἀπεκρούσατο,
1712 5094 1909 5167 καιροῦ

289 5194 396 5248 τοῦ
432 5193 742 5264 πρέποντος
772 5187 1206 5259 συνηγοροῦντος
1227 5185 1305 5258 τῷ
1342 5187 1654 5258 πράγματι.
1700 5186 1908 5258 Ἕκτην

288 5285 337 5338 δ’
383 5283 488 5336 οὐκ
521 5280 791 5354 ἀκριϐῶς,
827 5279 943 5333 ἀλλ’
977 5279 1052 5341 ὡς
1081 5277 1251 5348 ἕκτην
1291 5274 1432 5330 εἶναι
1467 5276 1566 5347 τὴν
1604 5275 1755 5348 ὥραν
1804 5295 1908 5350 φη-

293 5381 408 5442 σιν,
438 5377 529 5430 ἵνα
563 5376 662 5430 καὶ
684 5376 849 5446 ἡμεῖς
894 5371 1256 5445 μανθάνωμεν
1297 5369 1432 5442 μηδὲ
1459 5371 1517 5423 ὲν
1560 5370 1675 5432 τοῖς
1725 5368 1909 5440 ἐλαχί-

289 5485 450 5532 στοις
483 5466 826 5538 άδιαφορεῖν,
878 5461 1178 5534 πειρᾶσθαι
1224 5461 1280 5514 δὲ
1329 5459 1532 5533 μᾶλλον
1568 5461 1664 5515 καὶ
1704 5459 1802 5532 τὴν
1849 5461 1906 5513 ὲν

285 5564 411 5626 τοῖς
439 5557 700 5631 τυχοῦσιν
731 5555 1072 5626 ἐπιτηδεύειν
1102 5550 1385 5624 ἀλήθειαν.
1691 5569 1696 5571 ’

2037 1881 2094 1926 et
2120 1871 2240 1942 ipse
2276 1875 2523 1943 omnium
2563 1878 2636 1934 sit
2667 1880 2868 1948 virtus,
2904 1883 3245 1957 defatigatus
3268 1903 3396 1946 esse
3426 1890 3628 1946 dicitur

2038 1963 2207 2036 (cave
2221 1968 2370 2023 enim
2399 1968 2454 2023 in
2478 1970 2616 2026 duos
2639 1972 2782 2029 ﬁlios
2809 1991 2979 2031 unum
3004 1977 3289 2036 Christum
3313 1981 3630 2056 dividere),

2037 2063 2091 2110 et
2119 2056 2410 2126 passiones
2453 2059 2819 2120 humanitatis
2861 2065 2920 2121 in
2971 2082 3033 2125 se
3083 2070 3344 2141 suscipit,
3376 2076 3635 2143 quamvis

2035 2159 2322 2205 remaneat
2384 2150 2744 2223 impatibilis,
2797 2160 3248 2230 quandoquidem
3309 2163 3492 2222 factus
3547 2177 3636 2224 est

2036 2238 2206 2297 homo
2233 2243 2328 2313 qui
2367 2243 2623 2303 laborare
2670 2253 2894 2307 nescit:
2925 2252 3002 2307 ita
3030 2254 3163 2311 licet
3199 2256 3409 2328 aliquid
3459 2258 3632 2327 dicat,

2036 2333 2182 2403 quod
2217 2333 2430 2391 homini
2453 2342 2748 2399 convenire
2765 2344 2952 2414 potius
2971 2361 3136 2416 quam
3165 2346 3276 2405 Deo
3293 2350 3635 2420 putabimus,

2034 2443 2108 2484 ne
2136 2431 2403 2488 continuo
2429 2449 2498 2490 ex
2518 2436 2750 2493 vocibus
2784 2439 2927 2496 male
2948 2441 3248 2500 intellectis
3281 2446 3636 2502 occasionem

2034 2529 2326 2590 captemus
2387 2525 2538 2580 male
2591 2527 2904 2594 sentiendi,
2953 2547 3139 2602 neque
3205 2549 3332 2590 cum
3393 2538 3638 2594 maxime

2032 2609 2333 2683 disciplina
2365 2615 2591 2685 pietatis
2620 2617 2954 2692 indigemus,
2987 2633 3120 2679 tunc
3150 2623 3634 2695 deprchendemur

2034 2702 2333 2776 insigniter
2357 2707 2622 2780 imperiti,
2648 2713 2745 2782 qui
2775 2712 3179 2774 incarnationis
3201 2720 3416 2776 ratione
3439 2720 3632 2790 procul

2034 2797 2352 2863 amandata,
2373 2800 2440 2854 ad
2464 2802 2644 2872 ipsam
2667 2805 2935 2862 continuo
2956 2803 3122 2864 Verbi
3153 2810 3412 2866 deitatem
3443 2826 3664 2885 asceng

2032 2885 2253 2954 damus,
2296 2897 2352 2944 et
2384 2903 2484 2960 per
2532 2907 2806 2948 summam
2860 2895 3136 2952 inscitiam
3183 2912 3275 2954 res
3321 2913 3490 2970 supra
3529 2915 3633 2958 nos

2031 2983 2244 3052 positas
2267 2984 2623 3056 attingamus.
2649 2983 2707 3040 Si
2725 2989 2877 3041 enim
2895 2988 3072 3043 homo
3093 2998 3450 3061 nuncupatus
3469 2992 3634 3063 plane

2031 3089 2145 3129 non
2171 3083 2294 3141 est,
2321 3076 2369 3133 si
2402 3091 2512 3133 non
2556 3077 2741 3134 factus
2767 3088 2853 3135 est
2882 3080 2937 3135 in
2966 3081 3146 3136 forma
3187 3085 3334 3140 servi
3361 3126 3377 3152 ,
3410 3092 3497 3142 est
3529 3101 3635 3141 cur

2029 3167 2155 3238 jure
2181 3169 2491 3235 turbcmur,
2515 3185 2642 3226 cum
2674 3171 2812 3227 dicit
2844 3173 3054 3244 aliquid
3080 3191 3244 3231 servo
3269 3178 3630 3243 conveniens,

2031 3261 2330 3333 omniaque
2356 3265 2692 3334 requirenda
2723 3274 2855 3320 sunt
2879 3265 2990 3323 Deo
3018 3283 3286 3339 congrua.
3321 3268 3418 3326 Sin
3444 3279 3632 3328 autem

2030 3352 2188 3407 ﬁrma
2217 3361 2274 3410 et
2304 3355 2617 3412 indubitata
2643 3357 2748 3413 ﬁde
2771 3358 3054 3415 credimus
3073 3361 3249 3431 quod,
3277 3362 3435 3433 juxta
3461 3362 3631 3418 Joan—

2028 3447 2119 3503 nis
2162 3463 2377 3515 vocem,
2411 3448 2685 3508 «Verbum
2710 3464 2848 3506 caro
2880 3451 3088 3508 factum
3120 3462 3230 3517 cst,
3271 3462 3327 3510 et
3364 3456 3632 3511 habitavit

2030 3538 2086 3595 in
2129 3540 2292 3598 nobis
2317 3539 2390 3610 ⁸ο,
2429 3561 2448 3595 ι
2477 3557 2604 3598 cum
2641 3541 2854 3600 videris
2887 3544 3068 3615 ipsum
3101 3547 3252 3618 loqui
3286 3557 3348 3602 ut
3379 3563 3630 3613 carnem,

2029 3635 2084 3691 id
2110 3641 2221 3699 est,
2259 3642 2321 3690 ut
2353 3636 2662 3700 hominem,
2692 3651 3008 3692 sermonem
3053 3638 3262 3694 homini
3294 3641 3630 3696 convenien-

2027 3735 2140 3783 tem
2167 3729 2236 3783 ad
2259 3728 2614 3784 asserendam
2640 3727 3090 3798 praedicationem
3123 3729 3327 3786 factum
3358 3733 3624 3804 intellige.

2027 3819 2148 3875 Non
2176 3821 2321 3875 enim
2357 3821 2520 3876 aliter
2548 3821 2697 3877 clare
2728 3829 2911 3893 potest
2933 3822 3166 3893 intelligi
3199 3821 3470 3889 Verbum,
3501 3840 3626 3879 cum

2029 3909 2176 3967 Deus
2229 3912 2302 3967 sit
2348 3910 2582 3987 factum,
2616 3927 2744 3968 esse
2803 3913 3107 3977 hominem,
3149 3913 3253 3968 nisi
3299 3923 3354 3967 et
3398 3927 3626 3983 passum

2030 4001 2237 4072 aliquid
2277 4017 2404 4058 eum
2443 4001 2540 4072 qui
2574 4009 2660 4058 cst
2693 4003 3047 4072 impatihilis,
3079 4011 3136 4059 et
3177 4004 3389 4072 aliquid
3421 4004 3629 4060 butnile

2028 4095 2238 4150 dixisse
2273 4094 2366 4164 qui
2398 4095 2656 4152 sublimis
2690 4101 2797 4161 est,
2829 4096 3102 4164 scriptum
3133 4103 3302 4151 esset.

2102 4412 2264 4484 1'79
2295 4412 2443 4466 Hora
2473 4419 2588 4466 erat
2615 4411 2770 4482 quasi
2800 4418 2973 4465 sexta.

2092 4549 2416 4620 Opportune
2463 4547 2654 4605 Jcsum
2705 4547 2774 4602 ad
2830 4545 3034 4601 fontem
3069 4542 3320 4600 residere
3359 4542 3623 4598 ostendit.

2023 4641 2151 4699 Sole
2181 4641 2328 4698 enim
2365 4641 2593 4696 meridie
2625 4638 3033 4695 intensissimos
3064 4635 3252 4691 radios
3298 4634 3626 4690 mortalibus

2019 4734 2374 4798 immittente,
2420 4739 2475 4787 et
2516 4731 2815 4786 immodico
2853 4737 2991 4784 aestu
3046 4728 3311 4782 adurente
3363 4739 3624 4794 corpora,

2020 4827 2142 4883 sine
2171 4821 2377 4880 damno
2418 4823 2672 4895 progredi
2716 4837 2824 4876 non
2860 4828 3077 4891 poterat
3109 4817 3360 4882 ulterius,
3397 4817 3491 4872 sed
3532 4832 3622 4872 sa-

2019 4919 2129 4975 tius
2160 4926 2280 4974 erat
2319 4917 2596 4985 respirare
2630 4915 2920 4983 tantisper,
2947 4927 3071 4968 cum
3104 4909 3409 4980 praesertim
3459 4908 3616 4963 volu-

2019 5010 2190 5082 ptatis
2232 5023 2458 5063 causam
2498 5021 2527 5059 a
2561 5021 2621 5061 se
2655 5003 2814 5059 facile
2847 5003 3166 5068 removerit,
3198 5014 3448 5070 congruo
3481 5005 3619 5053 tem-

2017 5117 2149 5173 pore
2192 5101 2271 5155 rei
2309 5097 2667 5166 suii'ragante.
2705 5092 2932 5150 Sextam
2966 5109 3097 5149 vero
3128 5108 3237 5147 non
3271 5091 3622 5161 simpliciter,

2018 5191 2117 5247 sed
2162 5188 2323 5261 quasi
2368 5195 2578 5244 sextam
2617 5187 2832 5252 horam,
2861 5201 2985 5242 esse
3017 5185 3175 5248 dicit,
3205 5191 3264 5238 ut
3302 5192 3358 5238 et
3393 5197 3495 5237 nos
3535 5183 3620 5236 di.

2017 5295 2240 5338 scamus
2276 5295 2346 5335 ne
2399 5294 2490 5335 res
2526 5278 2785 5333 minimas
2825 5263 3064 5348 quidem
3095 5275 3251 5329 nullo
3293 5272 3621 5328 discrimine

2018 5373 2240 5438 habere,
2265 5371 2359 5430 sed
2386 5373 2440 5429 in
2473 5371 2764 5443 quibusvis
2794 5370 2958 5427 rebus
2987 5368 3272 5424 veritatem
3300 5365 3504 5421 colere.

367 5742 422 5779 ⁷⁸
453 5741 603 5799 Psal.
647 5753 862 5806 xxxv",
888 5737 981 5792 τι.
1060 5735 1106 5768 τ’
1134 5734 1328 5790 Matth.
1361 5749 1438 5802 ιιι,
1466 5735 1564 5790 24.
1640 5732 1688 5765 ⁶⁹
1718 5729 1881 5787 Joan.
1919 5744 1960 5796 ι,
1995 5727 2087 5786 Μ.
