4106 6502
383 317 491 372 297

1390 314 1456 368 ΙΝ
1492 313 1787 372 JOANNIS
1817 314 2282 374 EVANGELIUM
2323 317 2452 374 LIB.
2496 320 2561 376 ll.

3564 327 3673 384 298

377 432 476 486 καὶ
513 429 598 493 τίς
632 427 781 481 ἐστιν
808 427 836 480 ὁ
865 425 1039 496 λέγων
1075 443 1180 493 σοι,
1206 426 1270 480 σὺ
1301 425 1367 480 ἂν
1399 412 1611 499 ᾔτησας
1638 428 1802 482 αὐτόν
1833 445 1845 458 ·
1877 429 1980 484 τίνι

2090 438 2144 484 ιιι
2177 431 2414 501 petisses
2443 432 2614 488 abeo.
2642 431 2742 490 Cui
2763 433 2911 488 enim
2943 435 3203 490 convenit
3232 451 3294 492 ea
3326 437 3512 510 largiri
3550 458 3675 512 qua:

375 522 422 578 δ’
460 522 528 577 ἂν
575 520 671 574 καὶ
723 517 927 591 πρέποι
968 518 1028 570 τὸ
1075 516 1399 589 χαρίζεσθαι
1451 517 1520 571 τά
1549 517 1644 572 τοῦ
1681 518 1853 586 θεοῦ;
1885 519 1977 591 Μὴ

374 617 501 687 οὐχὶ
524 612 668 668 κατά
706 612 872 682 φύσιν
903 610 1156 682 δντιΘεῷ
1186 628 1198 676 ;
1239 611 1425 683 Ὕδωρ
1471 612 1528 666 δὲ
1555 610 1664 676 ζῶν
1709 613 1980 667 ἀποκαλεῖ

374 704 481 774 τὴν
509 700 776 768 ζωοποιὸν
803 699 899 754 τοῦ
924 699 1242 770 Πνεύματος
1267 700 1439 766 δόσιν,
1465 701 1538 754 δι’
1582 696 1652 772 ἧς
1680 703 1774 755 καὶ
1810 702 1979 773 μόνης

375 798 408 867 ἡ
442 792 828 866 άνθρωπότης,
867 791 1048 845 καίτοι
1069 793 1183 854 τοίς
1204 793 1261 844 ἐν
1287 790 1440 862 ὄρεσι
1475 791 1744 863 πρέμνοις
1769 794 1982 848 ἀναινο-

378 888 519 960 μένη
555 883 982 957 παραπλησίως,
1011 883 1154 955 ξηρά
1178 901 1237 937 τε
1263 883 1388 955 ἢδη,
1423 885 1518 938 καὶ
1560 885 1742 956 πάσης
1787 886 1982 954 ἄγονος

372 981 580 1054 ἀρετῆς
653 980 776 1041 ταῖς
839 975 934 1030 τοῦ
983 975 1230 1041 διαϐόλου
1266 977 1626 1048 κακουργίαις
1682 977 1983 1047 ἀναδεδειγ-

376 1073 546 1145 μένη,
576 1071 716 1143 πρὸς
750 1069 810 1122 τὸ
841 1069 1069 1140 ἀρχαῖον
1102 1067 1392 1138 ἀνατρέχει
1444 1068 1542 1138 τῆς
1585 1067 1804 1137 φύσεως
1853 1067 1982 1122 κάλ-

372 1162 490 1226 λος,
523 1160 620 1215 καὶ
669 1158 768 1230 τὴν
817 1156 1086 1223 ζωοποιὸν
1135 1156 1436 1211 ἐκπίνουσα
1493 1156 1674 1229 χάριν,
1712 1157 1981 1229 πολυτρότ

372 1271 506 1318 ποις
559 1252 783 1321 ἀγαθῶν
847 1250 1014 1314 ἰδέαις
1067 1248 1514 1319 περιανθίζεται,
1582 1250 1678 1303 καὶ
1742 1254 1822 1313 εἰς
1868 1247 1983 1314 ἕξιν

372 1345 784 1402 ἀναδλαστῶσα
807 1345 907 1414 τὴν
938 1343 1252 1415 φιλάρετον,
1276 1344 1749 1415 εύτραφεστάτους
1774 1343 1874 1414 τῆς
1903 1343 1982 1410 εἰς

372 1439 516 1492 Θεὸν
555 1437 783 1508 ἀγάπης
799 1436 982 1506 ἀνίησι
1014 1435 1247 1498 κλῶνας.
1285 1434 1542 1488 Τοιοῦτον
1575 1435 1630 1488 δέ
1664 1453 1738 1502 τι,
1772 1438 1868 1490 καὶ
1893 1436 1982 1490 διὰ

371 1529 474 1582 τοῦ
538 1529 825 1600 προφήτου
884 1528 1050 1597 φησὶν
1097 1527 1318 1581 Ἡσαΐου
1372 1526 1509 1599 πρὸς
1561 1529 1712 1598 ἡμᾶς
1753 1530 1782 1580 ὁ
1825 1527 1979 1591 Θεὸς·

381 1641 403 1673 σ
440 1619 747 1692 Εὑλογήσει
784 1636 853 1690 με
880 1617 947 1671 τὰ
975 1617 1142 1688 θηρία
1179 1617 1274 1671 τοῦ
1313 1617 1510 1689 άγρόῦ,
1566 1619 1842 1690 σειρῆνες,
1885 1619 1983 1673 καὶ

376 1712 692 1782 θυγατέρες
727 1710 1027 1782 στρουθῶν,
1057 1710 1140 1763 ὅτι
1180 1709 1360 1764 ἔδωκα
1399 1711 1458 1764 ἐν
1495 1712 1562 1782 τῇ
1595 1711 1789 1782 ἐρήμῳ
1814 1710 1981 1783 ὓδωρ,

2085 519 2182 576 Dei
2217 523 2387 577 sunt?
2415 523 2498 578 An
2533 540 2645 579 non
2675 526 2724 579 ei
2758 525 2853 594 qui
2897 527 3198 582 secundum
3231 537 3486 584 naluram
3528 531 3674 586 Deus

2084 614 2209 669 est?
2237 614 2450 685 Aquam
2496 623 2679 671 autem
2710 619 2888 672 vivam
2923 619 3160 689 appellat
3211 621 3492 676 vivificum
3537 623 3672 677 illud

2087 707 2332 776 Spiritus
2356 708 2583 775 donum,
2609 725 2708 780 per
2740 710 2886 780 quod
2917 713 3096 768 solum
3128 715 3445 770 humanitas
3479 731 3676 787 quam-

2084 799 2170 855 vis
2211 799 2440 870 perinde
2491 815 2556 855 ac
2607 804 2854 858 montani
2890 805 3108 875 stipites
3150 823 3381 877 prorsus
3431 809 3675 864 arefacta

2084 898 2138 944 et
2160 891 2342 945 omnis
2374 889 2589 962 fructus
2638 907 2837 963 expers
2880 893 3086 950 diaboli
3121 896 3316 955 fraude
3360 901 3576 956 reddita
3606 901 3675 956 ad

2085 990 2329 1039 veterem
2361 993 2578 1040 natura:
2607 987 3079 1056 pulchritudinem
3116 994 3428 1059 revocatur,
3455 1004 3507 1050 et
3537 994 3678 1050 vivi-

2087 1072 2246 1127 ﬁcam
2297 1076 2535 1145 gratiam
2576 1077 2806 1134 ebibens
2850 1079 3023 1135 variis
3069 1081 3335 1137 bonorum
3378 1088 3676 1156 generibus

2085 1166 2401 1235 redimitur,
2426 1178 2482 1223 et
2514 1168 2583 1224 ad
2609 1171 2832 1227 virtutis
2862 1173 3109 1228 studium
3137 1177 3480 1244 repullulans
3517 1180 3679 1234 uber-

2085 1258 2262 1314 rimos
2291 1260 2608 1316 dilectionis
2640 1261 2735 1317 Dei
2786 1277 2973 1319 ramos
3003 1264 3136 1319 edit.
3170 1264 3303 1322 Tale
3353 1283 3483 1322 vero
3517 1269 3678 1338 quid—
3733 1317 3750 1340 ,

2086 1347 2212 1402 dam
2265 1350 2428 1406 nobis
2477 1367 2701 1423 quoque
2751 1351 2902 1409 Deus
2949 1369 3048 1425 per
3102 1355 3300 1410 Isaiam
3355 1358 3676 1430 prophetam

2087 1438 2164 1492 ait
2203 1457 2215 1492 :
2261 1457 2279 1490 ι
2322 1438 2726 1496 Glorificabunt
2783 1459 2871 1499 me
2908 1444 3102 1500 bestize
3151 1446 3287 1517 agri,
3342 1448 3580 1512 sirenes,
3628 1461 3683 1503 et

2087 1527 2211 1584 filiae
2243 1531 2648 1597 struthionum,
2682 1533 2812 1611 quia
2875 1535 3001 1591 dedi
3053 1537 3107 1591 in
3155 1538 3376 1594 deserto
3425 1529 3600 1611 aquas
3628 1549 3684 1595 et

2086 1619 2315 1677 ﬂumina
2347 1624 2402 1678 in
2432 1608 2729 1696 inaquoso,
2749 1638 2808 1682 ut
2835 1627 3029 1684 bibere
3061 1628 3261 1684 faciam
3290 1608 3680 1702 genus—meum

2086 1715 2359 1786 electum;
2404 1719 2668 1788 pepulum
2705 1734 2890 1776 meum
2931 1737 3095 1792 quem
3144 1724 3439 1793 acquisivi,
3467 1733 3525 1779 ut
3564 1725 3681 1779 vir-

375 1805 475 1858 καὶ
511 1802 794 1874 ποταμοὺς
825 1805 884 1856 ἐν
912 1804 978 1874 τῇ
1025 1801 1263 1874 ἀνύδρῳ,
1299 1802 1520 1856 ποτίσαι
1569 1802 1631 1855 τὸ
1673 1802 1830 1871 γένος
1880 1821 1980 1873 μου

2090 1815 2234 1888 tutes
2272 1824 2422 1865 meas
2472 1819 2664 1866 narret
2696 1813 2763 1867 εί.
2806 1831 2825 1864 ι
2861 1811 3004 1870 Jnsti
3049 1830 3215 1885 porro
3270 1816 3511 1871 animam
3565 1817 3684 1874 fore

373 1897 438 1952 τὸ
453 1896 735 1958 ἐκλεκτὸν,
762 1894 891 1948 λαόν
919 1912 1019 1965 μου
1054 1894 1114 1948 ὃν
1138 1895 1620 1967 περιεποιησάμην
1645 1896 1748 1959 τὰς
1777 1895 1984 1967 ἀρετάς

383 2007 486 2062 μου
515 1987 848 2060 διηγεῖσθαι.
887 2007 905 2039 ι
945 1988 1208 2042 Ἕσεσθαι
1230 1989 1288 2042 δὲ
1341 1989 1435 2042 καὶ
1476 1989 1575 2060 τὴν
1626 1989 1722 2042 τοῦ
1764 1988 1979 2043 δικαίου

382 2082 582 2152 ψυχὴν,
617 2080 696 2144 ὼς
731 2079 889 2153 ξύλον
917 2079 1219 2152 ἔγκαρπον,
1248 2080 1437 2153 ἕτερός
1463 2097 1600 2152 φησι
1645 2081 1756 2135 τῶν
1787 2080 1981 2149 ἁγίων,

381 2150 492 2228 καί
520 2172 807 2226 άνατελεῖν
839 2150 978 2243 ’μὲν,
1028 2150 1162 2226 ὡσεὶ
1198 2150 1394 2245 χόρτον
1441 2150 1721 2244 ἀναμέσον
1766 2172 1980 2239 ὓδατος,

376 2264 724 2336 ὀφθήσεσθαι
764 2265 925 2328 δὲὼς
963 2264 1110 2318 ἰτέαν
1145 2266 1239 2319 ἐπὶ
1269 2264 1587 2338 παραρρέον
1610 2263 1780 2336 ὕδωρ.
1814 2267 1985 2322 Δυνα-

374 2359 473 2413 τδν
507 2359 610 2429 μὲν
636 2354 730 2412 οὖν
773 2359 888 2422 τοῖς
923 2357 1240 2429 εἰρημένοις
1295 2359 1390 2411 καὶ
1432 2358 1626 2432 ἐτέρας
1671 2360 1822 2431 ἡμᾶς
1860 2361 1982 2413 ἐπι-

379 2450 652 2521 σωρεύειν
679 2449 779 2514 τάς
800 2449 909 2504 ἀπὸ
931 2450 1034 2519 τῆς
1081 2449 1234 2513 θείας
1275 2452 1501 2524 Γραφῆς
1541 2450 1877 2522 μαρτυρίας,
1916 2451 1984 2506 δι’

377 2536 458 2597 ὧν
502 2539 572 2614 ἦν
623 2543 720 2596 καῖ⁹
761 2543 912 2612 μάλα
931 2543 1126 2616 ῥαδίως
1174 2543 1559 2608 ἐπιδεικνύειν,
1591 2542 1667 2606 ὡς
1701 2542 1763 2597 ἐν
1791 2541 1986 2609 ὕδατος

378 2634 732 2708 προσηγορίᾳ
759 2635 821 2688 τὸ
847 2635 990 2689 Θείον
1035 2634 1296 2698 πολλάκις
1347 2635 1776 2706 κατωνόμασται
1818 2636 1987 2690 πνεῦ-

2088 1907 2350 1971 tauquam
2413 1901 2623 1972 lignum
2689 1901 3038 1960 fructiferum
3098 1907 3239 1962 alter
3304 1907 3467 1963 nobis
3518 1909 3676 1978 181

2086 1999 2316 2049 sanctus
2353 1992 2524 2059 canit,
2568 2001 2624 2049 et
2656 1995 2923 2052 orituram
2972 1997 3118 2052 sicut
3172 1998 3356 2052 fenum
3409 1999 3464 2053 in
3499 2001 3683 2056 medio

2085 2099 2280 2156 aquae,
2328 2094 2386 2141 et
2457 2086 2606 2142 sicut
2683 2089 2909 2145 salicem
2971 2106 3142 2161 super
3219 2091 3683 2162 praeterfluentem

2089 2191 2288 2248 aquam
2306 2176 2374 2234 ⁸³.
2391 2178 2617 2234 Possem
2638 2180 2725 2237 his
2751 2183 2854 2238 alia
2878 2184 3166 2254 complura
3192 2184 3507 2240 testimonia
3533 2183 3685 2240 Scri-

2090 2279 2268 2341 pturae
2289 2272 2612 2344 adjtmgere,
2639 2276 2843 2344 quibus
2867 2275 3190 2332 facillimum
3223 2288 3370 2334 esset
3389 2279 3686 2336 ostendere
3801 2337 3811 2357 κ

2083 2373 2242 2431 aqua:
2275 2363 2546 2418 vocabulo
2573 2365 2899 2435 plerumque
2947 2363 3196 2421 divinum
3249 2365 3508 2435 spiritum
3542 2381 3685 2420 nun-

2082 2453 2293 2523 cupari.
2337 2453 2444 2526 Sed
2497 2465 2718 2527 tempus
2767 2472 2878 2512 non
2927 2465 3012 2514 est
3067 2458 3121 2512 in
3166 2459 3252 2514 his
3295 2458 3628 2512 immorandi
3667 2475 3680 2509 :

2083 2547 2319 2618 proinde
2363 2564 2587 2604 rursum
2637 2550 2694 2605 in
2741 2558 2960 2606 vastum
2991 2550 3126 2605 illud
3175 2560 3229 2605 et
3257 2552 3501 2622 amplum
3543 2550 3686 2604 divi-

2085 2654 2283 2694 narum
2315 2643 2846 2712 contemplationum
2879 2643 3106 2714 pelagus
3134 2643 3504 2699 enatabimus.

383 2749 484 2804 μα.
508 2729 616 2785 Τοῦ
646 2727 961 2793 δέ.τούτοις
1002 2731 1154 2802 ἡμᾶς
1197 2728 1595 2802 ἐμφιλοχωρεϊν
1640 2731 1700 2783 ού
1740 2731 1932 2802 καιρός
1957 2747 1971 2761 ο
2014 2731 2094 2785 διὸ
2141 2733 2204 2806 δὴ
2255 2735 2416 2790 πάλιν
2472 2737 2680 2809 ἐτέροις
2707 2736 3077 2810 ἐπινηξόμεθα
3115 2737 3252 2807 πρὸς
3273 2724 3352 2789 ’τὸ
3397 2737 3542 2809 μέγα
3592 2739 3688 2794 καὶ

380 2829 561 2884 πλατὺ
588 2827 700 2882 τῶν
735 2826 897 2881 θείων
930 2826 1302 2898 θεωρημάτων
1345 2827 1691 2898 ἐπειγόμενοι
1722 2828 1978 2896 πέλαγος.

455 2921 656 2990 Κύριε,
689 2919 828 2972 οὔτε
863 2919 1142 2987 ἄντλημα
1178 2917 1361 2986 ἔχεις,
1403 2918 1595 2972 καὶτὸ
1620 2917 1809 2988 φρέαρ
1844 2918 1980 2997 ἐστὶ

380 3014 546 3081 βαθὺ
578 3029 592 3044 ο
623 3014 812 3067 πόθεν
832 3007 949 3066 οὗν
980 3010 1142 3080 ἔχεις
1162 3009 1230 3062 τὸ
1253 3010 1412 3079 ὕδωρ
1443 3010 1508 3063 τὸ
1527 3009 1674 3072 ζῶν;

2162 2916 2254 2982 ιν,
2301 2917 2390 2972 ll.
2435 2916 2681 2982 Domine,
2722 2933 2884 2987 neque
2914 2917 2971 2970 in
3005 2932 3108 2986 quo
3145 2918 3369 2972 haurias
3417 2917 3599 2982 habes,
3635 2928 3688 2973 et

2087 3019 2275 3076 puteus
2302 3009 2444 3063 allus
2471 3017 2549 3062 est
2581 3025 2601 3062 :
2629 3009 2768 3062 unde
2791 3025 2915 3078 ergo
2941 3008 3101 3064 habes
3134 3025 3328 3079 aquam
3367 3011 3539 3064 vivam
3557 3011 3583 3064 2³

457 3105 628 3159 Οὐδὲν
658 3103 767 3157 τῶν
802 3107 859 3158 ἐν
887 3102 1148 3176 συνηθείᾳ
1185 3101 1346 3156 πλέον
1386 3104 1420 3173 ἡ
1452 3103 1588 3174 γυνὴ
1626 3102 1980 3172 φαντάζεται,

2159 3102 2308 3157 Nihil
2356 3103 2465 3158 nisi
2515 3103 2742 3172 vulgare
2784 3102 2982 3158 mulier
3022 3103 3126 3158 sibi
3171 3102 3455 3173 proponit,
3509 3119 3689 3174 neque

384 3200 484 3253 καὶ
521 3197 738 3268 συνίησι
777 3196 875 3267 μὲν
902 3194 1156 3266 οὐδαμῶς
1189 3193 1299 3247 τῶν
1320 3194 1630 3266 εἰρημένων
1675 3192 1773 3264 τὴν
1823 3193 1985 3248 δύνα-

389 3307 508 3362 μιν,
541 3289 715 3342 οῐεται
754 3288 812 3341 δὲ
840 3287 922 3340 ὅτι
949 3286 1094 3340 κατά
1135 3301 1288 3349 τινας
1325 3284 1435 3339 τῶν
1478 3285 1540 3350 ἐξ
1596 3285 1836 3356 ἐπῳδῆς,
1891 3283 1988 3338 καί⁹

383 3374 780 3452 δαιμονιώδούς
810 3379 1030 3448 ἀπάτης
1058 3377 1501 3449 θαυματουργετν
1531 3377 1821 3442 εἰωθότων,
1843 3394 1990 3449 σχοι-

385 3473 505 3528 νίου
534 3490 597 3526 τε
618 3472 761 3542 δίχα,
817 3471 911 3524 καί
934 3487 1075 3534 τινος
1116 3469 1310 3541 ἐτέρας
1353 3470 1624 3542 μηχανῆς,
1683 3470 1988 3542 αὐτόματον

385 3567 531 3638 αὐτῇ
558 3565 790 3636 ’τὸ-ὓδωρ
823 3565 889 3618 ἐκ
921 3563 1031 3617 τῶν
1067 3563 1373 3635 φρεατείων
1417 3565 1622 3640 ἀνοίσει
1656 3562 1952 3634 πυθμένων
1972 3577 1984 3591 ·

386 3657 539 3728 ὕδωρ
560 3657 619 3710 δὲ
653 3655 785 3722 ζῶν,
809 3655 886 3719 ὡς
913 3655 1051 3728 πρὸς
1081 3655 1173 3708 τὸν
1198 3656 1402 3709 οἰκεῖον
1445 3654 1702 3727 ὀνομάζει
1763 3655 1987 3723 σκοπὸν,

384 3751 451 3806 τὸ
472 3749 675 3804 νεωστὶ
707 3748 817 3801 τῶν
881 3747 1138 3824 πηγαίων
1164 3747 1522 3819 ἀνομϐρῆσαν
1565 3747 1805 3818 μαστῶν.

457 3840 562 3910 Μὴ
598 3840 681 3894 σὺ
697 3839 914 3910 μείζων
947 3834 1003 3892 εἷ
1021 3838 1129 3892 τοῦ
1175 3839 1407 3907 πατρὸς
1447 3837 1618 3908 ἡμῶν
1652 3839 1881 3904 Ἰακὼϐ,
1923 3841 1991 3907 ὃς

383 3932 620 3988 ἔδωκεν
651 3931 797 4002 ἡμῖν
823 3931 890 3985 τὸ
919 3931 1108 4000 φρέαρ
1127 3915 1327 3998 τοῦτο,
1358 3930 1457 3986 καί
1486 3916 1671 3998 abab;
1707 3932 1776 3997 ἐξ
1802 3933 1991 3988 αὑτοῦ

383 4027 544 4090 ἔπιε,
579 4023 680 4078 καὶ
713 4025 767 4076 οι
788 4021 908 4076 υἱοί
949 4020 1158 4088 αὐτοῦ,
1187 4021 1288 4075 καὶ
1320 4022 1394 4076 τὰ
1417 4021 1720 4092 θρέμματα
1755 4024 1945 4080 αὐτοῦ
1971 4039 1990 4087 ,°

385 4117 712 4186 Ἀπεκρίθη
753 4115 1006 4182 Ἰησοῦς,
1030 4112 1130 4167 καὶ
1156 4109 1326 4167 εἶπεν
1347 4112 1527 4182 αὐτῇ.

467 4208 708 4278 Ἐαυτῆς
730 4205 1184 4277 ἐπιλαμϐάνεται,
1217 4205 1312 4258 καὶ
1363 4204 1570 4274 σφόδρα
1595 4205 1694 4275 τὴν
1727 4206 1994 4279 ταχίστην

387 4302 424 4372 ἡ
459 4300 625 4370 γυνὴ,
667 4299 869 4370 συνορᾷ
902 4298 960 4351 δὲ
990 4299 1091 4368 οὐχ
1117 4296 1302 4361 ὁσίως,
1341 4297 1462 4350 οὐδὲ
1505 4297 1725 4362 πάντως
1771 4297 1996 4370 ἀληθεῖς

386 4391 636 4446 λαϐοῦσα
680 4391 783 4454 τὰς
841 4389 1098 4454 ὑπονοίας
1147 4390 1275 4460 περὶ
1313 4387 1481 4442 αὐτοῦ
1507 4403 1522 4420 ο
1573 4390 1634 4442 ού
1680 4391 1790 4460 γὰρ
1821 4386 1888 4460 ἧν
1917 4391 1993 4461 μὴ

2091 3198 2366 3253 dictorum
2395 3184 2502 3250 vim
2532 3197 2703 3267 capit,
2739 3195 2836 3251 sed
2871 3195 3154 3252 existimat
3187 3202 3414 3266 repente
3449 3196 3629 3267 ipsum
3656 3213 3690 3254 e

2091 3291 2240 3360 putei
2266 3288 2440 3344 fundo
2460 3304 2658 3359 aquam
2691 3287 3086 3354 deducturum,
3107 3302 3218 3342 non
3255 3303 3416 3345 secus
3440 3289 3560 3343 acii
3593 3289 3690 3360 qui

2093 3382 2326 3454 magicis
2353 3381 2700 3446 carminibus
2729 3395 2793 3435 ac
2834 3381 3149 3436 daemonum
3185 3380 3380 3437 fraude
3412 3382 3689 3436 mirabilia

2092 3484 2315 3547 patrare
2359 3475 2565 3530 solent.
2600 3475 2813 3544 Aquam
2853 3457 3057 3539 vivam,
3091 3489 3157 3529 ex
3202 3489 3303 3530 sua
3355 3480 3542 3529 mente
3586 3489 3690 3528 no-

2093 3567 2291 3633 minat,
2341 3581 2539 3637 nempe
2569 3581 2694 3637 qua:
2743 3581 2810 3622 ex
2844 3565 3013 3622 fontis
3053 3566 3326 3623 uberibus
3363 3580 3562 3622 recens
3605 3565 3689 3622 ef-

2091 3656 2268 3714 ﬂuxit.

2167 3837 2257 3902 IV,
2284 3838 2371 3892 12.
2418 3838 2697 3910 Numquid
2730 3847 2787 3892 tu
2820 3838 2996 3908 major
3023 3855 3077 3892 es
3099 3847 3252 3906 patre
3283 3847 3465 3893 nostra
3495 3837 3691 3905 Jacob,

2094 3932 2187 4002 qui
2207 3930 2353 3985 dedit
2387 3933 2540 3986 nobis
2571 3941 2787 4002 puteum
2840 3924 3001 3996 hunc,
3025 3942 3074 3985 et
3103 3932 3214 4000 ipse
3245 3945 3312 3984 ea:
3341 3947 3401 3985 eo
3437 3931 3592 3996 bibit,
3638 3938 3692 3985 et

2095 4017 2200 4089 ﬁlii
2249 4019 2399 4088 ejus,
2445 4029 2496 4074 et
2557 4036 2751 4090 pecora
2817 4020 2974 4090 ejus?
3033 4019 3323 4090 Respondit
3387 4018 3583 4086 Iesus,
3638 4029 3690 4074 et

2095 4112 2234 4166 dixit
2263 4113 2333 4166 ei.

2166 4204 2366 4261 Mulier
2401 4205 2516 4261 cito
2557 4206 2802 4276 seipsam
2831 4205 3093 4276 castigat,
3123 4205 3403 4278 simulque
3439 4206 3692 4261 animad-

2096 4300 2263 4355 vertit
2300 4314 2360 4356 se
2388 4314 2501 4355 non
2530 4299 2620 4369 pie
2658 4305 2713 4354 et
2741 4313 2870 4354 vere
2903 4297 2972 4354 de
3016 4299 3111 4354 illo
3143 4299 3368 4356 sentire.
3396 4297 3507 4354 Nec
3541 4298 3690 4354 enim

2097 4385 2148 4440 ei
2181 4386 2343 4456 plane
2373 4386 2570 4443 deesse
2598 4396 2816 4458 poterat
2849 4388 3118 4444 auxilium
3153 4387 3220 4444 ad
3249 4387 3689 4474 intelligendum,

389 4484 617 4546 πάντως
645 4481 979 4552 ὡφελεῖσθαι
1005 4479 1142 4550 πρὸς
1175 4479 1362 4549 νῆψιν,
1390 4478 1492 4550 τὴν
1530 4479 1668 4543 ὅλως
1686 4479 1798 4533 τῶν
1830 4479 1985 4533 θείων

2099 4478 2309 4549 quippe‘
2348 4493 2471 4548 quae
2513 4479 2721 4536 divinis
2773 4479 3127 4537 sermonibus
3184 4478 3486 4536 frueretur.
3519 4478 3693 4547 Quasi

385 4574 777 4630 ἀπολαύουσαν
802 4572 999 4641 λόγων.
1038 4571 1128 4634 Ὠς
1144 4571 1496 4641 ἐνδεχομένου
1513 4571 1804 4642 τοιγαροῦν
1839 4573 1988 4643 ἐπῳ-

384 4668 479 4723 δὸν
515 4667 617 4738 μὲν
650 4665 752 4720 οὐκ
772 4657 911 4718 εἷναι
938 4663 1031 4716 τὸν
1056 4661 1289 4731 λέγοντα
1307 4703 1320 4727 ,
1351 4662 1640 4733 προφήτην
1669 4662 1728 4716 δὲ
1789 4663 1989 4734 μᾶλλον

385 4762 488 4816 καὶ
526 4758 637 4813 τῶν
675 4760 736 4812 ἐν
768 4755 1028 4827 ἁγιασμῷ
1053 4754 1373 4827 διαπρέπων
1397 4753 1507 4828 lla.
1527 4755 1988 4830 διαπρεπόντων],

382 4854 481 4908 διά
528 4869 587 4905 τε
641 4850 802 4904 τοῦτο
857 4847 1117 4922 παρέξειν
1160 4847 1299 4919 αὐτῇ
1329 4851 1391 4900 τὸ
1440 4847 1584 4920 ὕδωρ
1608 4849 1669 4902 τὸ
1711 4848 1821 4912 ζῶν
1854 4868 1990 4904 κατ-

291 4965 300 4973 ‘
384 4941 854 5012 επαγγέλλεσθαι,
891 4940 986 4994 καὶ
1013 4939 1136 5010 δίχα
1170 4938 1280 4992 τῶν
1306 4940 1447 4992 κατὰ
1479 4939 1768 5010 συνήθειαν
1797 4942 1994 5014 ἀντλη-

389 5039 606 5110 μάτων,
646 5034 680 5106 ἢ
730 5034 867 5087 πολὺ
916 5033 1054 5105 πρὸς
1107 5031 1310 5104 χρῆσιν
1353 5031 1412 5084 τὸ
1452 5033 1674 5102 ἄμεινον
1705 5034 1766 5099 ἐξ
1798 5035 1993 5108 ἐτέρας

384 5128 793 5199 ἀνευρίσκοντα
859 5126 1070 5196 πηγῆς,
1131 5123 1456 5194 μετατίθησι
1501 5125 1594 5179 τὸν
1635 5126 1793 5196 λόγον
1828 5129 1993 5194 εὐθὺς

382 5220 484 5275 ἐπὶ
517 5221 580 5272 τὸ
611 5218 1075 5291 σωφρονέστερον,
1116 5217 1212 5270 καὶ
1235 5216 1310 5281 ὡς
1339 5215 1495 5285 ᾰγιον
1533 5218 1678 5290 ἁγίῳ
1705 5201 1990 5292 συγκρίνει

382 5311 648 5381 λέγουσα,
683 5330 702 5362 ι
738 5311 831 5380 Μὴ
853 5311 918 5362 σὺ
947 5309 1148 5380 μείζων
1170 5304 1330 5363 εἰτοῦ
1361 5310 1744 5384 πατρὸςήμῶν
1776 5313 1992 5380 Ἰακὼσ,

381 5403 448 5468 ὃς
479 5403 682 5476 ἔδωκεν
711 5404 846 5473 ἡμῖν
875 5402 937 5454 τὺ
971 5401 1154 5473 φρέαρ
1183 5401 1378 5466 mino;
1407 5421 1428 5455 ι
1456 5405 1629 5474 Δέχου
1659 5405 1753 5458 τοῦ
1787 5407 1995 5477 νοήμα-

381 5512 484 5558 τος
506 5494 607 5566 τὴν
633 5492 936 5566 περίνοιαν,
973 5494 1038 5546 ἐκ
1080 5492 1175 5546 τοῦ
1222 5493 1426 5564 μηκέτι
1454 5494 1760 5566 θαυμάζειν
1799 5499 1992 5570 αὐτὴν,

381 5588 440 5640 εἰ
476 5584 713 5656 σχοινίον
741 5583 841 5636 ούκ
869 5581 1014 5653 ἔχων
1038 5581 1100 5635 τὸ
1132 5581 1278 5654 ὕδωρ
1327 5583 1746 5652 ἐπαγγέλλεται,
1792 5585 1895 5656 τῆς
1937 5588 1995 5641 δὲ

462 5750 505 5780 δ’
548 5761 652 5816 lsa.
687 5772 847 5817 mn.
879 5756 972 5818 εο,
998 5756 1088 5809 ΞΙ.
1169 5755 1213 5786 "
1244 5754 1349 5810 lsa.
1389 5773 1534 5821 xuv,
1571 5760 1622 5815 4.

727 5853 1004 5912 Pyram.
1047 5851 1166 5916 Gn.
1196 5853 1476 5914 LXXIEI.

2099 4584 2230 4640 ergo
2264 4569 2384 4625 ﬁeri
2417 4585 2530 4626 non
2574 4579 2764 4642 posset
2806 4580 2868 4626 ut
2911 4571 2962 4628 is
2990 4572 3086 4643 qui
3138 4571 3471 4643 loquebatur
3499 4572 3694 4632 incan-

2100 4671 2249 4718 tator
2275 4671 2444 4729 esset,
2476 4664 2573 4720 sed
2621 4664 2891 4735 propheta
2920 4665 3127 4735 potius,
3159 4674 3214 4720 et
3259 4666 3336 4720 ex’
3366 4680 3560 4720 eorum
3586 4681 3693 4719 nu-

2067 4770 2256 4826 .mero
2305 4757 2403 4826 qui
2450 4757 2746 4813 sanctitate
2801 4757 3092 4827 conspicui
3150 4765 3303 4822 sunt,
3350 4762 3408 4812 et
3459 4756 3692 4826 proinde

2103 4846 2464 4916 praebiturum
2497 4861 2556 4902 se
2586 4847 2635 4902 ei
2660 4862 2856 4917 aquam
2893 4847 3071 4902 vivam
3105 4846 3485 4917 polliceretur,
3525 4846 3694 4916 idque

2099 4937 2223 4994 sine
2257 4937 2581 5008 vulgaribus
2629 4937 2894 5002 haustris,
2923 4947 3019 4993 aut
3068 4938 3137 4992 ad
3165 4953 3328 4992 usum
3381 4937 3544 5008 longe
3574 4953 3692 4993 me-

2099 5031 2320 5096 liorem,
2353 5045 2417 5085 ex
2455 5031 2566 5085 alio
2605 5031 2874 5085 nimirum
2904 5029 3055 5086 fonte
3098 5039 3398 5101 repertam,
3431 5031 3693 5086 emendat

2100 5123 2288 5178 statim
2321 5123 2466 5192 quod
2499 5122 2740 5187 dixerat,
2767 5130 2822 5176 et
2851 5123 3008 5192 quasi
3053 5130 3311 5179 sanctum
3340 5136 3464 5176 cum
3494 5129 3689 5176 sancto

2098 5226 2399 5287 comparat,
2441 5215 2679 5272 dicens:
2713 5235 2733 5266 ι
2769 5215 3042 5287 Numquid
3089 5223 3147 5271 tu
3198 5214 3375 5285 major
3417 5230 3478 5270 es
3538 5223 3692 5284 patre

2095 5315 2291 5362 nostro
2326 5306 2521 5374 Iacob,
2546 5310 2640 5378 qui
2675 5309 2826 5365 dedit
2853 5309 3020 5365 nobis
3050 5316 3273 5378 puteum
3307 5305 3488 5361 hunc?
3517 5323 3538 5355 ι
3569 5303 3688 5357 Vim

2096 5400 2265 5471 hujus
2303 5401 2436 5456 dicti
2482 5404 2674 5474 accipe
2723 5419 2793 5458 ex
2845 5417 2913 5458 eo
2942 5403 3090 5472 quod
3144 5403 3262 5471 ipsa
3300 5414 3410 5453 non
3447 5395 3687 5465 amplius

2095 5491 2328 5545 miratur
2357 5493 2504 5561 quod
2540 5491 2676 5548 fune
2721 5493 3021 5548 destitutus
3073 5503 3272 5560 aquam
3327 5481 3688 5538 nihilominus

2095 5583 2443 5653 polliceatur,
2479 5584 2576 5642 sed
2637 5584 2707 5641 de
2756 5585 2877 5656 ejus
2930 5583 3200 5656 qualitate
3248 5575 3504 5649 gnstabili
3545 5574 3690 5631 du...-

3291 5839 3359 5902 10
