4106 6508
490 389 592 446 29‘)

1447 375 1504 432 s.
1536 375 1819 430 (intth
1855 356 2330 430 ALEXANDRIM
2370 347 2690 431 mnum

3657 385 3764 440 300

487 508 643 556 taxat
715 495 986 565 loquitur.
1052 492 1387 547 Samaritani
1455 493 1641 563 itaque
1715 490 2062 560 alienigenae,

2177 465 2319 576 ’κατὰ
2347 489 2536 559 γεῦσιν
2568 491 2855 562 ποιότητος
2884 493 3010 564 πέρι
3045 491 3390 562 διαλέγεσθαι
3440 496 3631 572 μόνης,
3670 501 3769 555 Σα.

488 594 691 665 quippe
739 590 834 661 qui
889 585 1311 658 Babyloniorum
1359 585 1580 641 colonia
1633 591 1811 640 erant.
1855 582 2070 638 Patrem

490 694 670 740 autem
722 682 825 752 ipsi
881 693 1102 750 quoque
1161 676 1336 734 Jacob
1384 677 1693 738 venditant.
1728 676 1936 746 duplici
1979 691 2071 730 ra-

488 779 640 832 tione
677 793 691 829 :
725 787 851 829 cum
877 771 1027 828 enim
1061 771 1353 838 ﬁnitimam
1381 778 1437 826 et
1477 771 1714 826 vicinam
1755 769 2070 825 Iudaeorum

487 869 764 936 regionem
800 864 1143 928 habitarent,
1183 863 1344 934 182
1381 863 1634 917 nonnihil
1671 862 1726 916 in
1775 877 1836 917 se
1870 876 1938 916 ex
1979 875 2073 914 eo-

486 974 610 1014 rum
639 954 798 1013 cultu'
820 956 1222 1026 exprimebant,
1247 963 1302 1011 et
1333 955 1540 1010 Judzeis
1566 954 1820 1024 patribus
1847 952 2071 1023 gloriari

484 1052 833 1108 nitebantur.
876 1049 1002 1104 Alia
1052 1049 1218 1115 ratio,
1264 1063 1438 1118 eaque
1481 1047 1773 1104 verissima
1808 1047 1922 1101 haec
1965 1053 2069 1110 est,

484 1144 632 1215 quod
665 1142 915 1214 plerique
953 1157 1146 1197 eorum
1188 1142 1282 1213 qui
1319 1140 1628 1197 Samariam
1663 1140 1983 1196 incolebant
2041 1151 2071 1192 a

486 1233 660 1289 Jacob
694 1249 869 1305 genus
902 1233 1201 1289 ducebant.
1233 1231 1528 1288 Jeroboam
1563 1233 1770 1303 quippe
1801 1231 1948 1287 (ilius
1981 1231 2074 1286 ille

490 1324 691 1390 Naliat,
721 1327 1070 1395 congregatis
1103 1324 1294 1380 decem
1349 1325 1574 1380 lsraelis
1602 1325 1861 1380 tribubus
1891 1332 1948 1378 et
1983 1322 2072 1376 di-

432 1427 444 1440 ‘
491 1417 662 1474 midia
683 1423 836 1486 parte
862 1417 1044 1471 tribus
1067 1414 1650 1486 Ephraim,profectus
1677 1413 2072 1484 Hierosolymis

490 1517 753 1581 regnante
788 1509 1035 1564 Roboam
1086 1509 1195 1564 [ilio
1248 1507 1582 1574 Salomonis,
1612 1506 1920 1564 Samariam
1977 1521 2072 1561 oc-

403 1625 412 1632 -
489 1600 730 1672 cupavit,
761 1599 816 1654 in
849 1614 1023 1669 eaque
1054 1599 1252 1656 domos
1285 1607 1340 1654 et
1366 1591 1534 1656 urbes
1561 1598 1854 1655 exstruxit.

553 1774 646 1841 IV,
689 1775 876 1831 lS-H.
921 1774 1107 1831 Omnis
1154 1777 1245 1846 qui
1289 1776 1417 1830 bibit
1465 1793 1530 1831 ex
1583 1795 1725 1844 aqua
1771 1777 1893 1845 hac,
1927 1779 2071 1832 sitiet

2177 587 2434 654 μαρείται
2466 586 2567 656 μὲν
2600 580 2694 640 οὖν
2719 585 3048 654 άλλογενείς,
3079 586 3440 642 Βαϐυλωνίων
3466 591 3574 663 γὰρ
3605 593 3766 648 amt.

2175 693 2280 730 κοι.
2320 677 2540 749 Πατέρα
2568 677 2624 730 δέ
2668 678 2762 731 καὶ
2788 679 2943 732 αὐτοὶ
2987 677 3077 733 τὸν
3129 678 3324 733 Ἰακὼϐ
3366 683 3765 754 ἐπιγράφονται

2175 767 2319 820 κατὰ
2370 767 2463 820 δύο
2514 769 2750 842 τρόπους
2776 784 2788 796 ·
2815 769 2892 832 ὡς
2950 768 3056 841 γὰρ
3086 770 3287 840 ὅμορόν
3325 790 3385 826 τε
3419 775 3514 830 καὶ
3549 777 3772 845 γείτονα

2173 857 2272 928 τὴν
2318 859 2585 914 Ἰουδαίων
2634 860 2910 925 οἰκοῦντες
2961 861 3168 934 χώραν,
3220 863 3379 932 ὀλίγα
3403 869 3503 938 τῆς
3541 869 3770 924 ἐκείνων

2176 949 2431 1021 λατρείας
2465 953 2546 1016 εἰς
2574 953 2800 1018 ἑαυτοὺς
2825 955 3215 1024 ἀνεμάττοντο,
3243 957 3338 1009 καὶ
3353 961 3466 1022 τοῖς
3501 960 3770 1016 Ἰουδαίων

2176 1041 2450 1112 πατράσιν
2483 1044 2743 1114 ἐπαυχεῖν
2777 1043 3072 1113 ἐμελέτων.
3097 1045 3308 1111 Ἀλλως
3346 1065 3428 1112 τε,
3465 1049 3558 1104 καὶ
3587 1045 3655 1123 ἦν
3676 1051 3769 1107 ὄν-

2175 1149 2283 1207 τως
2320 1134 2538 1204 ἀληθὲς,
2595 1135 2679 1189 ὅτι
2734 1137 2835 1206 τῆς
2887 1137 3083 1192 Ἰακὼϐ
3145 1140 3415 1209 ἐξέφυσαν
3468 1142 3625 1213 ῥίζης
3657 1145 3770 1198 τῶν

2175 1225 2275 1296 τὴν
2335 1226 2650 1298 Σαμάρειαν
2692 1228 2987 1282 οἰκούντων
3041 1231 3092 1282 οἰ
3143 1230 3381 1294 πλείους.
3425 1233 3484 1285 '0
3527 1234 3638 1304 γὰρ
3668 1236 3766 1290 τοῦ

2176 1315 2367 1394 Ναϐάτ
2409 1316 2714 1388 Ἰεροϐοὰμ,
2748 1318 2883 1372 δέκα
2921 1320 3014 1374 τοῦ
3059 1321 3275 1393 Ἰσραὴλ
3311 1325 3640 1398 συναγείρας
3659 1345 3766 1396 φυ-

2175 1407 2294 1473 λὰς,
2331 1411 2425 1463 καὶ
2455 1410 2517 1464 τὸ
2542 1410 2715 1480 ἥμισυ
2741 1412 2917 1482 φυλῆς
2961 1414 3221 1486 Ἐφραῒμ,
3280 1419 3505 1489 ἀπαίρει
3542 1419 3642 1490 μὲν
3668 1421 3766 1491 τῆς

2187 1499 2542 1570 Ἰερουσαλὴμ
2597 1500 2758 1554 κατὰ·
2797 1502 2992 1573 καιρὸν
3038 1504 3138 1574 τῆς
3192 1505 3429 1578 Ῥοϐοάμ
3461 1507 3764 1579 βασιλείας,

2175 1589 2293 1644 υίοῦ
2334 1591 2668 1662 Σολομῶνος,
2697 1593 3022 1648 καταλαϐὼν
3058 1596 3116 1650 δὲ
3156 1598 3258 1668 τὴν
3306 1599 3641 1671 Σαμάρειαν,
3671 1595 3766 1656 καὶ

2174 1678 2356 1742 οἴκους
2380 1682 2437 1733 ἐν
2459 1681 2620 1753 αὐτῇ,
2649 1682 2744 1734 καί⁷
2775 1682 2959 1746 πόλεις
2992 1684 3269 1756 ἐδείματο.

2246 1768 2373 1836 Πᾶς
2407 1775 2439 1826 ό
2484 1772 2678 1825 πίνων
2723 1773 2791 1827 ἐκ
2830 1773 2937 1828 τοῦ
2982 1775 3203 1844 ὕδατος
3232 1781 3469 1847 τούτου,
3511 1782 3761 1852 διψήσει

484 1869 673 1923 iterum
706 1884 722 1922 .'
755 1869 843 1936 qui
889 1878 1065 1922 autem
1097 1867 1288 1921 biberit
1323 1883 1388 1923 ex
1420 1885 1559 1938 aqua
1595 1885 1754 1939 quam
1803 1886 1896 1937 ego
1929 1870 2062 1925 dabo

2174 1860 2382 1915 πάλιν·
2417 1862 2485 1929 ὃς
2513 1863 2566 1916 δ’
2605 1863 2682 1918 ἂν
2720 1866 2826 1934 πίῃ
2849 1866 2917 1919 ἐκ
2951 1867 3057 1922 τοῦ
3081 1868 3320 1937 ὕδατος,
3352 1868 3423 1928 οὗ
3443 1873 3559 1942 ἐγὼ
3592 1873 3764 1930 δώσω

479 1961 552 2026 εί,
579 1977 684 2014 ηοη
717 1961 857 2014 sitiet
893 1960 947 2013 in
991 1969 1272 2024 wternunt,
1298 1959 1388 2016 sed
1427 1977 1568 2031 aqua
1619 1978 1778 2032 quam
1808 1979 1901 2032 ego
1934 1963 2070 2016 dabo

482 2050 554 2114 ei,
589 2050 678 2119 ﬁet
711 2051 767 2104 in
795 2066 854 2104 eo
885 2049 1004 2124 fons
1049 2065 1200 2120 aqua:
1239 2051 1484 2104 salientis
1513 2053 1567 2104 in
1599 2053 1761 2104 vitam
1793 2063 2068 2107 «lernam.

487 2139 627 2194 Dicit
659 2141 729 2194 ad
751 2156 868 2194 eum
901 2139 1110 2193 mulier.

553 2328 904 2384 Samaritana
936 2326 1193 2384 eximiam
1244 2328 1414 2383 veluti
1461 2327 1758 2399 quamdam
1797 2335 1852 2384 et
1897 2344 2069 2400 expu-

482 2427 654 2490 gnatu
700 2418 976 2475 diiiicilem
1014 2418 1385 2489 objectionem
1433 2426 1816 2490 proponente:
1854 2437 1872 2472 ι
1902 2417 2072 2475 Num-

478 2509 612 2580 quid
666 2516 724 2564 tu
757 2509 934 2578 major
961 2523 1022 2564 es
1066 2516 1221 2578 patre
1254 2515 1452 2565 nostro
1486 2506 1688 2576 .Jacob,
1729 2528 1748 2562 ι
1783 2510 1923 2566 scite
1972 2510 2070 2565 ad-

481 2598 705 2654 modum
748 2614 948 2657 rursus
981 2598 1236 2656 Salvator
1264 2600 1697 2656 ostentationem
1741 2600 1902 2672 fugit,
1935 2602 2066 2658 dum

479 2707 539 2747 se
565 2708 672 2748 non
704 2691 972 2762 majorem
1005 2693 1226 2763 quidem
1256 2708 1382 2749 esse
1417 2703 1606 2764 aperte
1629 2695 1938 2764 profitetur,
1971 2697 2067 2752 sed

476 2798 543 2840 cx
575 2784 741 2840 rebus
788 2783 927 2854 ipsis
984 2784 1186 2840 suadet
1213 2785 1552 2855 expendere,
1581 2792 1704 2840 uter
1748 2787 2063 2842 antecellat.

477 2875 693 2934 Idcirco
740 2876 1232 2947 incomparabilem
1288 2877 1436 2932 inter
1473 2877 1755 2947 spiritales
1791 2870 1966 2948 aquas
2013 2885 2066 2932 et

476 2967 770 3024 sensibiles
809 2981 874 3021 ac
904 2975 1158 3024 terrenas
1191 2965 1539 3022 intercedere
1572 2965 1936 3024 dill‘erentiam
1972 2984 2065 3025 os-

474 3059 649 3115 tendit
694 3059 886 3115 dicens
930 3075 1016 3135 :_t
1057 3054 1253 3114 Omnis
1301 3058 1396 3129 qui
1440 3057 1578 3113 bibit
1635 3073 1704 3115 ex
1751 3059 1855 3116 hac
1893 3075 2061 3132 aqua,

475 3153 626 3210 sitiet
660 3152 884 3208 iterum.
928 3169 947 3202 ι
985 3149 1091 3216 Qui
1120 3164 1277 3215 vero,
1325 3150 1526 3220 inquit,
1560 3150 1697 3206 meis
1745 3152 1908 3222 aquis
1954 3154 2057 3208 im-

2175 1953 2356 2020 αὐτῷ,
2393 1958 2464 2010 οὐ
2489 1955 2576 2024 μὴ
2591 1955 2841 2026 διψήσει
2871 1959 2960 2023 είς
2982 1959 3086 2012 τὸν
3106 1958 3310 2024 αἰῶνα,
3335 1963 3499 2018 ἀλλὰ
3523 1965 3586 2019 τὸ
3609 1966 3767 2036 ὕδωρ

2175 2046 2206 2100 ὃ
2231 2047 2404 2100 δώσω
2459 2047 2643 2115 αὐτῷ,
2697 2049 3016 2120 γενήσεται
3059 2051 3130 2106 ἐν
3155 2053 3317 2119 αὐτῷ
3356 2055 3519 2126 πηγὴ
3548 2057 3767 2125 ὕδατος

2174 2134 2514 2204 ἁλλομένου
2560 2139 2648 2204 είς
2693 2135 2847 2206 ζωὴν
2879 2139 3137 2196 αἰώνιον.
3189 2143 3357 2214 Λέγει
3398 2147 3549 2215 πρὸς
3576 2150 3768 2204 αὑτὸν

2172 2225 2210 2291 ή
2245 2225 2423 2296 γυνή.
3405 2231 3407 2233 ’

2251 2339 2268 2371 ι
2309 2321 2401 2392 Μὴ
2431 2321 2496 2374 σὺ
2530 2320 2734 2393 μείζων
2779 2318 2830 2376 εἴ
2880 2323 2975 2376 τοῦ
3041 2325 3244 2395 πατρὸς
3279 2328 3436 2398 ημῶν
3484 2331 3702 2397 Ἰακὼϐ,
3743 2355 3764 2386 ι

2173 2410 2364 2484 ῶσπερ
2423 2430 2476 2466 τι
2527 2413 2692 2484 μέγα,
2741 2416 2838 2468 καὶ
2893 2414 3402 2486 δυσκαταγώνιστον
3471 2423 3768 2495 πρόϐλημα

2173 2503 2564 2575 προτεινούσης
2617 2504 2716 2575 τῆς
2754 2507 3170 2579 Σαμαρείτιδος,
3220 2510 3563 2578 εὐφυέστατα
3604 2515 3769 2568 πάλιν

2171 2598 2199 2650 ό
2233 2596 2424 2668 Σωτὴρ
2456 2600 2806 2668 παραιτεῖται
2835 2599 2934 2668 μὲν
2965 2599 3057 2652 τὸν
3085 2602 3144 2654 ἐν
3178 2602 3387 2680 ῥήμασι
3422 2602 3659 2673 κόμπον,
3680 2604 3768 2658 δτι

2174 2688 2377 2758 μείζων
2405 2688 2663 2760 ὑπάρχει,
2711 2690 2901 2760 σαφῶς
2950 2692 3050 2745 οὑκ
3078 2691 3270 2758 εἰπὼν,
3295 2694 3404 2750 ἀπὸ
3442 2695 3498 2748 δὲ
3522 2696 3624 2768 τῆς
3653 2697 3768 2752 τῶν

2171 2781 2513 2852 πραγμάτων
2574 2783 2861 2855 ποιότητος
2919 2783 3236 2855 δοκιμάζειν
3309 2788 3596 2842 ἀναπείθει
3673 2791 3770 2845 τὸν

2169 2873 2500 2944 προύχοντα.
2538 2875 2724 2928 Διάτοι
2757 2875 2937 2942 τοῦτο,
2973 2878 3069 2931 καὶ
3106 2877 3438 2951 ἀσύγκριτον
3467 2878 3634 2936 οὖσαν
3654 2883 3768 2936 τῶν

2167 2966 2374 3036 νοητῶν
2393 2966 2601 3020 ὑδάτων
2625 2967 2762 3037 πρὸς
2788 2967 2856 3020 τά
2889 2969 2947 3021 ἐν
2992 2969 3244 3041 αἰσθήσει
3291 2971 3383 3025 καὶ
3421 2973 3768 3044 γεωδέστερα

2165 3058 2267 3129 τὴν
2309 3058 2574 3131 διαφορὰν
2609 3059 2940 3116 ἐπιδεικνύει
2987 3062 3160 3131 λέγων
3183 3080 3196 3095 ·
3226 3083 3244 3116 ι
3278 3065 3394 3128 Πᾶς
3427 3068 3457 3118 ὁ
3497 3067 3672 3123 πίνων
3698 3071 3764 3123 ἐκ

2166 3149 2261 3202 τοῦ
2292 3148 2484 3213 ὕδατος
2538 3151 2759 3217 τούτου,
2780 3152 2996 3223 διψήσει
3051 3155 3232 3222 πάλιν,
3266 3175 3285 3210 ι
3312 3157 3340 3208 ό
3376 3157 3432 3211 δέ
3453 3159 3564 3214 τῶν
3587 3159 3763 3230 ἐμῶν,

474 3248 656 3316 pletus
693 3242 877 3308 fuerit,
913 3212 1029 3298 non
1060 3243 1222 3297 modo
1273 3257 1558 3314 nunquam
1603 3244 1774 3313 sitiet,
1795 3212 1900 3301 sed
1939 3242 2062 3301 fon-

2167 3245 2356 3320 φησιν,
2395 3212 2602 3297 ὑδάτων
2633 3212 3113 3316 ἐμφορησάμενος,
3147 3212 3246 3321 οὐχ
3275 3249 3425 3314 ὅπως
3459 3212 3552 3305 τού

475 3347 584 3392 ιοηι
631 3336 690 3391 in
737 3336 925 3405 seipso
966 3333 1214 3401 habebit,
1247 3333 1344 3404 qui
1398 3335 1574 3404 possit
1627 3351 1754 3391 eum
1793 3337 1860 3392 ad
1893 3337 2062 3392 vitam

474 3431 718 3485 educare
750 3427 1160 3496 sempiternam.
1193 3427 1369 3497 Igitur
1409 3426 1504 3496 qui
1559 3427 1771 3498 majora
1811 3429 2061 3500 largitur,

476 3516 649 3586 major
673 3518 865 3587 utique
887 3517 993 3572 erit
1021 3532 1088 3573 eo
1111 3518 1206 3588 qui
1238 3519 1424 3574 minus
1457 3519 1646 3586 habet,
1678 3536 1857 3592 neque
1882 3523 2063 3578 victus

474 3609 724 3665 eamdem
766 3622 932 3680 quam
994 3610 1172 3664 victor
1221 3610 1457 3681 gloriam
1512 3619 1900 3684 reportaturus
1955 3621 2060 3670 est.

475 3698 776 3756 Sciendum
819 3699 908 3755 hic
951 3700 1134 3756 denuo
1179 3701 1524 3758 Salvatorem
1563 3719 1784 3774 aquam,
1817 3704 2061 3777 Spiritus

474 3792 653 3854 sancti
699 3792 935 3864 gratiam
973 3794 1268 3864 appellare,
1309 3795 1472 3866 cujus
1520 3796 1568 3853 si
1619 3798 1745 3868 quis
1780 3800 2058 3871 particeps

472 3885 772 3952 exstiterit,
791 3886 1184 3942 scaturientem
1209 3888 1429 3944 habebit
1455 3889 1508 3944 in
1537 3891 1720 3961 seipso
1745 3891 2056 3948 divinarum

472 3976 852 4033 doctrinarum
884 3977 994 4032 vim
1031 3987 1092 4034 ut
1121 3979 1233 4050 jam
1273 3982 1506 4037 aliorum
1535 3984 1761 4040 monitis
1778 3999 1889 4039 non
1909 3984 2056 4039 indi-

473 4075 620 4138 geat,
639 4065 737 4124 sed
759 4066 919 4124 facile
940 4071 1116 4138 possit
1135 4086 1233 4126 eos
1262 4071 1471 4128 hortari
1489 4075 1693 4146 quibus
1717 4076 1968 4130 divinum
1991 4091 2056 4131 ac

469 4161 697 4216 cmlcste
728 4161 960 4217 verbum
1010 4162 1168 4218 sitire
1212 4165 1443 4238 contigit
1477 4183 1490 4220 :
1529 4167 1843 4238 cujusmodi
1896 4175 2055 4224 erant

473 4249 526 4303 in
558 4249 658 4305 hac
686 4249 800 4306 vita
827 4259 882 4306 et
915 4251 971 4305 in
995 4252 1159 4309 terris
1185 4253 1370 4310 adhuc
1396 4256 1658 4328 degentes
1701 4258 1877 4314 sancti
1926 4273 2054 4330 pro-

469 4337 664 4407 phetae,
720 4345 885 4408 atque
937 4343 1192 4410 apostoli,
1244 4353 1298 4399 et
1361 4346 1453 4413 qui
1512 4362 1868 4404 successores
1924 4357 2052 4404 sunt

469 4443 664 4484 eorum
717 4429 1033 4499 ministerii,
1061 4432 1131 4488 de
1170 4434 1375 4502 quibus
1435 4436 1704 4506 scriptum
1741 4447 1826 4494 est
1871 4457 1884 4492 :
1929 4457 1947 4490 ι
1989 4439 2054 4494 Ει

2168 3333 2251 3385 ἔτι
2315 3334 2579 3404 κρείττων
2636 3334 3102 3408 άποφανθήσεται,
3173 3337 3288 3392 ἀλλ’
3321 3339 3430 3404 ἔξει
3487 3343 3674 3415 πηγὴν
3704 3346 3763 3397 ἐν

2167 3423 2347 3494 ἐαυτῷ
2365 3424 2502 3494 πρὸς
2525 3424 2669 3499 ζωὴν
2698 3427 2914 3482 αἰώνιον
2941 3430 3270 3501 άποτρέφειν
3290 3431 3600 3503 ἰσχύουσαν.
3618 3439 3760 3492 Οὐκ-

2165 3515 2260 3570 οῦν
2293 3519 2322 3570 ό
2357 3517 2425 3572 τὰ
2469 3517 2643 3589 μείζω
2683 3520 3028 3593 δωρούμενος
3061 3525 3120 3576 ἐν
3146 3524 3388 3594 μείζοσιν
3405 3526 3580 3596 ἔσται,
3600 3533 3758 3604 φησι,

2162 3607 2261 3670 ,τοῦ
2293 3609 2354 3663 τὸ
2385 3609 2603 3686 ἔλαττον
2627 3611 2843 3682 ἔχοντος
2884 3615 2980 3669 καὶ
3007 3615 3109 3686 τὴν
3135 3616 3304 3688 αὐτὴν
3335 3619 3436 3672 οὐκ
3468 3621 3756 3678 ἀποίσεται

2163 3699 2321 3768 δόξαν
2357 3701 2434 3773 τῷ
2465 3703 2686 3758 νικῶντι
2739 3705 2802 3758 τὸ
2848 3706 3194 3788 ἡττώμενον·
3253 3710 3426 3764 ἰστέον
3471 3711 3528 3766 δέ
3568 3715 3758 3783 πάλιν,

2162 3793 2238 3857 ὡς
2263 3795 2405 3868 ὕδωρ
2426 3797 2484 3849 ἐν
2517 3796 2726 3861 τούτοις
2754 3798 2854 3870 τὴν
2880 3799 2976 3852 τοῦ
3005 3801 3164 3868 ἁγίου
3192 3801 3516 3874 Πνεύματος
3544 3807 3706 3881 χάριν
3730 3813 3758 3862 ὁ

2163 3885 2354 3956 Σωτὴρ
2383 3889 2668 3958 ἀποκαλεῖ,
2702 3884 2770 3960 ἦς
2807 3891 2964 3961 είπερ
2989 3908 3074 3956 τις
3108 3892 3317 3959 γένοιτο
3345 3896 3593 3968 μέτοχος,
3626 3901 3761 3953 ἀνα-

2163 3978 2512 4050 πηγάζουσαν
2544 3979 2655 4044 ἔξει
2687 3981 2873 4035 λοιπὸν
2907 3985 2966 4036 ἐν
2995 3982 3172 4055 ἐαυτῷ
3210 3984 3320 4038 τῶν
3365 3985 3526 4041 θείων
3574 3990 3754 4061 μαθη-

2164 4072 2350 4142 μάτων
2382 4071 2479 4143 τὴν
2509 4073 2794 4144 χορηγίαν,
2819 4074 2894 4138 ὡς
2929 4075 3127 4147 μηκέτι
3161 4076 3261 4147 μὲν
3312 4078 3457 4150 αὐτῷ
3495 4081 3597 4153 τῆς
3622 4084 3755 4156 παρ’

2158 4163 2361 4234 ἐτέρων
2377 4163 2657 4228 νουθεσίας
2701 4166 2892 4228 ἐνδεῖν,
2939 4166 3194 4240 ἐξαρκεῖν
3229 4171 3286 4225 δέ
3340 4173 3541 4243 μᾶλλον
3581 4178 3661 4242 είς
3691 4181 3753 4232 τὸ

2158 4253 2418 4310 δύνασθαι
2448 4255 2643 4328 ῥᾳδίως
2677 4260 3036 4331 παρακαλεῖν,
3063 4263 3191 4326 τοὺς
3211 4258 3409 4337 οἷσπερ
3440 4267 3506 4320 ἂν
3535 4267 3752 4336 γένοιτο

2156 4346 2318 4432 διψῆν
2346 4348 2436 4402 τὸν
2475 4348 2617 4402 θεῖόν
2671 4367 2730 4403 τε
2761 4351 2854 4404 καὶ
2894 4353 3146 4437 οὐράνιον
3173 4354 3352 4424 λόγον,
3387 4359 3561 4411 ὁποῖοί
3604 4377 3751 4424 τινες

2156 4429 2469 4510 ἦσαν’κατὰ
2499 4441 2591 4494 τὸν
2640 4442 2885 4510 παρόντα
2930 4443 3066 4514 βίον,
3097 4429 3192 4500 καὶ
3237 4450 3331 4502 ἐπὶ
3358 4450 3459 4520 γῆς
3493 4451 3571 4503 ἔτι
3597 4452 3748 4506 πολιο

471 4519 740 4592 ltauriatis
788 4536 962 4592 aquas
991 4539 1114 4578 cum
1168 4526 1371 4595 gaudio
1416 4527 1485 4583 de
1549 4528 1794 4586 fontibus
1845 4531 2053 4585 saluta-

2167 4533 2459 4602 Ιδευόμενοι,
2489 4533 2633 4601 ἆγιοί
2669 4551 2728 4588 τε
2760 4534 3060 4606 προφῆται,
3089 4535 3192 4592 καὶ
3232 4519 3540 4604 ἀπόστολοι.
3571 4547 3666 4599 καὶ
3699 4549 3749 4600 oi

471 4613 550 4667 ris
581 4612 647 4665 ⁸⁸.
699 4630 718 4665 ι
749 4669 756 4676 ρ

537 4875 634 4943 ιν,
677 4878 762 4934 i5.
798 4878 883 4935 Da
910 4882 1038 4936 mihi
1057 4883 1195 4938 hanc
1217 4898 1433 4954 aquam,
1459 4894 1515 4938 ut
1540 4901 1642 4939 non
1667 4885 1872 4949 sitiam,
1894 4900 2055 4953 neque

463 4968 672 5023 veniam
700 4970 801 5026 huc
823 4970 1058 5030 haurire.
1090 4972 1237 5028 Dicit
1267 4975 1318 5028 ei
1340 4973 1520 5032 Iesus.

540 5059 701 5132 183
725 5059 1005 5120 Consueta
1041 5080 1238 5124 rursus
1267 5075 1480 5122 tantum
1527 5068 1771 5138 loquitur
1818 5075 1876 5124 et
1907 5067 2048 5123 ima-

461 5151 708 5228 ginatur,
747 5154 889 5209 nihil
919 5163 1102 5210 autem
1138 5171 1328 5214 eorum
1362 5175 1484 5230 quae
1515 5159 1780 5215 dicuntur
1820 5175 2050 5231 prorsus

466 5244 748 5316 intelligit,
778 5245 875 5302 sed
904 5249 1089 5319 erigui
1124 5247 1334 5307 laboris
1369 5251 1736 5310 allevamento
1770 5253 2051 5310 existimat

465 5350 525 5391 se
555 5343 725 5392 totam
763 5335 1068 5396 Salvatoris
1092 5340 1477 5398 liberalitatem
1507 5344 1944 5417 complexuram,
1995 5354 2050 5403 et

465 5427 592 5483 sitis
623 5428 995 5486 exstinctione
1021 5436 1024 5442 '
1053 5433 1246 5502 gratiae
1291 5429 1493 5490 divinae
1523 5437 1748 5491 modum
1805 5436 2048 5491 circum-

460 5519 694 5587 scribit;
743 5529 959 5578 tantum
1013 5525 1169 5582 abest
1225 5533 1284 5582 ut
1331 5528 1521 5587 subtili
1575 5529 1910 5602 cogitatione
1957 5547 2047 5590 res

463 5613 945 5680 supramundanas
979 5616 1182 5690 capiat.

538 5789 583 5821 ⁸⁸
615 5789 718 5843 lsa.
760 5806 858 5856 xit,
889 5795 944 5847 ὃ.

2160 4625 2263 4695 τῆς
2285 4626 2512 4678 ἐκείνων
2539 4624 2864 4696 κληρονόμοι
2893 4628 3256 4700 λειτουργίας,
3293 4636 3421 4706 περὶ
3445 4628 3521 4689 ὧν
3550 4637 3750 4709 γεγρα.

2163 4734 2295 4770 πται
2323 4735 2336 4748 ·
2373 4735 2391 4767 ι
2416 4717 2527 4770 Καὶ
2554 4717 2856 4788 άντλήσατε
2882 4711 3028 4792 ὕδωρ
3048 4725 3164 4794 μετ’
3189 4727 3527 4800 εὐφροσύνης
3543 4733 3608 4785 ἐκ
3639 4732 3748 4785 τῶν

2163 4807 2357 4877 πηγῶν
2383 4806 2477 4860 τοῦ
2506 4808 2805 4878 Σωτηρίου.
2829 4828 2852 4864 ›
3133 4820 3136 4824 ’

2231 4900 2342 4964 Δός
2369 4915 2473 4968 μοι
2500 4898 2677 4953 τοῦτο
2705 4900 2771 4953 τὸ
2799 4899 2976 4969 ὕδωρ,
3006 4902 3107 4956 ἵνα
3124 4903 3212 4974 μὴ
3249 4905 3426 4976 διψῶ,
3469 4909 3630 4978 μηδὲ
3655 4911 3748 4980 ἐρ-

2164 4993 2352 5060 χωμαι
2407 4989 2621 5044 ἐνθάδε
2678 4990 2944 5047 ἀντλεῖν.
3008 4993 3181 5064 Λέγει
3211 4997 3367 5065 αὐτῇ
3397 5000 3428 5052 d
3475 4997 3742 5065 Ἰησοῦς.

2231 5082 2384 5136 Μόνα
2415 5080 2574 5138 πάλιν
2601 5081 2671 5134 τὰ
2703 5083 2906 5154 συνήθη
2943 5084 3037 5137 καὶ
3068 5084 3220 5140 λαλεῖ
3252 5089 3345 5141 καὶ
3386 5085 3743 5158 φαντάζεται,

2161 5175 2374 5244 συνίησι
2424 5174 2481 5228 δὲ
2526 5174 2662 5239 ὅλως
2710 5173 2820 5228 τῶν
2870 5173 3178 5247 λεγομένων
3223 5175 3375 5234 οὐδέν
3400 5197 3412 5210 ·
3468 5183 3526 5235 ἐν
3566 5181 3625 5236 δὲ
3667 5179 3745 5254 τῷ

2161 5267 2373 5339 μικρῶν
2399 5265 2842 5322 ἀπαλλάττεσθαι
2879 5267 3078 5335 πόνων,
3105 5267 3234 5339 ὅλην
3277 5269 3418 5336 ἕξειν
3447 5270 3621 5325 οἴεται
3647 5270 3740 5326 τοῦ

2155 5361 2406 5431 Σωτῆρος
2445 5358 2545 5428 τὴν
2592 5358 2931 5430 φιλοτιμίαν,
2985 5361 3082 5414 καὶ
3126 5363 3183 5415 ὲν
3227 5362 3306 5432 τῷ
3341 5362 3539 5434 μηκέτι
3579 5363 3740 5434 διψῇν

2150 5457 2250 5527 τῆς
2311 5453 2406 5507 τοῦ
2446 5451 2581 5506 Θεοῦ
2625 5452 2848 5524 χάριτος
2892 5452 3064 5524 ὁρίζει
3107 5452 3170 5507 τὸ
3212 5454 3432 5526 μέτρον,
3471 5454 3580 5509 οὐδ’
3614 5455 3739 5511 ὅσον

2151 5546 2381 5610 ἐννοίαις
2409 5545 2591 5614 ψιλαῖς
2621 5544 2885 5617 δεχομένη
2919 5546 2987 5600 τὰ
3027 5546 3396 5618 ύπερκόσμια.
