4106 6478
348 371 448 428 301

1350 372 1415 428 ΙΝ
1462 373 1749 432 JOANNIS
1779 375 2235 434 EVANGELIUM
2275 377 2401 432 LIB.
2442 376 2504 432 II.

3500 382 3638 444 ,50‘2

423 481 685 551 'frzare,
731 479 1024 550 φώνησον
1073 479 1179 534 τὸν
1226 482 1417 552 ἄνδρα
1470 501 1586 540 σου
1609 526 1622 552 ,
1670 488 1767 540 καὶ
1807 486 1948 540 ἐλθὲ

2127 485 2218 551 IV,
2253 487 2341 541 16.
2379 487 2546 553 Vade,
2585 503 2708 541 voca
2746 490 3099 555 virumtuum,
3123 500 3173 546 et
3210 494 3322 546 ueni
3352 492 3471 546 huc.

339 575 583 630 ἐνθάδε.

414 663 528 722 Ἶῐν
553 667 663 740 ἄρα
689 667 872 732 καλῶς
906 669 1094 722 τεκαὶ
1121 669 1220 723 οὐκ
1253 671 1605 743 ἐψευσμένως
1637 676 1835 739 εἰπεῖν,
1867 673 1948 726 ὅτι

338 761 562 835 θήλειαί
608 759 727 825 πώς
771 764 880 815 εἱσι
927 761 1162 828 θηλειῶν
1195 766 1250 818 αί
1301 765 1519 837 φρένες,
1568 769 1664 821 καὶ
1709 768 1950 839 μαλακὸς

338 852 639 926 ὲνῴκισται
668 852 794 918 νοῦς
823 855 1092 921 γυναιξὶν,
1117 855 1416 928 οὐδαμόθεν
1442 859 1584 930 ἔχων
1605 860 1667 913 τὸ
1689 861 1951 914 δύνασθαί

337 963 397 1000 τι
432 947 670 1000 συνιέναι
713 948 952 1019 γοργῶς.
987 948 1383 1021 Εὑμαθεστέρα
1430 951 1485 1004 δέ
1519 969 1642 1016 ιπως
1672 954 1705 1024 ἡ
1740 953 1952 1024 ἀνδρῶν

338 1040 464 1094 ἐστι
495 1039 676 1110 φύσις,
712 1042 806 1094 καὶ
833 1042 971 1095 πολὺ
1018 1041 1157 1111 πρὸς
1204 1043 1400 1112 λόγους
1455 1045 1781 1116 ἐτοιμοτέρα
1805 1088 1819 1112 ,
1873 1045 1954 1098 δι-

337 1134 728 1205 εγηγερμένον
757 1135 839 1196 εἰς
869 1134 1056 1205 νῆψιν,
1084 1138 1201 1200 καὶ,
1247 1135 1315 1188 ἶν’
1343 1137 1522 1200 οὕτως
1555 1139 1715 1200 εἴπω,
1739 1137 1952 1208 ’θερμόν

336 1243 404 1278 τε
431 1227 527 1279 καὶ
557 1227 1026 1296 ἀπηρσενωμένον
1056 1226 1260 1296 ἔχουσα
1285 1229 1380 1282 τὸν
1404 1229 1550 1284 νοῦν.
1584 1231 1682 1282 Διὰ
1719 1230 1949 1298 ταύτην,

334 1313 536 1390 οἶμαι,
584 1317 684 1390 τὴν
736 1319 958 1386 αἰτίαν,
1011 1321 1104 1373 τδν
1166 1320 1335 1392 ἄνδρα
1385 1321 1576 1375 καλεῖν
1623 1321 1700 1392 τῷ
1745 1321 1954 1391 γυναίῳ

335 1407 749 1480 παρεκελεύετο
790 1409 1099 1481 λεληθότως
1145 1412 1408 1483 ἐλέγχων,
1445 1414 1520 1477 ὡς
1565 1413 1953 1484 ἀμαθεστάτην

337 1499 446 1571 μὲν
501 1493 626 1571 ἔχοι
656 1502 757 1584 την
794 1503 1058 1573 καρδίαν,
1119 1506 1234 1568 τοῖς
1283 1505 1341 1558 δὲ
1397 1507 1479 1570 είς
1531 1505 1722 1576 σοφίαν
1773 1506 1953 1574 λόγοις

333 1594 824 1665 ἀμεταχείριστον,
877 1593 1014 1665 ὁμοῦ
1059 1595 1118 1649 δέ
1167 1612 1224 1649 τι
1272 1597 1369 1650 καὶ
1413 1597 1600 1669 ἕτερον
1647 1597 1742 1650 ἐπὶ
1778 1596 1953 1667 τούτῳ

335 1686 634 1749 κάλλιστον
659 1688 986 1749 οἰκονομῶν.

409 1757 589 1827 Λέγει
629 1757 795 1823 αὑτῷ
832 1757 870 1823 ἡ
909 1759 1066 1828 γυνή
1093 1777 1106 1791 ·
1159 1759 1385 1828 Ἄνδρα
1431 1762 1546 1815 οὐκ
1581 1761 1722 1830 ἔχω.
1777 1759 1952 1830 Λέγει

2124 662 2272 722 Bene
2304 665 2493 737 utique
2530 681 2632 722 nec
2663 665 2805 722 falso
2847 666 2956 722 diei
2994 675 3194 738 potest,
3229 670 3640 737 quodammodo

2056 755 2324 814 femineos
2362 773 2488 814 esse
2520 757 2851 813 feminarum
2883 759 3119 826 animos,
3158 761 3493 832 mollemque
3520 777 3640 816 mu-

2051 851 2287 906 lieribus
2342 853 2527 907 inesse
2583 859 2848 916 mentem,
2899 869 3021 924 quae
3054 855 3206 910 nullo
3259 855 3419 910 modo
3467 857 3642 926 possit

2055 945 2265 1015 aliquid
2336 953 2502 1000 acute
2558 946 2945 1016 sagaciterque
3009 947 3326 1018 concipere.
3399 947 3642 1002 Dociiior

2057 1044 2240 1091 autem
2267 1044 2354 1098 est
2384 1037 2630 1091 virorum
2661 1049 2880 1101 natura,
2907 1048 2964 1093 et
3000 1037 3068 1092 ad
3115 1053 3336 1094 omnem
3368 1040 3640 1094 rationem

2056 1129 2338 1191 solertior,
2377 1130 2618 1184 excitata
2650 1130 2728 1184 ad
2768 1131 3209 1201 intelligendum,
3249 1139 3322 1195 et,
3360 1140 3422 1185 ut
3446 1133 3527 1186 ita
3561 1132 3644 1186 di-

2055 1236 2198 1286 cam,
2250 1223 2498 1276 mascula
2556 1231 2745 1278 mente
2797 1224 3045 1294 praedita.
3086 1222 3263 1288 Hanc,
3311 1225 3530 1294 opinor,
3577 1226 3644 1278 ob

2055 1329 2304 1382 causam,
2334 1317 2516 1370 virum
2554 1332 2716 1372 suum
2780 1330 3069 1372 arcessere
3121 1317 3289 1386 jussit
3334 1317 3643 1382 mulierem,

2054 1407 2293 1464 obscure
2327 1409 2735 1479 quodammodo
2765 1424 2886 1465 eam
2918 1416 2979 1464 ut
3009 1408 3202 1466 rudem
3238 1411 3559 1480 increpans,
3593 1417 3647 1465 et

2057 1504 2124 1558 ad
2189 1507 2590 1576 capessendam
2649 1509 2940 1578 sapientia:
2995 1509 3309 1563 doctrinam
3373 1508 3644 1573 hebetem,

2055 1596 2332 1669 simulque
2361 1600 2512 1656 aliud
2541 1599 2804 1670 quiddam
2847 1600 3286 1672 pulcherrimum
3321 1601 3642 1656 instituens.
3719 1636 3739 1654 .

2126 1775 2220 1838 IV,
2261 1777 2350 1842 I7,
2389 1778 2477 1834 I8.
2517 1745 2658 1831 Dicit
2685 1778 2732 1831 ei
2769 1778 3003 1832 mulier:
3042 1777 3230 1832 Virum
3289 1794 3395 1832 non
3451 1778 3645 1834 habeo.

335 1847 502 1918 αὐτῇ
547 1851 581 1902 ὁ
645 1850 912 1917 Ἰησοῦςο
942 1851 1159 1919 Καλῶς
1209 1849 1412 1918 εἶπες,
1465 1853 1556 1906 ὅτι
1609 1853 1801 1922 ἄνδρα
1834 1855 1947 1906 οὐκ

2060 1869 2200 1922 Dicit
2235 1872 2284 1924 ei
2317 1869 2474 1926 Iesus
2498 1888 2516 1926 :
2544 1872 2682 1927 Bene
2702 1871 2914 1936 dixisti,
2951 1872 3077 1944 quia
3110 1887 3214 1926 non
3247 1870 3413 1926 habeo
3439 1874 3640 1928 virum:

336 1941 460 2010 ἔχω
486 1957 502 1972 ⁸
560 1941 747 1996 πέντε
788 1943 900 2013 τὰρ
949 1945 1156 2014 ἔσχες,
1201 1947 1298 2001 καὶ
1342 1945 1462 1999 νῦν
1501 1944 1576 1998 ὃν
1615 1944 1800 2014 ἔχεις,
1837 1945 1952 1997 οὐκ

345 2036 474 2089 ἐστι
524 2048 645 2090 σου
699 2036 879 2106 ἀνήρ.
942 2038 1126 2093 Τοῦτο
1177 2038 1405 2108 ἀληθὲς
1464 2038 1735 2106 εἰρηκος,
1789 2035 1952 2107 λέγει

345 2125 506 2193 αὐτῷ
541 2129 580 2196 ἠ
618 2127 801 2198 γυνή.

415 2221 528 2276 Καὶ
561 2222 672 2275 τίνι
719 2222 908 2277 λοιπὸν
959 2223 1062 2278 οὐκ
1111 2223 1182 2278 ἂν
1225 2223 1311 2295 εἴη
1356 2222 1691 2291 καταφανὲς,
1743 2221 1820 2285 ὡς
1852 2221 1954 2275 οὑκ

337 2313 529 2383 ἠγνόει
575 2314 687 2385 μὲν
736 2317 765 2369 ό
795 2314 986 2388 Σωτὴρ
1026 2315 1123 2371 τοῦ
1151 2316 1303 2371 -κατά
1349 2315 1516 2387 νόμον
1562 2313 1956 2385 κατῳκηκότος

327 2407 552 2478 Δἔρημον
575 2408 852 2480 ὑπάρχειν
871 2409 1065 2480 αὐτὴν,
1099 2409 1457 2480 πρόφασινλδέ
1486 2406 1584 2462 τοῦ
1608 2405 1956 2476 ἀνακαλύψαι

332 2500 409 2552 τὰ
456 2501 836 2572 κεκρυμμένα
877 2501 977 2573 τὴν
1003 2501 1100 2555 τοῦ
1131 2503 1330 2574 ἀνδρὸς
1356 2502 1655 2572 ἐποιήσατο
1683 2500 1914 2571 ζήτησιν
1938 2515 1954 2565 ;

333 2589 452 2646 Ἦν
482 2593 598 2666 γὰρ
628 2593 777 2648 οὕτω
820 2595 978 2666 μόλις
1027 2596 1314 2666 ὠφελῆσαι
1347 2594 1739 2666 θαυμάζουσαν
1771 2593 1956 2650 οὐκέτι

333 2686 532 2741 λοιπὸν
579 2689 657 2752 ὡς
709 2688 806 2742 ἕνα
856 2688 970 2742 τῶν
1026 2688 1151 2743 καθ’
1183 2691 1353 2761 ἡμᾶς,
1397 2689 1515 2743 ἀλλ’
1571 2689 1648 2752 ὼς
1692 2687 1834 2759 ὑπὲρ
1864 2687 1958 2742 ἂν·

334 2779 567 2852 θρωττον
597 2779 703 2850 ἢδη
735 2779 826 2834 διὰ
853 2781 949 2835 τοῦ
993 2780 1318 2852 παραδόξως
1347 2780 1548 2834 εἰδέναι
1591 2779 1661 2833 τὰ
1700 2782 1759 2834 ἐν
1791 2779 1954 2850 αὐτῇ,

334 2871 681 2941 ἀποδέχεται
712 2871 770 2925 δὲ
815 2873 1110 2944 χρησίμως
1143 2872 1314 2944 ἄνδρα
1359 2871 1626 2941 λέγουσαν
1657 2874 1760 2926 οὐκ
1788 2872 1954 2943 ἔχειν.

333 2963 526 3017 καίτοι
555 2963 841 3028 τοσούτοις
877 2965 1357 3036 συνεφθαρμένην⁴
1397 2966 1472 3018 Οὐ
1501 2965 1611 3036 γὰρ
1643 2965 1862 3029 σύνοδος
1891 2967 1957 3019 ἐκ

334 3055 681 3128 φιληδονίας,
732 3056 848 3110 ἀλλ’
881 3059 1084 3129 ἡκατά
1119 3058 1286 3128 νόμον
1335 3059 1666 3122 συναίνεσις,
1703 3059 1799 3112 καλ⁸
1830 3057 1956 3112 σύν-

2057 1964 2285 2034 quinque
2329 1965 2471 2018 enim
2517 1967 2656 2022 viros
2707 1968 2965 2032 habuisti,
3001 1977 3050 2022 et
3088 1983 3228 2022 nunc
3263 1984 3420 2038 quem
3463 1967 3644 2033 habes,

2045 2071 2161 2109 non
2185 2065 2263 2110 est
2287 2067 2411 2112 tuus
2439 2058 2540 2115 uir.
2579 2058 2700 2114 Hoc
2728 2076 2844 2115 vere
2863 2059 3075 2125 dixisti,
3106 2060 3237 2114 dicit
3267 2061 3316 2114 ei
3343 2061 3553 2115 mulier.

2129 2229 2231 2287 Cui
2260 2247 2392 2288 vero
2421 2248 2533 2289 non
2569 2235 2927 2292 manifestum
2960 2238 3034 2293 sit
3059 2237 3282 2294 demum
3307 2235 3646 2296 Salvatorem

2058 2337 2171 2377 non
2222 2323 2540 2394 ignorasse.
2571 2327 2818 2399 legitimo
2871 2343 2993 2384 eam
3029 2329 3232 2385 marito
3281 2344 3494 2397 carere,
3551 2332 3647 2388 sed

2060 2417 2442 2485 percontando
2476 2419 2544 2474 de
2577 2421 2719 2487 viro,
2761 2424 3124 2479 occasionem
3161 2425 3380 2496 cepisse
3428 2426 3646 2482 occulta

2041 2509 2386 2566 -revelandi?
2417 2510 2546 2568 Haec
2580 2514 2728 2569 cnim
2755 2530 2866 2570 una
2914 2517 3058 2572 ratio
3087 2517 3490 2588 propemodum
3529 2529 3648 2574 erat

2045 2603 2209 2662 illius
2241 2605 2596 2677 iuvandam
2633 2625 2747 2666 non
2773 2611 2886 2682 jam
2944 2628 3068 2668 eum
3098 2623 3157 2668 ut
3211 2630 3422 2670 merum
3471 2616 3647 2672 homi-

2045 2711 2207 2763 nem,
2239 2696 2338 2752 sed
2372 2709 2430 2752 ut
2463 2699 2686 2757 homine
2703 2704 3046 2772 superiorem
3091 2705 3486 2771 admiraretur,
3509 2719 3647 2778 puta

2059 2788 2149 2842 cui
2182 2788 2434 2844 inaudito
2474 2791 2642 2848 modo
2701 2809 2800 2849 sua
2859 2811 3065 2851 arcana
3119 2806 3392 2868 paterent;
3443 2801 3648 2866 utiliter

2060 2891 2246 2936 autem
2277 2898 2612 2954 responsum
2646 2887 2770 2956 ejus
2799 2889 2998 2957 prohat
3061 2906 3174 2960 quo
3212 2891 3352 2946 dixit
3378 2894 3557 2947 virum
3591 2909 3649 2950 se

2045 2989 2170 3029 non
2206 2976 2430 3041 habere,
2459 2979 2677 3034 tametsi
2713 2995 2742 3034 a
2774 2989 2882 3035 tam
2915 2983 3107 3039 multis
3141 2984 3318 3039 fuerat
3369 2994 3650 3056 corrupta;

2058 3082 2170 3122 non
2186 3069 2332 3123 enim
2351 3071 2445 3138 qui
2463 3085 2523 3123 ex
2549 3071 2829 3141 voluptate
2843 3074 2900 3126 tit
2913 3074 3115 3141 coitus,
3130 3075 3222 3130 sed
3238 3076 3329 3143 qui
3346 3078 3648 3133 secundum

339 3149 540 3220 δεσμος
567 3150 631 3215 ἐξ
661 3151 888 3222 ἀγάπης
914 3151 1166 3223 καθαρᾶς
1190 3152 1282 3206 τὸν
1306 3153 1728 3224 ἀκατηγόρητον
1755 3153 1955 3206 ἀποτε-

2061 3160 2234 3232 Iegem
2265 3169 2351 3216 est
2381 3177 2715 3229 consensus,
2745 3172 2800 3218 et
2825 3180 2947 3235 quae
2996 3182 3062 3221 ex
3094 3177 3252 3224 casto
3297 3182 3489 3227 amore
3521 3186 3647 3228 con-

340 3239 494 3294 λοῦσι
522 3243 729 3312 γάμον.

407 3336 613 3403 Κύριε,
649 3333 846 3404 θεωρῶ
875 3335 966 3389 ὅτι
999 3335 1319 3406 προφήτης
1348 3333 1405 3390 εἷ
1443 3336 1546 3390 σύ.

403 3426 587 3492 Μόλις
638 3428 957 3499 ἀναλάμπει
1011 3429 1150 3500 πρὸς
1198 3430 1396 3500 νῆψιν,
1446 3429 1542 3483 καὶ
1593 3427 1755 3483 πάλιν
1799 3425 1956 3481 οὔπω

328 3520 576 3576 τελείαν.
647 3523 946 3594 Προφήτην
997 3522 1108 3593 γὰρ
1157 3522 1238 3576 ἐτι
1299 3522 1458 3576 καλεί
1510 3521 1603 3575 τὸν
1658 3518 1956 3592 προφητῶν

330 3614 624 3687 Δεσπότην
651 3631 663 3643 ·
695 3615 838 3684 πλὴν
862 3614 1105 3687 ἀμείνων
1140 3615 1174 3685 ἢ
1212 3616 1482 3685 πρότερον
1505 3613 1792 3682 ἀνεδείχθη
1815 3610 1958 3664 κατὰ

332 3707 542 3779 βραχὺ,
579 3708 702 3762 κατ’
731 3706 928 3761 οὐδένα
967 3707 1067 3778 μὲν
1093 3708 1298 3777 τρόπον
1350 3707 1488 3777 πρὸς
1527 3707 1657 3769 τοὺς
1702 3703 1956 3773 ἐλέγχους

333 3800 715 3872 ἀσχάλλουσα,
763 3801 866 3870 τὴν
915 3800 974 3854 δὲ
1023 3801 1133 3854 ἀπὸ
1183 3801 1278 3854 τοῦ
1334 3799 1562 3870 σημείου
1605 3797 1840 3868 δύναμιν
1877 3798 1958 3858 εἰς

329 3893 612 3963 ὠφέλειαν
651 3893 1007 3965 ἀρπάζουσα,
1039 3895 1138 3948 καὶ
1195 3892 1444 3963 μαλακῆς
1499 3890 1600 3962 μὲν
1642 3887 1816 3952 οὕτως
1861 3889 1955 3940 ἐκ·

330 3984 608 4039 δαίνουσα
643 3984 868 4054 φρενὸς,
905 3982 1148 4055 μετρίως
1179 3999 1243 4051 γε
1282 3982 1388 4052 μὴν
1424 3983 1503 4044 εἰς
1543 3980 1793 4035 νεανικὸν
1821 3980 1956 4034 ἀνα.-

329 4075 605 4129 6αίνουσα
655 4074 804 4142 νοῦν,
855 4075 951 4128 καὶ
986 4074 1087 4145 τῆς
1139 4073 1371 4144 καρδίας
1416 4071 1506 4124 τὸν
1541 4069 1836 4140 ’ὀφθαλμὸν
1876 4069 1958 4132 είς

326 4167 482 4240 ἀήθη
540 4167 894 4241 πραγμάτων
950 4165 1187 4236 θεωρίαν
1243 4164 1578 4218 ἐκτείνουσα.
1643 4163 1759 4231 Ἐφ’
1801 4155 1846 4229 ᾧ
1891 4161 1956 4230 δὴ

332 4262 582 4332 μάλιστα
635 4261 956 4333 ’θαυμάζειν
1015 4257 1310 4313 ἀκόλουθον
1373 4257 1474 4328 τὴν
1534 4256 1631 4328 τοῦ
1701 4254 1955 4326 Σωτῆρος

328 4352 498 4424 ἡμῶν
550 4351 915 4418 ἀνεξικακίαν
965 4367 1026 4404 τε
1069 4349 1232 4422 ὁμοῦ,
1283 4349 1379 4402 καὶ
1421 4348 1673 4418 δύναμιν,
1726 4345 1957 4408 καὶτὰς

326 4445 710 4510 ἀπαιδεύτους
743 4444 996 4509 ’διανοίας
1047 4445 1127 4507 είς
1177 4443 1508 4512 ἀξιάγαστον
1549 4439 1667 4506 ἕξιν
1713 4438 1954 4502 εὐκόλως

328 4555 478 4609 μετα
483 4537 586 4610 ρυθ
596 4537 870 4610 μίζοντος.

407 4634 479 4686 οι
506 4629 772 4699 πατέρες
795 4628 967 4700 ἡμῶν
987 4630 1058 4684 ἐν
1085 4629 1167 4696 τῷ
1197 4629 1320 4697 ὄρει
1350 4627 1541 4693 τούτῳ
1567 4624 1950 4694 προσεκύνη-

322 4739 488 4780 σαν·
525 4723 628 4778 καὶ
660 4722 834 4794 ὑμεῖς
857 4721 1070 4793 λέγετε
1095 4722 1182 4776 ὅτι
1207 4721 1278 4775 ἐν
1313 4718 1764 4788 Ἰεροσολύμοις
1779 4715 1955 4770 ἐστίν

322 4819 363 4870 ὁ
414 4815 608 4883 τόπος
631 4857 648 4884 ,
704 4814 863 4871 ὅπου
916 4813 1290 4884 προσκυνεῖν
1339 4811 1449 4868 δεῖ.
1498 4811 1668 4882 Λέγει
1714 4809 1870 4879 αὐτῇ
1921 4812 1954 4863 ὀ

337 4905 612 4977 Ἰησοῦς.

346 5001 355 5010 ⁸
401 4999 712 5072 Προφήτην
740 4996 1239 5065 δντωςύπάρχειν,
1279 4994 1374 5047 καὶ
1416 4991 1951 5062 Ἰουδαῖοννοίηθεῖσα
2025 5051 2028 5054 ,

316 5094 422 5147 τὸν
481 5091 728 5164 Κύριον,
777 5093 893 5154 τοῖς
945 5087 1265 5156 ἐπιχωρίοις
1299 5085 1463 5138 -ἕθεσι
1526 5085 1662 5138 πολὺ
1714 5083 1779 5156 δὴ
1829 5084 1950 5140 λίαν

317 5185 742 5258 ἐναϐρύνεται,
799 5182 896 5236 καὶ
948 5181 1048 5250 τῆς
1101 5177 1377 5231 Ἰουδαίων
1435 5175 1694 5238 ὑπονοίας
1757 5176 1949 5246 βεϐου-

314 5275 561 5331 λεῦσθαι
601 5276 675 5330 τὰ
711 5273 954 5346 κρείττω
986 5271 1111 5321 τοὺς
1148 5267 1498 5335 Ῠνεινχρείτας
1532 5270 1638 5317 διτ-
1760 5269 1946 5325 ’“τται.

322 5362 593 5426 ἰουδαῖοι
627 5370 734 5442 μὲν
760 5367 872 5436 γὰρ
903 5382 978 5413 7:7
1012 5387 1014 5390 ν
1381 5362 1416 5408 -ἒ

311 5483 383 5520 τε
428 5467 527 5520 καὶ
562 5462 870 5534 ἀσωμάτου

315 5557 516 5632 μόνοις
565 5560 687 5619 τοῖς
728 5553 892 5622 Ὶερίί

310 5649 531 5723 χρῆναι
583 5647 886 5720 προσκυνεὶ

311 5756 502 5802 νοντο,
533 5740 615 5802 ὡς
649 5736 785 5805 ὅλης
825 5735 889 5784 ἅτ

311 5832 546 5907 φύσεως
579 5827 863 5884 καταλυοζ⁴

1981 4561 2029 4616 D

2043 3254 2276 3326 .junctio
2304 3257 2546 3319 exsistit,
2585 3257 2903 3328 inculpatas
2936 3261 3162 3331 nuptias
3191 3261 3456 3318 efficiunt.

2129 3346 2222 3412 IV,
2255 3349 2344 3404 I9.
2387 3349 2634 3416 Domine,
2671 3351 2820 3407 video
2843 3354 2974 3424 quia
2997 3354 3248 3423 propheta
3269 3371 3323 3411 es
3348 3367 3422 3412 tu.

2130 3441 2375 3499 Tandem
2413 3444 2480 3500 ad
2514 3446 2888 3517 cognitionem
2947 3449 3173 3516 emicat,
3211 3450 3306 3504 sed
3339 3466 3461 3506 eam
3519 3465 3646 3509 nono

2058 3537 2189 3592 dum
2229 3536 2548 3608 perfectam.
2586 3537 2921 3611 Prophetam
2954 3541 3159 3596 etenim
3203 3541 3388 3600 adhuc
3419 3545 3652 3615 appellat

2059 3629 2460 3698 prophetarum
2489 3627 2820 3686 Dominum:
2845 3632 3042 3688 melior
3066 3641 3250 3689 tamen
3282 3635 3488 3690 sensim
3514 3635 3653 3692 iacta

2059 3727 2143 3773 est
2179 3734 2345 3789 quam
2376 3721 2556 3790 prius,
2580 3721 2737 3774 nullo
2755 3720 2978 3790 quidem
3005 3722 3169 3777 ntodo
3192 3725 3654 3793 reprehensiones

2058 3826 2202 3882 aegre
2233 3809 2439 3876 ferens,
2475 3811 2570 3866 sed
2602 3813 2854 3866 miraculi
2892 3814 3000 3868 vim
3032 3813 3242 3869 utiliter
3271 3815 3570 3884 arripiens,
3602 3826 3654 3872 et

2059 3916 2186 3955 cum
2227 3901 2328 3955 hac
2358 3903 2576 3956 ratione
2623 3903 2844 3956 mollem
2880 3903 3128 3958 animum
3177 3906 3446 3969 excutiat,
3500 3907 3658 3963 tarde

2058 3993 2425 4049 nihilominus
2459 3992 2622 4065 184
2651 3993 2716 4047 ad
2765 3995 3026 4051 virtutem
3067 3998 3342 4065 ascendit,
3374 4009 3429 4056 et
3467 4000 3655 4057 cordis

2057 4087 2280 4142 oculum
2314 4087 2379 4142 ad
2407 4088 2736 4142 inusitatum
2771 4104 2956 4143 rerum
2982 4092 3365 4161 spectaculum
3391 4094 3650 4151 intendit.

2058 4177 2116 4232 In
2156 4193 2267 4248 quo
2303 4179 2496 4232 mirari
2535 4178 2729 4248 utique
2773 4180 2935 4236 decet
2974 4179 3280 4239 Salvatoris
3312 4185 3490 4241 nostri
3539 4187 3652 4242 cle-

2057 4271 2317 4325 mentiam
2351 4271 2517 4326 simul
2561 4278 2614 4326 et
2651 4272 2932 4337 virtutem,
2969 4271 3062 4342 qui
3126 4274 3294 4330 rudes
3329 4282 3546 4334 animos
3596 4283 3653 4333 lu

2057 4365 2435 4420 admirabilem
2479 4373 2684 4421 statum
2716 4364 2878 4422 facile
2903 4365 3286 4425 transformat.

2130 4631 2341 4697 ιν,·εο.
2373 4631 2567 4688 Patres
2603 4634 2781 4688 nostri
2819 4633 2874 4686 in
2908 4643 3088 4688 monte
3133 4634 3651 4708 Itoe‘aderaveruut,

2058 4735 2108 4781 et
2157 4741 2246 4779 vos
2290 4724 2512 4789 dicitis,
2567 4725 2695 4796 quia
2745 4723 3139 4795 Hieroso‘tymis
3195 4737 3285 4782 est
3335 4729 3519 4799 locus,
3565 4737 3655 4790 ubi

2058 4820 2286 4875 adorare
2311 4827 2534 4888 oportet.
2565 4818 2708 4872 Dicit
2740 4819 2790 4872 ei
2827 4817 3008 4876 Iesus.

2127 4997 2266 5053 Gum
2309 4995 2602 5050 Dominum
2645 5009 2837 5049 revera
2871 4997 3202 5067 prophetam
3236 5015 3657 5078 essepeumque
3685 5070 3698 5081 ς

2053 5083 2311 5139 Judaeum
2352 5081 2654 5150 existimet,
2686 5083 2884 5152 patriis
2917 5087 3120 5144 ritibus
3149 5091 3352 5146 mirum
3383 5105 3655 5167 quantum

2031 5178 2348 5250 gloriatur,
2377 5184 2454 5230 .et
2509 5174 2906 5236 Samaritanos
2957 5185 3163 5240 asserit
3217 5187 3384 5261 longe
3439 5194 3652 5262 potiora

2057 5271 2324 5327 statuisse
2347 5283 2515 5340 quam
2555 5268 2804 5328 Judtros.
2836 5273 3014 5332 Judaei
3045 5281 3255 5351 quippe
3283 5283 3649 5338 crassior-ibus

1935 5386 1946 5392 -
2056 5361 2126 5417 de
2151 5361 2336 5415 divina
2371 5364 2735 5434 corporisque
2789 5378 3014 5438 experte
3055 5383 3266 5427 natura
3297 5370 3648 5437 opinionibus

2053 5456 2254 5512 imbuti
2289 5455 2691 5529 Hierosolymis
2722 5459 3014 5527 duntaxat,
3052 5472 3147 5516 aut
3207 5463 3262 5515 in
3300 5459 3475 5513 VIt‘Illa
3511 5460 3643 5516 Sion

2054 5551 2401 5607 adorandum
2448 5567 2574 5608 esse
2632 5569 2957 5624 supremum
3001 5553 3242 5607 universi
3284 5550 3454 5605 Deum
3508 5565 3646 5606 eon-

2055 5647 2374 5713 tendebant,
2397 5647 2564 5719 quasi
2598 5655 2711 5702 tota
2747 5661 2977 5719 prorsus
3005 5643 3077 5696 ibi
3113 5641 3411 5698 ineﬂ‘abilis
3458 5650 3513 5698 et
3559 5644 3645 5700 in-

2056 5743 2576 5812 comprehensibilis
2611 5748 2808 5796 natura
2852 5735 3150 5798 habitaret,
3187 5741 3242 5791 et
3305 5736 3648 5796 manufactis

2057 5836 2276 5904 templis
2336 5836 2548 5893 inclusa
2591 5831 2750 5888 foret.
2817 5827 3189 5894 Quamobrem
3252 5845 3387 5890 voce
3421 5845 3643 5902 quoque
