4106 6526
531 370 637 426 503

1519 371 1576 427 s.
1601 370 1878 428 CYRlLLl
1914 375 2384 434 ALEXANDRlNl
2411 361 2733 438 ARCHI'EP.

3673 385 3771 441 5οδ

533 484 920 554 prophetarum
943 483 1154 556 supina:
1173 483 1274 539 bac
1300 484 1353 539 in
1377 499 1436 540 re
1459 484 1694 542 inscitia:
1712 488 2083 558 arguebantur

2208 493 2663 566 αποκλεισθείσης
2696 495 2862 560 ναοῖς.
2897 494 2990 548 Διὸ
3017 494 3102 567 δὴ,
3131 495 3372 564 καὶ-λίαν
3396 495 3774 564 ἀσυνετοῦντες

530 577 744 632 dicente
774 576 920 631 Deo:
953 595 972 628 ι
1009 577 1222 631 leum
1259 576 1492 632 thronus
1521 593 1698 656 meus,
1737 588 1880 633 terra
1921 587 2102 634 autem

2203 585 2297 638 ἐπὶ
2325 585 2497 658 τούτῳ
2529 586 2618 640 διὰ
2661 589 2759 659 τῆς
2785 587 2891 641 τῶν
2919 587 3216 658 προφητῶν
3255 587 3546 658 ἠλέγχοντο
3573 589 3772 659 φωνῆς,

526 669 829 724 scabellum
857 668 1054 738 pedum
1111 684 1382 724 meorum.
1419 669 1646 735 Qualem
1677 670 1898 724 domum
1931 671 2083 725 aedili

2201 676 2297 728 τοῦ
2324 676 2459 730 Θεοῦ
2485 679 2734 747 λέγοντος
2757 696 2773 712 ·
2827 698 2846 732 t
2869 679 2926 733 Ὀ
2948 679 3175 751 οὐρανός
3204 697 3294 750 μοι
3327 677 3534 749 θρόνος,
3564 681 3596 750 ἡ
3622 680 3678 733 δὲ
3703 681 3773 749 γῆ

525 759 723 814 cabitis
759 759 912 820 milii,
942 760 1076 813 dicit
1099 759 1408 814 Dominus?
1440 760 1524 814 vel
1546 759 1674 829 quis
1703 761 1860 817 locus
1888 762 2101 832 requie-

523 849 596 904 tis
627 864 759 902 meze
778 848 866 902 8"?
920 867 939 900 ι
983 847 1316 904 Samaritani
1344 865 1476 906 vero
1518 865 1732 916 rursus,
1758 853 1837 906 uti
1870 855 1994 908 loco
2046 862 2100 910 et

519 938 769 1008 regione,
803 939 884 994 sic
908 941 1077 994 etiam
1109 941 1331 995 inscitia
1357 948 1413 996 et
1442 941 1720 1012 imperitia
1739 942 1945 1000 Judaeis
1979 945 2098 1000 tini-

519 1030 662 1095 timi,
705 1030 762 1084 in
803 1038 1011 1095 monte,
1075 1031 1171 1101 qui
1232 1031 1458 1088 Garizin
1494 1032 1803 1098 dicebatur,
1859 1051 1984 1090 cum
2045 1044 2100 1091 et

516 1121 787 1174 orandum
834 1129 892 1175 et
945 1121 1285 1176 adorandum
1342 1130 1621 1192 putarent,
1673 1125 1872 1181 merito
1917 1127 2092 1182 risum

516 1225 627 1264 non
652 1209 946 1281 elingiunt.
979 1210 1041 1265 Ei
1073 1219 1256 1268 autem
1289 1213 1541 1268 stultitia:
1573 1217 1920 1270 occasionem
1959 1233 2097 1287 prm-

513 1303 634 1358 buit
667 1302 754 1357 illa
786 1303 1118 1368 benedictio,
1150 1319 1313 1374 quam
1338 1305 1394 1359 in
1427 1313 1612 1360 monte
1642 1305 1868 1362 Garizin
1891 1307 2093 1364 factam

511 1397 566 1448 in
604 1395 1030 1450 Denteronomio
1076 1397 1332 1467 legimus.
1375 1397 1535 1454 Ilanc
1579 1401 1778 1456 mulier
1817 1402 2093 1458 Salvatori

510 1486 868 1556 quaestionem
906 1503 1008 1542 ceu
1044 1502 1293 1558 magnam
1325 1489 1615 1559 quamdam
1639 1498 1693 1545 et
1719 1491 2091 1548 diﬂicillimam

508 1579 877 1647 objectionem
917 1579 1201 1650 proponit,
1235 1579 1460 1636 dicens:
1502 1600 1520 1633 ι
1579 1580 1773 1639 Patres
1803 1584 1978 1640 nostri
2034 1587 2091 1642 in

506 1680 694 1725 monte
735 1672 837 1725 hoc
868 1671 1261 1737 adoraverunt,
1303 1691 1321 1722 ι
1359 1681 1468 1728 etc.

572 1952 663 2019 ιν,
691 1953 780 2008 2|.
811 1953 978 2008 Crede
1001 1956 1151 2022 milii,
1184 1957 1396 2019 mulier,
1429 1958 1556 2026 quia
1581 1957 1716 2012 venit
1743 1958 1896 2025 liora,
1918 1978 2083 2032 quan-

500 2050 568 2100 do
599 2062 764 2116 neque
800 2047 856 2099 in
885 2045 1274 2118 Hierosolymis
1295 2089 1310 2115 ,
1342 2065 1506 2120 neque
1537 2050 1594 2104 in
1621 2061 1797 2106 monte
1829 2052 1924 2108 hoc
1949 2055 2082 2110 ado—

501 2138 695 2192 rabitis
730 2137 972 2193 Patrem.

563 2221 824 2280 Omnium
854 2227 1132 2282 inscitiam
1161 2228 1327 2284 simul
1372 2231 1727 2301 condemnat,
1761 2249 1888 2289 cum
1946 2235 2078 2292 ado-

490 2314 658 2369 randi
703 2316 948 2382 modum,
986 2319 1081 2388 qui
1111 2321 1257 2388 apud
1303 2329 1572 2393 utrosque
1607 2325 1947 2388 obtinuerat,
2012 2328 2079 2383 ad

499 2407 769 2463 veriorem
807 2411 1134 2466 translatum
1171 2413 1239 2466 iri
1291 2414 1392 2468 ait.
1451 2414 1573 2471 Non
1628 2419 1773 2471 enim
1805 2429 2080 2489 quaeretur

495 2499 737 2570 amplius
763 2502 938 2567 locus,
983 2503 1183 2574 inquit,
1223 2506 1278 2560 in
1310 2522 1422 2577 quo
1465 2509 1689 2579 proprie
1717 2509 1889 2566 Deum
1920 2513 2080 2569 habi-

495 2599 614 2644 tare
667 2590 1004 2656 existiment,
1039 2594 1134 2649 sed
1186 2604 1245 2650 ut
1282 2597 1378 2667 qui
1435 2599 1691 2656 universa
1744 2602 1967 2672 impleat
2023 2612 2078 2660 et

495 2681 782 2738 continere
810 2683 988 2738 valeat
1024 2683 1339 2753 Dominum,
1382 2688 1541 2759 185
1567 2690 1878 2748 adorabunt
1903 2711 2076 2752 unus-

493 2773 728 2843 quisque
778 2775 845 2830 de
902 2775 1023 2830 loco
1075 2793 1198 2841 suo,
1258 2779 1404 2834 sicut
1465 2781 1688 2851 quidam
1753 2795 2073 2843 sanctorum

493 2866 885 2934 prophetarum
921 2867 1020 2922 ait.
1057 2866 1258 2922 Horam
1301 2880 1486 2926 autem
1522 2881 1576 2927 et
1603 2881 1824 2944 tempus
1860 2876 2074 2946 ejusce—

493 2953 639 3008 modi
675 2955 876 3012 rituum
934 2958 1382 3029 abrogandorum
1447 2978 1607 3018 suum
1644 2963 1701 3018 in
1739 2965 1885 3022 hunc
1918 2984 2077 3022 mun-

489 3045 618 3100 dum
646 3063 771 3103 cum
808 3064 1041 3118 corpore
1101 3050 1398 3106 adventum
1458 3054 1553 3110 ait.
1585 3055 1830 3112 Observa
1892 3070 2073 3115 autem

488 3152 596 3205 quo
647 3147 809 3209 pacto
865 3141 1105 3210 eleganti
1165 3158 1399 3212 prorsus
1458 3146 1672 3202 ratione
1732 3148 2073 3206 mulierculae

486 3236 726 3282 mentem
773 3229 842 3283 ad
900 3229 1324 3301 intelligentiam
1377 3234 1498 3289 Filii
1553 3236 1812 3303 deducat,
1850 3238 2063 3296 Patrem

490 3315 656 3371 Deum
696 3317 974 3372 vocando:
997 3321 1272 3388 quomodo
1306 3323 1472 3388 enim,
1506 3341 1710 3396 quaeso,
1738 3327 2072 3400 intelligere-

487 3414 580 3460 tur
611 3406 793 3473 Patcr,
828 3424 938 3463 non
963 3412 1259 3467 exsistente
1283 3411 1423 3469 Filio
1447 3415 1472 3468 ἲ

1141 3523 1297 3579 CAP.
1334 3526 1400 3581 V.

476 3610 643 3692 Quod
675 3611 854 3668 Filius
887 3631 990 3692 non
1015 3616 1085 3670 sit
1113 3618 1252 3692 inter
1275 3620 1561 3692 adorantes
1593 3632 1853 3692 quatenus
1934 3623 2066 3680 Ver-

547 3682 679 3736 bum
702 3694 781 3738 est
817 3701 880 3738 ac
919 3685 1079 3752 Deus,
1112 3687 1202 3742 sed
1236 3705 1356 3743 cum
1386 3690 1548 3746 Patre
1577 3682 1753 3762 potius
1797 3694 2064 3754 adoretur.

507 3895 526 3904 -
554 3857 646 3923 ιν,
677 3859 769 3914 29.
817 3861 916 3916 Vos
951 3862 1192 3919 adoratis
1211 3867 1349 3936 quod
1380 3845 1626 3923 nescitis:
1655 3886 1749 3925 nos
1782 3827 2068 3932 adoramus

481 3953 620 4024 quod
651 3955 870 4019 scimus,
903 3956 1026 4025 quia
1049 3957 1198 4012 salus
1222 3973 1287 4012 ea:
1308 3956 1516 4014 Juda'is
1543 3969 1642 4018 est.

551 4128 821 4200 Loquitur
849 4130 1028 4187 denuo
1055 4139 1113 4187 ut
1139 4130 1365 4187 Iudaeus
1412 4141 1468 4189 et
1517 4136 1703 4203 homo,
1753 4139 1834 4195 rei
1871 4141 2065 4196 ordine

2203 766 2490 821 ὑποπόδιον
2519 770 2625 822 τῶν
2657 769 2836 824 ποδῶν
2879 787 3002 841 μου.
3034 771 3192 823 Ποῖον
3224 765 3370 824 οἷκον
3396 769 3774 840 οἰκοδομήσετέ

2204 873 2314 926 μοι,
2368 859 2514 928 λέγει
2557 861 2782 934 Κύριος,
2823 862 2856 933 ἢ
2897 863 2982 926 τίς
3017 862 3182 926 τόπος
3223 861 3324 932 τῆς
3375 860 3774 925 καταπαύσεώς

2202 967 2305 1019 μου
2333 967 2348 1018 ;
2379 969 2397 1002 ι
2418 952 2754 1023 Σαμαρεῖται
2777 953 2834 1006 δὲ
2861 953 3043 1018 πάλιν,
3075 952 3136 1005 οὐ
3174 951 3364 1023 πόρρω
3391 951 3488 1021 τῆς
3513 950 3774 1003 Ἰουδαίων

2198 1041 2439 1112 ἀμαθίας
2472 1045 2738 1110 κείμενοι,
2773 1045 2956 1116 χώραν
3001 1062 3060 1098 τε
3103 1043 3237 1115 ὁμοῦ
3284 1043 3379 1097 καὶ
3420 1043 3774 1096 ἀπαιδευσίαν

2196 1134 2396 1204 ὅμορον
2440 1134 2688 1206 ἔχοντες,
2737 1136 2795 1190 ὲν
2843 1135 2960 1207 ὄρει
3007 1134 3084 1206 τῷ
3119 1134 3372 1205 Γαρίζειν
3403 1131 3546 1185 οὕτω
3577 1131 3771 1185 καλου-

2199 1225 2366 1294 μένῳ,
2399 1227 2492 1279 καὶ
2533 1226 2928 1297 προσεύχεσθαι
2976 1225 3106 1291 δεῖν,
3158 1226 3252 1280 καί
3299 1229 3624 1297 προσκυνεῖν
3662 1226 3770 1279 οἶό-

2198 1333 2369 1386 μενοι,
2392 1316 2455 1370 τὸ
2474 1317 2734 1386 γελᾶσθαι
2761 1318 2982 1380 δικαίως
3016 1318 3076 1370 ού
3101 1316 3474 1386 διαφεύγουσι.
3500 1317 3692 1384 Γέγονε
3715 1316 3772 1369 δὲ

2193 1407 2288 1458 καὶ
2315 1405 2486 1476 αὐτῆς
2516 1407 2617 1476 τῆς
2657 1405 2841 1469 ἀνοίας
2878 1408 2911 1477 ἡ
2943 1406 3239 1477 πρόφασις,
3284 1405 3347 1458 τὸ
3391 1405 3636 1458 δεδόσθαι
3673 1406 3773 1476 τὴν

2192 1496 2442 1566 εὐλογίαν
2463 1500 2520 1551 ὲν
2543 1497 2659 1568 ὄρει
2676 1497 2950 1568 Γαρίςειν,
2965 1495 3147 1561 καθὼς
3179 1498 3238 1550 ὲν
3262 1495 3340 1567 τῷ
3367 1495 3771 1566 Δευτερονομίῳ

2191 1587 2577 1658 γεγραμμένον
2607 1587 2954 1659 εὑρίσκομεν.
2985 1587 3202 1658 Ταύτην
3231 1589 3264 1657 ἠ
3297 1587 3434 1656 γυνὴ
3459 1585 3537 1656 τῷ
3555 1585 3768 1655 Σωτῆρι

2189 1680 2288 1750 τὴν
2321 1678 2566 1749 ζήτησιν,
2616 1679 2692 1743 ῶς
2723 1697 2775 1732 τι
2817 1679 2960 1750 μέγα
3023 1679 3118 1732 καί
3151 1677 3601 1746 δυσκατάληπτον
3637 1677 3770 1748 πρός

2192 1770 2378 1842 ϐλημα
2399 1773 2718 1842 προΐσχεται
2741 1771 2972 1840 λέγουσα
2995 1787 3012 1802 ·
3049 1789 3067 1822 ι
3086 1771 3150 1824 Oi.
3172 1771 3407 1840 πατέρες
3431 1770 3588 1840 ἡμῶν
3610 1770 3668 1823 έν
3690 1767 3767 1839 τῷ

2119 1845 2161 1904 Β
2189 1861 2304 1933 δρει
2331 1862 2508 1932 τούτῳ
2539 1861 2973 1933 προσεκύνησαν,
3007 1881 3026 1914 ι
3063 1861 3158 1915 καὶ
3185 1860 3255 1914 τά
3282 1862 3432 1931 ἑξῆς.

2257 1954 2512 2008 Πίστευέ
2541 1973 2664 2024 μοι,
2695 1956 2892 2024 γύναι,
2925 1954 3016 2008 ὅτι
3045 1954 3279 2024 ἔρχεται
3311 1953 3453 2022 ὥρα,
3497 1954 3596 2009 ὅτε
3627 1956 3768 2011 οὔτε

2181 2045 2252 2098 ἐν
2294 2047 2724 2114 Ἰεροσολύμοις
2746 2085 2761 2111 ,
2807 2046 2945 2100 οὔτε
2991 2045 3061 2098 ἐν
3086 2044 3167 2110 τῷ
3211 2045 3333 2114 ὄρει
3371 2045 3558 2112 τούτῳ
3583 2060 3768 2114 προσ-

2182 2140 2487 2206 κυνήσετε
2514 2139 2594 2205 τῷ
2621 2139 2825 2208 Πατρί.

2277 2233 2446 2305 Ὀμοῦ
2505 2235 2604 2304 τῆς
2666 2221 2923 2287 ἁπάντων
2981 2229 3223 2302 ἀμαθίας
3295 2229 3761 2302 καταψηφίζεται,

2183 2323 2650 2396 μετατεθὴσεσθαι
2687 2321 2861 2390 λέγων
2891 2321 2986 2374 ἐπὶ
3007 2322 3069 2375 τὸ
3103 2320 3468 2393 ἀληθέστερον
3499 2321 3600 2391 τῆς
3632 2321 3764 2392 παρ’

2180 2417 2381 2486 ἀμφοῖν
2405 2415 2659 2486 λατρείας
2693 2412 2753 2467 τὸ
2777 2413 2982 2484 σχῆμα.
3027 2413 3102 2466 Οὐ
3134 2411 3243 2484 γὰρ
3269 2411 3370 2476 ἔτι,
3400 2412 3557 2482 φησὶ,
3591 2410 3760 2482 ζητη-

2179 2509 2405 2580 θήσεται
2451 2509 2634 2572 τόπος,
2669 2509 2727 2562 ὲν
2753 2500 2798 2575 ᾧ
2837 2506 2903 2576 δὴ
2945 2506 3153 2578 κυρίως
3181 2505 3457 2576 οἰήσονται
3488 2506 3761 2570 κατοικεῖν

2177 2601 2268 2654 τὸν
2293 2599 2446 2661 Θεὸν,
2495 2598 2611 2653 ἀλλ’
2635 2598 2711 2662 ὡς
2734 2596 2804 2651 τά
2837 2596 3014 2652 πάντα
3054 2594 3352 2668 πληροῦντι
3390 2595 3485 2650 καὶ
3517 2594 3770 2666 συνέχειν

2181 2691 2419 2764 ἰσχύοντι
2449 2691 2890 2762 προσκυνήσουσι
2938 2687 3018 2760 τῷ
3059 2687 3270 2759 Κυρίῳ,
3319 2687 3547 2750 ἕκαστος
3573 2688 3638 2739 ὲκ
3665 2685 3760 2740 τοῦ

2175 2784 2342 2837 τόπου
2375 2781 2560 2846 αὐτοῦ,
2607 2782 2861 2854 καθάπερ
2887 2783 2973 2845 τίς
3017 2797 3152 2850 φησι
3185 2779 3293 2832 τῶν
3328 2779 3498 2847 ἁγίων
3542 2795 3758 2848 προφηο

2175 2875 2302 2929 τῶν.
2338 2875 2508 2944 Ὥραν
2555 2875 2614 2928 δὲ
2661 2873 2757 2927 καί
2805 2872 2997 2943 καιρὸν
3039 2871 3141 2942 τῆς
3181 2871 3290 2924 τῶν
3322 2870 3585 2924 τοιούτων
3620 2869 3760 2923 ὲθῶν

2178 2967 2586 3038 μεταστάσεως,
2635 2965 2734 3036 τὴν
2766 2961 2958 3018 ἑαυτοῦ
2996 2962 3133 3034 μετὰ
3173 2962 3424 3034 σώματος
3465 2961 3758 3032 ἐπιδημίαν

2173 3060 2232 3112 ὲν
2256 3059 2445 3128 κόσμῳ
2476 3057 2660 3127 φησιν.
2721 3057 3000 3127 Ἐπιτήρει
3031 3055 3088 3108 δὲ
3129 3055 3280 3118 ὅπως
3313 3052 3636 3125 ἀστειοτάτῃ
3661 3052 3756 3106 τοῦ

2175 3149 2331 3218 λόγου
2381 3151 2729 3219 χρησάμενος
2782 3149 2972 3218 ἀγωγῇ
3030 3147 3168 3218 πρὸς
3220 3146 3429 3212 ἐννοίας
3473 3145 3571 3210 τὰς
3628 3146 3756 3215 περὶ

2173 3241 2304 3294 Υἱοῦ
2351 3242 2577 3313 ποδηγεῖ
2621 3239 2714 3294 τοῦ
2748 3239 2970 3309 γυναίου
3012 3239 3104 3292 τὸν
3146 3238 3292 3302 νοῦν,
3326 3238 3546 3309 Πατέρα
3575 3237 3754 3291 καλῶν

2170 3334 2262 3386 τὸν
2287 3333 2420 3387 Θεόν
2448 3349 2462 3364 ·
2507 3332 2626 3397 πῶς
2655 3330 2764 3402 γὰρ
2791 3331 2858 3385 ἂν
2891 3329 3026 3395 ὅλως
3055 3332 3229 3385 νοοῖτο
3253 3331 3444 3401 Πατὴρ
3469 3330 3570 3384 οὐκ
3605 3329 3755 3394 ὄντος

2173 3425 2302 3480 Υἰοῦ
2319 3442 2336 3489 ;

2765 3535 3022 3590 ΚΕΦΑΛ.
3063 3534 3140 3590 E'.

2172 3628 2444 3702 'Ottm’m
2575 3624 3211 3702 _to?c_:{po0'xvroﬁdlr
3251 3623 3497 3702 ἐστιν-ο
3543 3625 3677 3702 1’:qu-
3711 3619 3754 3697 ᾗ

2242 3698 2431 3766 Λόγος
2459 3696 2591 3750 ἐστὶ
2635 3695 2734 3750 καί
2763 3697 2928 3762 Θεὸς,
2969 3695 3397 3765 προσκυνεῖται
3424 3694 3754 3764 adyti/L105"

2237 3766 2387 3837 μετὰ
2423 3768 2674 3834 Πατρός.

2253 3858 2448 3929 Ὑμεῖς
2488 3855 2882 3928 προσκυνεῖτε
2903 3853 2934 3910 ὃ
2955 3856 3066 3910 οὐκ
3102 3853 3321 3922 οἴδατε,
3358 3849 3529 3926 ἡμεῖς
3559 3873 3753 3926 προσ-

2170 3948 2506 4018 κυνοῦμεν,
2553 3947 2585 4001 ὃ
2639 3947 2905 4017 οἴδαμεν,
2978 3946 3067 4000 ὅτι
3117 3946 3155 4014 ἡ
3205 3949 3468 4017 σωτηρία
3513 3948 3583 4002 ἐκ
3631 3948 3752 4004 τῶν

2183 4042 2485 4098 Ἰουδαίων
2506 4041 2699 4095 ἐστίν.

2238 4137 2404 4190 Λαλεῖ
2429 4135 2526 4206 μὲν
2551 4132 2712 4187 πάλιν
2735 4134 2809 4196 ὡς
2840 4131 3089 4194 Ἰουδαῖος
3112 4130 3206 4183 καὶ⁵
3230 4128 3537 4201 ἄνθρωπος,
3560 4130 3751 4187 τοῦτον

481 4221 627 4276 hunc
653 4223 814 4276 etiam
847 4224 1103 4294 loquendi
1141 4225 1361 4278 modum
1398 4230 1735 4297 postulante;
1791 4247 1892 4286 nec
1918 4234 2063 4288 enim

2185 4225 2262 4285 ιαὶ
2291 4225 2386 4278 νῦν
2416 4221 2753 4290 ἀπαιτούσης
2793 4219 2884 4273 τὸν
2915 4219 3114 4291 τρόπον
3155 4219 3255 4290 τῆς
3301 4218 3392 4272 τοῦ
3426 4221 3750 4292 πράγματος

479 4315 732 4370 Christus
793 4331 824 4370 a
879 4317 1082 4384 decoro
1143 4324 1197 4372 et
1257 4299 1666 4388 opportunitate
1708 4324 2063 4380 abérraverit.

2185 4315 2478 4386 ›ἰκονομίας
2506 4331 2518 4345 ο
2571 4311 2694 4366 οὐδὲ
2734 4309 2843 4382 γὰρ
2881 4309 2947 4362 ἂν
2978 4308 3172 4380 καιροῦ
3215 4325 3272 4360 τε
3306 4307 3402 4364 καί
3442 4310 3748 4379 πρέποντος

478 4405 696 4462 Tribuit
741 4418 922 4464 autem
974 4411 1097 4480 plus
1131 4410 1336 4480 aliquid
1378 4413 1715 4481 cognitionis
1745 4413 2061 4472 Judaeorum

2185 4407 2454 4477 ἰπεσφάλη
2502 4403 2754 4476 Χριστός.
2810 4401 3097 4470 Ἀπονέμει
3135 4399 3274 4454 δέτι
3321 4401 3416 4453 καὶ
3459 4400 3623 4454 πλέον
3668 4404 3750 4465 είς

478 4500 672 4554 cultui.
699 4500 1029 4556 Samaritani
1064 4503 1333 4571 siquidem
1369 4503 1608 4574 simplici
1646 4513 1701 4560 et
1752 4507 2060 4564 inconsulta

2185 4501 2380 4560 niveam
2420 4500 2541 4560 ταῖς
2594 4493 2863 4549 Ἰουδαίων
2907 4491 3209 4563 λατρείαις.
3261 4491 3596 4562 Σαμαρεῖται
3648 4492 3751 4562 μὲν

2213 4591 2224 4602 ι
2322 4591 2336 4602 υ
2417 4591 2429 4602 ι
2515 4589 2526 4602 ο
2583 4587 2650 4602 ςι-
2839 4575 3091 4602 ενι-κοί
3179 4583 3273 4602 κιο.
3388 4584 3721 4602 ,,,A,,,,,-,

398 4589 422 4609 ’
477 4593 690 4658 ratione
718 4591 883 4647 Deum
933 4593 1186 4659 adorant;
1240 4591 1412 4647 Judaei
1444 4609 1575 4649 vero
1629 4611 1724 4665 per
1779 4587 2063 4669 legem'et

2185 4591 2383 4662 (ἁμῶς
2414 4591 2471 4642 ὲν
2504 4587 2661 4657 ἁπλῷ
2678 4604 2737 4638 τε
2771 4586 2862 4639 καὶ
2890 4575 3146 4654 ἀζητήτῳ
3179 4583 3343 4653 λόγῳ,
3379 4584 3750 4653 προσκυνοῦσι

469 4685 772 4753 pmplietas
819 4684 932 4739 veri
971 4685 1066 4738 Dei
1109 4685 1428 4754 cognitione
1471 4696 1738 4755 quantum
1773 4689 1826 4742 in
1872 4705 1932 4744 se
1980 4699 2064 4746 est

2185 4683 2252 4735 τὸν
2281 4681 2412 4734 Θεόν
2435 4697 2449 4712 ·
2481 4679 2724 4732 Ἰουδαῖοι
2755 4676 2834 4739 δὲ,
2867 4676 2955 4730 διὰ
2983 4675 3148 4746 νόμου
3182 4675 3274 4728 καὶ
3301 4675 3617 4746 προφητῶν,
3647 4675 3752 4744 τὴν

475 4783 716 4844 accepta.
740 4775 973 4846 Ideoque
995 4775 1211 4829 nescire
1226 4775 1602 4832 Samaritanos
1615 4777 1708 4844 ait,
1734 4779 1828 4834 sed
1843 4777 2061 4837 Iudaeos

2185 4774 2252 4827 τοῦ
2280 4773 2430 4834 ὄντος
2462 4769 2662 4839 γνῶσιν
2709 4769 2849 4822 κατά
2890 4769 2950 4822 τὸ
2980 4765 3254 4838 ἐγχωροῦν
3294 4766 3592 4837 δεχόμενοι.
3647 4768 3753 4822 Διά

475 4865 617 4920 scire
654 4863 1080 4936 quodammodo,
1113 4880 1178 4920 ex
1224 4867 1427 4936 quibus
1467 4869 1630 4923 etiam
1667 4871 1933 4925 orituram
1970 4887 2059 4927 sa-

2185 4865 2317 4918 ὀὖτο
2364 4860 2708 4930 Σαμαρείτας
2761 4861 2858 4930 μὲν
2902 4859 3002 4912 οὐκ
3049 4859 3248 4913 εἰδέναι
3305 4859 3503 4929 φησὶν,
3556 4856 3750 4923 ἐξεπί-

475 4936 642 5011 ιῖυιθω
669 4955 920 5020 allirmat,
953 4966 1201 5010 nostram
1260 4957 1534 5014 videlicet.
1593 4958 1852 5016 Christus
1907 4961 2055 5016 enim

2185 4954 2392 5008 ττασθαι
2420 4952 2479 5006 δέ
2512 4970 2630 5015 πως
2663 4952 2788 5015 τοὺς
2834 4951 3138 5014 Ἰουδαίους,
3168 4949 3228 5014 ἐξ
3256 4943 3330 5003 ὧν
3371 4951 3466 5004 καὶ
3491 4950 3752 5020 ἀναδειχ-

470 5055 558 5104 est
583 5064 654 5104 ex
703 5049 912 5104 semine
942 5047 1188 5113 Davidis,
1221 5048 1372 5119 quod
1409 5050 1478 5104 ad
1541 5066 1765 5108 carnem
1819 5053 2054 5109 attinet:

2185 5045 2421 5116 ιήσεσθαι
2462 5041 2562 5114 τὴν
2616 5041 2911 5114 σωτηρίαν,
2961 5039 3170 5094 ἑαυτῶν
3211 5039 3454 5110 δηλονότι
3483 5041 3751 5112 διῖσχυρίο

435 5137 438 5140 ’
471 5138 641 5194 David
659 5147 840 5194 autem
871 5155 938 5194 ex
974 5139 1123 5194 tribu
1163 5138 1305 5195 Juda
1339 5143 1609 5198 oriundus
1659 5156 1764 5200 est.
1801 5142 2053 5214 Seipsum

2185 5141 2331 5199 Istat.
2395 5134 2528 5188 Ἀπὸ
2573 5135 2684 5204 γὰρ
2735 5132 3046 5203 σπέρματος
3086 5131 3250 5186 Δαδὶδ
3291 5132 3353 5184 τὸ
3386 5131 3526 5185 κατά
3567 5131 3754 5205 σάρκα

469 5245 634 5300 porro
672 5231 815 5284 inter
861 5231 1182 5288 adoratores
1242 5235 1512 5298 collocat,
1547 5244 1607 5289 ut
1631 5235 1818 5300 homo,
1864 5237 1913 5304 is
1959 5237 2054 5307 qui

2185 5227 2415 5300 ίριστὸς,
2447 5225 2619 5295 φυλῆς
2646 5225 2702 5277 δὲ
2731 5224 2828 5294 τῆς
2877 5222 3046 5276 Ἰούδα
3090 5222 3317 5292 γέγονεν
3354 5225 3382 5276 ό
3427 5223 3611 5278 Δαϐίδ.
3657 5224 3752 5276 Ἑν

465 5336 590 5375 cum
627 5318 737 5374 Deo
769 5327 823 5374 et
854 5319 1037 5387 Patre,
1071 5336 1196 5375 cum
1219 5336 1248 5375 a
1278 5323 1463 5389 nobis,
1496 5333 1612 5377 tum
1641 5340 1672 5378 a
1702 5324 1913 5380 sanctis
1950 5340 2051 5379 an-

2185 5321 2215 5372 ῖὲ
2247 5322 2360 5383 τοῖς
2409 5314 2810 5389 προσκυνοῦσιν
2851 5314 3041 5369 ἑαυτὸν
3089 5315 3416 5369 κατατάττει
3461 5315 3624 5369 πάλιν
3667 5314 3753 5376 ὡς

461 5412 602 5481 gelis
631 5409 916 5464 aduratur.
947 5410 1180 5476 Quando
1208 5414 1354 5468 enim
1395 5414 1650 5470 servilem
1693 5414 1924 5469 formam
1962 5429 2052 5468 as-

2185 5411 2464 5482 ἱνθρωπος,
2512 5411 2542 5461 ὁ
2577 5407 2715 5480 μετά
2743 5407 2876 5462 Θεοῦ
2910 5409 3005 5461 καὶ
3045 5408 3283 5479 Πατρὸς,
3320 5408 3460 5478 πρός
3497 5423 3556 5460 τε
3584 5406 3752 5477 ἡμῶν

465 5503 718 5572 sumpsit,
785 5505 1118 5560 conveniens
1186 5522 1405 5578 quoque
1462 5521 1624 5563 servo
1678 5506 2046 5560 ministerium

2185 5505 2251 5558 :a‘t
2291 5502 2399 5556 τῶν
2449 5501 2619 5570 ἁγίων
2665 5500 2912 5569 ἀγγέλων
2962 5499 3455 5570 προσκυνούμενος.
3521 5498 3750 5570 Ἐπειδὴ

461 5591 664 5658 ειριρι,
688 5607 1032 5663 nequaquam
1056 5594 1313 5652 desinens
1337 5611 1462 5651 esse
1486 5595 1651 5661 Deus,
1675 5611 1740 5650 ac
1761 5595 2044 5663 Dominus,

2185 5595 2264 5665 ’ἀρ
2314 5592 2375 5644 τὸ
2417 5589 2686 5644 οἰκετικὸν
2746 5589 3133 5662 περιεϐάλλετο
3178 5591 3363 5661 σχῆμα
3401 5590 3501 5660 τὴν
3552 5590 3751 5662 οἰκέτῃ

453 5690 518 5736 et
551 5681 884 5738 adorandus.
927 5683 1107 5743 Manet
1139 5687 1286 5744 enim
1337 5686 1508 5752 idem,
1563 5685 1691 5742 licet
1741 5686 1920 5744 factus
1974 5688 2045 5743 sit

2185 5687 2468 5760 ;ρέπουσαν
2497 5682 2826 5756 ἀποπληροῖ
2873 5683 3242 5757 λειτουργίαν,
3318 5683 3421 5736 οὐκ
3468 5681 3755 5745 ἀπολέσας

533 5858 579 5890 ⁸⁵
611 5859 717 5916 lsa.
748 5876 898 5929 LXVI,
933 5863 985 5918 ι.
