4106 6484
308 443 425 498 305

1374 445 1442 499 IN
1473 443 1760 500 JOANNIS
1801 431 2251 502 EVANCELIUM
2300 443 2429 500 LIB.
2462 445 2526 500 ιι.

3501 442 3608 498 5οθ

303 567 376 621 τὸ
415 557 557 620 εἶναι
590 562 745 628 Θεὸς,
790 565 882 618 καὶ
922 565 1146 638 Κύριος,
1187 551 1282 622 καὶ
1315 569 1712 640 προσκυνητός.
1749 568 1917 622 Μὲνει

2024 569 2206 636 homo,
2235 577 2290 624 et
2321 569 2526 639 ubique
2549 569 2984 639 dispensationis
3018 581 3144 624 cum
3175 582 3344 623 carne
3380 581 3608 622 servans

304 658 426 730 γάρ
455 659 485 710 ὸ
510 657 674 721 αὑτὸς
706 658 756 711 εί
785 659 880 712 καὶ
912 658 1137 728 γέγονεν
1182 658 1492 731 ἄνθρωπος,
1525 659 1828 725 ἀποσώζων
1858 659 1916 713 δὲ

304 747 571 818 πανταχῆ
596 747 700 818 τῆς
725 747 864 819 μετά
889 749 1092 819 σαρκὸς
1117 750 1433 821 οἰκονομίας
1459 750 1551 804 τὸν
1583 751 1740 821 λόγον
1761 768 1775 780 ⁸
1813 749 1918 805 κᾶν

309 837 566 910 μεγάλην
603 837 740 912 ἴδῃς,
778 840 873 893 και
903 841 1161 912 ὑπερφυᾶ
1191 842 1291 913 τὴν
1321 841 1671 910 ταπείνωσιν,
1701 844 1914 926 θαυμα-

308 932 449 1002 στὴς
498 931 785 1002 είσέρχου,
848 934 924 1004 μὴ
981 933 1318 1010 κατήγορος,
1376 936 1450 1006 μὴ
1501 936 1914 1009 φιλεγκλήμων,

311 1025 524 1096 μᾶλλον
583 1023 642 1077 δὲ
705 1025 968 1096 μιμητής.
1051 1024 1345 1090 Τοιούτους
1409 1028 1439 1080 ό
1494 1026 1707 1091 Παῦλος
1769 1029 1918 1099 ἡμᾶς

306 1115 552 1188 ὁρᾶσθαι
598 1115 849 1186 βούλεται
888 1116 1064 1186 λέγων
1108 1133 1123 1148 ⁶
1195 1136 1214 1169 ι
1249 1117 1438 1190 Τούτῳ
1487 1120 1754 1190 φρονείτω
1798 1120 1914 1193 [αι.

305 1207 476 1260 τοῦτο
501 1207 774 1280 φρονεῖτε]
822 1208 1054 1274 ἕκαστος
1101 1209 1162 1263 ὲν
1205 1211 1334 1282 ὑμῖν
1389 1212 1596 1278 αὐτοῖς,
1641 1213 1671 1266 ὃ
1715 1214 1810 1267 καὶ
1857 1215 1918 1266 ὲν

306 1297 544 1370 Χριστῷ
607 1297 819 1368 Ἰησοῦ,
869 1299 928 1364 ὃς
976 1301 1034 1354 ὲν
1083 1304 1266 1373 μορφῇ
1313 1300 1453 1356 Θεοῦ
1513 1303 1778 1375 ὑπάρχων
1817 1305 1917 1377 οὑχ

305 1387 617 1459 ἁρπαγμὸν
657 1388 906 1459 ἡγήσατο
946 1389 1009 1444 τὸ
1053 1388 1194 1445 εἶναι
1239 1391 1331 1447 ῐσα
1369 1392 1522 1464 Θεῷ,
1568 1393 1688 1448 ἀλλ’
1723 1395 1919 1450 ἑαυτὸν

303 1477 557 1531 ὲκένωσε
605 1479 821 1551 μορφὴν
853 1480 1044 1534 δούλου
1086 1481 1297 1550 λαϐὼν,
1356 1487 1415 1539 ὲν
1457 1485 1771 1556 ὁμοιώματι
1818 1488 1918 1542 ἀν-

304 1568 555 1640 θρώπων
583 1571 898 1641 γενόμενος,
931 1573 1024 1626 καὶ
1051 1574 1292 1645 σχήματι
1321 1577 1570 1648 εὑρεθεὶς
1593 1577 1917 1651 ώςιᾶνθρω-

307 1679 453 1726 πος,
504 1663 876 1720 ἐταπείνωσεν
918 1667 1142 1723 ἑαυτόν,
1174 1687 1193 1721 ι
1271 1669 1435 1742 Ὁρᾷς
1474 1671 1627 1735 ὅπως
1665 1687 1916 1726 ταπεινο-

309 1755 594 1826 φροσύνης
622 1757 930 1830 ὑπόδειγμα
959 1760 1182 1830 γέγονεν
1221 1763 1358 1833 ἡμῖν
1385 1764 1414 1816 ὁ
1447 1763 1576 1828 Υἱὸς
1615 1764 1674 1817 ἐν
1709 1763 1918 1834 ίσότητι

308 1848 415 1916 μὲν
456 1847 726 1920 ὑπάρχων
759 1850 852 1903 τοῦ
889 1852 1126 1923 Πατρὸς,
1177 1853 1273 1907 καὶ
1313 1855 1372 1908 ὲν
1405 1856 1590 1926 μορφῇ
1637 1854 1782 1909 καΘά
1823 1854 1915 1924 γέ-

304 1957 598 2010 γραπται,
653 1942 1055 2014 καταϐεϐηκὼς
1103 1944 1160 1998 δὲ
1203 1944 1272 1998 δι’
1331 1947 1481 2018 ἡμᾶς
1533 1949 1614 2012 είς
1666 1947 1918 2002 ἑκούσιον

314 2032 596 2103 ὑπακοὴν,
647 2035 742 2086 καὶ
783 2035 1160 2103 ταπείνωσιν;
1227 2035 1355 2102 Πῶς
1409 2032 1502 2092 οὖν
1554 2039 1662 2111 ἄρα
1708 2038 1771 2092 τὸ
1814 2039 1916 2110 τῆς

315 2123 588 2195 ὑπακοῆς,
609 2124 730 2190 πῶς
763 2125 818 2180 δὲ
849 2126 914 2181 τὸ
938 2127 1040 2198 τῆς
1069 2126 1456 2194 ταπεινώσεως
1485 2129 1595 2183 ἔδει
1627 2128 1919 2200 φαίνεσθαι

311 2215 526 2286 σχῆμα.
560 2215 594 2286 ἢ
629 2217 876 2288 δηλονότι
899 2220 928 2272 ὁ
955 2219 1046 2274 διά
1068 2218 1579 2292 τῶνπραγμάτων,
1617 2223 1714 2277 καὶ
1742 2222 1920 2290 λόγων

304 2307 409 2379 τῆς
438 2308 786 2382 θεοπρεποῦς
818 2311 976 2379 ἀξίας
1019 2312 1474 2385 ὑποϐεϐηκότων,
1524 2313 1620 2368 καὶ⁵
1669 2313 1806 2367 πολὺ
1857 2312 1922 2368 τὸ

301 2401 540 2456 ἔλαττον
570 2403 830 2473 ἐχόντων,
871 2405 905 2477 ἢ
939 2407 1000 2458 ὲν
1041 2403 1241 2477 οἷσπερ
1284 2401 1355 2477 ἦν
1385 2406 1594 2478 γυμνὸς
1638 2406 1722 2460 ἑτι
1761 2407 1918 2478 παρά

305 2493 491 2564 Πατρὶ
525 2495 722 2562 Λόγος,
752 2496 846 2550 καὶ
877 2496 1230 2567 ἀσύμπλοκος
1267 2497 1370 2567 τῆς
1410 2496 1507 2552 τοῦ
1548 2497 1740 2552 δούλου
1782 2514 1919 2570 μορ-

304 2589 458 2657 φῆς;
510 2585 626 2640 Ποῦ
656 2588 768 2660 γὰρ
793 2588 933 2652 ὅλως
966 2588 1131 2643 αὐτὸν
1174 2587 1616 2661 καταθεὸηκέναι
1646 2591 1917 2660 φήσομεν,

305 2680 357 2734 εί
387 2680 467 2750 μή
521 2697 574 2732 τι
611 2680 711 2734 καὶ
760 2679 872 2737 τῶν
915 2682 1046 2753 παρ’
1077 2679 1237 2748 ἀξίαν
1291 2681 1584 2752 ὑπομεῖναι
1630 2679 1920 2753 δώσομενς

309 2774 516 2842 Γέγονε
564 2771 687 2837 πῶς
719 2773 779 2826 ὲν
812 2773 1117 2845 ἀνθρώπων
1159 2775 1473 2846 ὁμοιώματι
1517 2775 1663 2830 κατὰ
1693 2775 1793 2847 τὴν
1824 2777 1921 2831 τοῦ

312 2866 539 2920 Παύλου
569 2866 777 2938 φωνὴν,
813 2869 863 2921 εί
899 2868 975 2939 μὴ
1021 2867 1083 2921 τὸ
1119 2867 1431 2938 ἀνθρώποις
1456 2868 1670 2940 πρέπον
1711 2870 1922 2941 ἐμιμή-

312 2975 490 3025 σατο;
559 2959 804 3030 Πρᾶγμα
872 2959 937 3014 δὲ
995 2958 1310 3035 ἀνθρώποις
1367 2961 1824 3033 πρεπωδέστατον
1885 2964 1918 3035 ἠ

310 3049 716 3123 προσκύνησις,
747 3051 826 3116 ώς
853 3051 914 3107 ὲν
940 3033 1257 3126 όφλῆματος
1275 3051 1429 3120 τάξει
1462 3053 1830 3127 κατατιομένη
1860 3033 1923 3108 τε

316 3145 416 3196 καὶ
470 3145 870 3215 προσαγομένη
936 3146 1073 3218 παρ’
1125 3145 1285 3218 ἡμῶν
1350 3145 1431 3218 τῷ
1493 3145 1634 3218 Θεῷ.
1706 3145 1920 3201 Οὐκοῦν

2019 664 2290 718 rationem
2327 682 2340 718 :
2377 671 2466 730 at,
2527 663 2573 719 si
2643 670 2700 718 tu
2742 663 3000 718 eximiam
3046 669 3101 717 ct
3133 657 3606 731 supernaturalem

2019 753 2387 811 humilitatem
2439 752 2663 818 videris,
2708 754 3147 810 admirabundus
3187 753 3334 814 subi,
3367 767 3478 806 non
3515 765 3610 805 ac-

2018 854 2264 910 cusator,
2291 862 2400 902 non
2422 846 2815 910 calumniator,
2853 847 2952 902 sed
2993 848 3264 901 imitator.
3307 845 3470 900 Tales
3507 858 3610 898 nos

2018 937 2194 994 videri
2241 938 2360 992 vult
2397 938 2625 1003 Paulus,
2665 938 2897 993 dicens:
2949 957 2970 990 ί
3035 936 3152 993 Hoc
3199 937 3347 992 enim
3411 936 3610 992 sentite

2021 1031 2404 1100 unusquisque
2437 1029 2493 1083 in
2521 1029 2706 1095 vobis,
2730 1027 2882 1098 quod
2899 1037 2952 1082 et
2972 1028 3027 1082 in
3054 1026 3278 1082 Christo
3311 1027 3439 1082 Jesu
3464 1045 3479 1081 :
3512 1027 3609 1094 qui

2018 1139 2144 1180 cum
2177 1123 2355 1178 forma
2386 1121 2478 1177 Dei
2521 1128 2691 1186 esset,
2735 1134 2845 1174 non
2878 1118 3130 1190 rapinam
3178 1118 3483 1173 arbitratus
3525 1126 3612 1173 est

2018 1231 2145 1273 esse
2173 1215 2520 1286 sesequalem
2565 1213 2699 1278 Deo,
2753 1213 2849 1269 sed
2884 1213 3244 1282 semetipsum
3284 1211 3610 1271 exinauivit,

2019 1309 2254 1366 formam
2287 1309 2433 1365 servi
2458 1307 2764 1378 accipiens,
2785 1307 2840 1361 in
2871 1304 3294 1361 similitudinem
3324 1303 3614 1358 hominum

2019 1401 2225 1467 factus,
2262 1408 2317 1456 et
2358 1399 2583 1455 habitus
2610 1399 2866 1454 inventus
2928 1404 2990 1452 ut
3041 1398 3239 1464 homo,
3299 1396 3617 1450 humiliavit

2019 1491 2381 1563 semetipsum
2404 1491 2472 1546 ⁸⁸.
2513 1509 2532 1543 ι
2571 1491 2736 1562 186
2768 1489 2932 1546 Vides
2956 1497 3019 1544 ut
3059 1489 3394 1544 humilitatis
3423 1504 3612 1543 exem-

2017 1584 2169 1655 plum
2193 1583 2355 1639 nobis
2378 1581 2562 1639 factus
2591 1584 2661 1638 sit
2696 1581 2894 1646 Filius,
2927 1583 3181 1655 quamvis
3211 1581 3266 1635 in
3299 1580 3615 1651 aequalitate

2019 1676 2092 1732 sit
2125 1674 2332 1739 Patris,
2364 1683 2419 1730 et
2450 1673 2648 1738 forma,
2699 1681 2762 1729 ut
2795 1673 3066 1744 scriptum
3099 1679 3208 1737 est,
3258 1673 3355 1728 sed
3390 1681 3617 1742 pr0pter

2019 1782 2123 1824 nos
2175 1766 2232 1820 in
2286 1765 2661 1821 voluntariam
2713 1763 3085 1820 obedientiam
3133 1773 3190 1820 et
3245 1763 3616 1818 humilitatem

2017 1857 2408 1914 descenderit?
2429 1856 2721 1922 Quomodo
2751 1856 2924 1927 igitur
2945 1855 3276 1910 obedientiae
3310 1860 3408 1907 aut
3435 1853 3618 1921 humi-

2019 1949 2196 2006 litatis
2226 1948 2451 2005 habitus
2482 1947 2642 2004 aliter
2672 1957 2997 2019 appareret,
3032 1962 3199 2018 quam
3228 1961 3295 2002 ex
3339 1945 3508 2002 rebus
3552 1961 3617 2000 ac

2020 2042 2372 2100 sermonibus
2401 2040 2589 2096 divina
2617 2040 2889 2112 dignitate
2918 2040 3300 2103 inferioribus,
3347 2038 3618 2110 longeque

2020 2134 2336 2190 minoribus
2365 2145 2535 2203 quam
2566 2130 2752 2188 Verbo
2778 2131 2928 2186 nudo
2963 2131 3148 2186 adhuc
3199 2130 3436 2186 necdum
3471 2133 3618 2186 servi

2021 2226 2216 2282 forma
2264 2225 2568 2296 coniuncto
2598 2225 2974 2281 conveniant?
3011 2223 3303 2290 Quomodo
3337 2224 3485 2279 enim
3523 2223 3620 2280 de-

2021 2316 2309 2375 scendisse
2334 2331 2462 2374 eum
2491 2316 2766 2381 dicemus,
2803 2316 2912 2372 nisi
2963 2316 3229 2387 quiddam
3279 2331 3405 2372 eum
3435 2332 3466 2371 a
3517 2332 3617 2372 sua

2021 2407 2291 2479 dignitate
2347 2407 2591 2462 alienum
2646 2407 2762 2477 pati
2814 2406 3157 2463 fatebimur?
3211 2405 3506 2474 Quomodo
3563 2409 3618 2462 in

2021 2499 2447 2556 similitudinem
2501 2499 2789 2555 hominum
2849 2500 3036 2556 factus
3073 2509 3184 2568 est,
3240 2502 3402 2572 juxta
3459 2500 3620 2556 Pauli

2022 2595 2375 2658 sententiam,
2430 2591 2478 2648 si
2511 2592 2663 2663 quod
2711 2591 3034 2648 hominibus
3075 2594 3338 2663 congruit
3376 2607 3488 2648 non
3545 2594 3620 2648 sit

2023 2684 2274 2740 imitatus
2296 2685 2322 2738 τ
2367 2683 2914 2741 Convenientissima
2947 2699 3081 2740 vero
3117 2699 3208 2739 res
3239 2694 3328 2742 est
3377 2685 3622 2740 homini-

2022 2776 2150 2840 bus,
2193 2776 2466 2852 adoratio,
2525 2791 2690 2848 quam
2730 2790 2833 2832 nos
2890 2774 3002 2832 Deo
3055 2785 3319 2848 tanquam
3373 2777 3618 2833 debitam

2023 2866 2326 2924 deferimus
2352 2878 2516 2940 atque
2545 2868 2925 2940 rependimus.
2949 2867 3141 2953 Itaque
3168 2871 3368 2925 adorat
3396 2869 3619 2940 quidem

2022 2967 2085 3016 ut
2115 2960 2301 3027 homo,
2329 2961 2775 3032 quandoquidem
2811 2961 2988 3018 factus
3008 2973 3093 3019 est
3122 2963 3324 3028 homo;
3350 2964 3617 3017 adoratur

2022 3067 2158 3107 vero
2211 3068 2433 3124 semper
2469 3068 2596 3108 cum
2631 3051 2820 3121 Patre,
2880 3053 3012 3124 quia
3071 3053 3216 3110 Deus
3254 3062 3338 3110 est
3400 3055 3622 3124 eritque

2025 3147 2332 3203 secundum
2391 3153 2675 3212 naturam,
2710 3161 2774 3201 ac
2807 3161 2996 3202 verus.
3051 3143 3160 3201 Sed
3226 3162 3338 3201 non
3394 3148 3446 3201 id
3482 3148 3623 3218 feret

320 3239 624 3308 προσκυνεῖ
651 3238 752 3310 μὲν
779 3239 856 3306 ώς
894 3237 1203 3311 ἄνθρωπος,
1238 3239 1330 3294 ὅτε
1353 3239 1578 3310 γέγονεν
1610 3239 1920 3312 ἄνθρωπος,

2027 3238 2212 3295 denuo
2244 3237 2619 3303 adversarius,
2644 3251 2840 3293 verum
2871 3235 2928 3291 in
2959 3250 3062 3291 nos
3095 3235 3182 3291 his
3213 3236 3401 3292 verbis
3433 3237 3623 3292 insur-

311 3331 713 3400 προσκυνεῖται
746 3328 804 3384 δὲ
826 3331 915 3397 ἀεὶ
945 3330 1084 3401 μετὰ
1116 3330 1350 3403 Πατρὸς,
1383 3332 1510 3386 ἐπεὶ
1537 3331 1671 3396 Θεός
1704 3333 1824 3386 ὲστί
1858 3350 1920 3385 τε

306 3423 408 3476 καὶ
471 3421 631 3476 ἔσται
684 3423 830 3477 κατὰ
889 3424 1087 3494 φύσιν,
1133 3425 1232 3478 καὶ¹
1277 3424 1553 3496 ἀληθινός.
1633 3425 1774 3479 Ἀλλ’
1821 3426 1926 3480 οὑκ

307 3513 573 3580 ἀνέξεται
611 3517 776 3571 πάλιν
806 3518 835 3571 ὁ
866 3515 933 3570 δι’
967 3515 1238 3582 ἐναντίας,
1281 3517 1458 3572 ἐκεῖνο
1483 3518 1541 3572 δὲ
1569 3517 1748 3589 λέγων
1787 3519 1925 3573 ἀνα-

311 3608 585 3677 στήσεται
613 3624 629 3640 °
681 3609 774 3682 Μὴ
825 3609 1034 3676 ξενίζου
1082 3612 1413 3683 προσκυνεῖν
1459 3611 1551 3665 ὅτε
1597 3612 1786 3682 φαμὲν
1831 3613 1926 3667 τδν

312 3701 471 3756 Υἱόν.
516 3703 596 3757 Οὑ
629 3702 741 3776 γὰρ
765 3703 942 3770 οὕτως
969 3704 1196 3776 οἰόμεθα
1225 3705 1426 3777 χρῆναι
1457 3707 1789 3778 προσκυνεῖν
1820 3706 1921 3759 αὑο

307 3793 405 3847 τὸν
451 3793 537 3866 τῷ
587 3796 786 3867 Πατρὶ,
832 3795 1024 3869 ὥσπερ
1059 3793 1154 3851 οὖν
1185 3796 1380 3867 ἀμέλει
1423 3796 1520 3851 καὶ
1548 3797 1718 3868 ἡμᾶς,
1755 3796 1791 3867 ἢ
1831 3797 1930 3852 καὶ

311 3881 590 3950 ἀγγέλους
608 3883 793 3954 τυχὸν,
818 3883 934 3938 ἀλλ’
957 3883 1234 3957 ἐξαίρετός
1256 3883 1342 3948 τίς
1369 3883 1520 3938 ἐστιν
1543 3885 1579 3956 η
1612 3885 1930 3957 προσκύνη-

312 3987 423 4035 σις,
477 3970 577 4025 καὶ
625 3971 760 4026 πολὺ
791 3972 895 4043 τῆς
929 3975 1062 4045 παρ’
1104 3973 1264 4045 ἡμῶν
1306 3974 1365 4028 ὲν
1395 3973 1668 4045 ἀμείνοσι.
1720 3974 1786 4028 Τί
1831 3970 1928 4030 οῦν

312 4060 456 4131 πρὸς
480 4058 658 4113 ταῦτα
681 4059 844 4116 πάλιν
865 4061 1101 4133 ἐροῦμεν
1121 4063 1315 4134 ἡμεῖς
1354 4064 1444 4127 Ὠς
1465 4063 1926 4136 ἀξιολογωτάτην,

313 4147 603 4220 ἄνθρωπε,
642 4149 944 4220 περιτιθεὶς
975 4149 1056 4221 τῷ
1081 4151 1386 4220 Μονογενεῑ
1412 4152 1513 4224 τὴν
1541 4152 1808 4218 δουλείαν,
1831 4155 1928 4208 καὶ

314 4238 597 4292 οίκετικὸν
627 4239 848 4310 ἀξίωμα
879 4241 993 4305 τοῖς
1019 4240 1080 4305 ἐξ
1113 4241 1333 4314 ἀπάτης
1366 4242 1804 4314 καταχρυσώσας
1835 4243 1928 4296 λό-

316 4344 436 4396 γοις
470 4328 638 4394 τισὶν,
673 4328 773 4382 οἴει
805 4329 1310 4401 παρακρουόμενος.
1353 4331 1569 4386 Παῦσαι
1598 4329 1842 4396 δοξάζων
1867 4332 1926 4386 ἐν
1982 4353 1986 4356 ν

317 4417 518 4488 ἀτιμίᾳ
577 4417 670 4471 τὸν
717 4417 882 4480 Υίὸν,
934 4419 1023 4472 ἵνα
1077 4418 1268 4492 μείνῃς
1313 4419 1491 4489 τιμῶν
1534 4419 1626 4474 τὸν
1667 4419 1912 4492 Πατέρα.

324 4523 342 4556 ι
366 4505 427 4557 '0
452 4503 566 4577 γὰρ
593 4503 998 4576 μὴιτιμῶντὸν
1026 4505 1176 4571 Υἱδν,
1206 4507 1330 4562 οὑδὲ
1353 4508 1447 4562 τὸν
1477 4507 1699 4578 Πατέρα
1720 4510 1880 4580 τιμᾷ,
1901 4527 1920 4562 ι

319 4592 506 4658 καθὼς
531 4593 868 4664 γέγραπται.
895 4595 961 4649 Τί
987 4596 1119 4668 γὰρ,
1151 4597 1273 4651 είπέ
1305 4615 1415 4668 μοι,
1451 4597 1588 4670 πρὸς
1615 4598 1927 4672 ἐλευθερίαν

318 4682 508 4753 ὀνήσει
557 4683 651 4736 τὸν
703 4684 1004 4756 Μονογενῆ,
1054 4685 1116 4738 τὸ
1157 4684 1436 4758 ἐξαίρετον
1469 4687 1747 4741 ποιεῖσθαι
1787 4689 1922 4760 παρ’

319 4772 472 4841 ἡμᾶς
537 4771 640 4842 τὴν
709 4771 1124 4844 προσκύνησιν;
1195 4774 1344 4839 Ἕως
1404 4775 1515 4847 γὰρ
1580 4773 1646 4830 ἂν
1702 4777 1760 4830 ὲν
1812 4779 1926 4842 τοῖς

319 4859 726 4931 προσκυνοῦσιν
810 4861 1173 4934 εὑρίσκηται,
1232 4862 1420 4928 δοῦλος
1478 4863 1633 4918 ἔσται
1682 4864 1923 4933 πάντως,

319 4948 417 5001 καὶ
460 4949 511 5000 εί
542 4951 715 5002 νοοῖτο
737 4950 1122 5021 προσκυνητὴς
1149 4949 1445 5022 ἐξαίρετος,
1493 4952 1681 5007 διοίσει
1720 4954 1777 5008 δὲ
1813 4952 1924 5007 τῶν

318 5037 646 5108 κτισμάτων
705 5038 848 5096 κατά
913 5038 1014 5109 μὲν
1068 5038 1130 5090 τὸ
1169 5033 1306 5092 εἶναι
1370 5039 1597 5109 γενητὸς
1651 5039 1924 5112 οὐδαμῶς,

321 5126 709 5200 ὑπεροχαῖςδὲ
753 5127 916 5196 μόνον
940 5130 1059 5192 ταῖς
1092 5127 1318 5193 illam,
1337 5127 1529 5202 ὥσπερ
1560 5129 1867 5202 ἀνθρώπων
1897 5131 1926 5185 ὁ

319 5215 572 5288 Μιχαὴλ,
621 5215 655 5286 ἢ
705 5217 800 5269 καὶ
847 5217 1012 5287 ἑτέρα
1054 5233 1140 5281 τις
1191 5217 1300 5271 τῶν
1349 5218 1545 5287 ἁγίων,
1590 5219 1684 5272 καὶ
1732 5219 1926 5292 λογικὴ

318 5305 582 5375 δύναμις,
606 5299 724 5378 τὺ
748 5305 848 5376 μὲν
872 5304 1076 5376 προῦχε
1087 5323 1133 5360 ιν
1155 5307 1263 5359 τῶν
1285 5308 1376 5360 ἐπὶ
1402 5307 1502 5377 τῆς
1524 5306 1629 5378 γῆς
1653 5307 1927 5372 οὑσιωδῶς

321 5395 525 5468 ὁρᾶται
552 5395 966 5466 προσπεφυκὸς,
991 5395 1022 5467 ἢ
1050 5396 1192 5449 κατά
1211 5396 1304 5449 τὸν
1325 5395 1425 5465 τῆς
1446 5393 1732 5465 ἁγιότητος
1753 5394 1912 5464 λόγον
1928 5432 1943 5459 ,

317 5484 355 5556 ἧ
413 5483 510 5536 καί
559 5500 668 5537 τινι
705 5481 866 5554 δόξης
907 5483 1254 5554 πλεονασμῷ,
1303 5483 1461 5548 δόξαν
1490 5483 1635 5539 οὕτω
1681 5483 1759 5555 τῷ
1797 5482 1938 5539 πάν-

317 5591 439 5629 των
487 5573 887 5646 ἀριστοτέχνῃ,
935 5567 1058 5626 τότε
1115 5571 1224 5643 μὴν
1285 5577 1398 5636 τοῖς
1445 5575 1695 5644 γενητοῖς
1749 5591 1931 5626 συντε⁴

317 5661 552 5733 τάχθαι,
580 5661 723 5714 κατὰ
741 5661 835 5714 τὸν
856 5661 950 5714 τοῦ
977 5659 1310 5729 πεποιῆσθαι
1339 5659 1518 5729 λόγον,
1549 5662 1686 5734 πρὸς
1706 5662 1776 5715 τὰ
1799 5661 1935 5718 ἄλλα

319 5753 535 5811 κοινόν.
561 5754 775 5807 Οὐκοῦν
800 5753 1101 5825 οὐδαμόθεν
1131 5753 1192 5806 τὸ
1223 5749 1366 5808 εἶναι
1389 5756 1618 5828 γενητὸς
1654 5757 1713 5811 ὲν
1737 5755 1936 5829 Πατρι,

389 5938 438 5970 ⁸⁸
475 5935 722 6006 Philipp.
754 5934 904 6002 ιι,,7,
932 5936 982 5991 8.
1063 5937 1105 5969 ⁸τ
1135 5933 1295 5992 Joan.
1324 5950 1374 6002 v,
1410 5934 1495 5988 Εὖ.
1591 5931 1598 5935 ’

2029 3341 2150 3404 get:
2175 3331 2325 3388 «Noli
2343 3332 2682 3389 commoveri
2697 3345 2823 3386 cum
2841 3329 3044 3385 Filium
3061 3330 3296 3384 adorare
3311 3328 3572 3387 dicimus.
3597 3351 3618 3384 ι

2026 3423 2140 3480 Nec
2183 3422 2334 3478 enim
2381 3421 2723 3477 arbitramur
2751 3420 2933 3491 ipsum
2981 3419 3220 3475 adorare
3261 3417 3483 3474 Patrem
3520 3421 3623 3475 de-

2027 3517 2161 3573 bere
2191 3515 2386 3572 eodem
2420 3512 2587 3570 modo
2620 3528 2730 3584 quo
2760 3520 2856 3568 aut
2881 3512 3050 3568 etiam
3080 3512 3261 3582 angeli
3293 3511 3454 3567 verbi
3496 3527 3625 3582 gra-

2026 3610 2146 3676 tia;
2179 3609 2275 3666 sed
2323 3605 2586 3664 eximiam
2626 3604 2922 3677 quamdam
2969 3603 3353 3659 adorationem
3387 3619 3532 3668 esse,
3568 3613 3628 3660 et

2026 3712 2220 3761 nostra
2253 3703 2415 3774 longe
2446 3700 2907 3772 praestantiorem.
2939 3697 3084 3764 Quid
3144 3695 3316 3766 igitur
3375 3695 3442 3750 ad
3471 3721 3475 3728 -
3503 3697 3622 3753 haec

2027 3810 2251 3852 rursum
2273 3791 2570 3849 dicemus?
2600 3789 2828 3860 Nempe,
2861 3803 2896 3843 ο
2935 3787 3196 3859 quisquis
3221 3802 3307 3852 es,
3363 3787 3623 3857 imposita

2007 3873 2326 3957 ‘Unigenito
2359 3883 2647 3948 servitute,
2686 3890 2744 3938 et
2771 3880 3020 3937 versutis
3046 3877 3416 3936 sermonibus.
3439 3877 3624 3949 digni-

2028 3988 2144 4036 tate
2180 3978 2372 4034 famuli
2399 3977 2669 4033 deaurata
2713 3989 2912 4046 speras
2942 3980 3000 4028 te
3051 3987 3153 4027 nos
3184 3970 3621 4026 ludiﬁcaturum.
3673 4041 3678 4044 _

2029 4071 2232 4129 Desine
2260 4070 2460 4126 Filium
2491 4067 2796 4143 ignominia
2839 4067 3132 4128 decorare,
3173 4069 3235 4116 ut
3265 4060 3492 4116 Patrem
3523 4061 3625 4116 ho-

2030 4181 2230 4223 norare
2259 4178 2493 4236 pergas:
2535 4182 2556 4216 ι
2589 4161 2694 4230 Qui
2723 4160 2870 4216 enim
2896 4174 3010 4213 non
3031 4155 3369 4211 honoriﬁcat.
3393 4154 3624 4218 Filium,

2030 4275 2210 4331 neque
2225 4258 2441 4314 Patrem
2466 4254 2818 4320 honoriﬁcat,
2854 4271 2874 4305 ι
2902 4260 2962 4308 ιιι
2983 4250 3251 4320 scriptum
3273 4257 3360 4305 est
3380 4249 3453 4306 ⁸⁷.
3481 4247 3625 4314 Quid

2029 4353 2203 4421 enim,
2232 4365 2441 4425 quaeso,
2485 4350 2552 4405 ad
2605 4349 2918 4405 libertatem
2976 4343 3226 4416 proderit
3279 4340 3444 4435 Filio,
3479 4341 3627 4413 quod
3705 4423 3716 4435 .

2030 4459 2156 4502 eum
2191 4442 2392 4501 eximia
2434 4441 2675 4514 quadam
2711 4439 2933 4495 ratione
2983 4435 3331 4492 adoramus?
3358 4433 3628 4502 ,Quandiu

2031 4537 2180 4594 enim
2214 4535 2358 4592 inter
2418 4517 2746 4591 adoratores
2798 4531 3130 4603 reperietur,
3183 4529 3379 4600 utique
3433 4543 3632 4584 servus

1959 4641 2007 4701 ι)
2032 4630 2158 4696 erit,
2200 4630 2330 4685 licet
2361 4626 2608 4684 eximius
2666 4625 2932 4681 adorator
2985 4638 3113 4680 esse
3145 4629 3476 4686 censeatur:
3531 4633 3634 4675 ne-

2033 4736 2310 4794 quaquam
2341 4729 2530 4777 autem
2569 4718 2844 4775 creaturis
2891 4714 3178 4786 praestabit
3236 4727 3350 4784 qua
3405 4720 3631 4768 creatus

2032 4825 2135 4880 est,
2177 4815 2276 4871 sed
2305 4815 2413 4868 alia
2455 4813 2728 4868 duntaxat
2781 4809 3134 4872 excellentia,
3163 4804 3630 4876 quemadmodum

2037 4908 2362 4964 hominibus
2391 4903 2642 4967 Michael,
2678 4911 2774 4957 aut
2805 4901 2914 4955 alia
2943 4898 3193 4970 quaadatn
3233 4905 3426 4951 sancta
3453 4903 3509 4950 et
3541 4895 3628 4949 in-

2035 4999 2366 5058 tellectual-is
2389 4997 2590 5063 virtus,
2621 5010 2747 5066 quae
2795 5001 2997 5078 natura
3030 5006 3131 5050 sua
3165 4989 3496 5046 mortalibus
3527 5005 3629 5044 an.

2037 5095 2267 5158 tecellit,
2299 5101 2396 5148 aut
2425 5091 2647 5147 ratione
2671 5087 3012 5152 sanctitatis,
3055 5093 3151 5142 aut
3177 5084 3419 5156 quadam
3449 5084 3630 5139 abun-

2035 5187 2222 5243 dantia
2275 5186 2486 5259 gloriae,
2542 5185 2621 5239 ita
2673 5183 2893 5239 volente
2952 5179 3338 5237 universitatis
3383 5176 3627 5248 opilice:

2036 5289 2418 5337 verumtamen
2449 5286 2730 5350 quatenus
2787 5282 2972 5332 creata
3013 5283 3130 5338 est,
3180 5273 3236 5328 id
3293 5271 3458 5326 habet
3505 5282 3632 5321 cum

2035 5375 2258 5434 caeteris
2295 5387 2613 5440 commune,
2646 5380 2707 5426 ut
2735 5370 2791 5425 in
2825 5377 3209 5425 creaturarum
3251 5364 3445 5419 ordine
3477 5375 3640 5429 repo-

2039 5467 2414 5538 natur.|gitur
2437 5465 2551 5521 ﬂeri
2575 5480 2683 5520 non
2707 5470 2888 5536 potest
2909 5467 2970 5516 ιιι
2987 5459 3228 5514 Verbum
3253 5470 3364 5509 non
3387 5454 3458 5508 sit
3479 5465 3636 5505 crea-

2039 5575 2156 5620 tum
2182 5565 2238 5619 in
2254 5561 2419 5617 Patre
2441 5569 2495 5616 et
2512 5575 2576 5616 ex
2603 5557 2767 5613 Patre
2788 5552 3122 5611 naturaliter
3148 5544 3477 5618 procedens,
3506 5542 3635 5598 licet

2042 5657 2322 5730 praecipuo
2368 5654 2519 5726 [87
2564 5649 2804 5724 quodam
2862 5644 3028 5700 modo
3093 5641 3326 5695 adorare
3389 5634 3634 5692 dicatur.

2047 5753 2114 5811 At
2131 5748 2414 5825 quomodo
2445 5763 2536 5805 res
2565 5744 2834 5818 producta
2852 5738 3028 5796 Filius
3055 5747 3176 5792 esse
3194 5736 3394 5804 potest,
3417 5735 3514 5786 aut
3530 5742 3646 5800 quo
