4106 6492
496 430 599 485 307

1468 421 1524 477 s.
1555 417 1836 478 CYRlLLl
1866 385 2337 473 ALE’XANontNI
2371 415 2692 474 suamne.
2791 479 2802 488 _

3662 427 3763 482 308

500 555 663 618 pacto
697 547 959 602 Dominus
992 543 1134 607 erit,
1185 542 1280 613 qui
1317 554 1517 598 servus
1561 550 1616 595 et
1651 539 1916 594 adorator
1946 535 2078 592 est?

2192 534 2278 587 καὶ
2313 535 2378 588 ἐκ
2419 535 2636 608 Πατρὸς
2675 539 2920 608 φυσικῶς
2957 541 3300 612 διαφεύξεται
3342 546 3371 598 ὁ
3422 545 3619 615 Λόγος,
3665 549 3765 602 κᾶν

499 639 634 695 Nam
665 655 786 696 mea
830 637 1055 709 quidem
1101 635 1378 704 sententia
1425 634 1574 704 regis
1623 648 1687 686 ac
1731 631 1944 688 domini
1997 628 2081 684 di-

498 735 677 805 gnitas
722 734 777 788 in
810 747 875 787 eo
909 731 1110 796 elucet,
1161 729 1310 801 quod
1357 729 1485 800 quis
1527 729 1830 792 adoratur;
1889 721 2080 778 famuli

500 841 628 882 vero
659 841 723 880 ac
751 825 896 880 servi
934 823 1215 889 conditio,
1252 823 1306 877 in
1345 836 1411 876 eo
1440 819 1591 891 quod
1627 821 1758 891 quis
1794 817 2079 872 adoratio-

498 935 621 974 nem
654 927 710 974 et
741 918 952 972 cultum
987 917 1152 974 alicui
1183 914 1381 970 defert.
1411 911 1852 968 Existimandum
1879 909 2082 979 quippe

501 1011 664 1066 nobis
703 1019 790 1066 est
836 1023 1112 1064 summam
1162 1008 1310 1062 illam
1357 1014 1411 1063 et
1465 1020 1780 1076 supremam
1837 1002 2082 1056 omnium

502 1112 756 1158 naturam
793 1101 1018 1158 subdito
1055 1101 1292 1156 similem
1329 1100 1468 1154 fore.
1493 1099 1762 1165 Quocirca
1781 1093 1984 1166 lloysis
2019 1091 2082 1145 il-

502 1197 608 1252 lius
635 1193 1033 1266 sapientissimi
1063 1208 1159 1248 ore
1189 1193 1398 1246 dictum
1429 1199 1515 1246 est
1549 1199 1825 1245 creatura:
1857 1186 2083 1241 univer-

501 1303 618 1342 sae:
651 1305 670 1338 ι
707 1285 1003 1342 Dominum
1036 1284 1205 1339 Deum
1237 1292 1390 1339 tuum
1422 1283 1685 1338 adorabis
1707 1321 1722 1345 ,
1753 1289 1807 1336 et
1839 1279 1943 1348 ipsi
1977 1276 2081 1334 soli

502 1379 712 1436 servies
761 1379 828 1432 ⁸⁸.
860 1396 880 1430 ›
912 1377 1145 1447 Ideoque
1180 1377 1551 1447 quodcunque
1595 1389 1817 1430 servum
1865 1379 1949 1425 est
1985 1384 2084 1422 na-

502 1486 626 1529 tura
667 1481 725 1528 et
765 1472 992 1527 deitatis
1036 1471 1167 1540 jugo
1208 1468 1488 1548 subditur,
1523 1467 1652 1521 huic
1685 1462 1956 1520 adorandi
1988 1459 2082 1515 Dei

503 1566 811 1621 necessitas
842 1563 1148 1625 incumbit,
1184 1568 1238 1614 et
1266 1543 1584 1614 adoratoris
1613 1570 1905 1628 personam
1938 1554 1992 1607 in
2025 1567 2084 1608 se

502 1655 859 1726 suscipiendi.
881 1653 1016 1708 Nam
1047 1669 1171 1709 cum
1206 1653 1420 1724 Moyses
1453 1651 1744 1708 Dominum
1763 1648 1936 1712 dicit,
1963 1662 2083 1701 ser-

501 1764 627 1804 vum
661 1747 965 1812 discernit,
999 1755 1054 1801 et
1095 1755 1442 1809 creaturam,
1485 1757 1613 1800 cum
1659 1741 1852 1796 Deum.
1909 1737 2084 1793 Simul

499 1840 644 1896 enim
697 1837 1112 1910 quodammodo
1167 1837 1578 1907 intelliguntur,
1611 1823 1859 1888 invicem
1910 1844 2081 1900 oppo-

499 1937 706 1986 nuntur
759 1929 997 1983 naturali
1051 1927 1287 1982 Domino
1335 1926 1561 1998 quidem
1616 1938 1855 1989 servus,
1907 1931 1962 1976 et
2001 1921 2084 1975 in-

499 2029 703 2076 creatae
735 2018 966 2080 deitati,
1000 2033 1088 2073 res
1140 2025 1347 2073 creata.
1386 2015 1566 2071 Fillus
1600 2024 1784 2088 autem
1807 2053 1820 2079 ,
1855 2028 1982 2069 cum
2015 2011 2086 2064 ab

501 2122 709 2168 aeterno
731 2111 809 2166 sit
835 2109 890 2164 in
914 2107 1099 2173 Patre,
1137 2119 1194 2164 et
1219 2108 1483 2164 Dominus
1514 2109 1771 2174 exsistat,
1806 2114 1867 2160 ut
1906 2105 2049 2160 Deus
2069 2143 2082 2166 ,

502 2204 781 2260 undenam
815 2201 1052 2257 adorare
1092 2201 1324 2264 debeat,
1373 2216 1478 2271 ego
1522 2200 1741 2270 quidem
1789 2197 2086 2254 ostendere

503 2314 616 2352 non
649 2310 900 2366 possum.
931 2292 1040 2348 Sed
1070 2294 1252 2348 denuo
1284 2308 1466 2362 nugas
1503 2305 1635 2347 suas
1671 2288 2082 2361 illi-proferant.

502 2385 772 2445 Adorabit
794 2423 810 2448 ,
842 2383 1103 2453 inquiunt
1124 2423 1138 2446 ,
1168 2382 1385 2439 Patrem
1415 2381 1748 2453 Unigenitus
1773 2422 1786 2444 ,
1819 2397 1997 2450 neque
2027 2386 2087 2434 ut

503 2491 732 2542 servus,
768 2491 948 2547 neque
981 2482 1042 2528 ut
1073 2482 1334 2530 creatura
1365 2491 1378 2527 :
1417 2473 1512 2528 sed
1565 2481 1625 2527 ut
1673 2473 1817 2526 ﬁlius
1872 2471 2087 2542 genito-

500 2583 618 2626 rem
655 2583 842 2627 suum.
875 2567 1061 2624 Posita
1082 2575 1180 2622 est
1213 2566 1385 2636 igitur
1411 2565 1464 2619 in
1500 2566 1764 2619 ﬁliatione
1797 2561 2086 2618 adorantis

508 2663 696 2729 ratio;
738 2660 1081 2730 Omninoque
1122 2659 1374 2715 dicemus
1408 2657 1747 2714 adorandum
1777 2671 1903 2712 esse
1944 2654 2086 2709 Filio

508 2753 726 2808 Patrem
750 2791 765 2817 ,
799 2758 858 2808 ut
889 2751 983 2821 qui
1025 2751 1082 2806 in
1123 2749 1231 2804 boc
1265 2765 1391 2804 esse
1433 2759 1627 2803 nactus
1659 2749 1764 2810 sit,
1797 2747 1962 2803 sicuti
1995 2760 2091 2800 no-

505 2845 594 2902 bis
625 2860 846 2916 quoque
877 2843 1224 2916 adorandu‘m
1264 2842 1539 2898 incumbit
1573 2857 1642 2896 ex
1678 2855 1743 2896 eo
1777 2839 1924 2910 quod
1969 2839 2088 2893 ani~

505 2911 666 2992 malis
702 2911 896 2992 sumus
930 2911 1443 3006 ratione.prmdicla
1465 2973 1479 3000 ,
1518 2941 1573 2989 et
1608 2932 1860 2986 mortalia
1885 2971 1898 2996 ,
1932 2943 2087 2985 men-

505 3030 578 3085 tis
606 3035 662 3084 et
690 3028 1006 3101 disciplinae
1053 3027 1319 3097 capacia,
1369 3025 1556 3097 potius
1598 3041 1765 3095 quam
1812 3023 1981 3079 animi
2021 3038 2090 3078 ac

507 3120 810 3176 voluntatis
855 3127 1032 3174 motu.
1083 3117 1222 3173 Nam
1278 3117 1325 3174 si
1387 3126 1585 3172 natura
1637 3117 1967 3188 Unigenitus
2023 3130 2088 3170 ac

2185 623 2480 697 ἐξαιρέτως
2525 626 2751 700 λέγηται
2801 637 3145 702 προσκυνεῖν.
3200 631 3332 690 Εἶτα
3386 636 3503 700 πῶς
3534 637 3658 701 Υἱὸς
3685 637 3766 693 έτι

2183 718 2243 770 τὸ
2270 719 2514 792 ποιηθὲν,
2545 722 2579 794 ἢ
2612 723 2728 788 πῶς
2756 725 2837 778 ἔτι
2873 725 3078 799 Κύριος
3107 731 3136 783 ὁ
3159 729 3364 793 δοῦλος,
3395 731 3492 783 καλ⁵
3519 730 3724 802 λάτρης
3749 750 3765 797 ;

2185 806 2354 883 Οἶμαι
2381 813 2490 886 γὰρ
2517 815 2694 884 ἔγωγε
2714 818 2776 870 τὸ
2807 819 2908 890 μὲν
2931 821 3212 891 βασιλικόν
3234 839 3294 876 τε
3333 823 3426 878 καὶ
3447 823 3770 877 δεσποτικὸν

2185 905 2244 956 έν
2287 906 2362 976 τῷ
2414 911 2846 978 προσκυνεῖσθαι
2904 912 3236 984 διαλάμπειν
3297 915 3547 987 ἀξίωμα·
3597 916 3660 968 τὸ
3713 917 3770 971 δὲ

2183 995 2452 1050 οἰκετικόν
2506 1015 2565 1051 τε
2620 1001 2714 1053 καὶ
2763 1001 3164 1074 δουλοπρεπὲς,
3224 1006 3282 1058 ὲν
3314 1005 3391 1074 τῷ
3444 1009 3771 1076 προσκυνεῖν

2185 1089 2470 1160 ὁρίζεσθαι
2489 1093 2709 1164 μέτρον.
2741 1094 2832 1164 Τῷ
2856 1094 2966 1167 γάρ
2994 1098 3354 1150 ὑποπίπτοντι
3388 1099 3535 1168 ἡμᾶς
3561 1097 3773 1153 οἴεσθαι

2185 1181 2266 1235 δεῖ
2297 1183 2395 1254 τὴν
2435 1183 2840 1258 ὑπερκειμένην
2873 1190 2968 1243 καὶ
3001 1191 3188 1245 ἐπάνω
3224 1190 3444 1244 πάντων
3476 1191 3774 1260 ὁμολογου-

2189 1275 2356 1347 μένην
2404 1277 2584 1345 φύσιν.
2625 1279 2915 1352 Τοιγάρτοι
2946 1283 3040 1336 καὶ
3070 1283 3217 1353 πάσῃ
3243 1285 3309 1354 τῇ
3339 1282 3514 1336 κτίσει
3553 1282 3644 1336 διὰ
3672 1281 3772 1336 τοῦ

2187 1369 2465 1438 πανσόφου
2498 1376 2899 1440 προσεφωνεῖτο
2919 1374 3180 1439 Μωσέως,
3219 1395 3237 1426 ι
3272 1375 3478 1445 Κύριον
3509 1373 3602 1427 τὸν
3635 1374 3772 1428 Θεόν

2187 1478 2282 1514 σου
2313 1464 2748 1534 προσκυνήσεις,
2801 1467 2896 1520 καὶ
2939 1466 3088 1538 αὐτῷ
3137 1467 3285 1538 μόνῳ
3343 1467 3703 1539 λατρεύσεις·
3745 1487 3766 1519 ι

2185 1555 2324 1608 ὥστε
2358 1557 2466 1627 ὅτῳ
2500 1556 2642 1610 κατά
2675 1557 2836 1625 φύσιν
2869 1559 3016 1612 ἐστὶν
3065 1561 3098 1630 ή
3143 1559 3374 1625 δουλεία,
3411 1560 3508 1614 καὶ
3543 1562 3648 1614 ὑπὸ
3675 1560 3773 1614 τὸν

2184 1651 2284 1717 τῆς
2315 1649 2566 1720 θεότητος
2605 1649 2794 1703 πίπτει
2825 1650 3024 1718 ζυγὸν,
3066 1651 3229 1705 τοῦτο
3276 1651 3340 1724 δὴ
3392 1652 3608 1716 πάντως
3628 1695 3643 1717 ,
3675 1654 3773 1706 καὶ

2187 1741 2400 1810 ἀνάγκη
2431 1744 2778 1813 προσκυνεῖν,
2808 1745 2902 1797 καλ¹
2925 1744 3003 1814 τῷ
3031 1745 3131 1814 τῆς
3169 1743 3423 1814 λατρείας
3449 1745 3772 1798 ὑποκεῖσθαι

2190 1834 2452 1904 σχήματι.
2502 1835 2589 1887 Ἑν
2617 1835 2716 1906 μὲν
2749 1835 2859 1906 γὰρ
2891 1835 2969 1906 τῷ
2999 1838 3174 1889 εἰπεῖν
3203 1836 3428 1908 Κύριον,
3462 1837 3686 1908 διορίζει
3710 1838 3776 1890 τὸ

2185 1923 2391 1988 δοῦλον,
2424 1925 2481 1977 ἐν
2518 1924 2577 1978 δὲ
2605 1923 2683 1994 τῷ
2719 1924 2872 1989 Θεὸν,
2912 1925 2974 1978 τὸ
3009 1926 3398 1996 πεποιημένον.
3433 1927 3777 1980 Συνεπινοεῖ-

2184 2035 2274 2070 ται
2313 2017 2422 2088 γάρ
2471 2035 2588 2080 πως
2631 2017 2728 2070 καὶ
2783 2017 3314 2082 ἀντιδιαστέλλεται,
3352 2017 3432 2088 τῷ
3477 2018 3576 2089 μὲν
3628 2019 3778 2072 κατὰ

2188 2103 2350 2171 φύσιν
2383 2103 2576 2176 Κυρίῳ
2616 2105 2680 2158 τὸ
2718 2104 2934 2170 δοῦλον,
2983 2108 3050 2176 τῇ
3083 2105 3141 2160 δὲ
3183 2107 3435 2178 ἀγενήτῳ
3468 2107 3684 2179 θεότητι
3711 2108 3778 2160 τὸ

2188 2196 2470 2266 παραχθὲν
2538 2199 2620 2261 είς
2677 2197 2910 2266 γένεσιν.
2965 2197 3024 2252 '0
3067 2198 3125 2252 δὲ
3171 2199 3299 2264 Υἱὸς
3354 2200 3667 2264 ἀῖδίωςεῶν
3713 2201 3778 2256 ὲν

2187 2290 2381 2358 Πατρὶ.
2422 2289 2516 2342 καὶ
2549 2289 2755 2361 Κύριός
2804 2307 2866 2344 τε
2923 2292 3188 2365 ὑπάρχων
3228 2292 3304 2356 ὼς
3334 2291 3499 2356 Θεὸς,
3553 2291 3677 2347 ὅθεν
3706 2294 3776 2346 ἂν

2187 2375 2430 2445 φαίνοιτο
2466 2377 2527 2430 τὸ
2560 2381 2892 2448 προσκυνεῖν
2918 2380 3242 2450 ἔποφείλων,
3277 2382 3472 2454 ἀπορῶ
3515 2383 3612 2452 μὲν
3649 2383 3772 2435 ἑπι-

2183 2465 2451 2520 δεικνύειν
2477 2467 2609 2536 ὲγιῖν
2645 2468 3032 2540 φλυαρούντων
3067 2469 3125 2524 δὲ
3152 2471 3314 2524 πάλιν
3346 2472 3565 2524 ἐκεῖνοι.
3589 2471 3772 2541 Προσ-

2187 2559 2451 2629 κυνήσει,
2501 2560 2700 2630 φησιν,
2739 2563 2768 2614 ὁ
2813 2563 3127 2633 Μονογενὴς
3162 2561 3239 2633 τῷ
3277 2563 3452 2633 Πατρὶ
3477 2603 3492 2625 ,
3537 2563 3662 2616 οὗτε
3696 2561 3774 2625 ὡς

2185 2650 2409 2716 δοῦλος,
2452 2643 2578 2706 οὔτε
2608 2652 2685 2716 ὡς
2726 2654 2973 2724 ποίημα,
3024 2655 3140 2710 ἀλλ’
3174 2655 3252 2719 ὡς
3297 2655 3424 2717 Υἱὸς
3466 2653 3544 2725 τῷ
3577 2656 3776 2724 γεννή⁶

2189 2759 2364 2798 σαντι.
2392 2744 2790 2816 Παραληπτέον
2814 2744 2906 2801 οὖν
2939 2748 3048 2819 ἄρα
3075 2747 3174 2818 τὴν
3202 2747 3575 2820 προσκύνησιν
3609 2749 3670 2801 ὲν
3694 2746 3777 2817 τῷ

2185 2836 2287 2908 τῆς
2320 2838 2568 2909 υῖότητος
2598 2839 2742 2911 ὅρῳ,
2791 2840 2885 2893 καὶ
2931 2841 3126 2912 χρῆναι
3157 2841 3376 2904 πάντως
3403 2841 3639 2912 ἐροῦμεν
3681 2842 3776 2894 τὸν

2187 2930 2320 2984 Υἱὸν
2350 2933 2678 3001 προσκυνεῖν
2711 2931 2789 3001 τῷ
2821 2932 2999 3002 Harp).
3022 2974 3037 2998 ,
3087 2931 3162 2995 ὡς
3212 2935 3271 2987 ἐν
3319 2919 3495 3004 τούτῳ
3537 2933 3603 2985 τὸ
3635 2929 3776 2987 εἶναι

2189 3022 2443 3094 λαχόντα,
2475 3024 2727 3095 καθάπερ
2749 3019 2844 3078 οὖν
2875 3025 2970 3077 καὶ
2998 3025 3157 3095 ἡμεῖς
3192 3024 3250 3078 ὲν
3271 3023 3349 3094 τῷ
3371 3021 3514 3078 εἶναι
3545 3023 3662 3089 ζῶα
3688 3025 3776 3079 λο-

2189 3117 2343 3186 γικά,
2378 3117 2475 3170 καὶ
2506 3117 2698 3187 θνητὰ,
2727 3115 2822 3170 νοῦ
2857 3117 2950 3169 καὶ
2981 3118 3295 3189 ἐπιστήμης
3323 3117 3567 3184 δεκτικὰ,
3600 3119 3635 3190 ἢ
3661 3122 3778 3182 τοῖς

505 3214 655 3268 velut
689 3229 757 3268 ex
790 3213 1126 3269 necessitate
1173 3211 1409 3282 quadarn
1458 3212 1693 3266 adorare
1742 3211 1938 3274 debet,
1985 3210 2087 3264 ita-

2192 3210 2388 3278 ἔξωθεν
2415 3211 2558 3265 κατά
2578 3189 2708 3264 ’νοῦν
2740 3211 3025 3282 κινήμασι,
3073 3211 3168 3264 καὶ
3207 3213 3328 3274 ταῖς
3357 3214 3422 3266 ἐκ
3449 3189 3777 3282 θελημάτων

507 3318 618 3374 que
677 3303 759 3357 illi
827 3302 1076 3358 sentiunt
1135 3314 1200 3355 ac
1257 3301 1601 3371 praedicant:
1647 3299 1926 3370 quomodo
1975 3313 2088 3354 non

511 3403 700 3466 aperte
755 3395 810 3449 in
878 3395 1062 3464 ipsum
1122 3392 1340 3448 Patrem
1396 3405 1628 3464 peccare
1678 3387 2091 3462 deprehenden-

511 3485 644 3540 ιιι-’ί
675 3482 914 3541 Omnino
945 3483 1092 3539 enim
1127 3471 1355 3538 necesse
1395 3492 1482 3538 est
1524 3483 1703 3552 ipsum
1746 3493 1972 3551 quoque
2007 3488 2090 3534 ta-

510 3577 619 3632 lem
646 3575 866 3631 eenseri
889 3613 904 3640 ,
941 3571 1387 3644 quandoquidem
1431 3571 1555 3642 ejus
1598 3571 1781 3639 imago
1811 3579 1865 3624 et
1892 3570 2093 3623 chara-

513 3676 632 3725 cter
659 3676 744 3722 est
773 3664 950 3722 Filius
993 3665 1060 3731 ",
1111 3673 1166 3720 et
1193 3677 1540 3735 quaecunque
1587 3661 1842 3716 eamdem
1892 3669 1946 3716 et
1991 3676 2092 3732 per

513 3758 700 3816 omnia
760 3757 1030 3828 aqualem
1083 3755 1502 3811 similitudinem
1567 3753 1812 3819 habent,
1861 3767 1924 3808 ea
1987 3752 2095 3809 uti-

512 3868 619 3923 que
648 3852 805 3907 nullo
829 3850 994 3906 modo
1020 3847 1305 3904 diﬂ‘erunt.
1347 3847 1510 3914 Quod
1549 3845 1602 3902 si
1643 3847 1697 3901 in
1744 3845 1864 3903 sola
1894 3847 2092 3902 volun-

515 3956 627 4000 tate
651 3941 775 3999 Filii
805 3945 1049 4015 positum
1085 3958 1211 3998 esse
1254 3942 1484 4004 dicunt,
1526 3937 1675 4009 quod
1734 3937 1952 3994 Patrem
1987 3937 2092 3992 ad-

514 4043 670 4101 oret,
706 4034 1042 4105 coniecturis
1073 4042 1365 4088 moventur
1391 4030 1576 4101 potius
1588 4045 1751 4102 quam
1777 4030 2092 4086 rationibus

517 4130 686 4186 veris.
711 4127 782 4182 At
810 4126 945 4198 quid
977 4126 1216 4182 vetuerit
1246 4127 1546 4194 quominus
1577 4115 1676 4177 alii
1712 4121 2092 4178 inconsidera-

515 4235 624 4280 tam
659 4235 770 4293 με
819 4235 882 4277 se
909 4219 1152 4275 feremes
1181 4201 1440 4289 pietatem
1484 4217 1705 4280 dicant,
1742 4213 1960 4271 Patrem
1999 4213 2096 4268 ad~

515 4331 676 4372 orare
723 4313 865 4368 velle
894 4308 1410 4381 Filium,-quamvis
1469 4308 1775 4364 secundum
1829 4319 2093 4362 naturam

516 4422 673 4464 suam
709 4421 822 4463 non
855 4406 930 4462 sit
981 4402 1289 4460 adorator?
1340 4400 1447 4457 Sed
1493 4408 1928 4456 consentaneum
1974 4409 2092 4466 est,

513 4499 736 4571 inquit,
765 4506 836 4554 ut
869 4510 1110 4569 persona
1141 4493 1326 4548 Patris
1349 4492 1418 4548 ab
1449 4481 2090 4558 adorationeeximatur,

510 4570 688 4648 Filius
737 4599 926 4646 autem
951 4588 1006 4643 ei
1037 4585 1350 4640 adorationi
1386 4584 1458 4640 sit
1492 4584 1764 4641 obnoxius
1793 4584 1953 4655 eique
1985 4601 2091 4641 non
2129 4570 2172 4625 Ι)

512 4683 677 4751 iuvit.
707 4680 853 4748 Quid
885 4680 966 4734 ais
989 4717 1004 4740 ,
1033 4691 1066 4731 ο
1086 4676 1236 4732 ιδοηο
1256 4675 1279 4728 ?
1303 4675 1457 4732 Tum:
1489 4691 1710 4732 rursum
1737 4677 1898 4734 nobis
1932 4679 2096 4753 188

515 4783 780 4843 tanquam
810 4787 877 4827 ex
911 4769 1090 4840 adytis
1131 4775 1230 4822 aut
1259 4766 1579 4823 Graecorum
1622 4769 1832 4839 tripode
1875 4772 2096 4839 profers

515 4865 781 4928 oracula,
826 4869 926 4916 aut
966 4859 1223 4930 exemplo
1263 4858 1475 4914 Samen
1528 4859 1679 4916 illius
1726 4861 1976 4919 Elamitae
2023 4865 2096 4919 de

519 4955 686 5012 corde
719 4964 818 5010 tuo
847 4961 1096 5018 eructas,
1135 4966 1243 5007 non
1273 4965 1340 5008 ex
1373 4967 1468 5006 ore
1499 4950 1757 5008 Domini?
1789 4954 1854 5008 Et
1879 4955 1976 5010 hic
2005 4970 2099 5011 no-

516 5048 609 5103 bis
637 5053 1072 5101 consentaneum
1120 5043 1255 5098 illud
1309 5057 1585 5113 opponere
1627 5045 1777 5100 velut
1821 5047 2095 5102 invictum

520 5138 784 5209 quiddam
808 5149 924 5190 non
948 5135 1275 5191 erubescis?
1298 5134 1573 5206 Numquid
1615 5137 1762 5192 enim
1798 5127 2098 5193 consenta-

523 5242 691 5284 neum
743 5239 867 5281 esse
911 5223 1180 5296 putabis,
1231 5231 1293 5278 ut
1338 5225 1432 5295 qui
1482 5225 1786 5282 secundum
1839 5235 2100 5280 naturam

526 5319 669 5374 Deus
699 5323 819 5386 est,
851 5315 1020 5371 Deum
1055 5315 1252 5371 habeat
1279 5315 1517 5372 Verbum
1545 5333 1614 5373 ex
1642 5331 1704 5372 se
1733 5316 1977 5390 genitum
1998 5359 2014 5381 ,
2045 5325 2105 5374 et

527 5412 575 5465 is
626 5423 790 5479 quem
835 5407 1030 5463 adorat
1071 5408 1255 5464 omnis
1309 5417 1565 5463 creatura
1619 5408 1922 5464 adorabilis
1979 5407 2103 5464 Filii

527 5497 948 5556 non'adorantis
982 5497 1143 5553 Pater
1174 5505 1402 5552 vocetur
1433 5505 1489 5552 et
1533 5497 1606 5551 sit
1647 5498 1889 5554 natura?
1933 5497 2102 5568 Atqui

528 5599 584 5646 te
612 5590 758 5660 ‘n'rbjl
798 5588 1142 5659 sapientibus
1177 5588 1596 5654 dissentaneum
1618 5587 1906 5644 dicturum
1941 5598 2096 5660 puto.

527 5653 812 5748 Quomodo
841 5694 1009 5750 porro
1033 5690 1346 5736 statuemus
1377 5687 1810 5735 consentaneum
1843 5697 1968 5738 esse
1987 5723 2002 5749 ,
2042 5694 2103 5738 ut

600 5869 646 5903 ⁸⁸
675 5869 838 5927 Deut.
870 5883 948 5935 vt,
982 5868 1084 5935 l5;
1112 5863 1305 5920 Matth.
1342 5877 1416 5928 tv,
1457 5861 1546 5923 10.
1616 5863 1660 5897 ⁸⁹
1695 5863 1813 5920 Col.
1847 5878 1891 5932 1,
1928 5864 2016 5920 l5.

2193 3306 2386 3374 ῥοπαῖς
2413 3303 2802 3374 ἐπιτρέψομεν.
2848 3305 2912 3357 El
2949 3303 3048 3373 μὲν
3091 3303 3202 3373 γὰρ
3255 3303 3591 3377 ὲνέσπαρται
3633 3305 3777 3358 κατά

2192 3397 2352 3466 φύσιν
2379 3396 2460 3467 τῷ
2487 3398 2786 3465 Μονογενεῖ
2825 3395 2888 3449 τὸ
2932 3396 3129 3467 χρῆναι
3177 3397 3423 3460 πάντως,
3475 3401 3570 3451 κα).
3598 3397 3676 3462 ὡς
3717 3397 3778 3464 ἐξ

2191 3486 2438 3556 ἀνάγκης
2469 3487 2794 3556 προσκυνεῖν
2816 3525 2834 3552 ,
2873 3485 3017 3544 οὕτω
3043 3504 3103 3539 τε
3138 3487 3320 3540 νοοῦσι
3377 3489 3477 3542 καὶ
3529 3488 3774 3557 λέγουσι,

2193 3576 2309 3640 πῶς
2345 3577 2412 3631 οὐ
2459 3576 2683 3646 γυμνῶς
2715 3577 2800 3640 είς
2845 3576 3008 3630 αὑτὸν
3047 3576 3433 3640 δυσσεϐοῦντες
3477 3578 3779 3634 ἁλώσονται

2190 3668 2282 3722 τὸν
2318 3667 2574 3739 Πατέρας
2619 3670 2775 3724 Πᾶσα
2803 3667 2912 3740 γὰρ
2947 3669 3042 3722 καὶ
3085 3669 3247 3721 αὑτὸν
3293 3669 3510 3741 ἀνάγκη
3536 3673 3784 3725 νοεῖσθαι

2191 3761 2462 3825 τοιοῦτον,
2505 3761 2741 3834 ἐπείπερ
2771 3763 2866 3816 καὶ
2907 3759 3073 3816 εἰκὼν
3111 3760 3310 3827 αὑτοῦ,
3344 3763 3440 3817 καὶ
3485 3765 3780 3836 χαρακτήρ

2193 3853 2340 3907 ἔστιν
2371 3855 2400 3906 ὁ
2434 3853 2586 3919 Υἱὸς,
2612 3855 2709 3907 καὶ
2736 3854 2948 3925 ὅσαπερ
2981 3853 3048 3907 ἂν
3081 3856 3139 3907 έν
3177 3853 3622 3924 ἀπαραλλάκτως
3669 3855 3777 3909 ὑπο

2195 3946 2350 4016 ἄρχοι
2380 3949 2491 4010 τοῖς
2517 3946 2846 4018 ὀμοιώμασι,
2895 3946 3068 4002 ταῦτα
3124 3947 3191 4020 δὴ
3223 3949 3436 4011 πάντως
3465 3949 3586 4001 κατ’
3625 3947 3781 4002 οὐδὲν

2194 4035 2404 4091 διοίσει.
2435 4037 2498 4089 El
2532 4037 2588 4089 δὲ
2617 4039 2675 4090 ὲν
2705 4037 2851 4108 μόνῳ
2895 4038 3110 4095 κεῖσθαί
3139 4056 3271 4108 φασι
3315 4039 3392 4110 τῷ
3435 4039 3662 4109 θελῆσαι
3687 4040 3780 4093 τὸν

2196 4125 2325 4178 Υἰὸν
2362 4127 2658 4196 προσάγειν
2684 4126 2762 4198 τῷ
2796 4129 2971 4198 Πατρὶ
3003 4129 3105 4194 τὴν
3147 4129 3537 4200 προσκύνησιν,
3581 4148 3772 4201 στοχα-

2197 4216 2318 4270 σταὶ
2346 4217 2545 4287 μᾶλλον
2572 4218 2742 4282 εἰσιν,
2774 4218 2808 4287 ἢ
2853 4218 2954 4287 τῆς
2994 4218 3249 4287 ἀληθείας
3291 4223 3673 4290 ἐπιστήμονες.
3709 4219 3774 4271 Τί

2194 4309 2238 4360 δ’
2266 4309 2330 4363 ἂν
2360 4311 2455 4363 καὶ
2495 4310 2714 4382 ἑτέρους
2743 4309 2986 4364 κωλύσαι
3015 4313 3210 4375 εἰπεῖν,
3255 4311 3627 4382 ῥιψοκίνδυνόν
3653 4329 3774 4365 τινα

2197 4400 2600 4471 πλαττομένους
2626 4401 2931 4468 εὐλάϐειαν,
2957 4404 3044 4456 ὅτι
3061 4401 3282 4470 θελητὸν
3309 4403 3385 4473 τῷ
3405 4405 3579 4475 Πατρὶ
3610 4421 3779 4475 προσ-

2197 4497 2381 4548 κυνεῖν
2419 4494 2496 4566 τῷ
2532 4494 2676 4564 Υῑῷ,
2721 4495 2898 4548 καίτοι
2939 4495 3088 4561 κατὰ,
3119 4495 3281 4564 φύσιν
3320 4498 3418 4550 οὑκ
3462 4497 3574 4550 ὄντι
3614 4513 3782 4566 προσ-

2201 4587 2449 4656 κυνητῇς
2510 4584 2648 4637 Ἀλλ’
2691 4585 2842 4649 αὐτὸ,
2894 4586 3050 4654 φησὶ,
3076 4585 3137 4638 τὸ
3177 4586 3408 4657 πρέπον,
3454 4587 3514 4640 τὸ
3551 4587 3652 4658 μὲν
3688 4586 3785 4641 τοῦ

2203 4677 2417 4748 Πατρὸς
2477 4674 2821 4740 ὑπεξελεῖται
2883 4676 3214 4744 πρόσωπον,
3270 4678 3536 4748 ὑποθήσει
3592 4678 3649 4732 δὲ
3706 4679 3784 4750 τῷ

2203 4769 2492 4839 πράγματι
2533 4767 2623 4820 τὸν
2647 4767 2796 4834 Υίὸν,
2823 4768 2923 4822 οὑκ
2957 4767 3254 4838 ἀϐούλητον
3293 4768 3486 4838 ἔχοντα
3515 4769 3575 4821 τὸ
3610 4787 3781 4842 προσ-

2202 4862 2384 4913 κυνεῖν
2433 4858 2510 4930 τῷ
2558 4860 2753 4930 Πατρῖ.
2800 4860 2864 4912 Τί
2918 4860 3057 4931 φῂς,
3105 4851 3152 4914 ὦ
3197 4855 3377 4923 0510;;
3429 4861 3599 4915 Πάλιν
3653 4863 3786 4932 ἡμῖν

2202 4952 2277 5016 ὡς
2309 4951 2369 5017 ἐξ
2399 4951 2626 5020 ἀδύτων,
2668 4953 2786 5023 ’ήτοι
2819 4955 3090 5024 τριπόδων
3128 4953 3458 5024 Ἑλληνικῶν
3491 4953 3785 5022 ἀναφέρεις

2203 5045 2303 5107 τὰς
2346 5045 2636 5116 μαντείας,
2672 5043 2704 5116 ἦ
2751 5047 2872 5099 κατ’
2914 5047 3121 5099 ἐκεῖνον
3166 5045 3299 5117 ἔρχῃ
3348 5046 3438 5098 τὸν
3488 5045 3785 5116 Ἐλαμίτην

2204 5135 2425 5207 Σημέαν
2452 5136 2520 5189 τὰ
2564 5136 2671 5190 ἀπὸ
2714 5137 2937 5208 καρδίας
2964 5138 3353 5209 ὲρευγὸμενος,
3393 5138 3488 5191 καὶ
3528 5138 3629 5190 οὑκ
3679 5136 3788 5191 ἀπὸ

2204 5227 2470 5296 στόματος
2489 5226 2728 5297 Κυρίου;
2770 5227 2842 5279 Τὸ
2867 5226 2924 5279 δὲ
2963 5228 3170 5299 πρέπον
3194 5230 3346 5298 ἡμῖν,
3377 5229 3453 5292 ὡς
3490 5227 3786 5297 ἀκαταγὼ-

2204 5335 2382 5374 νιστον
2407 5321 2466 5371 ὲν
2503 5319 2711 5382 τούτοις
2741 5319 3056 5387 ἀντεξάγων
3088 5320 3188 5374 οὑκ
3233 5319 3525 5391 έρυθριᾷς;
3562 5321 3634 5372 Ἢ
3677 5318 3788 5389 γάρ

2206 5414 2306 5466 οὑκ
2343 5415 2501 5485 οἰήσῃ
2532 5414 2763 5484 πρέπειν
2805 5415 2898 5467 τὸν
2938 5414 3068 5468 ὄντα
3098 5413 3242 5467 κατά
3285 5413 3448 5483 φύσιν
3471 5411 3624 5478 Θεὸν,
3654 5411 3787 5464 Θεὸν

2208 5503 2352 5575 ἔχειν
2393 5505 2484 5558 τὸν
2529 5505 2588 5571 ἐξ
2634 5505 2799 5560 αὑτοῦ
2845 5505 3176 5578 γεννηθέντα
3204 5506 3416 5574 Λόγον,
3471 5505 3568 5558 καὶ
3612 5501 3705 5556 τὸν
3742 5497 3788 5571 ᾧ

2208 5598 2502 5667 προσκυνεί
2549 5598 2699 5650 πᾶσα
2749 5599 2780 5666 ἡ
2815 5597 3014 5662 κτίσις,
3047 5595 3525 5668 προσκυνουμένου
3561 5593 3786 5665 μᾶλλον,

2208 5688 2242 5758 ἦ
2276 5688 2706 5758 προσκυνοῦντος
2755 5690 2977 5762 Πατέρα
3021 5689 3339 5755 καλεῖσθαι,
3397 5687 3492 5742 καὶ
3534 5681 3675 5742 εἶναι
3722 5686 3789 5755 τῇ
