4106 6498
394 377 505 436 $09

1467 356 1533 413 ΙΝ
1568 351 1862 412 JOANNIS
1885 347 2343 406 EVANGELIUM
2381 347 2510 402 [ΑΒ.
2577 344 2642 400 ll.

3576 338 3688 393 310

396 492 597 561 φύσει;
643 483 782 540 Ἀλλ’
821 477 974 553 οἶμαι
1012 481 1124 542 τοῖς
1163 477 1331 539 ὅντως
1357 475 1542 542 σοφοῖς
1576 472 1676 524 οὐκ
1718 467 1993 561 ἀπᾴδοντα
2023 524 2026 531 ⁴

2172 478 2274 520 suo
2317 460 2596 534 genimine
2635 458 2796 514 Pater
2828 456 3114 520 adoretur,
3145 468 3270 510 cum
3307 452 3402 508 illa
3433 452 3501 508 de
3527 461 3686 508 utra-

395 560 604 654 λέγειν.
637 577 762 642 Πῶς
792 575 849 629 δὲ
905 573 1000 629 καὶ
1051 569 1285 643 πρέπειν
1318 562 1619 639 ὁριούμεθα
1667 560 1994 654 προσκυνεῖ-

397 649 528 730 σθαι
566 669 718 742 παρὰ
748 665 844 722 τοῦ
897 665 1027 719 ίδίου
1056 655 1396 734 γεννήματος
1425 657 1515 712 τὸν
1535 654 1777 725 Πατέρα,
1807 649 1998 706 τοσαύ-

395 747 502 838 την
526 760 910 835 ὑπομενούσης
937 748 1140 829 ζημίαν
1164 755 1261 824 τῆς
1296 753 1384 804 ἐπ’
1409 751 1612 821 ἀμφοῖν
1637 745 1994 838 ὑπολήψεως

400 836 632 930 Πρῶτον
669 855 770 926 μὲν
799 852 909 922 γάρ
941 848 1066 904 ούτε
1101 849 1158 902 ὲν
1194 846 1404 916 ἰσότητι
1440 843 1544 913 τῆς
1574 839 1753 906 ἀξίας,
1786 836 1912 930 οὔτε
1940 837 1998 889 ὲν

401 931 819 1023 ἀπαραλλάκτῳ
835 945 935 1016 τῆς
965 943 1182 1013 φύσεως
1209 935 1472 1007 είκόνιτῷ
1497 935 1572 1008 μὴ
1602 929 1999 1023 προσκυνοῦντι

403 1022 673 1097 κείσεται.
708 1037 1039 1113 Προσκυνεῖβ
1064 1033 1174 1104 γὰρ
1213 1029 1288 1094 ὡς
1313 1030 1575 1093 ἐλάττων,
1607 1024 1704 1080 καὶ
1747 1024 1808 1078 οὐ
1839 1022 2001 1113 ποσῷ

400 1151 529 1205 τητι
554 1130 848 1202 μετρητὸς,
878 1129 946 1199 τῇ
993 1111 1138 1179 κατά
1165 1121 1219 1176 τι
1252 1120 1363 1175 τῶν
1404 1115 1875 1190 προσπεφυκότων
1896 1131 1909 1144 ο
1939 1111 2002 1165 ού

403 1230 515 1303 γὰρ
570 1211 816 1282 ἐλάττων
850 1223 1005 1276 ἔσται
1043 1218 1175 1282 Θεὸς
1199 1259 1214 1285 ,
1269 1216 1303 1288 ἣ
1335 1213 1540 1303 Κύριος
1565 1229 1580 1243 ·
1623 1210 1741 1303 ἀλλ’
1775 1209 1852 1273 ὡς
1871 1209 2005 1303 ἔξω

403 1293 689 1393 διαφέρων
728 1315 806 1388 τῷ
854 1313 996 1369 κατὰ
1037 1310 1129 1365 τὸν
1163 1309 1258 1363 τοῦ
1298 1305 1419 1371 πῶς
1464 1301 1603 1393 εἶναι
1648 1301 1826 1393 λόγον.
1871 1293 2006 1393 Εἶτα

408 1389 529 1477 πῶς
557 1389 770 1482 άληθὴς
799 1406 1156 1476 ἀναφανεῖται
1186 1401 1360 1470 λέγων
1379 1440 1393 1466 ,
1429 1415 1448 1450 ι
1494 1397 1552 1450 '0
1586 1389 1848 1465 ἑωρακὼς
1881 1389 2006 1460 ἐμὲ,

407 1503 628 1575 ἑώρακε
687 1500 781 1554 τὸν
833 1495 1073 1568 Πατέρα.
1118 1513 1137 1547 ι
1176 1491 1304 1554 Πῶς
1364 1489 1422 1543 δὲ
1482 1491 1680 1560 χρῆναι
1744 1483 2009 1557 τιμᾶσθαί

409 1613 580 1666 φησιν
617 1593 812 1654 ἑαυτὸν
842 1577 1042 1644 ούκὲν
1081 1586 1324 1640 ἐλάττονι
1358 1583 1522 1655 μοίρᾳ.
1564 1579 1660 1634 τοῦ
1697 1579 1912 1652 Πατρὸς
1949 1577 2012 1656 τό

408 1669 532 1742 ἶσον
577 1674 685 1740 οὐκ
736 1683 878 1755 ἔχων
919 1668 986 1734 ’ὲν
1017 1678 1144 1752 δόξῃ
1190 1678 1336 1740 κατά
1372 1693 1435 1746 γε
1485 1668 1587 1728 τὸν
1623 1670 1714 1725 τοῦ
1767 1687 2012 1743 προσκυ-

2096 570 2206 626 que
2255 553 2448 625 opinio
2494 559 2710 608 tantum
2753 550 3072 606 detrimenti
3107 547 3397 620 patiatur?
3433 544 3685 603 Primum

2097 648 2242 704 enim
2265 688 2279 712 ,
2310 661 2412 701 nec
2441 645 2713 715 dignitate
2738 643 2966 715 aequalis
2984 682 2999 707 ,
3029 656 3132 698 nec
3161 643 3345 713 imago
3371 655 3471 712 per
3497 639 3687 697 omnia

2101 737 2302 793 similis
2328 737 2435 792 erit
2462 749 2574 790 non
2603 737 2880 790 adoranti.
2905 735 3117 790 Adorat
3142 734 3292 790 enim
3318 773 3333 800 ,
3364 742 3425 788 ut
3461 733 3642 788 minor
3671 750 3686 786 :

2101 829 2268 900 idque
2300 844 2410 883 non
2451 829 2782 900 quantitatis
2820 828 3208 884 accidentariae
3241 840 3504 881 mensura
3544 829 3692 896 (nec

2101 924 2251 977 enim
2285 921 2470 976 minor
2498 936 2625 977 esse
2656 929 2840 992 potest
2887 935 3134 990 unquam
3171 919 3319 975 Deus
3364 929 3464 976 aut
3505 918 3693 975 Domi-

2105 1018 2255 1090 nus),
2293 1017 2392 1073 sed
2424 1016 2713 1074 essentiali
2746 1015 3078 1072 diﬂerentia.
3115 1016 3184 1070 At
3212 1013 3492 1085 quomodo
3522 1029 3692 1070 verax

2105 1112 2211 1166 erit
2238 1111 2433 1166 dicens
2459 1129 2474 1167 :
2501 1129 2520 1161 ι
2549 1109 2655 1177 Οιιί
2674 1109 2815 1165 vidit
2847 1124 2954 1174 me,
2987 1107 3127 1163 vidit
3160 1118 3214 1164 et
3243 1105 3463 1162 Patrem
3493 1106 3636 1163 ’°°“.
3670 1124 3689 1157 ι

2108 1205 2176 1259 Et
2225 1203 2503 1275 quomodo
2547 1204 2794 1275 seipsum
2847 1199 3237 1258 honorandum
3285 1214 3410 1256 esse
3441 1199 3553 1264 ait,
3583 1212 3698 1254 non

2109 1298 2292 1352 minus
2322 1310 2487 1367 quam
2521 1296 2744 1351 Patrem
2769 1337 2783 1362 ,
2817 1295 2915 1366 qui
2947 1294 3139 1366 gloria:
3177 1292 3542 1362 aequalitatem
3587 1304 3699 1346 non

2111 1389 2310 1453 habet,
2340 1389 2490 1460 quod
2522 1387 2591 1442 ad
2626 1388 2902 1464 rationem
2948 1385 3238 1443 adorantis
3283 1381 3524 1439 attinet?
3553 1381 3706 1438 Prte-

2111 1489 2265 1537 terea
2287 1523 2301 1548 ,
2336 1483 2461 1552 ipse
2501 1481 2669 1536 Pater
2714 1496 2823 1537 non
2872 1482 2988 1536 leve
3022 1479 3265 1536 dedecus
3296 1479 3586 1532 incurrere
3618 1476 3703 1530 vi-

2112 1570 2350 1625 debitur.
2375 1569 2565 1626 Gloria
2589 1569 2791 1641 quippe
2817 1570 2868 1624 ei
2892 1577 2978 1626 est
3005 1569 3168 1624 talem
3196 1571 3456 1640 genuisse
3475 1608 3490 1632 ,
3507 1565 3705 1637 qualis

2115 1660 2186 1716 sit
2217 1661 2336 1732 ipse
2361 1661 2562 1716 nhtura
2590 1684 2603 1716 :
2637 1668 2835 1716 contra
2869 1675 3004 1716 vero
3033 1660 3272 1715 dedecus
3295 1675 3404 1715 non
3436 1671 3702 1729 parvum,

411 1760 636 1842 νοῧντος
658 1747 828 1845 λόγον
855 1793 871 1843 ;
908 1747 1042 1829 Εἶτα
1079 1747 1217 1845 πρὸς
1243 1769 1440 1841 τούτῳ,
1491 1767 1586 1821 καὶ
1617 1758 1778 1827 αὐτὸς
1817 1763 1952 1834 ἡμῖν
1985 1763 2014 1814 ὁ

2130 1747 2352 1811 alterius
2403 1762 2618 1809 natura;
2672 1750 2874 1809 Filium
2917 1753 3171 1818 habere,
3220 1758 3278 1808 et
3331 1750 3439 1808 t'ale
3492 1750 3706 1822 aliquid

415 1852 693 1940 Πατὴροὺ
846 1841 1412 1934 τυχούσης-ἀκοσμίας
1436 1855 1568 1909 είσω
1592 1849 1832 1921 γεγονὼς
1853 1847 2017 1919 ὀφθή-

2130 1847 2260 1917 pati,
2297 1847 2462 1917 quale
2513 1841 2746 1917 ne'ipsa
2793 1845 3017 1916 quidem
3065 1843 3454 1900 creaturarum
3506 1845 3709 1898 natura

419 1952 594 2013 σεται.
632 1944 786 2022 ’Δόξα
840 1955 940 2026 μὲν
975 1955 1085 2025 γάρ
1135 1949 1285 2022 αὐτῷ
1331 1949 1393 2024 τὸ
1442 1946 1702 2017 γεννῆσαι
1751 1943 2013 2003 τοιοῦτον,

424 2050 601 2114 ὁποῖός
637 2037 748 2120 περ
802 2047 869 2118 ἂν
929 2046 1168 2120 ὑπάρχοι
1212 2041 1357 2121 κατά
1413 2039 1579 2120 φύσιν
1623 2035 1820 2116 αὑτός·
1854 2037 1918 2087 ὲκ
1961 2031 2018 2086 δὲ

421 2139 530 2193 τῶν
569 2138 830 2194 ἐναντίων
885 2132 1073 2206 αἶσχος
1114 2136 1175 2188 οὐ
1221 2132 1416 2205 μικρὸν
1465 2126 1756 2208 ἑτερογενῆ
1800 2142 1862 2177 τε
1923 2124 2019 2196 καὶ

420 2228 658 2304 ἔκφυλον
686 2220 834 2304 ἔχειν
867 2221 960 2282 τδν
989 2226 1049 2304 εξ
1079 2223 1272 2302 αὐτοῦ,
1308 2223 1403 2277 καὶ
1436 2220 1634 2274 παθεῖν
1669 2236 1720 2272 τι
1753 2214 2016 2281 τοιοῦτον,

415 2323 447 2377 ό
491 2302 591 2400 κξὶ
639 2302 789 2392 αὐτη
832 2319 942 2375 τῶν
992 2302 1238 2388 γενητῶν
1296 2313 1683 2394 ἁπενάρκησεν
1737 2310 1770 2379 ὴ
1833 2307 2016 2377 φύσις.

416 2417 464 2470 Τ
471 2417 613 2482 ίκτει
655 2415 776 2486 ’γὰρ
824 2414 1035 2485 ἑαυτῶν
1083 2411 1186 2464 οὐκ
1251 2407 1503 2486 αἰσχίονα
1550 2404 1620 2459 τά
1658 2402 1756 2457 τοῦ
1814 2401 2021 2454 τίκτειν

415 2503 658 2576 λαχόντα
688 2501 788 2574 τὴν
816 2497 1070 2572 δύναμιν,
1105 2499 1218 2569 ὅρῳ
1248 2496 1344 2552 καὶ
1385 2494 1638 2567 βουλήσει
1676 2491 1772 2547 τοῦ
1803 2492 2022 2546 πάντων

417 2596 800 2668 Δημιουργοΰ.
839 2616 857 2647 ι
905 2592 1280 2662 Ἐξενεγκάτω
1309 2589 1418 2662 γὰρ
1442 2629 1458 2654 ,
1513 2607 1533 2640 ι
1575 2586 1779 2660 φησὶν,
1830 2603 1849 2637 ι
1884 2586 1917 2656 ὴ
1949 2585 2022 2656 γῆ

421 2689 662 2760 βοτάνην
711 2689 908 2759 χόρτου
930 2728 944 2752 ,
1000 2687 1097 2740 καὶ
1133 2670 1260 2738 ’πᾶν
1312 2681 1470 2749 ξύλον
1521 2679 1806 2752 κάρπιμον
1857 2677 2023 2748 φέρον

422 2781 656 2853 σπέρμα
683 2773 829 2835 κατά
853 2779 1032 2852 γένος,
1062 2778 1157 2832 καὶ
1187 2775 1311 2830 καθ’
1357 2774 1640 2846 ὁμοίωσιν.
1678 2792 1700 2825 ι
1735 2769 1945 2824 Οὐκοῦν
1967 2772 2024 2824 ὲν

418 2872 708 2945 δευτέροις
756 2873 854 2943 μὲν
891 2870 1002 2925 τῶν
1050 2868 1294 2940 γενητῶν
1339 2865 1494 2920 ἔσται
1532 2866 1595 2918 τὸ
1631 2865 1810 2929 θεῖον,
1866 2854 2026 2935 εἴπερ

421 2967 615 3020 ἐκεῖνα
649 2967 748 3037 μὲν
773 2968 834 3019 ὲν
870 2964 1104 3029 τούτοις,
1134 2962 1198 3016 τὸ
1233 2961 1292 3015 δὲ
1333 2958 1590 3030 οὐδαμῶς
1616 2976 1629 2990 ·
1661 2957 1690 3010 ὃ
1712 2957 1770 3011 δὲ
1793 2957 2026 3028 πρέπειν

424 3077 489 3113 τε
527 3058 690 3131 ὁμοῦ,
718 3058 813 3112 καὶ
836 3055 1120 3130 διωρίσθαι
1149 3053 1331 3116 καλῶς
1362 3051 1456 3105 ἐπὶ
1483 3052 1605 3113 ταῖς
1634 3052 1699 3104 ὲκ
1723 3047 1832 3131 τῶν
1859 3049 2026 3102 όντων

424 3130 710 3222 διαδοχαῖς
741 3147 1144 3218 ἐπεψηφίζετο,
1190 3143 1384 3197 τούτου
1424 3141 1522 3211 δὴ,
1554 3140 1651 3193 καὶ
1687 3130 1847 3210 μόνος
1881 3131 2024 3192 άλώέ

2119 1939 2279 1995 ferat.
2314 1938 2428 1994 Nec
2459 1939 2606 1994 enim
2643 1931 2926 1994 deteriora
2970 1952 3032 1994 se
3072 1938 3334 2009 pariunt,
3368 1951 3495 2009 quae
3528 1936 3710 1992 facul-

2119 2039 2231 2088 tate
2259 2033 2510 2103 pariendi
2540 2041 2671 2088 sunt
2700 2032 2927 2102 praedita
2949 2071 2965 2098 ,
2993 2031 3074 2087 sic
3098 2031 3316 2087 volente
3342 2045 3407 2085 ac
3432 2037 3716 2086 statuente

2121 2127 2368 2182 universi
2400 2125 2632 2195 Opiﬁce.
2665 2144 2682 2176 ι
2713 2124 3003 2180 Germinet
3047 2125 3196 2180 enim
3250 2131 3400 2178 terra
3421 2165 3434 2189 ,
3487 2122 3706 2193 inquit,

2123 2218 2350 2274 herbam
2381 2218 2606 2287 pabuli,
2636 2226 2690 2272 et
2723 2219 2933 2288 lignum
2965 2215 3312 2273 fructiferum
3344 2231 3469 2271 cum
3499 2215 3714 2272 habens

2122 2310 2311 2368 Semen
2342 2311 2466 2381 ejus
2497 2314 2569 2368 sit
2610 2313 2666 2367 in
2703 2327 2770 2367 eo
2805 2312 3115 2368 secundum
3148 2325 3326 2384 genus
3347 2317 3414 2374 et
3448 2307 3715 2365 similitu-

2122 2404 2309 2459 dinem
2339 2404 2410 2459 ’⁸.
2449 2422 2467 2456 ι
2496 2403 2670 2476 Igitur
2699 2389 2988 2460 creaturis.
3016 2403 3164 2461 Deus
3197 2403 3302 2460 erit
3347 2401 3607 2473 inferior,
3641 2402 3716 2458 si-

2123 2490 2349 2568 quidem
2391 2495 2500 2552 illae
2529 2500 2662 2552 sunt
2707 2497 3062 2564 istiusmodi,
3091 2497 3185 2552 hic
3229 2511 3341 2552 non
3392 2496 3572 2552 item:
3617 2493 3717 2551 Sed

2124 2578 2274 2660 quod
2319 2589 2386 2645 ad
2430 2574 2618 2645 rerum
2654 2583 3074 2646 vicissitudines
3107 2598 3257 2647 recte
3289 2587 3718 2654 convenientere

2125 2696 2237 2752 que
2279 2681 2511 2748 statuit,
2548 2695 2615 2737 eo
2658 2670 2811 2737 certe
2840 2673 3000 2739 solus
3031 2682 3153 2754 ipse
3183 2681 3416 2738 carebit.
3450 2678 3588 2748 Quis
3621 2693 3720 2735 vos

2125 2775 2301 2845 igitur
2327 2765 2466 2829 ferat
2495 2763 2784 2840 dicentes,
2831 2789 2865 2830 o
2909 2773 3075 2841 boni,
3121 2772 3424 2830 convenire
3469 2770 3612 2826 Filio
3659 2777 3722 2825 ut

2126 2856 2320 2921 aderet
2344 2865 2663 2922 Genitorem
2689 2866 2713 2921 ’ί
2741 2865 2877 2921 Cum
2905 2873 3091 2922 autem
3119 2863 3445 2921 addideritis
3465 2905 3480 2931 ,
3509 2863 3563 2919 id
3592 2859 3725 2919 Uni-

2127 2959 2318 3030 genito
2351 2969 2553 3029 pratter
2582 2959 2924 3015 voluntatem
2968 2975 3078 3014 non
3111 2958 3472 3028 contingere,
3519 2963 3575 3012 et
3615 2953 3724 3010 hoc

2129 3051 2292 3106 nobis
2315 3036 2581 3122 tanquam
2604 3049 3100 3107 indemonstrabile
3118 3056 3506 3124 argumentum
3541 3063 3570 3102 a
3600 3046 3726 3102 solo

2130 3141 2334 3198 decoro
2383 3141 2738 3213 desumptum
2801 3142 3124 3213 opponatis,
3176 3142 3409 3214 agedum
3462 3155 3494 3196 e
3549 3139 3728 3195 sacris

429 3197 707 3222 """A"“l
742 3197 1144 3218 ""‘I'II"""
1479 3197 1522 3211 ιι
1687 3197 1699 3210 ι
1827 3197 1841 3202 ν

429 3259 588 3297 σεται
610 3239 953 3313 διαμαρτών.
981 3238 1080 3300 Τίς
1112 3237 1177 3292 ἂν
1203 3230 1320 3299 οὖν,
1349 3227 1395 3288 ὧ
1434 3231 1722 3304 βέλτιστοι,
1757 3228 2026 3298 λεγόντων

2130 3247 2354 3304 quoque
2399 3197 2626 3291 Litteris
2673 3197 3069 3290 istud‘rursus
3110 3197 3524 3304 expendamus,
3577 3229 3729 3286 unde

427 3336 762 3406 ἀνάσχοιτο,
803 3335 1040 3406 πρέπειν
1083 3329 1161 3402 τῷ
1204 3329 1319 3400 ίδίῳ
1361 3327 1650 3398 γεννήτορι
1701 3323 2026 3406 προσκυνεῖν

2131 3324 2479 3394 singularum
2512 3338 2701 3380 rerum
2726 3341 2848 3395 quat
2865 3319 2930 3381 in
2968 3325 3334 3396 quaestionem
3362 3325 3592 3379 veniunt
3629 3322 3727 3377 de-

425 3411 527 3482 τδν
555 3413 716 3496 Υ,ίόν;
762 3417 984 3499 Ἐπειδὴ
1020 3417 1094 3479 δὲ’
1123 3424 1238 3486 τοῖς
1279 3420 1410 3492 παρ’
1439 3417 1596 3490 ὑμῶν
1645 3415 2026 3488 προστέθειται

2136 3418 2599 3473 monstrationem
2630 3418 2822 3473 venari
2853 3419 3208 3494 potissimum
3239 3417 3530 3473 debemus.

427 3523 641 3591 λόγοις,
671 3522 748 3586 ὡς
769 3520 890 3575 οὐδὲ
911 3517 1234 3588 ἀνεθέλητον
1262 3514 1339 3586 τῷ
1375 3514 1677 3583 Μονογενεῖ
1738 3509 1801 3564 τὸ
1869 3510 2104 3582 πρᾶγμά
2139 3511 2280 3576 ἑστι,
2315 3511 2412 3565 καὶ
2434 3509 2642 3582 ταύτην
2664 3512 2798 3583 ἡμῖν
2825 3510 3192 3582 ἐπιτειχίξετε
3223 3509 3324 3584 τὴν
3343 3509 3734 3565 ἀναπόδεικτον

429 3601 868 3684 ἀφορμὴν,λάπδ
900 3609 1064 3681 μόνου
1093 3594 1353 3669 λαϐόντες
1421 3601 1517 3657 τοῦ
1581 3603 1924 3674 πρέποντος,
1964 3600 2099 3682 φέρε
2139 3601 2302 3658 πάλιν
2343 3603 2409 3656 ἐκ
2450 3601 2560 3662 τῶν
2614 3603 2780 3674 ιερῶν
2829 3603 3206 3676 Γραμμάτων,
3255 3602 3354 3657 καὶ
3396 3603 3558 3658 τοῦτο
3627 3621 3732 3658 κα-

431 3693 860 3778 τασκεψὼμεθα.
921 3702 1085 3757 Ὅθεν
1128 3697 1283 3772 οἶμαι
1356 3696 1594 3768 μάλιστα
1659 3694 1961 3776 προσήκειν
1999 3693 2271 3766 θηρᾶσθαι
2313 3695 2638 3759 σπουδάζειν
2669 3694 2770 3769 τὴν
2814 3695 2901 3766 ἐφ’
2951 3695 3170 3767 ἑκάστῳ
3215 3694 3326 3750 τῶν
3381 3695 3735 3768 ζητουμένων

434 3799 744 3865 ἀπόδειξιν.

511 3879 728 3950 Οὐκοῦν
754 3893 783 3946 ό
829 3891 930 3963 μὲν
968 3889 1133 3961 νόμος
1191 3886 1564 3943 συντελεῖσθαι
1624 3884 1754 3956 παρ’
1801 3885 2035 3938 ἑκάστου

436 3986 555 4043 τῶν
597 3976 872 4040 Ἰουδαίων
924 3983 1004 4056 τῷ
1058 3981 1152 4036 ἐπὶ
1186 3981 1394 4044 πάντας
1441 3978 1558 4033 ὄντι
1589 3976 1710 4048 Θεῷ
1759 3976 1821 4030 τὺ
1863 3976 2037 4047 ἣμισυ

440 4079 542 4133 τοῦ
587 4075 891 4150 διδράχμου
930 4073 1322 4146 προσέταττεν,
1355 4072 1456 4125 ούκ
1485 4069 1888 4143 άργυρολογίας
1921 4068 2042 4120 ἐπι-

438 4159 650 4242 νοήσας
677 4149 923 4242 εὕρεσιν,
958 4150 1088 4221 sese
1121 4149 1425 4238 χρημάτων
1471 4164 1676 4217 είκαῖον
1719 4160 2038 4232 ὲρανισμὸν,

443 4265 586 4322 ἀλλὰ
606 4260 888 4318 παίδευσιν
907 4277 1031 4314 τινα
1061 4259 1127 4314 δι’
1145 4261 1238 4313 ὲνα
1249 4258 1562 4330 ργεστάτων
1590 4253 2041 4326 ὑπεμφαίνουσαν

443 4358 636 4422 τύπων
659 4371 674 4386 '
710 4351 934 4428 πρῶτον
969 4353 1068 4424 μὲν
1091 4391 1106 4417 ,
1158 4352 1260 4406 ὅτι
1298 4351 1487 4430 κύριος
1531 4347 1708 4411 οὐδεὶς
1755 4349 1856 4418 τῆς
1905 4345 2042 4409 ἰδίας

444 4453 568 4508 ἐστὶ
608 4449 878 4521 κεφαλῆς,
915 4449 1012 4501 ἕνα
1049 4447 1107 4500 δὲ
1139 4447 1190 4500 οί
1229 4445 1432 4520 πάντες
1467 4440 1787 4513 κεκτήμεθα
1824 4441 1892 4511 τῇ
1931 4436 2042 4492 τῶν

447 4525 806 4621 τελεσμάτων
861 4541 1153 4612 καταθήκῃ
1211 4537 1348 4608 πρὸς
1398 4535 1644 4590 δουλείαν
1688 4533 2042 4606 καταγραφό-

2215 3878 2564 3951 ιεθίεἰιυι·
2595 3879 2678 3934 lex
2695 3880 2742 3913 “
2763 3879 2831 3935 ab
2858 3886 3094 3951 utroque
3111 3878 3304 3937 Iudaeo
3327 3880 3618 3938 dimidium
3647 3883 3736 3938 di-

2141 3971 2386 4027 drachmi
2405 3987 2662 4041 supremo
2674 3973 2788 4027 Deo
2802 3972 3306 4046 persolvijubebat,
3327 3989 3437 4029 non
3450 3975 3597 4045 quod
3614 3975 3736 4030 exi-

2139 4059 2329 4135 gendae
2350 4069 2446 4118 aut
2477 4065 2834 4136 corrogandae
2857 4066 3106 4135 pecuniae
3135 4066 3408 4121 rationem
3437 4067 3736 4137 quamdam

2145 4154 2472 4220 invenisset,
2489 4153 2585 4210 sed
2603 4155 2751 4225 quod
2774 4153 3245 4212 manifestissimis
3264 4155 3457 4228 ﬁguris
3479 4171 3582 4222 nos
3608 4157 3740 4214 edo-

2149 4254 2320 4312 ceret,
2364 4248 2602 4319 primum
2655 4246 2877 4317 quidem
2919 4247 3199 4303 neminem
3233 4249 3324 4304 sui
3372 4248 3572 4319 capitis
3615 4263 3741 4306 esse

2149 4339 2459 4400 dominum,
2491 4337 2584 4394 sed
2614 4338 2775 4395 nobis
2816 4339 3074 4396 omnibus
3118 4355 3290 4394 unum
3338 4355 3482 4405 esse,
3509 4340 3601 4410 qui
3643 4342 3744 4395 tri-

2151 4432 2410 4488 butorum
2445 4432 2740 4488 collatione
2767 4431 2823 4487 in
2861 4432 3184 4489 servitutem
3237 4433 3462 4504 ascripti
3508 4448 3740 4504 smnus;

2150 4522 2348 4584 deinde
2376 4527 2526 4598 quod
2570 4524 2966 4582 fecunditatem
3009 4524 3439 4583 intellectualem
3467 4541 3533 4582 ac
3581 4526 3742 4598 spiri-

450 4600 643 4711 psvm.'
679 4618 800 4690 εἶτα
832 4633 970 4706 πρὸς
999 4600 1212 4694 τούτοις
1367 4632 1431 4684 ὲκ
1451 4628 1545 4683 νοῦ
1572 4646 1633 4683 τε
1667 4627 1763 4682 καλ⁸
1795 4600 2026 4698 πνευμα-

2152 4621 2316 4676 talem
2337 4620 2484 4676 velut
2514 4621 2570 4676 in
2596 4619 2806 4676 rudiori
2831 4619 3018 4676 tabula
3034 4619 3372 4691 depingeret.
3404 4639 3423 4672 ι
3447 4619 3688 4686 Honora,
3720 4638 3741 4671 ι

449 4728 610 4793 τικὰς
647 4727 1064 4801 καρποφορίας,
1103 4724 1179 4790 ὡς
1216 4725 1274 4780 ὲν
1314 4721 1608 4794 παχυτέρῳ
1639 4720 1800 4776 πάλιν
1831 4719 2047 4791 ζωγρα-

451 4821 663 4893 φοῦσαν
709 4816 1003 4890 γράμματι
1047 4833 1109 4869 τε
1148 4815 1244 4871 καὶ
1292 4816 1606 4887 πράγματι.
1663 4833 1683 4865 ι
1717 4814 1866 4885 Τίμα
1914 4811 2043 4883 γὰρ,

449 4912 630 4984 φησὶ,
679 4910 773 4964 τὸν
819 4909 1028 4981 Κύριον
1072 4907 1182 4962 άπὸ
1237 4905 1347 4961 σῶν
1401 4905 1629 4962 δικαίων
1683 4905 1863 4960 πόνων
1887 4945 1902 4970 ,
1953 4904 2048 4959 καὶ

451 5003 708 5078 ἀπάρχου
740 5002 892 5072 αὐτῷ
917 4995 1032 5072 ,άπὸ
1065 4996 1176 5055 σῶν
1223 4999 1458 5074 καρπῶν
1490 4999 1842 5070 δικαιοσύνης
1885 5013 1899 5028 ο
1944 5015 1964 5050 ι
2019 4995 2049 5050 ὃ

451 5096 520 5170 δὴ
572 5097 670 5167 καὶ
721 5096 979 5167 γενέσθαι
1033 5089 1351 5166 συμδέῦηκε
1399 5094 1487 5149 διὰ
1531 5095 1633 5166 τῆς
1684 5091 2048 5162 εὐαγγελικῆς

451 5191 842 5268 διδασκαλίας,
903 5191 1004 5262 τῆς
1042 5190 1187 5245 κατὰ
1229 5189 1395 5261 νόμον
1441 5188 1547 5262 ἤδη
1606 5186 1864 5259 λατρείας
1927 5201 2053 5238 συν-

453 5277 822 5360 εσταλμένης.
872 5283 949 5338 Οὐ
1008 5283 1115 5356 γάρ
1160 5285 1240 5340 ἔτι
1290 5285 1411 5349 ταῖς
1447 5281 1646 5360 ἔξωθεν
1692 5276 2055 5350 δωροφορίαις

454 5375 790 5448 θεραπεύειν
815 5374 1043 5447 οἰόμεθα
1075 5365 1185 5429 δεῖν
1211 5367 1304 5431 τὸν
1344 5371 1602 5430 ἁπάντων
1640 5370 1869 5442 Κύριον,
1901 5367 1963 5420 τὸ
1994 5365 2054 5432 ἐξ

455 5471 594 5543 ὕλης
658 5470 910 5541 φθαρτῆς
983 5468 1262 5524 συντελεῖν
1311 5466 1659 5538 ἐπειγόμενοι
1716 5463 2010 5532 δίδραχμον
2039 5474 2051 5486 ’

453 5561 710 5634 ἀληθινοὶ
764 5561 823 5616 δὲ
871 5560 1026 5624 ὄντες
1071 5554 1486 5641 προσκυνηταὶ,
1533 5551 1950 5627 προσκυνοῦμεν
1997 5553 2055 5602 ἐν

457 5655 736 5735 πνεύματι
801 5655 895 5710 καί¹
929 5654 1154 5729 ἀληθείᾳ
1200 5653 1277 5726 τῷ
1313 5645 1434 5724 Θεῷ
1472 5652 1566 5708 καὶ
1602 5648 1797 5722 Πατρί.
1835 5645 2057 5716 Ταύτην

2153 4711 2324 4776 enim,
2362 4709 2565 4783 inquit,
2603 4731 2621 4764 ε
2663 4711 2955 4766 Dominum
2992 4709 3059 4765 de
3088 4711 3200 4765 tuis
3228 4710 3398 4779 justis
3443 4711 3743 4779 laboribus,

2151 4812 2208 4861 et
2240 4805 2519 4876 primitias
2542 4805 2593 4861 ei
2618 4802 2821 4860 oderas
2853 4803 2922 4859 de
2944 4803 3053 4859 tuis
3081 4801 3352 4858 fructibus
3373 4801 3690 4872 iustitiae".
3722 4821 3749 4853 »ς

2156 4899 2312 4965 Quod
2347 4907 2497 4954 certe
2531 4912 2754 4970 quoque
2784 4895 3037 4968 contigit,
3065 4897 3215 4952 cultu
3245 4895 3408 4968 legali
3445 4911 3540 4967 per
3579 4910 3750 4954 evan-

2155 4992 2389 5065 gelicam
2458 4990 2770 5047 doctrinam
2827 4990 3050 5055 tandem
3091 5004 3366 5060 represso.
3422 4988 3545 5046 Non
3602 4989 3756 5045 enim

2155 5083 2404 5142 externis
2431 5083 2757 5140 muneribus
2787 5083 3025 5155 amplius
3079 5083 3370 5139 colendum
3406 5099 3533 5141 esse
3589 5093 3752 5155 puta-

2159 5194 2285 5235 mus
2316 5177 2557 5234 universi
2584 5177 2780 5245 Deum,
2806 5177 3190 5234 didracbmum
3223 5193 3254 5235 e
3276 5177 3620 5250 corruptibili
3639 5191 3753 5233 ma-

2163 5272 2300 5328 teria
2335 5265 2573 5342 pendere
2595 5272 2809 5326 coacti:
2843 5272 2938 5328 sed
2965 5287 3091 5327 cum
3127 5271 3303 5328 simus
3336 5274 3449 5327 veri
3493 5270 3752 5325 adorato-

2165 5357 2276 5432 res,
2303 5367 2605 5421 adoramus
2635 5367 2690 5420 in
2729 5365 2930 5437 Spiritu
2975 5375 3029 5421 et
3063 5365 3301 5422 veritate
3334 5364 3503 5420 Deum
3540 5357 3606 5418 ac
3652 5361 3752 5417 Pa-

2164 5467 2327 5515 trem.
2362 5457 2515 5514 llanc
2554 5459 2610 5514 in
2641 5459 2826 5514 littera
2861 5457 3023 5531 legali
3052 5456 3382 5514 sententiam
3417 5454 3591 5508 latere
3619 5467 3752 5508 cen-

2160 5553 2392 5610 sendum
2423 5560 2526 5609 est.
2558 5551 2697 5608 Cum
2735 5551 2904 5624 igitur
2939 5549 3206 5606 Dominus
3247 5554 3396 5604 esset
3436 5543 3756 5617 Hierosoly-

2164 5647 2289 5714 mis,
2321 5652 2609 5704 exactores
2646 5643 2959 5700 didrachmi
3001 5640 3226 5699 Petrum
3285 5637 3755 5711 percontabantur

532 5829 840 5889 "Mloan.
881 5848 996 5901 me,
1027 5831 1083 5887 9.
1162 5830 1206 5862 "
1238 5830 1376 5888 Gen.
1417 5845 1462 5901 ι,
1503 5829 1589 5885 ll.
1669 5829 1714 5862 "
1743 5824 1920 5884 Exod.
1959 5842 2092 5897 xxx,
2125 5824 2350 5898 passim.
2427 5823 2468 5858 ’⁷
2508 5817 2670 5878 Prov.
2699 5833 2782 5890 In,
2813 5817 2865 5875 9.
