4106 6486
443 417 538 474 3H

1443 424 1502 479 S.
1527 422 1804 478 CYRILLI
1837 421 2307 478 ALEXANDRlNl
2333 424 2653 481 ARCIIIEP.

3610 431 3715 486 5:2

443 543 534 602 his
555 545 774 601 verbis:
806 563 824 595 ι
877 540 1132 613 Magister
1176 546 1360 595 vester
1407 555 1516 595 non
1564 539 1728 595 solvit
1762 538 2018 595 didrach-

2127 539 2504 611 ὲγκεκρύφθαι
2573 541 2653 612 τῷ
2713 541 2924 613 νομικῷ
2989 542 3280 614 γράμματι
3327 542 3428 615 τὴν
3481 543 3714 600 διάνοιαν

443 655 593 694 "uim
617 638 681 691 ⁸⁸.
713 656 732 689 ι
763 635 922 691 Jesus
947 641 1125 688 autem
1150 632 1326 703 ipsum
1348 633 1403 688 in
1429 631 1573 688 aedes
1599 631 2019 702 ingredientem,

445 735 504 780 ut
535 725 804 796 scriptum
835 733 937 786 est,
968 721 1233 793 praevenit
1258 721 1448 777 dicens
1476 741 1488 775 :
1533 741 1552 773 ‹
1593 723 1773 792 Reges
1804 733 1964 776 terrae
1991 736 2021 775 a

439 821 640 890 quibus
675 819 956 888 accipiunt
1013 817 1304 880 tributum,
1347 826 1443 870 aut
1491 816 1764 871 censum?
1812 816 1853 869 A
1897 815 2023 872 ﬁliis

441 912 579 977 suis,
626 926 696 966 an
737 911 807 965 ab
843 910 1037 964 alienis
1054 909 1148 960 ὀἳ
1185 927 1203 958 ι
1248 908 1387 963 Cum
1421 909 1842 978 respondisset:
1881 929 1900 961 ‹
1953 908 2024 963 ab

443 1001 659 1063 alienis,
687 1000 830 1057 dixit
856 997 1016 1054 Jesus
1045 1017 1060 1051 :
1092 997 1280 1054 Liberi
1323 1013 1455 1069 ergo
1488 1006 1620 1054 sunt
1660 998 1776 1054 ﬁlii.
1812 998 1917 1054 Sed
1955 1013 2022 1053 ne

441 1089 883 1146 scandalizemus
935 1105 1068 1153 eos,
1141 1089 1354 1145 vadens
1408 1089 1474 1143 ad
1544 1104 1696 1146 mare
1747 1090 1878 1160 jaee'
1924 1090 2022 1144 ha-

439 1199 612 1248 mum,
647 1191 708 1238 et
759 1183 996 1252 primum
1038 1184 1130 1254 qui
1181 1183 1492 1239 ascenderit
1531 1183 1737 1252 piscem
1768 1183 1930 1247 tolle;
1969 1193 2023 1238 et

440 1275 697 1344 aperiens
731 1289 796 1329 os
832 1275 953 1343 ejus
993 1275 1240 1330 invenies
1275 1283 1559 1338 staterem,
1603 1289 1767 1344 quem
1821 1273 1888 1327 da
1923 1289 2022 1343 pro

441 1381 526 1419 me
557 1373 613 1419 et
653 1371 704 1420 te
729 1367 769 1418 ‘.
804 1384 823 1416 ι
854 1365 1049 1421 Cernis
1075 1364 1278 1420 Filium
1321 1365 1463 1420 ferre
1499 1381 1607 1419 non
1643 1380 1806 1436 posse
1849 1373 1910 1418 ut
1949 1365 2022 1420 sit

439 1455 792 1519 tributarius,
834 1471 1013 1526 neque
1043 1456 1218 1512 instar
1251 1457 1416 1512 unius
1442 1472 1505 1512 ex
1548 1457 1618 1512 iis
1651 1457 1744 1525 qui
1768 1457 2022 1512 servituti

441 1554 571 1600 sunt
595 1546 840 1611 obnoxii,
872 1564 987 1602 rem
1039 1548 1293 1604 servilem
1355 1549 1672 1604 sustinere?
1724 1547 1862 1604 Nam
1895 1565 2021 1604 cum

439 1654 553 1694 suae
585 1646 794 1694 natura:
821 1639 1049 1710 liberam
1081 1639 1404 1708 dignitatem
1443 1655 1569 1695 esse
1612 1640 1781 1705 norit,
1819 1641 2022 1697 servile

374 1735 382 1748 '
439 1727 576 1781 nihil
608 1741 668 1782 se
707 1727 910 1783 debere
942 1726 1053 1782 Deo
1089 1737 1144 1782 et
1212 1726 1364 1782 Patri
1419 1728 1699 1783 afﬁrmat:
1749 1734 1781 1781 ἰ
1838 1728 2021 1784 Liberi

436 1819 580 1873 enim
639 1828 771 1875 sunt
816 1819 936 1888 ﬁlii,
973 1839 992 1872 ι
1035 1820 1236 1890 inquit.
1299 1820 1589 1886 Quomodo
1647 1835 1780 1892 ergo
1825 1821 2022 1876 adorat

2127 632 2514 704 ὑποτοπητέον.
2563 635 2648 698 Ὠς
2672 631 2765 688 οὖν
2799 636 2856 688 ὲν
2883 637 2996 698 τοῖς
3044 635 3442 707 Ἰεροσολύμοις
3466 638 3494 690 ό
3515 636 3715 707 Κύριος

2123 717 2213 793 ἦν,
2245 725 2296 777 οἰ
2331 724 2426 778 τοῦ
2466 725 2762 796 διδράχμου
2799 729 3118 798 πρακτῆρες
3145 729 3581 781 ἀνεπυνθάνοντο
3620 729 3713 781 τοῦ

2125 813 2333 884 Πέτρου
2363 814 2636 883 λέγοντος-³
2674 835 2692 869 ι
2743 819 2802 870 '0
2829 817 3146 881 διδάσκαλος
3181 818 3336 889 ὑμῶν
3379 820 3439 872 οὐ
3479 821 3626 872 τελεί
3657 821 3717 874 τὸ

2121 903 2436 975 δίδραχμον.
2475 923 2495 956 ι
2526 905 2851 960 Εἰσελθόντα
2894 907 2950 960 δὲ
2996 909 3075 971 είς
3120 908 3220 977 τὴν
3258 908 3466 972 οἰκίαν,
3507 911 3583 974 ὡς
3623 912 3718 979 γέ-

2123 1011 2390 1064 γραπται,
2436 996 2781 1068 προέφθασεν
2827 999 2991 1052 αὐτὸν
3037 1002 3064 1052 ὁ
3107 999 3318 1069 Ἰησοῦς
3349 999 3562 1070 λέγων,
3604 1022 3623 1054 ε
3651 1003 3714 1056 Ui

2127 1087 2370 1157 βασιλεῖς
2409 1089 2508 1159 τῆς
2555 1090 2658 1160 γῆς
2689 1090 2798 1142 ἀπὸ
2838 1091 3004 1144 τίνων
3060 1090 3398 1162 λαμϐάνουσι
3444 1093 3625 1157 τέλος,
3679 1095 3712 1165 ἢ

2123 1178 2361 1247 κῆνσον;
2429 1179 2562 1232 Ἀπὸ
2601 1181 2710 1234 τῶν
2760 1181 2893 1234 υίῶν
2926 1181 3137 1249 αὐτῶν,
3189 1183 3222 1254 ἢ
3263 1183 3371 1236 ἀπὸ
3399 1183 3510 1237 τῶν
3555 1185 3714 1238 ἀλλοο

2122 1267 2324 1339 τρίων;
2361 1288 2380 1320 ι
2409 1269 2667 1334 Εἰπόντος
2701 1271 2757 1324 δὲ
2793 1271 2980 1335 αὑτοῦ,
3027 1291 3045 1324 ι
3093 1272 3231 1325 Ἀπὸ
3254 1273 3364 1326 τῶν
3393 1273 3712 1344 ἀλλοτρίων,

2122 1359 2227 1430 ἔφη
2249 1362 2278 1412 ό
2316 1360 2546 1428 Ἰησοῦς·
2599 1362 2743 1433 Ἀρα
2783 1362 3063 1435 ἐλεύθεροί
3099 1365 3241 1418 εἰσιν
3270 1366 3321 1417 οἱ
3351 1365 3477 1421 υἰοί.
3509 1365 3627 1421 Ἵνα
3657 1369 3715 1421 δὲ

2126 1450 2202 1522 μὴ
2233 1451 2678 1524 σκανδαλίσωμεν
2709 1453 2929 1518 αὐτοὺς,
2960 1454 3252 1525 πορευθεὶς
3275 1457 3355 1518 εἰς
3382 1455 3483 1526 τὴν
3513 1455 3716 1510 Θάλασ-

2123 1561 2222 1597 σαν
2278 1544 2408 1614 βάλε
2461 1545 2758 1618 ἄγκιστρον
2781 1589 2797 1613 ,
2839 1547 2931 1600 καὶ
2971 1547 3064 1600 τὸν
3104 1548 3464 1602 ἀναϐαίνοντα
3496 1549 3714 1620 πρῶτον

2126 1635 2278 1706 ἰχθὺν
2310 1632 2442 1709 ἆρον
2470 1679 2484 1702 ,
2540 1638 2634 1690 καὶ
2665 1638 2886 1704 ἀνοίξας
2929 1639 2992 1692 τὸ
3037 1641 3211 1711 στόμα
3254 1641 3415 1694 αὑτοῦ
3459 1643 3714 1713 εὑρήσεις

2125 1729 2370 1800 στατῆρα
2397 1769 2410 1792 ,
2457 1731 2661 1784 ἐκεῖνον
2701 1729 2884 1784 λαϐὼν
2914 1731 3002 1795 δὺς
3040 1733 3225 1796 αὐτοῖς
3271 1734 3391 1787 ἀντὶ
3421 1733 3576 1801 ἐμοῦ,
3622 1735 3716 1790 καὶ

2126 1819 2241 1874 σοῦ.
2275 1840 2292 1871 ι
2344 1819 2508 1891 Ὁρᾷς
2551 1821 2652 1874 οὐκ
2694 1822 3019 1892 ἀνεχόμενον
3059 1823 3292 1893 ὑποτελῆ
3326 1825 3581 1891 γενέσθαι
3622 1824 3716 1877 τὸν

437 1908 579 1963 servi
610 1923 787 1972 more,
811 1924 989 1978 neque
1024 1908 1078 1962 id
1110 1908 1358 1964 invitus?
1386 1907 1491 1975 Qui
1522 1919 1707 1963 autem
1732 1909 1817 1964 vel
1842 1908 2016 1978 ipsam

2121 1912 2270 1974 Υἰὸν,
2307 1911 2427 1965 οὐδὲ
2457 1913 2533 1976 ὠς
2575 1913 2672 1966 ἕνα
2701 1913 2809 1966 τῶν
2847 1913 2952 1980 ύπδ
2981 1914 3074 1967 τὸν
3115 1915 3214 1985 τῆς
3245 1914 3714 1984 δουλείας-ζυγὸν,

437 2000 515 2056 rei
574 2000 805 2070 ﬁguram
846 2001 1096 2070 respuit,
1156 2001 1436 2070 quomodo
1497 2002 1784 2056 veritatem
1841 2002 2016 2070 ipsam

437 2093 786 2162 susceperit?
840 2093 1039 2146 Annon
1090 2093 1238 2148 enim
1315 2093 1694 2148 adorationem
1747 2089 2014 2148 tributum

436 2189 542 2234 aut”
587 2179 922 2234 oblationem
977 2180 1274 2250 quamdam
1334 2183 1637 2252 spiritalem
1676 2182 2015 2237 existimabio

436 2285 582 2337 mus,
607 2282 662 2327 et
687 2271 970 2327 servitutis
992 2287 1167 2344 genus
1189 2270 1364 2341 ipsam
1387 2286 1510 2327 esse
1531 2271 1818 2328 dicemus?
1839 2271 2014 2338 Quam

343 2351 358 2360 ’κ
434 2361 585 2417 enim
616 2363 687 2418 ob
718 2377 942 2419 causam
976 2365 1066 2419 lex
1093 2363 1405 2419 adorationi
1432 2363 1750 2420 servitutem
1779 2364 2016 2435 conjun-

436 2455 538 2520 xit,
582 2453 810 2510 dicens:
852 2475 870 2507 ι
907 2454 1200 2510 Dominum
1230 2455 1397 2511 Deum
1441 2463 1598 2511 tuum
1632 2456 1909 2522 adorabis,
1963 2466 2018 2512 et

435 2547 542 2618 ipsi
596 2547 756 2619 190
810 2549 912 2604 soli
967 2550 1240 2606 servies'.
1305 2568 1323 2600 ›
1371 2548 1588 2604 Etenim
1633 2549 1805 2619 janua
1846 2549 2016 2605 veluti

435 2641 686 2710 quaedam
724 2651 780 2698 et
811 2643 896 2696 via
919 2643 1171 2712 obsequii
1206 2642 1501 2714 praestandi
1550 2641 1819 2709 adoratio,
1859 2644 2016 2713 prin-

435 2733 642 2804 cipium
704 2733 912 2790 habens
966 2735 1288 2790 servitutem
1345 2749 1474 2806 erga
1521 2733 1715 2789 Deum.
1781 2735 2018 2805 Ideoque

433 2824 728 2880 Psalmista
767 2826 1063 2881 nonnullos
1099 2826 1392 2895 compellat
1425 2826 1512 2880 his
1538 2825 1720 2881 verbis
1769 2825 1972 2880 alicubi
2001 2843 2013 2879 :

441 2935 461 2968 ι
497 2915 710 2984 Venite,
742 2917 1064 2984 adoremus,
1096 2926 1153 2972 et
1198 2917 1570 2987 procidamus
1597 2924 1725 2971 ante
1777 2929 1927 2979 eum,
1963 2923 2018 2971 et

434 3011 710 3083 ploremus
737 3026 923 3067 coram
956 3009 1189 3065 Domino
1205 3011 1298 3080 qui
1325 3009 1452 3064 fecit
1476 3009 1635 3065 nos’.
1664 3027 1682 3060 ›
1705 3005 1868 3064 Vides
1891 3023 2018 3077 pro-

433 3106 616 3162 cidere
655 3105 811 3175 sequi
848 3115 902 3159 et
951 3103 1311 3174 conjunctum
1353 3117 1478 3157 esse
1507 3099 1860 3157 adorationi?
1897 3099 2018 3166 Quo

433 3197 566 3269 quid
605 3199 778 3267 magis
811 3210 972 3251 servo
1007 3196 1297 3250 conveniat
1346 3194 1489 3262 apud
1545 3209 1643 3248 eos
1690 3193 1782 3262 qui
1829 3207 2012 3247 rerum

435 3291 726 3362 qualitates
749 3296 899 3344 recte
917 3288 1214 3352 aestimant,
1239 3286 1425 3342 dicere
1452 3302 1560 3342 non
1591 3301 1840 3356 possum.
1862 3285 2017 3350 Quod

435 3385 481 3440 si
529 3390 885 3454 perseverant
929 3380 1258 3444 adversarii,
1310 3380 1607 3451 praefracta
1672 3377 2018 3448 impudentia

435 3477 566 3530 elati
592 3515 608 3543 ,
641 3483 696 3531 et
727 3475 940 3535 frivolis
972 3475 1283 3532 rationibus
1325 3473 1443 3529 haec
1473 3480 1726 3528 astruere
1756 3485 1866 3525 non
1895 3485 2017 3526 ces—

437 3578 581 3630 sant,
625 3568 919 3624 ostendant
984 3568 1146 3625 nobis
1178 3567 1437 3622 universa
1491 3563 1780 3634 Scriptura
1825 3571 2017 3619 sancta

437 3661 969 3732 pervoluta,Filium
1007 3660 1178 3716 Deum
1207 3668 1264 3714 et
1305 3657 1521 3713 Patrem
1562 3655 1849 3718 adorasse,
1891 3668 2016 3710 cum

439 3753 645 3807 nudum
702 3750 886 3806 adhuc
936 3759 1084 3806 esset
1139 3747 1409 3812 Verbum,
1446 3755 1572 3801 ante
1623 3745 2019 3802 incarnationis

436 3853 706 3914 tempora,
733 3853 788 3900 et
828 3843 976 3898 illam
1019 3842 1168 3898 servi
1218 3840 1474 3896 formam.
1537 3839 1696 3894 Nunc
1727 3839 1874 3899 enim
1910 3853 2019 3909 qua

437 3937 604 3992 homo
629 3939 766 3992 citra
795 3936 1280 4007 reprehensionem
1330 3933 1546 3999 adorat,
1581 3933 1677 3989 sed
1722 3943 1872 3999 tunc,
1906 3946 2018 3987 non

437 4028 588 4084 item.
612 4027 720 4084 Sed
749 4043 815 4084 ex
843 4027 1048 4083 divinis
1079 4025 1365 4095 sacrisque
1388 4024 1611 4082 Litteris
1644 4025 1695 4082 id
1727 4024 2018 4081 ostendere

437 4135 720 4190 nunquam
754 4128 1037 4192 poterunt;
1066 4133 1261 4174 verum
1289 4117 1415 4172 cum
1453 4119 1612 4174 nobis
1641 4117 2016 4186 conjecturas,

437 4220 493 4267 et
539 4213 762 4283 putidas
826 4213 1127 4282 argutiolas
1167 4220 1514 4278 coacerveut,
1563 4212 1688 4282 jure
1748 4209 2014 4265 audient:

443 4323 464 4356 ‹
504 4298 712 4358 Erratis
736 4304 1079 4358 ‘nescientes
1152 4300 1490 4372 Seripturas,
1524 4316 1702 4372 neque
1758 4300 2020 4353 virtutem

439 4395 533 4450 Dei
558 4394 600 4459 ⁵,
648 4413 666 4445 ι
693 4403 747 4450 et
770 4395 1000 4465 gloriam
1036 4392 1328 4464 Unigeniti.
1357 4392 1514 4459 Quod
1543 4393 1702 4452 .enim
1741 4399 2017 4460 quatenus

436 4485 684 4542 Verbum
721 4503 786 4542 ac
815 4485 961 4541 Deus
1007 4501 1116 4540 non
1167 4485 1379 4550 adoret,
1441 4484 1535 4541 sed
1595 4482 1772 4538 nostri
1817 4480 2018 4536 similis

2124 2004 2416 2073 ὑπομεῖναι
2482 2006 2718 2076 πρᾶγμα
2775 2004 3169 2078 δουλοπρεπές;
3220 2006 3391 2071 Εἰδὼς
3450 2007 3560 2078 γὰρ
3613 2008 3715 2077 τῆς

2120 2095 2316 2148 ἑαυτοῦ
2351 2095 2566 2164 φύσεως
2593 2096 2656 2149 τὸ
2676 2096 2961 2167 ἐλεύθερον
2991 2098 3231 2168 ἀξίωμα,
3258 2101 3528 2153 οἰκετικὸν
3557 2101 3716 2154 οὐδὲν

2118 2186 2426 2256 ὲποφείλειν
2453 2186 2531 2258 τῷ
2548 2187 2665 2258 Θεῷ
2689 2189 2781 2241 καί⁵
2811 2189 2987 2260 Πατρὶ
3015 2188 3430 2260 διῖσχυρίςεται.
3469 2209 3488 2241 ι
3529 2190 3715 2243 Ἐλεύ⁴

2119 2279 2269 2349 θεροι
2296 2278 2406 2350 γάρ
2428 2279 2567 2332 εἰσιν
2596 2281 2646 2332 οἱ
2679 2281 2806 2344 υἱοὶ,
2847 2299 2866 2333 ι
2902 2281 3088 2352 φησίν.
3117 2280 3242 2343 Πῶς
3263 2275 3356 2335 οὖν
3382 2281 3483 2335 οὐκ
3514 2281 3710 2334 ἀνεθέ-

2118 2369 2280 2442 λητον
2323 2370 2436 2440 ἔχει
2469 2371 2568 2443 τὴν
2592 2371 2938 2442 δουλοπρεπῆ
2973 2371 3347 2442 προσκύνησιν
3373 2389 3387 2438 ;
3433 2373 3492 2427 '0
3524 2374 3582 2426 δὲ
3613 2390 3712 2428 και

2119 2462 2256 2532 πρὸς
2295 2462 2456 2531 μόνον
2486 2463 2878 2534 ἀποναρκήσας
2907 2463 2998 2516 τὸν
3029 2461 3120 2515 τοῦ
3161 2462 3488 2534 πράγματος
3515 2462 3708 2527 τύπον,

2119 2552 2237 2616 πῶς
2280 2553 2348 2607 ἄν
2396 2553 2566 2624 αὐτὴν
2617 2555 2976 2620 καταδέξαιτο
3016 2553 3116 2626 τὴν
3167 2554 3467 2625 ἀλήθειανς
3501 2556 3572 2607 Ἢ
3597 2554 3708 2626 γὰρ

2116 2643 2214 2714 οὐχ
2242 2643 2319 2706 ὡς
2347 2642 2522 2709 τέλος,
2558 2645 2655 2698 καὶ
2684 2644 3064 2715 καρποφορίαν
3092 2643 3471 2714 πνευματικὴν
3500 2643 3714 2712 λογιού-

2118 2735 2261 2803 μεθα
2290 2735 2388 2805 τὴν
2414 2735 2812 2806 προσκύνησιν,
2849 2736 2945 2789 καὶ
2979 2735 3238 2806 λατρείας
3270 2729 3408 2798 εἶδος
3443 2734 3713 2804 ὑπάρχειν

2117 2825 2351 2896 ἐροῦμεν
2396 2827 2606 2898 αὐτήν;
2666 2827 2819 2878 Ἐπεὶ
2859 2825 2947 2878 διὰ
2973 2825 3134 2878 ποίαν
3168 2827 3195 2878 ὀ
3224 2823 3388 2894 νόμος
3419 2823 3598 2876 αἰτίαν
3643 2830 3710 2898 τῇ

2121 2919 2491 2990 προσκυνήσει
2542 2918 2800 2989 συνέδησε
2844 2918 2944 2989 τὴν
2999 2917 3253 2988 λατρείαν
3289 2915 3478 2978 εἰπὼν,
3525 2935 3544 2967 ς
3606 2915 3716 2970 Κυ-

2122 3026 2237 3080 ριον
2284 3010 2375 3063 τὸν
2427 3010 2560 3063 Θεόν
2603 3027 2696 3062 σου
2748 3009 3182 3080 προσκυνήσεις,
3233 3006 3328 3060 καὶ
3375 3005 3525 3076 αὐτῷ
3564 3005 3715 3076 μόνῳ

2119 3102 2458 3174 λατρεύσεις.
2506 3122 2525 3156 ι
2559 3103 2711 3173 Πύλη
2740 3101 2851 3171 γάρ
2881 3101 3070 3173 ὥσπερ
3115 3101 3202 3165 τίς
3253 3103 3390 3162 ἐστι,
3450 3099 3544 3153 καὶ
3593 3099 3714 3162 ὁδὸς

2119 3193 2220 3262 τῆς
2250 3196 2307 3247 ὲν
2336 3193 2518 3265 ἔργοις
2546 3193 2802 3263 λατρείας
2826 3196 2859 3264 ἡ
2881 3192 3274 3264 προσκύνησις,
3308 3191 3483 3263 ἀρχὴν
3510 3189 3713 3260 ἔχουσα

2045 3248 2088 3305 C
2119 3248 2596 3354 δούλείανιτὴννὼς
2642 3248 2960 3353 ἐτρδςόἰεάᾷ.
3003 3248 3096 3337 Διδ
3385 3248 3712 3353 ’πρόςιῖτινας

2119 3377 2147 3429 ὁ
2179 3375 2432 3446 Μελῳδός
2480 3374 2581 3428 πού
2613 3391 2769 3444 φησι·
2814 3394 2833 3426 ι
2869 3374 3035 3427 Δεῦτε
3080 3373 3568 3444 προσκυνήσωμεν,
3617 3371 3713 3423 καὶ

2119 3466 2522 3540 προσπέσωμεν
2551 3467 2722 3538 αὐτῷ,
2759 3468 2852 3522 καὶ
2880 3466 3204 3537 κλαύσωμεν
3235 3464 3474 3518 ἐναντίον
3499 3463 3709 3532 Κυρίου

2116 3557 2210 3612 τοῦ
2244 3559 2570 3630 ποιήσαντος
2611 3559 2783 3628 ἡμᾶς.
2829 3576 2846 3609 ι
2896 3559 3059 3630 Ὁρᾷς
3105 3557 3490 3629 παρεπόμενόν
3529 3574 3587 3608 τε
3615 3555 3712 3610 καὶ

2120 3649 2551 3719 συνεζευγμένον
2600 3647 2679 3720 τῷ
2733 3654 3060 3720 προσκυνεῖν
3109 3651 3170 3705 τὸ
3218 3651 3417 3724 χρῆναι
3465 3649 3710 3720 προσπί-

2120 3763 2276 3800 πτειν
2303 3762 2318 3811 ;
2352 3739 2426 3799 Οῦ
2455 3745 2508 3797 τί
2549 3745 2616 3799 ἂν
2639 3745 2850 3813 γένοιτο
2872 3745 3428 3816 δουλοπρεπέστερον,
3462 3743 3617 3813 παρά
3642 3759 3707 3812 γε

2117 3823 2231 3899 τοῖς
2271 3835 2446 3906 ὀρθῶς
2477 3833 2834 3905 δοκιμάζουσι
2881 3835 2980 3900 τὰς
3020 3836 3128 3889 τῶν
3169 3835 3512 3907 πραγμάτων
3554 3834 3706 3886 ποιό-

2117 3931 2324 4003 τητας,
2391 3933 2565 3986 εἰπεῖν
2613 3932 2713 3985 οὐκ
2762 3932 2890 4003 ἔχω.
2938 3933 3003 3986 Εἰ
3044 3932 3100 3984 δὲ
3147 3929 3500 4002 ἐπιμένουσιν
3538 3928 3587 3980 οἰ
3637 3927 3708 3986 δι’

2117 4021 2368 4086 ἐναντίας
2392 4023 2479 4074 ἐπ’
2501 4021 2830 4094 ἀθραύστοις
2851 4022 2930 4075 ἔτι
2952 4024 3072 4084 ταῖς
3110 4019 3521 4090 ἀναισχυντίαις
3546 4017 3709 4070 σοϐα-

2123 4115 2443 4186 ρευόμενοι,
2497 4115 2590 4169 καὶ
2645 4114 2754 4168 τῶν
2813 4115 2906 4167 ἐπὶ
2961 4115 3172 4176 τούτοις
3237 4110 3583 4167 ἀπαιδεύτων
3644 4109 3707 4166 ού

2119 4206 2488 4278 καταλήγουσι
2513 4207 2814 4278 λογισμῶν,
2839 4206 3257 4261 ἐπιδεικνύντων
3287 4208 3418 4276 ἡμῖν
3453 4203 3578 4273 ὅλην
3606 4202 3707 4271 τὴν

2120 4299 2279 4368 ἁγίαν
2331 4299 2777 4370 περινοστοῦντες
2840 4299 3064 4370 Γραφὴν
3122 4299 3580 4369 προσκυνήσαντα
3629 4293 3708 4363 τῷ

2121 4390 2240 4462 Θεῷ
2269 4390 2366 4450 καὶ
2415 4389 2588 4460 Πατρὶ
2617 4389 2709 4442 τὸν
2738 4389 2900 4454 Υἰδν,
2941 4389 3028 4441 ὅτε
3057 4388 3261 4458 γυμνὸς
3293 4382 3360 4457 ἦν
3392 4387 3492 4451 ἐτι,
3511 4384 3708 4450 Λόγος,

2121 4480 2229 4549 «pb
2261 4480 2370 4533 τῶν
2403 4482 2503 4549 τῆς
2553 4479 3020 4551 ὲνανθρωπήσεως
3052 4479 3290 4549 χρόνων,
3347 4479 3440 4528 καὶ
3477 4472 3570 4526 τοῦ
3610 4472 3711 4541 τῆς

436 4577 601 4634 etiam
634 4578 877 4631 humano
910 4591 1061 4632 more
1091 4577 1144 4632 id
1176 4576 1502 4648 susceperit,
1539 4580 1766 4645 propter
1789 4572 2017 4642 dispen-

2123 4572 2370 4634 δουλείας
2398 4572 2700 4642 σχήματος.
2743 4569 2856 4623 Νῦν
2896 4570 2994 4640 μὲν
3027 4570 3133 4639 γὰρ
3161 4567 3236 4630 ὡς
3266 4566 3548 4633 ἄνθρωπος
3575 4564 3711 4616 ἀκα-

439 4670 713 4726 sationem
783 4683 906 4723 cum
966 4683 1153 4736 carne,
1201 4669 1313 4724 noh
1371 4665 1593 4722 aliunde
1641 4664 2018 4735 probationem

2129 4666 2449 4736 τηγορήτως
2485 4665 2812 4734 προσκυνεῖ,
2860 4662 2983 4718 τότε
3029 4663 3123 4728 δὲ,
3177 4660 3381 4714 οὐκέτι.
3426 4656 3566 4710 Ἀλλ’
3611 4657 3712 4725 οὐχ

439 4778 773 4833 quaeremus,
796 4762 888 4822 sed
917 4778 984 4818 ex
1013 4763 1136 4834 ejus
1166 4761 1354 4818 verbis
1381 4771 1604 4813 rursum
1635 4771 2015 4827 agnoscemus.

2127 4755 2309 4822 ἕξουσι
2335 4755 2433 4824 μὲν
2461 4757 2526 4807 ὲκ
2545 4754 2654 4807 τῶν
2688 4753 2847 4807 θείων
2875 4771 2935 4806 τε
2961 4755 3052 4808 καὶ
3082 4751 3243 4823 ἰερῶν
3273 4747 3532 4815 ἐπιδεῖξαι
3552 4747 3712 4799 τοῦτο

439 4855 583 4921 Quid
642 4856 790 4910 enim
837 4856 904 4910 ad
951 4855 1361 4912 Samaritanam
1419 4848 1706 4904 mulierem
1759 4849 1834 4903 ait
1880 4864 2018 4920 prae-

2128 4848 2506 4920 Γραμμάτωνο
2555 4847 2899 4917 στοχασμοὺς
2931 4845 2988 4898 δὲ
3031 4847 3186 4915 ἡμῖν,
3231 4844 3326 4897 καὶ
3359 4839 3578 4912 σαθρῶν
3627 4841 3712 4891 ὲν-

440 4947 636 5002 lerea?
2127 4940 2468 5012 θυμημάτων
2526 4937 2772 5004 ἐπινοίας
2833 4939 3203 5009 συνείροντες,
3257 4933 3494 5001 εὐλόγως
3548 4930 3712 4985 ἀκού-

443 5057 660 5104 σονται,
698 5059 714 5089 ι
758 5039 1038 5094 Πλανᾶσθε
1085 5037 1161 5108 μὴ
1208 5034 1412 5096 εἰδότες
1440 5031 1540 5094 τὰς
1583 5033 1835 5103 Γραφάς,
1893 5033 2026 5103 μηδὲ
2064 5033 2163 5103 τὴν
2201 5032 2430 5102 δύναμιν
2468 5031 2562 5085 τοῦ
2628 5029 2787 5098 Θεοῦ,
2831 5048 2848 5082 ι
2897 5029 2992 5083 καὶ
3032 5028 3130 5100 τὴν
3176 5025 3335 5093 δόξαν
3375 5022 3471 5076 τοῦ
3537 5023 3712 5075 Μονο-

442 5131 656 5199 γενοῦς.
683 5133 806 5186 Ὅτι
827 5132 935 5201 γὰρ
1026 5129 1123 5198 μὲν
1148 5125 1319 5192 Λόγος
1341 5126 1434 5178 καὶ
1458 5125 1589 5188 Θεὸς
1611 5127 1671 5179 οὐ
1703 5127 2020 5199 προσκυνεῖ,
2061 5123 2305 5193 γεγονὼς
2336 5124 2393 5177 δὲ
2429 5123 2551 5177 καθ’
2583 5124 2760 5195 ἡμᾶς,
2805 5123 2899 5176 καὶ
2967 5120 3124 5176 τοῦτο
3189 5121 3380 5172 παθεῖν
3426 5117 3712 5185 ἅνθρωπος

445 5224 670 5295 πρεπῶς
707 5222 1030 5286 κατεδέξατο
1076 5217 1164 5271 διά
1211 5217 1310 5288 τὴν
1361 5218 1674 5288 οἰκονομίαν
1726 5219 1826 5289 τὴν
1880 5217 2018 5287 μετά
2061 5217 2284 5288 σαρκὸς,
2316 5218 2375 5270 οὐ
2409 5215 2644 5286 θύραθεν
2670 5217 2854 5286 ἡμῖνὴ
2921 5211 3260 5284 πληροφορία
3325 5207 3712 5279 ζητηθήσεται,

443 5316 530 5368 διὰ
558 5316 615 5368 δὲ
646 5315 754 5368 τῶν
789 5310 956 5366 αὑτοῦ
993 5309 1158 5364 πάλιν
1189 5309 1448 5379 εἰσόμεθα
1481 5310 1677 5378 λόγων.
1724 5310 1789 5362 Τί
1819 5309 1929 5379 γὰρ
1956 5308 2018 5378 δὴ
2059 5310 2152 5374 καί
2183 5327 2316 5379 φησι
2343 5309 2478 5379 πρὸς
2502 5309 2600 5379 τὴν
2630 5309 2694 5361 ἐκ
2719 5306 2818 5373 τῆς
2849 5304 3156 5376 Σαμαρείας
3194 5302 3464 5371 γυναῖκα;

525 5408 628 5463 Vos
662 5407 902 5462 adoratis
946 5402 1084 5474 quod
1117 5404 1366 5459 nescitis:
1413 5421 1509 5460 uos
1560 5407 1851 5460 adoramus
1883 5403 2022 5476 quod

444 5519 662 5557 scimus.

513 5594 710 5650 Nonne
733 5591 908 5646 cuivis
937 5590 1104 5646 etiam
1138 5606 1200 5648 ex
1223 5593 1329 5647 hoc
1365 5589 1719 5646 manifestum
1743 5596 1848 5655 est,
1875 5589 2022 5658 quod

2212 5403 2407 5473 Ὑμεῖς
2441 5401 2837 5472 προσκυνεῖτε
2858 5400 2890 5453 ὃ
2925 5401 3036 5454 οὐκ
3067 5398 3288 5464 οἴδατε,
3320 5393 3497 5464 ’ἡμεῖς
3519 5409 3709 5461 προσ-

2131 5498 2454 5566 κυνοῦμεν,
2487 5495 2518 5548 ὃ
2547 5493 2814 5563 οἴδαμεν.

2199 5584 2326 5658 Ἆρ’
2361 5589 2481 5657 οὐχὶ
2509 5585 2670 5638 παντί
2702 5601 2779 5656 τῳ
2807 5583 2898 5640 καὶ
2930 5582 3018 5638 διὰ
3039 5581 3227 5638 τούτου
3260 5576 3592 5650 καταφανὲς,
3629 5576 3709 5628 ὅτι

445 5699 570 5747 eum
609 5683 807 5756 plurali
861 5699 995 5741 usus
1035 5686 1106 5742 sit
1161 5699 1432 5749 numero,
1491 5690 1545 5739 et
1592 5682 1832 5754 seipsum
1878 5682 2018 5739 inter

2128 5679 2206 5752 τῷ
2229 5677 2574 5750 πληθυντικῷ
2595 5677 2938 5747 χρησάμενος
2955 5673 3193 5748 ἀριθμῷ,
3215 5673 3307 5727 καὶ
3331 5674 3444 5734 τοῖς
3470 5669 3528 5736 ἐξ
3552 5668 3720 5736 ἀνάγ-

509 5856 782 5929 ".Matui.
817 5866 1071 5934 “11,23.
1157 5867 1202 5901 ον
1235 5864 1369 5921 ibid.
1403 5864 1492 5924 et.
1578 5861 1998 5926 ‘ibid.25.9.6.

2129 5860 2284 5916 Deut.
2319 5877 2396 5926 vr,
2429 5861 2512 5916 l5.
2625 5859 2642 5891 '
2675 5859 2822 5918 Psal.
2855 5872 2998 5924 χειν,
3023 5857 3078 5914 6.
3203 5855 3393 5912 Matth.
3433 5869 3579 5921 xxxi,
3614 5849 3730 5923 29._

459 6049 492 6092 ’ἱ
