4106 6546
395 421 520 479 5.3
1014 388 1019 401 ’
1487 429 1552 485 IN
1591 426 1881 485 manans
1914 427 2376 496 EVANGELIUM
2417 442 2551 501 LIB.
2593 445 2662 502 ιι.
3614 460 3719 519 su

396 556 517 611 κης
566 541 661 595 καὶ
706 539 955 607 δουλείας
1001 543 1404 615 προσκυνοῦσιν
1438 546 1633 604 ἐαυτὸν
1684 550 2017 622 ἐναριθμῶν,

2096 568 2226 611 .cos
2255 558 2487 617 collocet
2526 564 2622 633 qui
2683 568 3037 628 necessitatis
3077 579 3132 629 et
3184 573 3470 632 servitutis
3503 577 3717 635 ratione

390 628 482 696 ὡς
529 633 593 687 ἐν
632 633 795 708 δούλῃ
839 638 907 708 τῇ
951 635 1338 709 ἀνθρωπότητι
1389 639 1633 709 γεγονὼς
1670 641 1741 695 τὰ
1788 643 2011 698 τοιαύτά

2120 648 2377 717 adorant,
2409 652 2526 711 haec
2560 657 2655 721 ait,
2683 669 2943 731 tanquam
2979 663 3077 736 qui
3109 665 3165 723 in
3187 681 3348 722 serva
3367 667 3717 727 humanitate

302 780 311 787 .
394 745 589 799 (pnas;
621 727 687 780 Τί
730 728 842 799 γὰρ
884 723 989 800 ἦν,
1026 726 1148 783 εἰπέ
1188 747 1310 800 μοι,
1351 732 1412 786 τὸ
1461 732 1673 787 κωλύον
1719 735 1885 789 αὐτὸν

2117 741 2397 799 exsistat?
2458 745 2602 812 Quid
2653 751 2825 815 cnim,
2884 723 3107 827 quaeso,
3148 757 3482 829 impediebat
3533 760 3713 832 ipsum

390 824 611 876 οἰκεῖον
653 823 953 894 πρόσωπον
999 823 1224 878 ἐλκῦσαι
1267 826 1574 896 μοναδικῶς
1617 827 1718 900 τὴν
1765 829 2011 902 προσκύ-

2117 836 2418 903 quominus
2470 839 2539 893 ad
2574 857 2731 898 suam
2770 860 3067 915 personam
3104 849 3485 907 adorationem
3524 854 3715 925 singu-

389 930 586 985 νησιν,
610 916 660 969 εί
684 915 929 970 νοεῖσθαι
959 919 1094 990 παρ’
1117 920 1148 989 ἡ
1159 918 1276 990 μῶν
1299 919 1562 992 ἐπιθυμεῖ
1587 924 2010 995 προσκυνητήςς

2094 925 2313 1003 _lariter
2344 931 2694 1000 transferret,
2727 936 2773 992 si
2799 953 2832 992 ιι
2862 940 3026 997 nobis
3059 941 3320 999 adorator
3348 945 3565 1002 censeri
3595 915 3711 1001 v21-

394 1008 559 1062 Ἔδει
596 1009 706 1079 γὰρ
740 1009 944 1080 μᾶλλον
968 1012 1165 1064 εἰπεῖν’
1202 1031 1221 1064 ι
1264 1010 1408 1082 Ἐγὼ
1440 1013 1736 1084 προσκυνῶ
1763 1013 1792 1068 ὃ
1819 1010 1954 1080 οῖδα,
1983 1034 2004 1071 ι

2115 1016 2234 1073 let?
2272 1017 2580 1078 Dicendum
2611 1027 2760 1082 enim
2792 1037 2917 1085 erat
2946 1033 3155 1102 pctins,
3187 1053 3206 1086 ι
3236 1033 3348 1106 Ego
3367 1036 3540 1091 adoro
3562 1036 3710 1107 quod

391 1101 492 1154 ἵνα
522 1103 643 1167 τοῖς
682 1101 868 1168 ἄλλοις
900 1103 1243 1168 ἀσύντακτος
1266 1103 1365 1170 ὣν,
1411 1107 1496 1175 ἐφ’
1521 1104 1702 1178 ἐαυτῷ
1736 1106 1831 1161 καὶ
1863 1106 2011 1180 μόνῳ

2115 1110 2255 1177 scio,
2299 1130 2318 1163 ι
2357 1124 2419 1169 ιιι
2452 1131 2578 1172 cum
2606 1118 2665 1174 in
2703 1120 2940 1177 aliorum
2970 1139 3205 1180 numero
3242 1141 3354 1181 non
3387 1136 3556 1197 esset,
3604 1129 3709 1184 sibi

388 1193 501 1263 τὴν
548 1194 660 1249 τῶν
715 1195 1029 1267 εἰρημένων
1086 1197 1312 1270 ἁρπάσῃ
1372 1197 1625 1270 δύναμιν.
1678 1199 1817 1254 Νυνὶ
1863 1200 1922 1255 δέ
1949 1201 2009 1255 τὸ

2116 1204 2210 1259 uni
2241 1203 2349 1260 vim
2384 1207 2533 1266 illius
2584 1209 2722 1267 dicti
2763 1223 3073 1286 arrogaret.
3110 1214 3270 1274 Nunc
3327 1226 3539 1286 autem,
3590 1237 3710 1276 eam

397 1303 419 1336 ‹
481 1285 699 1357 Ἡμεῖς,
742 1306 762 1339 ›
796 1288 999 1360 ἄριστά
1025 1290 1086 1342 τέ
1119 1306 1255 1361 φησι
1298 1289 1394 1344 καὶ
1437 1290 1561 1344 λίαν
1608 1289 1891 1379 ἀσφαλῷς,
1934 1293 2012 1357 ὡς

2111 1310 2306 1352 vocem
2349 1310 2502 1357 recte
2532 1311 2587 1358 et
2636 1285 2943 1376 prudenter
2992 1318 3247 1381 usurpat,
3293 1319 3354 1366 ut
3407 1313 3520 1384 jam
3568 1314 3714 1370 inter

387 1377 455 1429 ἐν
500 1377 716 1442 δούλοις
763 1379 866 1452 ἢδη
908 1382 1392 1454 κατατεταγμένος
1442 1381 1532 1436 διὰ
1572 1383 1673 1455 τὴν
1718 1377 2008 1456 ἀνθρωπό-

2113 1403 2307 1446 servos
2349 1392 2678 1460 collocatus,
2713 1409 2941 1469 propter
2977 1377 3425 1473 humanitatem,
3454 1413 3511 1459 ut
3568 1405 3714 1461 inter

386 1489 560 1544 τητα,
586 1472 663 1538 ὡς
683 1475 799 1539 τοῖς
823 1472 1227 1547 προσκυνοῦσιν
1254 1475 1594 1548 ἐναρίθμιος,
1622 1475 1699 1539 ὡς
1732 1474 2007 1541 Ἰουδαίοις

2111 1481 2411 1542 adorantes
2436 1498 2782 1557 numeratus,
2822 1503 2881 1549 ut
2914 1496 3060 1551 inter
3087 1494 3332 1566 Judaeos,
3360 1506 3588 1569 propter
3616 1513 3707 1555 rc-

385 1566 485 1622 διὰ
514 1567 622 1639 τὴν
653 1566 864 1638 χώραν.
900 1586 907 1589 π
1858 1601 1865 1625 ι

731 1585 864 1638 ιραν.
900 1586 907 1589 "
1858 1601 1865 1625 ι
2109 1575 2352 1647 gionem.

481 1659 642 1717 Ἀλλ’
690 1661 930 1729 ἔρχεται
958 1659 1103 1730 ὥρα,
1132 1660 1231 1716 καὶ
1260 1661 1379 1716 νῦν
1408 1661 1598 1728 ἐστιν,
1625 1662 1725 1717 ὅτε
1765 1666 1819 1717 οὶ
1856 1662 2008 1731 ἀλη-

2186 1669 2341 1741 191,
2378 1671 2471 1738 ιν,
2505 1674 2598 1740 25,
2661 1675 2753 1732 24.
2798 1666 2918 1733 Βεά
2952 1681 3089 1734 venit
3123 1681 3277 1746 hora,
3316 1691 3365 1736 et
3417 1699 3557 1737 nunc
3604 1692 3705 1750 est,

389 1752 549 1807 θινοὶ
590 1753 1013 1822 προσκυνηταὶ
1051 1753 1561 1823 προσκυνήσουσι
1602 1752 1682 1821 τῷ
1721 1757 1904 1824 Harp!
1938 1757 2008 1810 ἐν

2108 1764 2322 1831 quando
2348 1766 2459 1820 veri
2493 1766 2804 1824 adoratores
2833 1771 3136 1827 adorabunt
3172 1772 3396 1828 Patrem
3424 1776 3480 1828 in
3512 1775 3707 1845 spiritu

388 1846 696 1916 πνεύματι
740 1847 843 1901 καὶ
878 1849 1153 1917 ἀληθείᾳ.
1203 1848 1316 1902 Kal
1347 1849 1460 1920 γὰρ
1507 1853 1540 1906 ό
1573 1850 1779 1920 Πατὴρ
1808 1850 2005 1905 τοιού-

2108 1860 2160 1907 et
2188 1856 2430 1914 veritate.
2460 1856 2606 1912 Nam
2627 1871 2679 1915 et
2712 1860 2879 1918 Pater
2912 1864 3045 1920 tales
3083 1868 3293 1936 quwrit,
3337 1867 3429 1936 qui
3481 1866 3708 1921 adorent

392 1956 544 2007 τους
590 1938 759 2009 ζητεῖ
786 1941 932 2010 τοὺς
969 1942 1474 2011 προσκυνοῦντας
1506 1947 1717 2001 αὐτόν.
1760 1942 2006 2014 Πνεῦμα

2108 1961 2247 2002 eum.
2281 1947 2516 2020 Spiritus
2542 1963 2619 2007 est
2646 1953 2786 2009 Deus
2808 1969 2829 2010 .'
2857 1966 2906 2011 et
2938 1973 3028 2012 eos
3057 1958 3147 2028 qui
3196 1952 3428 2013 adorant
3476 1976 3616 2027 eum,
3650 1961 3707 2015 in

402 2036 437 2088 ό
475 2033 633 2099 Θεὸς,
653 2033 755 2088 καὶ
800 2035 944 2100 τοὺς
985 2038 1489 2105 προσκυνοῦντας
1512 2038 1702 2094 αὐτὸν
1726 2039 1796 2093 ἐν
1819 2039 2006 2093 πνεύ-

2108 2039 2303 2109 spiritu
2335 2051 2386 2097 et
2419 2045 2639 2101 veritate
2664 2056 2868 2118 oportet
2899 2047 3152 2105 adorare.
3174 2049 3319 2105 Dicit
3345 2050 3393 2105 ei
3417 2051 3629 2106 mulier.

384 2140 539 2192 ματι
577 2126 679 2180 καὶ
727 2127 982 2196 ἀληθείᾳ
1014 2128 1112 2183 δεῖ
1135 2130 1524 2200 προσκυνεῖν.
1553 2131 1725 2204 Λέγει
1762 2132 1926 2199 αὐτῷ
1964 2132 2004 2202 ἠ

394 2217 578 2289 rmi-
1488 2236 1502 2254 κ
1960 2234 1963 2237 ·

464 2311 738 2382 Σημαίνει
771 2312 874 2385 μὲν
898 2314 999 2386 τῆς
1030 2314 1227 2370 ἑαυτοῦ
1261 2317 1570 2388 παρουσίας
1603 2319 1693 2373 τὸν
1727 2319 1828 2392 ἤδη
1863 2338 2007 2392 παρ-

2181 2310 2470 2382 Signiﬁcat
2523 2311 2793 2370 adventus
2850 2313 3076 2386 quidem
3141 2314 3229 2371 sui
3278 2314 3394 2385 jam
3455 2330 3704 2387 praasens

387 2418 524 2458 ταντα
577 2407 814 2478 καιρὸν,
854 2410 1477 2482 μετασκευασθήσεσθαι
1530 2410 1587 2465 δέ
1634 2412 1761 2477 τοὺς
1798 2411 2006 2480 τύπους

2107 2408 2349 2471 tempus,
2382 2402 2479 2457 sed
2507 2411 2779 2458 mutatmn
2812 2404 2881 2458 iri
2911 2405 3048 2460 dicit
3075 2404 3280 2477 figuras
3310 2407 3368 2462 in
3393 2408 3700 2477 veritatem,

388 2498 565 2568 φησὶν
594 2500 677 2565 είς
707 2499 990 2573 ἀλήθειαν,
1018 2503 1115 2558 καὶ
1154 2505 1254 2576 τὴν
1290 2504 1383 2560 τοῦ
1413 2505 1582 2576 νόμου
1611 2506 1771 2560 σκιὰν
1792 2508 1872 2571 είς
1904 2507 2004 2561 λα-

2131 2502 2161 2547 et
2193 2494 2331 2565 legis
2360 2496 2612 2551 umbram
2646 2498 2701 2551 in
2734 2498 2946 2552 cultum
3005 2498 3336 2568 spiritalem.
3389 2497 3494 2554 Per
3538 2514 3704 2555 evan—
3748 2506 3752 2515 '

386 2578 588 2664 τρείαν
638 2596 1043 2668 πνευματικήν.
1075 2596 1175 2651 Διὰ
1221 2597 1279 2652 δὲ
1328 2598 1430 2669 τῆς
1464 2596 1842 2672 ἐύαγγελικῆς
1876 2620 2005 2657 παι-

2104 2587 2337 2659 gelicam
2370 2596 2553 2644 autem
2586 2586 2943 2659 disciplinam
2972 2590 3273 2667 deductum
3306 2590 3375 2645 iri
3409 2592 3486 2645 ait
3510 2607 3700 2647 verum

388 2683 634 2749 δεύσεως
655 2686 737 2749 είς
770 2686 1070 2758 εὐάρεστον
1099 2686 1180 2759 τῷ
1203 2690 1381 2761 Πατρὶ
1418 2691 1697 2746 πολιτείαν
1736 2712 2004 2766 χειραγω·

2105 2681 2477 2749 adoratorem,
2527 2683 2580 2738 id
2611 2692 2697 2738 est
2738 2684 3046 2754 spiritalem
3080 2686 3383 2754 hominem,
3446 2686 3515 2741 ad
3566 2703 3701 2742 con-

386 2774 743 2847 γηθήσεσθαι
794 2777 946 2847 λέγει
997 2777 1092 2833 τὸν
1132 2779 1386 2851 ἀληθινὸν
1443 2784 1867 2856 προσκυνητὴν,
1910 2786 2003 2839 τὸν

2104 2775 2475 2831 versationem
2510 2774 2654 2831 Patri
2691 2777 3027 2847 placentem,
3049 2778 3259 2849 majore
3290 2779 3701 2849 quodammodo

386 2867 688 2941 ἄνθρωπον
711 2869 958 2941 δηλονότι
975 2871 1066 2925 τὸν
1088 2874 1483 2944 πνευματικὸν,
1515 2876 1863 2949 ἑτοιμότερόν
1883 2896 2002 2943 πως

2105 2867 2289 2922 studio
2330 2867 2395 2922 ad
2452 2869 2903 2939 conjunctionem
2954 2884 3080 2923 cum
3140 2870 3251 2926 Deo
3316 2870 3695 2928 festinantem.

387 2961 474 3026 εἰς
508 2961 821 3035 οἰκειότητα
842 2964 1107 3036 τρέχοντα
1135 2983 1252 3030 πως
1292 2967 1393 3038 τὴν
1423 2966 1559 3039 πρὸς
1592 2967 1745 3022 Θεόν.
1774 2970 2002 3041 Πνεῦμα

2106 2956 2347 3029 Spiritus
2380 2957 2526 3014 enim
2568 2958 2712 3016 Deus
2747 2960 3079 3031 intelligitur
3103 2962 3148 3016 si
3180 2975 3305 3016 cum
3340 2972 3537 3017 natura
3575 2978 3700 3018 cor-

387 3053 503 3126 γὰρ
525 3056 555 3108 δ
580 3054 736 3123 Θεὸς,
768 3054 846 3120 ὡς
889 3056 1026 3128 πρὸς
1057 3055 1313 3129 σώματος
1341 3063 1545 3114 νοεῖται
1576 3059 1738 3131 φύσιν
1761 3076 1774 3088 '
1803 3063 1891 3116 διὰ
1918 3080 2001 3117 τοι

2102 3052 2255 3124 poris
2282 3061 2655 3123 comparetur,
2699 3053 3040 3131 proindeque
3073 3054 3403 3126 spiritalem
3434 3056 3696 3112 adorato-

384 3124 553 3199 τοῧτο
584 3145 812 3210 δικαίως
861 3124 953 3201 τὸν
999 3124 1371 3219 πνευματικὸν
1398 3124 1725 3222 ἀποδέγεται
1764 3138 2000 3225 προσκυ-

2103 3158 2219 3200 rem
2248 3144 2468 3214 probat,
2501 3140 2611 3199 non
2640 3145 2734 3216 qui
2763 3124 2982 3215 piet'atis
3014 3145 3249 3202 formam
3276 3146 3511 3205 Judaico
3542 3164 3698 3205 more

385 3241 564 3312 νητὴν
588 3281 603 3305 ,
630 3240 735 3295 οὐκ
765 3242 825 3294 ἐν
880 3241 1163 3313 μορφώσει
1221 3244 1316 3296 καὶ⁵
1347 3242 1540 3309 τύποις
1585 3244 1858 3318 φοροῦντα
1896 3247 1996 3319 τῆς

2105 3235 2158 3289 in
2188 3234 2379 3306 ﬁguris
2406 3245 2460 3292 et
2488 3237 2633 3309 typis
2664 3236 2828 3308 ferat,
2875 3238 2971 3293 sed
3001 3240 3096 3311 qui
3131 3241 3418 3311 prmelaris
3464 3241 3696 3299 virtutis

388 3331 681 3397 εὐσεϐείας
734 3333 833 3405 τὴν
867 3334 1149 3405 μόρφωσιν
1194 3336 1506 3403 Ἰουδαϊκῶς
1530 3382 1545 3404 ,
1574 3339 1710 3394 ἀλλὰ
1740 3344 1854 3404 τοῖς
1899 3342 1996 3413 μὲν

2099 3328 2359 3396 cperibus
2383 3330 2539 3399 juxta
2577 3344 2786 3387 morem
2819 3333 3200 3405 evangelicum
3234 3335 3582 3406 praefulgeat,
3640 3346 3696 3394 ct

387 3423 452 3488 ἐξ
479 3425 687 3496 ἀρετῆς
721 3424 1146 3498 κατορθώμασιν
1180 3427 1558 3497 εύαγγελικῶς
1596 3429 1994 3505 διαλάμποντα,

2099 3428 2252 3478 recta
2300 3423 2615 3478 divinorum
2644 3423 2965 3496 dogmatum
3018 3425 3236 3483 ratione
3279 3442 3467 3483 veram
3505 3429 3693 3497 utique

388 3520 457 3590 τῇ
494 3518 553 3572 δὲ
579 3518 692 3571 τῶν
715 3518 876 3572 θείων
899 3517 1188 3591 δογμάτων
1217 3519 1470 3592 ὀρθότητι
1493 3521 1592 3593 τὴν
1619 3520 1790 3587 ὅντως
1818 3522 1998 3596 ἀληθῆ

1106 3537 1188 3574 λων
1217 3519 1470 3592 ὀρθότητι
1493 3521 1592 3593 τὴν
1619 3520 1790 3587 ὅντως
1818 3522 1998 3596 ἀληθῆ
2100 3517 2479 3573 adorationem
2516 3517 2727 3590 implet.

390 3610 713 3682 πληροῦντα
743 3610 1144 3683 προσκύνησιν.

457 3704 724 3776 Οἴδαμεν
750 3704 840 3759 ὅτι
866 3705 1144 3771 Μεσσίας
1163 3706 1398 3775 ἔρχεται
1428 3711 1462 3760 ό
1487 3709 1817 3779 λεγόμενος
1860 3710 1997 3778 Χρι-

2171 3697 2261 3765 ιν,
2289 3700 2381 3755 ‘25.
2412 3698 2622 3755 Scimus
2651 3701 2777 3771 quia
2813 3698 3046 3757 Messias
3076 3703 3249 3769 venit,
3311 3704 3403 3775 qui
3490 3703 3697 3758 dicitur

391 3799 561 3866 στός.
582 3798 774 3854 Ὅταν
800 3797 951 3869 ἔλθῃ
976 3797 1233 3871 ἐκεῖνος,
1254 3799 1581 3871 ἀναγγελεῖ
1605 3802 1751 3871 ἡμῖν
1775 3801 1996 3855 πάντα.

2100 3791 2368 3848 Christus.
2439 3791 2575 3848 Cum
2630 3795 2831 3848 venerit
2895 3793 3022 3860 ille,
3074 3787 3450 3850 'annuntiabit
3539 3795 3696 3853 nobis

1502 3894 1503 3903 η
2099 3884 2300 3938 omnia.

463 3982 642 4054 Ὥραν
671 3979 963 4050 ἀφίξεσθαι
994 3979 1090 4035 καὶ
1128 3978 1341 4053 καιρὸν,
1377 3979 1582 4049 μᾶλλον
1609 3980 1666 4034 δὲ
1715 3981 1816 4055 ἤδη
1860 4000 2002 4055 παρ-

2171 3974 2415 4031 Docente
2441 3974 2667 4031 Christo
2701 3975 2893 4031 horam
2924 3977 3118 4034 adfore
3173 3986 3228 4034 et
3286 3986 3528 4049 tempus,
3582 3978 3696 4033 imo

391 4077 554 4142 εῖναι,
577 4074 927 4139 διδάσκοντος
974 4071 1070 4128 τοῦ
1110 4071 1353 4146 Χριστοῦ
1375 4113 1391 4139 ,
1431 4072 1555 4128 καθ’
1587 4073 1646 4128 ὃν
1668 4076 1719 4129 οἱ
1754 4075 2000 4146 ἀληθινοὶ

2094 4070 2206 4141 jam
2235 4068 2453 4134 adesse,
2481 4056 2594 4141 quo
2620 4070 2735 4126 veri
2770 4071 3097 4128 adoratores
3138 4073 3444 4144 spiritalem
3482 4057 3704 4129 cultum.

392 4166 777 4238 προσκυνηταὶ
813 4165 914 4235 τὴν
944 4165 1003 4217 ἐν
1032 4163 1310 4235 πνεύματι
1351 4164 1609 4238 λατρείαν
1643 4166 1999 4238 προσοίσουσι

2099 4163 2344 4222 oblaturi
2374 4171 2534 4219 erant
2558 4162 2666 4218 Deo
2696 4179 2761 4218 ac
2792 4163 2969 4229 Patri,
2994 4165 3196 4219 mulier
3239 4165 3535 4221 confestim
3593 4181 3695 4221 co-

393 4253 470 4326 τῷ
507 4254 629 4327 Θεῷ
671 4254 767 4308 καὶ
812 4254 1011 4326 Πατρὶ,
1046 4253 1395 4328 παραχρῆμα
1419 4253 1482 4310 τὺ
1518 4254 1741 4322 γύναιον
1783 4260 1865 4323 εἰς
1900 4258 1998 4331 τὴν

2098 4253 2459 4330 gitationibus
2481 4254 2625 4311 elata
2653 4254 2879 4325 ingenio
2910 4270 3016 4309 suo
3050 4254 3357 4323 majoribus
3409 4255 3475 4309 ad
3536 4267 3694 4324 spem

393 4347 736 4421 λαλουμένην
769 4349 925 4422 παρὰ
970 4351 1083 4416 τοῖς
1139 4350 1415 4414 Ἰουδαίοις
1469 4349 1665 4405 ἐλπίδα
1708 4353 1822 4414 τοῖς
1856 4351 1999 4423 ὑπὲρ

2099 4350 2281 4407 evolat
2317 4348 2526 4406 Judaeis
2556 4349 2959 4419 pervulgatam.
2994 4347 3297 4403 Proﬁtetur
3329 4357 3510 4403 autem
3550 4349 3696 4405 scire

395 4437 504 4513 ἕξιν
530 4444 739 4498 ἀναπτε
751 4442 938 4514 ροῦται
966 4444 1253 4515 νοήμασιν.
1283 4442 1499 4507 Είδέναι
1526 4442 1583 4495 δὲ
1614 4443 1706 4499 τὸν
1725 4443 1993 4509 Μεσσίαν,

2101 4460 2161 4501 se
2187 4454 2483 4499 venturum
2527 4442 2786 4500 Messiam
2831 4458 2935 4499 suo
2965 4451 3255 4516 tempore;
3295 4442 3392 4497 sed
3448 4457 3589 4513 quas
3622 4443 3694 4499 ob

392 4539 465 4601 ὠς
493 4536 616 4610 ἥξει
663 4536 806 4591 κατὰ
835 4537 1029 4608 καιρὸν
1074 4538 1272 4591 οἰκεῖον
1307 4536 1583 4607 ὁμολογεῖ,
1620 4538 1715 4592 καὶ
1744 4538 1862 4611 ἥξει
1897 4538 1997 4610 μὲν

2101 4549 2193 4592 res
2223 4546 2490 4590 venturus
2525 4535 2621 4599 sit,
2668 4534 2862 4606 utique
2905 4550 3019 4591 non
3075 4535 3178 4600 ait,
3236 4551 3362 4590 cum
3418 4534 3487 4590 de
3520 4548 3587 4590 eo
3634 4542 3697 4589 ut

392 4596 486 4683 ιτὲι
517 4596 702 4695 τίσιν,
730 4596 979 4699 ἁκριϐιῖίς
1019 4624 1080 4681 οὔ
1132 4644 1302 4698 φησιν
1321 4596 1844 4699 ,’ἀπεριεργάστόυς
1869 4596 1995 4693 ,ιὼς

2074 4622 2339 4692 ‘videtur,
2376 4624 2635 4683 rumores
2664 4628 2857 4684 nescio
2889 4642 3030 4701 quos
3082 4627 3411 4696 accepisset,
3460 4626 3695 4680 maxime

391 4722 558 4790 ἔοικε,
599 4722 726 4786 τοὺς
759 4721 851 4775 ἐπ’
882 4721 1034 4792 αὐτῷ
1078 4721 1432 4791 λαμϐάνουσα
1471 4719 1756 4795 θρύλλους,
1798 4722 1896 4776 ἆτε
1927 4720 1992 4794 δὴ

2105 4738 2227 4779 cum
2261 4722 2560 4792 voluptatis
2582 4721 2891 4792 carnisque
2917 4718 3105 4775 studio
3130 4720 3429 4775 duceretur
3452 4718 3651 4773 mulier
3677 4738 3692 4774 :
3720 4748 3726 4757 η

393 4815 691 4888 φιλόγελώς
705 4834 764 4870 τε
805 4817 899 4872 καὶ
924 4817 1113 4885 φιλοσα
1123 4815 1329 4887 ρκοῦσα
1346 4815 1483 4887 γυνή
1505 4830 1520 4846 ⁸
1540 4816 1602 4869 οὐ
1627 4815 1734 4888 μὴν
1754 4815 1993 4888 ἠγνόησε

2099 4831 2211 4873 non
2251 4823 2437 4870 tamen
2474 4800 2694 4884 penitus
2729 4812 3046 4884 ignoravit:
3081 4822 3217 4882 puta
3245 4827 3366 4882 quae
3399 4812 3571 4867 sciret
3598 4827 3695 4882 po-

391 4909 697 4973 παντελῶς,
742 4908 819 4974 ὼς
870 4909 1236 4979 ἀστειοτέρων
1292 4908 1638 4981 μαθημάτων
1689 4909 1995 4981 εἰσηγητὴς

2097 4910 2261 4965 tioris
2282 4908 2548 4965 doctrinae
2571 4908 2898 4978 magistrum
2917 4905 3107 4985 Israeli
3151 4903 3499 4971 adfuturum,
3519 4902 3689 4975 idque

392 5003 487 5058 ἐπὶ
509 5002 605 5058 τὸν
643 5002 860 5075 Ἰσραὴλ
880 5001 1350 5073 ἁναδειχθήσεται,
1375 5001 1469 5054 καὶ
1491 5001 1649 5055 τοῦτο
1669 5001 1734 5073 δὴ
1771 5001 1992 5065 πάντως

1803 5001 1992 5065 ιάντως
2099 5003 2157 5059 in
2192 5001 2263 5058 iis
2291 5015 2415 5072 quae
2454 4999 2662 5069 scripta
2692 5004 2853 5054 erant
2876 4996 2946 5053 de
2976 4996 3100 5067 ipso
3128 4996 3424 5053 inveniret.

392 5097 449 5149 ἐν
476 5096 590 5159 τοῖς
619 5096 750 5167 περὶ
773 5093 939 5148 αὐτοῦ
968 5094 1151 5164 λόγοις
1181 5094 1533 5165 εύρίσκουσα.

460 5186 635 5258 Λέγει
658 5185 818 5257 αὐτῇ
844 5190 877 5242 ό
926 5186 1169 5256 Ἰησοῦς
1196 5204 1211 5218 ο
1254 5185 1397 5257 Ἐγώ
1423 5189 1543 5257 ειμι
1567 5189 1600 5241 ό
1630 5186 1841 5242 λαλῶν
1868 5204 1988 5243 σοι.

2169 5179 2267 5246 1V,
2308 5167 2401 5236 26:
2452 5176 2592 5232 Dicit
2633 5175 2684 5231 ei
2739 5172 2900 5230 Iesus
2939 5189 2959 5230 :
3015 5173 3132 5247 Ego
3186 5190 3306 5231 sum
3361 5174 3453 5247 qui
3509 5174 3695 5246 loquor

1565 5326 1573 5334 .
2102 5283 2297 5330 tecum.

455 5365 539 5421 .ού
571 5367 696 5428 ταῖς
741 5344 1093 5428 ἀπαιδεύτοις
1128 5363 1350 5435 ψυχαῖς,
1386 5362 1419 5436 ἢ
1456 5362 1550 5416 καὶ
1584 5346 1823 5434 ἀμαθέσι
1855 5382 1994 5419 παν-

2170 5363 2431 5421 Christus
2472 5352 2718 5436 seipsrim
2758 5361 2993 5422 rudibus
3047 5368 3105 5417 et
3163 5357 3435 5432 imperitis
3491 5354 3694 5412 animis

389 5456 562 5520 τελῶς
608 5456 806 5510 ἑαυτὸν
861 5434 1237 5509 ἀνακαλύπτειν
1284 5434 1538 5527 Χριστὸς,
1589 5455 1707 5510 ἀλλ’
1753 5456 1994 5521 ἐκείναις

2098 5452 2251 5514 haud
2291 5434 2537 5528 prorsus.
2559 5455 2788 5523 revelat,
2826 5454 2923 5512 sed
2977 5454 3088 5510 illis
3137 5451 3381 5508 maxime
3414 5449 3595 5504 lucem
3638 5455 3695 5503 et

391 5551 599 5625 μᾶλλον
627 5550 935 5622 ἐπιλάμπει
984 5551 1081 5605 xal.
1131 5549 1406 5620 φαίνεται,
1438 5550 1604 5621 αἴπερ
1645 5548 1712 5602 ἂν
1752 5544 1862 5604 εἷεν
1890 5549 1993 5623 ἤδη

2101 5542 2472 5623 cognitionem
2497 5547 2982 5620 infundit,quibus
3004 5545 3073 5601 ad
3098 5542 3419 5601 discendum
3446 5538 3712 5596 studium-

388 5644 530 5716 πρὸς
561 5642 625 5697 τὸ
678 5640 965 5714 βούλεσθαί
1008 5659 1063 5695 τι
1107 5641 1300 5713 μαθεῖν
1349 5641 1716 5716 ἐτοιμότεραι,
1752 5641 1848 5696 καὶ
1891 5641 1995 5712 τῆς

2073 5632 2189 5702 est
2228 5643 2494 5707 alacrius,
2531 5650 2589 5698 et
2640 5642 2734 5713 qui
2775 5639 3126 5711 simplicibus
3183 5633 3543 5691 sermonibus
3585 5632 3694 5687 ini-

389 5710 634 5800 πίστεως
655 5710 759 5807 τὴν
789 5733 965 5807 ἀρχὴν
995 5735 1053 5788 ἐν
1078 5710 1272 5799 animi;
1307 5710 1820 5804 ὠδίνουσαιῖόγοις,
1853 5710 1993 5806 πρδς

2103 5739 2245 5794 tium
2277 5736 2406 5793 ﬁdei
2444 5736 2603 5808 192
2638 5710 2922 5808 parientes
2950 5730 3019 5787 ad
3053 5728 3452 5802 perfectiorum
3503 5727 3697 5798 cogni-

383 5828 495 5901 τὴν
517 5828 629 5883 τῶν
659 5827 1011 5900 τελειοτέρων
1050 5827 1361 5897 ἐπείγονται
1391 5827 1615 5899 γνῶσιν.
1641 5828 1878 5902 Τοιαύτη
1904 5847 1993 5895 τις

2101 5832 2310 5889 tionem
2337 5827 2651 5886 enituntur.
2684 5825 2873 5881 Talem
2903 5839 2965 5881 se
2993 5821 3157 5878 nobis
3178 5819 3403 5878 exhibet
3449 5817 3696 5875 Samari-

389 5923 527 5995 ἡμῖν
560 5922 657 5981 καὶ
702 5923 740 5997 ἡ
766 5922 1101 6006 Σαμαρεῖτις
1142 5922 1428 5999 ἀνεδείχθη
1483 5922 1643 5999 γυνὴ,
1680 5922 1989 6001 παχύτερον

2100 5934 2403 5997 ιςιιιοίιιιιαι
2428 5920 2678 5980 crassius
2703 5919 2925 5992 quidem
2984 5930 3149 5991 quam
3201 5929 3301 5988 par
3335 5921 3458 5972 erat
3501 5912 3689 5973 divina
