4106 6560
449 381 555 440 515

1410 378 1468 435 S.
1501 324 1780 439 εὶιιιιιλ
1816 372 2286 437 ΑιεχΑΝῡιιιΝι
2327 371 2653 459 ARCIIIEP.

3590 360 3720 439 ’tts

451 499 788 573 theoremata
828 495 1161 567 consideret,
1196 495 1246 555 ei
1269 503 1453 552 tamen
1490 496 1745 553 voluntas
1792 510 1902 548 non
1938 493 2030 548 de-

2151 492 2255 556 ιὲν,
2274 491 2418 563 ἥπερ
2444 492 2632 564 ἐχρῆν,
2659 492 2767 557 τοῖς
2796 491 2967 573 ὅντως
2988 492 3155 560 θείοις
3183 495 3564 573 προσϐαλοῦσα
3590 500 3717 557 θεω-

453 588 580 656 ῐυὶι,
628 602 729 643 nec
769 585 1105 659 intelligendi
1151 586 1336 643 studio
1363 587 1524 660 plane
1561 587 1763 643 caruit.
1787 585 2030 667 Primum

451 678 603 735 enim
636 677 859 734 Christo
890 689 1079 757 potum
1112 679 1318 755 petenti
1353 695 1464 734 non
1490 681 1757 757 continuo
1790 677 2029 750 praebet:

457 771 553 826 sed
591 784 716 826 cum
782 754 1027 836 videret,
1082 782 1348 841 quantum
1420 754 1660 839 humano
1708 754 1875 851 more
1925 770 2035 827 dici

456 870 657 937 potest,
715 879 839 919 eum
896 864 1106 935 patrias
1163 871 1499 920 evertentem
1561 864 2032 930 consuetudines,

458 957 915 1026 transgressionis
956 957 1110 1026 prius
1134 958 1391 1027 quaesivit
1423 956 1715 1021 rationem.
1753 956 1859 1013 hac
1887 957 2039 1013 velut
2070 970 2077 974 '

457 1047 831 1102 admonitione
851 1046 1144 1115 Dominum
1176 1047 1245 1101 ad
1272 1047 1323 1103 id
1347 1048 1736 1116 explicandum
1767 1047 2033 1103 invitans.

457 1136 564 1207 Qui
598 1140 657 1194 lit
688 1142 859 1206 enim,
897 1141 1094 1210 inquit,
1122 1149 1182 1195 ut
1214 1149 1295 1205 tu,
1327 1124 1553 1205 Judacus
1583 1156 1709 1197 cum
1745 1141 1846 1205 sis,
1881 1126 1927 1195 a'
1952 1154 2038 1197 me

390 1242 397 1249 '
457 1242 647 1305 potum
673 1219 891 1304 quaeras
924 1230 1274 1299 Samaritana
1314 1233 1584 1290 muliere?
1606 1218 1956 1299 Cum'autem‘
1982 1231 2038 1287 in

459 1325 733 1385 sermonis
762 1339 1057 1395 progressu
1088 1325 1409 1400 prophetam
1447 1341 1572 1383 esse
1605 1308 1828 1396 quoque
1866 1323 2040 1403 conﬁ-

459 1423 691 1480 teretur,
721 1416 967 1471 salutare
1014 1415 1120 1469 sibi
1157 1416 1517 1487 pharmacum
1572 1415 1851 1488 arguendo
1884 1429 2038 1471 com-

459 1519 694 1575 parans,
738 1505 885 1559 aliud
916 1504 1232 1561 sciscitatur
1288 1505 1537 1561 discendi
1592 1505 1888 1571 desiderio,
1952 1504 2041 1561 his

462 1595 644 1655 verbis
678 1611 694 1651 :
732 1614 751 1648 ι
795 1595 988 1652 Patres
1035 1598 1210 1653 nostri
1253 1597 1308 1671 in
1341 1607 1527 1653 monte
1576 1598 1681 1653 hoc
1712 1596 2038 1664 adorarunt,

461 1696 516 1742 et
540 1702 639 1742 vos
681 1686 868 1743 dicitis
908 1702 1033 1744 esse
1076 1688 1253 1743 locum
1282 1686 1664 1759 Jerosolymis,
1707 1689 1761 1744 in
1797 1704 1906 1759 quo
1947 1687 2044 1745 ad—

461 1791 624 1832 orare
665 1785 900 1847 oportet.
964 1796 984 1831 ›
1042 1775 1150 1832 Sed
1211 1792 1434 1833 rursum
1491 1777 1687 1833 didicit
1748 1786 2041 1851 venturqu

461 1867 811 1940 quandoque,
855 1868 967 1923 imo
991 1883 1125 1923 vero
1150 1867 1264 1939 jam
1291 1869 1488 1924 adesse
1521 1876 1760 1937 tempus,
1790 1882 1902 1939 quo
1927 1868 2044 1941 veri

463 1958 785 2015 adoratores
818 1974 930 2015 non
986 1960 1226 2030 amplius
1263 1963 1318 2014 in
1348 1959 1586 2015 terrenis
1629 1960 1909 2014 montibus
1947 1958 2046 2014 ad-

463 2051 675 2107 oraturi
707 2058 859 2114 sunt,
877 2051 971 2107 sed
996 2052 1245 2107 altiorem
1268 2059 1323 2107 et
1349 2050 1651 2120 spiritalem
1681 2050 1792 2105 Deo
1818 2059 1871 2106 et
1898 2048 2047 2105 Patri

464 2144 673 2206 cultum
701 2143 956 2199 delaturi.
990 2141 1088 2197 Illa
1121 2158 1251 2199 vero
1282 2142 1376 2197 unl
1403 2141 1625 2197 Christo
1660 2156 1963 2221 congruere
1993 2143 2048 2198 id

463 2236 673 2313 optime
711 2241 986 2309 statuens,
1036 2240 1091 2289 et
1142 2233 1427 2290 meliorem
1467 2220 1840 2305 cognitionem
1900 2233 2049 2289 illius

467 2328 809 2401 temporibus
856 2326 1169 2383 atlribuens
1213 2344 1227 2380 :
1268 2343 1288 2378 ι
1347 2323 1603 2393 Scimus,
1642 2325 1867 2394 inquit,
1918 2326 2050 2407 quia

469 2418 702 2475 Messias
735 2419 902 2499 venit,
937 2419 1030 2490 qui
1063 2416 1270 2498 dicitur
1326 2415 1604 2481 Christus.
1664 2415 1800 2472 Cum
1838 2417 2051 2477 venerit

467 2511 580 2573 ille.
611 2510 961 2567 annuntiabit
990 2510 1149 2564 nobis
1179 2509 1385 2563 omnia.
1424 2527 1445 2560 ι
1498 2506 1690 2564 Cernis
1744 2523 1852 2580 quo
1891 2517 2050 2580 pacto

464 2601 578 2671 jam
602 2610 856 2672 prompta
886 2609 970 2657 est
999 2600 1067 2654 ad
1101 2599 1437 2657 credendum
1468 2599 1816 2665 muliercula,
1846 2607 1900 2655 et
1928 2600 2053 2671 qui-

469 2690 699 2763 busdam
728 2690 887 2761 quasi
917 2676 1180 2762 gradibus
1231 2704 1297 2747 ex
1330 2687 1518 2760 parvis
1548 2674 1953 2759 quaestionibus
1983 2687 2052 2743 ad

472 2782 848 2840 sublimiorem
870 2790 1074 2838 statum
1092 2781 1313 2855 demum
1340 2781 1580 2852 prosilit.
1609 2781 1799 2850 Operae
1812 2781 2050 2850 pretium

468 2883 590 2932 erat
621 2875 788 2949 igitur
834 2884 894 2932 ut
954 2876 1003 2954 ei
1059 2876 1411 2946 planioribus
1469 2874 1702 2931 vocibus
1750 2874 2055 2944 explicaret

373 3000 393 3019 κ
470 2967 619 3039 quod
653 2967 892 3039 petebat,
947 2974 1002 3027 et
1047 2967 1195 3039 quod
1245 2966 1300 3022 in
1356 2967 1563 3035 optima
1601 2980 1697 3035 spe
1750 2963 2053 3039 repositum

468 3067 611 3125 t-rat,
652 3060 724 3116 ob
756 3060 951 3119 oculos
1004 3060 1056 3116 ei
1109 3066 1342 3132 poneret
1387 3057 1663 3136 dicendo:
1705 3076 1725 3111 ι
1769 3054 1883 3126 Ego
1931 3069 2052 3111 sum

468 3151 566 3221 qui
602 3150 801 3222 loquor
835 3157 1039 3206 tecum.
1079 3166 1100 3200 ι
1136 3148 1219 3203 11ιὶ
1266 3162 1401 3219 ergo
1455 3147 1659 3218 quibus
1708 3145 1945 3202 docendi
1997 3144 2053 3200 in

475 3241 724 3303 ecclesiis
775 3255 911 3296 cura
938 3250 1022 3296 est
1064 3234 1404 3306 concredita,
1450 3240 1748 3312 neophytis
1777 3234 2054 3294 ruminari

474 3330 666 3388 sinant
696 3331 1005 3387 doctrinam
1034 3332 1593 3404 catecheseos,atque
1620 3331 1694 3386 ita
1730 3329 1951 3387 demum
1976 3329 2059 3386 eis

474 3424 661 3482 Iesum
704 3425 1023 3492 ostendant,
1053 3440 1083 3481 a
1124 3426 1310 3496 parvis
1346 3426 1525 3481 initiis
1561 3424 1630 3480 ad
1677 3422 2060 3497 perfectiOrem

478 3517 603 3572 lidei
631 3510 1005 3587 cegnitionem
1033 3532 1128 3573 eos
1158 3517 1479 3575 evehentes.
1513 3516 1621 3584 Qui
1648 3526 1833 3572 autem
1868 3515 2062 3571 alieni-

472 3623 672 3680 genam
708 3607 958 3679 adeoque
1008 3610 1351 3682 proselytum
1404 3611 1651 3689 rapiunt,
1697 3616 1752 3663 et
1782 3608 1841 3663 in
1879 3606 2063 3663 taber-

476 3700 736 3755 naculum
785 3699 1019 3758 interius
1074 3700 1340 3769 inferunt,
1388 3702 1673 3772 illotisque
1706 3700 1887 3755 adhuc
1940 3713 2059 3754 ma-

480 3791 642 3848 nibus
662 3808 864 3865 agnum
893 3794 1205 3852 sacrificare
1230 3795 1581 3866 permittunt,
1604 3800 1772 3864 atque
1796 3793 2061 3866 dignitate

478 3884 810 3959 sacerdotali
846 3887 1090 3943 nondum
1136 3888 1192 3943 in
1221 3888 1330 3949 (ide
1356 3886 1635 3949 eruditum
1668 3872 1957 3953 cpt-Onam,
1991 3872 2060 3944 ad

366 4048 373 4053 _
476 3988 705 4049 magnas
762 3977 1011 4049 rationes
1042 3978 1354 4043 reddendas
1389 3976 1565 4047 indie
1588 3975 1785 4047 judicii
1819 3984 1893 4034 se‘
1918 3993 2060 4063 prae-

480 4075 693 4139 parent.
726 4065 842 4123 Hoc
870 4069 1016 4125 enim
1046 4070 1181 4126 mihi
1210 4071 1296 4125 vel
1322 4069 1534 4133 dixisse
1561 4071 1700 4126 satis
1734 4077 1842 4126 est.

2080 3198 2123 3257 C

2135 583 2396 658 ρήμασιν,
2433 582 2493 649 οὑ
2536 583 2644 655 μὴν
2674 581 2769 639 τοῦ
2817 572 3101 667 βούλεσθαί
3129 603 3184 641 τι
3223 572 3319 643 καὶ
3357 590 3499 644 νοεῖν
3529 589 3719 667 ἐξῳκι-

2137 671 2311 743 σμένη
2346 671 2643 737 παντελῶς.
2668 666 2892 745 Πρῶτον
2926 674 3028 747 μὲν
3050 675 3160 749 γὰρ
3181 677 3466 749 αἰτήσαντι
3497 681 3575 752 τῷ
3590 666 3722 756 Χρι-

2138 759 2336 832 στῷτὺ
2388 762 2572 829 ποτὸν,
2609 763 2916 836 προχείρως
2942 766 3005 819 οὑ
3048 766 3232 822 δίδωσι
3251 785 3265 799 ο
3297 756 3643 842 παραλύοντα
3662 773 3721 828 δέ

2137 869 2275 916 πως,
2308 853 2430 906 ὅσον
2459 847 2595 924 ἧκεν
2637 853 2996 926 ἀνθρωπίνως
3025 848 3231 924 εἰπεῖν,
3264 859 3364 924 τὰς
3396 849 3725 935 ἐπιχωρίους

2136 942 2246 997 τῶν
2308 940 2575 998 Ἰουδαίων
2635 945 2925 1014 συνηθείας
2975 947 3393 1023 καταθεωμένη,
3440 942 3568 1019 τοὺς
3625 953 3729 1026 τῆς

2139 1036 2505 1109 παραϐάσεως
2533 1036 2930 1111 προσανεζήτει
2951 1039 3163 1109 λόγους,
3198 1046 3481 1117 μονονουχὶ
3512 1045 3602 1111 διὰ
3627 1048 3731 1120 τῆς

2139 1129 2503 1201 ὑπομνήσεως
2532 1131 2611 1195 είς
2638 1129 2899 1201 ἐξήγησιν
2931 1132 3170 1188 καλοῦσα
3216 1135 3308 1189 τὸν
3351 1137 3578 1210 Κύριον.
3602 1140 3732 1205 Πῶς

2140 1225 2249 1294 γὰρ
2268 1223 2352 1288 σὺ,
2388 1222 2573 1291 φησὶν,
2625 1222 2879 1289 Ἰουδαῖος
2910 1223 2986 1279 ὣν
3015 1227 3146 1298 παρ’
3176 1225 3315 1296 ἐμοῦ
3356 1214 3731 1296 πιεῖνάίτεῖς,

2140 1310 2398 1380 γυναικὸς
2448 1311 2836 1384 Σαμαρείτιδος
2888 1312 3091 1387 οὑσης;
3131 1316 3352 1389 Ἐπειδὴ
3400 1316 3457 1385 δέ
3488 1318 3584 1373 τοῦ
3627 1318 3736 1390 τῆς

2142 1406 2498 1477 κατηχήσεως
2523 1405 2806 1477 προίόντος
2825 1406 3013 1476 λόγου,
3034 1409 3132 1463 καὶ⁷
3153 1412 3440 1483 προφήτην
3460 1411 3737 1483 ὡμολόγει

2143 1490 2282 1549 εῖναι
2317 1495 2537 1561 λοιπὸν,
2567 1496 2861 1569 φάρμακον
2909 1499 2989 1563 είς
3039 1500 3317 1571 σωτηρίαν
3364 1500 3608 1557 λαϐοῦσα
3640 1502 3737 1557 τὸν

2144 1585 2386 1663 ἔλεγχον,
2418 1585 2615 1659 ἑτέραν
2660 1587 2810 1661 αὑτῷ
2860 1591 3104 1662 προσῆγε
3141 1591 3242 1661 τὴν
3277 1589 3470 1646 πεῦσιν
3499 1592 3739 1662 λέγουσα

2147 1677 2490 1751 φιλομαθῶςο
2534 1697 2552 1730 t
2595 1679 2658 1733 Οἱ
2715 1679 2954 1751 πατέρες
2992 1681 3148 1752 ἡμῶν
3187 1683 3245 1736 ἐν
3289 1682 3368 1755 τῷ
3411 1682 3528 1755 ὄρει
3564 1683 3740 1755 τούτῳ

2147 1767 2582 1841 προσεκύνησαν,
2611 1770 2706 1823 καὶ
2732 1771 2886 1841 ὑμεῖς
2910 1770 3120 1840 λέγετε,
3156 1772 3237 1827 ὅτι
3270 1771 3740 1845 ἐνίεροσολύμοις

2148 1862 2294 1939 ἐστὶν
2318 1860 2347 1913 6
2371 1860 2557 1927 τόπος,
2587 1862 2720 1915 ὅπου
2740 1865 3063 1927 προσκυνεῖν
3094 1864 3192 1917 δεῖ.
3209 1883 3227 1917 ι
3270 1862 3410 1939 Ἀλλ’
3425 1865 3745 1921 ἐδιδάσκετο

2146 1932 2305 2007 τοῦτο
2334 1954 2516 2019 πάλιν,
2556 1954 2632 2018 ὡς
2663 1953 2784 2025 ἥξει
2804 1956 2965 2021 ποτὲ,
3004 1956 3208 2027 μᾶλλον
3240 1957 3297 2011 δὲ
3324 1936 3426 2031 ήδη
3468 1957 3745 2030 πάρεστιν

2148 2047 2177 2101 6
2216 2046 2442 2119 καιρὸς.
2483 2045 2605 2103 καθ’
2652 2046 2711 2102 ὃν
2762 2048 2812 2100 οἱ
2863 2047 3108 2117 ἀληθινοὶ
3152 2050 3532 2121 προσκυνηταὶ
3568 2049 3631 2103 τὸ
3678 2050 3745 2105 ἐν

2148 2136 2300 2210 ὄρεσι
2349 2138 2462 2202 τοῖς
2511 2138 2603 2191 ἐπὶ
2650 2137 2755 2207 γῆς
2803 2140 3130 2210 προσκυνεῖν
3178 2140 3602 2211 παρωσάμενοι,
3637 2139 3748 2213 τὴν

2150 2228 2488 2301 ὑψηλοτέραν
2527 2229 2622 2283 καὶ
2670 2230 2729 2283 ἐν
2777 2228 3049 2301 πνεύματι
3087 2230 3343 2302 λατρείαν
3387 2232 3747 2304 προσοίσουσι

2150 2319 2229 2392 τῷ
2267 2319 2386 2391 Θεῷ
2419 2320 2515 2375 καὶ
2546 2319 2745 2391 Πατρί.
2767 2320 2931 2392 Μόνῳ
2968 2320 3025 2375 δὲ
3056 2322 3287 2394 πρέπειν
3316 2323 3578 2378 ἀναθεῖσα
3617 2323 3749 2379 κάλ-

2151 2394 2308 2473 λιστα
2349 2410 2427 2482 τῷ
2454 2411 2697 2483 Χριστῷ,
2730 2412 2825 2466 καὶ
2852 2411 2953 2483 τὴν
2988 2413 3080 2465 ἐπὶ
3108 2416 3222 2477 τοῖς
3264 2412 3514 2485 ἀμείνοσι
3538 2413 3749 2484 γνῶσιν

2151 2505 2263 2568 τοῖς
2301 2490 2752 2575 ἐκείνουχρόνοις
2783 2504 3093 2576 τηρήσασα,
3122 2490 3140 2557 ὲ
3167 2490 3427 2576 Οἴδαμεν,
3461 2506 3749 2578 φησὶν,δτι

2152 2595 2400 2659 Μεσσίας
2446 2595 2666 2668 ἔρχεται
2700 2598 2729 2649 ό
2780 2596 3075 2667 λεγόμενος
3101 2597 3357 2669 Χριστός.
3387 2598 3556 2652 Ὅταν
3606 2584 3749 2670 ¹ἔλθῃ

2154 2690 2384 2755 ἐκεῖνος,
2418 2687 2712 2758 ἀναγγελεῖ
2748 2689 2877 2759 ἡμῖν
2910 2689 3105 2743 πάντα.
3131 2708 3150 2741 ι
3182 2689 3349 2762 Ὀρᾷς
3381 2674 3530 2755 ὅπως
3550 2689 3653 2762 ἤδη
3684 2690 3750 2745 τδ

2155 2764 2376 2863 γύναιον
2410 2780 2674 2853 εὑτρεπὲς
2709 2782 2791 2846 είς
2824 2780 2884 2836 τὸ
2917 2770 3617 2863 πιστεύειν’ἐγίγνετο,⁴καὶ
3638 2783 3750 2837 ὥσ-

2156 2860 2263 2945 περ
2317 2876 2438 2929 τινὰ
2491 2872 2719 2946 βαθμῶν
2768 2875 3138 2930 ἀναϐαίνουσα
3192 2876 3360 2942 θέσιν,
3412 2876 3478 2933 ἐκ
3524 2860 3752 2955 ’μικρῶν

2157 2967 2527 3038 ἐρωτημάτων
2580 2968 2662 3032 είς
2707 2967 3050 3044 ὑψηλοτέραν
3105 2966 3239 3034 ἕξιν
3264 2969 3537 3043 ἀναπηδᾷ.

2156 3058 2337 3111 τοίνυν
2364 3058 2502 3131 αὐτῇ
2525 3059 2898 3131 τρανωτέραις
2922 3059 3020 3131 μὲν
3045 3059 3146 3135 ἤδη
3172 3063 3377 3130 φωναῖς
3397 3059 3753 3135 ἀπογυμνοῦν

2157 3150 2220 3205 τὸ
2271 3151 2626 3224 ποθούμενον,
2660 3150 2720 3205 τὸ
2749 3152 2805 3206 δέ
2835 3154 2895 3212 ἐν
2943 3153 3126 3208 ἐλπίσι
3170 3151 3476 3235 σωζόμενον
3520 3148 3756 3223 ἀγαθαῖς

2157 3242 2516 3315 παρατιθέναι
2550 3242 2738 3297 λοιπὸν
2778 3245 2837 3299 ἐν
2880 3245 3001 3316 ὕψει
3033 3245 3264 3317 λέγοντα
3296 3263 3310 3277 ο
3342 3266 3362 3299 ι
3412 3245 3555 3315 Ἐγὼ
3584 3245 3702 3321 εῖμι
3722 3246 3753 3300 ό

2156 3335 2333 3391 λαλῶν
2357 3351 2460 3389 σοι.
2487 3353 2506 3386 ι
2558 3323 3006 3407 Ἐπιτρεπόντων
3029 3337 3322 3409 τοιγαροῦν
3344 3341 3457 3414 τοῖς
3474 3337 3750 3410 νεήλυσιν,

2157 3428 2207 3481 οί
2228 3425 2291 3480 τδ
2315 3424 2693 3480 διδασκαλικὸν
2717 3427 2775 3481 ἐν
2796 3426 3117 3499 ἐκκλησίαις
3144 3428 3359 3499 ἔχοντες
3386 3427 3749 3500 ἐπιτήδευμα,

2157 3519 2250 3573 τὸν
2292 3518 2394 3589 τῆς
2446 3519 2808 3589 κατηχήσεως
2856 3519 3280 3599 ἀναμασσᾶσθαι
3319 3519 3497 3589 λόγον,
3526 3518 3752 3573 οὑτωτε

2157 3611 2343 3687 λοιπὸν
2373 3609 2836 3665 καταδεικνύντων
2870 3613 3053 3676 αὑτοῖς
3078 3613 3168 3667 τὸν
3204 3610 3435 3684 Ἰησοῦν,
3456 3613 3521 3667 ἐκ
3551 3611 3754 3683 μικρᾶς

2162 3702 2542 3773 παιδαγωγίας
2594 3701 2687 3757 ἐπὶ
2739 3703 2838 3775 τὴν
2897 3703 3287 3776 ἐντελεστέραν
3352 3703 3455 3772 τῆς
3515 3703 3757 3767 πίστεως

2160 3795 2587 3860 ἀναϐιϐάζοντες
2611 3793 2834 3864 γνῶσιν.
2860 3794 2923 3848 Οἱ
2958 3794 3015 3848 δέ
3052 3793 3144 3848 τὸν
3176 3794 3444 3865 ἀλλογενῆ
3486 3794 3585 3849 καὶ
3610 3791 3758 3847 οὑτω

2163 3888 2505 3961 προσήλυτον
2554 3885 2927 3965 ἁρπάζοντες,
2958 3886 3055 3962 καὶ
3104 3887 3313 3965 σκηνῆς
3364 3886 3463 3958 μὲν
3490 3887 3622 3965 εἵσω
3657 3885 3759 3956 τῆς

2161 3959 2440 4051 ἐσωτέρας
2470 3962 2808 4050 ποιούμενοι,
2838 3975 2987 4030 θύειν
3002 3959 3069 4032 ⁷δὲ
3097 3959 3344 4041 ἀνίπτοις
3373 3976 3452 4030 ἔτι
3479 3959 3639 4057 χερσὶ
3667 3974 3759 4047 τὸν

2166 4073 2341 4143 ἀμνὸν
2366 4071 2773 4143 ἐπιτρέποντες,
2802 4068 2995 4140 καὶτῷ
3016 4069 3115 4139 τῆς
3146 4069 3446 4141 ἱερωσύνης
3491 4065 3759 4122 καταστέ-

473 4178 670 4232 φοντες
700 4162 972 4239 ἀξιώματι
1007 4165 1099 4221 τὸν
1141 4164 1295 4227 οὑπω
1324 4165 1736 4237 κατηχούμενον
1760 4206 1774 4233 ,
1799 4168 1938 4241 πρὸς
1970 4168 2239 4240 μεγάλους
2299 4173 2359 4224 ἐν
2412 4169 2599 4243 ἡμέρᾳ
2666 4167 2901 4240 κρίσεως
2975 4146 3495 4237 εύτρεπιζέσθωσοιν¹
3541 4146 3759 4233 λόγους.

493 4253 679 4327 Ἀρκεῖ
715 4256 825 4329 γάρ
859 4274 947 4328 μοι
977 4258 1138 4314 τοῦτο
1182 4258 1278 4313 καὶ
1314 4259 1473 4330 μόνον
1501 4261 1700 4316 εἰπεῖν.

520 4348 678 4429 193
705 4350 795 4416 IV,
824 4352 916 4411 27.
955 4352 1023 4409 Et
1050 4355 1300 4410 continuo
1327 4364 1576 4411 venerunt
1604 4355 1856 4435 discipuli
1892 4357 2030 4426 ejus.

553 4439 744 4497 Finem
779 4444 967 4499 attulit
1013 4445 1292 4517 colloquio
1328 4460 1454 4501 eum
1500 4447 1732 4527 muliere
1765 4447 2069 4518 discipulo-

2214 4345 2353 4413 ‘Kal
2383 4352 2482 4408 ἐπὶ
2514 4351 2704 4417 τούτῳ
2735 4344 2929 4420 ἦλθον
2955 4351 3009 4402 οἱ
3032 4342 3291 4423 μαθηταὶ
3318 4343 3527 4398 αὐτοῦ.

2246 4444 2413 4508 Τέλος
2439 4441 2549 4497 τῶν
2586 4437 2725 4511 πρὸς
2763 4439 2864 4510 τὴν
2891 4436 3123 4506 γυναῖκα
3166 4434 3363 4503 λόγων,
3388 4435 3421 4505 ή
3451 4431 3560 4487 τῶν
3587 4432 3763 4505 μαθησ

481 4546 606 4587 rum
643 4537 955 4604 praesentia.
1003 4535 1141 4611 Silet
1173 4536 1319 4611 enim
1368 4521 1636 4617 deinceps
1685 4537 1964 4619 Christus,
2012 4553 2049 4619 e

2170 4534 2280 4590 τῶν
2313 4531 2611 4605 παρουσία.
2636 4528 2828 4598 Σιωπᾷ
2854 4526 2963 4601 γὰρ
2991 4523 3175 4585 λοιπὸν
3202 4525 3229 4578 ὁ
3264 4521 3517 4595 Χριστὸς,
3555 4521 3764 4575 καὶτὸν

438 4622 662 4689 ,{calida
713 4624 839 4689 ﬁdei
889 4627 1133 4685 scintilla
1167 4611 1532 4707 Samaritanis
1568 4611 1764 4693 indita,
1806 4611 2049 4713 magum}

2176 4625 2378 4700 θερμὸν
2420 4624 2520 4694 τῆς
2561 4620 2801 4682 πίστεως
2842 4615 3116 4688 σπινθῆρα
3164 4613 3530 4686 Σαμαρείταις
3563 4611 3763 4677 ἐνθεὶς,

483 4716 688 4774 excitat
720 4718 1063 4777 incendium.
1107 4719 1220 4777 Hoc
1248 4721 1414 4777 modo
1442 4721 1773 4792 capiendum
1813 4731 1897 4778 est
1920 4723 2066 4793 quod

486 4807 558 4867 ab
593 4812 712 4883 ipso
740 4812 977 4870 dicitur:
1012 4830 1032 4863 ι
1078 4812 1264 4884 ignem
1300 4813 1430 4869 veni
1471 4815 1690 4875 mittere
1731 4813 1785 4870 in
1834 4822 2065 4882 terram,

488 4911 545 4961 et
570 4903 705 4976 quid
732 4907 857 4983 volo
894 4906 1001 4963 nisi
1030 4913 1092 4961 ut
1119 4906 1312 4963 ardeat
1344 4907 1403 4961 "3
1439 4926 1460 4961 ι

561 5079 655 5157 ιν,
680 5080 773 5141 27.
806 5081 878 5158 Et
902 5081 1244 5139 mirabantur
1270 5084 1401 5161 quia
1429 5086 1795 5169 cummuliere
1816 5085 2072 5171 loqueba-

488 5181 605 5227 ων.

564 5263 806 5340 Rursum
878 5265 1138 5337 discipuli
1202 5265 1507 5351 Salvatoris
1560 5269 1962 5351 benignitatem
2024 5274 2079 5323 et

2175 4718 2463 4790 ἐπιτρέπει
2511 4714 2631 4776 ταῖς
2679 4710 2950 4787 ἐνδόσεσιν
3003 4706 3085 4789 είς
3140 4706 3387 4778 μεγάλην
3434 4703 3766 4770 ἐξάπτεσθαι

2176 4812 2371 4884 φλόγα.
2425 4804 2584 4860 Οὑτω
2642 4804 2855 4874 νοήσεις
2911 4801 2973 4884 τὸ
3032 4799 3163 4871 παρ’
3224 4796 3391 4852 αὑτοῦ
3449 4796 3763 4867 λεγόμενον·

2182 4926 2201 4971 λι
2233 4902 2350 4974 Πῦρ
2386 4896 2550 4972 ἦλθον
2570 4895 2764 4969 βαλεῖν
2803 4892 2896 4947 ἐπὶ
2932 4892 3032 4975 τὴν
3061 4893 3186 4963 γῆν,
3221 4889 3318 4961 καὶ
3340 4889 3394 4943 τί
3417 4888 3558 4943 θέλω
3587 4887 3768 4959 είηῆδη

2178 4995 2745 5155 ὰνῗὲιῗηέθὲιύμαζον,
2768 5080 2858 5134 ὅτι
2878 5075 3031 5149 μετὰ
3051 5072 3338 5146 γυναικός
3364 5071 3623 5135 same:

2244 5258 2732 5331 Καταπλήττονται
2780 5252 2945 5310 πάλιν
2989 5251 3041 5305 οἱ
3086 5248 3325 5322 μαθηταὶ
3360 5248 3468 5319 ,τοῦ
3515 5247 3769 5318 Σωτῆρος

491 5355 886 5431 demissionem
927 5356 1077 5433 illam
1116 5361 1335 5437 attoniti
1397 5335 1724 5437 ιὲιὶιξιιηιιιικ⁷
1746 5335 1875 5437 ¹1ξίιηὶ
1927 5355 2049 5419 enin

2176 5355 2277 5427 τὴν
2314 5351 2631 5431 ἡμερότητα
2657 5388 2672 5413 ,
2706 5348 2802 5401 καὶ
2834 5346 2925 5425 τὸν
2980 5342 3272 5421 ὑφειμένον
3317 5335 3771 5427 ἀποθαυμάζουσι

497 5457 559 5504 ttt
580 5448 840 5521 nonnulli
870 5431 1164 5507 immodice
1198 5431 1462 5526 religione
1489 5434 1701 5515 ἐσενειιί
1731 5431 2049 5520 colloquiun

2181 5447 2400 5519 τρόπον.
2439 5443 2514 5499 Οὑ
2552 5441 2662 5511 γὰρ
2690 5439 2755 5511 δὴ
2784 5436 2929 5517 κατά
2952 5451 3108 5499 τινας
3142 5433 3251 5518 τῷν
3280 5435 3366 5488 ἐπ’
3388 5432 3655 5520 ,ἀκράτοις
3678 5431 3773 5526 εὑ·-

492 5553 625 5594 .cutn
680 5538 913 5611 muliere
965 5550 1272 5611 aversatur,
1324 5545 1423 5603 sed
1472 5546 1529 5603 'tn
1576 5558 1769 5600 omnes
1809 5540 2044 5615 expandi

2180 5536 2425 5603 λαϐείαις
2472 5531 2835 5607 ἠγριωμένων
2856 5569 2870 5595 ,
2918 5529 3022 5611 ,τὴν
3073 5527 3209 5613 πρὸς
3252 5527 3489 5609 γυναῖκα
3537 5519 3771 5615 διάλεξιν

498 5643 654 5687 suam
679 5631 1177 5704 mansuetudinem,
1202 5650 1379 5708 eaque
1408 5649 1469 5692 re
1489 5614 1739 5707 ostendit
1774 5612 1921 5706 quod
1946 5612 2049 5690 cun

2183 5628 2536 5703 ἀποφρίττειν
2568 5624 2741 5723 ἀξιοῖ,χ
2766 5620 2992 5689 ἐξαπλοῖ
3027 5618 3092 5686 ,δέ
3112 5612 3201 5687 θείς
3239 5617 3485 5687 ἅπαντας
3516 5614 3616 5685 τὴν
3646 5612 3773 5687 φιλ-

580 5792 602 5824 ⁸
633 5805 753 5865 Luc
810 5811 1015 5885 χωρεῖ.
