4106 6554
391 434 508 489 517

1438 432 1506 488 IN
1544 430 1836 490 JOANNIS
1877 431 2336 494 EVANGELIUM
2378 434 2511 492 LIB.
2541 433 2608 491 II.

3604 434 3709 490 518

387 545 758 618 ανθρωπίαν,
785 545 881 599 καὶ
927 544 994 599 δί’
1031 542 1200 598 αὑτοῦ
1234 543 1473 598 δεικνύει
1511 544 1607 598 τοῦ
1655 546 2001 618 πράγματος,

2116 565 2262 605 unus
2304 549 2533 622 omnino
2574 550 2648 607 sil.
2688 546 2872 620 opifex
2909 562 3020 604 non
3068 547 3205 618 solis
3234 547 3371 621 viris
3406 548 3576 606 vitam
3610 564 3711 620 per

384 638 480 692 ὅτι
526 636 593 708 δὴ
624 635 870 702 πάντως
899 629 980 700 εἷς
1014 633 1278 706 ὑπάρχων
1307 634 1666 706 δημιουργὸς,
1711 636 1771 689 οὑ
1825 635 2006 706 μόνοις

385 730 630 802 ἀνδράσι
664 730 766 798 τὴν
809 727 898 783 διὰ
943 729 1182 792 πίστεως
1213 729 1482 800 ἀπονέμει
1534 728 1713 801 ζωὴν,
1747 729 1884 783 ἀλλὰ.
1913 731 2009 784 καὶ

382 823 458 876 τὸ
491 823 630 893 θῆλυ
675 821 817 892 πρὸς
866 822 1040 893 αὐτὴν
1086 820 1383 893 σαγηνεὺει
1429 821 1606 892 γένος.
1661 821 2008 893 Κερδαινέτω

386 913 567 970 πάλιν
615 915 714 970 καὶ
761 914 922 968 τοῦτο
977 914 1114 984 πρὸς
1167 914 1540 986 ὑπογραμμὸν
1573 916 1601 966 ὁ
1631 914 1900 969 διδάσκων
1950 917 2008 969 ὲν

383 1005 746 1075 ἐκκλησίαις,
792 1004 888 1058 καὶ
938 1005 1012 1075 μὴ
1049 1004 1426 1076 παραιτεῖσθω
1459 1007 1725 1072 γυναῖκας
1749 1003 2005 1074 ὠφελεῖν.

385 1098 472 1152 Οὑ
512 1096 622 1169 γὰρ
663 1096 936 1168 θελήμασι
968 1100 1080 1160 τοῖς
1120 1097 1295 1162 ἰδίοις,
1326 1095 1463 1150 ἀλλὰ
1494 1099 1560 1167 τῇ
1590 1096 1682 1153 τοῦ
1713 1095 2007 1168 κηρύγμα-

383 1207 486 1254 τος
521 1189 690 1261 χρεία
715 1188 798 1242 δεῖ
826 1189 1048 1251 πάντως
1079 1189 1414 1244 ἀκολουθεῖν.

467 1282 686 1348 οὐδεὶς
732 1281 943 1354 μέντοι
994 1278 1126 1337 εἷπε
1150 1298 1164 1314 ο
1215 1282 1276 1338 Τί
1313 1280 1528 1349 λαλεῖς
1552 1324 1567 1350 ,
1603 1281 1642 1352 ἢ
1695 1283 1754 1338 τί
1815 1281 2007 1352 ζητεῖς

371 1375 514 1444 μετ’
541 1372 738 1442 αὐτῆς
765 1389 785 1436 ;

461 1465 748 1536 Μαθητῶν
777 1460 846 1538 ἦν
872 1463 1033 1536 ἔργον
1069 1464 1482 1537 ἐπιστημόνων,
1508 1466 1604 1521 καὶ
1630 1466 1731 1539 τὴν
1763 1465 2006 1536 πρέπου-

379 1575 492 1614 σαν
542 1557 624 1629 τῷ
681 1556 992 1628 διδασκάλῳ
1041 1557 1210 1629 τιμὴν
1255 1557 1584 1630 περισώζειν
1633 1559 1890 1624 εἰδότων,
1929 1557 2006 1630 μὴ

381 1652 715 1722 περιέργοις
748 1652 1086 1724 ἐρωτήσεσιν
1124 1652 1204 1714 είς
1238 1651 1506 1714 ἐκτύπους
1543 1652 1722 1711 δοκεῖν
1748 1653 2008 1717 ὑπονοίας

381 1742 725 1814 ἀποδημεῖν,
765 1742 848 1796 ὅτι
887 1743 1029 1813 μετὰ
1062 1743 1325 1810 γυναικὸς
1369 1743 1572 1807 ἐλάλει,
1601 1743 1741 1798 αἰδοῖ
1772 1745 1829 1798 δὲ
1865 1744 2005 1815 μᾶλ-

379 1833 499 1897 λον,
524 1834 622 1887 καὶ
655 1834 808 1906 φόϐῳ
841 1833 941 1904 τὴν
989 1834 1090 1905 μὲν
1117 1835 1370 1904 γλῶτταν
1400 1836 1609 1906 εἵργειν
1657 1836 1887 1892 ὀδόντων
1925 1839 2005 1890 ὲνο

2112 640 2275 697 tidem
2304 641 2519 708 tribuit,
2560 640 2666 697 sed
2696 649 2751 695 et
2778 640 3076 696 femineum
3109 655 3284 712 genus
3317 639 3385 694 ad
3419 655 3540 695 eam
3568 655 3709 696 con-

2111 734 2300 790 vertit.
2361 732 2479 789 Hoc
2512 734 2615 790 sibi
2648 749 2845 788 rursus
2879 733 3192 804 exemplum
3238 732 3438 788 habeat
3471 732 3711 803 quicun-

2111 843 2219 897 que
2256 827 2504 883 doctoris
2534 834 2721 897 partes
2753 825 2866 897 agit
2903 825 2958 879 in
2995 825 3272 889 ecclesiis,
3313 840 3416 879 nec
3443 825 3712 896 prodesse

2111 924 2312 974 renuat
2368 918 2721 973 mulieribus.
2771 917 2890 972 Non
2939 917 3084 972 enim
3130 918 3471 973 voluntatem
3527 931 3707 986 suam,

2111 1010 2207 1066 sed
2247 1009 2662 1081 praedicationis
2696 1011 2993 1066 utilitatem
3027 1010 3185 1082 sequi
3213 1017 3453 1082 oportet.

2184 1281 2276 1350 IV,
2313 1281 2405 1336 27.
2439 1279 2610 1335 Nemo
2641 1291 2819 1336 tamen
2843 1280 3024 1342 dixit;
3063 1279 3207 1348 Quid
3248 1279 3442 1350 quaeris
3473 1279 3710 1351 autquid

2111 1377 2341 1445 loqueris
2367 1391 2486 1429 cum
2520 1375 2614 1428 illa
2635 1376 2661 1429 ?

2181 1468 2546 1525 Prudentium
2581 1467 2986 1545 discipulorum
3039 1475 3183 1532 erat,
3213 1475 3268 1523 et
3314 1465 3580 1538 magistro
3611 1465 3708 1523 de-

2108 1563 2286 1618 bitum
2339 1561 2605 1618 honorem
2645 1562 3012 1624 servantium,
3041 1575 3154 1615 non
3213 1560 3514 1630 super-[luis
3559 1574 3712 1631 qua:-

2110 1656 2388 1712 stionibus
2427 1656 2481 1710 in
2517 1654 2794 1710 absurdas
2839 1654 3188 1724 suspiciones
3221 1653 3376 1708 abire
3404 1652 3554 1724 quod
3584 1668 3714 1709 cum

2109 1751 2343 1826 muliere
2383 1750 2739 1820 loqueretur,
2791 1747 2888 1804 sed
2947 1746 3161 1816 pmlore
3214 1746 3401 1817 potius
3451 1761 3516 1801 ac
3561 1753 3710 1802 metu

2111 1840 2359 1911 linguam
2417 1841 2566 1894 intra
2613 1839 2807 1894 dentes
2853 1838 3223 1904 concludere,
3279 1845 3334 1892 et
3385 1844 3714 1906 exspectare

381 1926 502 1991 τὸς,
532 1925 858 1997 περιμένειν
877 1925 935 1980 δὲ
967 1925 1170 1997 μᾶλλον
1200 1927 1609 1994 αὐτομολοῦντα
1641 1928 1778 2000 πρὸς
1809 1928 2000 1998 λόγους

2105 1934 2234 1987 dum
2286 1932 2553 2000 magister
2578 1930 2927 2000 loqueretur,
2967 1928 3200 2000 ejusque
3245 1928 3324 1984 rei
3364 1943 3591 1982 causam
3630 1925 3714 1980 ul-

386 2016 484 2071 τὸν
517 2017 706 2088 κὺριον
727 2057 742 2082 ,
777 2017 874 2071 καὶ
923 2017 1233 2072 ἐθελούσιον
1268 2019 1452 2082 αὐτοῖς
1505 2019 1852 2090 περιτιθέντα
1901 2019 2002 2092 τὴν

393 2110 676 2182 ἐξήγησιν.
731 2111 1092 2184 Θαυμαστέον
1149 2113 1442 2184 τοιγαροῦν
1509 2115 1598 2171 διὰ
1652 2115 1862 2172 τούτων
1913 2119 2002 2187 ἐφ’

384 2205 689 2277 ἡμερότητι
715 2205 817 2276 μὲν
839 2205 932 2262 τὸν
966 2206 1339 2277 Χριστὸν,ὲπὶ
1371 2208 1427 2262 δὲ
1452 2208 1615 2281 σοφία
1658 2210 1754 2266 καὶ
1773 2211 2002 2264 συνέσει

379 2299 512 2362 τοὺς
549 2298 824 2369 μαθητὰς,
857 2299 952 2353 καὶ
995 2301 1062 2371 τῇ
1094 2299 1188 2352 τοῦ
1219 2300 1526 2371 πρέποντος
1556 2301 1784 2372 γνώσει.

467 2390 737 2462 ’Δρ-ἧκεν
793 2389 911 2448 οὖν
959 2394 1076 2461 τὴν
1114 2394 1332 2476 ὑδρίαν
1360 2395 1556 2466 αὐτῆς
1595 2398 1633 2466 ἡ
1680 2397 1860 2467 γυνὴ,
1898 2398 2000 2454 καὶ
2049 2419 2070 2429 ·

376 2481 667 2553 ἀπῆλθεν
688 2487 777 2551 εὶς
806 2485 923 2554 τὴν
945 2487 1150 2542 πόλιν.

455 2575 746 2649 Κρείττων
779 2577 881 2650 ήδη
926 2579 1020 2634 καὶ
1053 2579 1366 2653 ὑψηλοτέρα
1399 2580 1653 2650 φαίνεται
1687 2583 1797 2638 τῶν
1830 2584 1914 2649 είς
1940 2584 2002 2638 τὸ

377 2667 550 2739 σῶμα
597 2668 905 2740 φροντίδων
929 2711 944 2738 ,
975 2673 1008 2744 ἡ
1060 2673 1204 2726 κατὰ
1235 2675 1336 2744 τὴν
1369 2673 1496 2745 χθὲς
1527 2679 1623 2730 καὶ
1654 2676 1848 2748 τρίτην
1900 2659 2001 2732 πο-

375 2763 648 2835 λὺανδρος
676 2759 812 2820 οῦσᾶ
833 2764 991 2837 γυνὴ,
1030 2767 1126 2819 καὶ
1153 2769 1184 2838 ἠ
1217 2767 1457 2841 ψυχραῖς
1493 2769 1758 2835 πολλάκις
1793 2772 2003 2827 εὐάλω-

374 2873 476 2920 τος
539 2855 800 2928 ἡδοναῖς,
851 2857 1174 2913 πλεονεκτεῖ
1236 2863 1336 2932 τῆς
1397 2862 1603 2933 σαρκὸς
1652 2864 1753 2934 τὴν
1807 2865 1883 2930 ὡς
1941 2864 2003 2930 ἐξ

378 2949 635 3020 ἀνάγκης
671 2949 886 3022 χρείαν,
915 2951 1078 3022 δίψης
1131 2969 1189 3005 τε
1231 2952 1370 3024 ὁμοῦ
1392 2995 1406 3019 ,
1440 2956 1534 3008 καὶ
1566 2955 1749 3009 ποτῶν
1803 2957 2003 3030 ἀλογή-

380 3059 552 3110 σασα,
566 3043 706 3115 πρὸς
728 3043 922 3114 ἑτέραν
946 3043 1058 3110 ἕξιν
1077 3045 1168 3099 διὰ
1194 3046 1297 3118 τῆς
1323 3046 1560 3111 πίστεως
1578 3049 1998 3119 άνεχαλκεὺετο.

391 3135 649 3207 ’Δγάπην
691 3136 748 3189 δὲ
798 3137 1147 3209 παραχρῆμα
1184 3141 1285 3208 τὴν
1315 3141 1612 3211 καλλίστην
1643 3143 1838 3202 πασῶν
1872 3146 2003 3216 ἀρε-

376 3227 505 3301 τὴν,
534 3229 628 3282 καὶ
650 3229 742 3282 τὸν
776 3229 1108 3301 φιλάλληλον
1139 3231 1426 3302 μελετῶσα
1453 3233 1676 3306 τρόπον,
1698 3237 1838 3308 ὅπερ
1859 3240 1998 3309 αὑτῇ

379 3319 630 3390 πέφηνεν
685 3317 914 3388 ἀγαθὸν,
967 3320 1130 3375 τοῦτο
1187 3325 1283 3378 καὶ
1335 3325 1545 3397 ἑτέροις
1595 3326 2000 3397 ἐξαγγέλλουσα

377 3412 603 3485 γοργῶς
630 3413 821 3486 δρόμῳ
845 3413 924 3484 τῷ
964 3416 1104 3486 πρὸς
1134 3416 1235 3488 τὴν
1281 3417 1437 3471 πόλιν
1466 3420 1821 3476 συντείνεται.
1866 3423 2001 3476 ’Υπ-

380 3502 587 3573 εφώνει
614 3502 724 3575 γὰρ
749 3504 809 3556 ἐν
835 3504 1000 3577 αὐτῇ.
1029 3507 1174 3559 κατά
1205 3523 1268 3574 γε
1306 3507 1368 3561 τὸ
1405 3509 1574 3575 εἰκὸς,
1603 3513 1630 3563 ὁ
1655 3512 1869 3585 Σωτὴρ,
1905 3515 2000 3568 καὶ

379 3591 727 3664 λεληθότως,
758 3593 904 3648 κατὰ
948 3593 1042 3648 τὸν
1085 3594 1211 3652 νοῦν
1250 3597 1532 3671 ἑψιθύριζε
1565 3601 1745 3670 λέγων
1770 3621 1783 3635 ·
1825 3624 1842 3656 ι
1885 3607 2002 3660 Δω-

382 3689 519 3755 ρεὰν
552 3683 801 3748 ἐλάϐετε,
829 3685 1041 3758 δωρεὰν
1071 3688 1212 3744 δότε.
1251 3708 1270 3741 ›
1322 3691 1710 3764 Μανθάνωμεν
1743 3695 1832 3750 διὰ
1877 3698 2002 3752 τού-

375 3795 500 3845 του,
534 3778 611 3849 μὴ
663 3776 864 3852 ζηλοῦν
915 3779 1015 3849 μὲν
1046 3781 1254 3856 εκεῖνον
1296 3784 1389 3837 τὸν
1421 3785 1708 3855 ὀκνόφιλον
1735 3789 1825 3842 τὸν
1853 3792 2001 3844 οἰκέ-

379 3887 504 3942 την,
536 3870 628 3925 διά
653 3889 713 3924 τε
751 3871 913 3926 τοῦτο
935 3874 1017 3937 είς
1047 3874 1150 3945 γῆν
1177 3877 1602 3947 καταχωννύντα
1631 3881 1693 3934 τὸ
1713 3881 1997 3950 τάλαντον,

382 3960 799 4033 ὲπεργάζεσθαι
843 3961 900 4016 δὲ
937 3964 1142 4034 μᾶλλον
1190 3966 1322 4020 αὐτὸ
1369 3969 1786 4042 σπουδάζωμεν.
1835 3975 1900 4028 Ὃ
1933 3975 1996 4048 δὴ

380 4054 475 4106 καὶ
509 4051 698 4123 δρῶσα
744 4053 921 4117 καλῶς
951 4057 986 4126 η
1015 4055 1458 4129 πολυθρύλλητος
1488 4059 1629 4134 αὕτη
1680 4063 1848 4136 γυνὴ,
1883 4083 1998 4120 κοι-

380 4147 684 4198 νοποιεῖται
731 4137 846 4209 τοῖς
892 4146 1076 4211 ἄλλοις
1114 4147 1173 4202 τὸ
1206 4152 1520 4220 προσπεσὸν
1559 4141 1803 4228 ἀγαθὸν,
1851 4156 1997 4231 ὕδωρ

385 4238 504 4309 μὲν,
521 4239 666 4310 ὅπερ
684 4234 753 4310 ἦν
774 4239 1122 4311 ἁρυσαμένη,
1137 4241 1248 4296 τῶν
1276 4244 1530 4312 πηγαίων
1553 4246 1738 4307 οὐκέτι
1757 4247 1998 4304 λαϐοῦσα

385 4331 633 4400 μαστῶν,
656 4331 782 4385 οὑδὲ
803 4331 902 4403 τὴν
932 4333 1014 4385 ἐκ.
1036 4333 1140 4403 γῆς
1171 4335 1362 4403 ὑδρίαν
1406 4337 1548 4390 οῖκοι
1584 4339 1746 4399 πάλιν
1796 4342 2001 4397 ἀποκο-

385 4421 655 4492 μίζουσα,
691 4421 815 4494 θείᾳ
859 4421 917 4474 δὲ
967 4423 1170 4493 μᾶλλον
1223 4426 1318 4478 καὶ
1349 4426 1588 4498 οὐρανίῳ
1637 4431 1864 4502 χάριτι,
1903 4435 1997 4490 καὶ

384 4515 648 4586 πανσόφῳ
684 4515 779 4570 τοῦ
815 4515 1076 4598 Σωτῆρος
1113 4517 1439 4589 διδασκαλία
1485 4520 1585 4586 τὰς
1619 4523 1720 4592 τῆς
1754 4523 1996 4592 διανοίας

2106 2032 2196 2077 tro
2239 2021 2502 2092 aperiret.
2560 2020 2746 2075 Mirari
2801 2035 2934 2090 ergo
2974 2020 3242 2081 debemus
3302 2019 3392 2073 hic
3423 2018 3712 2073 Christum

2104 2115 2176 2175 ob
2220 2112 2760 2180 mansuetudinem‘;
2804 2113 3112 2183 discipulos
3147 2120 3335 2167 autem
3383 2113 3456 2166 ob
3488 2112 3714 2184 sapien-

2105 2208 2238 2262 tiam
2273 2217 2438 2280 atque
2469 2207 2848 2279 prudentiam,
2881 2217 2935 2262 et
2964 2206 3152 2262 decori
3182 2205 3462 2264 notitiam.

2177 2391 2268 2457 IV,
2311 2391 2402 2447 28.
2456 2390 2691 2463 Reliquit
2732 2407 2856 2462 ergo
2900 2389 3151 2461 hydriam
3187 2406 3346 2444 suam
3393 2389 3609 2458 mulier,
3660 2398 3712 2445 et

2105 2487 2240 2542 abiit
2264 2487 2318 2541 in
2356 2486 2647 2542 civitatem.

2177 2577 2391 2638 Victrix
2435 2593 2717 2649 corporeae
2755 2592 2904 2634 cura:
2936 2576 3051 2647 jam
3091 2575 3318 2632 videtur
3351 2576 3445 2631 illa
3487 2575 3604 2631 beri
3647 2592 3712 2632 ac

2104 2673 2515 2730 nudiustertius
2546 2672 2847 2726 multorum
2873 2671 3116 2725 virorum
3153 2685 3316 2736 uxor,
3340 2678 3394 2726 et
3424 2687 3546 2741 qua;
3569 2669 3710 2726 stul-

2103 2769 2178 2824 tis
2212 2766 2596 2837 voluptatibus
2644 2781 2789 2834 saepe
2842 2765 3240 2822 succubuerat.
3303 2766 3492 2819 carnis
3545 2778 3710 2818 usum

2103 2860 2484 2916 necessarimn
2511 2857 2824 2922 defraudat,
2843 2857 3122 2928 simulque
3148 2855 3296 2910 sitim
3324 2863 3378 2910 et
3405 2862 3593 2925 potum
3614 2871 3710 2910 as-

2104 2963 2336 3024 pernata
2361 2954 2415 3007 in
2440 2953 2606 3020 aliuin
2628 2960 2832 3007 statum
2860 2966 2958 3022 per
2985 2951 3145 3004 tidem
3169 2949 3331 3032 195.
3349 2949 3708 3010 reformatur.

2107 3043 2310 3099 Statim
2361 3059 2494 3104 vero
2549 3043 2884 3098 charitatem
2939 3042 3212 3096 virtutum
3265 3042 3554 3114 Optimam,
3590 3055 3716 3094 mu-

2107 3147 2376 3208 toumque
2407 3152 2650 3191 amorem
2695 3137 2970 3208 amplexa,
3003 3136 3150 3206 quod
3186 3135 3291 3195 sibi
3325 3135 3572 3189 oblatum
3625 3143 3711 3191 est

2106 3231 2337 3297 bonum,
2374 3231 2544 3284 citato
2574 3230 2628 3284 in
2663 3229 2856 3284 urbem
2899 3244 3068 3282 cursu
3107 3227 3357 3282 studiose
3387 3227 3707 3282 annuntiat.

2106 3323 2614 3381 Inclamabateuim
2640 3324 2712 3387 ei,
2738 3330 2798 3376 ut
2834 3322 3104 3377 credibile
3143 3329 3252 3384 est,
3289 3328 3344 3375 et
3375 3321 3428 3375 in
3461 3322 3710 3376 animum

2105 3420 2247 3475 clam
2300 3419 2732 3486 insusurrabat,
2769 3417 3004 3471 dicens:
3058 3433 3076 3466 ι
3141 3413 3328 3470 Gratis
3386 3414 3710 3486 accepistis,

2105 3514 2282 3585 gratis
2308 3511 2435 3566 date
2462 3511 2504 3568 ⁸.
2537 3533 2555 3562 ι
2592 3510 2730 3574 Hinc
2762 3493 3048 3565 discamus
3075 3527 3183 3564 non
3222 3523 3346 3564 esse
3383 3507 3545 3562 nobis
3581 3509 3710 3563 imi-

2104 3610 2333 3664 tandum
2370 3608 2624 3682 ignavum
2662 3607 2815 3668 illum
2847 3621 3067 3661 servum
3105 3604 3220 3675 qui
3258 3605 3527 3658 talentum
3553 3602 3710 3658 humi

2104 3701 2338 3765 defodit,
2371 3700 2469 3756 sed
2517 3699 2650 3776 illud
2689 3715 2952 3768 exercere
2987 3713 3256 3760 conemur
3281 3698 3320 3750 ⁷.
3369 3695 3528 3764 Quod
3565 3695 3712 3752 cele-

2102 3793 2343 3856 berrima
2396 3793 2512 3848 hinc
2555 3793 2754 3866 mulier
2786 3793 3006 3864 egregie
3041 3799 3290 3862 praastat,
3344 3807 3468 3860 quae
3500 3790 3706 3844 bonum

2105 3889 2214 3954 sibi
2263 3889 2509 3943 oblatum
2562 3888 2684 3943 aliis
2729 3888 3151 3952 communicat,
3213 3901 3379 3957 quam
3435 3886 3710 3939 hactenus

2103 3981 2370 4037 hauserat
2403 3995 2603 4049 aquam
2653 3995 2764 4046 non
2806 3980 2922 4050 jam
2973 3994 3004 4034 e
3041 3978 3381 4050 scaturigine
3415 3977 3706 4043 hauriens,

2101 4090 2281 4146 neque
2330 4080 2650 4126 terrestrem
2697 4071 2950 4141 hydriam
3002 4069 3228 4125 domum
3280 4070 3464 4124 denuo
3517 4084 3700 4137 repor-

2100 4175 2248 4231 tans,
2306 4166 2401 4234 sed
2451 4165 2639 4220 divina
2674 4167 2862 4233 potius
2903 4179 2968 4219 ac
3001 4163 3216 4218 caelesti
3245 4167 3444 4232 gratia,
3484 4163 3708 4230 sapien-

2101 4258 2433 4327 tissimaque
2487 4255 2796 4312 Salvatoris
2863 4253 3121 4308 doctrina
3175 4261 3416 4307 mentem
3483 4252 3704 4322 plenam
3811 4251 3816 4258 '

2100 4365 2319 4420 gerens.
2372 4348 2516 4410 Hinc
2568 4364 2768 4414 rursus
2823 4355 3091 4416 tanquam
3131 4345 3186 4400 in
3226 4345 3400 4417 ligura
3432 4352 3486 4398 et
3518 4342 3707 4396 tabula

2101 4442 2511 4504 observandum
2561 4441 2921 4512 cst,’exiguis
2957 4439 3254 4494 admodum
3313 4446 3368 4494 et
3419 4435 3706 4507 corporeis

2101 4534 2376 4605 neglectis
2422 4533 2602 4588 multo
2649 4533 2969 4604 copiosiora
3006 4538 3061 4585 et
3100 4531 3333 4586 meliora
3385 4543 3488 4582 nos
3525 4541 3561 4590 _a
3594 4523 3708 4579 Deo

383 4606 668 4676 ὑποθήκας
693 4607 1044 4679 ἐμπλήσασα.
1088 4609 1287 4663 Ἰστέον
1318 4611 1593 4679 ἐντεῦθεν,
1632 4614 1708 4678 ὡς
1736 4617 1795 4670 ἐν
1835 4617 1994 4691 τύπῳ

2104 4635 2490 4697 percepturos.
2544 4624 2688 4692 Quid
2730 4623 2877 4680 enim
2908 4633 2994 4678 est
3022 4637 3164 4692 aqua
3195 4621 3263 4677 de
3296 4630 3464 4686 terra,
3494 4619 3538 4673 si
3579 4630 3707 4674 cum

380 4701 544 4756 πάλιν
569 4701 669 4760 καὶ
699 4704 908 4773 γραφῇ,
940 4703 1022 4755 ὅτι
1063 4704 1283 4774 μικρῶν
1316 4705 1380 4776 δὴ
1415 4705 1536 4764 λίαν
1581 4708 1993 4780 ὑπερφρονοῦν-

2105 4719 2478 4791 intelligentia
2512 4734 2637 4789 qua:
2694 4731 2936 4787 superne
2962 4715 3138 4779 venit,
3171 4707 3569 4782 comparetur?

378 4813 494 4866 τες,
541 4799 638 4852 καὶ
684 4799 1039 4869 σωματικῶν,
1076 4800 1521 4860 πολλαπλασίονα
1551 4823 1609 4860 τε
1637 4809 1733 4862 καὶ
1774 4810 1986 4880 ἀμείνω
2027 4817 2180 4890 παρὰ
2214 4817 2350 4872 Θεοῦ
2378 4816 2686 4889 ληψόμεθα.
2711 4813 2776 4868 Τί
2811 4811 2918 4885 γὰρ
2956 4809 3102 4882 ὕδωρ
3136 4809 3196 4861 τὸ
3229 4807 3339 4863 ἀπὸ
3407 4807 3509 4876 τῆς
3578 4804 3708 4888 γῆς,

377 4891 454 4956 ὡς
489 4892 627 4965 πρὸς
645 4891 747 4964 τὴν
770 4891 981 4946 ἄνωθεν
1016 4893 1235 4948 σύνεσιν
1263 4911 1277 4960 ;

449 4988 565 5051 Καὶ
595 4988 764 5057 λέγει
795 4989 924 5056 τοῖς
947 4991 1303 5062 ἀνθρὼποις’
1335 4992 1539 5058 Δεῦτε,
1575 4995 1735 5051 ἴδετε
1764 4998 1991 5068 ἄνθρω-

375 5099 518 5144 πον,
546 5081 621 5147 ’ὃς
667 5077 802 5136 εἷπε
847 5082 1050 5138 πάντα
1075 5125 1089 5150 ,
1119 5084 1239 5138 ὅσα
1284 5085 1550 5152 ἐποίησα
1572 5105 1587 5118 ο
1615 5089 1764 5158 μήτι
1814 5088 1994 5159 οὗτός

375 5175 552 5228 ἐστιν
579 5177 614 5229 ὀ
642 5176 901 5243 Χριστός
921 5191 941 5241 ;
1828 5189 1833 5202 ·

449 5268 516 5321 ’Ὠ
550 5268 860 5340 παραδόξου
921 5270 1247 5342 μεταϐολῆς,
1280 5270 1326 5324 ὣ
1378 5271 1624 5345 μεγάλης
1660 5274 1864 5344 ὅντως,
1893 5280 1993 5334 καὶ

376 5359 723 5432 θεοπρεποῦς
760 5361 966 5433 ἰσχύος,
1009 5365 1094 5417 ἐπ’
1132 5364 1365 5437 ἀρρήτῳ
1410 5365 1707 5434 διαφανοῦς
1744 5371 1822 5442 τῷ
1857 5372 1993 5426 om}-

377 5467 513 5523 ματι
548 5452 560 5505 I
588 5452 856 5526 Τεχνίτης
885 5455 983 5527 ἤδη
1026 5455 1166 5527 πρὸς
1198 5456 1393 5526 λόγους
1411 5459 1510 5513 καὶ
1539 5464 1929 5533 μυσταγωγὸς,
1957 5466 1990 5537 ἡ

374 5547 626 5599 συνιεῖσα
651 5586 654 5589 -
676 5548 776 5617 μὲν
807 5547 963 5602 οὐδὲν
1005 5549 1113 5603 τῶν
1145 5551 1203 5603 ἐν
1223 5551 1396 5624 ’ἀρχῇ
1444 5552 1779 5626 λεγομένων,
1816 5557 1904 5612 διὰ
1933 5559 1990 5612 δὲ

368 5633 536 5690 τοῦτο
587 5636 820 5702 δικαίως
851 5640 1152 5710 ἀκούσασα,
1185 5657 1198 5672 ο
1242 5661 1261 5692 ι
1308 5643 1549 5712 ’Ύπαγε,
1591 5645 1844 5718 φώνησόν
1895 5667 1988 5704 σου

371 5729 469 5784 τὸν
499 5730 695 5801 ἄνδρα,
724 5733 820 5788 καὶ
848 5733 970 5788 ἐλθὲ
1016 5734 1226 5792 ἐνθάδε.
1267 5755 1285 5787 ι
1320 5738 1466 5810 Ὅρα
1496 5737 1608 5812 γὰρ
1643 5741 1793 5806 ὅπως
1833 5745 1984 5799 ἐντέ-

443 5905 464 5936 ⁶
502 5912 700 5971 Matth.
738 5932 793 5980 ιι,
823 5915 877 5970 8.
958 5917 976 5942 '
1007 5916 1198 5974 Matth.
1237 5935 1366 5997 x_xv,
1398 5919 1466 5975 25
1496 5936 1654 5993 seqq.

2173 5000 2268 5068 IV,
2314 4954 2511 5057 29.1Et
2557 4997 2688 5050 dicit
2729 4993 2842 5048 illi:
2872 4989 3210 5046 hominibus:
3248 4987 3431 5042 Venite
3462 4995 3511 5041 et
3540 4985 3705 5041 videte

2105 5097 2413 5163 hominem,
2453 5092 2547 5163 qui
2595 5090 2735 5144 dixit
2780 5086 2912 5140 mihi
2960 5085 3142 5151 omnia
3185 5097 3512 5155 quiscunque
3563 5081 3705 5150 Ieci:
3791 5115 3798 5123 -

2101 5187 2358 5260 numquid
2387 5189 2496 5254 ipse
2528 5192 2608 5240 est
2643 5181 2938 5238 Christus?

2173 5282 2218 5338 Ο
2249 5281 2589 5352 inopinatam
2633 5276 3036 5333 mutationem!
3082 5289 3114 5328 ο
3153 5287 3411 5345 magnam
3453 5268 3704 5343 profecto

2101 5376 2460 5446 divinamque
2491 5374 2774 5438 virtutem,
2803 5388 2932 5444 qua:
2975 5369 3242 5428 ineﬂ‘abili
3299 5366 3566 5424 miraculo
3605 5379 3701 5435 pa-

2099 5471 2292 5528 tescit!
2330 5468 2503 5526 Docet
2525 5471 2750 5526 demum
2779 5475 2833 5523 et
2860 5467 3004 5523 alios
3037 5465 3220 5521 inhiat
3250 5463 3366 5533 illa,
3406 5473 3528 5530 quae
3558 5457 3700 5512 nihil

2100 5563 2376 5632 capiebat,
2409 5577 2602 5617 eorum
2628 5576 2750 5632 quae
2779 5559 3059 5631 principio
3091 5554 3442 5614 dicebantur,
3466 5563 3704 5620 quaeque

2099 5653 2312 5712 idcirco
2346 5654 2474 5726 jure
2512 5654 2806 5710 audierat:
2841 5670 2860 5703 ι
2909 5648 3085 5713 Vade,
3128 5659 3258 5702 voca
3303 5643 3481 5699 virum
3513 5649 3698 5702 tuum,

2095 5753 2152 5802 et
2196 5746 2327 5804 veni
2371 5747 2501 5804 huc.
2543 5765 2562 5799 ι
2602 5745 2846 5804 Observa
2879 5744 3026 5800 enim
3069 5748 3276 5813 quanta
3318 5730 3594 5794 industria
3635 5735 3700 5789 et
