4106 6508
468 416 568 473 519

1416 411 1472 467 S.
1504 405 1783 468 CYRILLI
1823 403 2302 462 ALEXANDRINI
2338 405 2661 463 ARCHIEP.

3613 410 3729 466 520

465 542 584 589 arte
629 530 1006 587 Satnaritanos
1053 529 1384 601 alloquatur.
1418 528 1540 585 Non
1581 529 1849 584 continuo
1899 524 2031 579 dicit

2137 539 2279 591 χνως
2320 523 2420 595 τὴν
2469 524 2607 595 πρὸς
2652 523 2995 597 Σαμαρείτας
3040 522 3277 577 ἐποιεῖτο
3314 522 3584 614 διάλεξινζ
3604 526 3718 580 οὐκ

465 640 527 680 se
566 623 844 678 Christum
877 623 1175 685 invenisse,
1201 637 1301 678 nec
1331 623 1515 677 statim
1562 623 1631 678 de
1671 619 1802 676 Jesu
1849 635 2040 684 narra-

465 716 665 770 tionem
697 732 853 771 suam
881 716 1134 772 orditur:
1180 726 1328 770 certe
1357 717 1503 771 enim
1535 715 1794 786 despecta
1822 715 2035 780 fuisset,

463 823 564 862 nec
602 809 901 873 immerito,
931 816 988 862 ut
1019 824 1141 878 quae
1167 808 1324 879 longe
1365 815 1510 863 ultra
1549 823 1714 878 quam
1745 807 1866 878 ejus
1900 823 2038 862 con-

358 898 376 915 '
461 897 725 953 ditionem
781 900 1013 954 decebat
1063 908 1328 969 saperet,
1379 902 1486 955 nec
1535 915 1749 954 morum
1808 913 2037 954 suorum

462 991 682 1059 ignaros
732 992 1011 1047 auditores
1048 992 1295 1047 haberet.
1339 990 1504 1046 Prius
1543 1005 1676 1062 ergo
1723 989 1914 1046 faciles
1939 1005 2035 1046 eos

462 1080 532 1135 ad
575 1081 910 1136 credendum
958 1079 1141 1136 reddit
1181 1081 1474 1145 miraculo,
1527 1079 1710 1150 iisque
1768 1080 2037 1134 inusitato

460 1180 661 1225 eventu
707 1172 995 1238 attonitis,
1035 1173 1254 1242 planius
1301 1171 1711 1243 quodammodo
1759 1170 1884 1226 ﬁdei
1933 1171 2037 1226 iter

463 1261 648 1317 eﬂicit.
712 1281 730 1313 ι
769 1262 982 1329 Venite,
1007 1272 1062 1319 et
1099 1263 1278 1320 videte
1319 1283 1366 1332 ι,
1398 1249 1600 1333 inquit,
1632 1262 2035 1318 vehementiori

462 1368 596 1408 voce
637 1362 846 1408 tantum
889 1371 1002 1410 non
1034 1356 1364 1410 inclamans.
1419 1355 1503 1409 Ad
1541 1353 1722 1418 fidem,
1763 1354 1899 1410 satis
1930 1341 2038 1409 erit

460 1446 547 1500 vel
605 1447 775 1515 ipsius
824 1448 904 1502 rei
956 1447 1250 1518 inspectio,
1287 1447 1706 1516 majoribusque
1753 1446 2036 1502 miraculis

462 1550 759 1608 praesentes
801 1540 1283 1594 conﬁrmabimini.
1327 1539 1463 1595 Nam
1512 1539 1606 1610 qui
1651 1539 1900 1595 cordium
1947 1554 2036 1595 se-

461 1637 611 1684 creta
653 1631 826 1695 novit,
856 1640 911 1686 et
951 1631 1053 1686 hac
1092 1631 1300 1702 ingenti
1333 1647 1397 1686 ac
1434 1632 1620 1686 divina
1648 1631 1915 1702 dignitate
1952 1639 2038 1688 est

462 1719 744 1788 praeditus,
776 1722 1052 1790 quomodo
1093 1737 1203 1775 non
1235 1722 1430 1792 plenis,
1464 1731 1523 1777 ut
1563 1724 1740 1790 aiunt,
1775 1727 1914 1780 velis
1957 1725 2039 1781 fe-

458 1818 608 1874 retur
646 1810 713 1864 ad
747 1827 809 1866 ea
841 1812 1149 1883 peragenda
1177 1829 1299 1883 qua:
1330 1815 1510 1869 velit?

2137 617 2299 681 εὐθὺς
2337 618 2626 689 εὑρηκέναι
2658 618 2793 688 φησὶ
2827 616 2918 670 τὸν
2959 617 3212 688 Χριστὸν,
3240 617 3363 671 οὐδὲ
3395 617 3454 670 ἐν
3481 617 3717 689 πρώτοις

2137 710 2338 780 ἑαυτῆς
2364 710 2606 780 είσφέρει
2635 709 2886 782 διήγησιν
2907 709 2998 763 τὸν
3043 709 3251 779 Ἰησοῦν
3285 725 3298 740 ·
3323 704 3362 781 ἦ
3389 710 3497 782 γὰρ
3524 710 3590 764 ἂν
3619 714 3718 767 καὶ

2136 800 2431 872 διεπτύσθη
2458 801 2702 865 δικαίως,
2727 803 2802 866 ὡς
2827 801 2962 855 πολὺ
2999 801 3098 870 μὲν
3122 785 3417 873 τίμέτρον
3446 802 3554 856 τῶν
3575 803 3714 874 αὐτῇ

2137 895 2457 965 πρεπόντων
2485 894 2848 949 ἀναϐαίνουσα
2885 892 3081 962 λόγων,
3113 895 3213 947 οὐκ
3248 895 3497 963 ἀγνῶτας
3521 895 3578 949 δὲ
3608 897 3719 950 τῶν

2137 988 2308 1054 αὐτῆς
2339 987 2554 1058 τρόπων
2605 987 2733 1050 τοὺς
2763 986 3146 1058 ἀκροωμένους
3190 986 3538 1058 εὑρίσκουσα.
3572 988 3718 1058 Προ-

2136 1076 2484 1149 εξευμαρίζει
2531 1077 2818 1148 τοιγαροῦν
2861 1079 2940 1149 τῷ
2974 1079 3248 1150 θαύματι,
3285 1080 3381 1133 καὶ
3429 1081 3506 1152 τῷ
3539 1099 3720 1152 παρα-

2136 1170 2273 1241 δόξῳ
2317 1170 2842 1242 προκαταπλήξασα,
2887 1171 3167 1243 λειοτέραν
3201 1171 3390 1244 ὥσπερ
3435 1176 3500 1246 τῇ
3536 1174 3716 1227 πίστει

2135 1263 2236 1334 τὴν
2269 1263 2386 1316 ὁδὸν
2425 1262 2820 1336 ἀπεργάζεται.
2859 1281 2880 1317 ι
2919 1263 3120 1330 Δεῦτε,
3162 1264 3257 1318 καὶ
3303 1265 3441 1319 ῐδετε
3466 1307 3481 1331 ,
3513 1285 3533 1319 ι
3580 1267 3719 1337 φησὶ

2139 1354 2396 1418 συνετῶς,
2428 1356 2709 1427 μονονουχὶ
2736 1356 3096 1428 θερμοτέραις
3125 1357 3304 1428 βοῶσα
3338 1359 3546 1428 φωναῖς
3568 1375 3583 1389 ·
3612 1361 3719 1430 ἀρ-

2137 1447 2288 1501 κέσει
2317 1448 2409 1501 καὶ
2437 1449 2574 1518 μόνη
2606 1448 2744 1521 πρὸς
2777 1448 2958 1502 πίστιν
2984 1451 3016 1520 ή
3041 1449 3157 1512 θέα,
3188 1451 3281 1503 καὶ
3306 1449 3719 1523 πληροφορήσει

2139 1539 2411 1609 παρόντας
2449 1539 2890 1610 ἀξιολογωτέροις
2917 1543 3031 1604 τοῖς
3073 1539 3364 1611 θαύμασιν,
3403 1541 3463 1594 Ὀ
3491 1541 3600 1612 γὰρ
3635 1560 3722 1610 γι-

2138 1631 2362 1684 νώσκων
2387 1631 2456 1685 τά
2489 1633 2864 1703 κεκρυμμένα,
2895 1632 2988 1685 καὶ
3019 1632 3080 1685 τὸ
3111 1632 3256 1703 μέγα
3294 1632 3451 1688 τοῦτο
3479 1635 3572 1688 καὶ
3599 1634 3718 1688 θεον

2113 1721 2347 1791 *πρεπὲς
2375 1722 2592 1792 ἀξίωμα
2617 1722 2824 1793 λαχὼν,
2843 1725 2961 1786 πῶς
2991 1725 3091 1778 οὐκ
3124 1723 3183 1788 ἐξ
3209 1724 3457 1797 ὲξουρίας
3489 1727 3719 1797 δραμεῖ-

2139 1831 2230 1868 ται
2252 1814 2388 1885 πρὸς
2419 1813 2518 1885 τήν
2540 1807 2613 1868 ὧν
2641 1813 2706 1868 ἂν
2734 1813 2974 1884 βούλοιτο
3007 1815 3321 1887 πλήρωσιν;

532 1902 690 1973 195
721 1902 809 1968 IV,
851 1903 940 1960 30.
976 1903 1235 1959 Exierunt
1264 1921 1387 1977 ergo
1422 1906 1486 1961 de
1515 1908 1748 1976 civitate,
1781 1920 1830 1966 et
1863 1913 2031 1968 venie-

2222 1903 2510 1972 Ἐξῆλθον
2536 1899 2648 1959 οὖν
2673 1904 2741 1958 ἐκ
2758 1904 2868 1974 τῆς
2891 1905 3142 1972 πόλεως,
3161 1907 3258 1961 καὶ
3283 1906 3544 1978 ἤρχοντο
3567 1910 3720 1978 πρὸς

457 1992 585 2047 bant
620 1995 688 2048 ad
713 2013 851 2052 eum.

521 2086 840 2143 Judaeorum
875 2090 1133 2149 duritiem
1171 2095 1647 2153 Samaritanorum
1676 2097 1915 2154 facilitas
1945 2112 2038 2152 ar-

453 2177 593 2246 guit,
627 2187 682 2234 et
715 2179 935 2236 illorum
986 2176 1288 2244 crudelitas
1338 2189 1393 2243 in
1435 2191 1666 2247 istorum
1699 2191 2038 2249 humanitate

451 2271 656 2326 elucet.
713 2271 814 2328 Hic
865 2277 1087 2332 rursum
1143 2279 1393 2336 discendi
1442 2283 1729 2341 studiosus
1785 2284 2040 2340 observet

453 2369 657 2429 quanta
684 2364 755 2417 sit
785 2365 839 2418 in
870 2368 1117 2438 utrisque
1141 2386 1352 2425 morum
1378 2372 1778 2443 discrepantia,
1805 2383 1868 2428 ut
1888 2384 2037 2432 certe

452 2467 565 2506 non
603 2452 878 2512 immerito
901 2460 1132 2516 miretur
1159 2461 1345 2519 Jesum
1373 2465 1722 2522 recedentem
1757 2482 1787 2521 a
1816 2466 2034 2524 Judzeoo

390 2534 397 2542 ’
452 2559 573 2597 rum
603 2544 914 2619 Synagoga,
961 2562 1015 2606 et
1049 2554 1369 2625 alienigenis
1409 2558 1652 2626 seipsum
1687 2558 2032 2630 largientem.

453 2632 612 2699 Quod
662 2637 808 2692 enim
859 2638 1068 2721 Judaais
1115 2652 1386 2700 venturus
1443 2655 1593 2702 esset
1642 2647 1920 2715 Christus,
1980 2657 2036 2704 et

449 2740 591 2794 quas
619 2727 689 2781 ob
721 2743 809 2784 res
842 2735 1193 2801 appariturus
1231 2744 1402 2802 esset,
1441 2737 1680 2794 Mosaica
1705 2741 1792 2796 lex
1825 2741 2038 2797 denun-

450 2820 644 2886 tiabat,
699 2830 753 2890 et
805 2825 1164 2893 gravissimus
1231 2829 1326 2884 ille
1383 2830 1775 2900 prophetarum
1827 2833 2034 2892 chorus

447 2914 798 2983 praedicabat,
822 2922 987 2987 atque
1014 2917 1153 2987 ipsis
1179 2922 1577 2990 propemodum
1599 2921 1812 2978 foribus
1838 2925 2034 2982 adesse

447 3003 882 3074 demonstrabat,
915 3010 1147 3066 dicens:
1187 3030 1208 3063 ι
1259 3012 1401 3068 Ecce
1451 3013 1598 3071 Deus
1643 3025 1856 3082 noster,
1905 3034 2034 3075 ecce

445 3093 712 3152 Dominus
741 3099 783 3154 ⁸.
825 3119 843 3152 ›
889 3099 956 3153 Ει
999 3113 1310 3170 postremus
1359 3106 1606 3160 omnium
1661 3124 1894 3180 magnus
1939 3111 2034 3164 ille

447 3185 590 3242 inter
626 3197 789 3245 natos
824 3192 1117 3247 mulierum
1149 3194 1411 3260 Joannes,
1447 3208 1773 3269 praesentem
1805 3201 1918 3270 jam
1978 3211 2032 3257 et

2139 1997 2344 2050 αὐτόν.

2213 2087 2474 2158 Ἔλεγχος
2522 2087 2624 2158 τῆς
2666 2086 2931 2143 Ἰουδαίων
2971 2089 3400 2162 σκληροκαρδίας
3455 2091 3492 2162 ἡ
3530 2092 3721 2165 Σαμα-

2140 2183 2334 2255 ρειτῶν
2376 2184 2689 2250 εὐπείθεια,
2740 2187 2834 2240 καὶ
2874 2186 2934 2239 τὸ
2972 2187 3030 2241 ὲν
3075 2187 3306 2252 ἐκείνοις
3352 2188 3721 2262 ἀπάνθρωπον

2137 2276 2197 2329 ἑν
2239 2279 2308 2346 τῇ
2345 2274 2551 2330 τούτων
2602 2277 2902 2350 ἡμερότητι
2949 2279 3313 2348 διαφαίνεται,
3378 2281 3490 2334 Καὶ
3533 2282 3721 2354 ὁράτω

2138 2368 2302 2422 πάλιν
2327 2369 2354 2422 6
2400 2368 2703 2440 φιλομαθὴς
2739 2369 2840 2441 τῆς
2875 2372 2933 2424 ὲν
2967 2371 3171 2441 ἀμφοῖν
3211 2372 3377 2439 ἕξεως
3402 2374 3499 2444 τὴν
3529 2373 3718 2443 διαφο-

2141 2459 2272 2531 ράν,
2313 2460 2403 2514 ἵνα
2425 2460 2489 2531 δὴ
2520 2461 2612 2514 καὶ
2655 2461 2799 2532 μάλα
2830 2462 3054 2525 δικαίως
3080 2463 3447 2538 ἀποθαυμάζῃ
3481 2467 3574 2521 τὸν
3608 2468 3717 2539 Ἰη-

2139 2549 2264 2604 σοῦν
2289 2553 2390 2621 τῆς
2420 2551 2518 2621 μὲν
2535 2551 2642 2605 τῶν
2659 2551 2924 2607 Ἰουδαίων
2941 2554 3326 2626 ἀποδημοῦντα
3357 2555 3717 2629 Συναγωγῆς,

2137 2643 2328 2696 ἑαυτὸν
2397 2643 2454 2696 δὲ
2527 2643 2729 2714 μᾶλλον
2792 2647 2904 2709 τοῖς
2972 2645 3285 2715 ἀλλογενέσι
3345 2648 3714 2726 δωρούμενον.

2148 2732 2424 2799 Ἰουδαίοις
2456 2734 2554 2805 μὲν
2593 2736 2702 2807 γάρ
2734 2737 2815 2790 ὅτι
2843 2736 2963 2807 ἥξει
2997 2737 3090 2791 καὶ
3129 2739 3222 2791 ἐπὶ
3251 2739 3393 2793 τίσιν
3423 2742 3719 2810 ἀναφανεῖσ-

2135 2840 2224 2878 ται
2257 2824 2508 2894 Χριστὸς,
2537 2826 2565 2878 6
2597 2824 2686 2879 διὰ
2711 2826 2952 2890 Μωσέως
2981 2829 3267 2898 διήγγελλε
3289 2829 3470 2901 νόμος,
3502 2849 3720 2903 προφη-

2133 2913 2245 2967 τῶν
2271 2913 2329 2967 δὲ
2365 2917 2394 2968 6
2428 2916 2739 2988 πάνσεμνος
2769 2917 3103 2990 ἀνεκήρυττε
3136 2921 3296 2991 χορὸς
3320 2963 3333 2986 ,
3389 2922 3484 2975 καὶ
3523 2939 3717 2993 μονον·
3745 2963 3754 2969 -

2134 3007 2256 3076 ουχὶ
2281 3007 2526 3078 παρόντα
2567 3008 2752 3062 λοιπὸν
2785 3009 2876 3062 ἐπὶ
2915 3010 3106 3081 θύραις
3153 3011 3464 3067 ἐπεδείκνυε
3499 3014 3674 3084 λέγων
3699 3033 3713 3047 '
3788 3041 3792 3044 ·

2141 3116 2160 3149 ι
2199 3098 2332 3152 Ἰδοὺ
2361 3103 2390 3154 ὁ
2420 3100 2552 3164 Θεὸς
2579 3100 2736 3172 ἡμῶν
2754 3142 2768 3166 ,
2808 3101 2915 3155 ίδοὺ
2945 3103 3167 3174 Κύριος.
3202 3123 3221 3156 ι
3269 3106 3378 3159 Καὶ
3405 3105 3716 3172 τελευταῖος

2135 3188 2229 3240 ὲπ).
2255 3190 2420 3242 πᾶσιν
2457 3191 2485 3242 6
2513 3190 2686 3261 μέγας
2714 3192 2772 3245 ἐν
2798 3196 3076 3264 γεννητοῖς
3117 3195 3389 3262 γυναικῶν
3435 3197 3712 3270 Ἰωάννης,

443 3290 866 3336 conversantem
907 3286 1274 3350 monstrabat,
1307 3288 1496 3346 dicens
1530 3309 1543 3345 :
1585 3309 1604 3343 ι
1651 3290 1792 3347 Ecce
1841 3296 2030 3364 Agnus

2134 3277 2235 3349 ήδη
2267 3278 2574 3348 πεφηνότα,
2606 3279 2700 3333 καὶ
2725 3280 3180 3352 συνδιαιτώμενον
3214 3282 3447 3354 φανερὸν
3477 3283 3712 3355 καθίστη

447 3370 562 3436 Dei,
607 3373 698 3442 qui
735 3375 877 3428 tollit
919 3385 1199 3445 peccatum
1242 3381 1430 3436 mundi
1462 3381 1506 3437 ⁸.
1551 3400 1570 3434 ι
1614 3383 1678 3438 Et
1720 3383 1868 3454 quod
1908 3401 2031 3440 om-

443 3478 570 3517 nem
610 3464 1034 3522 admirationem
1081 3479 1327 3540 superat,
1369 3473 1669 3527 multorum
1700 3489 1937 3544 operum
1977 3475 2029 3532 vi

445 3567 511 3608 ac
561 3564 833 3624 potestate
882 3558 1069 3614 divina
1129 3564 1372 3632 seipsum
1427 3564 1680 3621 Salvator
1726 3567 2026 3623 revelabat.

444 3650 584 3716 Quid
616 3653 781 3722 igitur
817 3653 894 3706 illi
930 3654 995 3708 ad
1039 3654 1247 3711 nefaria
1283 3660 1518 3715 consilia
1555 3662 1865 3732 praecipites
1908 3679 2028 3728 ma:

443 3743 779 3798 chinantur?
801 3743 1028 3799 Mortem
1057 3748 1179 3816 ejus
1209 3748 1413 3820 injuste
1437 3761 1722 3822 appetunt,
1751 3754 2027 3811 insidian-

443 3841 536 3887 tur
569 3835 756 3905 impie,
805 3839 1006 3893 caedem
1066 3842 1366 3897 crudeliter
1403 3844 1816 3910 machinantur,
1861 3855 1916 3902 et
1960 3848 2028 3904 de

444 3933 592 3980 terra
623 3941 688 3981 ac
719 3929 944 3984 civitate
977 3946 1076 3987 sua
1116 3934 1348 4003 ejiciunt
1389 3935 1580 4002 vitam,
1623 3936 1828 4003 lumen,
1877 3939 2026 3994 illam
2064 3948 2074 3972 ‘

443 4019 690 4073 omnium
741 4022 996 4088 salutem,
1032 4026 1178 4079 viam
1233 4026 1410 4095 regni,
1459 4035 1514 4082 et
1542 4037 1890 4095 peccatorum
1939 4047 2027 4086 re-

443 4110 788 4177 missiOnem,
831 4123 996 4186 atque
1043 4118 1355 4187 adoptionis
1399 4117 1454 4172 in
1493 4118 1586 4174 Dei
1631 4122 1771 4179 filios
1802 4123 2027 4195 largito-

441 4215 577 4256 rem.
634 4201 904 4268 Quocirca
958 4205 1208 4260 Salvator
1261 4208 1385 4275 jure
1436 4209 1695 4268 dicebat:
1741 4232 1761 4265 ι
1800 4212 2028 4271 Jerusa-

441 4293 571 4357 lem,
607 4293 930 4364 Jerusalem,
966 4315 1088 4369 qua:
1115 4299 1326 4354 occidis
1359 4303 1678 4372 prophetas,
1713 4312 1770 4360 et
1812 4307 2024 4376 lapidas

441 4396 537 4436 eos
571 4383 661 4450 qui
691 4383 760 4437 ad
792 4393 844 4441 te
881 4387 1035 4442 missi
1065 4396 1229 4442 sunt:
1264 4389 1482 4458 quoties
1512 4393 1661 4446 volui
1688 4409 2024 4467 congregare

441 4471 584 4529 filios
613 4481 761 4541 tuos,
807 4479 1083 4546 quomodo
1123 4479 1326 4548 gallina
1354 4493 1652 4554 congregat
1687 4487 1862 4556 pullos
1891 4505 2020 4546 suos

2131 3371 2322 3440 λέγων,
2363 3390 2382 3424 ι
2411 3374 2515 3426 ’Ῑδε
2548 3374 2575 3425 6
2603 3373 2800 3445 Ἀμνὺς
2831 3375 2925 3428 τοῦ
2966 3375 3099 3428 Θεοῦ
3131 3377 3159 3430 6
3191 3375 3363 3448 αίρων
3400 3379 3500 3448 τὴν
3527 3379 3712 3450 ἀμαρ-

2131 3462 2249 3515 τίαν
2281 3463 2376 3517 τοῦ
2404 3464 2630 3535 κόσμου.
2653 3484 2672 3517 ι
2709 3465 2818 3519 Καὶ
2852 3465 2974 3518 τότε
2999 3466 3216 3520 πάντων
3257 3468 3708 3542 παραδοξότερον,

2130 3555 2218 3608 διά
2247 3555 2457 3610 πολλῶν
2507 3558 2849 3630 πραγμάτων
2872 3599 2887 3624 ,
2935 3558 3220 3630 δυνάμεως
3247 3579 3305 3613 τε
3345 3562 3437 3615 καὶ
3463 3561 3713 3627 ἐξουσίας

2131 3647 2470 3722 θεοπρεποῦς
2504 3650 2695 3704 ἑαυτὸν
2723 3653 2760 3704 ’ὁ
2781 3652 2974 3724 Σωτὴρ
3004 3651 3358 3718 ὲξεκάλυπτε.
3411 3653 3478 3707 Τί
3507 3655 3572 3726 δὴ
3601 3655 3712 3708 λοι-

2129 3736 2231 3790 πὸν
2256 3739 2349 3791 ἐπὶ
2372 3737 2586 3804 τούτοις
2611 3741 2662 3792 οἱ
2701 3741 2840 3810 πρὸς
2872 3742 3137 3805 ἐκτύπους
3172 3741 3417 3812 ἀχάλινοι
3443 3742 3711 3813 μελετῶσι

2130 3829 2363 3901 βουλάς;
2414 3831 2652 3886 Φονῶσιν
2701 3833 2924 3898 ἀδίκως,
2957 3833 3365 3891 ὲπιῦουλεύουσι
3407 3835 3708 3900 δυσσεϐῶς,

2129 3922 2348 3993 φονοῦσι
2387 3924 2738 3998 δυστρόπως,
2775 3927 2878 3997 γῆς
2906 3943 2967 3979 τε
2997 3925 3090 3980 καὶ
3131 3927 3341 3991 πόλεως
3373 3929 3470 3999 τῆς
3501 3926 3712 3981 ἑαυτῶν

2127 4017 2472 4084 ἐξελαύνουσι
2505 4020 2603 4091 τὴν
2634 4018 2809 4092 ζωὴν,
2837 4021 2898 4073 τὸ
2932 4020 3047 4090 φῶς
3069 4061 3085 4085 ,
3119 4020 3220 4093 τὴν
3249 4021 3512 4076 ἁπάντων
3533 4038 3710 4100 σωτηο

2129 4111 2269 4183 ρίαν,
2295 4113 2394 4182 τὴν
2419 4113 2499 4174 είς
2520 4111 2795 4182 βασιλείαν
2827 4111 2963 4176 ὁδὸν,
2987 4112 3078 4164 καὶ
3101 4111 3210 4164 τῶν
3246 4111 3711 4182 πλημμελούντων
3793 4163 3813 4181 κ

2125 4201 2222 4273 τὴν
2267 4202 2493 4272 ἄφεσιν,
2535 4202 2634 4273 τῆς
2669 4202 2942 4267 υἱοθεσίας
2977 4203 3068 4256 τὸν
3102 4204 3356 4274 χορηγόν.
3416 4203 3517 4256 Διὰ
3548 4204 3709 4257 τοῦτο

2124 4295 2348 4358 δικαίως
2378 4294 2614 4365 ἔφασκεν
2651 4297 2678 4349 6
2709 4296 2902 4366 Σωτήρ
2925 4313 2937 4327 ·
2977 4315 2996 4349 ι
3033 4297 3409 4368 Ἰερουσαλὴμ,
3435 4297 3706 4365 Ἰερουσα-

2124 4386 2256 4459 λὴμ,
2278 4390 2312 4460 ή
2339 4388 2735 4444 ἀποκτείνουσα
2755 4389 2881 4452 τοὺς
2904 4389 3212 4459 προφήτας,
3236 4390 3330 4441 καὶ
3353 4384 3706 4462 λιθοϐολοῦσα

2123 4481 2247 4543 τοὺς
2285 4479 2727 4550 ἀπεσταλμένους
2774 4479 2909 4548 πρὸς
2947 4477 3116 4549 αὐτὴν
3139 4517 3154 4541 ,
3200 4479 3432 4542 ποσάκις
3464 4466 3705 4547 ἠθέλησα

440 4564 545 4620 sub
571 4566 709 4630 alas,
744 4575 798 4622 et
838 4567 1100 4624 noluisti?
1144 4569 1283 4626 Ecce
1326 4572 1673 4654 relinquetur
1730 4579 1885 4634 vobis
1925 4581 2024 4636 do-

2130 4577 2550 4643 ὲπισυναγαγεῖν
2577 4573 2644 4626 τὰ
2666 4572 2830 4626 τέκνα
2856 4589 2969 4637 σου,
2997 4571 3056 4624 ὃν
3073 4570 3273 4641 τρόπον
3297 4571 3445 4642 ὅρνις
3477 4571 3705 4624 ἐπισυν-

441 4672 565 4710 mus
592 4667 768 4712 vestra
800 4659 1017 4714 deserta
1043 4660 1105 4712 ¹⁰.
1142 4678 1161 4711 ι
1194 4654 1526 4719 Samdritani
1550 4681 1681 4721 vero
1703 4667 2018 4728 Iudaeorum

443 4750 695 4804 vecordia
724 4751 983 4805 videntur
1019 4753 1279 4821 potiores,
1314 4771 1546 4826 quorum
1578 4760 1832 4818 duritiem
1880 4763 2020 4819 faci-

439 4839 594 4895 litate
624 4858 722 4896 sua
759 4843 1062 4909 vincentes,
1096 4860 1206 4898 uno
1229 4845 1502 4903 duntaxat
1531 4851 1717 4906 audito
1749 4855 2019 4910 miraculo

439 4930 730 4988 confestim
785 4934 853 4989 ad
902 4933 1089 4989 Jesum
1151 4950 1468 5006 accurrunt,
1531 4958 1639 4998 non
1697 4953 2015 5002 sanctorum

438 5024 831 5092 prephctarum
856 5025 1082 5081 vocibus
1117 5029 1350 5094 inducti,
1376 5047 1486 5086 non
1518 5032 1772 5091 Mosaicis
1809 5050 2018 5104 praeco-

437 5113 568 5177 niis,
608 5123 699 5166 aut
741 5111 971 5170 Joannis
1026 5117 1383 5188 indicatione,
1432 5123 1528 5178 sed
1579 5125 1744 5180 unius
1793 5125 2020 5196 ejusque

437 5205 764 5273 peccatricis
818 5207 1149 5264 mulierculae
1207 5215 1545 5269 narratione.
1618 5214 1751 5269 Jure
1833 5216 2020 5287 itaque

441 5294 748 5351 Servatoris
786 5298 838 5351 in
868 5315 962 5354 eos
993 5302 1331 5361 admirantes
1358 5306 1712 5374 sententiam,
1745 5311 2019 5367 exclame-

439 5399 602 5438 mus:
639 5403 658 5436 ι
688 5385 880 5444 Justus
932 5401 1011 5455 es,
1052 5391 1312 5460 Domine,
1369 5405 1422 5451 et
1463 5406 1674 5450 rectum
1743 5399 2014 5467 judicium

437 5481 587 5527 tuum
624 5476 686 5528 υ.
731 5495 749 5529 ι

2125 4665 2248 4734 ἀγει
2280 4664 2348 4718 τά
2381 4665 2571 4720 νοσσία
2598 4664 2796 4734 ἑαυτῆς
2829 4661 2934 4714 ὑπὸ
2967 4661 3063 4725 τάς
3099 4661 3405 4732 πτέρυγας,
3460 4661 3555 4714 καὶ
3604 4661 3708 4714 οὐκ

2121 4757 2422 4828 ἠθελήσατε
2445 4755 2608 4828 ;Ἰδοὺ
2637 4754 2856 4822 ἀφίεται
2886 4753 3016 4824 ὑμῖν
3041 4749 3228 4816 ὀοϊκος
3252 4752 3280 4804 ύ
3289 4752 3406 4824 μῶν
3425 4751 3524 4824 ἔρη
3534 4769 3655 4821 μος.
3681 4770 3699 4802 ι

2121 4850 2454 4920 Σαμαρεῖται
2476 4847 2531 4899 δὲ
2559 4845 2670 4899 τῶν
2697 4845 2962 4906 Ἰουδαίων
3016 4845 3273 4909 ἀπονοίας
3316 4844 3705 4912 ἀναφαίνονται

2120 4941 2430 5012 κρείττονες
2453 4979 2468 5004 ,
2496 4939 2592 4992 καὶ
2622 4938 2721 5010 τὴν
2752 4937 2976 4992 ἐνοῦσαν
3003 4939 3188 5002 αὐτοῖς
3219 4936 3551 5004 δυσμάθειαν
3583 4938 3704 4999 ταῖς

2121 5029 2457 5093 εὐπειθείαις
2481 5028 2804 5099 νικήσαντες
2823 5072 2836 5095 ,
2870 5028 2986 5092 ἐνὸς
3016 5028 3110 5081 καὶ
3139 5028 3301 5098 μόνου
3330 5026 3705 5082 κατακούσαν-

2120 5141 2211 5186 τες
2257 5121 2562 5192 θαύματος,
2608 5120 2856 5192 δρομαῖοι
2884 5119 3187 5190 βαδίζουσιν
3217 5120 3310 5173 ἐπὶ
3339 5121 3429 5174 τὸν
3471 5119 3699 5189 Ἰησοῦν,

2119 5216 2180 5268 οὐ
2205 5216 2327 5277 ταῖς
2349 5212 2458 5265 τῶν
2485 5212 2653 5280 ἁγίων
2673 5211 2966 5283 προφητῶν
2983 5211 3444 5280 ἀναπεπεισμένοι
3471 5214 3699 5280 φωναῖς,

2119 5308 2180 5359 οὐ
2214 5307 2529 5366 Μωσαῖκοῖς
2563 5303 2941 5375 κηρύγμασιν,
2995 5303 3026 5374 ἢ
3065 5305 3194 5367 ταῖς(
3223 5304 3470 5358 Ἰωάννου
3495 5304 3698 5358 δακτυ-

2119 5398 2430 5463 λοδειξίαις,
2503 5397 2640 5451 ἀλλά
2696 5397 2826 5468 μιᾶς
2894 5397 3078 5459 αὐτοῖς
3138 5395 3542 5466 ἐξηγουμένης,
3605 5397 3698 5449 καὶ

2121 5492 2278 5548 τοῦτο
2314 5489 2637 5562 ἀμαρτωλοῦ
2671 5488 2946 5558 γυναικός.
3007 5487 3258 5557 Εύλόγως
3284 5488 3568 5560 τοιγαροῦν
3598 5489 3700 5559 τὴν

437 5566 521 5617 ἐπ’
553 5569 748 5633 αὐτοὺς
780 5572 873 5625 τοῦ
903 5574 1154 5646 Σωτῆρος
1186 5574 1666 5646 ἀποθαυμάξοντες
1689 5579 1888 5652 ψῆφον,
1918 5585 2014 5640 καὶ
2049 5588 2210 5659 ἡμεῖς
2237 5582 2722 5655 ἀναφθεγξώμεθα·
2774 5604 2792 5637 ι
2815 5584 3030 5650 Δίκαιος
3061 5573 3145 5651 εἷ’,
3177 5584 3347 5656 Κύριε
3372 5626 3387 5652 ,
3446 5586 3538 5638 καὶ
3602 5589 3697 5641 εὐ-

438 5655 557 5709 θεῖα
587 5661 620 5729 ὴ
663 5662 843 5741 κρίσις
870 5681 984 5719 σου.
1019 5685 1038 5719 ι

497 5809 518 5870 δ
557 5836 659 5896 lsa.
695 5858 784 5910 ιιι,
819 5843 873 5898 9.
953 5843 972 5874 ’
1004 5841 1162 5898 Joan.
1197 5859 1232 5911 ι,
1261 5843 1350 5899 ‘29.
1407 5846 1475 5925 _‘°
1507 5846 1696 5906 Matth.
1725 5867 1881 5920 XXIII,
1905 5854 1992 5924 57,
2023 5857 2112 5915 38.
2195 5860 2232 5891 ”
2266 5857 2410 5915 Psal.
2443 5873 2644 5925 cxvm,
2686 5857 2806 5914 {'57.

1398 5920 1415 5953 I
