4106 6524
402 339 504 394 321

1449 329 1515 386 ΙΝ
1556 328 1850 386 JOANNIS
1873 325 2341 386 EVANGELIUM
2379 325 2511 382 LIB.
2548 326 2616 408 III.

3583 324 3694 377 322

491 451 596 504 Ἑν
609 447 679 502 δὲ
687 444 770 513 τῷ
775 441 1008 516 μεταξὺ
1019 441 1266 512 ἠρώτων
1279 441 1388 497 αὐτ
1394 442 1466 498 ὸν
1479 445 1534 497 ol
1545 442 1804 514 μαθηταί.
1815 445 1892 497 αὐ
1899 442 1994 496 τοί

2179 438 2270 506 IV,
2304 440 2392 495 51.
2432 421 2644 494 interea
2689 437 2949 510 rogabant
2994 453 3114 492 eum
3159 434 3413 505 discipuli
3451 434 3588 506 ejus,
3618 437 3694 489 di-

392 541 690 609 λέγοντες
709 552 725 570 ·
773 535 986 598 Ῥαϐϐί,
1013 534 1192 603 φάγε.
1233 533 1295 586 '0
1326 531 1394 586 δὲ
1417 533 1588 588 εἶπεν
1613 532 1838 599 αὐτοῖς.

471 631 770 700 Οίκονομεῖ
801 627 900 699 μὲν
935 626 1136 698 ἄριστα
1178 624 1276 679 τοῦ
1306 623 1514 695 βιϐλίου
1541 624 1638 697 τὴν
1671 623 1998 696 συγγραφὴν

389 725 424 777 ὁ
454 721 749 781 θεσπέσιος
794 715 1221 787 εύαγγελιστὴς,
1270 713 1684 787 παραλιμπάνει
1737 713 1796 766 δὲ
1843 712 1998 767 οὐδὲν

388 814 509 868 τῶν
539 814 641 868 ὅσα
681 811 746 882 δὴ
787 811 1005 873 πάντως
1037 811 1150 871 τοῖς
1195 806 1603 878 ἐντευξομένοις
1651 805 1873 878 ἔσεσθαι
1908 823 1998 858 πι-

393 903 586 956 στεύει
608 898 886 970 λυσιτελῆ.
927 899 1128 951 Ἀκουε
1153 896 1332 951 τοίνυν
1358 897 1508 960 ὅπως
1538 897 1671 968 ἡμῖν
1702 895 1998 964 ἀξιολογω-

388 997 565 1051 τάτου
606 993 937 1067 πράγματος
971 991 1237 1061 γεγονότα
1275 990 1439 1046 πάλιν
1483 989 1854 1062 ὑπογραμμὸν
1885 991 2000 1042 είσ-

392 1089 559 1160 φέρει
579 1086 674 1140 τὸν
711 1083 942 1156 Ἰησοῦν.
978 1083 1146 1138 Οὐδὲν
1177 1082 1285 1154 γὰρ
1317 1077 1470 1154 οἶμαι
1504 1081 1782 1135 τεθεῖσθαι
1817 1081 1996 1152 μάτην

389 1181 455 1234 ὲν
483 1182 606 1241 ταῖς
637 1177 746 1230 τῶν
770 1176 944 1246 ἁγίων
979 1176 1345 1245 συγγραφαῖς,
1381 1173 1516 1228 ἀλλὰ
1537 1174 1631 1226 καὶ
1660 1173 1796 1244 ὅπερ
1822 1173 1888 1227 άν
1914 1189 1996 1236 τις

387 1272 580 1342 οἴηται
612 1268 810 1340 μικρὸν
829 1309 845 1335 ,
893 1267 993 1321 οὐκ
1033 1265 1512 1338 εὐκαταφρόνητον
1540 1264 1729 1318 ὠδῖνον
1767 1263 1881 1316 ἐσθ’
1906 1263 1996 1316 ὅτε

387 1364 496 1436 τὴν
519 1361 796 1432 ὠφέλειαν
824 1359 1160 1430 εὑρίσκεται.
1223 1357 1554 1429 ’Δρξάμενος
1579 1353 1872 1426 τοιγαροῦν
1896 1355 1995 1424 τῆς

388 1449 760 1524 Σαμαρειτῶν
791 1451 1148 1522 ἐπιστροφῆς,
1165 1449 1260 1503 καί
1281 1449 1406 1502 ὅσον
1433 1446 1646 1500 οὐδέπω
1684 1445 1996 1516 προσδοκωο

393 1546 579 1616 μένων
607 1541 788 1599 αὐτῶν
810 1559 826 1574 ο
873 1541 990 1613 ⁴ᾔδει
1017 1541 1126 1612 γὰρ
1166 1539 1396 1612 ἥξοντας
1436 1539 1513 1604 ὡς
1535 1539 1666 1601 Θεός
1690 1556 1704 1569 ·
1751 1537 1870 1601 ὅλος
1894 1537 1993 1608 μὲν

387 1632 456 1700 ἐξ
483 1635 615 1691 ὅλου
637 1632 780 1704 πρὸς
813 1632 912 1703 τὴν
944 1631 1052 1685 τῶν
1080 1630 1434 1702 κεκλημένων
1477 1628 1753 1702 σωτηρίαν
1785 1627 1991 1682 συντεί-

389 1741 578 1790 νεται,
631 1726 872 1777 ποιεῖται
913 1723 972 1777 δὲ
1018 1723 1176 1793 λόγον
1222 1723 1414 1778 οὐδένα
1455 1725 1555 1795 τῆς
1603 1723 1698 1775 τοῦ
1744 1720 1994 1792 σώματος

2101 542 2317 587 centes:
2350 530 2540 595 Rabbi,
2572 531 2865 585 manduca.
2897 529 3001 585 Ille
3028 539 3207 583 autem
3243 527 3372 581 dicit
3414 529 3513 582 eis.

2175 625 2336 696 196
2377 624 2608 679 Divinus
2637 624 2974 694 evangelista
3011 619 3279 693 praeclaro
3303 621 3503 674 librum
3532 635 3695 676 suum

2099 718 2296 773 ordine
2326 718 2629 786 componit,
2666 716 2913 786 nihilque
2942 715 3310 786 praetermittit
3349 728 3540 768 eorum
3574 728 3696 782 quae

2098 807 2407 863 lectoribus
2440 808 2564 863 usui
2591 807 2708 863 fore
2742 807 3042 863 existimat.
3068 807 3209 861 Audi
3237 821 3369 876 ergo
3399 821 3510 876 quo
3534 815 3696 875 pacto

2097 901 2176 956 rei
2215 900 2653 971 praeclarissime
2682 898 2870 955 Jesum
2921 900 3083 955 nobis
3133 899 3446 969 exemplum
3495 910 3696 952 rursus

2096 1000 2324 1049 statuat.
2365 993 2515 1048 Nihil
2550 994 2698 1048 enim
2728 992 2947 1048 frustra
2976 993 3030 1046 in
3055 1004 3378 1047 sanctorum
3417 991 3573 1045 libris
3601 1004 3695 1060 po-

2096 1086 2264 1142 situm
2311 1101 2435 1142 esse
2462 1092 2618 1156 puto,
2659 1085 2754 1140 sed
2787 1084 2937 1154 quod
2982 1098 3213 1154 parvum
3243 1084 3551 1150 existimas,
3585 1097 3694 1136 non

2095 1176 2469 1247 peenitendam
2506 1177 2840 1247 quandoque
2887 1175 3185 1230 utilitatem
3230 1177 3508 1245 parturire
3551 1187 3695 1228 com-

2096 1269 2298 1340 perics.
2331 1269 2667 1339 Auspicatus
2690 1267 2860 1338 igitur
2887 1282 2918 1320 a
2948 1266 3430 1321 Samaritanorum
3460 1279 3696 1320 conver-

2096 1362 2274 1425 sione,
2301 1370 2357 1416 et
2384 1377 2508 1416 cum
2529 1361 2758 1430 jamjam
2782 1367 3244 1430 exspectarentur
3274 1358 3377 1428 ipsi
3412 1361 3697 1428 (venturos
3725 1393 3730 1398 -

2095 1454 2243 1509 enim
2274 1462 2530 1517 noverat,
2562 1460 2622 1507 ut
2648 1451 2836 1522 Deus),
2865 1459 3016 1508 totus
3048 1452 3103 1506 in
3141 1451 3373 1506 salutem
3391 1450 3696 1510 electorum

2095 1546 2389 1608 incumbit,
2431 1533 2714 1602 nutriendi
2769 1560 2901 1600 vero
2949 1544 3200 1614 corporis
3252 1557 3440 1598 curam
3489 1542 3697 1596 nullam

2097 1637 2279 1701 habet.
2323 1637 2453 1692 licet
2496 1638 2662 1692 etiam
2713 1653 2778 1692 ex
2825 1638 3024 1692 itinere
3063 1635 3422 1705 defatigatus,
3460 1640 3521 1688 ut
3557 1633 3698 1688 scri-

2099 1737 2256 1800 ptum
2314 1738 2400 1785 est
2432 1731 2512 1794 “,
2573 1745 2684 1800 quo
2737 1730 2998 1786 nimirum
3052 1727 3313 1783 Ecclesia:
3373 1727 3697 1782 doctoribus

386 1815 604 1887 τροφῆς
625 1856 640 1882 ,
668 1815 849 1870 καίτοι
878 1815 973 1869 καὶ
1001 1814 1303 1886 κεκμηκὼς
1337 1817 1403 1868 ὲκ
1423 1815 1524 1884 τῆς
1554 1813 1890 1884 ὁδοιπορίας,
1919 1812 1994 1876 ὡς

2096 1822 2278 1876 denuo
2307 1821 2502 1892 prosit,
2539 1829 2594 1877 et
2636 1821 2880 1876 laborem
2915 1820 3205 1892 aspernari
3255 1820 3475 1882 doceat,
3517 1817 3696 1886 majo-

389 1911 730 1980 γέγραπται,
763 1908 851 1962 ἵνα
877 1907 966 1961 διὰ
990 1907 1183 1960 τούτου
1218 1907 1380 1960 πάλιν
1404 1908 1531 1970 τοὺς
1563 1907 1619 1959 ὲν
1654 1908 1772 1968 ταῖς
1794 1903 1994 1974 ἐκκληο

399 2002 542 2066 σίαις
581 2001 848 2074 ὠφελήσῃ
873 2000 1232 2065 διδασκάλους
1252 2039 1267 2064 ,
1312 2000 1408 2054 καὶ
1442 1999 1691 2070 καμάτου
1725 1999 1824 2070 μὲν
1851 2013 1993 2051 παν-

399 2094 490 2159 τὸς
511 2089 782 2167 ἀναπείσῃ
828 2095 1132 2165 περιορᾷν,
1179 2093 1467 2165 κρείττονα
1505 2093 1560 2148 δὲ
1608 2092 1710 2162 τῆς
1749 2093 1878 2162 περὶ
1930 2090 1992 2143 τὸ

392 2187 558 2258 σῶμα
589 2187 873 2258 φροντίδος
926 2187 1026 2257 τὴν
1059 2188 1152 2240 ἐπὶ
1190 2189 1306 2251 τοῖς
1357 2185 1691 2256 σωζομένοις
1718 2183 1989 2240 ποιεῖσθαι

388 2279 655 2350 σπουδήν·
690 2297 710 2330 ι
741 2279 880 2332 Οὐαὶ
901 2277 1032 2351 γάρ,
1057 2279 1223 2351 φησιν
1243 2279 1272 2332 ὁ
1295 2280 1603 2352 προφήτης,
1633 2279 1682 2332 οἱ
1712 2277 1994 2340 ποιοῦντες

383 2372 451 2426 τὸ
483 2371 650 2444 ἔργον
677 2371 888 2444 Κυρίου
923 2372 1164 2443 ἀμελῶς.
1199 2389 1221 2426 ι
1261 2371 1378 2426 Ἵνα
1401 2371 1582 2426 τοίνυν
1630 2369 1994 2444 μανθάνωμεν

381 2465 448 2518 ὲν
498 2465 616 2526 τοῖς
654 2461 921 2527 τοιούτοις
967 2462 1204 2535 μάλιστα
1240 2463 1456 2536 καιροῖς
1501 2465 1712 2517 ἀσιτεῖν
1762 2462 1993 2517 εἰωθότα

382 2556 480 2610 τὸν
505 2555 748 2628 Κύριον,
793 2555 1118 2628 ἐρωτῶντας
1145 2555 1390 2629 εἰσφέρει
1421 2557 1548 2619 τοὺς
1575 2555 1854 2627 μαθητάς,
1901 2554 1998 2608 καὶ

387 2648 683 2720 μονονουχὶ
723 2647 1321 2720 προκυλινδουμένους,
1372 2649 1460 2703 ἵνα
1502 2649 1566 2721 δή
1600 2667 1652 2702 τι
1683 2649 1858 2721 βραχὺ
1885 2647 1997 2700 τῶν

2094 1927 2322 1982 remque
2355 1913 2552 1968 salutis
2579 1913 2955 1992 proximorum
2993 1927 3160 1982 quam
3188 1912 3273 1966 sui
3307 1911 3565 1980 corporis
3598 1924 3698 1964 cu-

2092 2019 2208 2058 ram
2244 2019 2460 2073 gerere.
2491 2023 2510 2056 ι
2546 2003 2636 2058 Va:
2657 2004 2826 2070 enim,
2860 2004 3046 2073 inquit
3069 2003 3359 2074 propheta,
3381 2004 3477 2072 qui
3514 2002 3697 2058 facitis

2096 2109 2234 2163 opus
2270 2091 2490 2148 Domini
2528 2093 2872 2165 negligenter
2909 2093 2973 2147 ¹³.
3017 2111 3035 2144 ι
3070 2091 3137 2147 Ut
3167 2107 3297 2163 ergo
3336 2092 3618 2147 discamus
3643 2091 3697 2145 in

2096 2184 2415 2241 istiusmodi
2459 2185 2697 2239 maxime
2727 2185 3067 2254 temporibus
3100 2183 3399 2239 Dominum
3440 2183 3698 2254 jejunare

2095 2276 2343 2340 solitum,
2379 2274 2791 2347 interrogantes
2840 2276 3052 2331 inducit
3099 2275 3424 2345 discipulos,
3476 2291 3541 2330 ac
3574 2283 3693 2329 tan~

2092 2377 2208 2424 tum
2243 2385 2356 2424 non
2405 2368 2642 2439 genibus
2695 2368 2994 2424 advolutos
3052 2375 3262 2438 petere,
3319 2375 3382 2421 ut
3419 2365 3697 2420 modicum

2093 2462 2226 2533 quid
2245 2477 2437 2517 eorum
2459 2476 2583 2532 quae
2615 2461 2977 2531 suppetebant
3013 2460 3068 2514 in
3102 2459 3480 2515 necessarium
3513 2458 3697 2514 cibum

2103 2561 2348 2626 caperet.
2387 2551 2665 2608 Petierant
2697 2555 2898 2623 quippe
2930 2552 3121 2608 urbem
3159 2561 3219 2608 ut
3247 2550 3404 2608 cibos
3432 2557 3698 2617 emerent,

2104 2661 2310 2716 eosque
2334 2643 2450 2715 jam
2494 2644 2815 2711 attulerant.

383 2744 854 2816 πεπορισμένων,
905 2744 981 2808 ὡς
1025 2743 1401 2817 ἀπαραίτητόν
1436 2764 1496 2800 τε
1545 2746 1640 2799 καὶ
1684 2744 1991 2814 ἀναγκαίαν
2031 2743 2320 2814 ποιήσαιτο
2366 2743 2596 2814 τροφήν.
2634 2739 3013 2813 Ἀπελύθησαν
3053 2741 3162 2810 γὰρ
3207 2741 3290 2806 είς
3355 2742 3456 2813 τὴν
3522 2738 3698 2797 πόλιν»

384 2839 477 2894 ἵνα
512 2840 724 2912 τροφὰς
771 2840 1121 2912 ἀγοράσωσιν
1143 2883 1160 2910 ,
1207 2842 1274 2905 ἃς
1309 2843 1403 2896 καὶ
1425 2842 1683 2914 παρῆσαν
1714 2841 1815 2913 ἤδη
1847 2840 2335 2910 συγκομισάμενοι.

477 2932 623 3004 Ἐγὼ
647 2933 889 3030 βρῶσιν
906 2934 1025 3004 ἔχω
1045 2934 1260 3006 φαγεῖν
1279 2977 1294 3003 ,
1323 2933 1405 3007 ἣν
1430 2935 1602 3006 ὑμεῖς
1629 2918 1742 2989 οὒκ
1771 2933 1992 2988 οἴδατε.

2173 2897 2380 2997 iV,52.
2419 2929 2534 3001 Ego
2586 2931 2760 2985 cibum
2807 2930 2973 2986 habeo
3017 2897 3360 2996 manducare,
3407 2937 3561 3000 quem
3609 2946 3698 2986 vos

2101 3025 2336 3078 nescitis.

462 3110 782 3182 Χαριέντως
817 3111 919 3183 μὲν
950 3113 979 3167 ὁ
1011 3093 1208 3186 Σωτὴρ.
1248 3114 1355 3169 ἀπὸ
1383 3114 1492 3168 τῶν
1515 3115 1588 3169 θὲν
1626 3115 1784 3188 χερσὶ
1808 3133 1991 3187 πραγιο

2171 3115 2320 3171 Scite
2351 3114 2606 3170 Salvator
2645 3129 2676 3171 e
2703 3130 2761 3170 re
2792 3114 3051 3186 przesenti
3090 3113 3510 3184 responsionem
3535 3117 3700 3172 texit.

389 3204 588 3275 μάτων
632 3204 915 3275 ἐξυφαίνει
942 3206 1041 3278 τὴν
1093 3208 1404 3280 ἀπόκρισιν.
1443 3210 1621 3264 Μόνον
1651 3210 1708 3263 δὲ
1736 3209 1855 3280 οὐχί
1888 3227 1992 3282 φη-

2097 3207 2335 3263 Tantum
2372 3224 2483 3264 non
2547 3216 2730 3264 autem
2793 3210 3105 3276 subinnuit,
3155 3209 3304 3281 quod
3363 3209 3410 3266 si
3470 3219 3696 3268 nossent

389 3313 482 3367 σιν
513 3298 972 3368 ὲπεσκιασμένως
995 3339 1011 3365 ,
1057 3300 1133 3364 ὡς
1161 3301 1320 3374 είπερ
1360 3301 1550 3355 εἰδεῖεν
1577 3302 1730 3356 αὐτοὶ
1755 3303 1855 3375 τὴν
1885 3303 1992 3356 Σα-

389 3390 676 3461 μαρειτῶν
706 3392 801 3444 ἐπὶ
834 3390 1006 3462 θύρας
1035 3387 1204 3447 οὖσαν
1239 3393 1600 3466 ἐπιστροφὴν,
1627 3393 1845 3464 ἐκείνης
1871 3393 1994 3466 ἐχε-

387 3479 520 3534 σθαι
557 3481 762 3551 μᾶλλον
790 3482 866 3548 ὡς
888 3483 1138 3554 τρυφῆς,
1165 3484 1198 3568 ἢ
1229 3485 1410 3556 σάρκα
1433 3485 1654 3556 τρέφειν
1682 3484 1992 3540 ἀνέπειθον.

403 3571 504 3626 Ἐκ
533 3571 592 3626 δὲ
627 3572 914 3645 δὴιτούτου
943 3575 1107 3627 πάλιν
1138 3574 1270 3646 ὅσην
1295 3574 1409 3646 ἔχει
1435 3574 1536 3646 τὴν
1561 3576 1642 3638 είς
1671 3573 1994 3644 ἀνθρώπους

389 3664 632 3735 ἀγάπην.
667 3666 703 3735 ή
755 3663 877 3718 θεία
925 3665 1089 3734 φύσις
1122 3664 1302 3731 ἔξεστι
1355 3666 1584 3736 μαθεῖν’
1639 3665 1845 3737 τροφὴν
1885 3663 1995 3735 γάρ

389 3755 589 3829 ὥσπερ
618 3758 838 3827 ἡγεῖται
887 3759 981 3812 καὶ
1009 3757 1224 3830 τρυφὴν
1253 3757 1364 3812 τῶν
1389 3756 1749 3812 ἀπολωλότων
1778 3756 1878 3828 τὴν
1913 3757 1997 3821 εἰς

392 3848 678 3921 σωτηρίαν
699 3849 1036 3922 ἀναδρομὴν.

468 3943 731 4013 Ἔλεγον
747 3937 864 3997 οὖν
882 3944 936 3996 οί
953 3942 1217 4012 μαθηταὶ
1240 3942 1390 4020 πρός
1411 3943 1731 4010 ἀλλήλους
1756 3958 1772 3973 ο
1805 3940 1997 4012 Μήτις

391 4031 658 4103 ἤνεγκεν
694 4033 858 4100 αὐτῷ
890 4035 1107 4106 φαγεῖν
1126 4035 1332 4105 ;Λέγει
1361 4035 1566 4102 αὐτοῖς
1594 4039 1626 4090 ό
1669 4036 1920 4104 Ἰησοῦς.

463 4127 751 4181 Σκοτεινὸν
788 4126 920 4181 ὂντα
953 4126 1043 4181 τὸν
1071 4126 1229 4197 λόγον
1264 4127 1417 4182 οὔπω
1452 4127 1708 4192 συνέντες
1746 4129 1796 4181 οί
1827 4127 1998 4200 μαθη-

391 4221 505 4287 ταὶ,
527 4220 602 4285 τὰ
638 4220 902 4282 πολλάκις
949 4220 1209 4290 γεγονότα
1254 4221 1378 4274 καθ’
1408 4222 1635 4298 ἑαυτοὺς
1666 4220 1992 4290 ἐλογίζοντο,

394 4314 492 4368 καὶ
531 4315 666 4384 πρὸς
691 4313 792 4377 τὰς
823 4311 1076 4382 συνήθεις
1111 4312 1534 4367 καταϐαίνουσιν
1566 4312 1796 4379 ἐννοίας,
1828 4330 1997 4384 προσ-

393 4405 561 4476 ῆχθαι
601 4405 702 4476 μὲν
739 4403 844 4458 ὑπό
882 4422 976 4459 του
1009 4404 1216 4478 τροφὴν
1247 4405 1652 4468 ὑποπτεύοντες
1686 4405 1864 4476 αὐτῷ,
1913 4423 1998 4460 τι-

2099 3300 2579 3357 Samaritanorum
2641 3302 3064 3357 conversionem
3112 3303 3251 3372 ipsis
3303 3303 3696 3374 propemodum

2095 3395 2396 3452 instantem
2451 3393 2689 3460 foribus,
2723 3395 2775 3451 ei
2817 3395 3002 3465 potius
3049 3396 3370 3451 incumbere
3424 3410 3524 3450 ceu
3560 3395 3698 3450 deli-

2095 3487 2200 3543 ciis
2252 3486 2745 3556 persuaderentur,
2804 3501 2969 3556 quam
3031 3485 3339 3542 nutriendae
3394 3487 3549 3542 carni
3605 3501 3698 3541 va-

2095 3593 2245 3634 care.
2280 3577 2420 3633 Hinc
2446 3565 2586 3635 vero
2641 3578 2828 3634 denuo
2879 3579 3098 3635 discere
3159 3579 3292 3634 licet
3341 3586 3603 3649 quantam
3641 3578 3696 3634 in

2097 3667 2350 3724 homines
2386 3668 2586 3724 habeat
2633 3677 2835 3724 natura
2869 3668 3054 3724 divina
3109 3669 3438 3724 charitatem
3474 3687 3487 3724 :
3541 3669 3698 3724 cibo-

2096 3775 2219 3815 rum
2256 3761 2401 3816 enim
2439 3771 2494 3817 et
2525 3761 2856 3818 deliciawm
2903 3762 3025 3818 loco
3054 3763 3105 3819 ei
3133 3770 3222 3818 est
3259 3761 3601 3833 perditorum
3630 3761 3696 3817 ad

2097 3853 2333 3907 salutem
2362 3854 2628 3909 reversio.
3089 3835 3092 3838 i

2168 3942 2261 4010 IV,
2294 3945 2383 3998 55.
2430 3944 2692 3999 Dicebant
2717 3960 2839 4016 ergo
2866 3945 3117 4014 discipuli
3138 3946 3206 4000 ad
3228 3946 3448 4001 invicem
3469 3962 3489 4000 :
3519 3944 3698 3999 Num-

2095 4036 2222 4108 quid
2256 4038 2452 4108 aliquis
2487 4038 2672 4092 attulit
2721 4040 2770 4093 ei
2804 4039 3170 4097 manducare!
3207 4040 3353 4094 Dicit
3391 4041 3468 4094 eis
3511 4039 3696 4094 Iesus.

2170 4123 2477 4182 Obscurum
2512 4143 2821 4183 sermonem
2866 4144 2992 4184 cum
3032 4130 3292 4199 discipuli
3331 4130 3576 4184 nondum
3608 4131 3695 4184 in-

2097 4219 2432 4289 telligerent,
2482 4236 2607 4292 quae
2641 4236 2784 4292 saepe
2819 4223 3165 4294 contigerant
3207 4225 3350 4293 apud
3395 4240 3454 4279 se
3480 4225 3693 4295 cogita-

2096 4311 2252 4376 bant,
2287 4321 2340 4366 et
2370 4311 2441 4368 de
2470 4328 2622 4368 more
2645 4315 3080 4384 suspicabantur
3114 4331 3144 4369 a
3165 4315 3403 4386 quodam
3429 4317 3477 4370 ei
3508 4316 3692 4370 cibum

2098 4405 2348 4469 allatum,
2386 4404 2759 4461 delicatiorem
2803 4408 3067 4462 nimirum
3117 4419 3172 4464 et
3222 4410 3508 4466 meliorem
3553 4422 3693 4480 quo-

397 4495 676 4567 μιωτέραδ
699 4495 755 4547 δέ
787 4513 928 4562 πως,
961 4495 995 4566 ἢ
1026 4496 1120 4549 καὶ
1151 4495 1338 4568 ἡδίονα
1364 4497 1466 4566 τῆς
1499 4496 1631 4568 παρ’
1662 4497 1844 4551 αὐτῶν
1865 4499 1990 4552 συλ-

2099 4495 2394 4551 dammodo
2424 4512 2490 4554 eo
2520 4513 2680 4569 quem
2717 4508 3100 4571 corrogarant.

394 4589 649 4658 λεγείσης
675 4588 945 4660 ὑπάρχειν
977 4588 1169 4660 αὐτήν.

363 4746 368 4751 ε
477 4683 658 4751 Ἐμὸν
688 4679 904 4752 βρῶμά
953 4681 1126 4736 ἐστιν
1148 4722 1164 4748 ,
1226 4681 1327 4736 ἵνα
1373 4683 1608 4752 ποιήσω
1660 4682 1728 4738 τὸ
1763 4684 1994 4755 θέλημα

395 4773 501 4827 τοῦ
535 4771 892 4843 πέμψαντός
914 4789 1013 4842 με,
1037 4770 1135 4825 καί
1163 4772 1457 4827 τελειώσω
1479 4772 1668 4827 αὑτοῦ
1699 4773 1766 4827 τὸ
1791 4773 1990 4843 ἔργον.

468 4867 632 4921 Ὀλον
685 4863 1010 4937 ἀπορρήξας
1055 4863 1152 4917 τοῦ
1181 4862 1340 4934 λόγου
1381 4865 1443 4918 τὸ
1485 4865 1818 4937 κατάλυμμα
1857 4864 1992 4939 [πο.

396 4959 669 5031 κάλυμμα
725 4967 820 5012 aut
877 4955 1253 5029 καταλύμμα]
1304 4957 1746 5030 διαφανεστάτην
1807 4959 1996 5023 αὐτοῖς

396 5053 651 5121 ἀπέδειξε
673 5052 774 5123 τὴν
805 5050 1092 5122 ἀλήθειαν,
1117 5050 1192 5114 ὼς
1219 5050 1275 5103 δὲ
1307 5051 1432 5104 ὅσον
1453 5051 1665 5104 οὐδέπω
1691 5052 1792 5123 τῆς
1816 5053 1994 5107 οἰκου-

399 5146 569 5218 μένης
611 5143 895 5216 ἐσομένοις
932 5142 1276 5206 διδασκάλοις
1301 5141 1473 5196 τύπον
1495 5143 1690 5197 ὲαυτὸν
1722 5145 1987 5216 εἰσφέρει,

398 5231 654 5289 συντόνου
694 5250 754 5286 τε
802 5232 898 5286 καὶ
940 5231 1062 5287 λίαν
1092 5229 1323 5303 ἀρίστης
1352 5230 1625 5302 σπουδῆς,
1681 5231 1781 5301 τῆς
1807 5231 1899 5284 ἐπὶ
1928 5231 1992 5285 τὸ

395 5326 597 5400 χρῆναι
618 5324 892 5378 διδάσκειν
921 5321 1148 5392 δηλαδὴ,
1175 5323 1267 5376 καὶ
1295 5322 1394 5392 τῆς
1424 5320 1730 5390 ἀναγκαίας
1758 5322 1851 5376 τοῦ
1885 5321 1991 5375 σώ-

400 5433 570 5488 ματος
603 5413 793 5486 χρείας
821 5411 1084 5481 δευτέραν
1112 5409 1344 5481 ἐχούσης
1386 5409 1475 5462 διὰ
1503 5408 1664 5463 τοῦτο
1691 5409 1790 5481 τὴν
1821 5427 1989 5480 φρον-

395 5508 535 5561 τίδα.
593 5505 801 5577 Βρῶμα
845 5503 955 5575 γὰρ
988 5497 1128 5555 εἶναι
1161 5501 1334 5570 λέγων
1373 5499 1553 5572 ἐαυτῷ
1578 5499 1992 5574 θυμηρέστατον

396 5601 456 5655 τὸ
485 5598 711 5670 ποιῆσαι
745 5596 806 5650 τὸ
830 5595 1043 5666 θέλημα
1073 5593 1168 5648 τοῦ
1205 5591 1522 5664 πέμψαντος
1553 5592 1736 5660 αὑτὸν,
1783 5594 1878 5648 καὶ
1901 5610 1994 5648 τε-

473 5794 517 5825 ¹³
547 5789 708 5846 Jean.
747 5805 820 5858 tv,
843 5787 897 5844 6.
981 5787 1025 5819 ”
1049 5784 1252 5843 Jercm.
1281 5797 1450 5841 vam
1481 5823 1498 5853 ,
1538 5782 1627 5838 10.

2179 4673 2461 4746 ιθτιν,
2501 4677 2592 4732 54.
2635 4677 2786 4733 Meus
2828 4678 2977 4733 cibus
3007 4687 3108 4744 est,
3157 4687 3214 4733 ut
3253 4679 3450 4748 faciant
3504 4681 3694 4736 volun-

2097 4774 2272 4838 tatem
2297 4767 2411 4837 ejus
2445 4769 2538 4838 qui
2578 4769 2722 4824 misit
2752 4786 2850 4832 me,
2884 4779 2932 4824 et
2959 4771 3233 4839 perﬁciant
3269 4786 3400 4840 opus
3438 4771 3574 4841 ejus.

2174 4854 2339 4910 Omni
2377 4857 2648 4913 velamine
2680 4860 2954 4913 sermonis
2984 4859 3238 4929 disrupto
3280 4860 3690 4929 apertissimam

2102 4949 2352 5009 ostendit
2397 4947 2479 5002 eis
2535 4949 2858 5016 veritatem,
2920 4957 2976 5004 et
3025 4949 3138 5019 jam
3193 4950 3436 5021 seipsum
3489 4949 3692 5008 futuris

2100 5042 2256 5098 orbis
2285 5043 2570 5112 magistris
2598 5043 2909 5115 exemplum
2950 5044 3145 5100 statuit
3176 5044 3434 5100 acerrimi
3465 5052 3522 5100 et
3557 5059 3694 5116 pra:-

2099 5132 2233 5186 clari
2269 5132 2335 5186 ad
2365 5131 2673 5186 docendum
2712 5131 2924 5199 studii,
2970 5131 3059 5188 cui
3106 5136 3417 5190 necessaria
3441 5134 3693 5205 corporis

2097 5223 2264 5278 etiam
2314 5221 2701 5292 praeferantur.
2754 5223 2890 5278 Nam
2953 5240 3077 5280 cum
3127 5226 3524 5282 suavissimum
3583 5224 3690 5279 sibi

2097 5327 2223 5368 eum
2259 5313 2441 5368 cibum
2469 5329 2593 5370 esse
2619 5314 2793 5381 dicit,
2833 5316 3094 5370 nimirum
3127 5315 3310 5372 facere
3341 5317 3688 5370 voluntatem

2096 5405 2219 5475 ejus
2254 5421 2284 5460 a
2316 5421 2425 5478 quo
2451 5407 2656 5462 missus
2681 5416 2800 5472 est,
2825 5418 2879 5463 et
2901 5407 3178 5478 perlicere
3200 5407 3318 5477 ejus
3351 5422 3518 5478 opus,
3555 5419 3690 5475 apo-

2101 5498 2281 5555 stolici
2314 5499 2606 5556 ministerii
2638 5513 2841 5556 munus
2859 5499 3146 5556 describit.
3169 5498 3446 5564 Quantum
3477 5509 3608 5549 vero
3633 5494 3689 5550 in

2101 5591 2214 5649 illis
2243 5591 2489 5648 studium
2520 5595 2646 5652 esse
2674 5594 2912 5660 debeat,
2961 5591 3110 5648 clare
3148 5582 3412 5645 ostendit.
3449 5585 3692 5642 Docendi

3046 5679 3067 5711 Ι
