4106 6482
335 336 452 394 3‘35

1410 336 1479 394 IN
1517 305 1809 395 JOANN'IS
1842 307 2302 395 Evsuceuuu
2339 337 2468 393 ua.
2503 337 2570 394 ιι.

3534 338 3641 394 5‘26

344 450 506 504 Ἐπεὶ
531 449 584 532 τί
617 449 865 522 ποιήσεις
887 451 1016 506 ὃταν
1041 452 1068 505 ὁ
1089 449 1293 516 ἁπλοῦς
1323 451 1454 524 ἡμῖν
1487 452 1593 536 ,τὴν
1631 452 1794 522 φύσιν
1827 453 1936 506 είσ-

2043 467 2168 507 esse
2197 452 2563 508 censebitur?
2593 451 2782 525 Itaque
2815 455 3058 512 humano
3088 457 3308 528 quidem
3352 473 3506 513 more
3550 458 3635 514 di-

328 545 502 618 6αίνῃ
529 542 780 609 διπλοῦς,
830 544 920 598 διὰ
947 544 1043 599 τοῦ
1087 546 1268 616 λέγειν
1299 542 1546 618 περὶτοῦ
1579 545 1640 612 ἐξ
1678 546 1898 618 Ἰσραήλ
1917 561 1931 576 ⁸

332 655 353 688 ε
389 638 502 691 Καὶ
517 637 587 690 τά
606 637 774 691 τέκνα
801 637 982 692 αὐτῶν
1002 638 1190 709 διῆγον
1216 639 1305 694 διὰ
1338 640 1534 710 πυρὸς,
1555 639 1582 692 ὃ
1609 640 1711 692 οὑκ
1733 641 1935 692 ἐνετει-

323 729 521 801 λάμην
547 715 750 795 αὐτοῖς,
787 730 882 783 καὶ
911 731 1012 784 οὐκ
1041 731 1213 802 ἀνέϐη
1246 733 1339 786 ἐπὶ
1365 731 1464 803 τὴν
1493 731 1727 802 καρδίαν
1757 749 1880 801 μου.
1911 749 1928 782 ι

322 813 411 875 ’Ἠ
440 821 552 891 γὰρ
571 822 672 875 οῦκ
684 823 896 894 ἀνάγκη
913 823 1013 895 τὴν
1032 823 1260 895 καρδίαν
1283 824 1367 877 ἑτέ
1377 842 1476 896 ραν
1494 824 1764 895 ὑπάρχειν
1787 823 1937 895 παρὰ

323 916 425 970 τὸν
454 916 514 970 ἐν
553 909 708 988 ᾧπερ
737 917 892 980 ὲστί;
941 917 1053 972 Καὶ
1096 917 1216 982 πῶς
1247 916 1456 982 ἁπλοῦς
1496 917 1579 971 ἔτι
1611 917 1935 990 νοηθήσεται

322 1007 504 1073 Θεός;
568 1007 778 1061 Οὐκοῦν
839 1009 1198 1082 ἀνθρωπίνως
1261 1011 1362 1081 μὲν
1405 1010 1647 1065 λαλεῖται
1699 1011 1767 1064 τά
1806 1011 1936 1082 περὶ

321 1099 469 1154 Θεοῦ
489 1119 503 1133 ’
535 1104 739 1156 νοεῖται
768 1102 824 1155 δὲ
855 1101 1051 1168 οὕτως,
1073 1103 1150 1167 ὡς
1183 1103 1249 1158 ἂν
1277 1104 1546 1174 ἀρμόττοι
1577 1102 1719 1174 Θεῷ,
1750 1103 1846 1157 καὶ
1873 1103 1935 1157 τὸ

321 1195 530 1268 μέτρον
575 1196 674 1266 τῆς
711 1196 991 1268 ἡμετέρας
1021 1196 1304 1268 γλώττης,
1345 1197 1442 1269 τὴν
1472 1198 1564 1250 ἐπὶ
1598 1198 1808 1262 πάντας
1835 1199 1935 1251 οὐκ

319 1287 582 1360 ἀδικήσει
624 1288 807 1358 φύσιν.
852 1289 969 1344 Κὲιν
1021 1291 1349 1361 εὑρίσκηται
1395 1289 1684 1364 τοιγαροῦν
1726 1291 1756 1343 ὁ
1785 1289 1934 1356 Υἱὸς,

319 1376 404 1440 ὠς
435 1377 567 1448 περί
603 1394 749 1441 τινος
781 1379 972 1449 ἑτέρου
1007 1378 1182 1448 λέγων
1227 1378 1322 1433 τοῦ
1351 1379 1663 1452 θελήματος
1693 1379 1785 1434 τοῦ
1814 1381 1931 1434 Πα·

318 1469 477 1540 τρὸς.
512 1471 906 1542 άδιαφορήσεις
937 1472 1305 1543 οἰκονομικῶς
1331 1475 1400 1544 τῇ
1431 1473 1540 1527 τῶν
1576 1473 1753 1542 λόγων
1785 1471 1941 1526 ἀσθε-

319 1561 450 1633 νείᾳ
497 1561 804 1633 περιτιθεὶς
853 1562 915 1615 τὸ
959 1562 1034 1634 μὴ
1077 1563 1339 1618 δύνασθαί
1388 1580 1442 1616 τι
1498 1561 1684 1634 μεῖζον
1731 1562 1936 1638 εἰπεῖν,

323 1655 470 1726 μήτε
511 1655 618 1726 μὴν
659 1655 867 1728 ἑτέρως
901 1657 1287 1729 κατασημῆναι
1317 1656 1379 1710 τὸ
1417 1656 1770 1728 δηλούμενον.
1827 1655 1939 1709 Καὶ

2043 557 2246 602 cuntur
2265 547 2396 617 'quze
2429 547 2497 602 de
2526 545 2636 602 Deo
2668 551 2967 620 loquimur,
3005 551 3100 608 sed
3134 568 3200 608 eo
3234 551 3400 608 modo
3434 553 3641 607 intelli—

2042 646 2250 710 guntur
2275 654 2386 709 quo
2416 637 2529 694 Deo
2559 643 2915 711 conveniunt,
2949 653 3003 698 et
3033 645 3230 715 linguae.
3259 654 3463 701 nostra:
3487 646 3641 698 iulir-

2043 730 2212 784 mitas
2245 745 2521 799 supremae
2546 730 2621 785 illi
2658 743 2872 790 natura:
2905 735 3040 790 nihil
3070 738 3294 792 otIiciet.
3330 739 3483 793 Licet
3506 752 3640 808 ergo

2045 820 2244 876 Filiqu
2278 823 2346 877 de
2389 823 2674 880 voluntate
2713 825 2894 882 Patris
2929 830 3076 900 loqui
3122 833 3466 902 comperias,
3514 840 3638 885 tan-

2043 929 2210 984 quam
2243 914 2312 972 de
2339 917 2444 970 alia
2473 916 2735 987 quadam,
2765 935 2924 990 aequo
2955 903 3141 976 animo
3171 923 3222 977 id
3261 925 3425 988 feres,
3459 924 3635 979 imbe-

2041 1005 2259 1060 cillitati
2320 1007 2598 1063 sermonis
2655 1010 2907 1064 consulte
2963 1013 3258 1066 tribuendo
3315 1015 3462 1083 quod
3524 1029 3635 1069 non

2041 1098 2218 1169 possit
2257 1099 2438 1168 majus
2469 1101 2754 1172 quidpiam
2795 1101 3014 1166 dicere,
3054 1121 3233 1175 neque
3277 1108 3437 1160 aliter
3485 1114 3637 1161 certe

2042 1202 2159 1242 rem
2191 1187 2557 1258 signiﬁcatam
2590 1193 2919 1262 exprimere.
2973 1200 3154 1265 Atque
3195 1197 3309 1250 haec
3334 1197 3480 1250 dicta
3513 1197 3637 1266 qui-

2041 1279 2165 1334 dem
2197 1290 2363 1336 sunto
2385 1297 2581 1339 rursus
2603 1285 2671 1338 ad
2695 1287 3190 1343 demonstrandum
3219 1287 3422 1344 Filium
3446 1291 3638 1345 volun-

2037 1379 2207 1428 tatem
2243 1372 2428 1430 Patris
2479 1379 2696 1433 censeri
2749 1395 2972 1450 quoque
3018 1391 3277 1451 oportere
3323 1401 3334 1436 :
3381 1381 3440 1437 ln
3485 1384 3639 1438 dicto

2035 1481 2167 1520 vero
2197 1469 2480 1536 proposito
2504 1507 2520 1531 ,
2563 1471 2714 1524 nulla
2747 1473 2889 1526 ratio
2917 1482 3078 1542 coget
3114 1475 3423 1545 intelligere
3453 1475 3638 1533 Patris

2039 1559 2420 1628 voluntatem,
2479 1562 2578 1617 sed
2625 1563 3012 1620 indifferenter
3057 1566 3259 1622 bonam
3297 1571 3635 1625 voluntatem

2039 1668 2171 1723 erga
2201 1669 2300 1709 eos
2333 1655 2428 1724 qui
2457 1656 2743 1725 perierunt
2771 1659 3167 1728 intelligemus.

322 1747 504 1801 ταῦτα
538 1749 638 1820 μὲν
673 1749 918 1821 εἰρήσθω
956 1748 1118 1803 πάλιν
1149 1751 1230 1812 είς
1268 1748 1544 1812 ἀπόδειξιν
1595 1747 1688 1800 τοῦ
1713 1745 1951 1800 νοεῖσθαι
2000 1746 2098 1798 καὶ
2126 1743 2342 1816 θέλημα
2387 1745 2483 1799 τοῦ
2522 1747 2738 1819 Πατρὸς
2769 1747 2862 1802 τὸν
2893 1749 3040 1804 Υἰόν.
3083 1749 3170 1802 Ἐν
3203 1749 3262 1804 δέ
3287 1767 3350 1818 γε
3383 1748 3462 1820 τῷ
3493 1756 3636 1820 προ-

324 1844 572 1917 κειμένῳ
607 1845 795 1918 ῥητῷ,
830 1845 989 1915 λόγος
1027 1845 1126 1917 μὲν
1151 1844 1331 1909 οὐδεὶς
1357 1845 1668 1914 ἀναγκάσει
1697 1843 1910 1915 θέλημα
1949 1840 2192 1895 νοεῖσθαι
2215 1841 2310 1896 τοῦ
2338 1843 2554 1914 Πατρός
2584 1843 2674 1898 τὸν
2715 1843 2879 1910 Υἱὸν,
2921 1844 3198 1914 διαφόρως
3241 1839 3356 1913 [τον.
3401 1847 3631 1916 ἀδιαφό-

331 1939 483 2014 ρως]
524 1940 582 1994 δὲ
619 1938 826 2010 μᾶλλον
862 1939 1281 2013 παραδεξόμεθα
1311 1941 1409 2014 τὴν
1439 1942 1533 1995 ἐπὶ
1565 1945 1678 2006 τοῖς
1705 1932 2016 1996 όίπολωλόσι
2047 1938 2248 2011 βουλὴν
2271 1939 2513 2010 ἀγαθήν.
3181 1963 3190 1972 ο
3300 1937 3302 1940 ’

409 2035 528 2102 Οὐχ
559 2031 734 2102 ὑμεῖς
769 2032 1000 2102 λέγετε,
1035 2032 1126 2088 ὅτι
1165 2033 1534 2105 τετράμηνός
1581 2034 1734 2100 ἐστι,
1770 2034 1870 2088 καί
1904 2036 1936 2088 ὁ

2115 2031 2218 2098 IV,
2276 2032 2364 2086 35.
2426 2029 2620 2087 Nonne
2661 2049 2751 2087 vos
2797 2034 2976 2090 dicitis
3026 2035 3168 2108 quod
3199 2035 3373 2090 adhuc
3401 2045 3637 2107 quatuor

225 2109 238 2126 ι
331 2126 613 2196 θερισμὸς
641 2124 881 2194 ἔρχεται
905 2141 922 2190 ;

397 2219 630 2292 Δέχεται
672 2218 840 2272 πάλιν
873 2218 968 2274 τοῦ
998 2218 1160 2289 λόγου
1199 2219 1300 2284 τὰς
1331 2217 1616 2291 ἀφορμὰς,
1663 2218 1776 2273 ἀπὸ
1807 2236 1932 2272 και-

325 2311 458 2384 ροῦ,
517 2311 617 2366 καὶ
655 2310 984 2384 πράγματος
1011 2351 1026 2377 ,
1075 2312 1171 2366 καὶ
1194 2311 1302 2365 ἀπὸ
1345 2311 1454 2364 τῶν
1488 2313 1546 2364 ὲν
1569 2311 1818 2382 αἰσθήσει
1865 2312 1932 2382 τῇ

323 2405 656 2478 παχυτέρα,
716 2403 1112 2474 πνευματικῶν
1173 2403 1552 2475 θεωρημάτων
1601 2403 1934 2458 ἀναπλάττει

320 2499 606 2570 διήγησιν.
656 2493 797 2566 Ὅρα
831 2496 930 2568 μὲν
960 2495 1068 2566 γὰρ
1097 2491 1167 2567 ἦν
1195 2494 1466 2566 χειμῶνος
1497 2493 1575 2549 ἔτι
1607 2497 1728 2548 κατ’
1758 2498 1936 2550 ἐκεῖνο

320 2591 548 2663 καιροῦ,
581 2590 884 2663 ἀρτιθαλὴς
921 2589 1000 2654 δὲ,
1023 2591 1118 2644 καὶ
1146 2589 1268 2654 νέος
1292 2589 1402 2642 τῶν
1432 2589 1765 2660 σπερμάτων
1787 2591 1814 2643 ὁ
1843 2589 1936 2644 κά-

320 2689 502 2756 λαμος
535 2685 695 2756 μόγις
729 2684 824 2755 μὲν
877 2682 981 2753 τῆς
1014 2682 1258 2754 ἀρούρας
1291 2681 1574 2753 ὲξέφριττε
1595 2699 1609 2714 ·
1649 2667 1934 2752 καιροῦδὲ

319 2779 616 2850 τεσσάρων
651 2775 841 2848 μηνῶν
866 2773 1320 2841 διῖππεύσαντος,
1351 2776 1433 2837 εις
1458 2773 1558 2844 τὴν
1580 2771 1672 2826 τοῦ
1692 2769 1936 2844 θερίζον-

319 2889 420 2936 τος
449 2847 613 2944 γεῖρα
654 2847 954 2925 πεσεῖσθαι
996 2868 1384 2940 προσεδοκᾶτο.
1441 2886 1460 2918 ι
1488 2867 1602 2937 Οὐχ
1632 2867 1790 2938 ὑμεῖς
1817 2860 1932 2928 οὖν,

323 2962 518 3033 φησιν,
559 2962 610 3014 οἱ
632 2959 936 3031 ἄνθρωποι,
971 2959 1160 3030 λέγετε
1187 2959 1269 3012 ὅτι
1298 2958 1639 3030 τετράμηνός
1668 2959 1810 3024 ἐστι,
1841 2955 1937 3008 καὶ

323 3057 352 3107 ό
378 3054 648 3125 θερισμὸς
679 3033 944 3124 ἔρχεταιξ
977 3071 996 3105 ι

412 3145 574 3202 Ἰδοὺ
627 3145 784 3214 λέγω
829 3143 990 3214 ὑμῖν·
1051 3142 1335 3212 Ἐπάρατε
1380 3140 1526 3208 τοὺς
1582 3141 1935 3212 ὀφθαλμοὺς

321 3237 520 3309 ὑμῶν,
550 3237 650 3292 καὶ
687 3235 994 3292 θεάσασθε
1013 3236 1134 3303 στὰς
1183 3234 1401 3306 χώρας,
1439 3235 1529 3290 ὅτι
1567 3236 1788 3291 λευκαί
1815 3237 1935 3290 εισι

324 3331 482 3400 πρὸς
511 3330 823 3400 θερισμόν.

400 3420 913 3512 Τουτὲστινῗόλίγον
940 3417 1052 3512 τῶν
1212 3419 1316 3491 γῆς
1349 3419 1696 3491 πραγμάτων
1722 3419 1815 3473 τὸν
1835 3419 1936 3488 τῆς
1963 3453 2004 3512 C

325 3513 578 3576 διανοίας
631 3510 914 3583 ὀφθαλμὸν
957 3509 1366 3582 ἀνοχλίσαντες,
1415 3512 1508 3566 τὸν
1562 3511 1934 3582 πνευματικὸν

328 3605 623 3677 ἁναθρεῖτε
673 3604 897 3676 σπόρον,
953 3603 1035 3657 ὅτι
1078 3603 1522 3660 λελευκάνθισται
1566 3606 1667 3678 μὲν
1707 3607 1800 3660 ἐπὶ
1837 3605 1935 3678 τὴν

330 3700 518 3754 ἅλωνα
565 3699 919 3770 βαδιούμενος
961 3696 1088 3769 ήδη·
1133 3697 1289 3752 καλεῖ
1316 3699 1374 3752 δὲ
1420 3699 1606 3762 λοιπὸν
1634 3701 1720 3770 ἐφ’
1755 3699 1936 3771 ἑαυτῷ

326 3793 422 3847 τὸν
452 3793 721 3864 ἀμητῆρα
771 3792 1013 3863 σίδηρον.
1061 3790 1195 3846 Ἀπὸ
1239 3792 1298 3846 δὲ
1342 3792 1446 3863 τῆς
1487 3793 1804 3865 ὁμοιότητος
1826 3793 1934 3847 τῶν

329 3887 389 3939 ὲν
456 3885 673 3956 ἱστορίᾳ
723 3885 1066 3957 πραγμάτων
1105 3885 1412 3957 θεωρήσεις
1460 3883 1520 3938 τὸ
1582 3884 1932 3956 δηλούμενον.

330 3975 546 4048 Σπόρον
603 3975 704 4047 μὲν
753 3976 864 4048 γάρ
909 3978 1127 4048 νοήσεις
1168 3976 1260 4030 τὸν
1303 3974 1527 4048 νοητὸν,
1577 3975 1671 4030 καὶ
1723 3973 1935 4048 πληθὺν

329 4067 629 4141 ἀσταχύων
655 4067 1072 4141 πνευματικῶν,
1093 4067 1222 4134 τοὺς
1247 4069 1335 4123 διὰ
1358 4069 1459 4139 τῆς
1487 4068 1597 4122 τῶν
1636 4068 1935 4141 προφητῶν

331 4160 830 4235 προγεωρηθέντας
852 4159 1038 4234 φωνῆς
1066 4164 1147 4226 είς
1162 4159 1262 4232 τὴν
1289 4161 1590 4233 μέλλουσαν
1613 4160 1936 4234 ἀναδειχθήο

335 4255 524 4309 σεσθαι
552 4256 740 4309 πίστιν
764 4255 856 4310 διά
903 4250 1166 4327 Χριστοῦ.
1197 4249 1558 4309 Λευκαίνεται
1589 4253 1646 4306 δὲ
1674 4251 1934 4322 πέπειρός

329 4369 391 4406 τε
424 4354 521 4406 καὶ
563 4349 783 4422 ἕτοιμος
816 4345 917 4422 ήδη
949 4349 1089 4423 πρὸς
1125 4349 1188 4403 τὸ
1231 4342 1514 4402 ’πιστεύειν
1543 4347 1932 4428 γεγενημένος,

332 4443 428 4496 καὶ
472 4441 949 4513 συμπεπηγμένος
993 4441 1074 4504 εἰς
1125 4437 1436 4492 εὐλάϐειαν.
1482 4438 1540 4492 '0
1566 4437 1622 4490 δὲ
1659 4436 1756 4490 τοῦ
1781 4436 1932 4508 θερί-

213 4581 224 4596 .,
332 4533 523 4598 ζοντος
558 4532 800 4604 σίδηρος,
856 4534 886 4586 ὀ
914 4531 1171 4605 λαμπρός
1214 4529 1275 4582 τέ
1315 4531 1432 4584 ἐστι
1466 4529 1562 4582 καὶ
1615 4527 1932 4600 τομῶτατος

329 4624 442 4679 τῶν
469 4619 792 4679 ἀποστόλων
820 4617 998 4693 λόγος,
1026 4618 1129 4694 τῆς
1179 4622 1290 4697 μὲν,
1307 4617 1456 4675 ’κατά
1490 4620 1655 4692 νόμον
1682 4620 1936 4693 λατρείας

334 4710 648 4789 ἀποκείρων
674 4707 801 4779 τοῦς
819 4709 1240 4788 ἀκροωμένους,
1287 4714 1382 4768 ἐπὶ
1405 4713 1461 4768 δὲ
1480 4712 1582 4784 τὴν
1620 4712 1735 4768 ἅλω
1763 4729 1932 4785 μετα-

2036 2140 2242 2180 menses
2271 2133 2397 2180 sunt
2418 2164 2433 2188 ,
2464 2135 2514 2180 et
2544 2129 2730 2180 messis
2760 2129 2936 2182 venit?

2109 2219 2472 2275 Occasionem
2491 2218 2709 2274 dicendi
2737 2237 2956 2276 rursum
2978 2237 3008 2276 a
3038 2229 3285 2292 tempore
3308 2231 3363 2278 et
3382 2237 3440 2280 re
3461 2223 3630 2294 capit,

2037 2317 2094 2366 et
2127 2311 2196 2365 ab
2229 2312 2300 2366 iis
2325 2327 2448 2381 quae
2479 2311 2585 2366 sub
2616 2327 2838 2366 sensum
2873 2312 3034 2384 199
3059 2313 3265 2368 cadunt
3296 2316 3631 2384 spiritalium

2037 2403 2563 2473 contemplationum
2589 2404 3012 2474 explicationem
3046 2404 3300 2461 adornat.
3329 2405 3460 2459 Erat
3485 2405 3635 2460 enim

2037 2502 2154 2550 tum
2191 2496 2374 2551 adhuc
2413 2495 2612 2551 hiemis
2647 2506 2980 2575 tempestas,
3021 2506 3076 2553 et
3103 2498 3306 2555 virides
3341 2514 3404 2554 ac
3440 2514 3634 2554 recen-

2038 2597 2122 2644 tes
2154 2588 2325 2643 culmi
2362 2589 2604 2644 nondum
2648 2589 2703 2643 in
2744 2591 2955 2660 campis
2996 2590 3498 2647 inborrescebant:
3535 2590 3634 2646 sed

2037 2682 2228 2751 elapso
2277 2680 2674 2750 quadrimestri
2724 2685 2906 2752 spatio
2964 2683 3020 2738 in
3071 2699 3379 2741 messorum
3436 2699 3634 2739 manus

2037 2775 2328 2828 deventuri
2359 2783 2542 2830 erant.
2573 2793 2591 2826 ι
2631 2774 2829 2831 Nonne
2860 2791 2959 2834 vos
2992 2777 3182 2848 igitur,
3212 2778 3412 2850 inquit,
3445 2777 3634 2834 dicitis

2038 2868 2186 2937 quod
2220 2867 2402 2924 adhuc
2426 2878 2664 2940 quatuor
2698 2885 2921 2927 menses
2977 2879 3154 2936 sunt,
3201 2879 3256 2926 et
3294 2873 3494 2928 messis
3533 2886 3634 2926 ve-

2037 2960 2156 3016 nit?
2189 2979 2210 3014 δ

2112 3137 2204 3203 IV,
2253 3137 2342 3193 55.
2389 3136 2522 3193 Ecce
2573 3155 2667 3209 ego
2709 3139 2832 3193 dico
2875 3137 3277 3195 vobis:Levate
3319 3139 3502 3213 acutos
3544 3155 3634 3196 ve-

2039 3240 2203 3296 stros,
2225 3241 2274 3286 et
2297 3230 2464 3285 videte
2496 3232 2758 3301 regiones,
2778 3233 2904 3303 quia
2927 3231 3067 3288 alba:
3091 3232 3213 3303 jam
3243 3242 3366 3287 sunt
3398 3232 3467 3287 ad
3493 3249 3634 3288 mes-

2039 3339 2172 3377 sem.

2111 3415 2239 3472 Hoc
2265 3424 2372 3483 est,
2417 3432 2447 3472 a
2478 3418 2646 3474 rebus
2679 3420 2922 3474 terrenis
2957 3419 3270 3478 intellectus
3309 3421 3470 3477 oculo
3499 3431 3638 3492 pau-

2043 3508 2156 3561 lum
2184 3507 2406 3563 sublato
2427 3508 2701 3578 spiritalia
2725 3515 2845 3563 sata
2863 3509 3304 3578 circumspicite,
3329 3508 3636 3566 ﬂavescen-

2041 3601 2116 3655 tia
2162 3599 2310 3671 jam,
2363 3609 2418 3658 et
2474 3601 2529 3656 in
2568 3615 2755 3657 aream
2786 3617 2913 3656 mox
2962 3610 3234 3667 ventura,
3268 3611 3322 3658 et
3365 3605 3635 3662 messoris

2041 3692 2253 3748 ferrum
2283 3693 2506 3749 tandem
2540 3695 2884 3766 appetentis.
2945 3694 2988 3747 Λ
3037 3695 3401 3751 similitudine
3449 3707 3634 3753 autem

2039 3800 2227 3842 rerum
2266 3803 2388 3857 quae
2419 3787 2510 3842 bic
2545 3795 3054 3842 commemorantur
3091 3789 3369 3856 spectabis
3402 3788 3455 3844 id
3485 3789 3633 3860 quod

2041 3877 2417 3948 signiﬁcatur.
2452 3877 2584 3933 Sata
2627 3879 2772 3933 enim
2807 3879 3080 3947 spiritalia
3116 3879 3210 3933 hic
3241 3879 3547 3951 intelliges,
3578 3890 3634 3936 et

2039 3971 2320 4040 spicarum
2372 3953 2709 4042 spiritalium
2754 3972 3202 4038 multitudinem,
3235 3989 3332 4029 eos
3363 3975 3459 4038 qui
3500 3989 3631 4043 pro-

2039 4062 2330 4133 phetarum
2388 4075 2522 4115 voce
2586 4059 2741 4128 prius
2799 4060 3006 4114 exculti
3069 4069 3202 4116 sunt
3259 4061 3328 4116 ad
3384 4059 3628 4118 futuram

2039 4153 2246 4210 Christi
2292 4152 2454 4208 (idem
2491 4149 2840 4206 instituendi.
2884 4148 3164 4206 Flavescit
3219 4167 3376 4216 vero,
3426 4153 3524 4223 qui
3575 4163 3632 4208 et

2039 4255 2293 4304 maturus
2325 4253 2384 4301 et
2415 4255 2643 4315 paratus
2669 4245 2784 4314 jam
2819 4253 2907 4300 est
2943 4244 3012 4299 ad
3046 4242 3406 4310 credendum,
3455 4252 3511 4299 et
3560 4250 3629 4300 ad

2040 4340 2366 4410 religionem
2420 4337 2804 4393 conﬁrmatus.
2851 4335 3119 4393 Messoris
3159 4346 3342 4392 autem
3390 4336 3628 4403 ferrum,

2037 4432 2329 4503 splendida
2363 4437 2448 4487 est
2502 4441 2559 4486 et
2610 4431 2936 4487 acutissima
2977 4431 3301 4502 praedicatio
3349 4433 3632 4503 apostolo-

2037 4540 2185 4590 rum,
2223 4524 2508 4580 auditores
2537 4523 2761 4594 quidem
2802 4537 2834 4577 a
2860 4524 3014 4578 cultu
3054 4524 3214 4594 legali
3247 4539 3529 4590 resecans,
3577 4536 3632 4581 et

2037 4618 2094 4672 in
2127 4632 2313 4673 aream
2353 4615 2722 4681 transferens,
2769 4615 2876 4671 hoc
2926 4626 3011 4672 est
3049 4617 3104 4671 in
3150 4615 3456 4674 Ecclesiam
3494 4617 3628 4682 'Dei,

2039 4710 2132 4765 ubi
2175 4711 2442 4764 virtutum
2486 4709 2778 4764 laboribus
2830 4708 3056 4763 contriti
3102 4724 3274 4778 purus
3307 4709 3468 4765 Cibus
3506 4709 3631 4765 etii-

329 4809 524 4872 τιθεὶς,
555 4806 700 4862 τοῦτ’
727 4805 896 4872 ἔστιν,
923 4807 1016 4862 ἐπὶ
1041 4806 1141 4878 τὴν
1159 4805 1492 4878 Ἐκκλησίαν
1509 4803 1604 4874 τοῦ
1629 4804 1786 4859 Θεοῦ·
1807 4803 1934 4859 ἔνθα

2040 4804 2276 4870 cientur,
2308 4803 2624 4858 eollecto'ris
2657 4802 2859 4858 horreo
2896 4801 3281 4872 dignissimus.

330 4903 396 4972 δὴ
428 4903 744 4976 τρισόμενοί
790 4921 851 4958 τε
885 4905 981 4959 καὶ⁸
1032 4903 1216 4966 πόνοις
1263 4901 1485 4970 ἀγαθῶν
1533 4900 1930 4971 ὲνθλισόμενοι,
1971 4899 2210 4972 καθαρὸς
2250 4897 2734 4969 ἀποδειχθήσονται
2779 4898 2924 4960 σῖτος
2984 4895 3085 4966 τῆς
3153 4895 3249 4949 τοῦ
3281 4897 3633 4966 ’συνάγοντος

332 4996 625 5068 ἁποθήκης
642 4982 900 5064 ’ἐπάξιοᾳ
1937 5065 1942 5069 ε

408 5075 564 5160 Ἐδῆ
581 5094 620 5148 ό
639 5079 901 5163 θερίζων,
936 5091 1161 5162 μισθὸν
1196 5089 1514 5160 λαμϐάνει,
1547 5088 1647 5142 καί
1677 5089 1932 5158 συνάγει

336 5183 576 5255 καρπὸν
623 5187 711 5252 είς
747 5183 903 5253 ζωὴν
949 5182 1222 5247 αἰώνιον,
1270 5183 1374 5236 ἵνα
1413 5183 1446 5236 ό
1479 5181 1744 5249 σπείρων
1781 5180 1932 5248 ὁμοῦ

323 5280 542 5352 χαίρῃ,
586 5279 690 5352 καὶ
727 5281 760 5333 ὁ
805 5276 1061 5349 θερίζων.
1120 5276 1217 5330 Ἑν
1272 5274 1385 5344 τὰρ
1431 5274 1621 5338 τούτῳ
1665 5275 1698 5327 ὀ
1751 5274 1933 5343 λόγος

333 5351 885 5439 ἁλήθινόςέἁτιβτι
897 5367 1085 5435 ἄλλος
1093 5353 1310 5422 ἐάτῖνδ
1325 5365 1611 5434 ἀπείρων,
1631 5362 1728 5418 καί
1743 5361 1935 5428 ἄλλος

333 5467 369 5520 δ
392 5462 653 5532 θερίζων.

407 5555 611 5626 Λόγου,
648 5555 834 5628 φησὶν,
877 5556 906 5608 ό
936 5555 1130 5622 καιρὸς
1159 5552 1254 5606 τοῦ
1295 5549 1588 5615 καλοῦντος
1611 5551 1692 5612 εἰς
1715 5548 1896 5602 πίστιν
1916 5588 1932 5613 ,

331 5648 428 5702 καὶ
477 5646 590 5700 τῶν
628 5645 870 5717 νομικῶν
912 5663 972 5700 τε
1026 5646 1121 5700 καὶ
1163 5641 1519 5716 προφητικῶν
1546 5640 1935 5711 ’κηρυγμάτων

330 5740 435 5810 τήν
461 5741 544 5803 εἰς
582 5737 735 5801 τέλος
766 5737 949 5806 ἄφιξιν
983 5739 1096 5801 τοῖς
1140 5734 1517 5806 ἀκροωμένοις
1559 5731 1933 5785 ἐπιδεικνύον-

330 5846 448 5896 τος.
491 5830 553 5884 ’0
583 5829 682 5901 μὲν
713 5829 822 5900 γὰρ
861 5831 1044 5902 νόμος,
1095 5828 1170 5893 ὡς
1211 5828 1268 5880 ὲν
1298 5827 1479 5889 σκιαῖς
1513 5826 1634 5888 ταῖς
1682 5825 1740 5876 ὲν
1777 5823 1934 5894 τύπῳ

2111 5083 2204 5148 ιν,
2235 5079 2428 5136 δϐνΞἹ.
2468 5073 2597 5130 Ιαηι
2630 5074 2721 5144 qui
2765 5074 2937 5139 metit,
2985 5073 3277 5128 mercedem
3319 5076 3534 5144 accipit,
3580 5087 3632 5132 et

2040 5183 2318 5249 congregal
2342 5172 2576 5241 fructum
2610 5170 2664 5222 in
2689 5167 2851 5221 vitam
2879 5177 3132 5222 (sternam
3158 5183 3176 5221 :
3201 5179 3258 5222 ut
3284 5179 3334 5223 et
3361 5170 3452 5239 qui
3469 5170 3634 5223 semi-

2042 5280 2136 5326 nat
2175 5267 2336 5344 simul
2377 5262 2642 5336 gaudeat,
2688 5269 2738 5315 et
2787 5261 2878 5331 qui
2913 5262 3082 5315 metit.
3132 5259 3206 5344 In’
3235 5262 3332 5316 hoc
3379 5262 3519 5316 enim
3549 5271 3632 5315 est

2042 5363 2254 5419 verbum
2291 5332 2672 5427 rerum,:quia
2708 5354 2853 5409 'atius
2889 5363 2966 5410 est
3004 5353 3097 5424 qui
3133 5332 3381 5419 seminat,
3407 5361 3459 5406 et
3489 5351 3630 5404 alius

2041 5467 2119 5512 est
2140 5455 2229 5527 qui
2260 5453 2428 5508 metit.

2114 5547 2377 5617 Tempus,
2406 5544 2609 5616 inquit,
2656 5549 2741 5598 est
2773 5538 2929 5597 verbi
2961 5539 3213 5594 vocantis
3256 5536 3322 5590 ad
3371 5534 3531 5590 ﬁdem
3574 5542 3631 5589 et

2043 5637 2586 5697 consummationem
2621 5633 2878 5705 legalium
2913 5637 2967 5685 et
3000 5627 3452 5699 propheticorum
3486 5641 3630 5697 prte-

2046 5731 2338 5790 coniorum
2370 5726 2721 5782 auditoribus
2752 5721 3115 5778 ostendentis.
3164 5717 3273 5773 Lex
3304 5718 3451 5774 enim
3481 5719 3634 5774 velut

2049 5825 2104 5878 in
2124 5815 2337 5878 umbris
2393 5820 2578 5890 typico
2637 5813 2788 5870 cultu
2841 5821 3128 5869 venturum
3188 5808 3630 5882 praenuntiabat.J
