4106 6502
531 291 636 347 5‘21

1530 275 1590 332 S.
1625 272 1902 329 CYRILLI
1934 271 2403 329 ALEXANDRINI
2441 272 2759 330 ARCHIEP.

3673 275 3772 333 39.8

530 401 815 459 Christum
859 397 1122 453 videlicet
1168 411 1182 447 :
1233 387 1516 462 propheta:
1559 400 1693 441 vero
1725 393 1851 456 post
1897 384 2101 454 ipsum,

2213 385 2513 455 λατρείαις,
2562 386 2860 458 προεδήλου
2915 387 3007 440 τὸν
3058 386 3413 458 ἀφιξόμενον,
3467 385 3612 441 τοῦτ’
3666 389 3774 444 ἐστι

533 491 926 547 annuntiantes
982 487 1226 558 Spiritus
1269 492 1586 543 sermones,
1625 477 1852 547 jamjam
1881 473 2105 528 adfutu-

533 601 654 641 rum
699 583 1121 654 praesignabant.
1165 576 1301 646 Cum
1343 581 1524 626 autem
1567 575 1756 638 portas
1807 565 2104 632 introierit,

533 695 686 754 spem
736 692 844 732 non
891 672 1105 728 dill‘eret
1139 670 1194 724 in
1225 668 1448 736 longum
1485 673 1702 731 tempus
1731 659 2105 754 apostolorum

530 749 870 840 praedicatio,
921 763 1017 820 sed
1063 763 1176 832 jam
1221 763 1542 829 praesentem
1573 767 1697 808 eum
1730 749 1983 806 ostendet
2013 749 2108 840 qui

529 839 1003 930 exspectabatur:
1041 861 1094 908 et
1130 850 1294 919 200
1329 852 1496 901 metet
1549 842 1769 914 quidem
1821 857 1889 896 ex
1945 839 2108 909 legali

532 949 684 1002 cultu
715 961 817 1002 eos
867 944 963 1015 qui
1012 940 1192 995 adhuc
1233 937 1337 1006 legi
1385 935 1660 1000 serviunt,
1695 939 1751 988 et
1782 931 1886 986 soli
1917 930 2108 984 littera:

531 1040 822 1101 incubant,
855 1043 1020 1105 atque
1063 1033 1243 1086 instar
1271 1028 1677 1098 manipulorum
1724 1021 2020 1078 transferet
2051 1021 2108 1074 in

530 1147 716 1188 mores
741 1141 796 1185 et
827 1126 1308 1184 conversationem
1329 1119 1725 1190 evangelieam,
1757 1123 1811 1169 et
1837 1111 2109 1168 resecabit

530 1224 786 1281 similiter
853 1221 922 1275 ab
992 1231 1181 1273 errore
1241 1214 1334 1285 qui
1397 1207 1805 1266 multitudinem
1879 1205 2106 1260 deorum

533 1315 735 1370 astruit
762 1312 1033 1368 idolorum
1065 1308 1356 1371 cultorem,
1393 1316 1630 1372 eumque
1661 1299 1728 1353 ad
1767 1297 2106 1369 agnitionem

530 1402 652 1458 veri
697 1400 793 1456 Dei
829 1398 1112 1470 perducet,
1164 1402 1218 1451 et
1267 1402 1328 1449 ut
1375 1393 1433 1448 in
1487 1404 1703 1448 summa
1751 1387 1930 1458 quoad
1981 1386 2108 1440 licet

532 1495 805 1557 dicamus,
837 1508 934 1547 eos
978 1491 1072 1561 qui
1103 1499 1314 1544 terrena
1352 1486 1532 1541 adhuc
1559 1482 1810 1552 sapiunt,
1841 1479 1908 1533 ad
1940 1493 2108 1550 ange-

532 1587 712 1639 lorum
751 1585 920 1637 vitam
969 1597 1068 1654 per
1125 1579 1286 1634 ﬁdem
1348 1576 1402 1630 in
1452 1574 1733 1630 Christum
1787 1571 2103 1628 transferet.

533 1676 686 1731 Hanc
719 1673 1163 1742 autem,'inquit,
1194 1666 1515 1741 prmdicatio
1544 1677 1855 1720 messorum
1889 1661 2101 1716 etIiciet.

530 1766 738 1822 Merces
786 1780 918 1820 vero
979 1779 1092 1818 non
1139 1760 1312 1816 deerit
1352 1777 1366 1813 :
1408 1754 1768 1826 congregabit
1821 1753 1969 1808 enim
2023 1751 2105 1806 eis

531 1857 772 1911 fructum
804 1855 898 1927 qui
925 1855 981 1909 in
1003 1854 1170 1909 vitam
1198 1858 1460 1905 aeternam
1483 1849 1692 1901 nutriat
1722 1861 1736 1910 ;
1768 1858 1946 1912 neque
1975 1857 2107 1898 vero

529 1950 625 2020 qui
681 1947 1027 2019 perceperint
1079 1942 1180 1999 soli
1237 1942 1293 1996 in
1351 1940 1549 2010 seipsis
1597 1936 1948 2008 gaudebunt,
2008 1935 2105 1990 sed

530 2049 795 2110 tanquam
851 2038 945 2108 qui
997 2033 1284 2107 pr0phetis
1348 2030 1825 2092 adlaboraverint,
1876 2037 1930 2081 et
1983 2035 2104 2082 sata

531 2133 686 2205 prius
740 2132 810 2186 ab
861 2131 929 2187 iis
982 2129 1200 2184 exculta
1245 2123 1610 2188 messuerint,
1651 2135 1814 2176 unam
1868 2135 1995 2176 cum
2038 2120 2108 2176 iis

531 2222 912 2278 celebritatem
957 2225 1244 2291 peragent.
1295 2217 1416 2282 Quo
1454 2213 1686 2278 factum,
1738 2213 2000 2278 arbitror,
2043 2219 2107 2268 ut

529 2312 736 2368 Paulus
760 2293 1230 2382 sapientissimus,
1267 2307 1359 2378 qui
1385 2321 1571 2361 rerum
1609 2305 1920 2360 futurarum
1946 2312 2106 2374 typos

531 2403 782 2474 apprime
815 2409 1064 2465 noverat,
1099 2401 1168 2456 de
1197 2399 1406 2454 sanctis
1438 2397 1692 2468 patribus
1727 2411 1792 2450 ac
1823 2395 2106 2466 prophetis

531 2495 781 2550 dixerit:
813 2516 832 2546 ι
871 2493 981 2548 Hos
1030 2492 1289 2547 nimirum
1334 2505 1529 2546 omnes
1576 2488 1851 2560 perfectos
1885 2487 1906 2560 [
1952 2487 2104 2558 Vulg.

532 2585 846 2658 probatos]
883 2602 979 2656 per
1013 2584 1173 2639 ﬁdem
1222 2598 1331 2638 non
1385 2581 1666 2652 accepisse
1719 2579 2109 2650 repromissio-

532 2695 697 2743 nem,
734 2677 847 2734 Deo
881 2693 980 2748 pro
1014 2677 1174 2733 nobis
1204 2675 1400 2731 melius
1442 2673 1651 2743 aliquid
1678 2671 2023 2742 providente,
2051 2681 2111 2726 ut

532 2786 645 2826 non
662 2769 784 2825 sine
808 2770 964 2824 nobis
990 2776 1510 2824 cousummarentur
1538 2765 1585 2798 ⁸ο
1614 2782 1662 2818 ι.
1685 2763 1938 2818 Salvator
1961 2763 2110 2819 enim

532 2876 835 2917 messorem
868 2861 1038 2916 voluit
1063 2875 1173 2914 una
1199 2859 1437 2930 gaudere
1471 2872 1597 2912 cum
1627 2863 1832 2910 satore.

2207 481 2463 553 Χριστόν⁶
2514 484 2787 553 προφῆται
2825 481 2882 534 δὲ
2933 484 3050 551 μετ’
3095 481 3277 548 αὐτὸν,
3325 482 3454 546 τοὺς
3495 481 3646 552 παρά
3684 485 3773 538 τοῦ

2209 573 2521 644 Πνεύματος
2547 572 3034 643 διαπορθμεύοντες
3073 572 3265 640 λόγους
3313 573 3508 644 μικρὸν
3534 574 3656 628 ὅσον
3688 577 3776 628 καὶ

2207 666 2283 730 ὡς
2343 667 2443 737 ἤδη
2492 665 2863 736 παρεσόμενόν
2908 681 2970 718 τε
3019 666 3112 718 καὶ
3169 666 3368 736 ήξοντα
3420 667 3774 737 προεμήνυον.

2221 758 2524 829 Ἐπειδὴδέ
2552 758 2682 810 εἴσω
2719 756 2915 828 βέϐηκε
2949 756 3149 827 θυρῶν,
3189 759 3289 810 οὐκ
3331 759 3409 821 εἰς
3445 757 3638 811 ἐλπίδα
3679 776 3780 828 μα·

2208 849 2346 921 κράν
2372 849 2632 920 ἀναθήσει
2671 850 2730 902 τὸ
2772 849 3138 918 προσδοκηθέν
3168 849 3278 902 τῶν
3307 849 3619 902 ἀποστόλων
3646 853 3673 902 6
3697 850 3782 902 λό-

2207 961 2322 1012 γος,
2357 943 2470 996 ἀλλ’
2493 943 2592 1013 ήδη
2616 943 2785 1013 παρὸν
2814 941 3091 1006 ἐπιδείξει’
3128 942 3222 994 καὶ
3252 941 3454 1012 θερίσει
3486 942 3582 1011 μέν
3614 943 3679 996 ἐκ
3701 959 3783 994 νο-

2212 1034 2380 1105 μικῆς
2403 1034 2657 1104 λατρείας
2678 1034 2805 1096 τοὺς
2826 1032 2918 1085 ἔτι-
2934 1033 3081 1103 νόμῳ
3107 1033 3471 1095 δουλεύοντας,
3516 1035 3606 1086 καὶ
3639 1035 3782 1106 μόνῳ

2209 1123 2694 1196 προσκαθημένους
2729 1124 2806 1193 τῷ
2840 1123 3148 1194 γράμματι,
3185 1122 3478 1195 μεταθήσει
3524 1125 3580 1178 δὲ
3627 1126 3782 1196 δίκην

2207 1214 2535 1286 δραγμάτων
2581 1216 2660 1278 είς
2703 1215 2814 1281 ἕξιν
2837 1233 2896 1268 τε
2934 1215 3029 1268 καὶ
3077 1215 3350 1270 πολιτείαν
3402 1218 3782 1290 εύαγγελικὴν,

2209 1310 2469 1379 ἀτωκερεῖ
2494 1302 2550 1360 δὲ
2596 1309 2798 1378 ὁμοίως
2839 1308 3100 1362 πολυθέου
3149 1308 3248 1380 μὲν
3299 1310 3504 1380 πλάνης
3550 1310 3642 1364 τὸν
3676 1312 3786 1364 τῶν

2209 1398 2440 1466 εἰδώλων
2485 1399 2886 1471 προσκυνητὴν,
2937 1400 3173 1470 μετοίσει
3223 1400 3279 1452 δέ
3314 1401 3450 1472 πρὸς
3487 1380 3788 1470 ἐπίγνωσιν

2206 1492 2299 1546 τοῦ
2337 1493 2456 1545 κατ’
2502 1492 2764 1563 ἀλήθειαν
2813 1492 2965 1554 ὄντος
3013 1491 3172 1555 Θεοῦ,
3219 1493 3311 1545 καὶ
3351 1493 3408 1546 τὸ
3442 1493 3684 1564 σύμπαν,
3714 1494 3787 1558 ὡς

2208 1584 2306 1648 ἐνι,
2337 1585 2429 1638 καλ¹
2476 1583 2774 1656 συλλήϐδην
2815 1584 3006 1646 εἰπεῖν,
3054 1585 3180 1647 τοὺς
3227 1584 3553 1653 φρονοῦντας
3593 1584 3673 1637 ἐτι
3725 1586 3790 1638 τά

2209 1676 2301 1729 ἐπὶ
2342 1675 2441 1744 τῆς
2492 1675 2598 1744 γῆς
2649 1673 2785 1744 πρὸς
2834 1674 2933 1745 τὴν
2987 1673 3095 1726 τῶν
3150 1673 3397 1742 ἀγγέλων
3457 1675 3787 1745 μεταστήσει

2211 1765 2353 1837 ζωὴν
2378 1766 2465 1819 διὰ
2502 1768 2736 1828 πίστεως
2767 1766 2865 1836 τῆς
2900 1767 2981 1828 είς
3023 1765 3276 1836 Χριστόν.
3319 1765 3538 1837 Ταύτην
3574 1765 3673 1836 μὲν
3699 1767 3788 1836 δὴ,

2213 1859 2397 1928 φησὶν,
2430 1860 2458 1911 6
2481 1857 2591 1910 τῶν
2623 1857 2886 1929 θεριστῶν
2918 1856 3271 1929 ἐξεργάσεται
3309 1857 3483 1926 λόγος.
3520 1859 3716 1910 Ἔσται
3748 1858 3791 1911 δ’

2207 1946 2301 2004 οὖν
2343 1951 2490 2020 ὅμως
2526 1951 2626 2002 οὐκ
2660 1949 2920 2020 ἀμισθής·
2968 1947 3185 2015 συνάξει
3211 1951 3320 2020 γὰρ
3355 1950 3419 2020 δὴ
3451 1951 3667 2014 πάντως
3691 1951 3793 2003 αύ-

2207 2043 2323 2101 τοῖς
2349 2041 2441 2094 τὸν
2466 2043 2545 2101 εἰς
2575 2040 2718 2111 ζωὴν
2760 2039 2974 2096 αίὼνιον
3013 2042 3388 2112 ἀποτρέφοντα
3418 2042 3648 2112 καρπόν·
3696 2045 3795 2096 καὶ

2211 2133 2272 2185 ού
2305 2131 2368 2202 δή
2415 2148 2517 2184 που
2553 2130 2810 2194 λαϐόντες
2845 2131 2995 2201 μόνοι
3039 2131 3161 2185 καθ’
3202 2131 3428 2193 ἑαυτοὺς
3483 2131 3796 2203 εὐφρανθή-

2214 2236 2412 2280 σονται,
2448 2218 2562 2271 ἀλλ’
2586 2219 2662 2280 ὡς
2711 2220 2824 2282 τοῖς
2852 2219 2962 2272 τῶν
3005 2219 3304 2290 προφητῶν
3350 2220 3797 2291 ἐπικεκμηκότες

2211 2311 2416 2376 πόνοις,
2449 2311 2658 2364 καὶτὸν
2699 2313 2828 2383 παρ’
2856 2311 3078 2365 ἐκείνων
3118 2311 3611 2383 προγεωργηθέντα
3647 2311 3798 2385 θερί.

2214 2418 2406 2465 σαντες
2435 2400 2657 2472 σπόρον,
2691 2402 2820 2472 μίαν
2862 2403 3044 2466 αὐτοῖς
3083 2403 3454 2456 ἐπιτελέσουσι
3475 2402 3573 2472 τὴν
3618 2405 3798 2475 πανή-

2208 2510 2388 2565 γυριν.
2438 2490 2606 2564 Οἶμαι
2646 2495 2690 2547 δ’
2718 2493 2891 2562 ἔγωγε
2920 2493 3011 2548 τὸν
3050 2493 3358 2564 σοφώτατον
3383 2493 3614 2557 Παῦλον,
3666 2494 3799 2558 τοὺς

2210 2587 2303 2639 ἐπὶ
2330 2587 2440 2648 τοῖς
2469 2585 2718 2656 μέλλουσι
2751 2585 2953 2648 τύπους
2982 2584 3411 2656 ἐκμεμαθηκότα
3461 2585 3671 2654 σαφῶς,
3702 2586 3798 2638 ἐν-

2210 2676 2402 2731 τεῦθεν
2446 2679 2620 2730 εἰπεῖν
2646 2677 2773 2748 περί
2807 2695 2867 2730 τε
2889 2677 2998 2730 τῶν
3033 2677 3204 2747 ἁγίων
3252 2678 3504 2748 πατέρων
3534 2679 3628 2732 καὶ
3658 2695 3802 2748 προσ

2213 2768 2418 2840 φητῶν,
2446 2769 2528 2822 ὅτι
2559 2787 2578 2820 ι
2625 2770 2734 2822 Καὶ
2759 2762 2904 2822 οὗτοι
2932 2769 3134 2832 πάντες
3161 2769 3539 2832 τελειωθέντες
3583 2769 3672 2822 διά
3696 2771 3802 2840 τῆς

2220 2860 2452 2924 πίστεως
2485 2860 2586 2914 οὐκ
2627 2861 2949 2930 ἐκομίσαντο
3000 2861 3098 2932 τὴν
3129 2861 3481 2930 ἐπαγγελίαν,
3529 2860 3624 2914 τοῦ
3658 2860 3802 2913 Θεοῦ

531 2953 661 3026 περὶ
682 2952 838 3025 ήμῶν
867 2952 1111 3024 κρεῖττόν
1133 2969 1185 3004 τι
1211 2947 1683 3039 προϐλεψαμένου,
1757 2947 1846 3000 ῐνα
1903 2947 1979 3018 μή
2043 2950 2209 3021 χωρὶς
2250 2933 2428 3020 ἡμῶν
2455 2950 2831 3005 τελειωθῶσιν.
2871 2970 2890 3003 ι
2953 2949 3118 3022 Ὁμοῦ
3179 2951 3286 3022 γάρ
3335 2951 3534 3022 χρῆναι
3584 2952 3805 3022 χαίρειν

529 3045 850 3120 ἐδοκίμασεν
923 3046 952 3097 6
1007 3045 1199 3116 Σωτὴρ
1248 3043 1326 3113 τῷ
1384 3041 1792 3112 προεσπαρκότι
1857 3041 1949 3109 τὸν
2013 3043 2288 3118 θεριστήν.

603 3135 694 3204 ιν,
733 3135 823 3190 58.
869 3133 980 3205 Ego
1011 3135 1132 3188 misi
1183 3150 1271 3188 vos
1297 3142 1486 3186 metere
1520 3133 1659 3204 quod
1695 3150 1786 3188 vos
1825 3149 1930 3188 non
1956 3134 2106 3191 labo-

2291 3138 2440 3210 Ἐγὼ
2469 3139 2800 3195 ἀπέστειλα
2820 3137 2976 3209 ὑμᾶς
2997 3137 3264 3207 θερίζειν,
3302 3139 3334 3192 ὃ
3363 3140 3476 3209 οὐχ
3506 3140 3679 3209 ὑμεῖς
3705 3157 3805 3193 xt-

528 3227 696 3282 rastis
721 3241 740 3279 :
773 3227 868 3279 alii
916 3225 1323 3292 laboraverunt,
1367 3234 1416 3279 et
1461 3240 1550 3278 vos
1593 3226 1648 3278 in
1683 3223 1888 3280 labores
1933 3242 2114 3281 eorum

531 3318 826 3374 iutroistis.

606 3408 807 3464 Totum
834 3407 916 3464 eis
941 3405 1154 3463 tandem
1187 3406 1399 3463 revelat
1423 3409 1767 3479 mysterium,
1792 3416 1848 3464 et
1872 3409 2115 3466 obscuro

533 3500 780 3556 circuitu
829 3498 1124 3570 verborum
1184 3497 1404 3553 sublato
1469 3499 1976 3556 manifestissimam
2034 3503 2115 3557 rei

537 3594 866 3668 signiﬁcata:
894 3594 1223 3650 sententiam
1257 3593 1499 3649 exhibet.
1529 3592 1663 3649 Cum
1695 3603 1877 3650 autem
1922 3594 2117 3649 Salva-

537 3695 628 3744 tor
655 3687 960 3757 prophetas
997 3693 1054 3740 et
1090 3686 1372 3756 apostolos
1411 3685 1691 3756 diligeret,
1744 3701 1846 3742 nec
1894 3687 2115 3742 illorum

539 3779 727 3835 labore
755 3793 946 3833 carere
973 3778 1093 3833 vult
1119 3779 1422 3849 apostolos,
1456 3792 1563 3832 nec
1604 3779 1814 3833 sanctis
1851 3776 2116 3848 apostolis

538 3879 708 3930 totam
749 3871 981 3943 gloriam
1027 3870 1221 3926 tribuit
1261 3885 1455 3926 eorum
1513 3871 1610 3940 qui
1661 3870 1906 3924 salvandi
1958 3875 2118 3924 erant

536 3975 637 4032 per
665 3960 827 4017 ﬁdem
859 3961 913 4015 in
947 3961 1126 4032 ipsum
1163 3980 1178 4016 :
1213 3961 1308 4017 sed
1345 3969 1658 4031 temperans
1685 3961 2114 4032 quodammodo,

537 4059 593 4108 et
624 4061 817 4108 mutua
847 4054 1166 4125 operatione
1199 4055 1536 4124 permiscens
1570 4063 1929 4128 utrorumque
1959 4053 2116 4108 labo-

538 4135 678 4210 rem,
717 4159 889 4199 unum
924 4144 1045 4199 fore
1089 4145 1165 4199 ait
1210 4145 1266 4198 in
1314 4145 1565 4214 utrisque
1609 4145 1797 4215 gloriae
1849 4144 2116 4198 studium.

539 4235 806 4291 Introisse
833 4243 1018 4290 tamen
1063 4233 1346 4304 apostolos
1374 4235 1428 4288 in
1458 4243 1777 4290 sanctorum
1828 4235 2118 4304 propheta-

542 4341 664 4380 rum
692 4326 910 4381 labores
928 4325 1148 4389 asserit,
1177 4340 1285 4380 non
1316 4326 1642 4397 permittens
1673 4325 1938 4380 insultare
1967 4324 2117 4393 prio-

539 4431 665 4472 rum
711 4415 1014 4480 nobilitati,
1065 4415 1163 4470 sed
1211 4430 1309 4471 eos
1367 4415 1573 4470 honore
1627 4415 1883 4485 prosequi
1934 4413 2117 4482 potius

541 4506 925 4576 persuadens,
976 4512 1034 4560 ut
1080 4506 1175 4577 qui
1231 4506 1419 4562 labore
1470 4515 1524 4562 et
1563 4514 1807 4574 tempore
1859 4512 2116 4573 praeeant.

542 4593 822 4663 Optimum
868 4601 1048 4650 autem
1091 4594 1238 4650 istud
1277 4596 1440 4651 nobis
1469 4608 1691 4665 quoque
1730 4592 2120 4647 documentum

544 4681 682 4749 fore,
718 4683 845 4754 quis
871 4699 1118 4739 annuere
1139 4683 1508 4740 detrectabit?

2216 3229 2559 3285 xomdxare‘
2590 3231 2767 3286 ἄλλοι
2794 3229 3209 3297 κεκοπιάκασι,
3235 3230 3330 3284 καὶ
3355 3233 3442 3298 εἰς
3463 3231 3572 3285 τὸν
3605 3233 3806 3286 κόπον

2214 3322 2415 3377 αὐτῶν
2447 3324 2896 3390 εἰσεληλύθατε.

2289 3413 2432 3483 Ἤδη
2465 3413 2526 3466 τὸ
2557 3412 2777 3482 σύμπαν
2804 3411 2989 3476 αὐτοῖς
3034 3410 3404 3468 ἀνακαλύπτει
3463 3415 3803 3486 μυστήριον,

2217 3504 2309 3557 καί
2335 3505 2434 3574 τὴν
2459 3503 2833 3574 αἰνιγματώδη
2864 3503 2972 3557 τῶν
2999 3503 3172 3573 λόγων
3231 3505 3548 3577 ἀποστήσας
3580 3509 3812 3578 περιϐο-

2217 3593 2333 3664 λὴν,
2367 3594 2772 3666 ἐναργεστάτην
2807 3593 2901 3648 τοῦ
2933 3595 3332 3666 σημαινομένου
3363 3596 3666 3666 παρίστησι
3705 3599 3808 3667 τὴν

2216 3679 2475 3736 διάνοιαν.
2511 3681 2925 3753 Φιλοπροφήτης
2953 3681 3011 3734 δέ
3041 3681 3115 3735 ὢν
3137 3685 3165 3736 6
3198 3684 3408 3756 Σωτὴρ,
3447 3686 3540 3739 καὶ
3571 3689 3810 3755 φιλαπό-

2220 3773 2424 3837 στολος,
2455 3771 2580 3827 οὔτε
2607 3773 2698 3827 τὸν
2728 3773 2954 3828 ἐκείνων
2983 3773 3140 3828 πόνον
3179 3775 3283 3843 ἔξω
3310 3779 3411 3848 τῆς
3428 3777 3538 3831 τῶν
3570 3778 3811 3833 ἀποστό-

2217 3863 2328 3918 λων
2358 3864 2540 3933 τίθησι
2581 3863 2786 3935 χειρὸς,
2827 3863 2951 3918 οὔτε
3016 3865 3124 3936 μὴν
3175 3867 3483 3938 ὁλοκλήρως
3531 3869 3811 3941 ἀπονέμει

2216 3956 2330 4018 τοῖς
2359 3953 2531 4021 ἁγίοις
2562 3955 2881 4018 ἀποστόλοις
2918 3954 2978 4007 τὸ
2999 3956 3089 4008 ἐπὶ
3119 3958 3233 4018 τοῖς
3267 3955 3553 4026 μέλλουσιν
3583 3957 3811 4012 ἀνασω-

2219 4043 2482 4114 θήσεσθαι
2510 4044 2770 4114 καύχημα
2801 4043 2890 4097 διά
2939 4044 3175 4108 πίστεως
3200 4045 3300 4116 τῆς
3331 4046 3412 4109 είς
3439 4047 3626 4100 αὐτόν’
3671 4050 3810 4105 ἀνα-

2218 4135 2460 4206 κεράσας
2505 4134 2562 4187 δὲ
2601 4136 2793 4206 ὥσπερ
2839 4135 2933 4188 καὶ
2955 4139 3076 4199 ταῖς
3100 4137 3158 4188 ἐν
3199 4137 3458 4208 ἀλλήλαις
3501 4140 3811 4210 ἐνεργείαις

2185 4208 2319 4298 Ἶαί.
2351 4225 2718 4297 συνεργείαις]
2734 4226 3004 4294 ἀναμίξας
3033 4226 3124 4280 τὸν
3146 4228 3424 4297 ἑκατέρων
3454 4208 3640 4291 πόνον,
3674 4231 3811 4300 μίαν

2219 4317 2440 4371 ἔσεσθαί
2469 4334 2622 4388 φησι,
2657 4307 2751 4370 καὶ
2793 4318 2936 4387 μάλα
2967 4319 3211 4382 εἰκότως,
3242 4320 3327 4370 ἐπ’
3359 4320 3560 4389 ἀμφοῖν
3589 4321 3689 4392 τὴν
3719 4337 3813 4390 φι-

2219 4410 2488 4480 λοτιμίαν.
2538 4409 2926 4480 Είσϐεϐηκέναι
2974 4426 3038 4478 γε
3093 4409 3198 4480 μὴν
3231 4411 3326 4463 ἐπὶ
3354 4414 3467 4474 τοῖς
3495 4409 3604 4464 τῶν
3633 4413 3813 4479 ἁγίων

2225 4500 2523 4570 προφητῶν
2573 4501 2700 4563 τοὺς
2747 4499 3078 4588 ἀποστόλογς
3142 4497 3544 4554 διαϐεϐαιοῦται
3599 4501 3810 4568 πόνοις,

2223 4593 2346 4654 ταῖς
2396 4590 2506 4644 τῶν
2569 4591 2948 4661 προλαϐόντων
3016 4590 3287 4654 εύκλείαις
3341 4593 3443 4646 οὐκ
3493 4595 3814 4664 ἐπιτρέπων

2225 4681 2562 4747 ἐνάλλεσθαι,
2592 4685 2757 4754 τιμᾷν
2799 4682 2856 4734 δὲ
2903 4683 3102 4751 μᾶλλον
3142 4681 3454 4736 ἀναπείθων
3479 4683 3701 4750 αὐτοὺς,
3735 4684 3816 4750 ὡς

541 4779 923 4851 ἡγησαμένους
955 4778 1014 4833 ἐν
1041 4796 1102 4833 τε
1145 4780 1314 4852 πόνῳ,
1357 4778 1453 4832 καὶ
1483 4775 1683 4848 χρόνῳ.
1714 4775 2016 4831 Κάλλιστον
2057 4777 2113 4832 δὲ
2147 4777 2210 4851 δή
2238 4796 2339 4832 που
2365 4780 2460 4832 καὶ
2487 4781 2618 4849 ἡμῖν
2645 4777 2726 4831 ὃτι
2766 4776 2830 4846 δὴ
2858 4777 3084 4862 πάντως
3099 4774 3252 4830 ἔσται
3276 4776 3338 4830 τὸ
3401 4775 3544 4848 μάθη
3554 4794 3659 4846 μα,
3727 4780 3816 4841 τίς

541 4870 572 4923 6
607 4873 878 4923 συναινεῖν
909 4871 1340 4943 παραιτούμενος
1368 4885 1384 4935 ;

613 4961 859 5033 201W
877 5002 892 5028 ,
920 4964 1010 5020 39.
1044 4963 1128 5018 Ea:
1149 4966 1358 5019 civitate
1388 4969 1563 5014 autem
1587 4960 1692 5014 illa
1709 4961 1862 5014 multi
1892 4962 2124 5018 credide-

546 5061 668 5104 runt
709 5055 764 5105 in
801 5068 920 5107 eum
949 5053 1419 5108 Samaritanorum
1443 5089 1459 5115 ,
1492 5061 1702 5122 propter
1743 5054 1952 5106 verbum
2003 5069 2124 5107 mu-

548 5143 692 5197 lieris
722 5145 1076 5200 testimonium
1101 5142 1456 5215 perhibentis:
1479 5143 1619 5212 Quia
1639 5145 1775 5198 dixit
1797 5143 1925 5198 mihi
1944 5146 2125 5199 omnia
2163 5160 2166 5162 ‘

545 5254 864 5310 quacunque
891 5238 1013 5308 feci.

619 5327 714 5384 His
751 5330 932 5384 verbis
971 5333 1195 5383 rurSum
1244 5327 1418 5383 Israel
1460 5328 1897 5394 condemnatur,
1943 5335 1999 5383 et
2053 5343 2123 5383 ex

549 5419 1027 5474 Samaritanorum
1063 5419 1328 5474 facilitate
1356 5419 1530 5477 durus
1561 5428 1614 5476 et
1645 5419 1970 5490 praefractus
1997 5419 2121 5488 ejus
2171 5465 2192 5479 ς

548 5512 768 5567 animus
800 5511 1073 5580 arguitur.
1117 5509 1483 5568 Vehementer
1506 5513 1653 5568 enim
1687 5513 1918 5569 miratur
1952 5526 2119 5567 evan-

638 5694 682 5726 ⁸⁸
709 5640 878 5746 ﬂetur:
903 5703 956 5744 st
977 5729 991 5757 ,
1021 5690 1110 5757 59,
1145 5691 1238 5749 40.

2311 4963 2413 5015 Ἐκ
2434 4958 2502 5012 δὲ
2524 4956 2636 5025 τῆς
2667 4959 2898 5021 πόλεως
2922 4955 3160 5022 ἐκείνης
3184 4954 3404 5009 πολλοὶ
3434 4956 3818 5012 ἐπίστευσαν

2228 5056 2315 5119 εὶς
2338 5051 2526 5106 αὐτὸν
2554 5047 2672 5101 τῶν
2695 5043 3069 5115 Σαμαρειτῶν
3100 5044 3196 5098 διὰ
3221 5044 3329 5098 τὸν
3353 5047 3541 5115 λόγον
3571 5046 3682 5115 τῆς
3704 5067 3817 5116 γυ-

2227 5146 2437 5210 ναικὸς
2480 5141 2926 5213 μαρτυρούσης·
2967 5138 3098 5191 Ὀτι
3133 5133 3265 5191 εἶπέ
3302 5154 3408 5206 μοι
3439 5135 3658 5205 πάντα,
3693 5137 3819 5192 ὅσα

2228 5235 2507 5302 ἐποίησα.

2302 5322 2706 5394 Κατακρίνεται
2743 5320 2901 5374 πάλιν
2919 5319 3015 5373 καὶ
3043 5318 3137 5372 διὰ.
3158 5318 3361 5372 τούτων
3391 5321 3419 5372 6
3455 5317 3693 5388 Ἰσραὴλ,
3715 5317 3816 5370 καὶ

2225 5416 2312 5468 διὰ
2373 5415 2471 5484 τῆς
2528 5411 2880 5484 Σαμαρειτῶν
2947 5409 3291 5474 εὐπειθείας,
3344 5409 3690 5480 ἀφιλομαθής
3745 5424 3813 5458 τε

2225 5507 2362 5579 ὁμοῦ
2396 5507 2490 5561 καὶ
2519 5505 2734 5576 ἀπηνὴς
2779 5502 3141 5572 ἐξελέγχεται.
3196 5501 3476 5572 Θαυμάζει
3521 5502 3629 5572 γὰρ
3689 5499 3816 5552 λίαν
