4106 6484
364 292 481 350 59.9

1424 296 1493 354 IN
1535 291 1823 351 JOANNIS
1863 286 2317 350 EVANGELIUM
2360 290 2495 348 LIB.
2534 289 2600 347 II.

3546 290 3658 353 350

369 415 401 468 ό
423 412 824 484 εὐαγγελιστὴς
860 412 1088 478 πολλοὺς
1125 413 1203 478 είς
1232 412 1469 484 Χριστὸν
1512 407 1957 471 πεπιστευκέναι,

2079 406 2262 478 ςειὶειε
2296 409 2504 463 multos
2542 408 2599 462 in
2647 404 2932 461 Christum
2975 403 3310 473 credidi.se,
3360 419 3488 461 cum
3537 408 3660 464 ait:

369 504 576 572 λέγων,
608 522 627 556 ι
656 503 756 557 Διὰ
789 504 881 559 τὸν
923 504 1083 574 λόγον
1111 506 1210 576 τῆς
1233 504 1513 574 γυναικὸς,
1554 523 1573 556 ι
1632 502 1813 558 καίτοι
1856 500 1967 557 τῶν

364 596 463 651 διὰ
519 596 686 666 νόμου
741 597 1280 668 παιδαγωγουμένων
1337 597 1420 662 είς
1442 666 1453 675 .
1486 595 1586 668 τὴν
1640 594 1735 648 ἐπὶ
1791 595 1968 664 τούτῳ

368 688 598 758 γνῶσιν,
637 687 764 741 οὔτε
801 687 902 752 τὰς
945 689 1188 751 Μωσέως
1240 686 1703 760 παραδεξαμένων
1757 685 1964 758 φωνὰς,

364 777 499 832 οὔτε
538 780 653 843 τοῖς
690 779 987 852 προφητῶν
1016 781 1098 834 ὅτι
1149 780 1430 835 πείθεσθαι
1460 779 1567 851 χρὴ
1596 780 1968 850 διεγνωκότων

366 877 720 951 κηρύγμασι.
745 878 1269 951 Προκατασκευάζει
1296 878 1353 933 δὲ
1379 876 1469 932 διὰ
1492 876 1721 943 τούτων,
1766 875 1969 948 μᾶλλον

364 970 427 1024 δέ
460 971 929 1043 προαπολογεῖται
962 972 1163 1040 σοφῶς,
1196 970 1279 1024 δτι
1308 970 1532 1042 χάριτός
1551 987 1612 1023 τε
1632 971 1726 1023 καὶ
1753 968 1970 1033 ἐλπίδος

364 1064 473 1134 τῆς
496 1065 576 1127 είς
604 1063 845 1134 Χριστὸν
873 1062 1246 1135 ἐξωσθήσεται
1281 1064 1381 1135 μὲν
1405 1062 1644 1132 εὐλόγως
1663 1062 1693 1115 ὁ
1729 1061 1965 1134 Ἰσραὴλ,

364 1155 797 1227 ἀντεισϐήσεται
825 1154 886 1208 δὲ
912 1154 1022 1210 τῶν
1068 1154 1259 1223 ἐθνῶν,
1297 1155 1417 1227 ἦτοι
1439 1154 1550 1209 τῶν
1574 1153 1900 1225 ἀλλογενῶν,
1930 1155 1966 1227 ἠ

365 1247 772 1321 εὐπειθεστὲρα
798 1247 1030 1321 πληθύς.
1744 1234 1758 1248 ’

454 1341 552 1405 Ὠς
610 1337 727 1396 οὖν
783 1335 979 1410 ἦλθον
1040 1340 1194 1409 πρὸς
1247 1338 1438 1395 αὐτὸν
1483 1341 1540 1394 οι
1592 1337 1966 1410 Σαμαρεῖται,

362 1430 621 1500 ἠρώτων
667 1432 858 1487 αὐτὸν
890 1430 1092 1501 μεῖναι
1133 1432 1270 1501 παρ’
1320 1430 1546 1496 αὐτοῖς’
1582 1432 1682 1486 καὶ
1736 1431 1970 1501 ἔμεινεν

362 1524 501 1577 ἐκεῖ
526 1523 638 1578 δύο
662 1522 908 1593 ἡμέρας.
939 1524 1049 1578 Kal
1088 1520 1300 1589 πολλῷ
1332 1522 1583 1589 πλειους
1596 1522 1970 1578 ἐπίστευσαν

366 1617 471 1670 διὰ
498 1617 611 1669 τὸν
641 1617 830 1686 λόγον
852 1616 1066 1672 αὐτοῦ.

456 1707 773 1780 Ἐξηγείται
812 1709 912 1779 μὲν
958 1711 1035 1774 ὡς
1083 1711 1142 1764 ἐν
1191 1709 1456 1783 ἁπλότητι
1480 1710 1680 1781 λόγων,
1716 1708 1745 1763 δ
1772 1708 1837 1781 δὴ
1871 1724 1969 1779 γε·

366 1800 563 1853 νέσθαι
604 1801 957 1872 συμϐέϐηκεν
984 1818 998 1831 ⁸
1043 1803 1241 1874 ἑτέραν
1272 1804 1331 1857 δὲ
1358 1804 1551 1876 ὥσπερ
1579 1803 1830 1876 ἐξαρτύει
1860 1804 1969 1858 πά-

369 1892 458 1947 λιν
488 1891 782 1959 ἁττὸδειξιν,
809 1892 901 1948 τοῦ
927 1897 1123 1968 χρῆναι
1148 1896 1374 1963 δικαίως
1411 1895 1847 1971 ἁπορῤίπτεσθαι
1875 1897 1973 1967 μὲν

376 1989 479 2056 τῆς
524 1988 743 2052 ἐλπίδος
776 1987 871 2042 τὸν
925 1989 1162 2062 Ἰσραὴλ,
1211 1990 1712 2062 μεταμοσχεύεσθαι
1739 1989 1796 2045 δέ
1844 1991 1971 2052 τοὺς

383 2078 690 2146 ἀλλογενεῖς
749 2080 839 2134 ἐπ’
888 2081 1081 2153 αὐτήν.
1129 2081 1368 2136 Ἰουδαῖοι
1420 2082 1520 2154 μὲν
1568 2082 1678 2155 γὰρ
1723 2082 1972 2154 θαυματ-

378 2170 685 2241 ουργοῦντα
739 2173 1000 2238 ποικίλως
1052 2174 1146 2229 τὸν
1190 2173 1423 2248 Ἰησοῦν,
1476 2177 1572 2231 καὶ
1615 2178 1674 2230 ἐν
1730 2176 1857 2249 δόξῃ
1905 2180 1970 2250 τῇ

376 2262 685 2334 θεοπρεπεῖ
733 2264 1131 2337 διαλάμποντα,
1182 2270 1408 2340 πικραῖς
1448 2279 1510 2322 τε
1536 2269 1631 2323 καὶ
1675 2270 1975 2341 ἀφορήτοις

374 2355 662 2420 ὑπονοίαις
690 2356 995 2428 ὑϐρίζουσι,
1040 2360 1133 2413 καὶ
1164 2360 1419 2415 τοσοῦτον
1471 2364 1824 2434 ἐμπαροινεῖν
1872 2361 1975 2416 οὐκ

372 2447 749 2519 ἐρυθριῶντες
777 2449 1112 2509 ἁλίσκονται.
1133 2451 1208 2517 ὡς
1230 2452 1438 2517 ἔξοικόν
1462 2471 1522 2507 τε
1553 2453 1849 2523 ποιεῖσθαι,
1882 2456 1975 2509 καὶ

375 2541 591 2604 πόλεως
622 2544 722 2613 τῆς
745 2542 1013 2615 σφετέρας
1031 2542 1277 2600 ἐλαύνειν
1301 2545 1728 2615 ὲπείγεσθαιτδν
1752 2546 1975 2620 ἁπάσης

373 2635 566 2697 αὐτοῖς
590 2633 858 2705 εὐθυμίας
879 2634 1156 2707 πρόξενον.
1194 2638 1528 2710 Σαμαρεῖται
1551 2639 1609 2693 δέ
1633 2656 1698 2709 γε
1732 2642 1861 2713 μιᾶς
1881 2658 1976 2712 γυ-

377 2726 564 2790 ναικὸς
582 2725 1051 2798 ἀναπεπεισμένοι
1087 2727 1286 2798 λόγοις,
1318 2729 1610 2802 δρομαίους
1636 2733 1734 2804 μὲν
1759 2733 1840 2787 δτι
1867 2733 1973 2807 ΧΡῆ

379 2820 518 2891 πρὸς
540 2820 707 2874 αὑτὸν
742 2820 1091 2889 ἀφικνεῖσθαι
1119 2820 1444 2891 λογίζονται.
1472 2823 1693 2897 Ἐπειδὴ
1723 2824 1780 2878 δέ
1815 2819 1971 2898 ἧκον,

380 2911 716 2983 ἐκλιπαροῦν
745 2911 1099 2979 ἐσπούδαζον,
1126 2915 1207 2978 εῐς
1237 2931 1297 2967 τε
1318 2912 1380 2967 τὸ
1396 2913 1532 2968 ἄστυ
1551 2916 1862 2989 παρελθεῖν,
1880 2919 1976 2971 καὶ

380 3004 470 3057 τὸν
499 3006 770 3075 σωτήριον
793 3005 978 3068 αὐτοῖς
993 3004 1507 3073 ἐπιδαψιλεύσασθαι
1533 3008 1712 3077 λόγον·
1736 3009 1975 3063 ἐπινεύει

2076 515 2094 549 ι
2139 496 2374 570 Propter
2403 498 2636 555 verbum
2667 495 2921 552 mulieris
2943 536 2958 562 ,
3003 514 3022 549 ι
3058 495 3314 567 quamvis
3357 496 3397 551 ii
3437 499 3532 569 qui
3562 514 3665 570 per

2070 590 2249 663 legem
2297 590 2368 646 ad
2418 590 2583 647 istius
2632 589 2974 660 agnitionem
3025 588 3452 656 erudiebantur,
3481 605 3665 662 neque

2070 685 2281 757 Moysis
2307 685 2479 741 verba
2507 684 2874 755 susceperint,
2893 698 3074 754 neque
3086 684 3486 756 prophetarum
3516 699 3662 758 pm-

2070 779 2253 836 coniis
2289 777 2632 833 credendum
2677 789 2804 833 esse
2847 779 3188 834 censuerint.
3230 778 3445 836 Astruit
3490 795 3664 852 porro

2073 869 2161 926 bis
2215 868 2404 926 verbis
2466 875 2524 925 et
2590 867 2649 922 in
2715 876 3069 924 antecessum
3124 869 3410 940 sapienter
3466 872 3665 943 probat

2069 959 2333 1017 Israelem
2365 959 2545 1030 gratia
2579 965 2636 1015 et
2673 973 2772 1028 spe
2818 956 2915 1012 illa
2964 957 3024 1013 in
3069 958 3355 1016 Christum
3397 962 3524 1033 jure
3562 963 3666 1019 de-

2073 1052 2355 1109 turbatum
2402 1051 2510 1117 iri,
2555 1058 2612 1106 et
2647 1050 2702 1105 in
2736 1052 2860 1121 ejus
2901 1050 3085 1106 locum
3116 1053 3364 1123 gentium
3398 1059 3496 1109 aut
3533 1054 3666 1111 alie-

2070 1146 2398 1217 nigenarum
2437 1142 2847 1202 multitudinem
2880 1143 3362 1216 obsequentiorem
3407 1145 3667 1204 introdu-

2070 1234 2327 1292 condam.

2142 1324 2216 1382 IV
2234 1367 2251 1396 ,
2287 1328 2380 1395 40,
2410 1327 2499 1382 ﬂ.
2542 1326 2680 1383 Cum
2708 1343 2834 1400 ergo
2855 1328 3121 1384 venissent
3153 1328 3224 1383 ad
3256 1342 3380 1383 eum
3408 1327 3663 1384 Samari—

2073 1422 2212 1485 tani,
2252 1430 2571 1492 rogaverunt
2606 1437 2726 1476 eum
2753 1433 2812 1477 ut
2844 1421 2920 1477 ibi
2951 1430 3230 1477 maneret:
3269 1430 3321 1477 et
3355 1423 3554 1477 mansit
3592 1421 3669 1477 ibi

2071 1514 2207 1569 duos
2228 1514 2366 1570 dies.
2402 1513 2475 1569 Et
2507 1515 2677 1569 multo
2699 1515 2878 1585 plures
2911 1514 3255 1571 crediderunt
3294 1515 3353 1570 in
3383 1530 3507 1571 eum
3540 1531 3669 1585 pro-

2073 1617 2190 1679 pter
2220 1625 2519 1664 sermonem
2543 1609 2681 1680 ejus.

2150 1701 2508 1775 Simplicibus
2536 1700 2723 1758 verbis
2757 1700 2813 1757 id
2842 1700 2989 1773 quod
3030 1701 3241 1756 factum
3273 1707 3361 1758 est
3395 1701 3666 1773 exponit;

2080 1794 2179 1852 sed
2218 1795 2383 1850 aliam
2430 1809 2628 1850 rursus
2675 1794 3212 1851 demonstrationem
3256 1791 3670 1863 quodammodo

2081 1895 2397 1960 praeparat,
2431 1886 2699 1941 nimirum
2730 1884 2991 1941 lsraelem
3019 1885 3219 1942 merito
3243 1899 3342 1955 spe
3373 1883 3537 1956 dejici
3562 1922 3579 1950 ,
3613 1892 3671 1941 α

2081 1981 2140 2036 in
2189 1995 2314 2037 eam
2368 1978 2713 2051 alienigenas
2761 1978 3183 2048 transplantari.
3230 1975 3406 2033 Judaei
3459 1978 3671 2048 quippe

2079 2071 2353 2130 miracula
2388 2071 2562 2128 variis
2589 2069 2771 2126 modis
2796 2077 3107 2140 patrantem
3137 2067 3327 2126 Iesum
3347 2108 3365 2133 ,
3392 2077 3451 2126 et
3479 2069 3669 2126 divina

2080 2167 2257 2239 gloria
2283 2163 2698 2236 prtefulgentem
2729 2164 2932 2220 acerbo
2961 2169 3017 2219 et
3047 2163 3274 2218 immani
3306 2162 3493 2219 furore
3538 2177 3672 2234 ρτοι

2082 2267 2414 2335 sequuntur,
2445 2267 2501 2317 et
2531 2271 2599 2315 eo
2636 2256 3086 2328 intemperiarum
3118 2254 3409 2313 devenisse
3446 2270 3671 2328 compe-

2081 2356 2344 2423 riuntur,
2387 2359 2449 2408 ut
2487 2358 2765 2409 extorrem
2815 2359 2872 2407 et
2923 2365 2956 2406 e
3007 2347 3231 2404 civitate
3276 2363 3380 2404 sua
3422 2350 3671 2406 exsulem

2085 2447 2270 2504 facere
2317 2452 2592 2502 conentur
2649 2443 2834 2500 omnis
2889 2440 3173 2500 felicitatis
3225 2440 3669 2498 conciliatorem.

2084 2541 2421 2598 Samaritani
2469 2552 2627 2603 vero,
2683 2538 2851 2593 unius
2908 2532 3249 2591 mulierculae
3316 2532 3671 2590 sermonibus

2082 2634 2376 2708 persuasi,
2419 2630 2744 2690 existimant
2787 2642 2988 2700 magno
3040 2641 3212 2684 cursu
3255 2624 3326 2684 ad
3377 2640 3505 2684 eum
3544 2640 3672 2682 esse

2080 2725 2512 2799 properandum.
2544 2724 2682 2779 Cum
2718 2730 2903 2777 autem
2942 2718 3261 2785 venissent,
3309 2716 3473 2773 enixe
3502 2730 3670 2787 roga-

2080 2823 2216 2879 bant
2249 2827 2312 2875 ut
2355 2818 2411 2873 in
2443 2816 2636 2873 urbem
2677 2814 2963 2885 migraret,
3003 2819 3059 2868 et
3082 2800 3380 2867 salutarem
3422 2810 3506 2866 eis
3547 2824 3670 2866 scr-

2081 2928 2308 2971 moncm
2353 2910 2565 2967 affatim
2607 2908 2950 2979 largiretur;
2986 2905 3212 2976 utrique
3245 2918 3379 2959 vero
3414 2909 3673 2974 prompte

2083 3007 2339 3064 Christus
2384 3002 2613 3069 annuit,
2663 3014 2789 3055 cum
2830 2998 3067 3070 gratiam
3106 3011 3218 3052 non
3261 2995 3667 3051 infructuosam

384 3093 441 3147 δὲ
468 3093 779 3183 προχείρως
823 3096 905 3159 είς
939 3096 1109 3167 ἄμφω
1141 3097 1398 3168 Χριστὸς,
1437 3099 1539 3152 οὐκ
1583 3099 1835 3170 ἄκαρπον
1861 3099 1973 3154 ἔσει

2086 3099 2203 3156 fore
2230 3100 2444 3152 nosset.
2471 3090 2629 3147 Multi
2650 3089 2797 3146 eni'm
2821 3086 3183 3145 crediderunt
3210 3086 3270 3141 in
3291 3099 3419 3142 eum
3442 3093 3672 3157 propter

385 3175 509 3241 σθαί
549 3188 652 3257 τὴν
671 3185 836 3258 χάριν
866 3185 1042 3250 εἰδώς.
1066 3187 1259 3241 Πολλοὶ
1285 3189 1395 3261 γὰρ
1422 3184 1751 3245 ἐπίστευσαν
1774 3192 1863 3246 διὰ
1884 3192 1973 3247 τὸν

2083 3202 2399 3249 sermonem
2439 3184 2582 3257 ejus.
2616 3181 3030 3237 Auimadvertat
3069 3192 3269 3233 rursus
3321 3175 3380 3232 in
3424 3175 3512 3233 his
3544 3190 3670 3233 ver-

384 3278 539 3348 λόγον
576 3280 768 3334 αὐτοῦ.
806 3278 966 3334 Ἰστω
994 3280 1158 3335 πάλιν
1209 3281 1299 3335 διὰ
1334 3285 1540 3338 τούτων
1571 3285 1600 3337 ό
1645 3283 1890 3354 φιλόθεός
1915 3303 1977 3339 τε

387 3372 478 3425 καὶ
502 3370 859 3442 φιλευλαϐὴς,
908 3371 992 3426 ὅτι
1022 3373 1132 3426 τῶν
1182 3373 1280 3444 μὲν
1319 3373 1636 3429 λυπούντων
1662 3374 1824 3430 αὐτὸν
1864 3377 1976 3430 ἀπ-

384 3462 669 3515 ανίσταται
704 3462 963 3534 Χριστὸς,
1002 3462 1326 3528 ἐνοικίζεται
1366 3464 1423 3518 δέ
1470 3468 1584 3531 τοῖς
1625 3467 1976 3539 εὐφραίνουσι

386 3552 452 3608 δι’
472 3554 721 3624 ὑπακοῆς
752 3572 811 3608 τε
837 3554 933 3608 καὶ
959 3554 1194 3618 πίστεως
1212 3555 1445 3627 ἀγαθῆς.

459 3646 538 3716 Τῇ
562 3663 628 3701 τε
652 3648 890 3717 γυναικὶ
933 3647 1169 3717 ἔλεγον,
1195 3649 1286 3703 ὅτι
1323 3649 1535 3704 Οὐκέτι
1567 3649 1668 3705 διὰ
1698 3650 1813 3720 τὴν
1853 3651 1980 3721 σὴν

385 3741 608 3796 λαλιὰν
657 3741 1046 3811 πιστεύομεν·
1088 3740 1261 3795 αὐτοὶ
1310 3741 1425 3810 γὰρ
1468 3743 1819 3814 ἀκηκόαμεν
1878 3744 1981 3799 καὶ

386 3831 656 3901 οίδαμεν,
692 3831 782 3886 ὅτι
815 3827 994 3898 οὗτός
1043 3831 1217 3885 ἐστιν
1262 3831 1502 3902 ἀληθῶς
1532 3837 1566 3888 ὁ
1612 3835 1819 3905 Σωτὴρ
1871 3836 1978 3891 τοῦ

382 3925 618 3992 κόσμου
650 3927 684 3979 ὁ
708 3925 984 3999 Χριστός.

469 4017 608 4071 Ἀπὸ
631 4016 746 4070 τῶν
778 4017 1042 4088 μειζόνων
1071 4018 1445 4092 Σαμαρείταις
1471 4021 1504 4092 ἡ
1528 4019 1730 4086 πίστις.
1763 4019 1859 4076 καὶ
1877 4021 1981 4075 οὐκ

384 4108 444 4173 ἐξ
469 4104 546 4163 ὧν
578 4108 663 4162 ἔτι
682 4108 813 4179 παρ’
847 4109 1037 4183 ἐτέρου
1087 4110 1470 4181 μανθάνουσιν,
1506 4110 1621 4165 ἀλλ’
1660 4111 1722 4177 ἐξ
1742 4104 1817 4166 ὧν
1845 4112 1979 4166 αύτ-

385 4200 539 4272 ήκοοι
568 4200 857 4269 γεγονότες
902 4201 1299 4273 θαυμάζουσιν.
1342 4202 1750 4271 Ἐγνωκέναιδέ
1778 4219 1978 4271 φασιν,

387 4293 577 4365 ὅτιπερ
618 4294 707 4364 είη
752 4292 943 4363 σαφῶς
976 4295 1139 4360 αὐτὸς
1166 4296 1195 4347 ὁ
1240 4294 1336 4349 τοῦ
1380 4295 1589 4365 κόσμου
1642 4293 1856 4366 Σωτὴρ,
1887 4293 1980 4347 πί-

386 4402 556 4449 στεως
582 4385 844 4458 ἐνέχυρον
874 4387 972 4460 τῆς
1004 4388 1085 4452 είς
1109 4387 1272 4441 αὐτὸν
1304 4387 1520 4453 ἐλπίδος
1557 4387 1657 4459 τὴν
1687 4384 1981 4459 ὁμολογίαν

386 4477 728 4549 ποιούμενοι.

450 4571 617 4625 Μετὰ
681 4571 752 4624 δὲ
808 4573 918 4639 τὰς
962 4571 1076 4628 δύο
1130 4573 1353 4643 ἡμέρας
1415 4573 1681 4643 ἐξῆλθεν
1744 4573 1977 4629 ἐκεῖθεν

381 4666 467 4730 είς
502 4664 622 4732 τὴν
649 4664 1013 4720 Γαλιλαίαν.
1047 4666 1244 4731 Αὐτὸς
1282 4665 1393 4735 γὰρ
1442 4665 1684 4735 Ἰησοῦς
1726 4666 1978 4737 ἐμαρτύ-

373 4770 597 4824 ρησεν,
639 4754 730 4809 ὅτι
775 4755 1093 4827 προφήτης
1130 4757 1201 4812 ἐν
1256 4756 1334 4828 τῇ
1364 4757 1486 4824 ἰδίᾳ
1518 4756 1757 4827 πατριδι
1800 4759 1977 4828 τιμὴν·

381 4848 493 4901 οὐκ
517 4848 665 4915 ἔχει.

459 4935 675 5001 Ἐξεισι
709 4937 811 5007 μὲν
835 4938 947 4992 ἀπὸ
979 4940 1080 5009 τῇς
1105 4938 1445 5010 Σαμαρείας,
1472 4937 1849 5010 κατασπείρας
1872 4937 1975 5009 ἤδη

381 5029 472 5083 τὶν
516 5030 788 5101 σωτήριον
810 5031 989 5096 λόγον,
1030 5031 1127 5084 καὶ
1165 5030 1416 5103 γεωργοῦ
1438 5048 1586 5093 τινος
1623 5030 1780 5102 δίκην
1808 5032 1977 5100 ἐγκα-

381 5120 670 5193 τακρύψας
715 5122 815 5193 τὴν
854 5124 1039 5177 πίστιν
1088 5125 1201 5187 τοῖς
1251 5123 1493 5178 οἰκοῦσιν
1536 5122 1725 5195 αὐτὴν,
1759 5123 1858 5195 οὐχ
1888 5122 1976 5177 ἵνα

383 5216 500 5280 ταῖς
532 5212 646 5266 τῶν
674 5212 951 5269 λαϐόντων
978 5216 1372 5287 καταδεσμοῐτο
1402 5217 1654 5279 σιωπαῖς,
1692 5213 1977 5285 ἡρεμοῦσα

381 5306 583 5377 τρόπον
610 5307 736 5361 τινὰ
758 5308 853 5362 καὶ
879 5309 1374 5380 κατακεχωσμὲνη,
1416 5308 1533 5362 ἀλλ’
1563 5309 1652 5362 ἴνα
1670 5307 1735 5378 δὴ
1772 5307 1976 5377 μᾶλλον

382 5398 498 5460 ταῖς
532 5397 793 5452 ἁπάντων
831 5398 1236 5466 ἐγκαταφύοιτο
1261 5398 1481 5468 ψυχαῖς,
1524 5395 1773 5469 ἕρπουσα
1799 5412 1859 5448 τε
1882 5395 1977 5449 καὶ

382 5489 733 5561 διῖκνουμένη
789 5490 927 5561 πρὸς
968 5489 1030 5543 τὸ
1064 5488 1249 5560 μεῖζον
1298 5490 1407 5555 ἀεὶ,
1439 5489 1534 5543 καὶ
1571 5486 1709 5559 πρὸς
1752 5486 1851 5558 τὴν
1885 5487 1978 5539 ἐκ·

383 5579 725 5654 φανεστέραν
748 5582 1015 5655 τρέχουσα
1052 5580 1300 5652 δύναμιν.
1347 5580 1565 5651 Ἐπειδὴ
1600 5579 1657 5632 δέ
1686 5579 1774 5634 διὰ
1810 5577 1976 5648 μέσου

384 5675 650 5746 κειμένην
694 5675 1032 5744 παρατρέχει
1089 5674 1188 5744 τὴν
1218 5673 1492 5743 Ναζαρὲτ,
1534 5675 1590 5725 ἐν
1617 5666 1761 5745 ᾗπερ
1814 5670 1975 5725 αὐτὸν

384 5766 831 5835 κατατετράφθαι
880 5765 1059 5835 λόγος,
1090 5766 1166 5828 ὡς
1211 5763 1459 5817 ἐντεῦθεν
1505 5764 1761 5843 ἧὲηηκαὶ
1813 5762 1976 5819 ἀστὸν

670 5863 945 5923 ΡΑτιιοι.
992 5862 1106 5921 Gn.
1155 5859 1419 5920 LXXIII.

2079 3286 2166 3342 bis
2215 3280 2313 3337 Dei
2362 3293 2428 3334 ac
2467 3274 2751 3341 religionis
2800 3270 3056 3343 quisquis
3101 3276 3189 3326 est
3232 3281 3459 3334 amans,
3510 3266 3672 3322 Chri-

2080 3386 2229 3435 stum
2264 3373 2333 3429 ab
2373 3371 2459 3426 his
2492 3368 2717 3439 quidem
2755 3365 3016 3423 recedere
3061 3363 3158 3435 qui
3193 3377 3320 3418 eum
3347 3360 3671 3426 offendunt,

2080 3473 2135 3528 in
2167 3470 2237 3525 iis
2271 3474 2452 3523 autem
2473 3461 2727 3518 habitare
2754 3459 2852 3531 qui
2894 3471 3021 3515 eum
3055 3454 3369 3511 exhilarant
3407 3467 3506 3524 per
3541 3453 3674 3511 obe-

2079 3563 2343 3621 dientiam
2375 3566 2430 3615 et
2455 3571 2609 3629 spem
2624 3556 2850 3611 bonam.

2151 3656 2314 3727 202
2352 3651 2445 3719 IV,
2473 3650 2565 3705 42.
2602 3647 2672 3703 Ει
2709 3644 2926 3700 mulieri
2959 3641 3234 3706 dicebant,
3259 3640 3383 3712 quia
3409 3637 3532 3694 Non
3550 3638 3672 3709 jam

2080 3760 2294 3821 propter
2346 3755 2496 3800 tuam
2537 3739 2807 3812 loquelam
2860 3735 3122 3793 credimus
3159 3752 3177 3789 :
3229 3734 3335 3801 ipsi
3383 3734 3524 3788 enim
3574 3748 3674 3786 au-

2081 3842 2349 3906 divimus,
2387 3845 2439 3892 et
2481 3835 2679 3890 scimus
2723 3830 2852 3902 quia
2903 3845 3018 3885 vere
3059 3834 3139 3882 est
3182 3825 3435 3883 Salvator
3483 3825 3675 3879 mundi

2082 3932 2351 3990 Christus.

2152 4023 2201 4079 A
2228 4019 2535 4093 majoribus
2573 4016 2742 4072 rebus
2783 4011 3120 4069 Samaritani
3152 4010 3385 4066 credunt
3408 4048 3422 4074 ,
3467 4014 3522 4063 et
3555 4021 3671 4061 non

2081 4132 2148 4174 ex
2187 4116 2259 4171 iis
2289 4126 2413 4184 qua
2445 4106 2673 4164 aliunde
2701 4105 2817 4176 jam
2860 4101 3179 4172 accipiunt,
3226 4098 3322 4155 sed
3355 4113 3419 4154 ex
3453 4097 3523 4152 iis
3549 4112 3674 4168 quae

2083 4209 2392 4265 hauserunt
2437 4201 2545 4274 ipsi
2586 4196 2821 4256 auribus
2859 4192 3160 4249 mirantur.
3209 4190 3383 4245 Aiunt
3429 4204 3563 4245 vero
3610 4206 3674 4245 se

2083 4313 2250 4356 nosse
2278 4297 2461 4368 ipsum
2496 4305 2622 4349 esse
2656 4285 2851 4344 mundi
2881 4283 3260 4347 Salvatorem,
3305 4280 3506 4353 pignus
3543 4279 3671 4336 fidei

2083 4390 2493 4450 confessionem
2528 4384 2646 4456 spei
2672 4382 2732 4438 in
2756 4382 2940 4452 ipsum
2972 4376 3263 4433 facientes.

2157 4571 2262 4637 IV,
2297 4569 2490 4626 Δδ-Η.
2532 4564 2665 4622 Post
2709 4561 2843 4616 duos
2890 4567 3069 4615 autem
3118 4556 3231 4612 dies
3267 4556 3399 4611 exiit
3446 4555 3568 4610 inde
3619 4559 3675 4613 in

2086 4665 2394 4724 Galilazam.
2445 4658 2569 4728 Ipse
2595 4657 2736 4712 enim
2775 4652 2936 4708 Iesus
2972 4648 3330 4706 testimonium
3364 4646 3671 4718 perhibuit,

2084 4761 2210 4833 quia
2236 4755 2491 4829 propheta
2515 4752 2575 4806 in
2605 4764 2708 4805 sua
2736 4745 2920 4816 patria
2949 4743 3200 4797 honorem
3222 4755 3330 4794 non
3367 4738 3540 4793 habet.

2160 4930 2402 4989 Discedit
2428 4943 2496 4984 ex
2530 4924 2783 4980 Samaria
2813 4927 3104 4992 postquam
3132 4914 3430 4972 salutarem
3461 4928 3675 4971 sermo-

2084 5041 2208 5083 nem
2236 5018 2657 5095 proseminavit,
2682 5024 2737 5072 et
2765 5016 2943 5070 instar
2970 5010 3223 5083 agricola!
3244 5009 3409 5065 ﬁdem
3437 5007 3493 5064 in
3519 5007 3674 5063 illius

2084 5118 2391 5174 incolarum
2422 5108 2704 5166 mentibus
2732 5104 2972 5169 defodit,
3008 5119 3119 5160 non
3167 5112 3229 5159 ut
3271 5101 3497 5157 silentio
3536 5115 3675 5157 eon-

2084 5210 2453 5279 stringeretur
2485 5204 2664 5259 otiosa
2698 5215 2763 5257 ac
2787 5197 3195 5271 quodammodo
3215 5197 3415 5252 obruta
3438 5233 3454 5259 ,
3486 5193 3584 5250 sed
3616 5200 3675 5247 ut

2085 5303 2142 5358 in
2188 5300 2434 5355 omnium
2489 5294 2697 5351 animis
2734 5295 3107 5356 insereretur,
3160 5289 3336 5360 magis
3380 5300 3445 5342 ac
3491 5285 3667 5354 magis

2085 5408 2374 5458 crescens,
2404 5401 2572 5461 alque
2599 5388 2666 5444 ad
2699 5387 2975 5458 majorem
2993 5385 3102 5438 vim
3160 5393 3487 5453 properans.
3520 5375 3663 5441 Quo:

2086 5490 2236 5544 niam
2262 5494 2445 5541 autem
2479 5482 2898 5551 interjacentem
2922 5476 3196 5532 Nazareth
3228 5467 3648 5542 prmtervehitur

2084 5582 2141 5635 in
2173 5593 2282 5649 qua
2314 5576 2584 5634 educatus
2625 5575 2799 5631 fuisse
2845 5570 3209 5643 perhibetur,
3256 5565 3330 5618 ita
3383 5568 3442 5614 ut
3490 5575 3556 5614 ex
3603 5572 3670 5616 ea

2086 5674 2222 5729 urbe
2244 5670 2513 5727 oriundus
2535 5675 2590 5723 et
2615 5668 2762 5723 illius
2785 5665 2923 5719 civis
2957 5666 3197 5732 putetur,
3230 5664 3286 5711 et
3312 5656 3366 5710 in
3388 5652 3669 5709 Galilaeam

2087 5762 2391 5829 descendit,
2413 5761 2682 5817 rationem
2709 5754 2865 5813 all'ert
2892 5748 3208 5810 necessario
3228 5762 3328 5801 cur
3350 5746 3422 5802 sit
3446 5756 3673 5817 praeter.

3236 5839 3301 5903 ll
