4106 6490
412 226 456 261 α.

455 299 595 355 ’531
1493 294 1549 348 S.
1585 291 1872 370 CYRILLI‘
1902 292 2375 349 ALEXANDRINI
2403 291 2722 350 ARCIHEP.
3663 305 3768 363 ὅδε

471 418 714 476 'vectus,
745 410 931 481 aitque
961 407 1147 464 Jesum
1188 407 1366 476 ipsum
1400 412 1660 460 testatum
1688 421 1812 461 esse
1845 407 2082 478 prophe—

2194 403 2326 460 εἶναι
2363 408 2560 473 δοκεῖν,
2588 408 2838 476 καταίρει
2869 405 2923 458 δὲ
2955 405 3153 477 μᾶλλον
3197 410 3275 472 εἰς
3317 408 3413 480 τὴν
3459 409 3764 465 Γαλιλαίαν·

373 484 434 567 ᾖ
497 513 610 558 tam
647 502 702 557 in
737 501 921 573 patria
953 515 1051 556 sua
1081 500 1289 553 honore
1321 512 1532 553 carere.
1561 497 1640 551 Ita
1673 499 1818 552 enim
1849 495 1962 552 fere
1989 513 2088 551 na-

2194 499 2505 568 ἀναγκαίως
2550 502 2784 553 ποιεῖται
2809 499 2906 570 τὴν
2928 500 3224 568 ἀπολογίαν
3257 501 3355 571 τῆς
3389 504 3765 574 παραδρομῆς,

379 574 421 642 εί
459 622 468 633 ι
497 603 624 649 tura
649 591 1188 663 comparatisumus,
1222 596 1280 667 _ut
1305 589 1448 657 quod
1483 586 1756 641 familiare
1791 586 1948 641 nobis
1974 595 2084 651 est,

411 673 418 683 ’
500 686 628 742 licet
666 683 926 739 eximium
973 689 1029 735 et
1075 681 1376 750 pretiosum
1429 679 1544 745 sit,
1594 678 1754 732 nihili
1795 676 2084 732 ducamus.

497 775 685 846 Neque
724 788 854 828 vero
889 772 1104 827 volebat
1149 771 1403 826 Salvator
1442 770 1684 824 honores
1730 768 1836 824 sibi
1871 767 1939 823 ab
1979 767 2088 822 illis

496 881 623 921 cum
654 865 798 920 fastu
824 871 878 918 et
914 864 1218 919 ambitione
1245 863 1468 927 venari,
1507 861 1604 917 sed
1643 860 1892 930 apprime
1919 873 2087 914 nove-

496 967 585 1014 rat
629 957 778 1029 quod
822 957 968 1028 apud
1024 971 1121 1012 eos
1179 955 1277 1026 qui
1323 970 1393 1010 ne
1429 953 1819 1009 honorandum
1864 952 2087 1022 quidem

498 1052 830 1123 magistrum,
865 1050 1156 1120 putabant,
1185 1058 1445 1119 acceptus
1481 1056 1535 1103 et
1567 1049 1756 1102 suavis
1796 1060 1904 1100 non
1941 1051 2090 1099 esset

475 1145 630 1200 «ιιάεί
690 1157 872 1199 sermo
932 1141 1174 1196 futurus.
1239 1139 1665 1194 Praetervehitur
1714 1139 1902 1207 itaque
1959 1136 2087 1206 jure

473 1237 700 1291 ~merito
732 1273 747 1297 ,
812 1248 914 1288 nec
970 1234 1187 1286 inanem
1247 1232 1304 1284 in
1357 1246 1453 1285 eos
1506 1231 1754 1284 laborem
1811 1229 2090 1283 insumere

501 1328 763 1398 dignatur
787 1369 802 1392 ,
837 1325 930 1396 qui
965 1325 1102 1379 nihil
1131 1333 1319 1379 essent
1363 1321 1620 1377 utilitatis
1657 1321 1784 1376 inde
1823 1321 2043 1390 capturi
2072 1339 2084 1372 :

503 1428 560 1474 et
594 1433 690 1488 per
733 1418 835 1472 hoc
870 1417 1104 1488 gratiam
1147 1414 1624 1484 contemptoribus
1674 1421 1920 1482 praestat.
1967 1410 2088 1465 Non

503 1511 648 1567 enim
691 1510 956 1564 credibile
994 1515 1124 1563 erat.
1153 1523 1254 1563 eos
1301 1507 1395 1577 qui
1443 1513 1598 1558 tanto
1631 1506 1866 1560 crimine
1896 1517 1956 1558 se
1984 1503 2087 1557 ob-

499 1601 837 1670 stringerent
880 1599 1102 1668 impune
1151 1597 1202 1652 id
1242 1596 1523 1662 facturos,
1566 1610 1692 1650 cum
1734 1594 1790 1648 in
1835 1590 2089 1647 confesso

495 1691 575 1746 sit
619 1689 762 1759 apud
797 1703 1031 1755 omnes,
1083 1696 1387 1743 extremam
1436 1700 1655 1756 pronam
1709 1691 2088 1753 reportaturos

2190 591 2282 645 καί
2313 607 2497 660 φησιν,
2543 591 2624 644 ὅτι
2657 592 3083 668 μεμαρτύρηκεν
3135 593 3298 654 αὐτὸς
3350 593 3379 644 ὁ
3417 593 3643 663 Ἰησοῦς,
3689 595 3772 648 ὅτι

2191 683 2478 751 προφήτης
2522 683 2579 734 ὲν
2610 685 2676 752 τῇ
2740 681 2844 753 ἰδίᾳ
2897 682 3115 753 πατρίδι
3155 683 3322 754 τιμὴν
3353 685 3452 736 οὑκ
3497 684 3628 754 ἔχει.
3664 686 3772 737 Πε-

2191 772 2442 844 φὺκαμεν
2475 773 2584 843 γάρ
2630 792 2746 838 πως
2779 774 2931 828 οὐδὲν
2974 775 3226 845 ἡγεῖσθαι
3263 775 3324 828 τὸ
3377 775 3626 846 σύνηθες,
3668 776 3774 828 κᾶν

2191 866 2425 936 ὑπάρχοι
2471 866 2613 936 μέγα
2645 867 2739 920 καὶ
2787 867 2988 937 τίμιον.
3029 868 3138 920 Καὶ
3173 869 3234 920 οὑ
3265 867 3436 937 δήπου
3488 867 3589 929 τὰς
3641 868 3774 937 παρ’

2189 957 2413 1010 ἐκείνων
2445 958 2529 1010 ὅτι
2572 958 2755 1030 δεήσοι
2794 959 3064 1030 Θηρᾶσθαι
3098 959 3264 1030 τιμάς
3302 961 3331 1011 ὁ
3365 961 3556 1030 Σωτὴρ
3596 959 3776 1012 ἐδοκί-

2195 1049 2385 1118 μαζεν,
2421 1051 2478 1102 ἐν
2508 1051 2700 1121 ἀνδρὸς
2724 1050 2999 1119 φιλοδόξου
3035 1051 3178 1114 τινος
3211 1051 3362 1116 τάξει
3385 1054 3478 1105 καὶ
3507 1051 3775 1122 φιλοκομ-

2192 1140 2422 1207 παστοῦ,
2463 1141 2577 1194 ἀλλ’
2630 1142 2900 1210 ἠπίστατο
2955 1143 3174 1212 σαφῶς,
3229 1145 3309 1196 ὅτι
3360 1146 3472 1206 τοῖς
3532 1143 3778 1214 μηδόλως

2191 1222 2480 1303 οἰομένοις,
2509 1235 2590 1287 ὃτι
2642 1237 2908 1305 προσήκοι
2938 1237 3105 1306 τιμᾷν
3151 1236 3243 1289 τὸν
3285 1236 3627 1298 διδάσκοντα,
3666 1235 3774 1286 οὐδ’

2191 1320 2257 1374 ἂν
2303 1321 2378 1374 ἔτι
2404 1322 2609 1390 γλυκύς
2639 1339 2699 1375 τε
2744 1324 2838 1376 καὶ
2884 1324 3285 1395 εὑπαράδεκτος
3317 1325 3344 1378 ὁ
3388 1325 3485 1396 τῆς
3537 1324 3775 1386 πίστεως

2191 1412 2398 1480 γένοιτο
2441 1415 2618 1482 λόγος.
2678 1415 3013 1487 Παρελαὺνει
3056 1416 3346 1485 τοιγαροῦν
3397 1417 3644 1478 εἰκότως,
3697 1415 3776 1476 εἰς

2191 1503 2604 1576 ὠφελουμένους
2641 1508 2795 1562 οὐδὲν
2838 1509 3083 1572 εἰκαίους
3129 1508 3404 1562 ἀναλῶσαι
3437 1507 3634 1569 πόνους
3677 1506 3771 1558 οὑκ

2191 1595 2380 1661 ἀξιῶν,
2414 1600 2507 1650 καὶ
2525 1601 2683 1670 χάριν
2711 1599 2767 1652 δὲ
2793 1599 2879 1652 διὰ
2901 1599 3090 1652 τούτου
3114 1603 3224 1662 τοῖς
3250 1597 3648 1668 καταφρονοῦσι
3676 1614 3772 1649 κα-

2191 1689 2451 1752 τατιθείς.
2476 1692 2550 1744 Οὑ
2583 1691 2692 1762 γὰρ
2717 1687 2784 1761 ἦν
2808 1691 2954 1756 εἰκὸς
2983 1695 3059 1756 εἰς
3091 1691 3340 1744 τοσοῦτον
3371 1689 3775 1760 ἐξαμαρτάνον-

495 1783 594 1853 qui
623 1782 1060 1853 contempserint
1087 1795 1236 1844 eum,
1271 1794 1337 1834 ac
1370 1786 1480 1833 tam
1515 1775 1846 1832 admirabile
1879 1773 2084 1827 donum

2194 1792 2288 1840 τας
2319 1781 2535 1850 νηποινί
2559 1779 2718 1834 τοῦτο
2746 1782 2965 1852 δράσειν
3006 1783 3220 1847 αὑτοὺς,
3255 1779 3687 1852 ὁμολογουμένου
3711 1777 3777 1848 δὴ

501 1873 839 1948 respuerint.

2192 1869 2428 1935 πάντως,
2471 1874 2567 1924 καὶ
2599 1874 3100 1944 ἀναμφισϐητήτως
3147 1873 3386 1944 ἔχοντος,
3435 1873 3512 1935 ὼς
3543 1871 3642 1942 τὴν
3686 1869 3780 1922 ἐπὶ

499 1969 871 2040 τοίςὲσχάτοις
887 1965 1203 2023 ἀποίσονται
1228 1964 1452 2022 κόλασιν
1475 1964 1524 2019 οἰ
1541 1963 1907 2034 καταφρονεῖν
1929 1959 2229 2031 ἐγνωκότες
2265 1965 2453 2030 αὑτοῦ,
2487 1968 2581 2023 καί
2607 1969 2707 2041 τὴν
2770 1969 2946 2035 οὑτως
3011 1970 3444 2042 ἀξιοθαύμαστόν
3508 1963 3780 2040 περιπτύ-

509 2083 652 2129 δντες
681 2066 912 2136 δωρεάν.

571 2155 664 2222 ιν,
693 2156 780 2211 45.
815 2154 950 2211 Cum
975 2171 1098 2226 ergo
1118 2157 1340 2210 venisset
1367 2153 1422 2209 in
1446 2153 1752 2220 Galilaeam,
1774 2160 2085 2219 exceperunt

501 2265 618 2304 eum
643 2247 877 2311 Galilei,
905 2263 1026 2300 cum
1059 2247 1240 2301 omnia
1267 2245 1517 2301 vidissent
1546 2244 1706 2314 203
1732 2259 1852 2314 qua:
1888 2242 2083 2309 fecerat

504 2339 889 2409 Hierosolymis
943 2339 1000 2393 in
1041 2341 1127 2393 die
1170 2339 1351 2407 festo:
1419 2349 1469 2392 et
1515 2338 1616 2406 ipsi
1652 2337 1792 2391 enim
1841 2342 2085 2390 venerant

499 2431 570 2485 ed
601 2431 741 2484 diem
773 2430 988 2498 festum.

570 2522 693 2576 Non
716 2529 923 2576 temere
941 2518 1152 2575 Galilei
1181 2519 1491 2590 suscipiunt
1520 2516 1734 2583 Jesum,
1763 2517 1860 2574 sed
1890 2516 2092 2587 partim

499 2621 572 2678 ob
601 2619 872 2675 miracula
914 2633 1038 2689 qua:
1079 2617 1193 2688 jam
1230 2617 1299 2672 ab
1341 2631 1408 2672 eo
1457 2614 1666 2686 patrari
1690 2613 1942 2668 viderant
1967 2611 2095 2682 jure

502 2713 748 2778 attoniti,
785 2711 991 2782 partim
1020 2711 1093 2766 ob
1138 2710 1398 2780 pietatem
1448 2707 1505 2762 in
1549 2709 1735 2778 ipsum
1778 2704 2092 2759 Iudaeorum

505 2804 942 2860 eondemnantes
1013 2801 1350 2867 vecordiam,
1412 2807 1470 2854 et
1519 2799 1692 2853 animi
1740 2797 1988 2853 candore
2032 2809 2095 2849 ac

495 2896 855 2968 simplicitate
880 2894 995 2950 illis
1023 2893 1079 2949 in
1116 2893 1234 2964 lege
1262 2890 1503 2949 eruditis
1548 2890 1793 2961 patiores
1826 2886 2052 2958 reperti.

569 3069 662 3137 IV,
709 3071 800 3126 46.
866 3068 1017 3124 Venit
1045 3084 1166 3139 ergo
1191 3069 1384 3123 iterum
1414 3068 1470 3122 in
1507 3065 1660 3122 Cana
1717 3063 1982 3127 Galilwa',
2006 3061 2096 3117 ubi

499 3164 623 3236 fecit
655 3178 851 3233 aquam
884 3162 1084 3216 vinum.

571 3255 718 3311 Inter
739 3253 1009 3310 candidos
1033 3250 1283 3308 homines
1313 3248 1518 3306 lubens
1534 3254 1790 3304 versatur
1815 3245 2092 3309 Christus,
2122 3275 2164 3334 ο

2268 2153 2407 2206 Ὅτε
2432 2149 2546 2209 οὖν
2581 2150 2768 2225 ἦλθεν
2814 2157 2902 2219 εἰς
2941 2155 3058 2222 τὴν
3081 2156 3442 2222 Γαλιλαίαν,
3491 2155 3783 2222 ἐδέξαντο

2193 2245 2379 2298 αὐτὸν
2405 2248 2459 2298 οἱ
2487 2245 2798 2300 Γαλιλαῖοι
2832 2245 3028 2300 πάντα
3054 2247 3400 2314 ἑωρακότες,
3430 2248 3548 2302 ὅσα
3577 2249 3783 2318 ἐποίη-

2193 2351 2306 2390 σεν
2325 2336 2394 2389 ἐν
2435 2337 2874 2406 Ἱεροσολύμοις
2903 2338 2972 2390 ἐν
3001 2335 3077 2406 τῇ
3103 2337 3299 2407 ἑορτῇ·
3334 2339 3432 2392 καί
3462 2341 3632 2395 αὐτοὶ
3669 2343 3779 2412 γὰρ

2193 2425 2388 2498 ἦλθον
2404 2431 2492 2494 είς
2517 2429 2632 2496 τὴν
2669 2428 2901 2497 ἑορτήν.

2265 2520 2380 2574 Οὑκ
2412 2520 2836 2589 ἀπερισκέπτως
2867 2523 2917 2573 οἰ
2947 2519 3220 2574 Γαλιλαῖοι
3252 2519 3498 2591 δέχονται
3525 2523 3616 2576 τὸν
3667 2525 3778 2594 Ἰη-

2201 2609 2352 2675 σοῦν,
2380 2609 2515 2663 ἀλλὰ
2547 2613 2641 2663 καὶ
2667 2611 2820 2665 αὑτοί
2849 2611 2915 2664 δι’
2940 2604 3014 2664 ὧν
3032 2611 3132 2682 ήδη
3152 2611 3668 2682 Θαυματουργοῦντα
3691 2631 3782 2668 τι·

2197 2703 2418 2756 θέανται
2438 2703 2662 2765 δικαίως
2707 2704 3240 2775 καταπληττόμενοι,
3291 2706 3386 2757 καὶ
3440 2705 3526 2758 διά
3573 2705 3673 2775 τῆς
3697 2708 3781 2768 εἰς

2197 2795 2358 2849 αὑτὸν
2388 2795 2672 2858 εὐλαϐείας
2716 2795 2817 2858 τάς
2843 2795 2952 2850 τῶν
2997 2796 3269 2849 Ἰουδαίων
3302 2797 3562 2860 ἀπονοίας
3606 2814 3784 2850 καταο

2195 2888 2532 2950 δικάζοντες,
2576 2889 2668 2940 καὶ
2711 2888 2843 2941 πολὺ
2880 2889 3016 2958 πρὸς
3056 2887 3480 2960 εὐγνωμοσύνην
3519 2888 3783 2958 ἀμείνους

2195 2979 2304 3030 τῶν
2331 2978 2655 3048 νομομαοῶν
2683 2979 3093 3048 εὑρισκόμενοι.

2265 3064 2492 3123 Ἶιλθεν
2517 3065 2631 3123 οὖν
2649 3067 2838 3122 πάλιν
2853 3070 2941 3132 εὶς
2969 3068 3083 3136 τὴν
3111 3067 3278 3125 Κανᾶ
3295 3068 3404 3138 τῆς
3424 3069 3782 3136 Γαλιλαίας,

2199 3155 2352 3208 ὅπου
2376 3155 2624 3222 ἐποίησε
2678 3155 2746 3208 τὸ
2765 3156 2924 3223 ὕδωρ
2955 3156 3142 3210 οἶνον.

2279 3246 2679 3318 Ἐμφιλοχωρεῖ
2695 3249 2807 3309 τοῖς
2841 3247 3182 3318 εὑγνὼμοσιν
3219 3250 3246 3302 ὁ
3276 3247 3531 3319 Χριστὸς,
3554 3249 3645 3303 καὶ
3667 3253 3784 3314 τοῖς

495 3355 802 3418 gratosque
823 3353 877 3400 et
899 3342 1299 3400 beneficiorum
1331 3355 1626 3404 memores,
1656 3339 1851 3408 eisque
1879 3337 2090 3406 majora

2197 3337 2539 3407 ἑτοιμότερόν
2571 3355 2688 3399 πως
2721 3338 2857 3390 ἰοῦσι
2898 3337 3034 3409 πρὸς
3071 3339 3170 3409 τὴν
3201 3333 3275 3393 ὧν
3328 3340 3394 3394 ἀν
3451 3336 3510 3393 εὖ
3549 3340 3782 3395 πάθοιεν

498 3442 644 3496 bona
679 3438 888 3493 ail'atim
940 3435 1198 3507 largitur.
1229 3433 1396 3490 Venit
1419 3447 1554 3502 ergo
1592 3431 1862 3486 miracula
1913 3428 2093 3483 factu-

499 3547 599 3588 rus
651 3531 709 3585 in
739 3529 912 3594 Cana,
973 3528 1301 3584 existimans
1350 3526 1580 3594 insuper
1631 3537 1757 3578 esse
1817 3520 2093 3592 iuvandos

496 3623 621 3692 ejus
659 3621 893 3686 incolas,
926 3619 1190 3690 opinione
1221 3617 1276 3671 in
1310 3629 1505 3671 eorum
1540 3613 1764 3680 animis,
1810 3627 1908 3682 per
1939 3612 2093 3680 signa

498 3728 622 3785 qua:
657 3714 712 3768 in
747 3713 842 3767 illa
871 3710 987 3781 jam
1020 3709 1250 3773 fecerat,
1288 3704 1701 3778 quodammodo
1729 3705 1917 3770 insita,
1956 3718 2094 3760 cun-

500 3813 591 3862 cta
617 3821 744 3861 eum
778 3803 961 3860 facere
995 3816 1180 3874 posse.

571 3979 667 4047 IV,
705 3979 892 4035 46-48.
958 3977 1028 4031 Et
1057 3985 1173 4032 erat
1212 3975 1428 4047 quidam
1476 3975 1711 4046 regulus,
1755 3977 1906 4044 cujus
1947 3974 2093 4044 ﬁlius

499 4071 882 4141 inﬁrmabatur
927 4067 1329 4138 Capharnaum.
1371 4065 1474 4120 Hic
1521 4083 1640 4121 cum
1685 4067 1918 4122 audisset
1969 4067 2096 4136 quia

501 4161 656 4217 Iesus
687 4162 954 4217 adveniret
986 4177 1018 4214 a
1046 4157 1244 4214 Iudam
1267 4159 1320 4213 in
1350 4156 1658 4224 Galilwam,
1687 4159 1820 4213 abiit
1843 4157 1912 4212 ad
1949 4173 2092 4220 eunt,

499 4265 548 4308 et
577 4253 796 4324 rogabat
831 4268 949 4307 eum
979 4261 1036 4305 ut
1063 4250 1399 4306 descenderet
1424 4261 1474 4306 et
1499 4260 1712 4306 sanaret
1743 4251 1916 4320 ﬁlium
1941 4251 2092 4318 ejus;

501 4343 787 4411 incipiebat
816 4343 957 4397 enim
992 4341 1150 4396 mori.
1192 4341 1342 4395 Dixit
1371 4357 1494 4412 ergo
1534 4339 1692 4396 Iesus
1725 4341 1792 4394 ad
1819 4357 1960 4396 cuin.

575 4520 954 4578 Proﬁciscitur
991 4521 1349 4592 quidem'ille
1399 4523 1647 4594 regulus,
1699 4529 1970 4590 tanquam
2027 4517 2095 4572 ad

2195 3427 2446 3500 αἴσθησίν
2481 3446 2536 3481 τε
2575 3430 2668 3482 καὶ
2695 3429 2918 3498 γνῶσιν,
2972 3431 3066 3483 καὶ
3103 3431 3362 3501 μειζόνων
3406 3432 3627 3500 ἀγαθῶν
3660 3434 3786 3487 ἐπι-

2193 3520 2536 3590 δαψιλεὺεται
2567 3522 2873 3592 χορηγίαις.
2909 3524 3166 3593 Ἔρχεται
3198 3523 3376 3577 τοίνυν
3421 3527 3784 3596 τερατοποιή-

2197 3629 2305 3666 σων
2335 3614 2392 3666 ὲν
2417 3615 2590 3683 Κανᾷ.
2624 3614 2996 3683 προσωφελεῖν
3028 3615 3124 3684 μὲν
3154 3615 3235 3667 ὅτι
3282 3619 3547 3685 προσήκοι
3571 3618 3696 3679 τοὺς
3722 3619 3784 3670 ὲν

2195 3703 2335 3774 αὑτῇ
2385 3703 2732 3772 λογιζόμενος
2767 3745 2782 3770 ,
2827 3706 3390 3776 προκατεσπαρμένην
3449 3706 3506 3759 δὲ
3555 3707 3782 3778 ὥσπερ,

2193 3793 2282 3846 διά
2303 3793 2410 3847 τῶν
2439 3795 2538 3864 ἢδη
2567 3794 3080 3866 προτετελεσμένων
3115 3795 3173 3847 ἐν
3205 3797 3340 3867 αὑτῇ
3372 3797 3632 3867 σημείων,
3680 3795 3783 3868 τὴν

2196 3883 2289 3936 τοῦ
2322 3883 2499 3936 πάντα
2526 3884 2784 3938 δύνασθαι
2816 3885 2949 3956 δρᾷν
2983 3884 3250 3956 ὑπόληψιν
3274 3885 3434 3957 ἔχων.

2265 3971 2385 4030 Ἦν
2411 3975 2478 4030 δέ
2499 3993 2588 4042 τις
2614 3978 2960 4043 βασιλικὸς,
2991 3972 3062 4033 οὗ
3084 3981 3116 4031 ό
3143 3979 3272 4044 υἱὸς
3297 3978 3542 4047 ἠσθένει
3565 3979 3635 4032 ἐν
3663 3980 3784 4032 Κα-

2196 4069 2510 4137 φαρναούμ
2541 4067 2700 4140 [υιιίῃ.
2731 4069 3155 4140 Καπερναοὺμ].
3187 4067 3375 4136 Οὗτος
3392 4071 3666 4136 ἀκούσας
3689 4068 3783 4122 ὅτι

2211 4157 2450 4224 Ἰησοῦς
2482 4158 2697 4226 ἥκειὲκ
2724 4159 2835 4227 τῆς
2857 4159 3154 4226 Ἰουδαίας
3186 4164 3272 4225 εἰς
3304 4159 3417 4228 τὴν
3441 4158 3783 4214 Γαλιλαίαν

2197 4247 2435 4318 ἀπῆλθε
2467 4250 2617 4318 πρὸς
2639 4251 2848 4314 αὐτὸν,
2890 4252 2987 4304 καί
3011 4251 3207 4319 ἠρώτα
3245 4253 3348 4306 ἵνα
3377 4249 3628 4318 καταϐῇ,
3674 4251 3775 4305 καί

2198 4342 2443 4409 ἰάσηται
2489 4341 2675 4396 αὐτοῦ
2715 4341 2824 4395 τὸν
2871 4340 3029 4404 υἱὸν,
3078 4343 3297 4410 ἔμελλε
3347 4341 3458 4412 γὰρ
3509 4341 3776 4407 ἀποθνῄο

2197 4445 2390 4483 axem.
2418 4425 2606 4483 Εἶπεν
2640 4425 2754 4483 οὖν
2782 4432 2814 4483 ό
2872 4429 3112 4497 Ἰησοῦς
3136 4431 3286 4498 πρὸς
3313 4432 3518 4484 αὐτόν.

2271 4524 2526 4594 Πρόσεισι
2569 4523 2668 4592 μὲν
2721 4524 2750 4575 ὁ
2799 4522 3095 4591 βασιλικὸς,
3146 4523 3221 4586 ὼς
3276 4523 3414 4594 πρὸς
3453 4521 3783 4593 θεραπεύειν

502 4626 630 4668 eum
663 4612 750 4667 cui
791 4612 865 4667 sit
915 4611 1147 4667 sanandi
1185 4618 1430 4682 potestas
1463 4629 1475 4666 :
1510 4611 1606 4667 sed
1640 4608 1884 4664 nondum
1928 4607 2090 4662 intel-

2203 4617 2454 4700 ίσχὺοντα
2486 4631 2499 4644 ⁸
2537 4619 2648 4669 νοεῖ
2680 4615 2737 4668 δὲ
2771 4615 2926 4668 οὑπω
2953 4615 3092 4668 κατὰ
3121 4615 3281 4683 φύσιν
3316 4613 3449 4668 Θεὸν
3479 4613 3610 4666 ὄντα
3642 4629 3655 4643 ·
3687 4612 3783 4664 καὶ

503 4703 625 4772 ligit
666 4703 974 4758 secundum
1010 4712 1262 4759 naturam
1298 4719 1422 4760 esse
1462 4703 1677 4758 Deum:
1711 4709 1766 4756 et
1803 4698 2094 4754 Dominum

502 4796 727 4864 quidem
772 4811 897 4851 eum
929 4797 1189 4866 appellat,
1221 4796 1319 4850 sed
1351 4809 1538 4851 veram
1572 4789 1976 4847 dominationis
2021 4789 2098 4844 di—

502 4886 766 4955 gnitatem
794 4900 1141 4956 nequaquam
1177 4885 1228 4942 ei
1261 4886 1483 4942 tribuit.
1522 4882 1744 4952 Alioqui
1764 4881 1914 4937 enim
1948 4882 2098 4937 illico

504 4974 571 5028 ad
602 4990 780 5046 genua
805 4977 928 5046 ejus
950 4977 1248 5044 accideret,
1279 4983 1610 5046 rogaretque
1641 4988 1749 5028 non
1782 4981 1841 5028 ut
1873 4973 2096 5028 domum

502 5077 565 5117 se
602 5062 901 5130 conferret,
959 5074 1013 5122 et
1063 5081 1252 5122 secum
1315 5067 1384 5120 ad
1437 5073 1795 5135 aegrotantem
1853 5079 2086 5134 puerum

500 5153 887 5222 descenderet,
929 5157 1026 5214 sed
1065 5159 1253 5228 potius
1307 5165 1366 5212 ut
1419 5172 1520 5226 pro
1571 5172 1672 5214 sua
1725 5165 2000 5228 poteState
2035 5162 2089 5210 et

501 5257 643 5302 nutu
673 5249 862 5305 divino
898 5251 1148 5306 morbum
1178 5248 1440 5304 infestum
1467 5251 1732 5322 abigeret.
1768 5250 1913 5316 Quid
1941 5249 2088 5303 enim

499 5355 732 5396 necesse
764 5351 884 5396 erat
924 5349 1131 5412 aegroto
1168 5348 1354 5397 astare
1384 5357 1508 5396 eum
1548 5343 1636 5397 cui
1673 5342 1838 5396 etiam
1869 5341 2086 5396 absenti

502 5428 668 5483 facile
711 5437 930 5498 poterat
985 5429 1217 5484 reddere
1265 5431 1600 5486 sanitatem?
1637 5430 1928 5497 Quomodo
1957 5445 2090 5484 vero

503 5535 610 5575 non
639 5521 796 5576 valde
829 5521 1058 5576 stultum
1092 5529 1178 5578 est
1215 5522 1539 5578 existimare
1570 5524 1748 5593 ipsum
1779 5530 1958 5577 morte
1987 5537 2086 5592 po-

501 5614 698 5664 tiorem
745 5610 884 5676 fore,
916 5621 970 5666 et
991 5627 1115 5667 eum
1148 5613 1240 5682 qui
1277 5614 1520 5682 repletus
1553 5616 1626 5670 sit
1662 5614 1845 5670 divina
1873 5597 2080 5670 virtute

503 5712 848 5770 nequaquam
892 5699 1063 5756 Deum
1095 5716 1219 5757 esse
1251 5705 1482 5772 putare?

2198 4697 2401 4781 Κύριον
2435 4708 2533 4778 μὲν
2571 4706 2856 4772 ἀποκαλεῖ,
2896 4706 2956 4758 τὸ
2985 4706 3030 4759 δ’
3081 4705 3279 4776 ἀληθὲς
3322 4706 3420 4774 τῆς
3461 4697 3801 4773 κυριότητοςί

2197 4766 2658 4873 ἀξίωμα-δίδωσιν
2686 4766 2956 4868 οὐδαμῶς.
3015 4799 3086 4850 Ἢ
3135 4766 3559 4868 γάρήᾶνΠεὺϋὺς
3612 4766 3807 4878 ἐδεῖτοί

2197 4891 2546 4966 προσπεσὼν,
2587 4890 2683 4959 οὑχ
2729 4890 2815 4942 ἴνα
2862 4888 2926 4959 δὴ
2980 4889 3198 4950 πάντως
3229 4887 3322 4939 ἐπὶ
3352 4885 3450 4954 τὴν
3483 4883 3666 4936 ἑστίαν
3691 4882 3784 4950 βα-

2195 4985 2352 5050 δίζοι,
2382 4983 2477 5036 καὶ
2503 4980 2822 5034 καταϐαίνοι
2854 4979 2950 5032 σὺν
2983 4977 3132 5048 αὑτῷ
3157 4978 3294 5048 πρὸς
3354 4977 3414 5029 τὸ
3464 4972 3785 5045 ἀρῤωστοῦν

2201 5077 2503 5146 μειράκιον,
2537 5070 2788 5138 ἀλλ’,ἴνα
2824 5070 2888 5139 δὴ
2945 5069 3144 5138 μᾶλλον
3197 5064 3644 5131 ὲξουσιαστικῶς,
3689 5063 3786 5116 καὶ

2193 5167 2488 5236 Θεοπρεπεῖ
2536 5165 2916 5234 προστάγματι
2962 5160 3060 5231 τὴν
3098 5159 3481 5230 ὲπισκήψασαν
3532 5155 3784 5220 ἐξελάσαι

2192 5259 2366 5311 νόσον.
2400 5256 2464 5308 Τί
2514 5256 2626 5326 γὰρ
2660 5253 2766 5306 ἔδει
2793 5254 3049 5324 παρεῖναι
3081 5250 3159 5320 τῷ
3213 5250 3476 5320 κάμνοντι
3509 5248 3600 5301 τὸν
3631 5241 3786 5317 ᾧπερ

2190 5344 2256 5419 ἦν
2293 5346 2550 5400 δύνασθαι
2598 5343 2904 5407 διασώζειν,
2939 5343 3034 5396 uati.
3061 5343 3276 5403 ἀπόντι,
3306 5340 3541 5412 ῥᾳδίως;
3573 5339 3699 5402 Πῶς
3727 5338 3787 5392 δὲ

2193 5440 2312 5493 λίαν
2341 5439 2442 5491 οὑκ
2487 5436 2724 5506 ἀμαθὲς,
2769 5434 2978 5503 ὅτιμὲν
3029 5434 3180 5486 ἔσται
3233 5432 3461 5486 θανάτου
3519 5432 3787 5502 κρείττων

2195 5528 2600 5598 ὑπολαμϐάνειν
2629 5525 2816 5587 αὑτὸν,
2848 5523 2979 5576 Θεὸν
3003 5523 3060 5576 δὲ
3091 5523 3356 5594 ὑπάρχειν
3383 5523 3590 5576 οἴεσθαι
3619 5520 3787 5594 μηδα-

2197 5619 2312 5690 μῶς
2344 5618 2434 5671 τὸν
2470 5614 2812 5686 θεοπρεποῦς
2847 5612 3030 5686 ἰσχὺος
3064 5613 3534 5684 πεπληρωμένον;
