4106 6492
277 357 387 420 533

280 577 602 643 στεύσητε.
636 573 806 641 Λέγει
840 572 990 641 πρὸς
1024 572 1212 627 αὑτὸν
1236 576 1269 627 ό
1295 575 1645 641 βασιλικός.

363 666 606 739 Ἀπηνὴς
667 668 766 738 μὲν
811 666 893 720 ἔτι
936 670 1050 732 τοῖς
1105 668 1484 739 πλανωμένοις
1537 665 1878 730 ἐναυλίζεται

273 761 425 825 νοῦς,
461 760 627 829 λόγου
652 760 710 813 δέ
742 779 860 824 πως
883 759 1037 814 ἔσται
1079 762 1173 816 τοῦ
1225 760 1522 824 καλοῦντος
1567 761 1647 823 εἰς
1695 758 1879 811 πίστιν

280 858 531 928 κρεῖττον
554 850 615 908 τὸ
646 854 1211 928 θαυματουργὸτερον,
1238 856 1338 909 Διά
1364 872 1429 924 γε
1448 852 1605 907 τοῦτο
1635 851 1878 923 τεράτων

280 947 490 1002 δεῖσθαι
526 946 731 1017 μᾶλλον
767 947 968 1012 αὐτοὺς
995 948 1235 1019 ἔφασκεν
1256 950 1284 1002 6
1316 945 1506 1017 Σωτὴρ
1529 946 1609 1008 εἰς
1633 943 1695 997 τὸ
1718 942 1879 997 δύνα-

281 1040 408 1094 σθαι
443 1039 644 1111 ῥᾳδίως
675 1039 810 1112 πρὸς
833 1039 895 1094 τὸ
921 1040 1203 1112 συμφέρον
1238 1034 1753 1110 μεταπαιδεύεσθαι,
1784 1035 1878 1089 καὶ

282 1136 372 1200 τὸν
387 1135 519 1188 ὄντα
558 1133 704 1189 κατὰ
731 1131 894 1201 φύσιν
926 1130 1317 1200 ἐπιγινώσκειν
1339 1131 1493 1188 Θεόν.

349 1227 566 1294 Κύριε,
622 1222 920 1293 κατάϐηθι
958 1224 1106 1292 πρὶν
1146 1221 1477 1279 ἀποθανεῖν
1515 1222 1580 1278 τὸ
1634 1223 1878 1279 παιδίον

277 1332 415 1384 μου.

358 1407 575 1476 Ὅλίγος
600 1406 701 1478 μὲν
731 1404 932 1477 κομιδῆ
964 1405 1103 1476 πρὸς
1130 1405 1349 1461 σύνεσιν
1378 1407 1408 1462 6
1439 1406 1742 1478 βασιλικὸς,
1778 1424 1875 1479 νη-

276 1503 463 1572 πιάζει
498 1504 558 1558 δέ
621 1521 739 1568 πως
789 1503 918 1575 περὶ
967 1503 1069 1573 τὴν
1099 1503 1201 1574 τῆς
1237 1502 1461 1574 χάριτος
1511 1502 1750 1573 αἴτησιν,
1781 1501 1876 1554 καὶ

278 1598 459 1669 ἡρέμα
493 1596 832 1668 παραληρῶν
869 1596 972 1651 οὐκ
1000 1595 1341 1650 αἰσθάνεται.
1397 1595 1472 1648 Οὐ
1504 1594 1615 1667 γὰρ
1653 1594 1735 1648 ὅτι
1777 1593 1876 1664 trb-

278 1705 367 1741 νον
411 1684 627 1756 ἰσχύσει
670 1685 883 1756 παρὼν,
944 1683 1061 1739 ἀλλ’
1098 1686 1180 1740 ὅτι
1229 1686 1296 1757 δὴ
1335 1685 1555 1749 πάντως
1585 1686 1681 1740 καὶ
1717 1685 1875 1740 ἀπὼν

276 1780 565 1853 ἐνεργήσει
611 1777 1034 1841 πεπιστευκὼς.
1096 1778 1609 1850 ἀξιοπρεπεστάτην
1670 1777 1737 1832 ἂν
1786 1778 1872 1831 ἐπ’

1350 356 1414 418 ΙΝ
1456 356 1740 421 JOANNIS
1776 357 2236 422 EVANGELIUM
2276 358 2408 423 LIB.
2435 362 2499 425 Π.

348 483 498 537 Ἐὰν
538 480 627 550 μὴ
651 478 871 548 σημεῖα
901 478 1001 533 καί
1041 480 1254 547 τέρατα
1296 481 1481 549 ἴδητε,
1516 484 1587 538 οὐ
1634 481 1719 552 μὴ
1780 496 1876 534 πι-
1908 486 1955 545 Α

3465 370 3571 436 ιιι

2058 480 2147 547 ιν,
2177 482 2266 537 48.
2321 483 2446 539 Nisi
2476 487 2627 556 signa
2660 496 2710 541 et
2738 490 2981 561 prodigia
3016 492 3278 561 videritis,
3317 510 3418 550 non
3464 514 3574 552 ere-

1983 575 2139 630 detis.
2176 574 2317 630 Dicit
2357 579 2579 647 regulus
2596 579 2665 632 ad
2699 597 2840 636 eum.

2055 666 2239 723 Durus
2283 670 2504 739 quidem
2551 672 2733 728 adhuc
2762 675 2817 729 in
2858 675 2928 731 iis
2954 683 3038 731 est
3070 677 3309 742 animus,
3340 680 3437 736 sed
3475 697 3573 738 ex-

1983 757 2297 815 hortatione
2323 761 2392 815 ad
2428 763 2590 817 fidem
2630 767 2847 835 potiora
2889 768 3076 824 futura
3120 782 3252 826 sunt
3279 775 3569 832 miracula.

1979 849 2332 923 Proindeque
2354 854 2629 924 prodigiis
2651 871 2792 927 opus
2815 857 2930 915 illis
2953 876 3073 917 esse
3098 861 3351 920 Salvator
3367 867 3569 932 aiebat,

1980 942 2146 1016 ξω
2186 953 2245 998 ιιι
2278 943 2441 1000 facile
2484 955 2712 1017 possent
2759 948 2831 1002 ad
2874 952 3154 1006 meliorem
3186 952 3400 1023 frugem
3441 973 3572 1012 eru-

1981 1035 2114 1101 diri,
2148 1047 2203 1092 et
2230 1052 2538 1111 agnoscere
2582 1037 2756 1095 Deum
2785 1056 2912 1098 esse
2940 1045 3247 1099 secundum
3292 1054 3570 1129 naturam.

2054 1217 2145 1283 IV,
2185 1218 2274 1274 49.
2333 1219 2580 1289 Domine,
2636 1221 2890 1279 descende
2943 1225 3258 1297 priusquam
3309 1232 3576 1285 moriatur

1978 1309 2127 1379 ﬁlius
2159 1327 2328 1367 meus.

2049 1404 2333 1473 Angustus
2366 1405 2528 1461 valde
2550 1416 2640 1462 est
2677 1407 2853 1478 reguli
2891 1409 3136 1477 animus,
3166 1411 3302 1481 quin
3337 1428 3573 1483 puerum

1979 1508 2043 1551 se
2075 1496 2263 1566 prodit
2290 1501 2347 1551 in
2380 1499 2618 1567 petenda
2650 1501 2853 1570 gratia,
2896 1515 3000 1556 nec
3047 1505 3216 1558 sentit
3260 1520 3322 1562 se
3366 1508 3574 1562 sensim

1977 1586 2236 1642 delirare.
2272 1585 2412 1642 Nam
2453 1590 2502 1645 si
2533 1604 2646 1644 non
2675 1590 2841 1645 modo
2872 1602 3200 1663 praisentem
3229 1639 3243 1662 ,
3279 1598 3374 1653 sed
3403 1599 3575 1654 etiam

1978 1678 2270 1734 absentem
2314 1679 2599 1737 Christum
2615 1681 2745 1737 'vim
2776 1699 2935 1740 suam
2971 1702 3232 1744 exserere
3255 1706 3420 1760 posse
3451 1707 3576 1747 cre-

1979 1770 2233 1838 didisset,
2267 1771 2336 1827 de
2366 1773 2463 1828 illo
2511 1789 2612 1844 pro
2642 1788 2708 1830 eo
2742 1790 2808 1830 ac
2857 1777 3018 1833 decet
3062 1781 3355 1837 sensisset.
3413 1782 3574 1840 Nunc

273 1870 425 1942 αὐτῷ
456 1871 562 1942 τὴν
594 1869 854 1940 διάληψιν
896 1869 1217 1941 ἐποιήσατο.
1261 1869 1400 1923 Νυνὶ
1435 1867 1494 1921 δὲ
1548 1867 1766 1938 φρονῶν
1814 1884 1872 1921 τε

1982 1864 2615 1920 autemabsurdissime
2654 1867 2820 1921 sentit
2869 1884 2935 1923 ac
2985 1869 3119 1925 facit
3166 1874 3259 1942 qui
3308 1875 3573 1932 virtutem

276 1963 370 2017 καὶ
401 1963 666 2032 πράττων
695 1959 1155 2031 παραλογώτατα,
1183 1959 1283 2032 τὴν
1326 1959 1446 2031 Θεῴ
1490 1959 1593 2031 μὲν
1626 1958 1872 2032 πρέπον·-

281 2063 378 2106 σαν
407 2052 561 2125 ἰσχὺν
596 2052 842 2126 ἀπαιτεῖ,
877 2051 952 2115 ὡς
985 2050 1043 2105 δὲ
1070 2049 1206 2105 Θεὸν
1239 2049 1341 2103 οὐκ
1369 2049 1543 2103 οἴεται
1583 2048 1654 2103 τὰ
1695 2048 1874 2104 πάντα

279 2141 542 2215 πληροῦν,
575 2142 693 2196 ἀλλ’
724 2142 847 2196 οὐδὲ
879 2140 1114 2196 θανάτου
1161 2139 1527 2211 γενήσεσθαι.
1562 2141 1871 2211 κρείττονα,

274 2230 450 2285 καίτοι
470 2229 552 2302 τῷ
588 2230 831 2303 πλείστῳ
845 2230 1190 2304 κρατηθέντα
1222 2230 1667 2287 πλεονεκτεῖσθαι
1696 2246 1875 2301 παρα-

272 2323 455 2378 καλῶν
487 2340 503 2355 ’
535 2323 730 2396 ἔμελλε
765 2324 876 2396 γὰρ
905 2322 1277 2395 ἀποθνήσκειν
1302 2324 1331 2375 6
1357 2324 1511 2386 παῖς.

340 2416 516 2485 Λέγει
536 2416 702 2482 αὐτῷ
728 2420 762 2471 ὁ
809 2416 1052 2484 Ἰησοῦς
1073 2431 1088 2447 θ
1117 2415 1461 2483 Πορεύουμῦ
1476 2415 1608 2482 υἱός
1631 2431 1748 2470 σου
1782 2408 1870 2483 ζῇ.

341 2509 535 2574 Οὕτως
568 2510 680 2564 ἔδει
706 2508 1035 2564 πιστεύοντα
1061 2506 1414 2579 προσελθεῖν,
1464 2508 1580 2562 ἀλλ’
1639 2508 1700 2561 ού
1752 2508 1873 2570 ταῖς

271 2602 430 2674 ἡμῶν
458 2602 729 2673 ἀμαθίαις
756 2600 1079 2671 φιλονεικῶν
1145 2601 1338 2671 ὁρᾶται
1386 2600 1622 2671 Χριστός
1652 2614 1666 2628 ·
1712 2600 1872 2673 εύερε-

269 2695 422 2762 γετεί
451 2693 510 2747 δὲ
545 2692 712 2747 πάλιν
742 2694 840 2746 καὶ
883 2691 1203 2755 πταίοντας,
1240 2690 1317 2755 ὡς
1360 2690 1512 2755 Θεός.
1560 2692 1740 2762 Ὅπερ
1777 2686 1873 2746 οὖν

270 2784 379 2855 εδει
409 2786 627 2858 δρῶντα
655 2782 1059 2855 θαυμάζεσθαι,
1098 2784 1259 2837 τοῦτο
1301 2783 1399 2838 καὶ
1438 2782 1515 2854 μὴ
1570 2782 1875 2855 δεδρακότα

271 2876 513 2932 διδάσκει
547 2876 642 2941 τὸν
665 2877 973 2948 ἄνθρωπον,
997 2875 1134 2946 ὁμοῦ
1165 2876 1257 2955 και
1280 2876 1388 2929 τῶν
1423 2875 1726 2931 καλλίστων
1756 2879 1873 2931 ela-

270 2969 524 3041 ηγητὴς,
554 2969 652 3023 καὶ
699 2968 811 3022 τῶν
843 2969 903 3021 ὲν
944 2967 1133 3037 εὐχαῖς
1184 2966 1407 3036 ἀγαθῶν
1449 2968 1686 3040 χορηγὸς
1739 2969 1873 3023 ἁνα-

269 3058 649 3130 δεικνύμενος.
697 3059 787 3111 Ἐν
824 3057 925 3128 μὲν
983 3057 1095 3129 γὰρ
1151 3056 1233 3131 τῷ
1284 3076 1302 3110 ι
1337 3056 1580 3128 Πορεύου
1614 3077 1633 3110 ι
1672 3058 1733 3111 τὸ
1780 3077 1873 3113 πι-

274 3152 485 3206 στεύειν
510 3150 684 3218 ὲστὶν,
712 3153 772 3205 ὲν
809 3151 867 3205 δὲ
887 3148 1009 3223 τῷι
1060 3150 1122 3204 'U
1151 3151 1264 3214 υίός
1290 3167 1385 3203 σου
1422 3148 1513 3222 ζῇ,
1556 3168 1577 3204 ι
1611 3149 1722 3204 τῶν
1771 3167 1870 3206 πο·-

273 3241 552 3312 θουμένων
577 3243 613 3312 ἡ
644 3219 947 3312 πλήρωσις*
981 3239 1124 3311 μετὰ
1162 3239 1368 3311 πολλῆς
1411 3219 1559 3304 τινος
1603 3240 1700 3295 καὶ
1743 3241 1865 3295 θεο-
1892 3219 1936 3276 C

270 3332 515 3405 πρεποῦς
543 3332 795 3397 ἐξουσίας
820 3331 1211 3403 ὲκφαινομένη.

352 3427 752 3481 Ἐπίστευσεν
777 3427 810 3480 ό
839 3424 1151 3493 ἄνθρωπος
1170 3422 1252 3489 τῷ
1273 3418 1456 3494 λόγῳ,
1481 3415 1528 3491 ᾧ
1556 3418 1728 3478 εἶπεν
1754 3422 1864 3480 αὑ·-

268 3517 351 3587 τῷ
377 3522 410 3574 ό
432 3518 703 3588 Ἰησοῦς,
725 3517 826 3573 καί
853 3518 1194 3586 ἐπορεύετο.
1239 3516 1394 3585 Ἤδη
1435 3516 1504 3570 δὲ
1541 3516 1733 3571 αὑτοῦ
1762 3528 1868 3571 κα-

267 3611 682 3677 ταϐαίνοντος,
724 3613 779 3664 οἱ
812 3608 1025 3664 δοῦλοι
1054 3607 1243 3664 αὐτοῦ
1271 3609 1641 3679 ἀπήντησαν
1680 3606 1864 3675 αὐτῷ,

267 3705 368 3759 καί
389 3704 771 3774 ἀπήγγειλαν
796 3700 1108 3774 λέγοντες,
1131 3702 1221 3756 ὅτι
1260 3705 1294 3756 ό
1319 3703 1452 3768 υἱός
1472 3718 1590 3757 σου
1629 3701 1720 3771 ζῇ.

343 3797 443 3852 Ἐν
466 3795 565 3850 τοῦ
591 3796 847 3867 Σωτῆρος
878 3793 1161 3865 ἐπίταγμα
1196 3793 1291 3847 δύο
1319 3793 1616 3864 θεραπεύει
1663 3792 1861 3863 ψυχάς.

266 3882 360 3958 Τῷ
386 3886 496 3959 μὲν
525 3885 636 3956 γὰρ
665 3882 934 3958 βασιλικῷ
968 3882 1068 3955 τὴν
1114 3882 1355 3953 ἀσυνήθη
1409 3881 1594 3936 πίστιν
1641 3881 1868 3954 ἐνεργά-

265 3978 444 4044 ζεται,
486 3977 723 4032 θανάτου
753 3977 812 4030 δὲ
848 3976 908 4030 τὸ
938 3975 1226 4048 μειράκιον
1274 3973 1486 4041 ὲξέλκει
1527 3974 1866 4049 σωματικοῦ.

264 4068 365 4137 Τίς
413 4070 474 4124 δὲ
518 4069 628 4141 πρὸ
673 4068 821 4132 τίνος
873 4068 1012 4133 ὅλως
1040 4066 1328 4136 ὑγιάζεται
1359 4060 1596 4137 χαλεπὸν
1637 4070 1813 4122 εἰπεῖν
1850 4084 1864 4099 ⁸

262 4165 436 4235 ἄμφω
469 4161 602 4236 γὰρ,
629 4157 806 4233 οἶμαι,
835 4160 980 4215 κατὰ
1022 4159 1220 4215 ταυτὸν
1264 4159 1586 4231 σύνδρομον,
1621 4160 1734 4225 τοῖς
1770 4157 1866 4214 τοῦ

262 4256 523 4329 Σωτῆρος
547 4254 708 4327 ἡμῶν
748 4254 1090 4325 ἐπιτάγμασι
1120 4256 1220 4325 τῆς
1248 4252 1407 4306 νόσου
1443 4251 1721 4322 λαϐούσης
1768 4252 1866 4323 τὴν

258 4342 438 4402 λύσιν.
473 4345 911 4415 Ἀπαγγὲλλουσι
957 4343 1014 4398 δὲ
1042 4343 1142 4414 τὴν
1186 4341 1280 4396 τοῦ
1343 4342 1530 4406 παιδὸς
1567 4341 1867 4414 θεραπείαν

264 4437 616 4499 ὑπαντῶντες
643 4435 852 4490 οἰκέται
882 4434 1042 4505 ὁμοῦ,
1097 4434 1193 4488 καὶ
1221 4432 1331 4486 τῶν
1362 4432 1523 4486 θείων
1555 4433 1866 4504 ἐπιταγμά-

1983 1952 2092 2010 Deo
2145 1955 2383 2039 quidem‘
2415 1959 2835 2014 convenientem
2873 1964 3137 2030 postulat,
3178 1964 3274 2019 sed
3310 1975 3368 2020 ut
3399 1967 3571 2024 Deum

1980 2050 2211 2121 implere
2273 2063 2479 2109 cuncta
2543 2056 2725 2127 ipsum
2789 2073 2900 2113 non
2959 2060 3262 2127 existimat,
3316 2060 3413 2115 sed
3469 2076 3574 2118 nec

1980 2152 2215 2198 mortem
2244 2154 2659 2217 superaturum,
2705 2151 2831 2207 licet
2856 2151 2971 2223 jam
3009 2152 3123 2208 fere
3167 2153 3443 2209 morituro
3488 2154 3575 2225 ipa-

1978 2250 2101 2290 sum
2156 2239 2429 2308 opitulari
2494 2252 2716 2315 rogaret
2773 2263 2787 2300 :
2859 2245 3162 2317 incipiebat
3217 2246 3367 2302 enim
3428 2248 3573 2303 mori

1977 2343 2136 2399 puer.

2047 2420 2140 2487 IV,
2179 2422 2270 2478 50.
2331 2423 2478 2480 Dicit
2499 2427 2549 2481 ei
2572 2426 2771 2481 Iesus:
2804 2426 2967 2489 Vade.
2994 2430 3140 2501 ﬁlius
3174 2440 3295 2487 tuus
3318 2434 3460 2489 vivit.

2050 2513 2144 2570 Sic
2170 2518 2461 2588 oportebat
2493 2522 2811 2579 credentem
2850 2529 3156 2592 accedere,
3189 2527 3287 2582 sed
3318 2534 3570 2583 nostram

1975 2608 2316 2679 imperitiam
2359 2611 2619 2671 Christus
2674 2631 2784 2671 non
2834 2617 3042 2687 rejicit,
3093 2620 3227 2688 quin
3276 2627 3572 2690 peccantes

1975 2700 2140 2753 etiam
2179 2700 2462 2758 beneﬁciis
2490 2703 2677 2770 atilclt,
2714 2714 2775 2761 ut
2818 2704 2986 2762 Deus.
3027 2706 3184 2774 Quod
3216 2709 3389 2778 igitur
3418 2708 3571 2764 laudi

1974 2800 2126 2847 esset
2156 2792 2390 2858 homini,
2424 2795 2470 2859 si
2500 2795 2726 2864 faceret,
2763 2797 2867 2852 hoc
2898 2798 3067 2852 etiam
3098 2814 3207 2854 non
3244 2799 3446 2857 fecisse
3469 2800 3572 2856 do-

1975 2892 2065 2939 cet
2146 2886 2310 2941 simul
2366 2888 2635 2943 virtutum
2689 2890 2953 2961 magister
3011 2899 3066 2947 et
3114 2892 3386 2946 bonorum
3445 2906 3571 2964 qua:

1974 2984 2241 3048 petuntur
2272 2979 2498 3048 largitor
2528 2982 2889 3039 constitutus.
2928 2981 3064 3037 Nam
3094 2984 3149 3040 in
3182 3000 3247 3039 eo
3273 2986 3423 3056 quod
3466 2987 3568 3055 ait,

1980 3087 1999 3120 ι
2030 3067 2203 3137 Vade,
2241 3090 2261 3124 ι
2292 3071 2430 3128 ﬁdes
2460 3081 2542 3130 est
2569 3091 2583 3142 ;
2612 3075 2667 3129 in
2698 3092 2765 3132 eo
2792 3091 2923 3131 vero
2950 3076 3097 3148 quod
3128 3076 3283 3144 dicit,
3339 3097 3360 3131 ι
3389 3077 3568 3136 Filius

1973 3169 2105 3219 tuus
2145 3163 2303 3231 vivit,
2344 3184 2364 3219 ι
2397 3167 2478 3221 rei
2520 3176 2723 3238 optatae
2755 3172 3166 3226 consummatio
3200 3187 3326 3227 cum
3359 3172 3569 3245 ingenti

1968 3253 2208 3323 quadam
2237 3263 2293 3312 et
2321 3255 2435 3313 Deo
2468 3260 2820 3329 convenienti
2853 3267 3127 3331 potestate
3154 3262 3355 3318 elucet.

2040 3423 2132 3499 IV,
2182 3431 2273 3499 50,
2307 3433 2395 3488 5|.
2434 3430 2678 3491 Credidit
2706 3439 2863 3494 homo
2895 3438 3129 3496 sermoni
3169 3459 3321 3513 quem
3351 3445 3491 3500 dixit
3515 3444 3569 3500 ei

1966 3521 2148 3588 Jesus,
2181 3531 2231 3577 et
2257 3523 2393 3578 ibat.
2425 3523 2552 3580 Iam
2587 3535 2765 3582 autem
2809 3546 2868 3584 eo
2892 3531 3257 3597 descendente,
3308 3535 3444 3589 servi
3474 3549 3570 3590 oc-

1968 3627 2252 3671 currerunt
2292 3620 2363 3683 ei,
2415 3629 2465 3673 et
2504 3621 2908 3691 nuntiaverunt,
2956 3622 3209 3692 dicentes,
3250 3628 3378 3698 quia
3420 3628 3567 3698 ﬁlius

1966 3706 2081 3773 ejus
2119 3706 2331 3762 viveret.

2040 3795 2224 3852 Unum
2259 3800 2574 3857 Salvatoris
2609 3804 2929 3860 mandatum
2959 3804 3100 3863 duas
3134 3815 3297 3863 sanat
3322 3810 3563 3869 animas.

1970 3882 2030 3941 ln
2063 3889 2261 3959 regulo
2303 3892 2511 3962 quippe
2555 3893 2838 3949 insolitam
2880 3895 3045 3951 fidem
3085 3904 3373 3967 operatur,
3411 3909 3468 3954 et
3495 3916 3566 3957 ex

1968 3992 2236 4048 corporea
2269 3989 2450 4038 morte
2472 3982 2948 4040 adolescentulum
2977 3988 3165 4057 eripit.
3208 3987 3340 4045 Uter
3375 3998 3561 4046 autem

1968 4070 2125 4141 prior
2180 4079 2409 4127 sanetur
2455 4072 2677 4130 ditﬁcile
2727 4077 2875 4131 dictu
2900 4084 3027 4145 est:
3078 4080 3242 4135 ambo
3287 4082 3458 4142 enim.
3501 4090 3564 4137 ut

1967 4177 2117 4229 reor,
2148 4163 2341 4219 eodem
2371 4173 2619 4236 tempore
2642 4166 2953 4225 Salvatoris
2982 4172 3158 4225 nostri
3179 4172 3342 4241 jussu
3363 4174 3566 4230 morbo

1968 4257 2153 4313 soluto
2214 4259 2394 4314 sanati
2447 4258 2696 4316 fuerunt.
2750 4260 2910 4317 Servi
2963 4271 3146 4318 autem
3177 4276 3561 4333 occurrentes,

1969 4349 2124 4417 pueri
2165 4349 2506 4406 curationem
2539 4353 2871 4408 annuntiant
2908 4353 3067 4423 juxta
3101 4363 3158 4409 et
3193 4355 3364 4413 divini
3401 4374 3562 4414 man-

1968 4440 2082 4495 dati
2106 4442 2470 4510 celeritatem,
2495 4444 2719 4502 (lhristo
2750 4446 2805 4501 id
2837 4448 3030 4517 utique
3052 4450 3233 4518 palam
3263 4452 3559 4509 ordinante

258 4537 375 4583 των
404 4526 895 4588 ἀπολευκαίνοντες
914 4523 1015 4596 τὴν
1029 4522 1262 4594 ὀξύτητα
1283 4539 1296 4553 ⁸
1323 4521 1598 4576 καὶτοῦτο
1621 4522 1687 4595 δὴ
1720 4524 1863 4595 μάλα

1973 4536 2023 4584 et
2052 4530 2333 4587 infirmum
2367 4533 2654 4591 dominum
2701 4536 2854 4593 illum
2883 4539 3001 4608 spei
3048 4549 3249 4597 eventu
3280 4542 3348 4597 ad
3396 4542 3557 4599 tidem

263 4620 457 4690 σαφῶς
480 4616 894 4690 οίκονομοῦντος
920 4614 1181 4688 Χριστοῦ,
1214 4616 1310 4670 καὶ
1337 4614 1414 4686 τῷ
1446 4615 1587 4670 τέλει
1624 4616 1724 4688 τῆς
1777 4619 1865 4672 ἐλ-

262 4710 421 4777 πίδος
458 4712 597 4783 ταχὺ
645 4710 994 4783 βεϐαιοῦντος
1027 4710 1110 4774 είς
1156 4707 1343 4764 πίστιν
1388 4708 1719 4764 ἀσθενοῦντα
1773 4708 1865 4764 τὸν

260 4799 564 4873 δεσπότην.

348 4895 636 4950 Ἐπύθετο
670 4889 785 4950 σῦν
803 4893 942 4964 παρ’
965 4890 1166 4948 αὐτῶν
1202 4891 1318 4961 τὴν
1344 4891 1527 4962 ὤραν,
1548 4893 1619 4948 ἐν
1648 4888 1689 4967 ᾖ
1714 4912 1862 4966 κομ-

259 4987 534 5057 ψότερον
579 4986 749 5056 ἔσχε.
798 4985 911 5040 Kal
935 4980 1112 5039 εἷπον
1137 4980 1299 5049 αὐτῷ
1351 4983 1439 5038 ὅτι
1459 5023 1474 5049 ,
1509 4983 1661 5051 Χθὲς
1699 4983 1862 5054 ὥραν

259 5078 530 5149 ἑϐδόμην
558 5077 808 5148 ἀφῆκεν·
832 5076 1022 5133 αὐτὸν
1061 5078 1095 5130 ό
1125 5075 1398 5144 πυρετός.
1446 5076 1634 5146 Ἔγνω
1681 5072 1797 5134 οὖν
1827 5080 1860 5132 ὁ

261 5168 473 5238 Πατὴρ
491 5209 506 5231 ,
544 5168 637 5223 ὅτι
661 5168 733 5224 ἐν
750 5168 952 5236 ἐκείνῃ
979 5165 1054 5236 τῇ
1079 5166 1198 5234 ὥρᾳ
1221 5201 1237 5232 ,
1272 5166 1342 5221 ἐν
1366 5159 1407 5239 ᾗ
1440 5158 1611 5220 εἶπεν
1642 5167 1804 5234 αὐτῷ
1826 5170 1860 5223 ό

272 5249 534 5328 Ἰησοῦς,
564 5251 655 5311 δτι
688 5257 742 5311 '0
766 5258 899 5324 υἱός
930 5272 1047 5311 σου
1088 5249 1157 5323 ζ’ιῖ
1178 5271 1191 5284 ⁶
1227 5255 1325 5309 καί
1360 5255 1728 5310 ἐπίστευσεν
1748 5259 1858 5311 αὐ-

260 5350 390 5418 τὸς,
412 5350 515 5404 καὶ
544 5350 585 5419 ἠ
603 5348 762 5403 οίκία
786 5347 976 5403 αὑτοῦ
998 5347 1132 5416 ὅλη.
1164 5347 1344 5402 Τοῦτο
1368 5346 1557 5402 πάλιν
1574 5345 1859 5416 δεύτερον

264 5441 521 5513 σημεῖον
555 5441 849 5510 ἐποίησεν
888 5442 921 5494 ὀ
963 5440 1200 5508 Ἰησοῦς
1236 5437 1433 5493 ἐλθὼν
1463 5440 1532 5492 ἐκ
1571 5438 1682 5509 τῆς
1723 5439 1863 5494 Ἰου·

263 5534 438 5603 δαίας
464 5536 555 5599 είς
572 5532 690 5602 τὴν
708 5533 1066 5588 Γαλιλαίαν.

346 5627 814 5684 ’Δναπυνθάνεται
842 5628 940 5698 τὴν
964 5627 1114 5700 ὥραν
1147 5626 1248 5698 τῆς
1273 5628 1366 5679 ἐπὶ
1401 5621 1462 5680 τὸ
1490 5626 1738 5697 κρεῖττον
1765 5624 1860 5680 τοῦ

266 5722 549 5784 νοσοῦντος
599 5719 806 5791 ῥοπῆς,
863 5720 912 5772 εί
965 5718 1249 5788 συντρέχει
1291 5716 1606 5787 δοκιμάζων
1650 5715 1729 5787 τῷ
1759 5716 1863 5787 τῆς

268 5811 485 5885 χάριτος
512 5810 712 5881 χρόνῳ.
759 5808 974 5880 Ἐπειδὴ
992 5809 1057 5885 ⁴δὲ
1082 5806 1256 5874 οὕτως
1282 5807 1426 5879 ἔχειν
1445 5849 1461 5875 ,
1489 5809 1582 5862 καὶ
1613 5808 1711 5879 οὐχ
1739 5807 1857 5861 ἑτέ-

1969 4622 2084 4678 cito
2121 4624 2502 4682 confirmante.

2033 4876 2124 4951 IV,
2177 4880 2365 4941 52-54.
2421 4877 2794 4960 [interrogabat
2835 4901 2958 4961 ergo
3004 4890 3195 4947 horam
3257 4888 3324 4946 ab
3365 4892 3440 4947 eis
3498 4893 3553 4948 in

1959 4989 2065 5044 qua
2094 4978 2282 5035 melius
2305 4978 2568 5036 habuerit.
2607 4979 2677 5035 Et
2702 4981 2951 5037 dixerunt
2981 4984 3031 5039 ei
3076 4984 3225 5053 quia,
3259 4986 3388 5040 Heri
3423 4984 3558 5041 liora

1968 5074 2193 5143 septima
2223 5072 2439 5143 reliquit
2501 5089 2622 5127 eum
2676 5072 2862 5143 febris.
2917 5073 3175 5145 Cognovit
3219 5075 3382 5147 205
3432 5092 3557 5149 ergo

1964 5175 2119 5235 pater
2161 5168 2288 5238 quia
2329 5165 2427 5238 ilia
2472 5165 2606 5221 hora
2660 5176 2777 5222 erat
2829 5167 2886 5221 in
2939 5184 3044 5238 qua
3087 5168 3223 5222 dixit
3271 5169 3320 5223 ei
3355 5166 3557 5224 Iesus:

1970 5256 2149 5313 Filius
2174 5235 2304 5313 tuus
2355 5235 2502 5314 uiuit.
2556 5257 2628 5315 Et
2658 5256 2883 5315 credidit
2925 5235 3055 5328 ipse,
3096 5268 3147 5313 et
3196 5257 3385 5312 domus
3439 5258 3557 5327 ejus

1968 5359 2101 5407 tota.
2130 5350 2246 5407 Hoc
2278 5353 2470 5407 iterum
2508 5352 2797 5408 secundum
2821 5354 3033 5424 signum
3067 5352 3190 5422 fecit
3217 5348 3397 5414 Iesus,
3435 5362 3555 5404 cum

1966 5434 2189 5502 uenisset
2218 5463 2253 5501 a
2276 5445 2473 5503 ludas
2501 5447 2557 5501 in
2586 5445 2891 5504 Galilwam.

2041 5623 2375 5680 Sciscitatur
2408 5639 2517 5696 qua
2552 5625 2689 5680 hora
2731 5630 2972 5695 aegrotus
3008 5621 3405 5675 convalescere
3441 5631 3558 5673 coe-

1965 5725 2145 5786 perat,
2183 5725 2244 5772 ut
2296 5718 2617 5787 exploraret
2670 5732 2738 5769 an
2786 5719 3128 5769 momentum
3182 5710 3315 5766 illud
3363 5710 3561 5782 gratia:

1969 5809 2203 5880 tempori
2236 5816 2591 5882 congrueret.
2626 5807 2927 5878 Postquam
2957 5811 3140 5861 autem
3172 5803 3247 5860 ita
3290 5817 3404 5860 rem
3430 5817 3556 5858 esse
