4052 6502
435 371 542 427 355

1428 370 1484 424 S.
1516 369 1791 426 CYRILLI
1817 372 2293 432 ALEXANDRINI
2336 379 2659 438 ARCHlEP.

3586 393 3694 453 536

431 483 721 552 comperit,
745 497 869 537 cum
913 489 1025 537 tota
1054 481 1218 536 domo
1249 480 1513 549 Salvatur,
1545 483 1794 540 miraculi
1832 487 1986 540 virtue

2110 506 2219 557 ρως
2253 490 2578 559 ὲδιδὰσκετο,
2612 492 2840 557 σώζεται
2868 498 3105 567 πανοικὶ,
3131 498 3229 572 τὴν
3257 499 3352 555 τοῦ
3392 506 3694 577 παραδόξου

430 584 539 631 tem
600 576 821 630 Christo
868 573 1152 639 tribuens,
1191 582 1246 627 et
1295 577 1589 644 quemdam
1648 577 1816 632 veluti
1865 580 2004 650 grati

405 666 601 743 animi
637 665 893 728 fructum,
929 662 1224 718 ﬁrmiorem
1259 680 1454 735 nempe
1488 666 1673 733 ﬁdem,
1706 668 1964 727 offerens.

501 844 562 906 V,
593 844 705 898 14.
744 843 875 896 Post
913 842 1025 897 Ιιωε
1065 851 1183 896 erat
1221 843 1332 897 dies
1374 844 1539 913 festus
1577 843 1912 912 Judreorum,
1950 857 2003 902 et

428 931 662 986 ascendit
694 930 850 985 Jesas
899 930 1347 1002 Hierosolymam.
1384 931 1481 987 Est
1527 945 1704 988 autem
1741 935 1999 991 Hieroso-

427 1025 583 1120 ngnis
613 1022 891 1091 probatica
921 1022 1148 1092 piscina,
1172 1039 1289 1093 qua:
1311 1024 1713 1097 cognominatur
1744 1025 2002 1083 Hebraice

430 1113 737 1177 BEthsaida,
764 1115 988 1184 quinque
1031 1116 1267 1183 porticus
1318 1115 1534 1173 habens.
1565 1114 1633 1171 In
1665 1117 1747 1173 his
1787 1118 2001 1189 jacebat

426 1207 710 1261 multitudo
760 1222 953 1277 magna
1005 1207 1385 1278 languentium,
1440 1225 1723 1275 amcorum,
1778 1212 2000 1267 claudo-

426 1317 566 1367 rum,
586 1298 884 1364 aridorum,
904 1302 1320 1368 exspectantium
1347 1316 1500 1373 aqua:
1524 1310 1747 1357 motum.
1766 1302 1999 1374 Angelus

425 1393 567 1448 enim
595 1391 813 1446 Domini
843 1390 1190 1445 descendebat
1222 1391 1510 1447 secundum
1538 1401 1736 1462 tempus
1760 1393 1814 1448 in
1838 1395 2000 1462 pisci-

425 1498 570 1547 nam,
602 1490 651 1535 et
692 1477 998 1534 movebatur
1028 1494 1187 1549 aqua.
1223 1479 1292 1533 Et
1343 1482 1433 1550 qui
1465 1482 1615 1552 prior
1644 1482 1999 1539 descendisset

423 1575 479 1627 in
515 1572 776 1640 piscinam
826 1577 942 1639 post
990 1571 1272 1624 motionem
1327 1588 1500 1642 aqua,
1543 1590 1706 1629 sanus
1754 1574 1915 1644 ﬁebat
1963 1592 1997 1630 a

421 1679 725 1733 quacunque
754 1660 1087 1717 detinebatur
1111 1663 1442 1732 inﬁrmitate.

2106 579 2338 652 δύναμιν
2366 584 2586 648 ἀναθεὶς
2617 584 2693 656 τῷ
2712 587 2933 659 Σωτῆρι
2960 590 3201 661 Χριστῷ,
3234 594 3329 647 καὶ
3355 594 3544 668 ὥσπερ
3568 604 3695 655 τινά

2118 673 2205 741 εῆς
2251 673 2345 725 ἐπὶ
2385 675 2592 740 τούτοις
2629 678 2980 750 εὐχαριστίας
3025 684 3236 753 καρπὸν
3280 686 3693 764 ἀσφαλεστέραν

2106 768 2401 835 προσάγων
2431 768 2529 840 τὴν
2561 770 2763 825 πίστιν.

2175 859 2337 914 Μετὰ
2367 861 2554 917 ταῦτα
2582 859 2664 934 ἦν
2685 865 2724 928 ἡ
2756 864 2932 935 ἑορτὴ
2958 866 3079 923 τῶν
3113 870 3436 939 Ἰουδαίων,
3461 874 3559 928 καί
3585 876 3692 931 ἁν-

2102 949 2208 1018 ἐϐη
2246 954 2281 1005 ὀ
2334 954 2564 1021 Ἰησοῦς
2604 958 2690 1022 είς
2727 956 3127 1030 Ἱεροσόλυμα.
3174 965 3340 1019 Ἔστι
3365 964 3434 1018 δὲ
3467 967 3538 1021 ἐν
3562 968 3689 1034 τοῖς
3788 957 3799 965 ’

2115 1041 2546 1113 Ἰεροσολύμοις
2587 1046 2685 1099 ἐπὶ
2711 1045 2787 1115 τῇ
2815 1050 3144 1120 προϐατικῇ
3182 1057 3565 1129 κολυμϐήθρᾳ
3588 1098 3603 1123 ,
3645 1061 3685 1126 ἡ

2099 1132 2498 1205 ἐπιλεγομένη
2551 1136 2844 1206 Ἐϐραϊστὶ
2892 1141 3171 1210 Βηθεσδὰ
3192 1186 3206 1211 ,
3267 1144 3447 1201 πέντε
3496 1152 3690 1216 στοάςι

2101 1226 2353 1293 ἔχουσα.
2398 1231 2494 1283 Ἐν
2523 1231 2769 1296 ταύταις
2796 1232 3098 1287 κατέκειτο
3117 1235 3351 1304 πλῆθος
3383 1238 3543 1293 πολὺ
3564 1238 3685 1293 τῶν

2099 1316 2541 1387 ἀσθενούντων,
2567 1322 2834 1392 τυφλῶν,
2861 1325 3094 1394 χωλῶν,
3122 1326 3340 1396 ξηρῶν,
3366 1328 3682 1399 ἐκδεχομέ-

2099 1424 2225 1462 νων
2250 1408 2366 1477 τὴν
2404 1412 2511 1466 τοῦ
2540 1410 2759 1478 ὕδατος
2791 1415 3060 1484 κίνησιν.
3092 1417 3386 1488 Ἄγγελος
3424 1419 3534 1491 γὰρ
3563 1425 3680 1476 Κυ-

2091 1498 2232 1565 ρίου
2263 1501 2414 1555 κατὰ
2441 1503 2648 1571 καιρὸν
2672 1505 3018 1559 κατέϐαινεν
3052 1507 3121 1562 ἐν
3168 1508 3245 1578 τῇ
3274 1512 3674 1580 κολυμϐήθρᾳ,

2100 1589 2198 1643 καί
2222 1582 2522 1659 etaper
2547 1592 2613 1646 τὸ
2637 1593 2813 1662 ὕδωρ.
2841 1595 2896 1647 '0
2925 1590 3041 1650 οὖν
3070 1596 3299 1665 πρῶτος
3326 1598 3507 1667 ἐμϐὰς
3525 1603 3676 1670 μετὰ

2100 1680 2215 1749 τὴν
2234 1682 2504 1752 ταραχὴν
2530 1684 2638 1739 τοῦ
2660 1685 2898 1754 ὕδατος,
2923 1688 3102 1759 ὑγιὴς
3117 1689 3429 1760 ἐγίνεταῷ
3452 1692 3676 1760 δήποτε

2099 1773 2406 1842 κατείχετο
2433 1776 2751 1846 νοσήματι.

487 1833 608 1890 Non
653 1842 863 1890 temere
912 1836 1106 1892 beatus
1156 1839 1498 1907 evangelista
1549 1840 1829 1911 praedictis
1861 1857 1986 1899 con-

2168 1865 2244 1919 Οὐ
2266 1833 2449 1937 μάτην
2470 1833 2629 1931 εὐθῦς
2656 1868 3013 1925 ὲπισυνάπτει
3038 1874 3151 1936 τοῖς
3176 1872 3485 1946 εἰρημένοις
3500 1874 3534 1926 ὁ
3565 1890 3673 1944 μα-

416 1928 599 1998 jungit
641 1925 944 1982 Salvatoris
980 1927 1033 1981 in
1068 1928 1260 1986 urbem
1302 1928 1810 2003 Hierosolymorum
1867 1936 1996 1992 red-

422 2032 582 2087 itum;
606 2019 701 2076 sed
731 2019 779 2075 ei
811 2020 1156 2090 propositum
1183 2028 1301 2077 erat
1331 2006 1729 2089 ostendere,ut
1751 2026 1991 2095 videtur,

420 2119 690 2182 quantum
743 2110 1064 2183 alienigenae
1115 2109 1320 2168 Iudaeis
1372 2112 1665 2170 obediendi
1731 2115 1993 2175 facultate

418 2209 770 2273 praestarent,
811 2210 865 2257 et
907 2207 1116 2272 quanta
1163 2209 1488 2258 cerneretur
1524 2205 1581 2259 in
1610 2206 1865 2276 utrisque
1902 2206 1990 2261 in—

417 2293 569 2365 genii
611 2307 675 2348 ac
704 2306 919 2347 morum
964 2290 1302 2350 diderentia.
1348 2292 1462 2350 Hoc
1495 2296 1646 2352 enim
1688 2304 1853 2367 pacto
1903 2297 1993 2352 di-

416 2400 575 2441 scere
616 2384 836 2448 licebat,
869 2383 1022 2454 justo
1061 2384 1494 2456 eunctipotentis
1528 2386 1624 2442 Dei
1667 2387 1899 2457 judicio,
1935 2396 1990 2444 et

416 2491 711 2550 personam
764 2475 1017 2544 accipere
1048 2476 1354 2533 nescientis
1401 2474 1657 2533 lsraelem
1705 2494 1801 2549 spe
1841 2480 1991 2536 exci-

414 2572 568 2637 dere,
605 2578 659 2625 et
689 2571 744 2625 in
778 2569 902 2640 ejus
939 2569 1125 2624 locum
1166 2570 1412 2639 gentium
1458 2571 1866 2630 multitudinem
1905 2574 1991 2629 in-

414 2664 564 2718 duci.
594 2662 772 2717 Grave
818 2667 1002 2717 autem
1033 2675 1146 2716 non
1173 2662 1279 2716 erit
1314 2662 1610 2720 collatione
1642 2665 1880 2735 capitum
1924 2681 1989 2722 ea

412 2772 535 2828 quae
558 2756 819 2812 dicuntur
842 2754 1171 2827 expendere.
1196 2752 1450 2811 Ostendit
1479 2756 1648 2827 igitur
1674 2758 1852 2829 ipsum
1879 2774 1989 2813 uno

412 2845 631 2917 quidem
664 2846 939 2900 miraculo
977 2844 1456 2901 Samaritanorum
1489 2846 1678 2903 urbem
1710 2862 1986 2915 servasse,

409 2939 520 2993 alio
568 2936 755 2993 itidem
811 2937 964 2990 illum
1006 2936 1282 3008 regulum,
1314 2946 1369 2992 et
1416 2953 1517 3008 per
1554 2939 1688 2994 illud
1726 2940 1848 3011 ejus
1894 2942 1991 2997 do-

413 3030 527 3085 mui
558 3029 845 3100 suppetias
874 3028 1100 3084 omnino
1140 3030 1354 3086 tulisse.
1388 3029 1653 3087 Testatus
1682 3040 1865 3088 autem
1900 3032 1988 3088 his

410 3121 594 3177 verbis
644 3119 1124 3193 promptissimum
1172 3134 1298 3174 esse
1349 3119 1676 3190 alienigenis
1730 3122 1799 3176 ad
1851 3122 1985 3178 obe-

410 3212 673 3271 diendum
708 3211 979 3275 studium,
1011 3225 1238 3265 rursum
1278 3208 1659 3282 Hierosolyma
1694 3212 1846 3268 illum
1883 3215 1987 3269 mi-

412 3305 728 3360 raculorum
779 3301 1050 3358 editorem
1101 3301 1352 3368 reducit,
1391 3314 1448 3358 et
1482 3319 1596 3359 rem
1635 3303 1746 3361 Deo
1782 3321 1986 3363 conve-

411 3395 653 3451 nientem
704 3392 890 3449 facere
943 3393 1204 3448 ostendit.
1246 3392 1558 3449 lnveterato
1600 3395 1745 3451 enim
1796 3399 1987 3455 morbo

410 3488 769 3560 paralytieum
822 3485 1046 3553 liberat,
1076 3484 1237 3540 sicuti
1291 3484 1553 3541 nimirum
1597 3489 1986 3545 moribundum

409 3579 586 3652 reguli
618 3577 817 3634 lilium.
850 3575 959 3632 Sed
987 3575 1076 3632 hic
1100 3590 1224 3631 eum
1251 3577 1509 3636 universa
1538 3577 1703 3638 domo
1726 3582 1983 3649 credidit,

409 3679 464 3727 et
516 3669 688 3726 Deum
751 3670 1040 3725 confessus
1100 3676 1187 3724 est
1234 3667 1425 3727 Jesum
1474 3690 1487 3727 :
1537 3672 1641 3737 illi,
1693 3689 1820 3729 cum
1856 3690 1985 3731 eum

408 3763 576 3834 206
624 3760 888 3817 admirari
943 3761 1226 3829 deberent,
1266 3764 1416 3819 illico
1450 3763 1519 3821 ad
1567 3765 1771 3822 caedem
1817 3766 1985 3838 depo-

407 3862 594 3920 scunt,
625 3862 680 3909 et
711 3852 1119 3910 benefactorem
1160 3870 1348 3919 suum,
1380 3870 1482 3912 ceu
1509 3856 1783 3928 iniquum,
1818 3859 1986 3930 impie

405 3953 838 4017 persequuntur,
871 3946 975 4017 ipsi
1009 3962 1069 4003 se
1104 3949 1446 4019 turpissimae
1483 3951 1566 4006 rei
1608 3951 1983 4007 condemnan-

406 4047 513 4102 tes,
547 4050 645 4105 per
675 4050 840 4107 quam
874 4037 1311 4109 alienigenarum
1368 4040 1654 4110 sapientiae
1685 4049 1741 4097 et
1788 4041 1983 4113 pietati

405 4130 460 4184 in
494 4127 779 4186 Christum
813 4129 976 4200 longe
1003 4130 1295 4202 postpositi
1324 4132 1770 4202 comperiuntur.
1804 4133 1984 4206 Atque

402 4222 509 4278 hoc
534 4230 620 4279 est
650 4230 801 4279 certe
827 4222 973 4292 quod
998 4223 1056 4278 in
1084 4221 1323 4279 Psalmis
1353 4223 1562 4279 dicitur
1585 4224 1654 4282 de
1691 4226 1826 4296 ipsis
1855 4241 1982 4282 ora-

404 4315 553 4369 tione
594 4313 663 4368 ad
718 4306 1005 4368 Dominum
1060 4312 1247 4369 Iesum
1289 4328 1560 4370 conversa
1595 4334 1608 4369 :
1649 4336 1669 4369 ι
1707 4316 1981 4384 Quoniam

401 4418 574 4477 pones
601 4420 697 4460 eos
733 4406 963 4459 dorsum
996 4404 1066 4457 ²¹.
1116 4422 1134 4456 ι
1173 4402 1310 4458 Nam
1335 4405 1431 4475 qui
1459 4407 1624 4475 primi
1649 4408 1724 4463 ob
1752 4410 1982 4466 electio-

2095 1954 2285 2027 κάριος
2332 1957 2725 2031 εὐαγγελιστὴς
2783 1962 2884 2031 τὴν
2922 1963 3167 2017 ἐντεῦθεν
3213 1966 3293 2029 εἰς
3329 1965 3674 2037 Ἰεροσόλυμα

2093 2047 2187 2101 τοῦ
2219 2048 2472 2121 Σωτῆρος
2493 2051 2751 2105 ἐπάνοδον
2772 2069 2787 2084 ·
2810 2053 2927 2107 ἀλλ’
2956 2049 3026 2126 ἦν
3052 2056 3223 2127 αὐτῷ,
3252 2057 3393 2112 κατὰ
3418 2057 3479 2111 τὸ
3502 2059 3673 2123 εἰκὸς,

2094 2138 2352 2205 ἐπιδείξαι
2387 2143 2587 2206 σκοπὸς
2608 2185 2622 2208 ,
2668 2146 2792 2198 ὅσον
2817 2146 2914 2215 μὲν
2952 2146 3209 2217 ἀμείνους
3240 2149 3319 2211 εἰς
3364 2148 3676 2203 εὐπείθειαν

2105 2228 2374 2283 Ἰουδαίων
2424 2231 2756 2301 ἀλλογενεῖς,
2800 2234 2940 2306 πόση
2972 2236 3029 2289 δὲ
3063 2238 3123 2290 ὲν
3170 2238 3373 2308 ἀμφοῖν
3420 2236 3588 2302 έξεώς
3613 2255 3673 2291 τε

2091 2320 2186 2372 καὶ
2217 2322 2435 2391 τρόπων
2470 2325 2663 2395 ὁρᾶται
2694 2325 2947 2397 διαφορά.
2997 2323 3106 2381 τΗν
3149 2330 3261 2400 γὰρ
3292 2328 3464 2395 οὕτως
3502 2333 3674 2402 ἡμᾶς.

2091 2408 2187 2462 καὶ
2214 2408 2314 2479 οὐχ
2336 2410 2538 2483 ἑτέρως
2566 2413 2827 2483 ἐκμαθεῖν
2846 2455 2861 2480 ,
2888 2416 2973 2469 ὅτι
2991 2416 3156 2487 ψήφῳ
3184 2418 3369 2489 δικαίᾳ
3403 2419 3498 2473 τοῦ
3532 2420 3674 2474 πάν-

2089 2514 2198 2550 των
2261 2502 2587 2569 κρατοῦντος
2650 2502 2823 2569 Θεοῦ,
2877 2505 2971 2558 κα)⁸
3034 2506 3324 2579 ἀνθρώπου
3380 2510 3677 2580 πρόσωπον

2089 2590 2191 2642 οὐκ
2214 2589 2420 2654 εἰδότος
2446 2592 2652 2659 λαϐεῖν,
2684 2596 2985 2650 ἀποπίπτει
3016 2598 3114 2669 μὲν
3148 2600 3373 2663 εἰκότως
3395 2603 3494 2673 τῆς
3522 2603 3676 2656 ἐλπί-

2088 2679 2173 2743 δος
2196 2682 2225 2733 ὁ
2262 2681 2497 2754 Ἰσραὴλ,
2526 2684 2937 2760 ἀντεισφέρεται
2955 2688 3010 2740 δὲ
3044 2688 3153 2746 τῶν
3181 2690 3352 2747 ἐθνῶν
3382 2693 3415 2765 ή
3441 2692 3671 2767 πληθύς.

2088 2773 2339 2830 Χαλεπὸν
2369 2777 2427 2830 δὲ
2456 2779 2606 2833 οὐδὲν
2642 2782 2707 2851 τῇ
2750 2782 2858 2835 τῶν
2897 2783 3207 2852 κεφαλαίων
3243 2787 3675 2859 ἀντιπαραθέσει

2092 2865 2528 2935 προσϐλέποντας
2556 2868 2654 2941 τὴν
2687 2871 2778 2925 ἐπὶ
2807 2874 2918 2934 τοῖς
2940 2873 3254 2943 λεγομένοις
3277 2876 3545 2930 ποιεῖσθαι
3584 2878 3675 2948 βά-

2093 2972 2271 3011 σανον.
2302 2959 2510 3025 Ἐδειξε
2534 2962 2712 3015 τοίνυν
2732 2961 2893 3016 αὑτὸν
2916 2962 2998 3016 ἑνὶ
3018 2964 3115 3034 μὲν
3137 2965 3345 3036 σημείῳ
3367 2966 3463 3037 τὴν
3484 2967 3674 3037 Σαμα-

2093 3048 2285 3119 ρειτῶν
2313 3050 2671 3107 ἀνασώσαντα
2710 3054 2863 3109 πόλιν
2885 3095 2899 3118 ,
2927 3054 3008 3108 ἑνὶ
3035 3052 3093 3108 δὲ
3117 3056 3380 3120 ὡσαύτως
3403 3057 3495 3112 τὸν
3522 3058 3675 3128 βασι-

2089 3138 2260 3207 λικὸν,
2287 3142 2381 3196 καὶ
2408 3143 2475 3196 δι’
2496 3145 2706 3198 ἐκείνου
2728 3147 2854 3209 τοὺς
2886 3147 2944 3200 έν
2969 3147 3106 3219 αὐτῇ
3136 3148 3352 3211 πάντως
3381 3148 3553 3219 δήπου
3577 3149 3671 3203 καὶ

2088 3228 2208 3283 λίαν
2238 3231 2586 3304 ὼφεληκότα.
2605 3236 3091 3310 Ἐπιμαρτυρήσας
3114 3240 3172 3292 δὲ
3191 3239 3280 3293 διὰ
3302 3240 3506 3295 τούτων
3534 3242 3671 3297 πολὺ

2087 3322 2147 3376 τὸ
2177 3325 2466 3396 πρόχειρον
2503 3330 2614 3391 τοῖς
2653 3328 2997 3398 ἀλλογενέσιν
3029 3333 3110 3396 εἰς
3139 3331 3480 3395 εὐπείθειαν,
3535 3335 3670 3386 ἀνα-

2088 3413 2247 3483 φέρει
2313 3414 2476 3469 πάλιν
2521 3418 2600 3480 εἰς
2668 3419 3019 3491 Ἰεροσόλυμα
3077 3422 3169 3475 τὸν
3229 3421 3665 3494 θαυματουργὸν,

2088 3506 2323 3576 πρᾶγμα
2348 3506 2405 3560 δὲ
2430 3507 2736 3580 θεοπρεπὲς
2766 3512 3116 3567 ἐπιτελοῦντα
3146 3513 3398 3569 δεικνύει.
3436 3514 3670 3569 Παλαιοο

2085 3596 2255 3666 τάτης
2286 3597 2394 3670 γὰρ
2427 3600 2747 3669 παραδόξως
2785 3602 3063 3673 ἐλευθεροῖ
3094 3604 3185 3656 τὸν
3225 3604 3541 3677 παραλύτην
3578 3606 3668 3659 νό-

2088 3702 2204 3751 σου,
2228 3687 2418 3760 ὥσπερ
2445 3686 2539 3744 οῦν
2559 3692 2751 3762 ἀμέλει
2776 3693 3114 3751 θανατοῦντα
3138 3696 3233 3751 τοῦ
3266 3695 3542 3768 βασιλικοῦ
3572 3695 3667 3750 τὸν

2085 3776 2235 3831 Υἰόν.
2276 3777 2414 3832 Ἀλλ’
2447 3781 2475 3833 ό
2508 3781 2607 3853 μὲν
2633 3782 2922 3838 ἐπίστευσε
2950 3787 3207 3853 πανοικὶ,
3237 3788 3333 3841 καὶ
3352 3786 3488 3841 Θεὸν
3518 3787 3667 3858 ὠμο-

2084 3868 2233 3937 λότει
2262 3869 2355 3924 τὸν
2378 3871 2611 3943 Ἶησοῦψ
2649 3876 2701 3929 οἰ
2726 3875 2803 3940 δὲ,
2828 3877 3306 3949 καταπλήττεσθαι
3329 3877 3469 3943 δέον,
3485 3877 3633 3948 φονῶ
3649 3906 3666 3918 ο

2087 3978 2172 4015 σιν
2194 3963 2356 4027 εὐθὺς
2378 4004 2391 4028 ,
2436 3965 2531 4019 καὶ
2553 3964 2810 4020 διώκουσι
2830 3968 3105 4033 δυσσεϐῶς
3141 3968 3218 4032 ὡς
3247 3967 3666 4041 παρανομοῦντα

2084 4051 2177 4105 τὸν
2196 4051 2511 4125 εὐεργέτην,
2532 4056 2688 4109 αὐτοὶ
2710 4056 2831 4111 καθ’
2856 4057 3066 4111 ἑαυτῶν
3093 4058 3193 4129 τὴν
3212 4060 3303 4111 ἐπὶ
3323 4061 3435 4120 τοῖς
3455 4058 3665 4128 αἰσχίο-

2086 4159 2171 4195 σιν
2206 4144 2479 4215 ὁρίζοντες
2515 4148 2725 4217 ψῆφον,
2770 4149 2839 4201 δι’
2869 4142 2946 4203 ὧν
2990 4149 3090 4219 τῆς
3126 4150 3183 4203 ἐν
3217 4152 3328 4215 τοῖς
3355 4150 3665 4218 ἀλλογενέσι

2087 4232 2371 4297 συνέσεως,
2391 4235 2485 4288 καὶ
2516 4236 2616 4305 τῆς
2646 4237 2725 4299 εἰς
2755 4237 2992 4309 Χριστὸν
3029 4239 3313 4303 εὐλαϐείας
3352 4240 3530 4293 ὀπίσω
3560 4255 3661 4293 πε-

2086 4323 2271 4389 σόντες
2306 4327 2641 4381 ἁλίσκονται.
2681 4329 2792 4383 Καὶ
2824 4329 2982 4385 τοῦτο
3000 4325 3068 4402 ἦν
3098 4333 3208 4403 ἄρα
3236 4332 3299 4385 τὸ
3323 4333 3450 4403 περὶ
3481 4330 3663 4385 αὐτῶν

2084 4415 2143 4469 ὲν
2172 4416 2424 4489 Ψαλμοῖς
2452 4420 2741 4491 εἰρημένον
2759 4460 2774 4486 ,
2802 4421 2879 4485 ὡς
2904 4421 3040 4493 πρὸς
3068 4422 3159 4476 τὸν
3182 4423 3386 4495 Κύριον
3420 4420 3657 4493 Ἰησοῦν·

400 4511 523 4550 iuan
561 4505 777 4566 patrum
833 4493 1129 4551 constituti
1177 4503 1330 4560 sunt,
1374 4496 1557 4551 ultimi
1589 4507 1645 4553 et
1694 4507 1820 4570 post
1849 4516 1983 4572 gen-

2090 4525 2108 4560 ι
2134 4508 2254 4562 Ὅτι
2285 4508 2472 4580 θήσεις
2516 4511 2714 4575 αὐτοὺς
2750 4511 2938 4568 νῶτον.
2977 4531 2997 4565 ι
3031 4514 3092 4566 Oi
3125 4512 3235 4584 γὰρ
3258 4493 3464 4584 πρῶτοι
3491 4528 3662 4567 κατα·-

398 4588 535 4641 Iium
563 4586 911 4641 vocationem
960 4582 1188 4638 venient
1224 4600 1240 4637 :
1279 4602 1299 4635 ι
1346 4585 1485 4640 Cum
1507 4588 1662 4644 enim
1693 4591 1978 4662 plenitudo

397 4678 644 4752 gentium
714 4676 1038 4739 intraverit,
1098 4681 1232 4731 tunc
1298 4679 1482 4735 omnis
1554 4679 1727 4739 Israel
1789 4686 1976 4745 salvus

399 4777 492 4828 liet
529 4774 597 4825 ²².
642 4790 661 4823 ι
721 4770 881 4825 Hunc
933 4768 1094 4825 nobis
1150 4772 1691 4842 contemplationum
1745 4794 1974 4851 scopum

400 4865 543 4933 parit
575 4862 882 4917 concinnus
920 4859 1012 4916 ille
1047 4862 1287 4930 capitum
1320 4864 1458 4918 ordo
1489 4879 1556 4920 ac
1602 4882 1913 4930 consensus
1955 4893 1969 4928 :

398 4952 677 5023 sigillatim
732 4965 864 5006 vero
914 4949 1314 5007 versiculorum
1370 4958 1699 5015 sententiam
1767 4976 1971 5033 expen-

397 5044 617 5098 demus.

467 5221 534 5288 V,
560 5222 614 5290 5,
639 5222 691 5279 6.
735 5223 869 5279 Erat
908 5236 1082 5282 autem
1121 5229 1337 5300 quidam
1378 5232 1533 5289 homo
1564 5234 1638 5288 ibi
1679 5238 1897 5308 triginta
1922 5248 1971 5292 et

397 5325 512 5370 octo
541 5331 707 5370 annos
745 5315 938 5371 habens
978 5318 1049 5376 in.
1068 5320 1381 5387 inﬁrmitate
1406 5340 1528 5379 sua.
1558 5325 1715 5380 Hunc
1751 5345 1872 5382 cum
1898 5330 1971 5383 vi-

393 5406 559 5459 disset
586 5404 742 5461 Iesus
777 5408 1135 5477 jacentem,et
1176 5429 1295 5467 cum
1335 5418 1663 5485 cognovisset
1693 5420 1817 5486 quia
1847 5420 1964 5490 jam

394 5496 615 5549 nmltum
649 5507 846 5566 tempus
885 5498 1119 5553 haberet.

460 5587 787 5656 Azymorum
846 5588 984 5643 festo
1035 5603 1064 5641 a
1122 5587 1326 5645 Judaais
1382 5593 1681 5659 celebrato,
1739 5597 1815 5651 in'
1851 5614 1962 5669 quo

459 5761 505 5795 ”
554 5761 696 5817 Psal.
736 5780 821 5823 xx,
856 5766 937 5818 15.
1017 5764 1058 5794 υ
1089 5762 1243 5819 ηοω.
1283 5779 1356 5825 xl,
1395 5766 1484 5830 9.25,
1522 5767 1611 5821 ‘26.

2079 4600 2403 4671 τεταγμένοι
2440 4602 2532 4656 διά
2555 4602 2653 4673 τὴν
2679 4603 2790 4657 τῶν
2823 4603 3073 4675 πατέρων
3103 4603 3381 4674 ὲπιλογὴν,
3419 4602 3659 4674 ὕστεροι,

2079 4694 2175 4745 καί⁵
2219 4694 2450 4747 κατόπιν
2495 4694 2597 4763 τῆς
2650 4694 2761 4748 τῶν
2809 4695 2978 4749 ἐθνῶν
3014 4694 3321 4766 βαδιοῦνται
3371 4695 3655 4766 κλήσεως·

2083 4785 2281 4839 ι”Οταν
2309 4785 2416 4856 γὰρ
2438 4784 2498 4838 τὸ
2522 4785 2794 4857 πλήρωμα
2815 4788 2921 4841 τῶν
2942 4788 3112 4841 ἐθνῶν
3137 4788 3371 4861 εἰσέλθῃ,
3402 4788 3523 4841 τότε
3549 4787 3662 4851 πᾶς

2088 4874 2303 4944 Ἰσραὴλ
2336 4875 2665 4946 σωθήσεται·
2704 4896 2723 4929 ›
2753 4877 2943 4932 τοῦτον
2983 4879 3116 4949 ἡμῖν
3148 4876 3256 4930 τῶν
3283 4877 3660 4947 θεωρημάτων

2077 4963 2257 5017 ὠδίνει
2289 4965 2381 5019 τὸν
2414 4965 2614 5019 σκοπὸν
2656 4970 2753 5039 τῆς
2799 4969 2907 5022 τῶν
2943 4967 3255 5037 κεφαλαίων
3304 4966 3577 5038 συνθήκης
3622 4967 3659 5038 ἡ

2083 5053 2354 5129 εὔρυθμος
2383 5058 2564 5124 τάξις·
2607 5060 2950 5131 ποιησόμεθα
2975 5061 3032 5114 δὲ
3066 5060 3208 5114 κατά
3239 5059 3404 5131 μέρος
3432 5059 3527 5113 καὶ
3556 5058 3658 5130 τῆς

2080 5148 2139 5201 ὲν
2161 5151 2274 5212 τοῖς
2296 5149 2497 5220 στίχοις
2518 5151 2757 5214 διανοίας
2782 5151 2981 5223 ἀκριϐῆ
3008 5150 3103 5221 τὴν
3124 5150 3370 5221 ζήτησιν.

2148 5234 2261 5296 Ἦν
2282 5239 2351 5294 δέ
2398 5259 2491 5307 τις
2514 5241 2825 5310 ἅνθρωπος
2861 5241 2991 5295 ἐκεῖ
3018 5241 3333 5309 τριάκοντα
3361 5239 3460 5293 καί
3502 5238 3658 5293 ὀκτὼ

2074 5330 2177 5398 ἔτη
2210 5329 2367 5400 ἔχων
2396 5330 2468 5385 ἐν
2514 5330 2589 5399 τῇ
2621 5333 2906 5399 ἀσθενείᾳ
2947 5332 3155 5387 αὐτοῦ.
3206 5331 3426 5386 Τοῦτον
3451 5329 3594 5384 ιδὼν
3618 5332 3656 5384 ὁ

2087 5421 2319 5489 Ἰησοῦς
2344 5423 2775 5492 κατακείμενον
2793 5464 2809 5489 ,
2850 5423 2947 5477 καὶ
2972 5423 3157 5493 γνοὺς
3187 5422 3276 5476 ὅτι
3306 5421 3506 5475 πολὺν
3528 5419 3652 5490 ἤδη

2071 5512 2295 5581 χρόνον
2323 5510 2466 5579 ἕχει.

2141 5601 2252 5673 Τὴν
2292 5602 2383 5656 ἐπὶ
2427 5604 2538 5666 τοῖς
2578 5604 2809 5675 ἀζύμοις
2836 5603 3027 5676 ἑορτὴν
3069 5600 3495 5657 ἐπιτελεσάντων
3539 5601 3652 5655 τῶν
