4052 6498
474 383 580 442 δζθ

1467 389 1525 444 S.
1568 388 1849 448 CYRILLI
1876 389 2350 446 ALEXANDRINI
2386 391 2703 447 ARCIIIEP.

3648 397 3750 452 M0

545 499 613 566 V,
655 502 778 569 7,8.
818 504 1075 568 Domine,
1119 502 1379 556 hominem
1428 520 1533 558 non
1584 505 1778 573 habeo,
1826 517 1886 560 ut
1940 525 2016 561 cui

2124 545 2135 569 ι
2235 509 2428 578 Κύριε,
2449 508 2763 574 ἄνθρωπον
2791 507 2900 560 οὐκ
2930 505 3048 575 ἔχω
3071 508 3191 573 ἵνα,
3221 509 3368 562 ὅταν
3389 507 3653 577 ταραχθῇ
3685 509 3747 562 ei

475 594 688 650 turbata
722 598 887 665 fuerit
921 613 1080 667 aqua,
1118 596 1296 650 mittat
1349 611 1432 650 me
1477 599 1531 651 in
1571 599 1840 667 piscinam
1877 618 1895 654 :
1935 602 2062 655 dum

2168 600 2347 671 ὕδωρ,
2379 599 2604 668 ἐμϐάλῃ
2635 617 2711 669 με
2731 601 2813 665 εὶς
2842 598 2955 666 τὴν
2983 601 3409 670 κολυμϐήθραν
3429 617 3442 629 ο
3461 600 3529 652 ἐν
3642 603 3748 671 γὰρ

470 687 616 740 venio
656 690 793 742 enim
833 705 956 759 ego,
1005 688 1146 742 alius
1189 697 1310 743 ante
1356 705 1439 743 me
1484 689 1776 746 descendit.
1826 692 1968 747 Dicit
2012 722 2016 744 4

2163 693 2407 761 ἔρχομαι
2445 691 2588 760 ἐγὼ,
2623 692 2813 757 ἄλλος
2843 691 2957 760 πρὸ
2999 691 3145 762 ἐμοῦ
3168 693 3529 747 καταϐαίνει.
3581 694 3745 762 Λέγε(

467 775 626 828 Jesus
655 792 673 829 :
713 776 902 846 Surge.

535 866 697 922 Circa
728 867 875 923 diem
918 879 1124 924 sanctae
1173 869 1531 926 Pentecostes
1587 873 1769 942 angeli
1821 872 2056 930 descen-

461 961 654 1016 dentes
686 961 754 1016 de
781 964 923 1016 caelo
951 964 1177 1034 piscina:
1209 978 1410 1034 aquam
1431 964 1756 1032 turbabant,
1789 983 1852 1021 ex
1877 984 2055 1038 eoque

461 1067 659 1105 sonum
691 1054 932 1110 edebant
959 1057 1012 1118 in
1050 1056 1271 1125 signum
1304 1072 1417 1111 suae
1448 1060 1777 1127 prasentiae.
1813 1060 1879 1115 Et
1907 1077 2050 1131 aqua

458 1156 522 1192 ex
556 1145 768 1196 sanctis
802 1145 1100 1215 spiritibus
1128 1145 1603 1202 sanctiﬁcabatur.
1651 1148 1810 1214 Quod
1843 1151 1888 1205 si
1923 1146 2056 1221 quis

458 1247 521 1285 ex
559 1238 953 1303 aagrotantium
1007 1239 1165 1294 turba
1198 1238 1354 1308 prius
1395 1255 1559 1310 quam
1591 1243 1774 1296 caeteri
1814 1242 2048 1298 descen-

458 1327 655 1390 disset,
681 1329 846 1399 208
873 1330 1124 1400 deposito
1149 1331 1348 1387 infesto
1379 1333 1571 1386 morbo
1602 1347 1772 1388 sanus
1805 1335 2042 1401 redibat,

459 1419 555 1474 sed
591 1423 902 1476 sanationis
952 1423 1034 1477 vis
1073 1430 1128 1478 et
1175 1423 1314 1477 ratio
1346 1424 1396 1478 ei
1435 1432 1649 1478 tantum
1703 1428 2044 1495 congruebat

458 1512 549 1579 qui
602 1513 754 1582 prior
802 1522 1161 1584 occupasset;
1193 1514 1340 1584 quod
1392 1516 1610 1586 signum
1657 1533 1877 1586 quoque
1923 1527 2042 1572 erat

456 1605 650 1660 auxilii
691 1607 844 1662 illius
878 1607 1070 1677 legalis
1110 1623 1210 1678 per
1246 1615 1471 1663 sanctos
1507 1610 1735 1679 angelos
1766 1610 1835 1664 ad
1872 1627 2037 1665 unam

453 1714 518 1754 ac
549 1700 720 1756 solam
750 1699 1067 1754 Judzeorum
1101 1710 1320 1771 gentem
1353 1703 1704 1771 pertinentis,
1737 1719 1801 1759 ac
1829 1705 2036 1758 nullam

455 1800 718 1860 praeterea
750 1794 1026 1847 curantis.
1060 1793 1103 1845 A
1137 1793 1250 1847 Dan
1277 1796 1424 1847 enim
1466 1811 1639 1865 usque
1668 1795 1735 1850 ad
1760 1795 2036 1852 Bersabee

2161 784 2322 850 αὐτῷ
2343 788 2375 838 o'
2418 785 2646 851 Ἰησοῦς
2672 802 2684 814 ο
2713 787 2984 853 Ἕγειραι.

2234 875 2390 930 Κατὰ
2411 877 2509 947 τὴν
2545 876 2760 948 ἡμέραν
2799 879 2897 946 τῆς
2935 877 3094 944 ἁγίας
3132 877 3539 944 Πεντηκοστῆς,
3576 877 3742 944 ἄγγε-

2157 969 2238 1022 λοι
2274 967 2707 1035 καταφοιτῶντες
2748 967 2807 1032 ἐξ
2851 966 3080 1038 ούρανοῦ
3124 967 3186 1020 τὸ
3228 971 3328 1036 τῆς
3348 967 3741 1037 κολυμϐήθρας

2155 1059 2512 1130 ἐξετάραττον
2563 1057 2746 1128 ὕδωρ,
2815 1053 2932 1110 εἶτα
2986 1059 3076 1112 τὸν
3141 1057 3392 1111 ἐντεῦθεν
3457 1058 3740 1110 ἐποιοῦντο

2153 1150 2360 1205 κτύπον
2384 1152 2484 1221 τῆς
2522 1151 2733 1204 έαυτῶν
2760 1151 3084 1214 ἐπιστασίας
3123 1151 3214 1204 τὸν
3246 1153 3482 1221 κήρυκα.
3542 1151 3652 1203 Καὶ
3679 1151 3736 1203 τὸ

2153 1243 2252 1312 μὲν
2297 1243 2439 1313 ὕδωρ
2473 1242 2531 1308 ἐξ
2568 1241 2741 1309 ἁγίων
2771 1241 3097 1312 πνευμάτων
3136 1241 3397 1312 ήγιάζετο
3421 1255 3432 1264 ·
3474 1243 3525 1297 εί
3559 1242 3616 1294 δέ
3654 1260 3734 1305 τις

2147 1334 2286 1405 ἔφθη
2329 1331 2718 1404 προκατελθεῖν
2749 1333 2845 1403 τῆς
2889 1331 2998 1384 τῶν
3026 1331 3328 1386 νοσούντων
3363 1332 3640 1402 πληθύος,
3675 1334 3732 1386 τὸ

2147 1422 2429 1494 συντρίϐον
2475 1424 2638 1478 αὑτὸν
2681 1423 3190 1494 ἀποφορτισάμενος
3242 1423 3492 1477 ἀνέϐαινε
3538 1424 3728 1489 πάθος,

2143 1517 2222 1579 εἰς
2255 1517 2351 1570 ’ἐνα
2393 1516 2450 1568 δὲ
2507 1517 2667 1586 μόνον
2722 1515 2814 1568 τὸν
2867 1515 3296 1586 προαρπάζοντα
3351 1519 3728 1586 συνεμετρεῖτο

2140 1608 2240 1677 τῆς
2264 1607 2560 1678 θεραπείας
2590 1610 2622 1678 ἡ
2651 1607 2898 1677 δύναμις.
2932 1607 3072 1660 Ἀλλ’
3099 1602 3168 1678 ἦν
3197 1607 3472 1661 καὶτοῦτο
3503 1612 3726 1678 σημεῖον

2137 1701 2238 1772 τῆς
2285 1701 2351 1754 δι’
2387 1701 2634 1770 ἀγγέλων
2661 1703 2890 1772 νομικῆς
2918 1701 3182 1771 ὠφελείας
3221 1702 3305 1770 ἐφ’
3346 1701 3406 1753 ἓν
3443 1703 3537 1754 καὶ
3572 1703 3726 1772 μόνον

2137 1795 2196 1847 τὸ
2241 1794 2350 1848 τῶν
2395 1794 2664 1846 Ἰουδαίων
2697 1795 2851 1861 γένος
2879 1795 3297 1865 ὲκτεινομένης,
3343 1795 3530 1863 ἕτερον
3562 1793 3618 1845 δὲ
3645 1794 3726 1847 ἐπ’

453 1882 694 1938 Μοειιὶοο
749 1893 1026 1954 praecepta
1080 1885 1526 1952 praedicabantur
1565 1887 1881 1941 ministrata
1940 1904 2016 1957 pel

2139 1887 2321 1950 αὑτοῖς
2343 1885 2752 1958 θεραπευούσης
2766 1886 2978 1940 οὐδένα.
2997 1887 3129 1939 Ἀπὸ
3153 1886 3264 1956 γὰρ
3283 1886 3390 1938 Δὰν
3414 1887 3512 1956 τῆς
3533 1886 3727 1938 καλου-

453 1977 681 2047 angelos
730 1979 786 2031 in
843 1985 1025 2031 monte
1057 1975 1188 2030 Sina
1228 1979 1375 2032 circa
1417 1979 1537 2034 dies
1591 1989 1798 2034 sanctae
1839 1979 2036 2034 Pente-

450 2077 636 2125 costes
682 2070 881 2123 ultimo
926 2071 1264 2125 constitutar.
1317 2070 1554 2140 Ideoque
1609 2071 1838 2141 piscina:
1887 2086 2033 2141 aqua

445 2161 555 2215 aiio
596 2169 844 2230 tempore
882 2176 990 2214 non
1048 2163 1401 2226 turbabatur,
1454 2161 1772 2233 signiﬁcans
1808 2173 2032 2218 saneto-

447 2267 568 2306 rum
622 2253 939 2322 angelorum
973 2252 1026 2305 in
1075 2268 1133 2307 se
1162 2253 1512 2308 descensum.
1548 2252 1894 2324 Paralyticus
1926 2253 2030 2307 ita-

443 2359 552 2412 quc
582 2357 707 2397 cum
740 2358 845 2397 non
879 2344 1109 2398 haberet
1139 2361 1170 2398 a
1212 2361 1322 2414 quo
1353 2347 1409 2399 in
1441 2360 1637 2416 aquam
1670 2344 2024 2414 dejicerelur,

443 2446 554 2490 tam
584 2435 832 2490 morbum
855 2452 1017 2507 quam
1047 2437 1292 2506 inopiam
1325 2453 1481 2491 suam
1511 2435 1764 2500 deﬂebat,
1794 2437 2022 2494 dicens:

447 2547 465 2577 ι
513 2526 806 2584 Hominem
836 2547 948 2584 non
985 2531 1183 2595 habeo,
1209 2533 1304 2600 qui
1331 2547 1416 2585 me
1449 2531 1710 2584 nimirum
1736 2530 1792 2584 in
1823 2545 2024 2599 aquam

441 2620 716 2676 demittat.
763 2643 780 2674 ι
819 2623 1187 2695 Exspectabat
1227 2625 1375 2681 enim
1409 2625 1516 2682 sibi
1553 2624 1622 2678 ab
1655 2622 1785 2678 Jesu
1833 2621 2024 2678 datum

442 2713 511 2766 iri
544 2717 860 2771 consilium.

2141 1978 2341 2051 μένης,
2389 1979 2483 2032 καὶ
2516 1979 2620 2042 ἓως
2650 1979 2930 2050 Βηρσαὸεὲ
2968 1979 3038 2032 τὰ
3085 1978 3170 2031 διὰ
3205 1979 3448 2041 Μωσέως
3484 1978 3728 2030 ὲλαλεῖτο

2136 2073 2564 2145 προστάγματα,
2604 2071 2993 2139 διακονηθὺθτα
3023 2071 3088 2124 δι’
3109 2071 3356 2140 ἀγγέλων
3383 2073 3439 2123 ὲν
3466 2070 3726 2141 ὅρειΣινξί

2137 2167 2282 2220 κατὰ
2339 2166 2439 2229 τὰς
2487 2166 2701 2236 ἡμέρας
2749 2165 2850 2235 τῆς
2913 2165 3140 2234 ὕστερον
3198 2163 3508 2235 ὁρισθείσης
3563 2165 3724 2230 ἁγίας

2138 2259 2538 2330 Πεντηκοστῆς.
2596 2257 2694 2310 Διὰ
2723 2259 2831 2328 γάρ
2857 2274 2938 2310 τοι
2964 2256 3154 2321 τοῦτο,
3186 2257 3280 2310 καὶ
3313 2255 3414 2326 τῆς
3445 2255 3724 2324 κολυμϐή-

2135 2348 2272 2419 θρας
2303 2349 2363 2400 τὸ
2396 2347 2539 2418 ὕδωρ
2582 2347 2682 2400 οὑκ
2716 2349 2773 2402 ὲν
2823 2347 2994 2417 ἑτέρῳ
3045 2347 3473 2416 συνεταρὰττετο
3524 2345 3723 2414 καιρῷ,

2133 2441 2232 2512 τὴν
2260 2441 2368 2493 τῶν
2398 2440 2567 2505 ἁγίων
2593 2438 2841 2506 ἀγγέλων
2881 2439 2960 2500 είς
2995 2437 3154 2490 ἑαυτὸ
3183 2440 3446 2506 σημαῖνον
3477 2437 3566 2489 διὰ
3599 2436 3722 2488 τού-

2131 2550 2226 2586 του
2264 2532 2633 2602 καταδρομήν.
2696 2532 2811 2583 Οὑκ
2857 2531 2996 2599 ἔχων
3022 2529 3312 2600 τοιγαροῦν
3355 2531 3384 2582 ό
3412 2528 3723 2598 παράλυτος

2131 2625 2222 2678 τὸν
2254 2626 2334 2687 είς
2361 2624 2422 2675 τὺ
2458 2622 2600 2692 ὕδωρ
2630 2621 3064 2686 ὲξακοντίζοντα,
3101 2620 3239 2690 μετὰ
3273 2620 3368 2673 τοῦ
3404 2621 3723 2689 συνέχοντος

2135 2716 2360 2781 πάθους,
2395 2717 2488 2769 καὶ
2515 2715 2614 2786 τὴν
2647 2715 2755 2767 τῶν
2787 2714 3200 2784 θεραπευόντων
3230 2714 3466 2783 ἐρημίαν
3503 2713 3721 2784 ἐθρήνει

438 2802 614 2872 λέγων
637 2820 652 2836 ⁸
687 2825 703 2858 ι
729 2807 1051 2879 Ἄνθρωπον
1083 2809 1183 2862 οὑκ
1211 2807 1339 2878 ἔχω,
1376 2808 1466 2862 τδν
1495 2810 1574 2872 εἰς
1609 2807 1672 2862 τδ
1714 2809 1858 2880 ὕδωρ
1889 2806 2331 2878 κατακομίζοντα
2379 2807 2600 2877 δηλαδή.
2639 2825 2657 2857 ι
2699 2805 2870 2859 Τοῦτο
2916 2803 3027 2875 γὰρ
3060 2803 3278 2868 πάντως
3311 2806 3458 2874 ὲρεῖν
3500 2821 3560 2857 τε
3626 2805 3721 2862 καὶ

439 2898 828 2969 συμϐουλεύειν
855 2903 1006 2974 αὑτῷ
1036 2905 1406 2975 προσεδόκησε
1427 2905 1518 2958 τὸν
1561 2905 1790 2976 Ἰησοῦν.

505 2993 573 3060 ν,
614 2994 730 3049 8-9.
776 2995 922 3050 Tolle
947 2999 1229 3068 grabatum
1257 3009 1427 3062 tuum,
1459 3009 1506 3054 et
1534 2999 1772 3053 ambula.
1803 2998 1870 3053 Et
1899 3009 2017 3054 sta-

434 3087 531 3139 tim
559 3104 722 3142 sauus
765 3088 940 3157 factus
967 3101 1044 3143 est
1073 3091 1227 3145 homo
1254 3091 1366 3153 ille,
1401 3101 1450 3143 et
1488 3093 1703 3144 sustulit
1731 3091 2016 3160 grabatum

2195 2988 2374 3060 'Apor
2403 2991 2512 3046 τὸν
2547 2977 2885 3058 κράϐδατόν
2916 3004 3065 3056 σου,
3095 2987 3194 3041 καί
3226 2987 3558 3056 περιπάτει.
3605 2989 3719 3042 Kal

2123 3085 2342 3150 εὐθέως
2383 3083 2621 3153 ἐγένετο
2659 3081 2835 3153 ὑγιὴς
2880 3083 2913 3135 ό
2937 3080 3283 3148 ἅνθρωπος,
3332 3079 3429 3132 καὶ
3473 3076 3584 3148 ἦρε
3611 3079 3719 3133 τὸν

433 3192 610 3243 suum,
644 3186 695 3230 et
739 3177 1071 3231 ambulabat.
1115 3177 1250 3232 Erat
1286 3188 1461 3231 autent
1494 3177 1786 3233 Sabbatum
1842 3177 1901 3230 in
1935 3175 2016 3230 die

2124 3175 2454 3245 κράϐϐατον
2480 3175 2670 3228 αὑτοῦ
2688 3215 2703 3239 ,
2748 3173 2846 3226 καὶ
2873 3170 3230 3242 περιεπάτει.
3255 3166 3367 3226 Ἦν
3397 3169 3466 3223 δὲ
3485 3171 3716 3226 Σάϐϐα-

431 3267 548 3321 illo.

501 3354 614 3411 Deo
661 3358 998 3412 conveniens
1024 3365 1112 3413 est
1153 3357 1286 3412 illud
1332 3359 1575 3427 jussum,
1611 3367 1666 3413 et
1697 3358 1918 3414 virtutis
1950 3375 2014 3413 ac

428 3451 728 3519 petestatis
757 3451 1057 3504 humanam
1085 3451 1523 3507 mediocritatem
1550 3451 1867 3508 excedentis
1898 3465 2014 3505 ma-

431 3539 854 3596 nifestissimum
889 3541 1053 3598 habet
1091 3553 1497 3613 argumentum.
1546 3542 1664 3598 Non
1704 3543 1850 3598 enim
1884 3557 2010 3612 pre-

427 3641 590 3684 catur
637 3634 934 3687 sanitatem
992 3651 1158 3705 a‘gro,
1205 3652 1274 3691 ne
1308 3637 1517 3692 sanctis
1557 3637 1832 3706 aliquibus
1882 3650 2012 3706 pro-

428 3724 608 3793 phetis
643 3726 759 3796 ipse
808 3742 1031 3796 quoque
1066 3729 1263 3784 similis
1295 3729 1568 3797 videatur,
1601 3730 1697 3785 sed
1745 3740 2006 3798 tanquam

426 3817 694 3872 virtutum
731 3817 996 3873 Dominus
1035 3835 1134 3891 pro
1160 3829 1292 3875 nutu
1313 3837 1378 3876 ac
1411 3830 1688 3892 potestate
1719 3823 1834 3877 ﬁeri
1868 3837 2002 3892 praes

423 3909 578 3980 cipit,
618 3909 819 3980 jubens
850 3921 909 3965 ut
949 3913 1104 3968 Iretus
1137 3914 1361 3968 domum
1394 3913 1605 3977 redeat,
1635 3921 1690 3968 et
1742 3914 2003 3968 lectulum

419 4002 668 4058 humeris
715 4004 893 4067 tollat,
931 4013 990 4060 ut
1039 4015 1383 4076 spectatores
1436 4006 1702 4061 virtutem
1742 4006 1863 4075 ejus
1910 4006 2005 4076 qui

419 4095 638 4150 sanavit
678 4096 808 4152 inde
851 4098 1197 4168 colligerent.
1247 4096 1415 4154 Iussa
1459 4108 1643 4152 autem
1693 4097 1826 4152 facit
1859 4114 2004 4170 aeger

418 4186 590 4252 illico,
620 4195 675 4242 et
704 4204 801 4258 per
851 4189 1228 4243 obedientiam
1262 4204 1327 4243 ac
1383 4189 1544 4244 ﬁdem
1595 4189 2001 4259 optatissimam

416 4280 524 4334 sibi
566 4281 800 4349 gratiam
834 4281 1120 4336 conciliat.
1153 4281 1433 4347 Quoniam
1475 4289 1656 4336 autem
1707 4281 1761 4336 in
1797 4296 2004 4350 praece-

414 4371 676 4425 dentibus
731 4371 914 4442 ipsum
965 4373 1020 4424 in
1062 4372 1293 4441 liguram
1346 4381 1399 4427 et
1432 4380 1620 4442 typum
1656 4375 1843 4444 populi
1901 4371 1999 4426 Ju-

2121 3285 2227 3322 τον
2255 3268 2325 3320 ἐν
2353 3266 2558 3333 ἐκείνῃ
2600 3263 2674 3331 τῇ
2699 3265 2908 3334 ἡμέρᾳ.

2190 3357 2506 3431 θεοπρεπὲς
2548 3357 2607 3409 τὸ
2639 3355 2950 3424 ἐπίταγμα,
2993 3357 3086 3408 καὶ
3114 3355 3214 3424 τῆς
3245 3355 3388 3424 ὑπὲρ
3416 3354 3714 3426 ἄνθρωπον

2117 3447 2402 3520 δυνάμεώς
2448 3465 2509 3499 τε
2553 3448 2648 3499 καὶ
2697 3446 2944 3511 ἐξουσίας
2994 3446 3400 3516 ἐναργεστάτην
3439 3444 3579 3514 ἔχων
3612 3446 3715 3516 τὴν

2115 3539 2408 3603 ἀπόδειξιν.
2468 3537 2541 3590 Οὑ
2581 3536 2688 3606 γὰρ
2737 3535 3030 3605 ἐπεύχεται
3073 3534 3152 3606 τῷ
3189 3534 3429 3605 κειμένῳ
3471 3537 3573 3604 τῆς
3609 3537 3711 3606 ἀρ-

2117 3631 2350 3704 ρωστίας
2400 3630 2498 3697 τὴν
2531 3627 2683 3680 λύσιν
2705 3667 2719 3691 ,
2765 3627 2854 3681 ἵνα
2885 3627 2960 3698 μὴ
2991 3627 3133 3680 κατά
3157 3643 3309 3690 τινας
3344 3625 3586 3694 φαίνοιτο
3615 3629 3714 3680 καὶ

2111 3723 2276 3786 αὑτὸς
2313 3720 2422 3775 τῶν
2448 3719 2620 3788 ἁγίων
2648 3719 2978 3790 προφητῶν,
3027 3719 3143 3772 ἀλλ’
3173 3718 3249 3781 ὡς
3284 3717 3394 3771 τῶν
3419 3718 3712 3788 δυνάμεων

2111 3816 2317 3886 Κύριος
2364 3810 2792 3878 ὲξουσιαστικῶς
2822 3811 3103 3864 ἐπιτάττει
3130 3809 3416 3878 γενέσθαι,
3445 3810 3709 3880 χαίροντα

2113 3908 2210 3978 μὲν
2243 3907 2426 3960 οἶκαδε
2457 3904 2692 3976 βαδίζειν
2721 3902 2911 3967 εἰπὼν,
2936 3902 3246 3973 ὲπωμάδιον
3271 3902 3326 3956 δὲ
3352 3901 3624 3954 ποιεῖσθαι
3646 3901 3709 3954 τὸ

2108 3998 2360 4051 κλινίδιον
2382 4037 2396 4062 ,
2443 3997 2740 4066 ὑπόμνημα
2779 3993 2879 4062 τῆς
2907 3993 3002 4047 τοῦ
3037 3993 3479 4065 θεραπεύσαντος
3516 3992 3706 4062 ἰσχύος

2105 4090 2216 4151 τοῖς
2240 4087 2438 4158 ὁρῶσιν
2456 4087 2733 4156 ἐσόμενον,
2759 4086 2992 4156 Πράττει
3016 4083 3073 4136 δὲ
3097 4083 3444 4155 παραχρῆμα
3460 4083 3520 4135 τὸ
3544 4099 3707 4154 προσ-

2104 4180 2303 4250 ταχθὲν
2325 4183 2353 4233 ὁ
2373 4178 2565 4242 νοσῶν,
2586 4179 2680 4230 καὶ
2701 4178 2768 4230 δι’
2799 4177 3069 4246 ὑπακοῆς,
3094 4178 3189 4231 καὶ⁹
3211 4176 3448 4238 πίστεως
3467 4176 3566 4246 τὴν
3592 4192 3706 4245 τρι-

2104 4271 2341 4343 πόθητον
2368 4270 2546 4341 ἑαυτῷ
2578 4269 3026 4342 πραγματεύεται
3049 4269 3232 4339 χάριν.
3275 4267 3492 4337 Ἐπειδὴ
3521 4269 3580 4322 δὲ
3612 4268 3703 4320 διὰ

2102 4363 2211 4416 τῶν
2241 4362 2624 4435 προλαϐόντων
2666 4363 2748 4424 είς
2782 4361 2965 4414 εἰκόνα
2994 4361 3088 4414 καὶ
3117 4360 3288 4413 τύπον
3315 4359 3411 4429 τῆς
3434 4360 3546 4413 τῶν
3571 4361 3707 4413 Ἰου-

415 4461 561 4515 daiei
596 4462 954 4530 protulimus,
984 4465 1143 4531 quasi
1179 4463 1234 4516 in
1277 4462 1488 4516 ultimis
1522 4465 1864 4533 temporibus
1909 4477 1998 4517 sa-

2124 4458 2265 4509 ἰαίων
2299 4453 2539 4526 πληθύος
2563 4453 2727 4508 αὑτὸν
2757 4454 3126 4523 εἰσηγάγομεν
3145 4491 3158 4515 ,
3213 4453 3288 4515 ὡς
3317 4449 3620 4521 μελλούσης
3642 4452 3703 4505 ἐν

418 4551 584 4604 nandi
621 4570 633 4605 :
665 4551 920 4622 agedum,
955 4567 1152 4608 rursus
1187 4554 1566 4624 excogitemus
1611 4556 1818 4625 aliquid
1850 4555 2000 4624 quod

412 4642 695 4711 prioribus
751 4644 864 4698 illis
916 4643 1210 4698 sententiis
1262 4645 1610 4714 respondeat.
1651 4649 1710 4701 ln
1755 4645 2000 4700 Sabbato

412 4734 670 4792 Christus
698 4735 974 4790 hominem
1005 4748 1186 4800 sanat,
1222 4747 1475 4792 sanatum
1507 4755 1638 4794 vero
1674 4739 1864 4794 statim
1897 4739 1998 4793 ob-

411 4827 782 4881 servationem
816 4827 1047 4897 legalem
1084 4828 1299 4885 solvere
1334 4831 1512 4902 jubet,
1564 4833 1811 4888 suadens
1847 4838 1908 4883 ut
1941 4831 1995 4884 in

412 4913 656 4970 Sabbato
690 4918 796 4971 iter
846 4917 1043 4985 faciat,
1077 4920 1240 4990 idque
1294 4923 1496 4978 lectulo
1547 4932 1832 4985 oneratus,
1869 4920 1998 4974 licet

411 5019 602 5079 aperte
639 5012 841 5066 clamet
883 5013 1088 5069 alicubi
1147 5032 1244 5086 per
1275 5032 1444 5072 unum
1498 5024 1819 5072 sanctorum
1865 5029 1997 5084 pro-

409 5103 699 5173 phelarum
733 5102 878 5159 Deus
911 5125 923 5160 :
960 5126 978 5158 ι
1017 5107 1202 5180 Neque
1237 5108 1602 5181 exportabitis
1633 5107 1720 5162 die
1766 5106 1990 5162 Sabbati

407 5193 656 5262 pondera
688 5208 718 5247 e
749 5192 1008 5253 domibus
1039 5201 1324 5256 vestris”.
1355 5220 1373 5252 ι
1406 5198 1596 5270 Neque
1624 5214 1758 5253 vero
1785 5199 1991 5254 dixerit

406 5285 665 5354 quisquis
698 5302 846 5341 same
871 5305 1103 5361 usquam
1149 5294 1222 5347 sit
1255 5293 1479 5354 mentis,
1514 5290 1679 5360 209
1711 5292 1988 5347 hominem

403 5377 560 5432 illum
608 5377 924 5436 divinorum
987 5386 1372 5439 mandatorum
1430 5383 1586 5437 reddi
1643 5393 1990 5455 contempto-

401 5482 518 5521 rem
553 5485 566 5521 :
601 5469 858 5528 Christus
897 5477 1041 5529 enim
1078 5479 1229 5532 velut
1280 5476 1334 5529 in
1389 5469 1520 5544 typo
1549 5473 1757 5531 Iudaeis
1800 5487 1990 5532 osten-

403 5555 566 5611 debat
592 5575 688 5614 eos
719 5563 940 5630 quidem
979 5576 1239 5621 sanatum
1279 5566 1346 5619 iri
1387 5581 1483 5636 per
1513 5567 1884 5624 obedientiam
1927 5587 1990 5625 ac

407 5644 565 5704 iidem
625 5647 677 5702 in
714 5655 977 5710 extremis
1014 5656 1202 5710 szeculi
1247 5656 1586 5726 temporibus
1631 5675 1643 5711 :
1680 5657 1782 5714 hoc
1825 5661 1970 5715 enim

497 5818 540 5855 ⁸³
568 5825 774 5890 lercm.
816 5847 954 5898 xvu,
983 5832 1076 5892 2|.

2106 4549 2354 4618 ὑστέροις
2388 4545 2788 4618 θεραπεύεσθαι
2812 4548 3024 4616 καιροῖς
3045 4561 3060 4576 ο
3082 4544 3214 4614 φέρε
3240 4544 3302 4614 δή
3321 4561 3374 4596 τι
3397 4543 3560 4598 πάλιν
3579 4545 3705 4596 ἐπι.

2107 4642 2390 4711 νοήσωμεν
2418 4644 2539 4703 ταῖς
2570 4641 2651 4702 εἰς
2690 4637 2850 4692 τοῦτο
2883 4638 3179 4708 συμϐαῖνον
3222 4637 3453 4700 ἐννοίαις
3497 4636 3698 4690 ἀναλό-

2104 4753 2218 4804 γως
2241 4739 2353 4798 τοῖς
2387 4735 2905 4805 προεξητασμένοις.
2949 4735 3034 4786 Ἐν
3070 4733 3332 4804 Σαϐϐάτῳ
3363 4731 3454 4786 τὸν
3483 4733 3698 4804 ἄνθρω-

2105 4846 2206 4884 πον
2235 4827 2446 4897 ὑγιάζει
2480 4827 2744 4897 Χριστος,
2771 4824 3100 4894 ὑγιασθέντα
3128 4825 3185 4877 δὲ
3220 4825 3564 4895 παραχρῆμα
3593 4824 3695 4895 τὴν

2104 4921 2336 4992 νομικὴν
2387 4920 2663 4973 ἐπιτάττει
2721 4917 3022 4989 παραλύειν
3072 4917 3399 4988 συνήθειαν,
3453 4933 3695 4986 περιπα-

2101 5015 2216 5066 τεῖν
2245 5011 2555 5066 ἀναπείθων
2588 5012 2648 5064 ὲν
2676 5009 2974 5080 Σαϐϐάτῳ,
3021 5009 3115 5062 καὶ
3151 5008 3312 5061 τοῦτο
3341 5007 3417 5079 τῷ
3447 5009 3694 5078 κλινιδίῳ

2099 5105 2562 5177 πεφορτισμένον,
2602 5104 2776 5158 καίτοι
2809 5101 3106 5175 διαρρήδην
3144 5099 3375 5170 βοῶντος
3424 5101 3521 5156 τοῦ
3552 5102 3693 5155 Θεοῦ

2099 5199 2165 5252 δι’
2211 5199 2330 5262 ἑνός
2363 5214 2468 5250 που
2508 5195 2617 5250 τῶν
2655 5195 2824 5263 ἁγίων
2865 5193 3199 5264 προφητῶν·
3264 5210 3284 5243 ι
3315 5194 3425 5246 Καὶ
3456 5194 3558 5246 οὐκ
3603 5193 3697 5260 ἐξ-

2098 5291 2273 5344 οίσετε
2319 5290 2680 5360 βαστάγματα
2728 5287 2788 5351 ἐξ
2831 5285 3019 5340 οἰκιῶν
3058 5286 3213 5356 ὑμῶν
3260 5289 3326 5358 τῇ
3369 5286 3556 5357 ἡμέρα
3593 5286 3693 5340 τοῦ

2099 5384 2402 5438 Σαόὁάτου.
2435 5402 2453 5434 ι
2503 5382 2611 5434 Καὶ
2640 5381 2698 5433 οὑ
2743 5381 2808 5450 δή
2856 5396 2959 5432 που
3001 5378 3227 5448 φήσειεν
3270 5379 3337 5432 ἄν
3365 5396 3478 5446 τις,
3530 5381 3591 5443 ὃς
3626 5397 3693 5448 γε

2101 5475 2443 5546 σωφρονοίη,
2493 5473 2910 5544 καταφρονητήν
2962 5487 3124 5534 τινα,
3179 5471 3271 5524 καὶ
3320 5469 3534 5541 ὲξήνιον
3581 5473 3694 5523 τῶν

2099 5569 2258 5623 θείων
2279 5567 2630 5640 ὲνταλμάτων
2668 5565 3049 5621 ἀποτελεῖσθαι
3076 5565 3166 5618 τὸν
3209 5565 3520 5634 ἄνθρωπον
3565 5565 3690 5618 ἀλλ’

2083 5661 2158 5726 ὼς
2195 5663 2251 5718 ὲν
2292 5659 2445 5732 τύπῳ
2478 5663 2588 5724 τοῖς
2638 5658 2910 5722 Ἰουδαίοις
2953 5657 3187 5730 φανερὸν
3224 5657 3397 5710 ἐποίει
3423 5657 3686 5737 Χριστὸς,
