4052 6542
391 400 496 455 3M
1468 410 1536 464 ΙΝ
1577 408 1868 466 ΙΟΑΝΝιὸ
1893 407 2351 465 EVANGELIUM
2388 409 2516 465 LIB.
2550 408 2617 464 ll.
3584 365 3754 468 fit?"

387 516 481 570 ὅτι
514 517 1023 590 θεραπευθήσονται
1064 523 1162 594 μὲν
1202 524 1268 579 δι’
1315 527 1565 598 ύπακοῆς
1605 528 1697 583 καὶ
1751 526 1972 589 πίστεως

2092 526 2338 581 arbitror
2360 527 2680 596 signiﬁcare
2711 525 3046 598 Sabbatum,
3069 529 3168 601 qui
3196 529 3318 588 dies
3347 538 3434 588 est
3458 530 3692 589 ultimus

386 610 452 664 ὲν
482 608 734 681 ἐσχάτοις
777 612 875 666 τοῦ
931 614 1128 679 αἰῶνος
1168 621 1415 691 καιροῖςο
1469 621 1630 675 τοῦτο
1672 621 1783 690 γάρ
1834 615 1966 690 οἵμα

2099 618 2488 676 hebdomadis.
2519 619 2626 675 Per
2661 618 2824 675 ﬁdem
2864 636 2997 679 vero
3029 630 3260 681 sanatos
3291 631 3347 680 et
3378 626 3433 679 in
3470 625 3690 681 novita-

385 703 455 757 τὸ
499 703 785 760 Σάδδατον
824 706 1044 779 δηλοῦν,
1074 710 1396 767 τελευταίαν
1424 708 1591 769 οὖσαν
1625 715 1725 784 τῆς
1756 713 1972 784 ἑϐδομά-

2096 721 2204 769 tem
2229 713 2358 770 vitae
2383 711 2714 768 reformatus
2736 714 2937 771 litterae
2963 716 3188 786 quidem
3216 718 3409 791 legalis
3443 726 3689 775 vetusta-

382 796 481 862 δος
501 799 737 869 ἡμέραν.
779 801 1203 874 Κομισαμένους
1225 805 1283 860 δὲ
1314 806 1464 873 ἅπαξ
1493 806 1592 878 τὴν
1627 807 1717 861 διὰ
1748 807 1972 869 πίστεως

2097 811 2203 857 tem
2235 818 2464 859 necesse
2485 811 2572 859 est
2599 804 2864 874 abjicere,
2898 816 2954 863 et
2979 810 3190 865 cultum
3221 811 3467 882 typicum
3502 814 3685 883 repel-

383 889 732 961 θεραπείαν,
769 894 864 949 καὶ
902 898 1000 960 ,εἰς
1053 900 1353 969 καινότητα
1406 900 1972 974 μεταρῤυθμισθέντας

2092 893 2228 949 lere.
2256 893 2399 949 Hinc
2425 894 2720 951 occasione
2752 905 2997 967 sumpta,
3023 899 3246 956 beatum
3275 917 3500 973 quoque
3539 901 3686 957 Pau-

383 983 560 1054 ζωῆς,
595 983 696 1057 τὴν
732 985 834 1057 μὲν
881 987 975 1042 τοῦ
1020 990 1247 1062 νομικοῦ
1278 993 1611 1067 γράμματος
1644 993 1972 1064 παλαιότητα

2094 985 2208 1039 lum
2240 985 2441 1056 Opinor
2472 986 2767 1057 scripsisse
2792 988 2865 1045 iis
2890 990 2989 1058 qui
3017 999 3142 1061 post
3181 992 3341 1050 tidem
3365 1002 3683 1064 susceptam

381 1077 521 1147 παρ’
555 1077 712 1131 οὐδὲν
758 1079 974 1152 ἀνάγκη
1032 1084 1347 1150 ποιεῖσθαι,,
1375 1085 1761 1157 παραιτεῖσθαι
1793 1085 1852 1139 δὲ
1887 1083 1972 1156 rip.

2092 1089 2452 1136 revertuntur
2479 1080 2550 1137 ad
2577 1081 2753 1153 legem
2780 1100 2796 1138 :
2832 1101 2852 1135 ι
2891 1083 3031 1139 Dico‘
3046 1094 3232 1140 autem
3265 1087 3423 1143 vobis
3444 1087 3598 1159 quia,
3632 1087 3682 1143 si

378 1170 462 1235 ὡς
490 1173 551 1226 ἐν
583 1174 765 1236 σκιαῖς
792 1173 1167 1248 αἰνιγματώδη
1193 1176 1472 1250 λατρείαν.
1517 1176 1803 1233 Ἐντεῦθεν
1828 1172 1972 1248 οἶμαι

2089 1171 2594 1240 circumcidamini,
2625 1172 2886 1230 Christus
2935 1174 3097 1231 vobis
3144 1176 3283 1232 nihil
3334 1175 3616 1247 proderit;
3660 1195 3678 1227 ι

378 1261 622 1317 λαϐόντα
664 1262 761 1318 τοῦ
813 1264 973 1334 λόγου
1019 1267 1121 1330 τὰς
1166 1268 1426 1339 ἀφορμὰς
1451 1268 1547 1321 καὶ
1575 1268 1671 1322 τὸν
1709 1266 1972 1338 μακάριον

2089 1262 2254 1317 item:
2288 1282 2308 1315 ‹
2340 1262 2603 1318 Evacuati
2634 1265 2770 1322 estis
2798 1281 2827 1320 a
2852 1264 3101 1334 Christo,
3134 1267 3233 1340 qui
3256 1267 3314 1323 in
3345 1268 3469 1339 lege
3512 1266 3683 1337 justi-

375 1357 693 1412 ὲπιστεῖλαι
742 1359 958 1413 Παῦλον
1003 1361 1118 1424 τοῖς
1165 1360 1308 1433 μετὰ
1334 1361 1433 1433 τὴν
1475 1362 1661 1416 πίστιν
1688 1359 1972 1429 παλινδρο-

2087 1354 2354 1421 licamini,
2391 1369 2422 1408 a
2445 1355 2625 1426 gratia
2658 1356 2950 1415 excidistis
2978 1360 3046 1413 ".
3086 1377 3107 1411 ι

380 1450 585 1521 μοῦσιν
613 1454 711 1508 ἐπὶ
731 1455 824 1508 τὸν
852 1456 1045 1525 νόμον·
1120 1474 1137 1506 ι
1169 1456 1330 1524 Λέγω
1364 1456 1424 1511 δὲ
1454 1456 1607 1527 ὑμῖν,
1680 1457 1764 1511 ὅτι
1826 1454 1924 1508 ἐὰν
1982 1447 2424 1519 περιτέμνησθε,
2471 1449 2710 1520 Χριστὸς
2758 1450 2905 1522 ὑμᾶς
2955 1451 3109 1508 οὐδὲν
3156 1450 3454 1526 ὠφελήσει·
3512 1473 3533 1507 ι
3588 1456 3683 1510 καὶ

375 1546 585 1600 πάλιν·
634 1566 653 1599 ι
699 1548 1108 1621 Κατηργήθητε
1164 1549 1275 1604 ἀπὸ
1327 1549 1600 1621 Χριστοῦ,
1660 1550 1861 1612 οἵτινες
1911 1547 1970 1598 ὲν
2007 1541 2158 1613 νόμῳ
2186 1539 2520 1608 δικαιοῦσθε,
2552 1540 2656 1612 τῆς
2692 1542 2912 1613 χάριτος
2950 1543 3268 1609 ἐξεπέσατε.
3304 1564 3325 1598 ι

453 1643 721 1709 Ἔλεγον
756 1635 872 1696 οὖν
906 1643 962 1696 οι
1020 1640 1300 1697 Ἰουδαῖοι
1335 1641 1419 1708 τῷ
1449 1639 1939 1712 τεθεραπευμένῳ
1956 1656 1971 1671 ⁹

2154 1631 2225 1700 γ,
2261 1631 2348 1686 10.
2391 1631 2651 1687 Dicebant
2675 1650 2800 1705 ergo
2831 1633 3017 1691 Judwi
3046 1636 3131 1690 illi
3165 1638 3257 1707 qui
3294 1647 3522 1694 senatus
3556 1640 3680 1710 fue-

375 1708 693 1789 Σιίϐὄατόν
742 1733 911 1803 ἐστι,
970 1734 1071 1788 καί
1120 1736 1234 1789 οὐκ
1278 1734 1489 1800 ἔξεστι
1535 1708 1637 1790 σοι
1874 1731 1972 1786 τὸν

2087 1734 2174 1780 rat
2203 1742 2221 1780 :
2256 1724 2552 1783 Sabbatum
2581 1735 2683 1793 est,
2728 1743 2833 1783 non
2882 1726 3005 1782 licet
3038 1727 3134 1782 tibi
3169 1728 3358 1785 tollere
3390 1708 3681 1802 grabatum

372 1824 719 1895 κριίόϐατόν
755 1841 897 1881 σου.

461 1916 920 1988 Ἐπικαιρότατον
973 1912 1127 1990 οἶμαι
1165 1917 1295 1991 βοᾷν
1352 1918 1447 1972 ἐπὶ
1493 1916 1739 1981 τούτοις”
1777 1934 1798 1968 ι
1848 1902 1981 1969 ’Ἰδοὺ

378 2006 509 2069 λαὸς
534 2008 744 2080 μωρὸς,
780 2010 879 2063 καὶ⁸
914 2010 1177 2082 ἀκάρδιος
1197 2023 1211 2039 ⁸
1248 2008 1524 2081 ὀφθαλμοὶ
1552 2010 1759 2075 αὐτοῖς,
1789 2007 1885 2062 καὶ⁵
1917 2007 1979 2060 οὐ

383 2096 662 2167 βλέπουσι.
705 2117 724 2151 ι
758 2100 824 2153 Τί
866 2100 976 2173 γὰρ
1025 2100 1093 2156 ἂν
1134 2101 1350 2171 γένοιτο
1384 2100 1496 2154 τῶν
1519 2099 1779 2155 τοιούτων
1811 2099 1981 2154 άπαι-

374 2188 727 2261 δευτότερον,
763 2190 797 2262 ἢ
844 2192 898 2246 τί
947 2192 1084 2264 πρὸς
1129 2191 1490 2262 ἀναισθησίαν
1531 2191 1592 2244 τὸ
1633 2189 1820 2262 μεῖζον
1853 2202 1869 2252 ;
1904 2188 1979 2242 Τὸ

375 2281 482 2353 μὲν
512 2282 626 2354 γὰρ
671 2283 757 2337 ὅτι
802 2285 1074 2356 προσήκει
1125 2284 1430 2356 θαυμάζειν
1482 2282 1703 2348 αὐτοὺς,
1746 2282 1847 2354 τὴν
1877 2280 1975 2334 τοῦ

370 2376 823 2448 θεραπεύσαντος
858 2375 1091 2448 δύναμιν
1135 2378 1196 2432 ού
1223 2377 1468 2448 δέχονται
1500 2376 1645 2431 κατὰ
1683 2374 1811 2429 νοῦν
1835 2389 1850 2405 ’
1884 2389 1975 2427 πι-

369 2467 502 2538 κροὶ
533 2466 593 2520 δὲ
626 2466 782 2530 ὄντες
823 2468 1173 2539 ὲπιτιμηταὶ,
1225 2469 1321 2531 καὶ
1365 2468 1528 2538 μόνον
1579 2467 1784 2531 εἰδότες
1815 2464 1979 2519 τοῦτο

367 2555 594 2621 καλῶς,
649 2556 1006 2628 παρανομίας
1073 2557 1383 2629 ἐγκλήματι
1437 2556 1832 2629 περιϐάλλουσι
1881 2554 1975 2608 τὸν

364 2648 501 2717 ἄρτι
533 2647 628 2701 καὶ
657 2646 814 2716 μόλις
836 2645 939 2717 τῆς
973 2649 1196 2719 μακρᾶς
1238 2647 1596 2717 άνακύψαντα
1634 2645 1815 2711 νόσου,
1855 2644 1973 2698 κεί-

367 2737 501 2793 σθαι
546 2738 605 2792 δὲ
643 2739 807 2793 πάλιν
849 2738 1233 2794 ἐπιτάττουσιν
1273 2738 1534 2809 ἀμαθῶς,
1576 2737 1652 2802 ὡς
1681 2737 1776 2792 καὶ
1805 2738 1863 2789 ὲν
1892 2734 1975 2806 τῷ

365 2833 576 2904 χρῆναι
627 2833 806 2886 νοσεῖν
856 2829 958 2901 τῆς
1015 2833 1098 2896 είς
1153 2832 1215 2885 τὸ
1260 2830 1540 2886 Σάϐϐατον
1581 2828 1977 2901 πληρουμένης

364 2928 560 2997 τιμῆς.

452 3015 516 3069 '0
556 3016 627 3071 δὲ
656 3017 951 3087 ἀπεκρίθη
989 3014 1198 3080 αὐτοῖς
1227 3031 1240 3045 ·
1289 3015 1352 3068 '0
1395 3012 1662 3082 ποιήσας
1686 3030 1764 3083 με
1800 3011 1965 3082 ὺγιῆ,

363 3108 607 3177 ἐκεῖνός
634 3127 740 3181 μοι
765 3107 967 3166 εἶπεν·
993 3104 1183 3177 'Apor
1208 3107 1316 3162 τὸν
1336 3106 1673 3176 κράὄϐατόν
1695 3120 1836 3173 σου,
1872 3104 1973 3159 καὶ

366 3203 703 3272 περιπάτει.
748 3188 1095 3273 Ἠρώτηιτγαῶ¹
1127 3197 1243 3258 οὖν
1270 3201 1479 3255 αὐτόν.

442 3294 779 3368 Σοφωτάτην
821 3297 848 3350 ό
897 3296 1058 3366 λόγος
1098 3293 1282 3349 ὠδίνει
1328 3291 1427 3365 τὴν
1469 3289 1714 3355 ἔννοιαν,
1751 3291 1975 3360 καὶτῆς

380 3386 657 3442 Ἰουδαίων
700 3387 1037 3460 δυστροπίας
1081 3387 1549 3459 ἀποκρουστικήν.
1605 3380 1825 3455 Ἐπειδὴ
1861 3380 1975 3453 γὰρ

367 3477 472 3531 οὐκ
496 3476 712 3542 ἔξεστιν
744 3479 804 3531 ὲν
847 3476 1115 3549 Σαῦὃάτῳ
1140 3520 1154 3545 ,
1196 3477 1382 3548 φησὶν,
1421 3475 1605 3531 οἴκαδε
1636 3476 1738 3549 τὴν
1779 3474 1973 3545 κλίνην

370 3571 564 3625 ἑλόντα
625 3570 909 3642 βαδίζειν,
969 3571 1315 3643 παρανομίας
1371 3567 1450 3640 τῷ
1508 3568 1974 3641 τεθεραπευμένῳ

371 3665 678 3737 ράπτοντες
722 3666 980 3737 γραφὴν,
1027 3665 1345 3733 ἀναγκαίως
1397 3664 1583 3726 αὐτοῖς
1633 3661 1973 3734 γοργοτὲραν

371 3755 665 3824 ἀντεξάγει
713 3755 814 3824 τὴν
845 3752 1176 3823 ἀπολογίαν,
1220 3755 1428 3806 ἐκεῖνον
1461 3749 1612 3823 αὐτῷ
1646 3752 1972 3822 περιπατεῖν

369 3846 693 3901 ἐντετάλθαι
752 3845 964 3915 λέγων,
1026 3843 1086 3908 ὃς
1137 3844 1231 3897 καὶ
1291 3842 1393 3914 τῆς
1439 3842 1630 3912 ὑγείας
1688 3839 1970 3913 ἀνεδείχθη

368 3938 558 4011 δοτὴρ,
591 3937 753 4008 μόνον
783 3936 841 3991 δὲ
864 3937 988 4007 οὐχὶ
1032 3934 1278 3989 τοιοῦτόν
1309 3935 1363 3988 τί
1393 3951 1560 4005 φησιν
1580 3949 1594 3963 '
1651 3932 1973 4013 ’AEtoloydi-

369 4047 555 4095 τατον,
583 4021 631 4083 ὦ
663 4020 813 4083 οὗτοι
832 4069 846 4094 ,
878 4026 1023 4101 φημὶ
1053 4027 1190 4099 πρὸς
1213 4025 1273 4081 τὸ
1306 4026 1506 4098 χρῆναι
1535 4025 1836 4096 τιμᾶσθαι,
1879 4025 1973 4079 καὶ¹

366 4122 562 4177 λυπεῖν
595 4122 909 4176 ἐπιτάττειν
945 4119 1047 4185 τὰς
1093 4118 1189 4173 τοῦ
1248 4118 1531 4174 Σαϐϐάτου
1581 4117 1771 4189 τιμὰς,
1804 4119 1899 4173 τὸν

367 4214 611 4286 τοσαύτη
646 4214 943 4286 πρόσεστιν
980 4212 1167 4283 ἰσχὺς,
1220 4211 1337 4265 ἔστι
1381 4212 1476 4266 καὶ
1524 4213 1720 4283 χάρις,
1769 4210 1844 4276 ὡς
1873 4210 1973 4283 τὴν

367 4302 508 4374 ἐμὴν
535 4299 794 4369 ἐξελάσαι
824 4300 1001 4357 νόσον.
1038 4300 1103 4354 Εί
1133 4298 1244 4372 γὰρ
1266 4298 1363 4354 τοῦ
1393 4301 1649 4372 τυχόντος
1679 4300 1796 4353 ἐστὶ
1821 4300 1880 4352 τό
1915 4302 1973 4353 ὲν

2000 3055 2047 3112 C

2086 1824 2257 1869 tuum.

2156 1903 2328 1961 Valde
2373 1914 2708 1976 opportune,
2749 1914 2811 1961 ut
2844 1923 2988 1972 reor,
3023 1908 3118 1964 hic
3158 1910 3331 1967 nobis
3360 1912 3707 1970 exclaman—‘

2083 1996 2215 2053 dum
2255 2004 2342 2055 est
2369 2015 2382 2050 :
2415 1998 2607 2055 «.Ecce
2638 2001 2877 2070 populus
2911 2000 3116 2057 stultus
3138 2013 3194 2058 et
3220 2017 3416 2060 vecors
3459 2021 3473 2056 :
3526 2006 3677 2061 oculi

2083 2098 2216 2148 sunt
2263 2091 2424 2162 ipsis,
2456 2099 2513 2148 et
2558 2107 2670 2147 non
2706 2092 2896 2148 vident
2913 2093 2981 2146 ".
3021 2114 3041 2147 ι
3070 2094 3215 2161 Quid
3243 2096 3393 2151 enim
3433 2096 3523 2153 his
3554 2107 3677 2154 stu--

2080 2182 2272 2254 pidius
2300 2192 2395 2238 aut.
2437 2182 2678 2239 inertius
2716 2196 2842 2239 esse
2882 2184 3103 2254 potest?
3128 2183 3249 2240 Non
3290 2187 3436 2241 enim
3464 2186 3678 2243 intelli-

2081 2283 2220 2346 gunt
2249 2274 2668 2345 suspiciendam
2705 2275 2812 2331 sibi
2832 2290 2957 2332 esse
2981 2276 3093 2331 vim
3121 2284 3178 2333 et
3202 2275 3532 2348 potestatem
3550 2279 3676 2350 ejus

2078 2368 2177 2440 qui
2213 2368 2471 2425 sanavit:
2507 2367 2606 2426 sed
2638 2367 2745 2423 hoc
2774 2382 2948 2423 unum
2991 2369 3202 2435 sciunt,
3234 2370 3439 2426 acerbe
3491 2371 3676 2427 incre-

2079 2474 2235 2531 pare,
2266 2458 2515 2530 adeoque
2528 2458 2752 2515 violatae
2776 2459 2919 2531 legis
2949 2460 3164 2516 crimen
3192 2460 3472 2516 intentant
3498 2462 3551 2518 ei
3574 2462 3673 2534 qui

2077 2567 2277 2609 recens
2300 2566 2366 2607 ac
2393 2552 2488 2609 vix
2516 2552 2785 2608 diuturno
2811 2552 3005 2609 morbo
3037 2553 3258 2609 solutus
3284 2551 3487 2621 fuerat,
3511 2568 3672 2610 eum-

2075 2659 2185 2717 que
2217 2658 2441 2700 rursum
2461 2643 2800 2700 decumbere
2832 2644 3001 2701 stulte
3033 2645 3389 2715 praecipiunt,
3421 2645 3586 2715 quasi
3613 2646 3673 2701 in

2075 2737 2381 2811 aagrotandi
2411 2736 2754 2794 necessitate
2790 2730 3025 2794 Sabbati
3054 2738 3238 2795 honor
3268 2740 3577 2795 consistat.

2148 3003 2217 3073 ν,
2242 3006 2331 3063 it.
2372 3006 2474 3063 Ille
2512 3018 2694 3065 autem
2734 3008 3008 3078 respondit
3038 3008 3116 3063 eis
3153 3023 3171 3063 :
3205 3005 3313 3075 Qui
3345 3022 3425 3061 me
3468 3022 3667 3061 sanum

2077 3098 2224 3169 fecit,
2255 3100 2346 3154 ille
2375 3101 2503 3155 mihi
2538 3101 2718 3156 dixit:
2748 3100 2899 3156 Tolle
2937 3099 3227 3173 grabatum
3258 3110 3430 3166 tuum,
3463 3109 3515 3155 et
3547 3116 3665 3155 am-

2078 3191 2226 3246 bula.
2263 3190 2735 3264 Inlerrogaverunt
2762 3209 2886 3264 ergo
2919 3210 3059 3249 eum.

2148 3284 2634 3356 Sapientissimam
2675 3288 2794 3341 haec
2825 3286 2993 3342 verba
3038 3285 3377 3343 sententiain
3419 3284 3666 3357 pariunt,

2075 3393 2187 3450 qua
2216 3374 2540 3433 Iudaeorum
2577 3378 2921 3449 perversitas
2966 3376 3303 3448 exploditur.
3339 3375 3479 3432 Cum
3514 3376 3667 3431 enim

2075 3471 2268 3529 dicant
2307 3486 2418 3527 non
2449 3470 2619 3529 licere
2644 3471 2701 3526 in
2741 3467 3012 3537 Sabbato,
3044 3469 3263 3529 sublato
3283 3470 3540 3544 grabato.
3569 3468 3673 3527 do-

2076 3579 2227 3620 mum
2257 3564 2557 3636 prolicisci,
2582 3564 3065 3637 praevaricationis
3088 3565 3296 3621 crimen
3316 3565 3365 3620 ei
3391 3568 3485 3635 qui
3507 3579 3672 3620 sanas

2077 3664 2170 3711 tus
2199 3655 2381 3711 fuerat
2405 3657 2773 3723 intentantes,
2794 3655 3119 3711 necessario
3150 3655 3238 3712 his
3274 3655 3550 3712 acriorem
3571 3655 3669 3711 de-

2077 3748 2389 3804 fensionem
2404 3749 2655 3820 opponit,
2676 3749 2870 3805 dicens
2888 3748 3071 3804 abillo
3094 3764 3153 3805 se
3172 3747 3492 3804 ambulandi
3513 3762 3673 3803 man-

2076 3841 2266 3895 datum
2300 3843 2609 3911 accepisse,
2639 3856 2670 3896 a
2701 3856 2810 3911 quo
2838 3841 3133 3898 sanitatem
3154 3841 3321 3897 etiam
3354 3841 3587 3912 accepit,
3615 3852 3672 3897 et

2077 3932 2396 3989 istiusniodi
2426 3933 2688 4003 quiddam
2725 3941 2941 3988 tantum
2967 3948 3077 3988 non
3109 3931 3187 3986 ait
3212 3948 3226 3986 :
3249 3932 3536 3987 Summam
3570 3949 3671 3989 au-

2075 4025 2392 4082 ctoritatem
2445 4040 2558 4095 qua
2604 4023 2908 4079 Sabbatum
2961 4023 3128 4094 210
3163 4023 3272 4079 coli
3320 4032 3417 4079 aut
3469 4024 3669 4081 violari

2073 4118 2268 4189 jubeat
2301 4118 2359 4172 in
2401 4131 2470 4172 co
2511 4132 2636 4173 esse
2674 4116 2823 4179 dico,
2870 4116 2961 4171 cui
3014 4123 3167 4171 tanta
3207 4116 3291 4171 vis
3325 4116 3472 4173 inest
3502 4124 3671 4189 atque

2075 4209 2274 4283 gratia,
2301 4217 2362 4264 ut
2393 4223 2578 4264 meum
2616 4209 2870 4264 morbum
2903 4207 3170 4279 abegerit.
3197 4204 3337 4262 Nam
3375 4209 3422 4265 si
3453 4224 3516 4264 ea
3547 4209 3668 4267 laus

2079 4319 2111 4356 a
2132 4301 2331 4371 quovis
2355 4300 2538 4356 aliena
2584 4307 2692 4365 est,
2722 4299 3036 4370 virtutique
3073 4314 3139 4355 ac
3172 4300 3437 4371 potestati
3468 4300 3670 4358 divina!

366 4394 581 4458 τούτοις
636 4391 965 4463 διαπρέπειν
1011 4392 1331 4464 ἀλλότριον,
1381 4392 1613 4464 ἁρμόσει
1664 4390 1722 4444 δὲ
1771 4390 1971 4461 μᾶλλον

2087 4396 2363 4459 convenit,
2403 4393 2686 4464 quomodo
2718 4408 2782 4448 ea
2821 4392 3064 4460 excidet,
3103 4392 3306 4465 inquit,
3342 4393 3435 4465 qui
3471 4409 3670 4466 opera-

366 4483 632 4558 ἐνεργείᾳ
670 4484 765 4537 καὶ
803 4482 1034 4554 δυνάμει
1074 4483 1403 4554 θεοπρεπεῖ,
1449 4482 1568 4546 πῶς
1600 4481 1669 4537 ἂν
1709 4482 1967 4554 ἁμάρτοι,

367 4580 559 4651 φησὶν,
604 4577 636 4630 ό
681 4576 888 4631 τούτων
921 4575 1192 4648 ὲργάτης;
1223 4577 1257 4647 ἢ
1307 4575 1427 4641 πῶς
1471 4574 1539 4630 ἂν
1563 4576 1625 4629 ού
1650 4574 1871 4640 πάντως
1902 4576 1971 4631 τὰ

2087 4579 2241 4645 ςυιοι,
2278 4578 2374 4649 qui
2396 4578 2589 4634 divina
2616 4585 2897 4649 potestate
2930 4576 3199 4648 praeditus
3229 4578 3354 4634 est?
3380 4576 3439 4633 In
3476 4594 3537 4635 se
3563 4578 3699 4665 ita:

365 4666 752 4742 κεχαρισμένα
785 4667 909 4739 Θεῷ
954 4667 1409 4740 συμδουλεύσειεν
1452 4668 1481 4721 ό
1532 4667 1816 4740 θεοπρεπῆ
1870 4666 1971 4738 τὴν

364 4763 601 4835 δύναμιν
641 4763 823 4833 exuri;
861 4760 1067 4833 Τρέφει
1118 4761 1300 4818 τοίνυν
1345 4762 1404 4817 ὲν
1456 4761 1639 4834 ἐαυτῷ
1690 4760 1897 4833 πικρὰν
1943 4762 1974 4816 ό

364 4857 528 4927 λόγος
555 4855 658 4926 τὴν
679 4854 944 4925 ἔμφασιν.
1904 4850 1905 4853 “

441 4950 545 5015 Τις
572 4948 750 5003 ἐστιν
776 4950 809 5003 ὁ
837 4948 1152 5016 ἄνθρωπος
1188 4949 1221 5000 ό
1264 4946 1449 5002 ειπών
1478 4964 1577 5003 σοι
1600 4965 1613 4979 ·
1644 4943 1833 5018 Ἆρον
1864 4946 1973 5003 τὸν

366 5041 712 5112 κράδϐατόν
739 5054 882 5105 σου,
917 5039 1017 5093 καὶ
1042 5038 1397 5108 περιπάτει;
1447 5041 1500 5092 '0
1527 5040 1595 5093 δὲ
1629 5041 1820 5109 ἰαθεὶς
1856 5043 1971 5095 οὐκ

366 5134 503 5204 ᾔδει
529 5133 627 5199 τίς
662 5133 835 5186 ἐστιν
857 5145 870 5159 ⁸
922 5134 956 5186 ό
990 5132 1101 5202 γὰρ
1141 5131 1381 5200 Ἰησοῦς
1428 5131 1757 5198 ἐξένευσεν
1780 5132 1972 5202 ὄχλου

367 5226 551 5293 ὄντος
578 5225 653 5280 ἐν
677 5224 759 5292 τῷ
800 5226 981 5289 τόπῳ.
1014 5225 1178 5280 Μετὰ
1222 5224 1412 5280 ταῦτα
1455 5226 1726 5295 εὑρίσκει
1783 5225 1973 5281 αὑτὸν

369 5321 403 5374 ὁ
442 5318 694 5387 Ἰησοῦς
721 5318 794 5372 ἐν
822 5316 902 5384 τῷ
930 5316 1085 5385 ἱερῷ,
1135 5317 1236 5373 καὶ
1265 5314 1436 5373 εἶπεν
1465 5319 1647 5385 αὐτῷ.

444 5410 765 5481 ’Δπληστος
802 5410 884 5473 εἰς
938 5410 1258 5481 μιαιφονίαν
1303 5411 1412 5464 τῶν
1469 5411 1740 5467 Ἰουδαίων
1769 5415 1797 5467 ό
1828 5415 1972 5479 νοῦς.

2076 4501 2173 4541 rur
2202 4485 2434 4542 isthaec?
2458 4493 2555 4541 aut
2589 4485 2871 4557 quomodo
2897 4500 3009 4541 non
3041 4493 3096 4541 et
3121 4495 3350 4556 accepta
3382 4483 3496 4541 Deo
3529 4502 3669 4542 con-

2074 4688 2184 4745 que
2213 4672 2330 4729 hiec
2366 4672 2536 4728 verba
2563 4672 2853 4728 continent
2894 4685 3079 4726 acrem
3115 4668 3451 4741 emphasim.

2147 4954 2214 5023 V,
2254 4954 2440 5011 52-14.
2470 4952 2602 5020 Quis
2643 4962 2721 5008 est
2759 4952 2851 5008 ille
2881 4950 3036 5006 homo
3053 4951 3147 5022 qui
3184 4949 3324 5003 dixit
3349 4948 3446 5003 tibi
3476 4966 3494 5005 :
3522 4949 3673 5007 Tolle
3770 4967 3777 4973 ’

2072 5048 2359 5120 grabatum
2417 5056 2591 5112 tuum,
2633 5055 2683 5101 et
2725 5044 2986 5100 ambula?
3025 5042 3084 5098 Is
3125 5042 3218 5115 qui
3263 5057 3433 5099 sanus
3489 5041 3667 5112 fuerat

2072 5141 2315 5213 eiectus,
2347 5140 2613 5195 nesciebat
2638 5139 2759 5210 quis
2793 5147 2927 5193 esset
2957 5153 2975 5192 :
3016 5133 3176 5192 Iesus
3209 5137 3354 5190 enim
3381 5134 3670 5192 declinavit

2076 5249 2110 5287 a
2139 5230 2297 5285 turba
2318 5232 2612 5287 constituta
2644 5233 2699 5286 in
2719 5230 2854 5285 loco.
2889 5229 3087 5286 Postea
3116 5229 3316 5285 inuenit
3349 5245 3469 5284 eum
3508 5226 3670 5283 Jesus

2077 5324 2132 5378 in
2169 5322 2384 5392 templo,
2419 5333 2470 5379 et
2502 5323 2643 5378 dixit
2672 5323 2780 5379 illi.

2152 5409 2480 5482 Incxplebili
2530 5411 2700 5469 caedis
2752 5412 3058 5486 cupiditate
3124 5410 3280 5467 ardet
3348 5405 3671 5464 Judaei-um

369 5502 706 5577 Διερευνῶσι
734 5502 826 5558 τὸν
855 5501 1210 5569 ἐπιτάξαντα,
1260 5505 1681 5559 συνεπιπλέκειν
1711 5507 1872 5561 αὐτὸν
1900 5508 1972 5578 τῷ

2089 5504 2327 5559 animus.
2350 5501 2763 5576 lndaganteum
2788 5505 2885 5575 qui
2910 5518 3124 5575 aegrum
3152 5501 3325 5572 jussit
3356 5499 3670 5563 atnbulare,

372 5594 697 5670 παραδόξως
732 5596 1050 5666 ύγιασθέντι
1082 5596 1480 5668 βουλευόμενοι.
1521 5599 1701 5663 Μόνος
1741 5600 1870 5672 γὰρ,
1901 5600 1972 5664 ὡς

2087 5603 2397 5654 statuentes
2428 5598 2610 5670 ipsum
2634 5613 2740 5654 una
2762 5612 2890 5653 cum
2926 5611 2992 5652 eo
3023 5594 3117 5665 qui
3140 5591 3472 5647 mirabiliter
3504 5605 3669 5646 sana-

370 5689 543 5755 εἰκὸς,
577 5688 910 5745 κινδυνεύων
939 5687 1131 5744 ἐλύπει
1152 5688 1242 5744 διὰ
1260 5689 1321 5743 τὸ
1350 5690 1653 5759 Σάϐϐατον,
1686 5692 1713 5745 ό
1744 5692 1972 5764 βρόχους

2087 5689 2176 5750 tus
2205 5691 2389 5750 fuerat
2430 5693 2673 5751 irretire.
2707 5689 3069 5764 Augebantur
3096 5686 3267 5753 enim,
3303 5692 3367 5741 ut
3419 5692 3690 5776 apparet,‘

455 5870 501 5903 "
532 5870 721 5926 (ialat.
754 5887 809 5941 ν,
838 5870 895 5939 ἓ,
934 5869 989 5927 4.
1072 5872 1117 5905 ⁵⁵
1152 5864 1356 5927 Jcrcm.
1391 5887 1445 5938 ν,
1480 5870 1568 5925 ει.

3708 5334 3726 5397 l

3691 5433 3693 5435 ‘
3714 5421 3732 5461 ξ

3708 5870 3717 5931 l

3696 5968 3724 5998 ..1
