4052 6532
477 401 582 456 ὅ.ίῖ

1476 402 1532 458 S.
1576 403 1853 459 CYRILLI
1895 404 2372 460 ALEXANDRINI
2407 404 2727 459 ARCHII‘IP.
3630 406 3733 460 544

478 516 624 584 quod
681 514 834 568 solus
884 511 1311 581 periclitaretur,
1354 520 1580 584 propter
1623 513 1946 580 Sabbatum,
1999 516 2048 569 is

2157 518 2282 587 ἄρτι
2329 519 2422 570 καὶ
2452 517 2684 586 παγίδας
2729 514 3002 583 ἀφύκτους
3042 511 3351 586 διαδραμὼν
3379 554 3393 578 ,
3426 517 3519 568 καί
3559 519 3734 573 αὐτῶν

474 607 569 675 qui
600 606 761 659 modo
788 607 1013 674 laqueos
1042 603 1386 659 inevitabiles
1413 604 1728 676 aufugerat,
1752 617 1807 663 et
1829 623 1892 663 ex
1914 609 2048 680 ipsis

474 699 670 752 mortis
711 695 897 765 januis
929 694 1166 749 eductus
1197 693 1397 750 fuerat.
1426 695 1696 750 Medicum
1731 714 1862 752 vero
1900 699 2046 752 indi-

472 802 604 843 care
639 803 746 841 non
781 794 986 856 potest,
1037 788 1291 857 quamvis
1319 803 1445 842 eum
1505 788 1756 844 studiose
1801 791 2050 861 inquire-

471 887 618 943 rent,
641 880 866 934 Christo
895 880 1142 950 seipsum
1169 881 1437 951 singulari
1457 882 1698 937 consilio
1729 884 1964 950 celante,
1990 892 2050 938 ut

467 985 663 1026 eorum
712 973 1071 1041 intemperias
1103 973 1428 1029 declinaret.
1470 972 1660 1044 Neque
1694 991 1826 1030 vero
1862 976 2047 1047 fugam

470 1065 738 1134 suscipit,
783 1066 943 1136 quasi
989 1067 1105 1136 pati
1157 1066 1367 1137 aliquid
1415 1067 1562 1122 velut
1602 1082 1667 1122 ex
1719 1069 2051 1123 necessitate

473 1157 677 1225 possit,
716 1157 826 1212 nisi
874 1157 992 1227 pati
1037 1157 1218 1222 velit,
1283 1158 1380 1213 sed
1428 1159 1592 1213 nobis
1633 1158 1800 1214 etiam
1849 1160 1904 1214 in
1948 1159 2049 1214 hoc

471 1250 784 1318 exemplum
819 1251 1065 1320 seipsum
1094 1262 1291 1305 rursus
1319 1251 1537 1306 statuit.

545 1337 612 1405 ν,
645 1340 732 1394 14.
764 1339 900 1395 Ecce
937 1357 1100 1395 sanus
1140 1358 1218 1404 es,
1249 1342 1364 1412 jam
1407 1342 1517 1395 noti
1543 1356 1778 1410 peccare,
1816 1358 1880 1395 ne
1915 1342 2051 1396 dete-

477 1431 591 1484 rius
623 1431 718 1485 tibi
757 1430 961 1501 aliquid
1009 1433 1305 1501 contingat.

545 1521 648 1588 Qui
678 1522 868 1578 divino
896 1523 1135 1578 consilio
1161 1524 1402 1594 primum
1440 1524 1626 1588 latuit,
1661 1523 1859 1580 eodem
1902 1539 2050 1580 nunc

473 1626 697 1666 rursum
756 1623 1006 1684 apparet,
1070 1617 1400 1684 congruenti
1447 1617 1751 1687 unicuique
1806 1627 2051 1688 tempore

474 1711 714 1758 servato.
769 1704 881 1760 Nec
909 1707 1058 1762 enim
1089 1709 1394 1778 quidquam
1434 1709 1504 1763 ab
1535 1724 1600 1764 eo
1631 1709 1724 1779 qui
1762 1720 2048 1779 peccatum

475 1793 652 1847 nescit
714 1793 836 1849 ﬁeri
891 1804 1074 1865 potest
1131 1799 1342 1870 absque
1403 1800 1753 1855 convenienti
1809 1800 2045 1855 ratione.

2157 608 2577 677 ἐξειλκυσμένος
2624 605 2736 659 τῶν
2769 604 2865 658 τοῦ
2912 603 3142 658 θανάτου
3197 605 3401 658 πυλῶν.
3452 606 3642 660 Εἰπεῖν
3680 587 3766 663 δὲ’

2155 701 2246 754 τὸν
2289 701 2472 771 ἰατρὸν
2513 698 2692 752 καίτοι
2728 697 3177 764 φιλοπευστοῦσιν
3221 698 3323 750 οὐκ
3376 697 3511 768 ἔχει,
3558 701 3739 766 καλῶς

2156 809 2215 845 τε
2247 795 2339 846 καὶ
2380 792 2741 862 οἰκονομικῶς
2771 788 3222 861 κατακρύψαντος
3251 790 3444 844 ἑαυτὸν
3472 792 3565 844 τοῦ
3605 794 3650 845 Χ
3661 812 3740 864 pa-

2159 885 2317 950 στοῦ,
2359 885 2445 937 ἴνα
2472 884 2535 936 τὸ
2575 881 2892 952 παραυτίκα
2931 882 3133 954 θερμὸν
3172 880 3274 950 τῆς
3299 882 3523 936 ἐκείνων
3555 883 3736 954 ὀργῆς

2156 977 2362 1044 διεξίοι.
2388 976 2500 1030 Καὶ
2535 976 2633 1045 οὐχ
2670 974 2747 1038 ὥς
2786 991 2839 1027 τι
2869 974 3062 1027 παθεῖν
3099 973 3175 1036 ὡς
3208 972 3268 1036 ἐξ
3302 973 3549 1044 ἀνάγκης
3580 975 3738 1030 δυνά-

2161 1086 2340 1140 μενος,
2366 1069 2414 1120 εἰ
2439 1067 2514 1138 μὴ
2549 1065 2788 1136 βούλοιτο
2814 1064 3027 1130 παθεῖν,
3059 1064 3370 1135 ἐπιτηδεύει
3408 1065 3508 1136 τὴν
3531 1068 3741 1138 φυγὴν,

2156 1160 2271 1213 ἀλλ’
2317 1161 2448 1230 ἡμῖν
2488 1157 2856 1229 ὑπογραμμὸν
2903 1157 2997 1211 καί
3031 1155 3207 1228 τούτῳ
3245 1157 3310 1229 δὴ
3349 1157 3511 1215 πάλιν
3546 1157 3742 1212 ἐαυτὸν

2157 1249 2442 1312 καθιστάς.

2228 1340 2352 1395 Ἴδε
2386 1339 2564 1408 ὑγιὴς
2599 1339 2875 1408 γέγονας,
2910 1334 3124 1407 μηκέτι
3161 1336 3485 1406 ἁμάρτανε,
3512 1338 3616 1394 ἵνα
3652 1338 3741 1407 μὴ

2158 1433 2362 1502 χεῖρόν
2398 1432 2500 1486 σοι
2532 1447 2588 1483 τι
2613 1433 2874 1499 γένηται.

2229 1523 2602 1596 οἰκονομικῶς
2631 1522 2701 1576 τὰ
2738 1521 2933 1593 πρῶτα
2973 1519 3150 1575 λαθὼν
3185 1521 3543 1592 ἐμφανίζεται
3577 1522 3740 1583 πάλιν

2155 1615 2544 1688 οἰκονομικῶς,
2580 1614 2672 1668 τὸν
2708 1613 2966 1685 ἁρμόδιον
3007 1613 3222 1682 ἑκάστῳ
3249 1613 3496 1682 τηρήσας
3523 1613 3740 1682 καιρόν.

2157 1713 2232 1767 Οὐ
2257 1705 2453 1782 γὰρῆν
2471 1726 2524 1762 τι
2546 1704 2803 1778 γενέσθαι
2837 1705 2989 1776 παρὰ
3015 1703 3108 1759 τοῦ
3155 1703 3230 1774 μὴ
3265 1703 3468 1765 εἰδότος
3495 1703 3743 1774 ἐξαμαρ-

2155 1807 2288 1868 τεῖν,
2317 1802 2346 1855 ὃ
2387 1802 2461 1874 μὴ
2495 1800 2712 1862 πάντως
2764 1797 2876 1868 ἔχει
2918 1795 3074 1865 λόγον
3109 1795 3200 1864 ὑφ’
3249 1793 3427 1864 ἐαυτῷ
3472 1794 3565 1846 τὸν
3609 1795 3744 1864 πρέ-

473 1882 835 1940 Occasionem
883 1887 1052 1958 igitur
1101 1904 1227 1944 eum
1273 1891 1590 1961 alloquendi
1643 1892 1909 1948 salutaris
1956 1892 2050 1945 illa

2156 1910 2342 1948 ποντα.
2364 1891 2656 1963 Πρόφασιν
2685 1888 2866 1942 τοίνυν
2888 1887 2988 1957 τῆς
3010 1887 3146 1958 πρὸς
3177 1884 3340 1938 αὐτὸν
3362 1883 3652 1948 διαλέξεως
3682 1886 3746 1938 τὸ

475 1973 780 2032 admonitio
810 1979 1068 2050 praebuit,
1094 1997 1203 2052 qua
1235 1982 1347 2052 jam
1390 2000 1501 2039 non
1537 1985 1773 2055 amplius
1811 1999 2051 2056 peccan-

475 2067 607 2122 dum
635 2070 797 2135 dixit,
849 2086 919 2126 ne
956 2073 1327 2131 deterioribus
1363 2091 1527 2154 quam
1561 2078 1714 2146 prius
1749 2078 1912 2133 malis
1945 2077 2052 2130 im-

473 2159 730 2228 plicetur.
779 2161 922 2217 Hinc
952 2179 1120 2233 porro
1150 2166 1314 2222 docet
1358 2183 1470 2222 non
1506 2169 1686 2223 solum
1720 2169 1776 2224 in
1806 2168 2052 2223 futurum

470 2253 740 2322 judicium
772 2257 1156 2324 peccatoribus
1204 2257 1375 2314 Deum
1423 2275 1712 2316 reservare
1758 2261 2052 2331 supplicia,

478 2344 576 2400 sed
604 2345 660 2400 in
694 2348 1026 2417 corporibus
1062 2350 1240 2405 adhuc
1275 2351 1542 2424 degentes
1573 2353 1738 2408 etiam
1772 2362 1901 2408 ante
1933 2367 2052 2406 ma-

475 2451 644 2506 gnum
685 2446 740 2493 et
785 2439 1140 2496 manifestum
1194 2443 1348 2497 illum
1402 2443 1614 2500 Iudicis
1668 2445 2053 2500 universorum

476 2527 621 2582 diem
660 2529 830 2585 variis
873 2532 1051 2588 modis
1084 2537 1302 2604 punire.
1328 2533 1490 2601 Quod
1523 2547 1704 2590 autem
1750 2551 1894 2606 saepe
1924 2535 2054 2590 feri-

479 2633 601 2672 mur
624 2622 994 2690 percntientes
1044 2633 1100 2677 et
1145 2623 1486 2681 oﬂ‘endcntes
1533 2625 1731 2689 Deum,
1763 2625 2056 2682 testabitur

479 2725 644 2779 porro
696 2713 1152 2784 sapientissimus
1205 2716 1414 2775 Paulus
1451 2719 1539 2776 his
1598 2719 1785 2774 verbis
1820 2737 1833 2773 :
1874 2737 1892 2770 ι
1924 2717 2053 2773 ldeo

477 2800 620 2854 inter
649 2816 748 2856 vos
781 2805 937 2859 multi
975 2805 1177 2862 infirmi
1208 2815 1262 2862 et
1309 2809 1633 2875 imbecilles,
1674 2819 1729 2865 et
1773 2809 2056 2864 dormiunt

475 2891 669 2944 multi:
695 2893 842 2963 quod
862 2895 906 2950 si
934 2898 1309 2969 nosmetipsos
1324 2899 1784 2969 dijudiearemus,
1805 2916 1914 2956 non
1945 2901 2056 2956 uti-

474 2999 583 3052 que
612 2984 1017 3054 iudicaremur.
1049 2988 1188 3044 Dum
1217 2991 1538 3061 iudicamur
1571 2994 1728 3068 211,
1779 3001 1984 3056 autem,
2025 3008 2056 3046 a

479 3074 714 3133 Domino
753 3081 1111 3150 corripimur,
1136 3093 1197 3136 ut
1233 3099 1345 3140 non
1373 3101 1497 3140 cum
1529 3085 1634 3140 hoc
1659 3085 1866 3140 mundo
1897 3085 2053 3139 dam-

476 3183 672 3223 nemur
689 3171 756 3225 ".
793 3189 813 3222 ι

545 3281 615 3350 ν,
649 3282 738 3339 15.
767 3283 911 3338 Abiit
946 3287 1108 3357 igitur
1135 3287 1223 3342 ille
1252 3288 1496 3355 Itomo,et
1539 3291 1801 3345 nuntiavit
1847 3289 2052 3348 Iudaeis

475 3370 607 3444 quia
633 3369 790 3426 Iesus
827 3384 960 3428 esset
993 3377 1081 3444 qui
1103 3375 1226 3445 fecit
1258 3394 1376 3432 eum
1405 3396 1616 3434 sanum.

544 3459 755 3518 Iudaeis
791 3463 1001 3520 indicat
1026 3465 1238 3533 Jesum,
1272 3486 1381 3525 non
1415 3481 1471 3525 ut
1513 3472 1642 3526 mali
1679 3473 1961 3544 quidpiam
1999 3474 2057 3529 in

479 3559 667 3627 ipsum
704 3559 1011 3614 machinari
1038 3560 1330 3629 audentes,
1361 3563 1514 3634 impii
1535 3580 1656 3620 esse
1671 3565 2055 3637 deprehende—

479 3657 695 3717 rentur,
764 3653 858 3709 sed
941 3664 1002 3708 ut
1077 3653 1458 3712 admirabilem
1531 3657 1698 3712 istum
1781 3658 2055 3714 medicum

477 3755 866 3814 agnoscerent,
919 3748 967 3803 si
1029 3747 1154 3819 quis
1194 3750 1360 3804 etiam
1409 3764 1602 3805 eorum
1651 3754 1832 3807 curari
1871 3753 2052 3807 vellet.

478 3836 868 3895 Animadverte
895 3839 1042 3897 enim
1065 3855 1176 3912 quo
1204 3847 1365 3910 pa‘cto
1404 3840 1459 3896 id
1498 3840 1548 3895 ei
1577 3844 1921 3913 propositum
1961 3844 2052 3897 sit.

478 3925 598 3984 Non
627 3931 795 3997 enim,
832 3938 893 3986 ut
927 3932 1338 4002 vitilitigatores
1388 3934 1642 3988 nonnulli
1675 3935 2054 4002 volunt,nun-

476 4018 582 4073 tiat
630 4017 819 4076 Jesum
856 4037 982 4077 esse
1014 4037 1140 4077 eum
1175 4022 1266 4094 qui
1305 4021 1591 4079 ambulare
1633 4025 1803 4095 jussit
1834 4027 1889 4081 in
1921 4024 2056 4082 Sab-

482 4111 626 4175 bato,
667 4109 765 4166 sed
818 4113 914 4182 qui
967 4128 1166 4168 sanum
1223 4129 1283 4169 se
1332 4113 1482 4170 fecit.
1536 4113 1652 4171 Hoc
1700 4127 1887 4172 autem
1935 4125 2056 4173 crat

472 4200 617 4257 nihil
669 4201 818 4258 aliud
854 4219 1019 4278 agere
1065 4218 1233 4276 quam
1278 4205 1551 4263 medicum
1588 4206 1859 4264 duntaxat
1908 4210 2054 4266 indi-

477 4307 624 4348 care.

546 4401 614 4468 γ,
649 4403 738 4457 16.
764 4403 1054 4474 Propterea
1097 4411 1539 4480 persequebantur
1563 4412 1744 4468 Judaei
1772 4411 1979 4479 Iesum,
2004 4422 2054 4469 et

477 4494 783 4558 qurerebant
841 4511 961 4550 eum
1013 4499 1329 4569 inter/icere,
1366 4504 1494 4573 quia
1546 4503 1657 4560 lucc
1714 4503 1946 4573 faciebat
1997 4504 2052 4560 in

482 4582 735 4642 Sabbato.
766 4587 924 4646 Iesus
955 4599 1131 4647 autem
1171 4596 1435 4663 respondit
1461 4599 1560 4651 eis.

547 4724 669 4782 Non
703 4726 1032 4798 simpliciter
1053 4730 1144 4786 hic
1171 4731 1488 4791 Judaorum
1523 4733 1681 4790 furor
1706 4734 2052 4792 ostenditur:

479 4831 587 4872 non
619 4817 765 4873 enim
795 4820 943 4888 quod
974 4819 1162 4877 Jesum
1195 4832 1606 4895 persequuntur
1639 4823 1932 4892 duntaxat,
1958 4827 2058 4883 sed

476 4924 643 4976 quam
699 4909 771 4964 ob
825 4925 1049 4967 causam
1110 4914 1166 4969 id
1213 4914 1396 4971 facere
1460 4916 1727 4982 audeant,
1781 4918 2056 4991 signiﬁcat

477 5017 682 5056 rursus
718 5005 1079 5075 evangelista,
1119 5022 1246 5064 cum
1287 5009 1536 5079 emphasi
1589 5010 1816 5080 dicens,
1845 5031 1866 5064 c
1909 5012 2053 5078 Quia

479 5096 594 5146 haec
625 5092 857 5150 faciebat
887 5097 942 5150 in
980 5096 1244 5154 Sabbato.
1282 5119 1302 5153 ›
1329 5098 1678 5159 lnsectantur
1704 5106 1850 5161 enim
1885 5106 2052 5161 stulte

474 5191 532 5235 et
562 5184 746 5253 impie,
779 5185 937 5256 quasi
977 5187 1066 5240 lex
1094 5187 1233 5243 bene
1263 5205 1423 5260 agere
1473 5192 1528 5246 in
1576 5193 1819 5251 Sabbato
1859 5197 2051 5268 prohi-

478 5271 628 5338 beat,
662 5277 1024 5346 nequeliceat
1051 5278 1184 5348 :egri
1217 5280 1491 5349 misereri,
1521 5291 1578 5339 et
1612 5288 1774 5355 quasi
1803 5297 2054 5358 oporteat

479 5366 653 5433 legem
699 5380 919 5423 omnem
967 5368 1277 5435 charitatis,
1312 5370 1678 5433 fraternitatis
1719 5379 1957 5446 laudem,
1999 5389 2051 5434 et

479 5458 840 5514 humanitatis
886 5462 1120 5530 gratiam
1177 5463 1473 5532 deponere.
1521 5466 1706 5524 Multis
1760 5478 1943 5525 autem
1988 5487 2052 5526 ac

475 5547 647 5602 variis
696 5550 1011 5605 rationibus
1063 5552 1357 5609 ostendere
1406 5558 1530 5626 quis
1578 5567 1794 5627 posset,
1830 5558 2050 5615 Iudaeos

479 5637 615 5691 nihil
644 5654 754 5693 non
793 5641 923 5696 boni
955 5644 1299 5714 repudiasse,
1333 5648 1670 5720 legislatoris
1703 5651 1771 5708 de
1805 5652 2049 5709 Sabbato

548 5794 594 5829 "
627 5791 646 5850 ι
679 5791 808 5848 Cor.
841 5810 918 5860 ιιι,
952 5797 1142 5854 ’ὅθ-52.

2079 3241 2130 3304 ὓ

2151 1983 2475 2056 ψυχωφελές
2495 1983 2737 2034 ἐποιεῖτο
2755 1977 3142 2050 παράγγελμα,
3175 1975 3373 2047 μηκέτι
3396 1975 3749 2046 πλημμελεῖν

2153 2081 2350 2150 χρῆναι
2405 2076 2618 2143 λέγων,
2674 2074 2762 2126 ῖνα
2814 2072 2887 2143 μὴ
2928 2071 3138 2142 χείροσι
3159 2070 3270 2122 τῶν
3327 2069 3746 2139 παρῳχηκότων

2153 2169 2508 2238 ἐπαλγύνοιτο
2550 2167 2762 2229 κακοῖς.
2794 2165 3047 2217 Διδάσκει
3093 2161 3150 2215 δέ
3194 2161 3282 2216 διά
3314 2161 3538 2224 τούτων,
3569 2160 3644 2223 ὡς
3681 2161 3744 2212 οὐ

2156 2264 2315 2332 μόνον
2341 2263 2421 2326 εἰς
2439 2260 2538 2330 τὴν
2560 2257 2857 2330 μέλλουσαν
2880 2255 3100 2309 ἔσεσθαι
3133 2255 3315 2326 κρίσιν
3346 2253 3736 2324 ἀποθησαυρί-

2153 2355 2236 2420 ζει
2259 2353 2393 2416 Θεὸς
2420 2354 2530 2416 τοῖς
2551 2349 2862 2421 ἀνθρώποις
2881 2348 2951 2402 τὰ
2972 2347 3446 2418 πλημμελήματα,
3483 2346 3748 2415 μαστιγοῖ

2153 2447 2210 2499 δέ
2253 2445 2516 2508 ποικίλως
2549 2443 2628 2496 ἔτι
2669 2442 2880 2506 ζῶντας
2935 2443 2992 2495 ἐν
3051 2440 3304 2510 σώμασι,
3361 2439 3454 2492 καί
3499 2438 3607 2508 πρὸ
3640 2439 3748 2507 τῆς

2157 2537 2398 2609 μεγάλης
2422 2536 2516 2589 καὶ
2538 2533 2835 2604 ἐπιφανοῦς
2865 2532 3081 2604 ἡμέρας
3114 2529 3209 2584 τοῦ
3241 2530 3375 2583 πᾶσι
3402 2529 3744 2591 δικάσοντος.

2156 2631 2278 2683 Ὅτι
2317 2630 2374 2681 δέ
2413 2627 2670 2690 πολλάκις
2710 2623 3060 2696 πληττόμεθα
3101 2622 3391 2686 πταίοντες
3421 2638 3484 2673 τε
3523 2619 3617 2673 καὶ
3647 2617 3749 2669 λυ-

2155 2721 2382 2786 ποῦντες
2410 2720 2500 2774 τὸν
2531 2719 2694 2784 Θεὸν,
2725 2717 3168 2788 ἐπιμαρτυρήσει
3203 2715 3342 2784 βοῶν
3369 2716 3397 2767 6
3426 2711 3747 2780 σοφώτατος

2155 2813 2399 2877 Παῦλος
2446 2831 2465 2865 ‹
2521 2812 2619 2866 Διά
2656 2809 2816 2864 τοῦτο
2861 2812 2918 2862 ἐν
2953 2809 3083 2877 ὑμῖν
3133 2806 3319 2859 πολλοί
3345 2804 3614 2869 ἀσθενεῖς,
3649 2802 3746 2856 καὶ

2155 2908 2463 2978 ἄρρωστοι,
2517 2905 2612 2957 καὶ
2653 2902 2953 2972 κοιμῶνται
3001 2900 3210 2953 ἱκανοί·
3269 2899 3318 2949 εἰ
3363 2897 3473 2968 γὰρ
3516 2895 3748 2957 ἐαυτοὺς

2159 2995 2444 3068 ἐκρίνομεν
2469 3036 2483 3063 ,
2527 2994 2629 3046 οὐκ
2670 2992 2736 3046 ἂν
2786 2990 3138 3063 ἐκρινόμεθα.
3167 2987 3502 3060 Κρινόμενοι
3544 2985 3602 3039 δέ
3639 2985 3749 3038 ὑπὸ

2157 3087 2366 3158 Κυρίου
2385 3083 2774 3156 παιδευόμεθα,
2798 3083 2886 3136 ἵνα
2923 3082 2997 3153 μὴ
3023 3083 3121 3135 σὺν
3148 3080 3226 3152 τῷ
3252 3079 3445 3150 κόσμῳ
3472 3094 3747 3148 κατακρι-

2160 3175 2366 3252 θῶμεν.
2400 3198 2419 3230 r

2235 3291 2542 3364 Ἀπῆλθεν
2566 3286 2680 3348 οὖν
2710 3294 2743 3344 ὀ
2769 3289 3096 3357 ἅνθρωπος,
3135 3284 3234 3339 καὶ
3259 3280 3390 3339 εἶπε
3429 3281 3554 3348 τοῖς
3591 3281 3746 3336 Ἰου-

2159 3389 2351 3453 δαίοις
2382 3386 2470 3440 ὅτι
2523 3383 2763 3452 Ἰησοῦς
2783 3382 2955 3436 ἐστιν
2985 3382 3018 3433 ό
3042 3379 3307 3446 ποιήσας
3350 3373 3538 3430 αὑτὸν
3581 3369 3743 3440 ὑγιῆ.

2229 3477 2585 3549 Καταμηνύει
2631 3476 2688 3528 δέ
2734 3475 2846 3536 τοῖς
2897 3469 3172 3532 Ἰουδαίοις
3216 3468 3308 3522 τὸν
3354 3463 3587 3537 Ἰησοῦν,
3643 3463 3746 3534 οὔχ

2161 3572 2250 3625 ῖνα
2277 3587 2331 3622 τι
2367 3570 2504 3640 δρᾷν
2547 3568 2629 3630 εἰς
2669 3565 2829 3619 αὑτὸν
2881 3558 3298 3632 ἀποτολμῶντες
3342 3557 3513 3610 δεινὸν
3554 3555 3747 3608 δυσσε-

2159 3661 2381 3724 ϐοὖντες
2411 3659 2763 3723 ἁλίσκωνται,
2809 3655 2923 3710 ἀλλ’
2959 3655 3026 3707 i’v'
3049 3693 3064 3719 ,
3115 3653 3272 3722 εἴπερ
3327 3648 3600 3720 βούλοιντο
3650 3648 3748 3700 καὶ

2159 3753 2314 3807 αὐτοὶ
2352 3747 2782 3822 θεραπεύεσθαι,
2816 3745 2908 3800 τὸν
2947 3741 3386 3812 ἀξιοθαύμαστον
3422 3739 3614 3792 εἰδεῖεν
3663 3739 3746 3790 ία-

2158 3846 2304 3917 τρόν.
2355 3844 2638 3914 Ἐπιτήρει
2672 3842 2782 3911 γὰρ
2824 3840 2973 3901 ὅπως
3010 3830 3163 3899 οὗτος
3188 3830 3258 3904 ἦν
3291 3832 3484 3902 ἐκείνῳ
3517 3830 3742 3892 σκοπός.

2159 3939 2233 3993 Οὐ
2269 3937 2375 4009 γάρ
2425 3935 2567 3989 κατά
2609 3949 2732 3987 τινα
2765 3930 2872 3984 τῶν
2907 3925 3359 3998 φιλεγκλημὸνων
3407 3921 3745 3990 ἀπαγγέλλει

2158 4028 2500 4105 προσελθὼν,
2514 4029 2596 4082 ὅτι
2620 4024 2830 4098 Ἰησοῦς
2847 4025 2993 4077 ἐστιν
3008 4023 3036 4076 ὁ
3052 4020 3377 4091 περιπατεῖν
3394 4015 3657 4080 ἐπιτάξας
3684 4017 3743 4090 ἐν

2158 4101 2444 4192 Σαϐϐάτῳ,
2480 4117 2594 4173 ἀλλ’
2625 4118 2682 4169 '0
2705 4114 2968 4182 ποιήσας
2995 4110 3183 4167 αὐτὸν
3204 4106 3363 4178 ὑγιῆ.
3391 4106 3565 4160 Τοῦτο
3591 4106 3647 4158 δὲ
3676 4101 3743 4174 ἦν

2157 4217 2346 4288 ἕτερόν
2379 4231 2434 4267 τι
2467 4210 2746 4274 ποιοῦντος
2794 4207 2981 4272 οὐδὲν,
3017 4203 3135 4259 ἀλλ’
3166 4201 3200 4272 ἢ
3243 4201 3404 4272 μόνον
3434 4199 3523 4254 τὸν
3561 4197 3742 4269 ἰατρὸν

2161 4329 2227 4383 ση
2237 4307 2542 4382 μαίνοντος.

2228 4422 2337 4478 Καὶ
2367 4421 2466 4476 διὰ
2488 4417 2664 4473 τοῦτο
2691 4414 2937 4487 ἐδίωκον
2953 4411 3058 4465 τὸν
3092 4406 3338 4477 Ἰησοῦν
3359 4408 3411 4459 οἱ
3447 4400 3738 4464 Ἰουδαῖοι,

2159 4515 2261 4570 καί
2291 4513 2539 4581 ἐζήτουν
2565 4507 2752 4565 αὑτὸν
2787 4502 3167 4566 ἀποκτεῖναι,
3204 4498 3294 4554 ὅτι
3326 4495 3513 4551 ταῦτα
3557 4493 3744 4547 ἐποίει

2081 4589 2134 4651 Ῑ)
2157 4608 2228 4663 ἐν
2256 4604 2598 4668 Σαϐϐάτοις.
2657 4601 2720 4654 '0
2749 4598 2818 4652 δὲ
2857 4593 3091 4664 Ἰησοῦς
3121 4591 3486 4660 ἀπεκρίνατο
3514 4584 3740 4649 αὐτοῖς.

2233 4738 2346 4807 Οὐχ
2377 4733 2556 4804 ἁπλῆν
2588 4735 2617 4785 ὁ
2644 4731 2801 4800 λόγος
2847 4727 2962 4798 ἔχει
2989 4728 3048 4781 ἐν
3075 4724 3286 4786 τούτοις
3323 4721 3421 4792 τῆς
3471 4716 3742 4774 Ἰουδαίων

2161 4827 2463 4902 παρανοίας
2489 4825 2587 4896 τὴν
2612 4823 2873 4894 ἐξήγησιν
2892 4836 2906 4851 ⁶
2941 4819 3004 4872 οὐ
3031 4818 3140 4888 γὰρ
3169 4817 3251 4869 ὅτι
3273 4811 3530 4868 διώκουσι
3560 4809 3738 4880 μόνον,

2159 4921 2275 4978 ἀλλ’
2300 4919 2392 4973 ἐπὶ
2425 4917 2534 4971 τίσι
2565 4914 2723 4970 τοῦτο
2757 4914 2890 4985 δρᾷν
2933 4911 3033 4965 οὐκ
3085 4908 3457 4978 αἰσχύνονται,
3497 4916 3741 4970 καταση-

2165 5015 2346 5089 μαίνει
2375 5013 2539 5067 πάλιν
2567 5013 2596 5064 6
2621 5005 3012 5079 εὐαγγελιστὴς
3043 4998 3505 5073 ἐμφαντικώτατα
3531 4995 3707 5089 λέγων
3725 5009 3738 5024 ·

2167 5087 2186 5161 ι
2221 5111 2343 5163 Ὅτι
2373 5105 2548 5161 ταῦτα
2594 5104 2768 5157 ἐποίει
2823 5102 2882 5154 ἐν
2922 5097 3206 5167 Σαϐϐάτῳ.
3259 5113 3277 5145 ι
3331 5090 3598 5146 Διώκουσι
3633 5087 3742 5157 γὰρ

2158 5197 2387 5268 ἀμαθῶς
2429 5213 2489 5249 τε
2529 5193 2622 5248 καὶ
2665 5188 2963 5252 δυσσεϐῶς,
2998 5187 3073 5249 ὠς
3111 5181 3475 5253 ἀγαθοεργεῖν
3505 5179 3564 5231 ἐν
3599 5176 3745 5230 Σαϐ-

2162 5291 2314 5360 ϐάτῳ
2345 5287 2439 5342 τοῦ
2473 5287 2638 5356 νόμου
2670 5281 3083 5342 διακωλύοντος,
3109 5277 3184 5340 ὡς
3209 5276 3309 5329 οὐκ
3338 5272 3456 5336 ἐξὸν
3487 5269 3660 5322 ἐλεεῖν
3684 5285 3746 5320 τε

2163 5386 2258 5437 καί
2295 5378 2692 5448 κατοικτείρειν
2738 5376 2864 5437 τοὺς
2895 5371 3222 5441 κάμνοντας,
3260 5367 3335 5429 ὡς
3367 5360 3744 5418 ἀποδύσασθαι

2161 5470 2278 5522 δέον
2325 5468 2413 5520 τὸν
2467 5466 2563 5535 τῆς
2600 5463 2820 5533 ἀγάπης
2871 5458 3090 5530 θεσμὸν,
3131 5457 3222 5508 τὸν
3255 5455 3350 5524 τῆς
3390 5450 3746 5522 φιλαδελφίας

2162 5562 2411 5622 ἔπαινον,
2474 5557 2571 5627 τὴν
2624 5555 2724 5624 τῆς
2772 5552 3110 5624 ἡμερότητος
3157 5549 3338 5618 χάριν.
3388 5544 3498 5597 Καὶ
3543 5542 3596 5594 τί
3635 5540 3743 5610 γάρ

2160 5653 2278 5722 οὐχὶ
2327 5651 2434 5703 τῶν
2484 5646 2705 5715 ἀγαθῶν
2754 5642 3060 5698 ἀποπτύσαι
3113 5638 3251 5694 κατὰ
3311 5633 3586 5695 ποικίλους
3642 5631 3742 5702 μὲν
