4052 6542
391 399 507 456 3ιὸ

1468 398 1534 453 ΙΝ
1577 396 1867 484 JDANNlS
1896 393 2351 452 EVANGELiUM
2389 392 2520 450 LIB.
2564 392 2624 447 ll.

3583 399 3688 454 546

392 515 514 586 ἔχοι
539 530 623 576 τις
658 509 726 565 ἂν
756 507 1037 574 ἀποδεῖξαι
1062 509 1317 580 τρόπους,
1345 509 1444 562 οὐκ
1469 510 1676 574 εἰδότας
1706 509 1994 572 Ἰουδαίους

2097 507 2446 562 voluntatem
2498 507 2844 579 ignorantes,
2883 521 2941 566 ct
2982 509 3281 568 vanissime
3325 510 3456 566 illud
3495 513 3679 568 obscr.

389 606 491 659 τὸν
530 603 658 674 περὶ
689 601 752 654 τὸ
771 600 1048 654 Σάϐϐατον
1086 598 1178 652 τοῦ
1207 599 1499 670 νομοθέτου
1532 602 1754 667 σκοπὸν,
1787 602 1991 654 εἰκαιο-

391 695 570 766 τάτην
625 692 842 746 τελείαν
896 692 982 746 ἐπ’
1041 690 1192 762 αὑτῷ
1244 692 1604 762 ποιουμένους
1644 691 1745 762 τὴν
1797 691 1990 761 ἐπιτή-

392 806 582 860 ρησιν.
615 788 726 840 Καὶ
757 786 885 857 γὰρ,
915 786 992 849 ὡς
1025 785 1186 850 αὐτὸς
1208 784 1311 857 ἔφη
1345 802 1450 838 που
1476 785 1732 856 Χριστὸς,
1762 784 1992 848 ἕκαστος

391 878 580 934 αὐτῶν
612 877 704 930 τὸν
744 877 877 931 ίδιον
925 876 1050 947 βοῦν
1071 917 1086 940 ,
1119 877 1238 947 ’ήτοι
1280 876 1342 928 τὸ
1374 874 1651 945 πρόϐατον
1685 875 1993 942 ἀπαγαγὼν

392 967 634 1032 ποτίζει,
667 967 763 1021 καὶ
793 967 1098 1038 περιτομὴν
1126 966 1396 1037 λαμϐάνει
1443 965 1730 1037 ἄνθρωπος
1758 967 1815 1018 ὲν
1849 963 1992 1017 Σαϐ-

393 1058 574 1129 ϐάτῳ,
617 1058 706 1111 ἵνα
741 1057 818 1128 μὴ
854 1057 988 1129 λυθῇ
1030 1059 1058 1110 6
1080 1057 1243 1128 νόμος
1270 1056 1533 1120 Μωσέως.
1570 1054 1705 1109 Εἶτα
1737 1055 1990 1126 χολῶσιν,

392 1149 484 1202 ὅτι
514 1149 634 1203 ὅλον
671 1149 959 1220 ἄνθρωπον
1007 1148 1138 1218 ὑγιῆ
1181 1147 1442 1218 ἐποίησεν
1480 1149 1538 1201 ὲν
1581 1146 1867 1217 Σαϐϐάτῳ,
1901 1144 1994 1199 διὰ

390 1241 601 1312 πολλὴν
634 1241 782 1310 ήθῶν
828 1240 1162 1312 δυστροπίαν
1208 1257 1266 1292 τε
1298 1237 1432 1310 ὁμοῦ
1483 1238 1578 1293 καὶ
1608 1237 1990 1302 ἀπαιδευσίαν,

388 1333 520 1388 οὐδὲ
543 1331 652 1385 τῶν
681 1332 894 1402 ἀλόγων
930 1333 1021 1385 τὸν
1058 1333 1179 1386 κατ’
1207 1330 1395 1386 εἰκόνα
1426 1331 1526 1401 τὴν
1556 1329 1708 1384 Θείαν
1731 1329 1995 1398 γεγονότα

391 1424 820 1496 προτάττοντες,
855 1422 970 1475 ἀλλ’
999 1422 1209 1487 ἐξεῖναι
1238 1423 1336 1493 μὲν
1373 1421 1646 1494 πρόϐατον
1680 1420 1850 1474 ἐλεεῖν
1890 1420 1996 1473 οἰό-

393 1533 556 1587 μενοι
593 1515 704 1568 δεῖν
748 1517 806 1569 ὲν
837 1514 1124 1586 Σαϐϐάτῳ,
1159 1515 1254 1569 καί⁵
1281 1515 1440 1586 λιμοῦ
1488 1515 1581 1569 καὶ
1616 1513 1778 1584 δίψης
1820 1513 1996 1567 ἀπαλ-

390 1609 618 1665 λάττειν
663 1606 1049 1679 ἀνεγκλήτως,
1098 1608 1468 1679 παρανομίαις
1518 1606 1575 1661 δὲ
1615 1606 1710 1660 καὶ
1743 1609 1862 1669 ταῖς
1903 1605 1996 1658 ἐπὶ

391 1704 510 1764 τοῖς
537 1699 794 1770 ἐσχάτοις
824 1698 1150 1753 ὑποκεῖσθαι
1202 1703 1482 1770 γραφαῖς,
1535 1700 1664 1763 τοὺς
1712 1697 1873 1770 οἵπερ
1929 1695 1996 1750 ἂν

390 1792 641 1862 γένοιντο
671 1789 901 1860 χρηστοί
928 1807 989 1842 τε
1027 1789 1123 1843 καὶ
1148 1789 1346 1859 ἀγαθοί
1376 1791 1504 1862 περὶ
1537 1790 1626 1844 τὸν
1653 1789 1821 1853 πέλας
1855 1787 1995 1843 κατά

2095 607 2316 655 vantes.
2361 595 2606 665 Nam,'ut
2641 603 2758 673 ipse
2811 603 3067 661 Christus
3105 604 3248 658 dixit
3286 603 3511 670 alicubi,
3565 607 3687 674 qui-

2093 690 2228 745 libet
2271 705 2467 746 eorum
2503 692 2672 747 boves
2724 707 2788 748 ac
2809 709 2938 750 oves
2969 712 3098 752 suas
3128 694 3458 765 adaquat”,
3489 705 3541 751 et
3576 699 3689 751 cir.

2094 782 2500 837 cumcisionem
2559 784 2726 838 homo
2767 787 3003 855 suscipit
3052 788 3108 841 in
3163 788 3430 857 Sabbato,
3478 797 3538 843 ut
3576 805 3686 844 non

2094 873 2348 929 solvatur
2391 873 2479 928 lex
2531 873 2758 944 Moysis.
2809 875 2878 928 At
2931 876 3291 946 indignantur
3322 880 3471 950 quod
3511 880 3688 934 homi-

2093 980 2226 1019 nem
2264 964 2320 1019 in
2343 964 2434 1020 die
2460 963 2688 1020 Sabbati
2711 973 2890 1020 totum
2915 969 3144 1024 sanitati
3168 973 3432 1038 restituit,
3457 981 3687 1042 propter

2095 1072 2372 1114 summam
2433 1072 2651 1112 morum
2704 1061 3124 1127 perversitatem
3166 1063 3332 1118 simul
3365 1073 3419 1118 et
3473 1065 3686 1118 rudita-

2095 1156 2231 1215 tem,
2262 1165 2333 1205 ne
2369 1149 2549 1206 brutis
2579 1151 2804 1221 quidem
2837 1152 2975 1222 ipsis
3006 1154 3414 1223 mquiparantes
3441 1171 3566 1210 eum
3589 1157 3684 1225 qui

2097 1243 2164 1298 ad
2198 1243 2496 1314 imaginem
2529 1243 2624 1300 Dei
2663 1243 2849 1298 factus
2878 1252 2984 1312 est,
3020 1245 3116 1301 sed
3153 1248 3208 1300 in
3239 1244 3487 1301 Sabbato
3519 1248 3686 1302 licere

2096 1335 2320 1406 quidem
2363 1337 2484 1392 ovis
2545 1337 2934 1392 misericordia
2976 1340 3190 1406 teneri,
3249 1354 3490 1410 eamque
3545 1341 3688 1394 citra

2096 1427 2318 1496 culpam
2353 1427 2496 1482 fame
2527 1442 2591 1483 ac
2632 1428 2728 1484 siti
2763 1429 2992 1484 liberari
3026 1445 3192 1500 posse
3214 1431 3524 1496 credentes,
3547 1447 3687 1500 prte-

2096 1517 2337 1571 varicari
2365 1532 2498 1573 vero
2529 1524 2583 1572 et
2624 1519 2892 1574 extremis
2919 1519 3216 1590 suppliciis
3246 1520 3518 1576 obnoxios
3560 1537 3688 1576 esse

2096 1607 2416 1678 quicunque
2446 1606 2700 1664 bonitate
2730 1617 2784 1663 et
2813 1608 3020 1678 pietate
3043 1624 3174 1680 erga
3207 1611 3524 1680 proximum
3558 1619 3685 1665 ute-

2097 1709 2291 1761 rentur
2321 1702 2379 1756 in
2413 1700 2675 1758 Sabbato.
2710 1700 2784 1758 Ut
2817 1711 2969 1759 certe
2998 1704 3290 1760 videamus
3335 1719 3431 1759 eos
3488 1719 3687 1760 rursus

2099 1810 2213 1851 non
2257 1795 2621 1850 mediocriter
2655 1794 2930 1862 insanire,
2969 1804 3136 1865 atque
3173 1795 3382 1850 idcirco
3417 1795 3542 1865 jure
3575 1795 3684 1850 illis

389 1883 453 1936 τὸ
498 1881 805 1936 Σάϐϐατον.
855 1881 972 1934 Ἵνα
1010 1881 1076 1952 δὴ
1126 1882 1290 1936 πάλιν
1337 1881 1636 1952 θεωρῶμεν
1684 1881 1884 1944 αὐτοὺς
1934 1880 1994 1933 ού

2099 1886 2436 1943 audiendum
2478 1886 2641 1960 212
2670 1901 2795 1942 esse
2822 1905 2836 1942 :
2868 1905 2886 1938 ι
2920 1886 3132 1941 Erratis
3173 1864 3490 1942 nescientes
3527 1885 3682 1940 Scri-

402 1973 642 2046 μετρίως
667 1973 1112 2045 ἀνοηταίνοντας,
1139 1973 1229 2029 διά
1253 1991 1313 2027 τε
1335 1973 1495 2026 τοῦτο
1520 1973 1748 2036 δικαίως
1777 1973 1997 2026 ἀκούειν

401 2066 744 2136 ὀφείλοντας·
787 2085 805 2118 ι
845 2065 1132 2119 Πλανᾶσθε
1181 2065 1256 2136 μὴ
1300 2066 1501 2131 εἰδότες
1538 2066 1638 2129 τάς
1684 2065 1935 2137 Γραφάς,
1972 2082 1990 2115 ι

397 2159 530 2228 φέρε
555 2158 624 2230 δὴ
654 2159 750 2212 καὶ
780 2161 846 2212 ἐκ
874 2161 985 2213 τῶν
1019 2159 1184 2231 ἱερῶν
1204 2158 1464 2222 λαϐόντες
1489 2158 1841 2231 Γραμμάτων
1875 2157 1998 2211 ὲπι-

389 2251 734 2320 δεικνύωμεν
764 2251 1047 2324 ἐναργῶς,
1105 2251 1199 2305 καὶ
1243 2249 1413 2304 πάλαι
1455 2247 1996 2320 προαναζωγραφού-

393 2357 562 2410 μενον
593 2339 670 2405 ὡς
700 2342 758 2395 ἐν
786 2341 943 2412 τύπῳ
975 2341 1067 2396 τὸν
1102 2340 1311 2412 Ἰησοῦν
1352 2339 1752 2413 ἀδιαφοροῦντα
1785 2339 1914 2412 περὶ
1935 2339 1996 2392 τὸ

390 2431 698 2487 Σάϐϐατον.
735 2433 948 2487 Οὐκοῦν
987 2435 1045 2487 ὲν
1094 2435 1242 2506 γήρᾳ
1288 2432 1521 2504 μακρῷ,
1571 2432 1754 2496 καθὼς
1787 2432 1994 2503 γέγρα-

389 2538 550 2587 πται,
585 2523 696 2577 τῶν
720 2522 1078 2594 ἀνθρωπίνων
1101 2522 1560 2594 ἀποδημήσαντος
1588 2521 1680 2576 τοῦ
1713 2523 1993 2591 πανσόφου

386 2616 678 2683 Μωσέως,
727 2616 824 2670 καὶ
869 2617 951 2680 εἰς
981 2617 1078 2681 τάς
1126 2617 1240 2670 ἄνω
1291 2614 1755 2687 μεθορμισθέντος
1803 2616 1991 2688 μονὰς,

387 2709 574 2780 κρίσει
605 2709 701 2763 καὶ
737 2707 908 2780 ψήφῳ
936 2709 1031 2762 τοῦ
1068 2709 1287 2763 πάντων
1321 2709 1651 2780 κρατοῦντος
1683 2708 1844 2774 Θεοῦ,
1893 2709 1994 2779 τὴν

384 2802 696 2873 ἠγεμονίαν
717 2801 814 2873 τὴν
839 2801 932 2855 ἐπὶ
962 2802 1055 2856 τὸν
1094 2802 1315 2874 Ἰσραὴλ
1343 2802 1501 2872 ἔλαχέ
1534 2820 1590 2855 τε
1627 2801 1723 2856 καὶ
1750 2801 1996 2874 ἐκληρώ-

389 2912 529 2953 σατο
563 2897 695 2958 παῖς
723 2896 751 2948 6
786 2892 883 2948 τοῦ
917 2895 1074 2967 Ναυῆ
1111 2894 1344 2967 Ἰησοῦς.
1394 2894 1615 2966 Ἐπειδὴ
1653 2895 1710 2948 δὲ
1757 2895 1992 2966 μυριάν-

383 2985 552 3059 δρους
623 2985 856 3041 ὁπλιτῶν
926 2985 1195 3058 ἀριθμοὺς
1239 2988 1426 3057 κύκλῳ
1495 2988 1836 3057 περιστήσας
1894 2986 1994 3057 τῆς

399 3077 706 3149 Ἱεριχοῦς,
771 3077 914 3132 ἑλεῖν
957 3096 1019 3132 τε
1072 3079 1176 3150 ἤδη
1222 3079 1318 3133 καί⁸
1366 3077 1768 3150 καταστρέφειν
1821 3078 1994 3150 αὐτὴν

384 3168 670 3235 ἐϐούλετο,
707 3169 961 3242 σύνθημα
995 3170 1094 3241 μὲν
1135 3173 1250 3235 τοῖς
1291 3171 1532 3235 λευίταις
1571 3171 1765 3238 ἐδίδου,
1804 3169 1991 3242 κύκλῳ

385 3261 686 3332 περιάγειν
734 3262 836 3334 τὴν
885 3262 1119 3318 κιϐωτὸν
1147 3303 1164 3330 ,
1198 3265 1284 3332 ἐφ’
1330 3263 1482 3330 ὅλαις
1523 3263 1584 3332 ἓξ
1617 3264 1711 3318 τὸν
1751 3262 1988 3334 ἀριθμὸν

386 3353 666 3427 ἡμέραις,
695 3356 762 3426 τῇ
794 3353 851 3407 δὲ
879 3353 1113 3426 ἑϐδόμη,
1144 3353 1292 3408 τοῦτ’
1323 3354 1438 3408 ἔστι
1457 3393 1474 3420 ,
1501 3354 1644 3410 κατά
1679 3354 1741 3408 τὸ
1775 3353 1990 3409 Σάϐϐα-

383 3461 506 3510 τον,
544 3445 940 3511 συναλαλάξειν
989 3448 1110 3510 ταῖς
1154 3446 1414 3516 σάλπιγξι
1452 3446 1552 3518 τὴν
1595 3446 1833 3518 ἄμετρον
1878 3445 1989 3501 τῶν

389 3539 829 3612 στρατευμάτων
864 3539 1120 3594 ἐκέλευσε
1144 3540 1378 3612 πληθὺν,
1410 3541 1505 3595 καὶ
1528 3539 1858 3609 κατεσείσθη
1893 3540 1993 3612 μὲν

385 3632 539 3686 οὕτω
571 3632 635 3686 τὸ
671 3635 852 3704 τεῖχος
874 3672 888 3696 ,
943 3632 1329 3703 εἰσδραμόντες
1372 3633 1430 3686 δὲ
1464 3633 1597 3687 εῐσω
1618 3674 1633 3699 ,
1679 3631 1994 3705 χειροῦνται

387 3724 494 3796 τὴν
524 3723 687 3778 πόλιν
713 3764 727 3789 ,
774 3723 835 3776 ού
869 3721 970 3794 τὴν
1007 3722 1236 3794 ἄκαιρον
1281 3722 1375 3777 τοῦ
1410 3723 1692 3778 Σαϐϐάτου
1719 3722 1994 3794 τιμῶντες

388 3816 619 3888 ἀργίαν,
652 3815 774 3869 οὐδὲ
795 3815 860 3868 τὸ
889 3816 1046 3886 νικᾷν
1065 3817 1123 3869 ὲν
1153 3814 1303 3886 αὐτῷ
1323 3814 1754 3886 παραιτούμενοι
1780 3814 1870 3868 διὰ
1898 3814 1992 3869 τὸν

389 3909 712 3980 ἐξείργοντα
741 3908 940 3978 νόμον,
996 3907 1113 3961 ἀλλ’
1141 3907 1263 3961 οὐδὲ
1301 3909 1415 3971 τοῖς
1471 3906 1648 3978 Ἰησοῦ
1685 3908 1994 3979 στρατηγή-

391 4018 564 4073 μασιν
612 4000 1076 4072 ἀντιπράττοντες
1108 3999 1264 4067 τότε,
1314 3999 1581 4070 λοιδορίας
1610 3999 1667 4054 δὲ
1708 4000 1994 4066 παντελῶς

390 4092 693 4164 ἐλευθέραν
735 4091 832 4146 τοῦ
877 4091 1076 4162 ἀνδρὸς
1117 4090 1216 4164 τὴν
1264 4091 1564 4163 ἡγεμονίαν
1623 4093 1991 4164 τηρήσαντες.

390 4187 507 4241 Καὶ
552 4187 581 4239 6
628 4184 731 4256 μὲν
783 4184 955 4248 τύπος
998 4186 1057 4239 ὲν
1104 4184 1341 4248 τούτοις.
1391 4184 1610 4255 Ἐπειδὴ
1649 4185 1708 4240 δὲ
1750 4186 1990 4257 παρῆνή

391 4278 663 4350 ἀλήθεια,
717 4274 862 4330 τοῦτ’
907 4277 1022 4330 ἐστι
1079 4278 1338 4349 Χριστὸς,
1378 4278 1479 4350 τὴν
1523 4278 1994 4350 ὲπιτειχισθεῖσαν

391 4372 538 4431 κατά
585 4370 684 4424 τοῦ
749 4369 1040 4442 ἀνθρώπου
1097 4371 1251 4442 παρὰ
1309 4371 1404 4424 τοῦ
1475 4371 1728 4426 διαϐόλου
1787 4371 1996 4444 φθορὰν

389 4460 643 4517 καθελών
695 4478 758 4514 τε
805 4461 902 4516 καὶ
951 4461 1396 4532 χειρωσάμενος,
1442 4457 1565 4515 εἶτα
1613 4460 1773 4516 τοῦτο
1825 4462 1997 4519 ποιῶν

2096 1988 2294 2053 pturas
2313 1978 2382 2044 ³⁸,
2420 1997 2437 2030 ι
2465 1992 2564 2049 age
2587 1994 2721 2050 ergo
2747 1979 2934 2035 allatis
2956 1994 3181 2050 quoque
3209 1993 3496 2034 sacrarum
3529 1976 3683 2032 Scri-

2097 2080 2388 2144 pturarum
2436 2070 2774 2126 testimoniis
2804 2071 2955 2126 clare
3009 2069 3370 2125 ostendamus
3405 2068 3685 2140 quondam

2096 2166 2266 2220 etiam
2317 2163 2497 2235 typice
2547 2161 2960 2234 praefiguratum
3006 2161 3184 2218 fuisse
3235 2159 3422 2217 Jesum
3458 2158 3686 2214 Sabbati

2095 2257 2545 2313 observationem
2605 2264 2988 2311 contemnere.
3042 2252 3218 2325 Igitur
3270 2249 3687 2323 sapientissimo

2096 2349 2304 2420 Moyse,
2341 2355 2403 2401 ut
2439 2346 2706 2416 scriptum
2738 2353 2844 2412 est,
2878 2346 2934 2400 in
2980 2352 3231 2400 extrema
3271 2349 3558 2400 senectute
3597 2354 3686 2394 re-

2095 2439 2204 2495 bus
2239 2438 2498 2494 humanis
2525 2435 2812 2502 dei‘uncto,
2850 2443 2904 2492 et
2933 2436 2998 2490 ad
3056 2451 3329 2506 supernas
3363 2432 3687 2488 mansiones

2096 2530 2386 2597 translato,
2427 2528 2640 2600 judicio
2690 2543 2755 2583 ac
2791 2528 3070 2584 sententia
3105 2523 3540 2596 cunctipotentis
3576 2521 3680 2577 Dei

2095 2622 2266 2679 Josue
2297 2622 2446 2677 tilius
2476 2619 2625 2676 Nave
2643 2619 3022 2675 lsraelitarum
3055 2618 3309 2687 regimen
3345 2614 3590 2670 obtinuit
3612 2613 3681 2668 ²⁹.

2097 2715 2202 2782 Qui
2257 2729 2385 2768 cum
2437 2709 2938 2766 innumerabilibus
2988 2716 3331 2764 armatorum
3372 2706 3549 2775 copiis
3595 2702 3687 2759 Je-

2095 2804 2412 2860 rtchuntem
2467 2801 2802 2867 obsedisset,
2832 2815 3066 2871 eamque
3106 2800 3158 2855 vi
3205 2811 3527 2870 expugnare
3571 2804 3688 2850 sta-

2094 2895 2317 2960 tuisset,
2356 2896 2580 2966 signum
2620 2895 2772 2949 dedit
2805 2892 3013 2948 Levitis
3069 2899 3129 2945 ut
3184 2891 3316 2944 totis
3349 2905 3443 2945 sex
3487 2887 3684 2942 diebus

2096 2989 2313 3044 circum
2347 2988 2546 3042 urbem
2603 3001 2787 3041 arcam
2838 2983 3140 3050 deferrent,
3172 2983 3407 3052 septima
3440 2994 3594 3042 vero,
3631 2978 3686 3032 id

2096 3088 2183 3138 est
2220 3076 2970 3143 Sabbato,innumerabilem
2998 3075 3237 3130 militum
3271 3071 3684 3129 multitudinem

2096 3173 2243 3228 tubis
2274 3172 2534 3243 clangere
2563 3169 2730 3226 simul
2757 3168 2951 3240 jussit,
2983 3174 3150 3236 atque
3184 3165 3261 3219 ita
3299 3163 3592 3220 concussis
3623 3178 3688 3217 ac

2097 3265 2304 3324 dirutis
2360 3263 2642 3319 mmnibus
2695 3260 2936 3331 ingressi
2987 3260 3182 3314 urbem
3233 3267 3523 3327 ceperunt,
3573 3270 3686 3308 non

2097 3360 2461 3416 observantes
2493 3356 2950 3426 intempestivum
2985 3349 3218 3406 Sabbati
3260 3349 3459 3412 otium,
3505 3361 3690 3417 neque

2098 3452 2392 3508 victoriam
2441 3448 2538 3504 illo
2572 3447 2661 3503 die
2695 3452 3024 3502 recusantes
3057 3441 3130 3498 ob
3177 3439 3317 3512 legis
3353 3437 3686 3510 prohibitio-

2100 3561 2266 3610 nem,
2319 3541 2417 3599 sed
2462 3556 2567 3596 nec
2610 3539 2698 3596 sui
2741 3538 2905 3595 ducis
2949 3535 3245 3607 imperium
3291 3533 3687 3592 detrectantes,

2103 3639 2356 3708 adeoque
2390 3636 2574 3705 ipsum
2609 3632 2764 3687 omni
2804 3632 2968 3702 plane
3000 3628 3259 3684 convicio
3291 3626 3598 3682 liberantcs
3621 3621 3687 3674 ³ο.

2094 3731 2275 3800 Atque
2310 3728 2429 3782 haec
2455 3727 2690 3797 ﬁgurate
2724 3721 2966 3792 quidem.
2995 3718 3271 3786 Quoniam
3309 3723 3495 3770 autem
3543 3711 3690 3766 veri-

2093 3828 2182 3878 tas
2233 3820 2495 3884 advenit,
2538 3817 2592 3872 id
2623 3823 2709 3872 est
2729 3814 3016 3876 Christus,
3053 3816 3370 3881 expugnata
3411 3814 3468 3860 et
3496 3816 3691 3859 eversa

2096 3909 2456 3979 corruptione
2497 3921 2527 3960 a
2562 3904 2789 3960 diabolo
2832 3901 3106 3957 adversus
3138 3906 3393 3953 naturam
3444 3891 3690 3946 hominis

2095 4009 2314 4069 erecta,
2349 4012 2594 4068 cumque
2633 3995 2690 4050 id
2737 3994 2925 4049 facere
2970 3992 3223 4047 videatur
3277 3986 3424 4041 circa
3478 3981 3693 4036 Sabba-

2095 4104 2214 4152 tum
2240 4135 2256 4159 ,
2285 4093 2446 4149 velut
2479 4092 2536 4145 in
2567 4086 2878 4160 primordio
2905 4092 2960 4139 et
2985 4083 3064 4138 rei
3097 4078 3398 4152 principio,
3427 4075 3487 4130 in
3528 4086 3694 4143 para-

2096 4187 2269 4260 lytico
2317 4183 2618 4247 nimirum,
2680 4178 2850 4234 stulte
2916 4173 3300 4244 indignantur,
3358 4164 3692 4236 obsequium

2099 4257 2324 4352 patrum
2355 4275 2753 4338 condemnant,
2786 4277 2901 4327 nOn
2950 4269 3196 4325 ferentes
3230 4264 3555 4321 morborum
3588 4257 3692 4312 do-

2099 4369 2279 4425 iorem
2321 4368 2379 4422 in
2417 4365 2665 4422 Sabbato
2701 4361 2979 4433 superari,
2999 4365 3276 4430 quatenus
3302 4355 3372 4411 ad
3407 4354 3690 4410 insectan-

2103 4461 2235 4518 dum
2266 4458 2459 4517 Jesum
2490 4460 2548 4514 in
2574 4456 2820 4512 Sabbato
2853 4455 2997 4510 bene
3026 4457 3330 4508 merentem
3364 4447 3690 4516 adiguntur.

391 4557 591 4626 ὁρᾶται
643 4554 790 4610 κατά
854 4555 918 4609 τὸ
969 4556 1270 4622 σάϐϐατον,
1330 4557 1404 4620 ὡς
1451 4558 1510 4610 ὲν
1563 4555 1838 4628 προοιμίῳ
1889 4559 1984 4613 καὶ
2040 4557 2185 4630 ἀρχῇ
2237 4555 2334 4610 τοῦ
2383 4555 2729 4627 πράγματος,
2779 4553 2836 4604 ὲν
2872 4548 2952 4620 τῷ
3004 4543 3456 4619 παραλελυμένῳ,
3495 4542 3693 4608 δυσφο-

395 4651 587 4728 ροῦσιν
616 4648 984 4716 ἀπαιδεύτως,
1013 4650 1107 4704 καὶ
1132 4652 1233 4721 τῇς
1255 4649 1366 4703 τῶν
1392 4647 1648 4720 πατέρων
1693 4649 2011 4714 εὐπειθείας
2059 4648 2508 4713 καταδικάζουσι,
2550 4643 2650 4715 τὴν
2702 4645 2767 4696 ἐκ
2795 4641 2906 4696 τῶν
2935 4635 3390 4728 ἀρρωστημάτων
3413 4633 3696 4728 -ὲπήρειαν

390 4722 554 4816 ςηκνᾷν
581 4742 641 4794 έν
671 4738 939 4809 Σαδδάτφ
966 4738 1065 4810 τὴν
1099 4738 1260 4808 φύσιν
1286 4739 1389 4794 οὐκ
1421 4737 1837 4811 ἐπιτρέποντες,
1867 4741 1992 4795 ὅσον
2027 4741 2110 4806 εἰς
2133 4739 2196 4794 τὸ
2237 4739 2437 4812 χρῆναι
2505 4734 2725 4790 διώκειν
2768 4730 3092 4802 ἐπείγεσθαι
3134 4726 3225 4782 τὸν
3264 4723 3475 4798 Ἰησοῦν
3539 4722 3698 4792 εὐερ-

389 4835 658 4909 γετοῦντα
691 4832 832 4886 κατά
867 4831 930 4885 τὸ
967 4830 1262 4886 Σάϐϐατον.

476 4928 544 4981 '0
575 4923 783 4993 Πατήρ
810 4942 932 4994 μου
964 4923 1077 4990 ἕως
1106 4923 1241 4992 ἄρτι
1273 4921 1598 4994 ἐργάζεται,
1633 4923 1795 4995 κάγὼ
1831 4924 1994 4994 ἐργά-

2183 4922 2248 4988 ν,
2283 4921 2372 4978 17.
2410 4918 2574 4973 Pater
2617 4930 2762 4970 meus
2815 4927 2979 4982 usque
3032 4906 3190 4963 modo
3218 4911 3492 4976 operatur,
3521 4909 3572 4956 et
3602 4918 3696 4972 ego

501 5033 588 5070 αι.

501 5033 588 5070 αι.

393 5016 829 5176 ζομΔιαλέγεται
872 5107 974 5178 μὲν
1019 5106 1096 5170 ὡς
1129 5105 1188 5160 ὲν
1227 5103 1491 5173 Σαϐϐάτῳ
1527 5105 1784 5175 Χριστός.
1827 5104 2002 5161 Τοῦτο

394 5205 505 5276 γὰρ
542 5203 762 5273 ἀνάγκη
808 5200 870 5255 τὺ
910 5218 928 5252 ι
964 5199 1069 5263 ἕως
1098 5199 1224 5270 ἄρτι
1262 5215 1280 5249 ›
1320 5195 1540 5266 δηλοῦν,
1579 5196 1667 5251 ἵνα
1701 5198 1793 5251 τὸν
1827 5199 1996 5270 ἑαυτῇ

397 5297 683 5368 πρέποντα
711 5293 871 5362 λόγον
906 5293 940 5364 ή
973 5289 1067 5345 τοῦ
1103 5290 1463 5362 θεωρήματος
1487 5288 1714 5359 δέχηται
1741 5289 1995 5362 δύναμις.

411 5387 802 5449 Ἀπαιδεύτους
859 5385 918 5439 δὲ
962 5384 1124 5447 ὄντας
1176 5384 1305 5446 τοὺς
1378 5381 1701 5448 Ἰουδαίους,
1767 5383 1864 5436 καὶ
1914 5383 2000 5446 τίς

402 5480 503 5555 μέν
555 5481 676 5532 ἐστι
731 5476 875 5532 κατά
935 5476 1099 5547 φύσιν
1152 5475 1254 5529 οὐκ
1309 5473 1522 5539 εἰδότας
1575 5475 1604 5526 ὁ
1654 5474 1996 5546 Μονογενὴς,

404 5572 553 5645 μόνῳ
597 5572 656 5626 δὲ
704 5570 1058 5633 ἀνατιθέντας
1099 5567 1180 5639 τῷ
1225 5567 1346 5639 Θεῷ
1398 5567 1493 5620 καὶ
1545 5568 1723 5638 Πατρὶ
1774 5565 1866 5619 τοῦ
1911 5565 2000 5621 διὰ

400 5664 648 5723 Μωσέως
711 5662 880 5732 νόμου
945 5661 1040 5714 τὸν
1100 5660 1374 5732 «ὁρισμὸν,
1452 5659 1603 5730 αὐτῷ
1673 5677 1730 5712 τε
1797 5659 1998 5730 χρῆναι

403 5758 498 5810 καὶ
533 5753 820 5808 πείθεσθαι
877 5754 1022 5825 μόνῳ
1078 5751 1632 5824 διαϐεϐαιουμένους,
1686 5749 2002 5805 ἀναπείθειν

2108 5029 2416 5160 opggserit
2464 5100 2691 5173 quidem
2738 5094 3000 5152 Christus
3036 5101 3096 5146 ut
3130 5090 3190 5145 in
3237 5086 3503 5144 Sabbato.
3542 5080 3696 5138 Istud

2107 5198 2257 5256 enim
2297 5208 2530 5251 necesse
2583 5198 2670 5247 est
2720 5183 3026 5258 signiﬁcari
3073 5182 3164 5239 his
3216 5179 3424 5243 verbis,
3463 5195 3482 5228 ι
3519 5188 3696 5266 usque

2106 5291 2300 5355 modo,
2354 5308 2374 5342 ι
2421 5293 2483 5343 ut
2533 5281 2961 5341 convenientem
2999 5276 3108 5334 sibi
3163 5284 3476 5331 sermonem
3518 5267 3696 5355 viset

2107 5385 2253 5440 ratio
2286 5354 2666 5438 theorematis
2703 5373 2962 5444 accipiat.
3011 5367 3304 5438 Imperitos
3351 5366 3536 5416 autem
3592 5354 3694 5410 Ju-

2108 5568 2182 5623 sit
2223 5562 2572 5635 Unigenitus,
2616 5557 2712 5615 sed
2759 5556 2853 5611 uni
2899 5554 3014 5608 Deo
3063 5564 3128 5603 ac
3165 5544 3316 5600 Patri
3366 5538 3692 5635 praescripta

2108 5628 2364 5711 Mosaicae
2381 5653 2517 5724 legis
2548 5651 2881 5712 tribuentes,
2911 5643 3074 5711 eique
3101 5637 3198 5692 uni
3224 5629 3528 5705 parendum
3555 5628 3692 5683 allir-

2110 5758 2346 5813 mantes,
2378 5741 2718 5817 persuadere
2771 5737 2918 5792 clare
2959 5737 3194 5787 conatur
3243 5724 3430 5782 omnia
3483 5737 3542 5779 se
3583 5736 3691 5777 una

479 5873 524 5910 ἐτ
566 5871 701 5929 Luc.
736 5886 856 5937 χιιι,
888 5869 972 5926 15.
1051 5869 1094 5900 ³⁸
1125 5865 1316 5923 Matth.
1352 5881 1489 5933 xxu,
1523 5865 1614 5922 29.
1697 5867 1741 5898 ²⁹
1774 5863 1931 5920 Deut.
1964 5880 1990 5918 ιι

2097 5879 2149 5929 v,
2180 5861 2234 5925 8,
2268 5859 2320 5916 9.
2402 5858 2445 5890 ³⁰
2473 5854 2641 5913 Josuc
2670 5867 2756 5919 ιιι,
2787 5849 2819 5903 3
2850 5858 3012 5916 seqq.
