  <div class='ocr_page' id='page_1' title='image "/cluster/home/n/w/nwhite01/storage/ocr_20150623/73:no.6/coo.31924054869692/181.png"; bbox 0 0 4052 6520; ppageno 0'>
   <div class='ocr_carea' id='block_1_1' title="bbox 445 396 2691 465">
    <p class='ocr_par' dir='ltr' id='par_1_1' title="bbox 445 396 2691 465">
     <span class='ocr_line' id='line_1_1' title="bbox 445 396 2691 465; baseline 0.006 -16"><span class='ocrx_word' id='word_1_1' title='bbox 445 396 550 452; x_wconf 62' lang='grc'><strong>547</strong></span> <span class='ocrx_word' id='word_1_2' title='bbox 1438 401 1495 458; x_wconf 90' lang='lat' dir='ltr'><strong>S.</strong></span> <span class='ocrx_word' id='word_1_3' title='bbox 1540 401 1824 460; x_wconf 77' lang='lat' dir='ltr'><strong>CYRILLI</strong></span> <span class='ocrx_word' id='word_1_4' title='bbox 1859 404 2336 462; x_wconf 76' lang='lat' dir='ltr'><strong>ALEXANDRINI</strong></span> <span class='ocrx_word' id='word_1_5' title='bbox 2369 405 2691 465; x_wconf 80' lang='lat' dir='ltr'><strong>ARCHIEP.</strong></span> 
     </span>
    </p>
   </div>
   <div class='ocr_carea' id='block_1_2' title="bbox 3608 419 3712 477">
    <p class='ocr_par' dir='ltr' id='par_1_2' title="bbox 3608 419 3712 477">
     <span class='ocr_line' id='line_1_2' title="bbox 3608 419 3712 477; baseline 0 0"><span class='ocrx_word' id='word_1_6' title='bbox 3608 419 3712 477; x_wconf 62' lang='lat'><strong>548</strong></span> 
     </span>
    </p>
   </div>
   <div class='ocr_carea' id='block_1_3' title="bbox 439 509 2023 600">
    <p class='ocr_par' dir='ltr' id='par_1_3' title="bbox 439 509 2023 587">
     <span class='ocr_line' id='line_1_3' title="bbox 439 509 2023 587; baseline 0.004 -24"><span class='ocrx_word' id='word_1_7' title='bbox 439 527 564 567; x_wconf 82' lang='lat' dir='ltr'><strong>eum</strong></span> <span class='ocrx_word' id='word_1_8' title='bbox 596 510 760 566; x_wconf 85' lang='lat' dir='ltr'><strong>Patre</strong></span> <span class='ocrx_word' id='word_1_9' title='bbox 779 510 939 581; x_wconf 70' lang='lat'><strong>213</strong></span> <span class='ocrx_word' id='word_1_10' title='bbox 958 509 1196 581; x_wconf 82' lang='lat' dir='ltr'><strong>cperari,</strong></span> <span class='ocrx_word' id='word_1_11' title='bbox 1217 521 1270 565; x_wconf 88' lang='lat' dir='ltr'><strong>et</strong></span> <span class='ocrx_word' id='word_1_12' title='bbox 1300 525 1425 565; x_wconf 92' lang='lat' dir='ltr'><strong>cum</strong></span> <span class='ocrx_word' id='word_1_13' title='bbox 1448 511 1729 569; x_wconf 88' lang='lat' dir='ltr'><strong>Genitoris</strong></span> <span class='ocrx_word' id='word_1_14' title='bbox 1758 516 1812 569; x_wconf 90' lang='lat' dir='ltr'><strong>in</strong></span> <span class='ocrx_word' id='word_1_15' title='bbox 1843 518 2023 587; x_wconf 88' lang='lat' dir='ltr'><strong>seipso</strong></span> 
     </span>
    </p>
   </div>
   <div class='ocr_carea' id='block_1_4' title="bbox 2124 509 3714 600">
    <p class='ocr_par' dir='ltr' id='par_1_4' title="bbox 2132 516 3714 600">
     <span class='ocr_line' id='line_1_4' title="bbox 2132 516 3714 600; baseline 0.005 -31"><span class='ocrx_word' id='word_1_16' title='bbox 2132 516 2390 588; x_wconf 76' lang='grc' dir='ltr'>πειρᾶται</span> <span class='ocrx_word' id='word_1_17' title='bbox 2455 516 2677 587; x_wconf 88' lang='grc' dir='ltr'>σαφῶς,</span> <span class='ocrx_word' id='word_1_18' title='bbox 2733 518 2816 572; x_wconf 80' lang='grc' dir='ltr'><strong>ὅτι</strong></span> <span class='ocrx_word' id='word_1_19' title='bbox 2876 520 3056 573; x_wconf 84' lang='grc' dir='ltr'>πάντα</span> <span class='ocrx_word' id='word_1_20' title='bbox 3100 518 3177 590; x_wconf 78' lang='grc' dir='ltr'><strong>τῷ</strong></span> <span class='ocrx_word' id='word_1_21' title='bbox 3217 521 3394 594; x_wconf 64' lang='grc' dir='ltr'><strong>Πατρί¹</strong></span> <span class='ocrx_word' id='word_1_22' title='bbox 3449 532 3714 600; x_wconf 75' lang='grc' dir='ltr'>συνεργὰ..</span> 
     </span>
    </p>
   </div>
   <div class='ocr_carea' id='block_1_5' title="bbox 440 604 2022 674">
    <p class='ocr_par' dir='ltr' id='par_1_5' title="bbox 440 604 2022 674">
     <span class='ocr_line' id='line_1_5' title="bbox 440 604 2022 674; baseline 0.002 -15"><span class='ocrx_word' id='word_1_23' title='bbox 440 612 699 659; x_wconf 89' lang='lat' dir='ltr'><strong>naturam</strong></span> <span class='ocrx_word' id='word_1_24' title='bbox 739 605 936 658; x_wconf 80' lang='lat' dir='ltr'><strong>habeat</strong></span> <span class='ocrx_word' id='word_1_25' title='bbox 959 643 973 668; x_wconf 92' lang='lat'><strong>,</strong></span> <span class='ocrx_word' id='word_1_26' title='bbox 1009 610 1297 674; x_wconf 87' lang='lat' dir='ltr'><strong>propterea</strong></span> <span class='ocrx_word' id='word_1_27' title='bbox 1329 604 1478 673; x_wconf 90' lang='lat' dir='ltr'><strong>quod</strong></span> <span class='ocrx_word' id='word_1_28' title='bbox 1515 605 1668 660; x_wconf 85' lang='lat' dir='ltr'><strong>aliud</strong></span> <span class='ocrx_word' id='word_1_29' title='bbox 1698 616 1911 662; x_wconf 87' lang='lat' dir='ltr'><strong>nonest</strong></span> <span class='ocrx_word' id='word_1_30' title='bbox 1953 607 2022 662; x_wconf 88' lang='lat' dir='ltr'><strong>ab</strong></span> 
     </span>
    </p>
   </div>
   <div class='ocr_carea' id='block_1_6' title="bbox 440 693 2024 767">
    <p class='ocr_par' dir='ltr' id='par_1_6' title="bbox 440 693 2024 767">
     <span class='ocr_line' id='line_1_6' title="bbox 440 693 2024 767; baseline 0.004 -19"><span class='ocrx_word' id='word_1_31' title='bbox 440 695 559 761; x_wconf 89' lang='lat' dir='ltr'><strong>illo,</strong></span> <span class='ocrx_word' id='word_1_32' title='bbox 601 695 748 765; x_wconf 87' lang='lat' dir='ltr'><strong>quod</strong></span> <span class='ocrx_word' id='word_1_33' title='bbox 796 693 862 747; x_wconf 90' lang='lat' dir='ltr'><strong>ad</strong></span> <span class='ocrx_word' id='word_1_34' title='bbox 905 694 1231 748; x_wconf 72' lang='lat' dir='ltr'><strong>substantiae</strong></span> <span class='ocrx_word' id='word_1_35' title='bbox 1284 695 1632 750; x_wconf 89' lang='lat' dir='ltr'><strong>identitatem</strong></span> <span class='ocrx_word' id='word_1_36' title='bbox 1691 705 1925 767; x_wconf 87' lang='lat' dir='ltr'><strong>spectat,</strong></span> <span class='ocrx_word' id='word_1_37' title='bbox 1963 713 2024 754; x_wconf 90' lang='lat' dir='ltr'><strong>se</strong></span> 
     </span>
    </p>
   </div>
   <div class='ocr_carea' id='block_1_7' title="bbox 438 781 2023 855">
    <p class='ocr_par' dir='ltr' id='par_1_7' title="bbox 438 781 2023 855">
     <span class='ocr_line' id='line_1_7' title="bbox 438 781 2023 855; baseline 0.003 -18"><span class='ocrx_word' id='word_1_38' title='bbox 438 784 580 838; x_wconf 83' lang='lat' dir='ltr'><strong>nihil</strong></span> <span class='ocrx_word' id='word_1_39' title='bbox 635 781 783 837; x_wconf 81' lang='lat' dir='ltr'><strong>aliud</strong></span> <span class='ocrx_word' id='word_1_40' title='bbox 832 797 1075 852; x_wconf 87' lang='lat' dir='ltr'><strong>unquam</strong></span> <span class='ocrx_word' id='word_1_41' title='bbox 1125 798 1422 838; x_wconf 79' lang='lat' dir='ltr'><strong>sensurum</strong></span> <span class='ocrx_word' id='word_1_42' title='bbox 1476 800 1642 854; x_wconf 88' lang='lat' dir='ltr'><strong>quam</strong></span> <span class='ocrx_word' id='word_1_43' title='bbox 1676 787 1823 855; x_wconf 89' lang='lat' dir='ltr'><strong>quod</strong></span> <span class='ocrx_word' id='word_1_44' title='bbox 1874 785 2023 841; x_wconf 89' lang='lat' dir='ltr'><strong>Patri</strong></span> 
     </span>
    </p>
   </div>
   <div class='ocr_carea' id='block_1_8' title="bbox 438 875 2022 946">
    <p class='ocr_par' dir='ltr' id='par_1_8' title="bbox 438 875 2022 946">
     <span class='ocr_line' id='line_1_8' title="bbox 438 875 2022 946; baseline 0.003 -19"><span class='ocrx_word' id='word_1_45' title='bbox 438 877 744 946; x_wconf 89' lang='lat' dir='ltr'><strong>placuerit;</strong></span> <span class='ocrx_word' id='word_1_46' title='bbox 788 888 1025 945; x_wconf 90' lang='lat' dir='ltr'><strong>cumque</strong></span> <span class='ocrx_word' id='word_1_47' title='bbox 1058 875 1133 929; x_wconf 88' lang='lat' dir='ltr'><strong>sit</strong></span> <span class='ocrx_word' id='word_1_48' title='bbox 1166 875 1415 945; x_wconf 83' lang='lat' dir='ltr'><strong>ejusdem</strong></span> <span class='ocrx_word' id='word_1_49' title='bbox 1453 876 1801 941; x_wconf 69' lang='lat' dir='ltr'><strong>substantiae,</strong></span> <span class='ocrx_word' id='word_1_50' title='bbox 1832 877 2022 933; x_wconf 89' lang='lat' dir='ltr'><strong>eadem</strong></span> 
     </span>
    </p>
   </div>
   <div class='ocr_carea' id='block_1_9' title="bbox 440 969 2022 1039">
    <p class='ocr_par' dir='ltr' id='par_1_9' title="bbox 440 969 2022 1039">
     <span class='ocr_line' id='line_1_9' title="bbox 440 969 2022 1039; baseline 0.002 -18"><span class='ocrx_word' id='word_1_51' title='bbox 440 982 664 1037; x_wconf 89' lang='lat' dir='ltr'><strong>quoque</strong></span> <span class='ocrx_word' id='word_1_52' title='bbox 697 975 966 1034; x_wconf 76' lang='lat' dir='ltr'><strong>statuere,</strong></span> <span class='ocrx_word' id='word_1_53' title='bbox 994 969 1125 1033; x_wconf 91' lang='lat' dir='ltr'><strong>imo,</strong></span> <span class='ocrx_word' id='word_1_54' title='bbox 1153 983 1277 1024; x_wconf 89' lang='lat' dir='ltr'><strong>cum</strong></span> <span class='ocrx_word' id='word_1_55' title='bbox 1320 969 1438 1039; x_wconf 90' lang='lat' dir='ltr'><strong>ipse</strong></span> <span class='ocrx_word' id='word_1_56' title='bbox 1484 971 1556 1025; x_wconf 90' lang='lat' dir='ltr'><strong>sit</strong></span> <span class='ocrx_word' id='word_1_57' title='bbox 1590 970 1783 1027; x_wconf 82' lang='lat' dir='ltr'><strong>vivens</strong></span> <span class='ocrx_word' id='word_1_58' title='bbox 1832 971 2022 1027; x_wconf 90' lang='lat' dir='ltr'><strong>consi—</strong></span> 
     </span>
    </p>
   </div>
   <div class='ocr_carea' id='block_1_10' title="bbox 436 1058 2026 1127">
    <p class='ocr_par' dir='ltr' id='par_1_10' title="bbox 436 1058 2026 1127">
     <span class='ocr_line' id='line_1_10' title="bbox 436 1058 2026 1127; baseline 0.004 -14"><span class='ocrx_word' id='word_1_59' title='bbox 436 1058 571 1114; x_wconf 87' lang='lat' dir='ltr'><strong>lium</strong></span> <span class='ocrx_word' id='word_1_60' title='bbox 605 1067 660 1115; x_wconf 90' lang='lat' dir='ltr'><strong>et</strong></span> <span class='ocrx_word' id='word_1_61' title='bbox 695 1061 876 1114; x_wconf 89' lang='lat' dir='ltr'><strong>virtus</strong></span> <span class='ocrx_word' id='word_1_62' title='bbox 922 1059 1125 1127; x_wconf 83' lang='lat' dir='ltr'><strong>Patris,</strong></span> <span class='ocrx_word' id='word_1_63' title='bbox 1166 1061 1354 1115; x_wconf 87' lang='lat' dir='ltr'><strong>omnia</strong></span> <span class='ocrx_word' id='word_1_64' title='bbox 1387 1060 1443 1116; x_wconf 93' lang='lat' dir='ltr'><strong>in</strong></span> <span class='ocrx_word' id='word_1_65' title='bbox 1468 1061 1729 1118; x_wconf 90' lang='lat' dir='ltr'><strong>omnibus</strong></span> <span class='ocrx_word' id='word_1_66' title='bbox 1755 1078 1880 1118; x_wconf 90' lang='lat' dir='ltr'><strong>cum</strong></span> <span class='ocrx_word' id='word_1_67' title='bbox 1926 1064 2026 1119; x_wconf 85' lang='lat' dir='ltr'><strong>Pa-</strong></span> 
     </span>
    </p>
   </div>
   <div class='ocr_carea' id='block_1_11' title="bbox 435 1139 2023 1224">
    <p class='ocr_par' dir='ltr' id='par_1_11' title="bbox 435 1139 2023 1224">
     <span class='ocr_line' id='line_1_11' title="bbox 435 1139 2023 1224; baseline 0.003 -19"><span class='ocrx_word' id='word_1_68' title='bbox 435 1160 523 1206; x_wconf 87' lang='lat' dir='ltr'><strong>tre</strong></span> <span class='ocrx_word' id='word_1_69' title='bbox 576 1152 815 1222; x_wconf 90' lang='lat' dir='ltr'><strong>operari.</strong></span> <span class='ocrx_word' id='word_1_70' title='bbox 869 1150 939 1207; x_wconf 89' lang='lat' dir='ltr'><strong>Ut</strong></span> <span class='ocrx_word' id='word_1_71' title='bbox 991 1168 1122 1224; x_wconf 88' lang='lat' dir='ltr'><strong>ergo</strong></span> <span class='ocrx_word' id='word_1_72' title='bbox 1169 1150 1495 1208; x_wconf 65' lang='lat' dir='ltr'><strong>Judazorum</strong></span> <span class='ocrx_word' id='word_1_73' title='bbox 1552 1154 1718 1209; x_wconf 87' lang='lat' dir='ltr'><strong>inane</strong></span> <span class='ocrx_word' id='word_1_74' title='bbox 1769 1139 2023 1211; x_wconf 71' lang='lat' dir='ltr'><strong>murmur</strong></span> 
     </span>
    </p>
   </div>
   <div class='ocr_carea' id='block_1_12' title="bbox 437 1243 2020 1315">
    <p class='ocr_par' dir='ltr' id='par_1_12' title="bbox 437 1243 2020 1315">
     <span class='ocr_line' id='line_1_12' title="bbox 437 1243 2020 1315; baseline 0.003 -18"><span class='ocrx_word' id='word_1_75' title='bbox 437 1252 739 1305; x_wconf 86' lang='lat' dir='ltr'><strong>amoveret,</strong></span> <span class='ocrx_word' id='word_1_76' title='bbox 772 1258 840 1298; x_wconf 91' lang='lat' dir='ltr'><strong>ac</strong></span> <span class='ocrx_word' id='word_1_77' title='bbox 874 1243 1119 1300; x_wconf 84' lang='lat' dir='ltr'><strong>ﬂecteret</strong></span> <span class='ocrx_word' id='word_1_78' title='bbox 1172 1244 1512 1300; x_wconf 73' lang='lat' dir='ltr'><strong>insectantes</strong></span> <span class='ocrx_word' id='word_1_79' title='bbox 1552 1245 1711 1315; x_wconf 91' lang='lat' dir='ltr'><strong>quasi</strong></span> <span class='ocrx_word' id='word_1_80' title='bbox 1755 1246 2020 1302; x_wconf 86' lang='lat' dir='ltr'><strong>honorem</strong></span> 
     </span>
    </p>
   </div>
   <div class='ocr_carea' id='block_1_13' title="bbox 438 1335 2023 1411">
    <p class='ocr_par' dir='ltr' id='par_1_13' title="bbox 438 1335 2023 1411">
     <span class='ocr_line' id='line_1_13' title="bbox 438 1335 2023 1411; baseline 0.003 -20"><span class='ocrx_word' id='word_1_81' title='bbox 438 1335 666 1391; x_wconf 82' lang='lat' dir='ltr'><strong>Sabbati</strong></span> <span class='ocrx_word' id='word_1_82' title='bbox 706 1336 1007 1399; x_wconf 87' lang='lat' dir='ltr'><strong>violasset,</strong></span> <span class='ocrx_word' id='word_1_83' title='bbox 1055 1354 1074 1387; x_wconf 78' lang='grc' dir='ltr'><strong>ι</strong></span> <span class='ocrx_word' id='word_1_84' title='bbox 1118 1335 1280 1391; x_wconf 86' lang='lat' dir='ltr'><strong>Pater</strong></span> <span class='ocrx_word' id='word_1_85' title='bbox 1333 1352 1529 1406; x_wconf 91' lang='lat' dir='ltr'><strong>meus,</strong></span> <span class='ocrx_word' id='word_1_86' title='bbox 1577 1338 1798 1409; x_wconf 84' lang='lat' dir='ltr'><strong>inquit,</strong></span> <span class='ocrx_word' id='word_1_87' title='bbox 1843 1355 2023 1411; x_wconf 93' lang='lat' dir='ltr'><strong>usque</strong></span> 
     </span>
    </p>
   </div>
   <div class='ocr_carea' id='block_1_14' title="bbox 435 1424 2052 1510">
    <p class='ocr_par' dir='ltr' id='par_1_14' title="bbox 435 1424 2052 1510">
     <span class='ocr_line' id='line_1_14' title="bbox 435 1424 2052 1510; baseline 0.001 -27"><span class='ocrx_word' id='word_1_88' title='bbox 435 1427 602 1483; x_wconf 87' lang='lat' dir='ltr'><strong>modo</strong></span> <span class='ocrx_word' id='word_1_89' title='bbox 632 1437 913 1498; x_wconf 87' lang='lat' dir='ltr'><strong>operatur.</strong></span> <span class='ocrx_word' id='word_1_90' title='bbox 950 1446 968 1480; x_wconf 72' lang='grc' dir='ltr'><strong>ι</strong></span> <span class='ocrx_word' id='word_1_91' title='bbox 993 1424 1126 1481; x_wconf 87' lang='lat' dir='ltr'><strong>Tale</strong></span> <span class='ocrx_word' id='word_1_92' title='bbox 1149 1427 1294 1482; x_wconf 85' lang='lat' dir='ltr'><strong>enim</strong></span> <span class='ocrx_word' id='word_1_93' title='bbox 1325 1427 1590 1499; x_wconf 85' lang='lat' dir='ltr'><strong>quiddam</strong></span> <span class='ocrx_word' id='word_1_94' title='bbox 1618 1428 2052 1510; x_wconf 34' lang='lat' dir='ltr'><strong>propemodum.</strong></span> 
     </span>
    </p>
   </div>
   <div class='ocr_carea' id='block_1_15' title="bbox 437 1515 2022 1593">
    <p class='ocr_par' dir='ltr' id='par_1_15' title="bbox 437 1515 2022 1593">
     <span class='ocr_line' id='line_1_15' title="bbox 437 1515 2022 1593; baseline 0.003 -21"><span class='ocrx_word' id='word_1_95' title='bbox 437 1515 753 1588; x_wconf 81' lang='lat' dir='ltr'><strong>signiﬁcare</strong></span> <span class='ocrx_word' id='word_1_96' title='bbox 778 1520 893 1573; x_wconf 87' lang='lat' dir='ltr'><strong>vult</strong></span> <span class='ocrx_word' id='word_1_97' title='bbox 922 1535 935 1572; x_wconf 89' lang='lat'><strong>:</strong></span> <span class='ocrx_word' id='word_1_98' title='bbox 971 1518 1030 1575; x_wconf 90' lang='lat' dir='ltr'><strong>Si</strong></span> <span class='ocrx_word' id='word_1_99' title='bbox 1083 1522 1290 1586; x_wconf 84' lang='lat' dir='ltr'><strong>credis,</strong></span> <span class='ocrx_word' id='word_1_100' title='bbox 1323 1536 1356 1576; x_wconf 94' lang='grc' dir='ltr'><strong>ο</strong></span> <span class='ocrx_word' id='word_1_101' title='bbox 1387 1521 1645 1593; x_wconf 84' lang='lat' dir='ltr'><strong>quisquis</strong></span> <span class='ocrx_word' id='word_1_102' title='bbox 1674 1538 1756 1590; x_wconf 91' lang='lat' dir='ltr'><strong>es,</strong></span> <span class='ocrx_word' id='word_1_103' title='bbox 1796 1530 1937 1579; x_wconf 87' lang='lat' dir='ltr'><strong>nutu</strong></span> <span class='ocrx_word' id='word_1_104' title='bbox 1965 1530 2022 1579; x_wconf 88' lang='lat' dir='ltr'><strong>et</strong></span> 
     </span>
    </p>
   </div>
   <div class='ocr_carea' id='block_1_16' title="bbox 434 1610 2019 1685">
    <p class='ocr_par' dir='ltr' id='par_1_16' title="bbox 434 1610 2019 1685">
     <span class='ocr_line' id='line_1_16' title="bbox 434 1610 2019 1685; baseline 0.004 -21"><span class='ocrx_word' id='word_1_105' title='bbox 434 1610 722 1666; x_wconf 78' lang='lat' dir='ltr'><strong>voluntate</strong></span> <span class='ocrx_word' id='word_1_106' title='bbox 763 1610 855 1665; x_wconf 87' lang='lat' dir='ltr'><strong>Dei</strong></span> <span class='ocrx_word' id='word_1_107' title='bbox 898 1612 1147 1666; x_wconf 90' lang='lat' dir='ltr'><strong>omnium</strong></span> <span class='ocrx_word' id='word_1_108' title='bbox 1194 1627 1380 1669; x_wconf 91' lang='lat' dir='ltr'><strong>rerum</strong></span> <span class='ocrx_word' id='word_1_109' title='bbox 1439 1614 1656 1685; x_wconf 79' lang='lat' dir='ltr'><strong>opiﬁcis</strong></span> <span class='ocrx_word' id='word_1_110' title='bbox 1705 1622 2019 1670; x_wconf 86' lang='lat' dir='ltr'><strong>creaturam</strong></span> 
     </span>
    </p>
   </div>
   <div class='ocr_carea' id='block_1_17' title="bbox 434 1702 2020 1772">
    <p class='ocr_par' dir='ltr' id='par_1_17' title="bbox 434 1702 2020 1772">
     <span class='ocr_line' id='line_1_17' title="bbox 434 1702 2020 1772; baseline 0.004 -16"><span class='ocrx_word' id='word_1_111' title='bbox 434 1702 732 1772; x_wconf 76' lang='lat' dir='ltr'><strong>gubernari</strong></span> <span class='ocrx_word' id='word_1_112' title='bbox 773 1704 941 1758; x_wconf 84' lang='lat' dir='ltr'><strong>etiam</strong></span> <span class='ocrx_word' id='word_1_113' title='bbox 976 1703 1067 1759; x_wconf 91' lang='lat' dir='ltr'><strong>die</strong></span> <span class='ocrx_word' id='word_1_114' title='bbox 1104 1703 1355 1770; x_wconf 87' lang='lat' dir='ltr'><strong>Sabbati,</strong></span> <span class='ocrx_word' id='word_1_115' title='bbox 1380 1706 1455 1760; x_wconf 90' lang='lat' dir='ltr'><strong>ita</strong></span> <span class='ocrx_word' id='word_1_116' title='bbox 1486 1715 1549 1761; x_wconf 92' lang='lat' dir='ltr'><strong>ut</strong></span> <span class='ocrx_word' id='word_1_117' title='bbox 1587 1707 1670 1762; x_wconf 91' lang='lat' dir='ltr'><strong>sol</strong></span> <span class='ocrx_word' id='word_1_118' title='bbox 1692 1708 1929 1772; x_wconf 89' lang='lat' dir='ltr'><strong>oriatur,</strong></span> <span class='ocrx_word' id='word_1_119' title='bbox 1965 1716 2020 1765; x_wconf 88' lang='lat' dir='ltr'><strong>et</strong></span> 
     </span>
    </p>
   </div>
   <div class='ocr_carea' id='block_1_18' title="bbox 434 1793 2019 1862">
    <p class='ocr_par' dir='ltr' id='par_1_18' title="bbox 434 1793 2019 1862">
     <span class='ocr_line' id='line_1_18' title="bbox 434 1793 2019 1862; baseline 0.004 -15"><span class='ocrx_word' id='word_1_120' title='bbox 434 1793 700 1849; x_wconf 80' lang='lat' dir='ltr'><strong>imbriferi</strong></span> <span class='ocrx_word' id='word_1_121' title='bbox 761 1793 940 1851; x_wconf 80' lang='lat' dir='ltr'><strong>fontes</strong></span> <span class='ocrx_word' id='word_1_122' title='bbox 993 1796 1363 1862; x_wconf 87' lang='lat' dir='ltr'><strong>resolvantur,</strong></span> <span class='ocrx_word' id='word_1_123' title='bbox 1410 1804 1466 1851; x_wconf 87' lang='lat' dir='ltr'><strong>et</strong></span> <span class='ocrx_word' id='word_1_124' title='bbox 1522 1797 1740 1854; x_wconf 79' lang='lat' dir='ltr'><strong>fructus</strong></span> <span class='ocrx_word' id='word_1_125' title='bbox 1792 1814 1824 1854; x_wconf 88' lang='lat' dir='ltr'><strong>e</strong></span> <span class='ocrx_word' id='word_1_126' title='bbox 1869 1808 2019 1854; x_wconf 87' lang='lat' dir='ltr'><strong>terra</strong></span> 
     </span>
    </p>
   </div>
   <div class='ocr_carea' id='block_1_19' title="bbox 2125 606 3712 693">
    <p class='ocr_par' dir='ltr' id='par_1_19' title="bbox 2125 606 3712 693">
     <span class='ocr_line' id='line_1_19' title="bbox 2125 606 3712 693; baseline 0.009 -34"><span class='ocrx_word' id='word_1_127' title='bbox 2125 606 2297 673; x_wconf 79' lang='grc' dir='ltr'>ζεται,</span> <span class='ocrx_word' id='word_1_128' title='bbox 2325 607 2419 660; x_wconf 70' lang='grc' dir='ltr'><strong>καὶ</strong></span> <span class='ocrx_word' id='word_1_129' title='bbox 2442 606 2541 678; x_wconf 80' lang='grc' dir='ltr'><strong>τήν</strong></span> <span class='ocrx_word' id='word_1_130' title='bbox 2570 608 2665 661; x_wconf 90' lang='grc' dir='ltr'><strong>τοῦ</strong></span> <span class='ocrx_word' id='word_1_131' title='bbox 2689 609 3051 679; x_wconf 81' lang='grc' dir='ltr'><strong>γεννήσαντος</strong></span> <span class='ocrx_word' id='word_1_132' title='bbox 3077 610 3239 678; x_wconf 82' lang='grc' dir='ltr'>φύσιν</span> <span class='ocrx_word' id='word_1_133' title='bbox 3265 612 3404 684; x_wconf 75' lang='grc' dir='ltr'>ἔχων</span> <span class='ocrx_word' id='word_1_134' title='bbox 3429 616 3487 670; x_wconf 84' lang='grc' dir='ltr'><strong>ἐν</strong></span> <span class='ocrx_word' id='word_1_135' title='bbox 3514 618 3712 693; x_wconf 81' lang='grc' dir='ltr'>ἐαυτῷ,</span> 
     </span>
    </p>
   </div>
   <div class='ocr_carea' id='block_1_20' title="bbox 2123 696 3717 777">
    <p class='ocr_par' dir='ltr' id='par_1_20' title="bbox 2123 696 3717 777">
     <span class='ocr_line' id='line_1_20' title="bbox 2123 696 3717 777; baseline 0.011 -27"><span class='ocrx_word' id='word_1_136' title='bbox 2123 696 2212 751; x_wconf 90' lang='grc' dir='ltr'><strong>διά</strong></span> <span class='ocrx_word' id='word_1_137' title='bbox 2240 696 2302 751; x_wconf 88' lang='grc' dir='ltr'><strong>τὸ</strong></span> <span class='ocrx_word' id='word_1_138' title='bbox 2335 697 2410 769; x_wconf 79' lang='grc' dir='ltr'><strong>μὴ</strong></span> <span class='ocrx_word' id='word_1_139' title='bbox 2443 697 2630 770; x_wconf 74' lang='grc' dir='ltr'>ἕτερόν</span> <span class='ocrx_word' id='word_1_140' title='bbox 2666 716 2720 752; x_wconf 91' lang='grc' dir='ltr'><strong>τι</strong></span> <span class='ocrx_word' id='word_1_141' title='bbox 2769 700 2899 776; x_wconf 83' lang='grc' dir='ltr'>παρ’</span> <span class='ocrx_word' id='word_1_142' title='bbox 2927 700 3135 755; x_wconf 83' lang='grc' dir='ltr'>ἐκείνον</span> <span class='ocrx_word' id='word_1_143' title='bbox 3164 701 3454 775; x_wconf 80' lang='grc' dir='ltr'><strong>ὑπάρχειν,</strong></span> <span class='ocrx_word' id='word_1_144' title='bbox 3483 709 3606 765; x_wconf 84' lang='grc' dir='ltr'>ὅσον</span> <span class='ocrx_word' id='word_1_145' title='bbox 3634 713 3717 777; x_wconf 85' lang='grc' dir='ltr'><strong>είς</strong></span> 
     </span>
    </p>
   </div>
   <div class='ocr_carea' id='block_1_21' title="bbox 2122 786 3718 875">
    <p class='ocr_par' dir='ltr' id='par_1_21' title="bbox 2122 786 3718 875">
     <span class='ocr_line' id='line_1_21' title="bbox 2122 786 3718 875; baseline 0.012 -35"><span class='ocrx_word' id='word_1_146' title='bbox 2122 786 2224 859; x_wconf 87' lang='grc' dir='ltr'><strong>τὴν</strong></span> <span class='ocrx_word' id='word_1_147' title='bbox 2270 788 2370 859; x_wconf 86' lang='grc' dir='ltr'>τῆς</span> <span class='ocrx_word' id='word_1_148' title='bbox 2406 788 2597 853; x_wconf 85' lang='grc' dir='ltr'>οὐσίας</span> <span class='ocrx_word' id='word_1_149' title='bbox 2633 791 2954 862; x_wconf 86' lang='grc' dir='ltr'>ταυτότητα,</span> <span class='ocrx_word' id='word_1_150' title='bbox 2993 792 3092 864; x_wconf 76' lang='grc' dir='ltr'><strong>οὐχ</strong></span> <span class='ocrx_word' id='word_1_151' title='bbox 3127 794 3316 866; x_wconf 73' lang='grc' dir='ltr'>ἕτερόν</span> <span class='ocrx_word' id='word_1_152' title='bbox 3354 814 3409 851; x_wconf 89' lang='grc' dir='ltr'><strong>τι</strong></span> <span class='ocrx_word' id='word_1_153' title='bbox 3456 804 3718 875; x_wconf 80' lang='grc' dir='ltr'><strong>φρονήσει</strong></span> 
     </span>
    </p>
   </div>
   <div class='ocr_carea' id='block_1_22' title="bbox 2125 878 3719 964">
    <p class='ocr_par' dir='ltr' id='par_1_22' title="bbox 2125 878 3719 964">
     <span class='ocr_line' id='line_1_22' title="bbox 2125 878 3719 964; baseline 0.01 -33"><span class='ocrx_word' id='word_1_154' title='bbox 2125 878 2255 933; x_wconf 86' lang='grc' dir='ltr'><strong>ποτέ</strong></span> <span class='ocrx_word' id='word_1_155' title='bbox 2295 880 2447 950; x_wconf 89' lang='grc' dir='ltr'><strong>παρά</strong></span> <span class='ocrx_word' id='word_1_156' title='bbox 2485 879 2545 934; x_wconf 89' lang='grc' dir='ltr'><strong>τὸ</strong></span> <span class='ocrx_word' id='word_1_157' title='bbox 2577 880 2654 952; x_wconf 80' lang='grc' dir='ltr'>τῷ</span> <span class='ocrx_word' id='word_1_158' title='bbox 2693 882 2925 951; x_wconf 88' lang='grc' dir='ltr'>φύσαντι</span> <span class='ocrx_word' id='word_1_159' title='bbox 2967 883 3186 939; x_wconf 74' lang='grc' dir='ltr'>δοκοῦνο</span> <span class='ocrx_word' id='word_1_160' title='bbox 3223 885 3301 951; x_wconf 85' lang='grc' dir='ltr'>ὡς</span> <span class='ocrx_word' id='word_1_161' title='bbox 3329 887 3385 942; x_wconf 84' lang='grc' dir='ltr'>δὲ</span> <span class='ocrx_word' id='word_1_162' title='bbox 3412 890 3513 961; x_wconf 82' lang='grc' dir='ltr'>τῆς</span> <span class='ocrx_word' id='word_1_163' title='bbox 3545 894 3719 964; x_wconf 79' lang='grc' dir='ltr'>αὐτῆς</span> 
     </span>
    </p>
   </div>
   <div class='ocr_carea' id='block_1_23' title="bbox 2126 968 3719 1048">
    <p class='ocr_par' dir='ltr' id='par_1_23' title="bbox 2126 968 3719 1048">
     <span class='ocr_line' id='line_1_23' title="bbox 2126 968 3719 1048; baseline 0.011 -28"><span class='ocrx_word' id='word_1_164' title='bbox 2126 968 2387 1041; x_wconf 82' lang='grc' dir='ltr'><strong>ὑπάρχων</strong></span> <span class='ocrx_word' id='word_1_165' title='bbox 2410 969 2599 1034; x_wconf 84' lang='grc' dir='ltr'>ούσίας</span> <span class='ocrx_word' id='word_1_166' title='bbox 2644 971 2818 1026; x_wconf 84' lang='grc' dir='ltr'>ταύτά</span> <span class='ocrx_word' id='word_1_167' title='bbox 2862 973 2957 1026; x_wconf 76' lang='grc' dir='ltr'><strong>καὶ</strong></span> <span class='ocrx_word' id='word_1_168' title='bbox 3000 972 3368 1044; x_wconf 83' lang='grc' dir='ltr'>βουλεύσεται,</span> <span class='ocrx_word' id='word_1_169' title='bbox 3422 980 3622 1048; x_wconf 78' lang='grc' dir='ltr'>μᾶλλον</span> <span class='ocrx_word' id='word_1_170' title='bbox 3658 983 3719 1037; x_wconf 85' lang='grc' dir='ltr'>δὲ</span> 
     </span>
    </p>
   </div>
   <div class='ocr_carea' id='block_1_24' title="bbox 2123 1061 3719 1140">
    <p class='ocr_par' dir='ltr' id='par_1_24' title="bbox 2123 1061 3719 1140">
     <span class='ocr_line' id='line_1_24' title="bbox 2123 1061 3719 1140; baseline 0.008 -25"><span class='ocrx_word' id='word_1_171' title='bbox 2123 1061 2284 1126; x_wconf 80' lang='grc' dir='ltr'>αὐτὸς</span> <span class='ocrx_word' id='word_1_172' title='bbox 2314 1062 2575 1134; x_wconf 82' lang='grc' dir='ltr'><strong>ὑπάρχων</strong></span> <span class='ocrx_word' id='word_1_173' title='bbox 2614 1065 2647 1135; x_wconf 82' lang='grc' dir='ltr'><strong>ή</strong></span> <span class='ocrx_word' id='word_1_174' title='bbox 2683 1063 2835 1127; x_wconf 79' lang='grc' dir='ltr'>ζῶσα</span> <span class='ocrx_word' id='word_1_175' title='bbox 2867 1063 3053 1136; x_wconf 78' lang='grc' dir='ltr'>βουλὴ,</span> <span class='ocrx_word' id='word_1_176' title='bbox 3092 1067 3188 1121; x_wconf 72' lang='grc' dir='ltr'><strong>καὶ</strong></span> <span class='ocrx_word' id='word_1_177' title='bbox 3218 1067 3448 1140; x_wconf 90' lang='grc' dir='ltr'>δύναμις</span> <span class='ocrx_word' id='word_1_178' title='bbox 3475 1071 3569 1126; x_wconf 90' lang='grc' dir='ltr'><strong>τοῦ</strong></span> <span class='ocrx_word' id='word_1_179' title='bbox 3603 1076 3719 1127; x_wconf 89' lang='grc' dir='ltr'>Πα-</span> 
     </span>
    </p>
   </div>
   <div class='ocr_carea' id='block_1_25' title="bbox 2122 1154 3719 1233">
    <p class='ocr_par' dir='ltr' id='par_1_25' title="bbox 2122 1154 3719 1233">
     <span class='ocr_line' id='line_1_25' title="bbox 2122 1154 3719 1233; baseline 0.008 -26"><span class='ocrx_word' id='word_1_180' title='bbox 2122 1154 2270 1225; x_wconf 84' lang='grc' dir='ltr'>τρὸς,</span> <span class='ocrx_word' id='word_1_181' title='bbox 2301 1155 2515 1226; x_wconf 87' lang='grc' dir='ltr'>ἐνεργεῖ</span> <span class='ocrx_word' id='word_1_182' title='bbox 2562 1154 2625 1209; x_wconf 85' lang='grc' dir='ltr'><strong>τά</strong></span> <span class='ocrx_word' id='word_1_183' title='bbox 2678 1158 2857 1211; x_wconf 86' lang='grc' dir='ltr'>πάντα</span> <span class='ocrx_word' id='word_1_184' title='bbox 2885 1156 2944 1211; x_wconf 82' lang='grc' dir='ltr'><strong>ἐν</strong></span> <span class='ocrx_word' id='word_1_185' title='bbox 2975 1160 3110 1212; x_wconf 79' lang='grc' dir='ltr'>πᾶσι</span> <span class='ocrx_word' id='word_1_186' title='bbox 3158 1160 3297 1231; x_wconf 89' lang='grc' dir='ltr'><strong>μετά</strong></span> <span class='ocrx_word' id='word_1_187' title='bbox 3329 1162 3560 1233; x_wconf 85' lang='grc' dir='ltr'>Πατρός.</span> <span class='ocrx_word' id='word_1_188' title='bbox 3597 1166 3719 1219; x_wconf 85' lang='grc' dir='ltr'>Ἵνα</span> 
     </span>
    </p>
   </div>
   <div class='ocr_carea' id='block_1_26' title="bbox 2121 1247 3721 1327">
    <p class='ocr_par' dir='ltr' id='par_1_26' title="bbox 2121 1247 3721 1327">
     <span class='ocr_line' id='line_1_26' title="bbox 2121 1247 3721 1327; baseline 0.006 -26"><span class='ocrx_word' id='word_1_189' title='bbox 2121 1247 2301 1301; x_wconf 80' lang='grc' dir='ltr'>τοίνυν</span> <span class='ocrx_word' id='word_1_190' title='bbox 2329 1247 2421 1302; x_wconf 89' lang='grc' dir='ltr'><strong>τὸν</strong></span> <span class='ocrx_word' id='word_1_191' title='bbox 2445 1249 2649 1304; x_wconf 80' lang='grc' dir='ltr'>είκαῖον</span> <span class='ocrx_word' id='word_1_192' title='bbox 2676 1250 2785 1304; x_wconf 90' lang='grc' dir='ltr'><strong>τῶν</strong></span> <span class='ocrx_word' id='word_1_193' title='bbox 2825 1250 3095 1305; x_wconf 77' lang='grc' dir='ltr'><strong>Ἰουδαίων</strong></span> <span class='ocrx_word' id='word_1_194' title='bbox 3136 1252 3551 1327; x_wconf 83' lang='grc' dir='ltr'>ἀποκρούσηται</span> <span class='ocrx_word' id='word_1_195' title='bbox 3591 1274 3721 1327; x_wconf 85' lang='grc' dir='ltr'>γογ-</span> 
     </span>
    </p>
   </div>
   <div class='ocr_carea' id='block_1_27' title="bbox 2122 1339 3720 1418">
    <p class='ocr_par' dir='ltr' id='par_1_27' title="bbox 2122 1339 3720 1418">
     <span class='ocr_line' id='line_1_27' title="bbox 2122 1339 3720 1418; baseline 0.005 -24"><span class='ocrx_word' id='word_1_196' title='bbox 2122 1340 2352 1412; x_wconf 90' lang='grc' dir='ltr'>γυσμὸν,</span> <span class='ocrx_word' id='word_1_197' title='bbox 2382 1341 2480 1395; x_wconf 57' lang='grc' dir='ltr'><strong>καὶ⁹</strong></span> <span class='ocrx_word' id='word_1_198' title='bbox 2522 1341 2822 1415; x_wconf 83' lang='grc' dir='ltr'>δυσωπήσῃ</span> <span class='ocrx_word' id='word_1_199' title='bbox 2864 1341 3163 1407; x_wconf 84' lang='grc' dir='ltr'>διώκοντας</span> <span class='ocrx_word' id='word_1_200' title='bbox 3210 1344 3294 1412; x_wconf 85' lang='grc' dir='ltr'>ἐφ’</span> <span class='ocrx_word' id='word_1_201' title='bbox 3324 1339 3406 1410; x_wconf 71' lang='grc' dir='ltr'>οἷς</span> <span class='ocrx_word' id='word_1_202' title='bbox 3452 1346 3720 1418; x_wconf 83' lang='grc' dir='ltr'>χαλεπαί-</span> 
     </span>
    </p>
   </div>
   <div class='ocr_carea' id='block_1_28' title="bbox 2122 1432 3716 1505">
    <p class='ocr_par' dir='ltr' id='par_1_28' title="bbox 2122 1432 3716 1505">
     <span class='ocr_line' id='line_1_28' title="bbox 2122 1432 3716 1505; baseline 0.004 -20"><span class='ocrx_word' id='word_1_203' title='bbox 2122 1447 2234 1485; x_wconf 86' lang='grc' dir='ltr'>νειν</span> <span class='ocrx_word' id='word_1_204' title='bbox 2274 1432 2513 1501; x_wconf 82' lang='grc' dir='ltr'>ἐδόκουν,</span> <span class='ocrx_word' id='word_1_205' title='bbox 2554 1433 2756 1488; x_wconf 81' lang='grc' dir='ltr'>ὡσανεὶ</span> <span class='ocrx_word' id='word_1_206' title='bbox 2797 1433 2898 1503; x_wconf 82' lang='grc' dir='ltr'>τῆς</span> <span class='ocrx_word' id='word_1_207' title='bbox 2949 1435 3079 1505; x_wconf 77' lang='grc' dir='ltr'>περὶ</span> <span class='ocrx_word' id='word_1_208' title='bbox 3120 1433 3179 1488; x_wconf 90' lang='grc' dir='ltr'><strong>τὸ</strong></span> <span class='ocrx_word' id='word_1_209' title='bbox 3217 1434 3496 1492; x_wconf 77' lang='grc' dir='ltr'>Σάϐϐατον</span> <span class='ocrx_word' id='word_1_210' title='bbox 3543 1455 3716 1491; x_wconf 82' lang='grc' dir='ltr'>κατα-</span> 
     </span>
    </p>
   </div>
   <div class='ocr_carea' id='block_1_29' title="bbox 2122 1522 3716 1598">
    <p class='ocr_par' dir='ltr' id='par_1_29' title="bbox 2122 1522 3716 1598">
     <span class='ocr_line' id='line_1_29' title="bbox 2122 1522 3716 1598; baseline 0.004 -22"><span class='ocrx_word' id='word_1_211' title='bbox 2122 1522 2487 1595; x_wconf 84' lang='grc' dir='ltr'>φρονηθείσης</span> <span class='ocrx_word' id='word_1_212' title='bbox 2545 1523 2746 1595; x_wconf 76' lang='grc' dir='ltr'>τιμῆςο</span> <span class='ocrx_word' id='word_1_213' title='bbox 2785 1542 2807 1577; x_wconf 84' lang='grc'><em>‹</em></span> <span class='ocrx_word' id='word_1_214' title='bbox 2851 1524 2911 1578; x_wconf 84' lang='grc' dir='ltr'>Ὀ</span> <span class='ocrx_word' id='word_1_215' title='bbox 2964 1525 3155 1598; x_wconf 80' lang='grc' dir='ltr'>Πατήρ</span> <span class='ocrx_word' id='word_1_216' title='bbox 3222 1542 3348 1596; x_wconf 90' lang='grc' dir='ltr'>μου,</span> <span class='ocrx_word' id='word_1_217' title='bbox 3392 1528 3578 1598; x_wconf 77' lang='grc' dir='ltr'>φησὶν,</span> <span class='ocrx_word' id='word_1_218' title='bbox 3611 1529 3716 1594; x_wconf 74' lang='grc' dir='ltr'><strong>ἕως</strong></span> 
     </span>
    </p>
   </div>
   <div class='ocr_carea' id='block_1_30' title="bbox 2121 1610 3723 1685">
    <p class='ocr_par' dir='ltr' id='par_1_30' title="bbox 2121 1610 3723 1685">
     <span class='ocr_line' id='line_1_30' title="bbox 2121 1610 3723 1685; baseline 0.005 -21"><span class='ocrx_word' id='word_1_219' title='bbox 2121 1610 2247 1682; x_wconf 79' lang='grc' dir='ltr'>ἄρτι</span> <span class='ocrx_word' id='word_1_220' title='bbox 2273 1611 2588 1683; x_wconf 76' lang='grc' dir='ltr'><strong>ἐργάζεται.</strong></span> <span class='ocrx_word' id='word_1_221' title='bbox 2633 1631 2653 1664; x_wconf 70' lang='grc' dir='ltr'><strong>ι</strong></span> <span class='ocrx_word' id='word_1_222' title='bbox 2685 1612 2863 1669; x_wconf 84' lang='grc' dir='ltr'>Μόνον</span> <span class='ocrx_word' id='word_1_223' title='bbox 2890 1612 3001 1685; x_wconf 85' lang='grc' dir='ltr'>γὰρ</span> <span class='ocrx_word' id='word_1_224' title='bbox 3033 1614 3155 1684; x_wconf 78' lang='grc' dir='ltr'>οὐχὶ</span> <span class='ocrx_word' id='word_1_225' title='bbox 3192 1615 3439 1670; x_wconf 89' lang='grc' dir='ltr'>τοιοῦτόν</span> <span class='ocrx_word' id='word_1_226' title='bbox 3465 1634 3518 1670; x_wconf 87' lang='grc' dir='ltr'><strong>τι</strong></span> <span class='ocrx_word' id='word_1_227' title='bbox 3549 1635 3723 1672; x_wconf 85' lang='grc' dir='ltr'>κατα-</span> 
     </span>
    </p>
   </div>
   <div class='ocr_carea' id='block_1_31' title="bbox 2124 1702 3720 1777">
    <p class='ocr_par' dir='ltr' id='par_1_31' title="bbox 2124 1702 3720 1777">
     <span class='ocr_line' id='line_1_31' title="bbox 2124 1702 3720 1777; baseline 0.004 -21"><span class='ocrx_word' id='word_1_228' title='bbox 2124 1702 2413 1773; x_wconf 88' lang='grc' dir='ltr'>σημαίνειν</span> <span class='ocrx_word' id='word_1_229' title='bbox 2448 1703 2717 1775; x_wconf 86' lang='grc' dir='ltr'>βούλεται·</span> <span class='ocrx_word' id='word_1_230' title='bbox 2750 1705 2815 1759; x_wconf 88' lang='grc' dir='ltr'>Εί</span> <span class='ocrx_word' id='word_1_231' title='bbox 2846 1704 3143 1773; x_wconf 79' lang='grc' dir='ltr'><strong>πιστεύεις,</strong></span> <span class='ocrx_word' id='word_1_232' title='bbox 3181 1704 3458 1777; x_wconf 78' lang='grc' dir='ltr'>ἄνθρωπε,</span> <span class='ocrx_word' id='word_1_233' title='bbox 3488 1709 3720 1776; x_wconf 80' lang='grc' dir='ltr'>νεύματί</span> 
     </span>
    </p>
   </div>
   <div class='ocr_carea' id='block_1_32' title="bbox 2120 1794 3723 1869">
    <p class='ocr_par' dir='ltr' id='par_1_32' title="bbox 2120 1794 3723 1869">
     <span class='ocr_line' id='line_1_32' title="bbox 2120 1794 3723 1869; baseline 0.004 -21"><span class='ocrx_word' id='word_1_234' title='bbox 2120 1810 2183 1848; x_wconf 91' lang='grc' dir='ltr'><strong>τε</strong></span> <span class='ocrx_word' id='word_1_235' title='bbox 2216 1794 2308 1849; x_wconf 79' lang='grc' dir='ltr'>καὶ</span> <span class='ocrx_word' id='word_1_236' title='bbox 2338 1795 2591 1868; x_wconf 85' lang='grc' dir='ltr'>βουλήσει</span> <span class='ocrx_word' id='word_1_237' title='bbox 2632 1795 2728 1849; x_wconf 89' lang='grc' dir='ltr'><strong>τοῦ</strong></span> <span class='ocrx_word' id='word_1_238' title='bbox 2772 1796 2842 1852; x_wconf 84' lang='grc' dir='ltr'><strong>τά</strong></span> <span class='ocrx_word' id='word_1_239' title='bbox 2871 1796 3051 1851; x_wconf 88' lang='grc' dir='ltr'>πάντα</span> <span class='ocrx_word' id='word_1_240' title='bbox 3098 1797 3484 1869; x_wconf 79' lang='grc' dir='ltr'>συμπήξαντός</span> <span class='ocrx_word' id='word_1_241' title='bbox 3528 1817 3588 1854; x_wconf 88' lang='grc' dir='ltr'><strong>τε</strong></span> <span class='ocrx_word' id='word_1_242' title='bbox 3625 1800 3723 1854; x_wconf 75' lang='grc' dir='ltr'><strong>καὶ</strong></span> 
     </span>
    </p>
   </div>
   <div class='ocr_carea' id='block_1_33' title="bbox 432 1876 2023 1960">
    <p class='ocr_par' dir='ltr' id='par_1_33' title="bbox 432 1887 2020 1960">
     <span class='ocr_line' id='line_1_33' title="bbox 432 1887 2020 1960; baseline 0.003 -19"><span class='ocrx_word' id='word_1_243' title='bbox 432 1895 753 1955; x_wconf 88' lang='lat' dir='ltr'><strong>erumpant,</strong></span> <span class='ocrx_word' id='word_1_244' title='bbox 782 1902 965 1958; x_wconf 88' lang='lat' dir='ltr'><strong>neque</strong></span> <span class='ocrx_word' id='word_1_245' title='bbox 989 1901 1247 1943; x_wconf 87' lang='lat' dir='ltr'><strong>crescere</strong></span> <span class='ocrx_word' id='word_1_246' title='bbox 1271 1887 1585 1944; x_wconf 87' lang='lat' dir='ltr'><strong>detrectent</strong></span> <span class='ocrx_word' id='word_1_247' title='bbox 1619 1897 1852 1960; x_wconf 79' lang='lat' dir='ltr'><strong>prepter</strong></span> <span class='ocrx_word' id='word_1_248' title='bbox 1880 1887 2020 1946; x_wconf 57' lang='lat' dir='ltr'><strong>Saba</strong></span> 
     </span>
    </p>
   </div>
   <div class='ocr_carea' id='block_1_34' title="bbox 2124 1876 3725 1960">
    <p class='ocr_par' dir='ltr' id='par_1_34' title="bbox 2124 1886 3725 1960">
     <span class='ocr_line' id='line_1_34' title="bbox 2124 1886 3725 1960; baseline 0.003 -20"><span class='ocrx_word' id='word_1_249' title='bbox 2124 1888 2527 1958; x_wconf 85' lang='grc' dir='ltr'>τεχνησαμένου</span> <span class='ocrx_word' id='word_1_250' title='bbox 2559 1886 2695 1942; x_wconf 88' lang='grc' dir='ltr'><strong>Θεοῦ</strong></span> <span class='ocrx_word' id='word_1_251' title='bbox 2725 1886 2822 1960; x_wconf 77' lang='grc' dir='ltr'><strong>τήν</strong></span> <span class='ocrx_word' id='word_1_252' title='bbox 2855 1888 3034 1944; x_wconf 86' lang='grc' dir='ltr'>κτίσιν</span> <span class='ocrx_word' id='word_1_253' title='bbox 3076 1889 3393 1944; x_wconf 77' lang='grc' dir='ltr'>διοικεῖσθαι</span> <span class='ocrx_word' id='word_1_254' title='bbox 3442 1893 3536 1945; x_wconf 78' lang='grc' dir='ltr'>καὶ</span> <span class='ocrx_word' id='word_1_255' title='bbox 3576 1891 3725 1945; x_wconf 87' lang='grc' dir='ltr'><strong>κατά</strong></span> 
     </span>
    </p>
   </div>
   <div class='ocr_carea' id='block_1_35' title="bbox 432 1977 2018 2053">
    <p class='ocr_par' dir='ltr' id='par_1_35' title="bbox 432 1977 2018 2053">
     <span class='ocr_line' id='line_1_35' title="bbox 432 1977 2018 2053; baseline 0.003 -21"><span class='ocrx_word' id='word_1_256' title='bbox 432 1978 647 2043; x_wconf 90' lang='lat' dir='ltr'><strong>batum,</strong></span> <span class='ocrx_word' id='word_1_257' title='bbox 684 1977 830 2048; x_wconf 82' lang='lat' dir='ltr'><strong>ignis</strong></span> <span class='ocrx_word' id='word_1_258' title='bbox 860 1986 1042 2033; x_wconf 86' lang='lat' dir='ltr'><strong>autem</strong></span> <span class='ocrx_word' id='word_1_259' title='bbox 1077 1994 1176 2050; x_wconf 87' lang='lat' dir='ltr'><strong>pro</strong></span> <span class='ocrx_word' id='word_1_260' title='bbox 1199 1995 1301 2036; x_wconf 92' lang='lat' dir='ltr'><strong>sua</strong></span> <span class='ocrx_word' id='word_1_261' title='bbox 1333 1991 1534 2036; x_wconf 85' lang='lat' dir='ltr'><strong>natura</strong></span> <span class='ocrx_word' id='word_1_262' title='bbox 1573 1990 1719 2053; x_wconf 80' lang='lat' dir='ltr'><strong>agat,</strong></span> <span class='ocrx_word' id='word_1_263' title='bbox 1751 1990 1807 2037; x_wconf 91' lang='lat' dir='ltr'><strong>et</strong></span> <span class='ocrx_word' id='word_1_264' title='bbox 1834 1982 2018 2038; x_wconf 66' lang='lat' dir='ltr'><strong>homio</strong></span> 
     </span>
    </p>
   </div>
   <div class='ocr_carea' id='block_1_36' title="bbox 433 2071 2017 2145">
    <p class='ocr_par' dir='ltr' id='par_1_36' title="bbox 433 2071 2017 2145">
     <span class='ocr_line' id='line_1_36' title="bbox 433 2071 2017 2145; baseline 0.003 -21"><span class='ocrx_word' id='word_1_265' title='bbox 433 2085 568 2124; x_wconf 89' lang='lat' dir='ltr'><strong>num</strong></span> <span class='ocrx_word' id='word_1_266' title='bbox 606 2071 800 2126; x_wconf 87' lang='lat' dir='ltr'><strong>usibus</strong></span> <span class='ocrx_word' id='word_1_267' title='bbox 851 2074 1006 2128; x_wconf 90' lang='lat' dir='ltr'><strong>nullo</strong></span> <span class='ocrx_word' id='word_1_268' title='bbox 1043 2074 1377 2145; x_wconf 84' lang='lat' dir='ltr'><strong>impediente</strong></span> <span class='ocrx_word' id='word_1_269' title='bbox 1410 2074 1639 2140; x_wconf 81' lang='lat' dir='ltr'><strong>serviat,</strong></span> <span class='ocrx_word' id='word_1_270' title='bbox 1667 2073 1858 2133; x_wconf 74' lang='lat' dir='ltr'><strong>latere</strong></span> <span class='ocrx_word' id='word_1_271' title='bbox 1904 2073 2017 2128; x_wconf 89' lang='lat' dir='ltr'><strong>uti-</strong></span> 
     </span>
    </p>
   </div>
   <div class='ocr_carea' id='block_1_37' title="bbox 434 2159 2019 2235">
    <p class='ocr_par' dir='ltr' id='par_1_37' title="bbox 434 2159 2019 2235">
     <span class='ocr_line' id='line_1_37' title="bbox 434 2159 2019 2235; baseline 0.003 -21"><span class='ocrx_word' id='word_1_272' title='bbox 434 2176 542 2231; x_wconf 89' lang='lat' dir='ltr'><strong>que</strong></span> <span class='ocrx_word' id='word_1_273' title='bbox 574 2159 823 2229; x_wconf 88' lang='lat' dir='ltr'><strong>Patrem,</strong></span> <span class='ocrx_word' id='word_1_274' title='bbox 877 2179 978 2234; x_wconf 88' lang='lat' dir='ltr'><strong>pro</strong></span> <span class='ocrx_word' id='word_1_275' title='bbox 1012 2179 1078 2220; x_wconf 93' lang='lat' dir='ltr'><strong>eo</strong></span> <span class='ocrx_word' id='word_1_276' title='bbox 1135 2179 1200 2221; x_wconf 92' lang='lat' dir='ltr'><strong>ac</strong></span> <span class='ocrx_word' id='word_1_277' title='bbox 1251 2163 1425 2221; x_wconf 86' lang='lat' dir='ltr'><strong>Deum</strong></span> <span class='ocrx_word' id='word_1_278' title='bbox 1458 2165 1638 2231; x_wconf 86' lang='lat' dir='ltr'><strong>decet,</strong></span> <span class='ocrx_word' id='word_1_279' title='bbox 1688 2163 1909 2235; x_wconf 88' lang='lat' dir='ltr'><strong>operari</strong></span> <span class='ocrx_word' id='word_1_280' title='bbox 1960 2164 2019 2219; x_wconf 92' lang='lat' dir='ltr'><strong>in</strong></span> 
     </span>
    </p>
   </div>
   <div class='ocr_carea' id='block_1_38' title="bbox 435 2247 2018 2322">
    <p class='ocr_par' dir='ltr' id='par_1_38' title="bbox 435 2247 2018 2322">
     <span class='ocr_line' id='line_1_38' title="bbox 435 2247 2018 2322; baseline 0.001 -17"><span class='ocrx_word' id='word_1_281' title='bbox 435 2247 697 2305; x_wconf 82' lang='lat' dir='ltr'><strong>Sabbato.</strong></span> <span class='ocrx_word' id='word_1_282' title='bbox 730 2250 844 2306; x_wconf 87' lang='lat' dir='ltr'><strong>Cur</strong></span> <span class='ocrx_word' id='word_1_283' title='bbox 873 2266 1029 2321; x_wconf 84' lang='lat' dir='ltr'><strong>ergo,</strong></span> <span class='ocrx_word' id='word_1_284' title='bbox 1060 2253 1262 2322; x_wconf 87' lang='lat' dir='ltr'><strong>inquit,</strong></span> <span class='ocrx_word' id='word_1_285' title='bbox 1304 2253 1475 2309; x_wconf 89' lang='lat' dir='ltr'><strong>stulte</strong></span> <span class='ocrx_word' id='word_1_286' title='bbox 1520 2253 1841 2308; x_wconf 87' lang='lat' dir='ltr'><strong>criminaris</strong></span> <span class='ocrx_word' id='word_1_287' title='bbox 1891 2267 2018 2309; x_wconf 92' lang='lat' dir='ltr'><strong>eum</strong></span> 
     </span>
    </p>
   </div>
   <div class='ocr_carea' id='block_1_39' title="bbox 432 2343 2018 2419">
    <p class='ocr_par' dir='ltr' id='par_1_39' title="bbox 432 2343 2018 2419">
     <span class='ocr_line' id='line_1_39' title="bbox 432 2343 2018 2419; baseline 0.004 -23"><span class='ocrx_word' id='word_1_288' title='bbox 432 2357 532 2411; x_wconf 90' lang='lat' dir='ltr'><strong>per</strong></span> <span class='ocrx_word' id='word_1_289' title='bbox 566 2358 731 2412; x_wconf 91' lang='lat' dir='ltr'><strong>quem</strong></span> <span class='ocrx_word' id='word_1_290' title='bbox 764 2354 964 2402; x_wconf 76' lang='lat' dir='ltr'><strong>cuncta</strong></span> <span class='ocrx_word' id='word_1_291' title='bbox 999 2344 1300 2415; x_wconf 83' lang='lat' dir='ltr'><strong>operatur?</strong></span> <span class='ocrx_word' id='word_1_292' title='bbox 1331 2343 1453 2399; x_wconf 85' lang='lat' dir='ltr'><strong>Non</strong></span> <span class='ocrx_word' id='word_1_293' title='bbox 1499 2345 1648 2399; x_wconf 88' lang='lat' dir='ltr'><strong>enim</strong></span> <span class='ocrx_word' id='word_1_294' title='bbox 1682 2345 1844 2399; x_wconf 89' lang='lat' dir='ltr'><strong>aliter</strong></span> <span class='ocrx_word' id='word_1_295' title='bbox 1873 2343 2018 2419; x_wconf 84' lang='lat' dir='ltr'><strong>Deus</strong></span> 
     </span>
    </p>
   </div>
   <div class='ocr_carea' id='block_1_40' title="bbox 433 2431 2021 2508">
    <p class='ocr_par' dir='ltr' id='par_1_40' title="bbox 433 2431 2021 2508">
     <span class='ocr_line' id='line_1_40' title="bbox 433 2431 2021 2508; baseline 0.004 -21"><span class='ocrx_word' id='word_1_296' title='bbox 433 2448 500 2488; x_wconf 89' lang='lat' dir='ltr'><strong>ac</strong></span> <span class='ocrx_word' id='word_1_297' title='bbox 555 2431 719 2489; x_wconf 86' lang='lat' dir='ltr'><strong>Pater</strong></span> <span class='ocrx_word' id='word_1_298' title='bbox 777 2444 1063 2504; x_wconf 84' lang='lat' dir='ltr'><strong>Oper-atur,</strong></span> <span class='ocrx_word' id='word_1_299' title='bbox 1113 2451 1280 2508; x_wconf 89' lang='lat' dir='ltr'><strong>quam</strong></span> <span class='ocrx_word' id='word_1_300' title='bbox 1318 2452 1418 2508; x_wconf 91' lang='lat' dir='ltr'><strong>per</strong></span> <span class='ocrx_word' id='word_1_301' title='bbox 1466 2435 1594 2492; x_wconf 86' lang='lat' dir='ltr'><strong>Filii</strong></span> <span class='ocrx_word' id='word_1_302' title='bbox 1643 2437 1904 2494; x_wconf 89' lang='lat' dir='ltr'><strong>virtutem</strong></span> <span class='ocrx_word' id='word_1_303' title='bbox 1964 2447 2021 2493; x_wconf 89' lang='lat' dir='ltr'><strong>et</strong></span> 
     </span>
    </p>
   </div>
   <div class='ocr_carea' id='block_1_41' title="bbox 439 2523 2017 2599">
    <p class='ocr_par' dir='ltr' id='par_1_41' title="bbox 439 2523 2017 2599">
     <span class='ocr_line' id='line_1_41' title="bbox 439 2523 2017 2599; baseline 0.002 -20"><span class='ocrx_word' id='word_1_304' title='bbox 439 2523 794 2593; x_wconf 87' lang='lat' dir='ltr'><strong>sapientiam.</strong></span> <span class='ocrx_word' id='word_1_305' title='bbox 843 2524 1058 2582; x_wconf 87' lang='lat' dir='ltr'><strong>Idcirco</strong></span> <span class='ocrx_word' id='word_1_306' title='bbox 1110 2527 1322 2599; x_wconf 88' lang='lat' dir='ltr'><strong>inquit,</strong></span> <span class='ocrx_word' id='word_1_307' title='bbox 1377 2545 1396 2579; x_wconf 77' lang='grc' dir='ltr'><strong>ι</strong></span> <span class='ocrx_word' id='word_1_308' title='bbox 1435 2526 1550 2598; x_wconf 87' lang='lat' dir='ltr'><strong>Ego</strong></span> <span class='ocrx_word' id='word_1_309' title='bbox 1614 2541 1836 2598; x_wconf 88' lang='lat' dir='ltr'><strong>quoque</strong></span> <span class='ocrx_word' id='word_1_310' title='bbox 1884 2542 2017 2598; x_wconf 86' lang='lat' dir='ltr'><strong>ope-</strong></span> 
     </span>
    </p>
   </div>
   <div class='ocr_carea' id='block_1_42' title="bbox 348 2615 2017 2692">
    <p class='ocr_par' dir='ltr' id='par_1_42' title="bbox 348 2615 2017 2692">
     <span class='ocr_line' id='line_1_42' title="bbox 348 2615 2017 2692; baseline 0.002 -21"><span class='ocrx_word' id='word_1_311' title='bbox 348 2654 351 2657; x_wconf 57' lang='grc' dir='ltr'><strong>ι</strong></span> <span class='ocrx_word' id='word_1_312' title='bbox 433 2630 545 2671; x_wconf 88' lang='lat' dir='ltr'><strong>ror.</strong></span> <span class='ocrx_word' id='word_1_313' title='bbox 583 2615 936 2673; x_wconf 60' lang='lat' dir='ltr'><strong>3Confundit</strong></span> <span class='ocrx_word' id='word_1_314' title='bbox 988 2620 1158 2691; x_wconf 84' lang='lat' dir='ltr'><strong>igitur</strong></span> <span class='ocrx_word' id='word_1_315' title='bbox 1207 2620 1551 2692; x_wconf 76' lang='lat' dir='ltr'><strong>argumentis</strong></span> <span class='ocrx_word' id='word_1_316' title='bbox 1604 2620 1662 2675; x_wconf 87' lang='lat' dir='ltr'><strong>in</strong></span> <span class='ocrx_word' id='word_1_317' title='bbox 1713 2619 2017 2676; x_wconf 87' lang='lat' dir='ltr'><strong>absurdum</strong></span> 
     </span>
    </p>
   </div>
   <div class='ocr_carea' id='block_1_43' title="bbox 433 2706 2021 2778">
    <p class='ocr_par' dir='ltr' id='par_1_43' title="bbox 433 2706 2021 2778">
     <span class='ocr_line' id='line_1_43' title="bbox 433 2706 2021 2778; baseline 0.004 -16"><span class='ocrx_word' id='word_1_318' title='bbox 433 2706 835 2766; x_wconf 87' lang='lat' dir='ltr'><strong>deducentibus</strong></span> <span class='ocrx_word' id='word_1_319' title='bbox 858 2709 1176 2767; x_wconf 63' lang='lat' dir='ltr'><strong>Judazorum</strong></span> <span class='ocrx_word' id='word_1_320' title='bbox 1207 2712 1532 2768; x_wconf 82' lang='lat' dir='ltr'><strong>eﬂ&#39;renatum</strong></span> <span class='ocrx_word' id='word_1_321' title='bbox 1552 2712 1819 2778; x_wconf 89' lang='lat' dir='ltr'><strong>animum,</strong></span> <span class='ocrx_word' id='word_1_322' title='bbox 1838 2720 2021 2767; x_wconf 83' lang='lat' dir='ltr'><strong>osten-</strong></span> 
     </span>
    </p>
   </div>
   <div class='ocr_carea' id='block_1_44' title="bbox 431 2798 2016 2876">
    <p class='ocr_par' dir='ltr' id='par_1_44' title="bbox 431 2798 2016 2876">
     <span class='ocr_line' id='line_1_44' title="bbox 431 2798 2016 2876; baseline 0.004 -23"><span class='ocrx_word' id='word_1_323' title='bbox 431 2798 572 2855; x_wconf 85' lang='lat' dir='ltr'><strong>dens</strong></span> <span class='ocrx_word' id='word_1_324' title='bbox 634 2815 731 2855; x_wconf 88' lang='lat' dir='ltr'><strong>eos</strong></span> <span class='ocrx_word' id='word_1_325' title='bbox 768 2801 871 2856; x_wconf 84' lang='lat' dir='ltr'><strong>sibi</strong></span> <span class='ocrx_word' id='word_1_326' title='bbox 914 2818 1026 2857; x_wconf 90' lang='lat' dir='ltr'><strong>non</strong></span> <span class='ocrx_word' id='word_1_327' title='bbox 1088 2810 1200 2857; x_wconf 90' lang='lat' dir='ltr'><strong>tam</strong></span> <span class='ocrx_word' id='word_1_328' title='bbox 1261 2818 1575 2874; x_wconf 77' lang='lat' dir='ltr'><strong>repugnare</strong></span> <span class='ocrx_word' id='word_1_329' title='bbox 1622 2817 1788 2876; x_wconf 88' lang='lat' dir='ltr'><strong>quam</strong></span> <span class='ocrx_word' id='word_1_330' title='bbox 1842 2801 2016 2868; x_wconf 89' lang='lat' dir='ltr'><strong>Patri,</strong></span> 
     </span>
    </p>
   </div>
   <div class='ocr_carea' id='block_1_45' title="bbox 432 2891 2017 2968">
    <p class='ocr_par' dir='ltr' id='par_1_45' title="bbox 432 2891 2017 2968">
     <span class='ocr_line' id='line_1_45' title="bbox 432 2891 2017 2968; baseline 0.002 -23"><span class='ocrx_word' id='word_1_331' title='bbox 432 2891 522 2946; x_wconf 90' lang='lat' dir='ltr'><strong>cui</strong></span> <span class='ocrx_word' id='word_1_332' title='bbox 553 2903 704 2950; x_wconf 84' lang='lat' dir='ltr'><strong>certe</strong></span> <span class='ocrx_word' id='word_1_333' title='bbox 745 2893 837 2949; x_wconf 88' lang='lat' dir='ltr'><strong>uni</strong></span> <span class='ocrx_word' id='word_1_334' title='bbox 883 2895 1021 2968; x_wconf 77' lang='lat' dir='ltr'><strong>legis</strong></span> <span class='ocrx_word' id='word_1_335' title='bbox 1053 2895 1319 2952; x_wconf 87' lang='lat' dir='ltr'><strong>honorem</strong></span> <span class='ocrx_word' id='word_1_336' title='bbox 1366 2896 1649 2951; x_wconf 88' lang='lat' dir='ltr'><strong>ascribere</strong></span> <span class='ocrx_word' id='word_1_337' title='bbox 1698 2893 2017 2959; x_wconf 87' lang='lat' dir='ltr'><strong>studebant,</strong></span> 
     </span>
    </p>
   </div>
   <div class='ocr_carea' id='block_1_46' title="bbox 432 2981 2019 3058">
    <p class='ocr_par' dir='ltr' id='par_1_46' title="bbox 432 2981 2019 3058">
     <span class='ocr_line' id='line_1_46' title="bbox 432 2981 2019 3058; baseline 0.001 -18"><span class='ocrx_word' id='word_1_338' title='bbox 432 2985 679 3042; x_wconf 87' lang='lat' dir='ltr'><strong>nondum</strong></span> <span class='ocrx_word' id='word_1_339' title='bbox 710 2997 1078 3058; x_wconf 88' lang='lat' dir='ltr'><strong>agnoscentes</strong></span> <span class='ocrx_word' id='word_1_340' title='bbox 1118 2987 1427 3043; x_wconf 88' lang='lat' dir='ltr'><strong>naturalem</strong></span> <span class='ocrx_word' id='word_1_341' title='bbox 1457 2989 1580 3058; x_wconf 82' lang='lat' dir='ltr'><strong>ejus</strong></span> <span class='ocrx_word' id='word_1_342' title='bbox 1608 2983 1836 3041; x_wconf 85' lang='lat' dir='ltr'><strong>Filium.</strong></span> <span class='ocrx_word' id='word_1_343' title='bbox 1888 2981 2019 3041; x_wconf 89' lang='lat' dir='ltr'><strong>Ideo</strong></span> 
     </span>
    </p>
   </div>
   <div class='ocr_carea' id='block_1_47' title="bbox 432 3073 2017 3150">
    <p class='ocr_par' dir='ltr' id='par_1_47' title="bbox 432 3073 2017 3150">
     <span class='ocr_line' id='line_1_47' title="bbox 432 3073 2017 3150; baseline -0.001 -18"><span class='ocrx_word' id='word_1_344' title='bbox 432 3080 577 3133; x_wconf 88' lang='lat' dir='ltr'><strong>enim</strong></span> <span class='ocrx_word' id='word_1_345' title='bbox 628 3085 684 3134; x_wconf 89' lang='lat' dir='ltr'><strong>et</strong></span> <span class='ocrx_word' id='word_1_346' title='bbox 728 3080 1090 3150; x_wconf 88' lang='lat' dir='ltr'><strong>peculiariter</strong></span> <span class='ocrx_word' id='word_1_347' title='bbox 1150 3094 1315 3135; x_wconf 90' lang='lat' dir='ltr'><strong>suum</strong></span> <span class='ocrx_word' id='word_1_348' title='bbox 1369 3073 1777 3134; x_wconf 72' lang='lat' dir='ltr'><strong>Patrem&#39;dicit</strong></span> <span class='ocrx_word' id='word_1_349' title='bbox 1822 3075 2017 3144; x_wconf 90' lang='lat' dir='ltr'><strong>Deum,</strong></span> 
     </span>
    </p>
   </div>
   <div class='ocr_carea' id='block_1_48' title="bbox 433 3165 2018 3240">
    <p class='ocr_par' dir='ltr' id='par_1_48' title="bbox 433 3165 2018 3240">
     <span class='ocr_line' id='line_1_48' title="bbox 433 3165 2018 3240; baseline 0 -17"><span class='ocrx_word' id='word_1_350' title='bbox 433 3169 573 3224; x_wconf 86' lang='lat' dir='ltr'><strong>scite</strong></span> <span class='ocrx_word' id='word_1_351' title='bbox 602 3168 897 3224; x_wconf 82' lang='lat' dir='ltr'><strong>admodum</strong></span> <span class='ocrx_word' id='word_1_352' title='bbox 929 3169 999 3224; x_wconf 89' lang='lat' dir='ltr'><strong>ad</strong></span> <span class='ocrx_word' id='word_1_353' title='bbox 1035 3170 1466 3240; x_wconf 85' lang='lat' dir='ltr'><strong>pulcherrimam</strong></span> <span class='ocrx_word' id='word_1_354' title='bbox 1499 3174 1555 3223; x_wconf 90' lang='lat' dir='ltr'><strong>et</strong></span> <span class='ocrx_word' id='word_1_355' title='bbox 1582 3167 1840 3223; x_wconf 84' lang='lat' dir='ltr'><strong>eximiam</strong></span> <span class='ocrx_word' id='word_1_356' title='bbox 1870 3165 2018 3223; x_wconf 89' lang='lat' dir='ltr'><strong>hanc</strong></span> 
     </span>
    </p>
   </div>
   <div class='ocr_carea' id='block_1_49' title="bbox 434 3248 1885 3330">
    <p class='ocr_par' dir='ltr' id='par_1_49' title="bbox 434 3248 1885 3330">
     <span class='ocr_line' id='line_1_49' title="bbox 434 3248 1885 3330; baseline 0.002 -16"><span class='ocrx_word' id='word_1_357' title='bbox 434 3259 745 3315; x_wconf 88' lang='lat' dir='ltr'><strong>doctrinam</strong></span> <span class='ocrx_word' id='word_1_358' title='bbox 780 3261 942 3330; x_wconf 87' lang='lat' dir='ltr'><strong>quasi</strong></span> <span class='ocrx_word' id='word_1_359' title='bbox 974 3276 1141 3315; x_wconf 86' lang='lat' dir='ltr'><strong>manu</strong></span> <span class='ocrx_word' id='word_1_360' title='bbox 1170 3259 1475 3316; x_wconf 85' lang='lat' dir='ltr'><strong>deducens.</strong></span> <span class='ocrx_word' id='word_1_361' title='bbox 1878 3248 1885 3255; x_wconf 65' lang='grc'><strong>’</strong></span> 
     </span>
    </p>
   </div>
   <div class='ocr_carea' id='block_1_50' title="bbox 434 3349 2087 3424">
    <p class='ocr_par' dir='ltr' id='par_1_50' title="bbox 434 3349 2087 3424">
     <span class='ocr_line' id='line_1_50' title="bbox 434 3349 2087 3424; baseline 0.002 -21"><span class='ocrx_word' id='word_1_362' title='bbox 434 3349 600 3421; x_wconf 84' lang='grc' dir='ltr'>φύσιν</span> <span class='ocrx_word' id='word_1_363' title='bbox 632 3349 778 3404; x_wconf 89' lang='grc' dir='ltr'>Υίόν.</span> <span class='ocrx_word' id='word_1_364' title='bbox 813 3349 912 3405; x_wconf 90' lang='grc' dir='ltr'>Διά</span> <span class='ocrx_word' id='word_1_365' title='bbox 939 3352 1049 3424; x_wconf 83' lang='grc' dir='ltr'><strong>γάρ</strong></span> <span class='ocrx_word' id='word_1_366' title='bbox 1088 3369 1170 3405; x_wconf 92' lang='grc' dir='ltr'><strong>τοι</strong></span> <span class='ocrx_word' id='word_1_367' title='bbox 1214 3351 1370 3406; x_wconf 87' lang='grc' dir='ltr'>τοῦτο</span> <span class='ocrx_word' id='word_1_368' title='bbox 1402 3350 1495 3404; x_wconf 77' lang='grc' dir='ltr'><strong>καὶ</strong></span> <span class='ocrx_word' id='word_1_369' title='bbox 1534 3349 1836 3422; x_wconf 84' lang='grc' dir='ltr'>μοναδικῶς</span> <span class='ocrx_word' id='word_1_370' title='bbox 1892 3349 2087 3406; x_wconf 71' lang='grc' dir='ltr'>ἑαυτοῦ</span> 
     </span>
    </p>
   </div>
   <div class='ocr_carea' id='block_1_51' title="bbox 435 3444 1885 3521">
    <p class='ocr_par' dir='ltr' id='par_1_51' title="bbox 435 3444 1885 3521">
     <span class='ocr_line' id='line_1_51' title="bbox 435 3444 1885 3521; baseline 0.002 -22"><span class='ocrx_word' id='word_1_371' title='bbox 435 3447 516 3510; x_wconf 87' lang='grc' dir='ltr'><strong>είς</strong></span> <span class='ocrx_word' id='word_1_372' title='bbox 543 3444 603 3500; x_wconf 87' lang='grc' dir='ltr'><strong>τὸ</strong></span> <span class='ocrx_word' id='word_1_373' title='bbox 628 3445 910 3501; x_wconf 74' lang='grc' dir='ltr'>κάλλιπον</span> <span class='ocrx_word' id='word_1_374' title='bbox 936 3448 1000 3520; x_wconf 80' lang='grc' dir='ltr'>δὴ</span> <span class='ocrx_word' id='word_1_375' title='bbox 1032 3446 1213 3514; x_wconf 87' lang='grc' dir='ltr'>τοῦτο,</span> <span class='ocrx_word' id='word_1_376' title='bbox 1238 3447 1332 3502; x_wconf 71' lang='grc' dir='ltr'>καὶ</span> <span class='ocrx_word' id='word_1_377' title='bbox 1368 3448 1546 3521; x_wconf 89' lang='grc' dir='ltr'>τίμιον</span> <span class='ocrx_word' id='word_1_378' title='bbox 1575 3446 1828 3518; x_wconf 88' lang='grc' dir='ltr'>μάθημα.</span> <span class='ocrx_word' id='word_1_379' title='bbox 1882 3482 1885 3487; x_wconf 93' lang='grc'><strong>-</strong></span> 
     </span>
    </p>
   </div>
   <div class='ocr_carea' id='block_1_52' title="bbox 506 3577 2021 3653">
    <p class='ocr_par' dir='ltr' id='par_1_52' title="bbox 506 3577 2021 3653">
     <span class='ocr_line' id='line_1_52' title="bbox 506 3577 2021 3653; baseline 0.003 -21"><span class='ocrx_word' id='word_1_380' title='bbox 506 3577 573 3634; x_wconf 73' lang='grc' dir='ltr'>ν.</span> <span class='ocrx_word' id='word_1_381' title='bbox 608 3577 696 3633; x_wconf 76' lang='grc'><strong>18.</strong></span> <span class='ocrx_word' id='word_1_382' title='bbox 722 3579 1010 3649; x_wconf 78' lang='lat' dir='ltr'><strong>Propterea</strong></span> <span class='ocrx_word' id='word_1_383' title='bbox 1029 3598 1153 3651; x_wconf 85' lang='lat' dir='ltr'><strong>ergo</strong></span> <span class='ocrx_word' id='word_1_384' title='bbox 1175 3582 1344 3653; x_wconf 74' lang='lat' dir='ltr'><strong>magis</strong></span> <span class='ocrx_word' id='word_1_385' title='bbox 1370 3582 1674 3653; x_wconf 64' lang='lat' dir='ltr'><strong>quaerebant</strong></span> <span class='ocrx_word' id='word_1_386' title='bbox 1694 3598 1814 3637; x_wconf 85' lang='lat' dir='ltr'><strong>eum</strong></span> <span class='ocrx_word' id='word_1_387' title='bbox 1837 3581 2021 3637; x_wconf 75' lang='lat' dir='ltr'><strong>Judwi</strong></span> 
     </span>
    </p>
   </div>
   <div class='ocr_carea' id='block_1_53' title="bbox 435 3673 2021 3745">
    <p class='ocr_par' dir='ltr' id='par_1_53' title="bbox 435 3673 2021 3745">
     <span class='ocr_line' id='line_1_53' title="bbox 435 3673 2021 3745; baseline 0.002 -17"><span class='ocrx_word' id='word_1_388' title='bbox 435 3673 775 3743; x_wconf 76' lang='lat' dir='ltr'><strong>interﬁcere:</strong></span> <span class='ocrx_word' id='word_1_389' title='bbox 805 3674 929 3745; x_wconf 75' lang='lat' dir='ltr'><strong>quia</strong></span> <span class='ocrx_word' id='word_1_390' title='bbox 960 3690 1065 3729; x_wconf 80' lang='lat' dir='ltr'><strong>non</strong></span> <span class='ocrx_word' id='word_1_391' title='bbox 1094 3674 1268 3729; x_wconf 78' lang='lat' dir='ltr'><strong>solum</strong></span> <span class='ocrx_word' id='word_1_392' title='bbox 1298 3675 1531 3732; x_wconf 72' lang='lat' dir='ltr'><strong>solvebat</strong></span> <span class='ocrx_word' id='word_1_393' title='bbox 1561 3675 1858 3733; x_wconf 74' lang='lat' dir='ltr'><strong>Sabbatum</strong></span> <span class='ocrx_word' id='word_1_394' title='bbox 1879 3715 1893 3741; x_wconf 91' lang='lat'><strong>,</strong></span> <span class='ocrx_word' id='word_1_395' title='bbox 1928 3673 2021 3731; x_wconf 71' lang='lat' dir='ltr'><strong>sed</strong></span> 
     </span>
    </p>
   </div>
   <div class='ocr_carea' id='block_1_54' title="bbox 437 3766 2021 3840">
    <p class='ocr_par' dir='ltr' id='par_1_54' title="bbox 437 3766 2021 3840">
     <span class='ocr_line' id='line_1_54' title="bbox 437 3766 2021 3840; baseline 0.001 -19"><span class='ocrx_word' id='word_1_396' title='bbox 437 3775 489 3821; x_wconf 88' lang='lat' dir='ltr'><strong>ct</strong></span> <span class='ocrx_word' id='word_1_397' title='bbox 517 3766 737 3822; x_wconf 82' lang='lat' dir='ltr'><strong>Patrem</strong></span> <span class='ocrx_word' id='word_1_398' title='bbox 766 3782 923 3822; x_wconf 74' lang='lat' dir='ltr'><strong>suum</strong></span> <span class='ocrx_word' id='word_1_399' title='bbox 954 3766 1162 3822; x_wconf 78' lang='lat' dir='ltr'><strong>dicebat</strong></span> <span class='ocrx_word' id='word_1_400' title='bbox 1197 3766 1366 3823; x_wconf 86' lang='lat' dir='ltr'><strong>Deum</strong></span> <span class='ocrx_word' id='word_1_401' title='bbox 1387 3808 1403 3834; x_wconf 89' lang='lat'><strong>,</strong></span> <span class='ocrx_word' id='word_1_402' title='bbox 1434 3768 1695 3840; x_wconf 70' lang='lat' dir='ltr'><strong>wqualem</strong></span> <span class='ocrx_word' id='word_1_403' title='bbox 1729 3785 1784 3823; x_wconf 83' lang='lat' dir='ltr'><strong>ae</strong></span> <span class='ocrx_word' id='word_1_404' title='bbox 1820 3766 2021 3837; x_wconf 74' lang='lat' dir='ltr'><strong>faciem</strong></span> 
     </span>
    </p>
   </div>
   <div class='ocr_carea' id='block_1_55' title="bbox 436 3856 568 3913">
    <p class='ocr_par' dir='ltr' id='par_1_55' title="bbox 436 3856 568 3913">
     <span class='ocr_line' id='line_1_55' title="bbox 436 3856 568 3913; baseline 0.008 -1"><span class='ocrx_word' id='word_1_405' title='bbox 436 3856 568 3913; x_wconf 79' lang='lat' dir='ltr'><strong>Deo.</strong></span> 
     </span>
    </p>
   </div>
   <div class='ocr_carea' id='block_1_56' title="bbox 507 3988 2018 4063">
    <p class='ocr_par' dir='ltr' id='par_1_56' title="bbox 507 3988 2018 4063">
     <span class='ocr_line' id='line_1_56' title="bbox 507 3988 2018 4063; baseline -0.002 -18"><span class='ocrx_word' id='word_1_406' title='bbox 507 3989 592 4045; x_wconf 79' lang='lat' dir='ltr'><strong>Ad</strong></span> <span class='ocrx_word' id='word_1_407' title='bbox 614 3989 995 4047; x_wconf 86' lang='lat' dir='ltr'><strong>crudelitatem</strong></span> <span class='ocrx_word' id='word_1_408' title='bbox 1019 4006 1199 4062; x_wconf 78' lang='lat' dir='ltr'><strong>magis</strong></span> <span class='ocrx_word' id='word_1_409' title='bbox 1220 4005 1284 4047; x_wconf 89' lang='lat' dir='ltr'><strong>ac</strong></span> <span class='ocrx_word' id='word_1_410' title='bbox 1307 3990 1489 4063; x_wconf 84' lang='lat' dir='ltr'><strong>magis</strong></span> <span class='ocrx_word' id='word_1_411' title='bbox 1507 3989 1680 4045; x_wconf 84' lang='lat' dir='ltr'><strong>fertur</strong></span> <span class='ocrx_word' id='word_1_412' title='bbox 1699 3988 2018 4045; x_wconf 73' lang='lat' dir='ltr'><strong>Iudaeorum</strong></span> 
     </span>
    </p>
   </div>
   <div class='ocr_carea' id='block_1_57' title="bbox 437 4081 2017 4155">
    <p class='ocr_par' dir='ltr' id='par_1_57' title="bbox 437 4081 2017 4155">
     <span class='ocr_line' id='line_1_57' title="bbox 437 4081 2017 4155; baseline 0.001 -17"><span class='ocrx_word' id='word_1_413' title='bbox 437 4082 692 4148; x_wconf 87' lang='lat' dir='ltr'><strong>animus,</strong></span> <span class='ocrx_word' id='word_1_414' title='bbox 728 4091 783 4138; x_wconf 88' lang='lat' dir='ltr'><strong>et</strong></span> <span class='ocrx_word' id='word_1_415' title='bbox 812 4085 1017 4155; x_wconf 91' lang='lat' dir='ltr'><strong>quibus</strong></span> <span class='ocrx_word' id='word_1_416' title='bbox 1053 4099 1119 4139; x_wconf 80' lang='lat' dir='ltr'><strong>ex</strong></span> <span class='ocrx_word' id='word_1_417' title='bbox 1156 4083 1325 4139; x_wconf 86' lang='lat' dir='ltr'><strong>rebus</strong></span> <span class='ocrx_word' id='word_1_418' title='bbox 1362 4082 1551 4138; x_wconf 89' lang='lat' dir='ltr'><strong>sanari</strong></span> <span class='ocrx_word' id='word_1_419' title='bbox 1585 4081 1889 4148; x_wconf 88' lang='lat' dir='ltr'><strong>deberent,</strong></span> <span class='ocrx_word' id='word_1_420' title='bbox 1927 4083 2017 4139; x_wconf 89' lang='lat' dir='ltr'><strong>his</strong></span> 
     </span>
    </p>
   </div>
   <div class='ocr_carea' id='block_1_58' title="bbox 435 4173 2020 4246">
    <p class='ocr_par' dir='ltr' id='par_1_58' title="bbox 435 4173 2020 4246">
     <span class='ocr_line' id='line_1_58' title="bbox 435 4173 2020 4246; baseline 0 -16"><span class='ocrx_word' id='word_1_421' title='bbox 435 4182 745 4246; x_wconf 71' lang='lat' dir='ltr'><strong>aegrescunt</strong></span> <span class='ocrx_word' id='word_1_422' title='bbox 773 4176 972 4245; x_wconf 80' lang='lat' dir='ltr'><strong>magis,</strong></span> <span class='ocrx_word' id='word_1_423' title='bbox 994 4183 1055 4230; x_wconf 92' lang='lat' dir='ltr'><strong>ut</strong></span> <span class='ocrx_word' id='word_1_424' title='bbox 1078 4175 1157 4231; x_wconf 90' lang='lat' dir='ltr'><strong>illi</strong></span> <span class='ocrx_word' id='word_1_425' title='bbox 1178 4174 1303 4244; x_wconf 80' lang='lat' dir='ltr'><strong>jure</strong></span> <span class='ocrx_word' id='word_1_426' title='bbox 1329 4173 1591 4230; x_wconf 88' lang='lat' dir='ltr'><strong>audiant:</strong></span> <span class='ocrx_word' id='word_1_427' title='bbox 1621 4174 1910 4241; x_wconf 84' lang='lat' dir='ltr'><strong>Quomodo</strong></span> <span class='ocrx_word' id='word_1_428' title='bbox 1936 4176 2020 4231; x_wconf 88' lang='lat' dir='ltr'><strong>di-</strong></span> 
     </span>
    </p>
   </div>
   <div class='ocr_carea' id='block_1_59' title="bbox 437 4260 2018 4337">
    <p class='ocr_par' dir='ltr' id='par_1_59' title="bbox 437 4260 2018 4337">
     <span class='ocr_line' id='line_1_59' title="bbox 437 4260 2018 4337; baseline -0.002 -16"><span class='ocrx_word' id='word_1_429' title='bbox 437 4267 578 4322; x_wconf 87' lang='lat' dir='ltr'><strong>cetis</strong></span> <span class='ocrx_word' id='word_1_430' title='bbox 604 4265 757 4336; x_wconf 88' lang='lat' dir='ltr'><strong>quia,</strong></span> <span class='ocrx_word' id='word_1_431' title='bbox 783 4264 1072 4337; x_wconf 88' lang='lat' dir='ltr'><strong>Sapientes</strong></span> <span class='ocrx_word' id='word_1_432' title='bbox 1093 4279 1287 4319; x_wconf 79' lang='lat' dir='ltr'><strong>sumus</strong></span> <span class='ocrx_word' id='word_1_433' title='bbox 1314 4263 1451 4317; x_wconf 87' lang='lat' dir='ltr'><strong>nos?</strong></span> <span class='ocrx_word' id='word_1_434' title='bbox 1466 4260 1604 4318; x_wconf 86' lang='lat' dir='ltr'><strong>Cum</strong></span> <span class='ocrx_word' id='word_1_435' title='bbox 1627 4262 1777 4318; x_wconf 89' lang='lat' dir='ltr'><strong>enim</strong></span> <span class='ocrx_word' id='word_1_436' title='bbox 1796 4270 2018 4335; x_wconf 86' lang='lat' dir='ltr'><strong>oporte-</strong></span> 
     </span>
    </p>
   </div>
   <div class='ocr_carea' id='block_1_60' title="bbox 437 4354 2021 4427">
    <p class='ocr_par' dir='ltr' id='par_1_60' title="bbox 437 4354 2021 4427">
     <span class='ocr_line' id='line_1_60' title="bbox 437 4354 2021 4427; baseline -0.002 -14"><span class='ocrx_word' id='word_1_437' title='bbox 437 4369 523 4415; x_wconf 88' lang='lat' dir='ltr'><strong>ret</strong></span> <span class='ocrx_word' id='word_1_438' title='bbox 550 4374 648 4414; x_wconf 88' lang='lat' dir='ltr'><strong>eos</strong></span> <span class='ocrx_word' id='word_1_439' title='bbox 673 4358 1030 4414; x_wconf 89' lang='lat' dir='ltr'><strong>convenienti</strong></span> <span class='ocrx_word' id='word_1_440' title='bbox 1063 4356 1280 4411; x_wconf 86' lang='lat' dir='ltr'><strong>ratione</strong></span> <span class='ocrx_word' id='word_1_441' title='bbox 1306 4355 1373 4411; x_wconf 83' lang='lat' dir='ltr'><strong>ad</strong></span> <span class='ocrx_word' id='word_1_442' title='bbox 1404 4355 1659 4427; x_wconf 89' lang='lat' dir='ltr'><strong>pietatem</strong></span> <span class='ocrx_word' id='word_1_443' title='bbox 1689 4354 2021 4411; x_wconf 81' lang='lat' dir='ltr'><strong>reformatus</strong></span> 
     </span>
    </p>
   </div>
   <div class='ocr_carea' id='block_1_61' title="bbox 439 4448 2023 4520">
    <p class='ocr_par' dir='ltr' id='par_1_61' title="bbox 439 4448 2023 4520">
     <span class='ocr_line' id='line_1_61' title="bbox 439 4448 2023 4520; baseline -0.001 -18"><span class='ocrx_word' id='word_1_444' title='bbox 439 4449 625 4505; x_wconf 88' lang='lat' dir='ltr'><strong>animo</strong></span> <span class='ocrx_word' id='word_1_445' title='bbox 656 4449 930 4520; x_wconf 86' lang='lat' dir='ltr'><strong>mitigari,</strong></span> <span class='ocrx_word' id='word_1_446' title='bbox 968 4449 1137 4504; x_wconf 90' lang='lat' dir='ltr'><strong>etiam</strong></span> <span class='ocrx_word' id='word_1_447' title='bbox 1183 4462 1332 4502; x_wconf 88' lang='lat' dir='ltr'><strong>nunc</strong></span> <span class='ocrx_word' id='word_1_448' title='bbox 1375 4448 1580 4503; x_wconf 61' lang='lat' dir='ltr'><strong>caedem</strong></span> <span class='ocrx_word' id='word_1_449' title='bbox 1626 4449 2023 4503; x_wconf 87' lang='lat' dir='ltr'><strong>machinantur</strong></span> 
     </span>
    </p>
   </div>
   <div class='ocr_carea' id='block_1_62' title="bbox 2118 1976 3723 2051">
    <p class='ocr_par' dir='ltr' id='par_1_62' title="bbox 2118 1976 3723 2051">
     <span class='ocr_line' id='line_1_62' title="bbox 2118 1976 3723 2051; baseline 0.001 -21"><span class='ocrx_word' id='word_1_450' title='bbox 2118 1976 2180 2030; x_wconf 92' lang='grc' dir='ltr'><strong>τὸ</strong></span> <span class='ocrx_word' id='word_1_451' title='bbox 2206 1976 2505 2045; x_wconf 76' lang='grc' dir='ltr'>Σάϐϐατον,</span> <span class='ocrx_word' id='word_1_452' title='bbox 2532 1978 2609 2041; x_wconf 84' lang='grc' dir='ltr'>ὡς</span> <span class='ocrx_word' id='word_1_453' title='bbox 2654 1977 2897 2049; x_wconf 84' lang='grc' dir='ltr'>ἀνίσχειν</span> <span class='ocrx_word' id='word_1_454' title='bbox 2928 1977 3030 2049; x_wconf 80' lang='grc' dir='ltr'>μὲν</span> <span class='ocrx_word' id='word_1_455' title='bbox 3067 1978 3238 2049; x_wconf 79' lang='grc' dir='ltr'>ἥλιον,</span> <span class='ocrx_word' id='word_1_456' title='bbox 3262 1978 3629 2051; x_wconf 77' lang='grc' dir='ltr'>ὀμϐροτόκους</span> <span class='ocrx_word' id='word_1_457' title='bbox 3660 1995 3723 2032; x_wconf 86' lang='grc' dir='ltr'><strong>τε</strong></span> 
     </span>
    </p>
   </div>
   <div class='ocr_carea' id='block_1_63' title="bbox 2119 2067 3725 2142">
    <p class='ocr_par' dir='ltr' id='par_1_63' title="bbox 2119 2067 3725 2142">
     <span class='ocr_line' id='line_1_63' title="bbox 2119 2067 3725 2142; baseline 0.001 -20"><span class='ocrx_word' id='word_1_458' title='bbox 2119 2067 2321 2139; x_wconf 83' lang='grc' dir='ltr'>ὁμοίως</span> <span class='ocrx_word' id='word_1_459' title='bbox 2363 2068 2607 2124; x_wconf 82' lang='grc' dir='ltr'>ἀνίεσθαι</span> <span class='ocrx_word' id='word_1_460' title='bbox 2658 2068 2882 2139; x_wconf 87' lang='grc' dir='ltr'>πηγὰς,</span> <span class='ocrx_word' id='word_1_461' title='bbox 2929 2069 3024 2123; x_wconf 72' lang='grc' dir='ltr'><strong>καὶ</strong></span> <span class='ocrx_word' id='word_1_462' title='bbox 3061 2070 3308 2141; x_wconf 77' lang='grc' dir='ltr'>καρποὺς</span> <span class='ocrx_word' id='word_1_463' title='bbox 3349 2070 3446 2140; x_wconf 84' lang='grc' dir='ltr'><strong>μὲν</strong></span> <span class='ocrx_word' id='word_1_464' title='bbox 3497 2071 3562 2123; x_wconf 78' lang='grc' dir='ltr'><strong>ἐκ</strong></span> <span class='ocrx_word' id='word_1_465' title='bbox 3614 2070 3725 2142; x_wconf 82' lang='grc' dir='ltr'>γῆς</span> 
     </span>
    </p>
   </div>
   <div class='ocr_carea' id='block_1_64' title="bbox 2119 2158 3724 2232">
    <p class='ocr_par' dir='ltr' id='par_1_64' title="bbox 2119 2158 3724 2232">
     <span class='ocr_line' id='line_1_64' title="bbox 2119 2158 3724 2232; baseline 0.001 -21"><span class='ocrx_word' id='word_1_466' title='bbox 2119 2158 2463 2231; x_wconf 75' lang='grc' dir='ltr'>ἀνατρέχειν,</span> <span class='ocrx_word' id='word_1_467' title='bbox 2515 2160 2576 2213; x_wconf 83' lang='grc' dir='ltr'><strong>ού</strong></span> <span class='ocrx_word' id='word_1_468' title='bbox 2634 2159 3110 2232; x_wconf 87' lang='grc' dir='ltr'>παραιτουμένους</span> <span class='ocrx_word' id='word_1_469' title='bbox 3152 2158 3250 2230; x_wconf 83' lang='grc' dir='ltr'>τὴν</span> <span class='ocrx_word' id='word_1_470' title='bbox 3296 2158 3467 2230; x_wconf 84' lang='grc' dir='ltr'>αῦξην</span> <span class='ocrx_word' id='word_1_471' title='bbox 3520 2159 3611 2213; x_wconf 89' lang='grc' dir='ltr'><strong>διά</strong></span> <span class='ocrx_word' id='word_1_472' title='bbox 3659 2158 3724 2212; x_wconf 87' lang='grc' dir='ltr'><strong>τὸ</strong></span> 
     </span>
    </p>
   </div>
   <div class='ocr_carea' id='block_1_65' title="bbox 2118 2249 3722 2323">
    <p class='ocr_par' dir='ltr' id='par_1_65' title="bbox 2118 2249 3722 2323">
     <span class='ocr_line' id='line_1_65' title="bbox 2118 2249 3722 2323; baseline 0 -20"><span class='ocrx_word' id='word_1_473' title='bbox 2118 2249 2422 2315; x_wconf 76' lang='grc' dir='ltr'>Σάδδατον,</span> <span class='ocrx_word' id='word_1_474' title='bbox 2452 2251 2697 2322; x_wconf 78' lang='grc' dir='ltr'>ἐνεργεῖν</span> <span class='ocrx_word' id='word_1_475' title='bbox 2728 2250 2786 2304; x_wconf 85' lang='grc' dir='ltr'>δὲ</span> <span class='ocrx_word' id='word_1_476' title='bbox 2835 2250 2904 2305; x_wconf 87' lang='grc' dir='ltr'><strong>τά</strong></span> <span class='ocrx_word' id='word_1_477' title='bbox 2945 2252 3121 2305; x_wconf 84' lang='grc' dir='ltr'>οίκεῖα</span> <span class='ocrx_word' id='word_1_478' title='bbox 3163 2250 3225 2304; x_wconf 91' lang='grc' dir='ltr'><strong>τὸ</strong></span> <span class='ocrx_word' id='word_1_479' title='bbox 3272 2250 3403 2323; x_wconf 86' lang='grc' dir='ltr'>πῦρ,</span> <span class='ocrx_word' id='word_1_480' title='bbox 3453 2253 3573 2314; x_wconf 84' lang='grc' dir='ltr'>ταῖς</span> <span class='ocrx_word' id='word_1_481' title='bbox 3606 2250 3722 2303; x_wconf 85' lang='grc' dir='ltr'><strong>τῶν</strong></span> 
     </span>
    </p>
   </div>
   <div class='ocr_carea' id='block_1_66' title="bbox 2119 2339 3722 2415">
    <p class='ocr_par' dir='ltr' id='par_1_66' title="bbox 2119 2339 3722 2415">
     <span class='ocr_line' id='line_1_66' title="bbox 2119 2339 3722 2415; baseline 0 -22"><span class='ocrx_word' id='word_1_482' title='bbox 2119 2339 2424 2414; x_wconf 82' lang='grc' dir='ltr'>ἀνθρώπων</span> <span class='ocrx_word' id='word_1_483' title='bbox 2451 2340 2685 2413; x_wconf 87' lang='grc' dir='ltr'>χρείαις,</span> <span class='ocrx_word' id='word_1_484' title='bbox 2723 2339 3109 2406; x_wconf 87' lang='grc' dir='ltr'>ἀδιακωλύτως</span> <span class='ocrx_word' id='word_1_485' title='bbox 3137 2341 3445 2413; x_wconf 84' lang='grc' dir='ltr'>ὑπηρετοῦν</span> <span class='ocrx_word' id='word_1_486' title='bbox 3463 2357 3476 2371; x_wconf 92' lang='grc'><strong>·</strong></span> <span class='ocrx_word' id='word_1_487' title='bbox 3514 2340 3625 2395; x_wconf 83' lang='grc' dir='ltr'>ῐσθι</span> <span class='ocrx_word' id='word_1_488' title='bbox 3651 2341 3722 2415; x_wconf 77' lang='grc' dir='ltr'>δὴ</span> 
     </span>
    </p>
   </div>
   <div class='ocr_carea' id='block_1_67' title="bbox 2119 2430 3720 2504">
    <p class='ocr_par' dir='ltr' id='par_1_67' title="bbox 2119 2430 3720 2504">
     <span class='ocr_line' id='line_1_67' title="bbox 2119 2430 3720 2504; baseline -0.001 -18"><span class='ocrx_word' id='word_1_489' title='bbox 2119 2430 2338 2496; x_wconf 77' lang='grc' dir='ltr'>πάντως</span> <span class='ocrx_word' id='word_1_490' title='bbox 2369 2430 2646 2503; x_wconf 82' lang='grc' dir='ltr'>ὁμολογῶν</span> <span class='ocrx_word' id='word_1_491' title='bbox 2680 2433 2923 2503; x_wconf 75' lang='grc' dir='ltr'>ἐνεργεῖν</span> <span class='ocrx_word' id='word_1_492' title='bbox 2949 2431 3041 2485; x_wconf 88' lang='grc' dir='ltr'><strong>τὸν</strong></span> <span class='ocrx_word' id='word_1_493' title='bbox 3072 2430 3294 2502; x_wconf 78' lang='grc' dir='ltr'>Πατέρα</span> <span class='ocrx_word' id='word_1_494' title='bbox 3321 2431 3391 2485; x_wconf 86' lang='grc' dir='ltr'><strong>τά</strong></span> <span class='ocrx_word' id='word_1_495' title='bbox 3433 2432 3720 2504; x_wconf 79' lang='grc' dir='ltr'>θεοπρεπῆ</span> 
     </span>
    </p>
   </div>
   <div class='ocr_carea' id='block_1_68' title="bbox 2119 2522 3718 2597">
    <p class='ocr_par' dir='ltr' id='par_1_68' title="bbox 2119 2522 3718 2597">
     <span class='ocr_line' id='line_1_68' title="bbox 2119 2522 3718 2597; baseline -0.001 -19"><span class='ocrx_word' id='word_1_496' title='bbox 2119 2523 2260 2578; x_wconf 88' lang='grc' dir='ltr'><strong>κατά</strong></span> <span class='ocrx_word' id='word_1_497' title='bbox 2288 2524 2351 2578; x_wconf 89' lang='grc' dir='ltr'><strong>τὸ</strong></span> <span class='ocrx_word' id='word_1_498' title='bbox 2377 2524 2676 2579; x_wconf 77' lang='grc' dir='ltr'>Σάϐϐατόν.</span> <span class='ocrx_word' id='word_1_499' title='bbox 2702 2524 2768 2577; x_wconf 84' lang='grc' dir='ltr'>Τί</span> <span class='ocrx_word' id='word_1_500' title='bbox 2804 2522 3093 2597; x_wconf 83' lang='grc' dir='ltr'>τοιγαροῦν</span> <span class='ocrx_word' id='word_1_501' title='bbox 3138 2523 3500 2587; x_wconf 82' lang='grc' dir='ltr'>ἀπαιδεύτως,</span> <span class='ocrx_word' id='word_1_502' title='bbox 3526 2524 3718 2595; x_wconf 89' lang='grc' dir='ltr'>φησὶν,</span> 
     </span>
    </p>
   </div>
   <div class='ocr_carea' id='block_1_69' title="bbox 2119 2610 3719 2687">
    <p class='ocr_par' dir='ltr' id='par_1_69' title="bbox 2119 2610 3719 2687">
     <span class='ocr_line' id='line_1_69' title="bbox 2119 2610 3719 2687; baseline 0.001 -18"><span class='ocrx_word' id='word_1_503' title='bbox 2119 2616 2385 2687; x_wconf 60' lang='grc' dir='ltr'>αίτιᾷτὸν</span> <span class='ocrx_word' id='word_1_504' title='bbox 2415 2615 2483 2670; x_wconf 91' lang='grc' dir='ltr'>δι’</span> <span class='ocrx_word' id='word_1_505' title='bbox 2506 2610 2567 2671; x_wconf 76' lang='grc' dir='ltr'>οὗ</span> <span class='ocrx_word' id='word_1_506' title='bbox 2592 2614 2661 2670; x_wconf 89' lang='grc' dir='ltr'><strong>τά</strong></span> <span class='ocrx_word' id='word_1_507' title='bbox 2690 2614 2870 2670; x_wconf 86' lang='grc' dir='ltr'>πάντα</span> <span class='ocrx_word' id='word_1_508' title='bbox 2892 2614 3223 2686; x_wconf 81' lang='grc' dir='ltr'>ἐργάζεται;</span> <span class='ocrx_word' id='word_1_509' title='bbox 3266 2615 3582 2686; x_wconf 84' lang='grc' dir='ltr'>Ἐνεργήσει</span> <span class='ocrx_word' id='word_1_510' title='bbox 3606 2613 3719 2686; x_wconf 84' lang='grc' dir='ltr'><strong>γάρ</strong></span> 
     </span>
    </p>
   </div>
   <div class='ocr_carea' id='block_1_70' title="bbox 2118 2705 3719 2778">
    <p class='ocr_par' dir='ltr' id='par_1_70' title="bbox 2118 2705 3719 2778">
     <span class='ocr_line' id='line_1_70' title="bbox 2118 2705 3719 2778; baseline -0.002 -16"><span class='ocrx_word' id='word_1_511' title='bbox 2118 2707 2218 2778; x_wconf 81' lang='grc' dir='ltr'><strong>οὐχ</strong></span> <span class='ocrx_word' id='word_1_512' title='bbox 2256 2708 2460 2778; x_wconf 76' lang='grc' dir='ltr'>ἑτέρως</span> <span class='ocrx_word' id='word_1_513' title='bbox 2487 2709 2515 2761; x_wconf 87' lang='grc' dir='ltr'>ὁ</span> <span class='ocrx_word' id='word_1_514' title='bbox 2540 2707 2673 2771; x_wconf 88' lang='grc' dir='ltr'>Θεὸς</span> <span class='ocrx_word' id='word_1_515' title='bbox 2703 2707 2798 2761; x_wconf 76' lang='grc' dir='ltr'>καὶ</span> <span class='ocrx_word' id='word_1_516' title='bbox 2829 2706 3043 2778; x_wconf 81' lang='grc' dir='ltr'>Πατὴρ,</span> <span class='ocrx_word' id='word_1_517' title='bbox 3068 2707 3184 2762; x_wconf 82' lang='grc' dir='ltr'>ἀλλ’</span> <span class='ocrx_word' id='word_1_518' title='bbox 3211 2705 3287 2770; x_wconf 84' lang='grc' dir='ltr'>ὡς</span> <span class='ocrx_word' id='word_1_519' title='bbox 3315 2706 3402 2760; x_wconf 86' lang='grc' dir='ltr'>διὰ</span> <span class='ocrx_word' id='word_1_520' title='bbox 3431 2706 3719 2777; x_wconf 88' lang='grc' dir='ltr'>δυνάμεως</span> 
     </span>
    </p>
   </div>
   <div class='ocr_carea' id='block_1_71' title="bbox 2119 2796 3727 2871">
    <p class='ocr_par' dir='ltr' id='par_1_71' title="bbox 2119 2796 3727 2871">
     <span class='ocr_line' id='line_1_71' title="bbox 2119 2796 3727 2871; baseline -0.002 -16"><span class='ocrx_word' id='word_1_521' title='bbox 2119 2800 2213 2855; x_wconf 77' lang='grc' dir='ltr'>καὶ</span> <span class='ocrx_word' id='word_1_522' title='bbox 2247 2799 2439 2870; x_wconf 85' lang='grc' dir='ltr'>σοφίας</span> <span class='ocrx_word' id='word_1_523' title='bbox 2465 2797 2559 2853; x_wconf 87' lang='grc' dir='ltr'><strong>τοῦ</strong></span> <span class='ocrx_word' id='word_1_524' title='bbox 2590 2798 2742 2852; x_wconf 88' lang='grc' dir='ltr'>Υίοῦ.</span> <span class='ocrx_word' id='word_1_525' title='bbox 2776 2797 2875 2852; x_wconf 88' lang='grc' dir='ltr'>Διά</span> <span class='ocrx_word' id='word_1_526' title='bbox 2905 2797 3065 2852; x_wconf 88' lang='grc' dir='ltr'>τοῦτο</span> <span class='ocrx_word' id='word_1_527' title='bbox 3089 2800 3250 2871; x_wconf 68' lang='grc' dir='ltr'>φησι,</span> <span class='ocrx_word' id='word_1_528' title='bbox 3293 2817 3313 2851; x_wconf 82' lang='grc' dir='ltr'><strong>ι</strong></span> <span class='ocrx_word' id='word_1_529' title='bbox 3351 2797 3524 2867; x_wconf 86' lang='grc' dir='ltr'><strong>Κάγὼ</strong></span> <span class='ocrx_word' id='word_1_530' title='bbox 3550 2796 3727 2868; x_wconf 60' lang='grc' dir='ltr'>ἐργά-</span> 
     </span>
    </p>
   </div>
   <div class='ocr_carea' id='block_1_72' title="bbox 2121 2885 3719 2959">
    <p class='ocr_par' dir='ltr' id='par_1_72' title="bbox 2121 2885 3719 2959">
     <span class='ocr_line' id='line_1_72' title="bbox 2121 2885 3719 2959; baseline 0.001 -18"><span class='ocrx_word' id='word_1_531' title='bbox 2121 2888 2303 2959; x_wconf 83' lang='grc' dir='ltr'>ζομαι.</span> <span class='ocrx_word' id='word_1_532' title='bbox 2345 2909 2363 2940; x_wconf 77' lang='grc' dir='ltr'><strong><em>ο</em></strong></span> <span class='ocrx_word' id='word_1_533' title='bbox 2393 2890 2644 2943; x_wconf 85' lang='grc' dir='ltr'>Δυσωπεῖ</span> <span class='ocrx_word' id='word_1_534' title='bbox 2667 2885 2957 2959; x_wconf 81' lang='grc' dir='ltr'>τοιγαροῦν</span> <span class='ocrx_word' id='word_1_535' title='bbox 2982 2891 3104 2953; x_wconf 86' lang='grc' dir='ltr'>ταῖς</span> <span class='ocrx_word' id='word_1_536' title='bbox 3132 2891 3212 2954; x_wconf 85' lang='grc' dir='ltr'><strong>είς</strong></span> <span class='ocrx_word' id='word_1_537' title='bbox 3251 2890 3451 2944; x_wconf 76' lang='grc' dir='ltr'>ἄτοπον</span> <span class='ocrx_word' id='word_1_538' title='bbox 3481 2888 3719 2953; x_wconf 76' lang='grc' dir='ltr'>ἐννοίαις</span> 
     </span>
    </p>
   </div>
   <div class='ocr_carea' id='block_1_73' title="bbox 2118 2978 3716 3053">
    <p class='ocr_par' dir='ltr' id='par_1_73' title="bbox 2118 2978 3716 3053">
     <span class='ocr_line' id='line_1_73' title="bbox 2118 2978 3716 3053; baseline 0 -18"><span class='ocrx_word' id='word_1_539' title='bbox 2118 2979 2210 3035; x_wconf 86' lang='grc' dir='ltr'><strong>τὸν</strong></span> <span class='ocrx_word' id='word_1_540' title='bbox 2242 2979 2501 3053; x_wconf 82' lang='grc' dir='ltr'>ἀχάλινον</span> <span class='ocrx_word' id='word_1_541' title='bbox 2528 2979 2638 3034; x_wconf 89' lang='grc' dir='ltr'><strong>τῶν</strong></span> <span class='ocrx_word' id='word_1_542' title='bbox 2672 2979 2978 3035; x_wconf 79' lang='grc' dir='ltr'>διωκόντων</span> <span class='ocrx_word' id='word_1_543' title='bbox 3004 2980 3195 3050; x_wconf 88' lang='grc' dir='ltr'>θυμὸν,</span> <span class='ocrx_word' id='word_1_544' title='bbox 3227 2981 3327 3052; x_wconf 82' lang='grc' dir='ltr'><strong>οὐχ</strong></span> <span class='ocrx_word' id='word_1_545' title='bbox 3380 2978 3557 3051; x_wconf 84' lang='grc' dir='ltr'>ἑαυτῷ</span> <span class='ocrx_word' id='word_1_546' title='bbox 3586 2998 3716 3035; x_wconf 88' lang='grc' dir='ltr'>τοσ-</span> 
     </span>
    </p>
   </div>
   <div class='ocr_carea' id='block_1_74' title="bbox 2119 3070 3715 3147">
    <p class='ocr_par' dir='ltr' id='par_1_74' title="bbox 2119 3070 3715 3147">
     <span class='ocr_line' id='line_1_74' title="bbox 2119 3070 3715 3147; baseline 0.004 -21"><span class='ocrx_word' id='word_1_547' title='bbox 2119 3072 2276 3128; x_wconf 87' lang='grc' dir='ltr'>οῦτον</span> <span class='ocrx_word' id='word_1_548' title='bbox 2305 3074 2702 3140; x_wconf 84' lang='grc' dir='ltr'>ἀντιτείνοντας</span> <span class='ocrx_word' id='word_1_549' title='bbox 2747 3074 2988 3139; x_wconf 78' lang='grc' dir='ltr'>δεικνὺς,</span> <span class='ocrx_word' id='word_1_550' title='bbox 3018 3071 3141 3127; x_wconf 84' lang='grc' dir='ltr'>ὅσον</span> <span class='ocrx_word' id='word_1_551' title='bbox 3176 3072 3350 3128; x_wconf 79' lang='grc' dir='ltr'>εἰπεῖν</span> <span class='ocrx_word' id='word_1_552' title='bbox 3385 3070 3464 3145; x_wconf 81' lang='grc' dir='ltr'>τῷ</span> <span class='ocrx_word' id='word_1_553' title='bbox 3512 3072 3715 3147; x_wconf 81' lang='grc' dir='ltr'>Πατρὶ,</span> 
     </span>
    </p>
   </div>
   <div class='ocr_carea' id='block_1_75' title="bbox 2119 3161 3719 3242">
    <p class='ocr_par' dir='ltr' id='par_1_75' title="bbox 2119 3161 3719 3242">
     <span class='ocr_line' id='line_1_75' title="bbox 2119 3161 3719 3242; baseline 0.001 -20"><span class='ocrx_word' id='word_1_554' title='bbox 2119 3161 2165 3238; x_wconf 82' lang='grc' dir='ltr'>ᾧ</span> <span class='ocrx_word' id='word_1_555' title='bbox 2212 3168 2275 3240; x_wconf 81' lang='grc' dir='ltr'>δὴ</span> <span class='ocrx_word' id='word_1_556' title='bbox 2324 3169 2418 3223; x_wconf 75' lang='grc' dir='ltr'>καὶ</span> <span class='ocrx_word' id='word_1_557' title='bbox 2467 3169 2614 3240; x_wconf 81' lang='grc' dir='ltr'>μόνῳ</span> <span class='ocrx_word' id='word_1_558' title='bbox 2663 3169 2762 3242; x_wconf 78' lang='grc' dir='ltr'><strong>τὴν</strong></span> <span class='ocrx_word' id='word_1_559' title='bbox 2809 3168 2905 3223; x_wconf 86' lang='grc' dir='ltr'><strong>τοῦ</strong></span> <span class='ocrx_word' id='word_1_560' title='bbox 2956 3169 3122 3241; x_wconf 86' lang='grc' dir='ltr'>νόμου</span> <span class='ocrx_word' id='word_1_561' title='bbox 3172 3171 3337 3242; x_wconf 84' lang='grc' dir='ltr'>τιμὴν</span> <span class='ocrx_word' id='word_1_562' title='bbox 3375 3169 3719 3242; x_wconf 79' lang='grc' dir='ltr'>ἀναγράφειν</span> 
     </span>
    </p>
   </div>
   <div class='ocr_carea' id='block_1_76' title="bbox 2117 3260 3716 3331">
    <p class='ocr_par' dir='ltr' id='par_1_76' title="bbox 2117 3260 3716 3331">
     <span class='ocr_line' id='line_1_76' title="bbox 2117 3260 3716 3331; baseline 0.001 -17"><span class='ocrx_word' id='word_1_563' title='bbox 2117 3260 2470 3328; x_wconf 81' lang='grc' dir='ltr'>ἐσπούδαζον,</span> <span class='ocrx_word' id='word_1_564' title='bbox 2507 3263 2658 3318; x_wconf 65' lang='lat' dir='ltr'><strong>obito)</strong></span> <span class='ocrx_word' id='word_1_565' title='bbox 2691 3261 3053 3331; x_wconf 86' lang='grc' dir='ltr'>γινώσκοντες</span> <span class='ocrx_word' id='word_1_566' title='bbox 3100 3260 3191 3314; x_wconf 85' lang='grc' dir='ltr'><strong>τὸν</strong></span> <span class='ocrx_word' id='word_1_567' title='bbox 3230 3261 3292 3328; x_wconf 81' lang='grc' dir='ltr'><strong>ἐξ</strong></span> <span class='ocrx_word' id='word_1_568' title='bbox 3343 3260 3509 3315; x_wconf 83' lang='grc' dir='ltr'>αὑτοῦ</span> <span class='ocrx_word' id='word_1_569' title='bbox 3572 3261 3716 3316; x_wconf 84' lang='grc' dir='ltr'><strong>κατά</strong></span> 
     </span>
    </p>
   </div>
   <div class='ocr_carea' id='block_1_77' title="bbox 2122 3352 3721 3426">
    <p class='ocr_par' dir='ltr' id='par_1_77' title="bbox 2122 3352 3721 3426">
     <span class='ocr_line' id='line_1_77' title="bbox 2122 3352 3721 3426; baseline -0.001 -18"><span class='ocrx_word' id='word_1_570' title='bbox 2122 3352 2346 3426; x_wconf 81' lang='grc' dir='ltr'>Πατέρα</span> <span class='ocrx_word' id='word_1_571' title='bbox 2408 3353 2543 3425; x_wconf 76' lang='grc' dir='ltr'>φησὶ</span> <span class='ocrx_word' id='word_1_572' title='bbox 2603 3354 2695 3408; x_wconf 88' lang='grc' dir='ltr'><strong>τὸν</strong></span> <span class='ocrx_word' id='word_1_573' title='bbox 2733 3353 2886 3419; x_wconf 86' lang='grc' dir='ltr'>Θεὸν,</span> <span class='ocrx_word' id='word_1_574' title='bbox 2951 3352 3290 3423; x_wconf 80' lang='grc' dir='ltr'>εὐφυέστατα</span> <span class='ocrx_word' id='word_1_575' title='bbox 3362 3352 3721 3425; x_wconf 78' lang='grc' dir='ltr'>χειραγωγῶν</span> 
     </span>
    </p>
   </div>
   <div class='ocr_carea' id='block_1_78' title="bbox 2195 3570 3718 3646">
    <p class='ocr_par' dir='ltr' id='par_1_78' title="bbox 2195 3570 3718 3646">
     <span class='ocr_line' id='line_1_78' title="bbox 2195 3570 3718 3646; baseline 0.004 -17"><span class='ocrx_word' id='word_1_576' title='bbox 2195 3573 2299 3629; x_wconf 83' lang='grc' dir='ltr'><strong>Διὰ</strong></span> <span class='ocrx_word' id='word_1_577' title='bbox 2328 3572 2505 3630; x_wconf 78' lang='grc' dir='ltr'>τοῦτο</span> <span class='ocrx_word' id='word_1_578' title='bbox 2542 3570 2658 3631; x_wconf 77' lang='grc' dir='ltr'>οὖν</span> <span class='ocrx_word' id='word_1_579' title='bbox 2684 3573 2928 3646; x_wconf 70' lang='grc' dir='ltr'>μᾶλλον</span> <span class='ocrx_word' id='word_1_580' title='bbox 2960 3570 3212 3637; x_wconf 75' lang='grc' dir='ltr'>ἐζήτουν</span> <span class='ocrx_word' id='word_1_581' title='bbox 3250 3572 3441 3628; x_wconf 79' lang='grc' dir='ltr'>αὐτὸν</span> <span class='ocrx_word' id='word_1_582' title='bbox 3470 3577 3526 3630; x_wconf 74' lang='grc' dir='ltr'>οἱ</span> <span class='ocrx_word' id='word_1_583' title='bbox 3575 3576 3718 3636; x_wconf 73' lang='grc' dir='ltr'>Ἰου-</span> 
     </span>
    </p>
   </div>
   <div class='ocr_carea' id='block_1_79' title="bbox 2124 3664 3720 3735">
    <p class='ocr_par' dir='ltr' id='par_1_79' title="bbox 2124 3664 3720 3735">
     <span class='ocr_line' id='line_1_79' title="bbox 2124 3664 3720 3735; baseline 0.001 -14"><span class='ocrx_word' id='word_1_584' title='bbox 2124 3666 2283 3721; x_wconf 82' lang='grc' dir='ltr'>δαῖοι</span> <span class='ocrx_word' id='word_1_585' title='bbox 2323 3666 2693 3733; x_wconf 78' lang='grc' dir='ltr'>ἀποκτεῖναι,</span> <span class='ocrx_word' id='word_1_586' title='bbox 2748 3665 2838 3720; x_wconf 82' lang='grc' dir='ltr'>ὅτι</span> <span class='ocrx_word' id='word_1_587' title='bbox 2873 3667 2947 3720; x_wconf 88' lang='grc' dir='ltr'>οὐ</span> <span class='ocrx_word' id='word_1_588' title='bbox 2990 3666 3184 3735; x_wconf 79' lang='grc' dir='ltr'>μόνον</span> <span class='ocrx_word' id='word_1_589' title='bbox 3214 3665 3359 3720; x_wconf 69' lang='grc' dir='ltr'><strong>ἔλυε</strong></span> <span class='ocrx_word' id='word_1_590' title='bbox 3399 3664 3468 3720; x_wconf 77' lang='grc' dir='ltr'>τὸ</span> <span class='ocrx_word' id='word_1_591' title='bbox 3498 3666 3720 3723; x_wconf 72' lang='grc' dir='ltr'><strong>Σάϐϐα-</strong></span> 
     </span>
    </p>
   </div>
   <div class='ocr_carea' id='block_1_80' title="bbox 2127 3754 3720 3826">
    <p class='ocr_par' dir='ltr' id='par_1_80' title="bbox 2127 3754 3720 3826">
     <span class='ocr_line' id='line_1_80' title="bbox 2127 3754 3720 3826; baseline 0.002 -16"><span class='ocrx_word' id='word_1_592' title='bbox 2127 3770 2255 3823; x_wconf 73' lang='lat' dir='ltr'><strong>tor,</strong></span> <span class='ocrx_word' id='word_1_593' title='bbox 2281 3756 2441 3813; x_wconf 73' lang='grc' dir='ltr'>ἀλλὰ</span> <span class='ocrx_word' id='word_1_594' title='bbox 2469 3755 2571 3811; x_wconf 78' lang='grc' dir='ltr'><strong>καί</strong></span> <span class='ocrx_word' id='word_1_595' title='bbox 2594 3754 2828 3825; x_wconf 75' lang='grc' dir='ltr'>Πατέρα</span> <span class='ocrx_word' id='word_1_596' title='bbox 2856 3754 3010 3809; x_wconf 71' lang='grc' dir='ltr'>ἴδιον</span> <span class='ocrx_word' id='word_1_597' title='bbox 3034 3756 3206 3826; x_wconf 65' lang='grc' dir='ltr'>ἔλεγε</span> <span class='ocrx_word' id='word_1_598' title='bbox 3237 3754 3345 3810; x_wconf 79' lang='grc' dir='ltr'><strong>τὸν</strong></span> <span class='ocrx_word' id='word_1_599' title='bbox 3369 3755 3541 3823; x_wconf 80' lang='grc' dir='ltr'>Θεὸν,</span> <span class='ocrx_word' id='word_1_600' title='bbox 3576 3757 3720 3814; x_wconf 70' lang='grc' dir='ltr'>ἴσον</span> 
     </span>
    </p>
   </div>
   <div class='ocr_carea' id='block_1_81' title="bbox 2128 3844 2845 3921">
    <p class='ocr_par' dir='ltr' id='par_1_81' title="bbox 2128 3844 2845 3921">
     <span class='ocr_line' id='line_1_81' title="bbox 2128 3844 2845 3921; baseline 0 -19"><span class='ocrx_word' id='word_1_601' title='bbox 2128 3846 2350 3921; x_wconf 71' lang='grc' dir='ltr'>ἑαυτὸν</span> <span class='ocrx_word' id='word_1_602' title='bbox 2377 3846 2567 3903; x_wconf 76' lang='grc' dir='ltr'>ποιῶν</span> <span class='ocrx_word' id='word_1_603' title='bbox 2594 3846 2675 3913; x_wconf 82' lang='grc' dir='ltr'>τῷ</span> <span class='ocrx_word' id='word_1_604' title='bbox 2704 3844 2845 3912; x_wconf 80' lang='grc' dir='ltr'>Θεῷ.</span> 
     </span>
    </p>
   </div>
   <div class='ocr_carea' id='block_1_82' title="bbox 2198 3980 3710 4054">
    <p class='ocr_par' dir='ltr' id='par_1_82' title="bbox 2198 3980 3710 4054">
     <span class='ocr_line' id='line_1_82' title="bbox 2198 3980 3710 4054; baseline 0.001 -17"><span class='ocrx_word' id='word_1_605' title='bbox 2198 3983 2556 4038; x_wconf 81' lang='grc' dir='ltr'>Ἐπιτείνεται</span> <span class='ocrx_word' id='word_1_606' title='bbox 2610 3982 2747 4054; x_wconf 87' lang='grc' dir='ltr'>πρὸς</span> <span class='ocrx_word' id='word_1_607' title='bbox 2800 3980 3196 4052; x_wconf 86' lang='grc' dir='ltr'>ἀπανθρωπίαν</span> <span class='ocrx_word' id='word_1_608' title='bbox 3227 3980 3336 4036; x_wconf 88' lang='grc' dir='ltr'><strong>τῶν</strong></span> <span class='ocrx_word' id='word_1_609' title='bbox 3378 3980 3650 4036; x_wconf 83' lang='grc' dir='ltr'>Ἰουδαίων</span> <span class='ocrx_word' id='word_1_610' title='bbox 3680 3986 3710 4039; x_wconf 87' lang='grc' dir='ltr'><strong>ό</strong></span> 
     </span>
    </p>
   </div>
   <div class='ocr_carea' id='block_1_83' title="bbox 2124 4067 3714 4146">
    <p class='ocr_par' dir='ltr' id='par_1_83' title="bbox 2124 4067 3714 4146">
     <span class='ocr_line' id='line_1_83' title="bbox 2124 4067 3714 4146; baseline -0.002 -16"><span class='ocrx_word' id='word_1_611' title='bbox 2124 4074 2268 4140; x_wconf 83' lang='grc' dir='ltr'>νοῦς,</span> <span class='ocrx_word' id='word_1_612' title='bbox 2305 4076 2399 4130; x_wconf 80' lang='grc' dir='ltr'>καὶ</span> <span class='ocrx_word' id='word_1_613' title='bbox 2447 4075 2515 4130; x_wconf 86' lang='grc' dir='ltr'>δι’</span> <span class='ocrx_word' id='word_1_614' title='bbox 2560 4067 2636 4130; x_wconf 85' lang='grc' dir='ltr'>ὧν</span> <span class='ocrx_word' id='word_1_615' title='bbox 2684 4075 2849 4145; x_wconf 80' lang='grc' dir='ltr'>ἐχρῆν</span> <span class='ocrx_word' id='word_1_616' title='bbox 2900 4068 3322 4146; x_wconf 79' lang='grc' dir='ltr'>θεραπεύεσθαι,</span> <span class='ocrx_word' id='word_1_617' title='bbox 3352 4072 3569 4128; x_wconf 87' lang='grc' dir='ltr'>νοσοῦσι</span> <span class='ocrx_word' id='word_1_618' title='bbox 3598 4090 3714 4144; x_wconf 84' lang='grc' dir='ltr'>μει-</span> 
     </span>
    </p>
   </div>
   <div class='ocr_carea' id='block_1_84' title="bbox 2124 4165 3715 4239">
    <p class='ocr_par' dir='ltr' id='par_1_84' title="bbox 2124 4165 3715 4239">
     <span class='ocr_line' id='line_1_84' title="bbox 2124 4165 3715 4239; baseline -0.002 -17"><span class='ocrx_word' id='word_1_619' title='bbox 2124 4166 2315 4235; x_wconf 79' lang='grc' dir='ltr'>ζόνως,</span> <span class='ocrx_word' id='word_1_620' title='bbox 2346 4168 2435 4224; x_wconf 73' lang='grc' dir='ltr'>ἵνα</span> <span class='ocrx_word' id='word_1_621' title='bbox 2475 4168 2540 4239; x_wconf 81' lang='grc' dir='ltr'>δὴ</span> <span class='ocrx_word' id='word_1_622' title='bbox 2587 4167 2809 4231; x_wconf 87' lang='grc' dir='ltr'>δικαίως</span> <span class='ocrx_word' id='word_1_623' title='bbox 2860 4165 3185 4221; x_wconf 56' lang='grc' dir='ltr'>ἀκούσειαν</span> <span class='ocrx_word' id='word_1_624' title='bbox 3243 4165 3370 4230; x_wconf 85' lang='grc' dir='ltr'><strong>Πῶς</strong></span> <span class='ocrx_word' id='word_1_625' title='bbox 3414 4165 3591 4238; x_wconf 76' lang='grc' dir='ltr'>ἐρεῖτε</span> <span class='ocrx_word' id='word_1_626' title='bbox 3631 4166 3715 4220; x_wconf 81' lang='grc' dir='ltr'>ὅτι</span> 
     </span>
    </p>
   </div>
   <div class='ocr_carea' id='block_1_85' title="bbox 2123 4256 3714 4333">
    <p class='ocr_par' dir='ltr' id='par_1_85' title="bbox 2123 4256 3714 4333">
     <span class='ocr_line' id='line_1_85' title="bbox 2123 4256 3714 4333; baseline -0.001 -19"><span class='ocrx_word' id='word_1_627' title='bbox 2123 4261 2286 4330; x_wconf 87' lang='grc' dir='ltr'>Σοφοί</span> <span class='ocrx_word' id='word_1_628' title='bbox 2318 4261 2484 4333; x_wconf 83' lang='grc' dir='ltr'>ἐσμεν</span> <span class='ocrx_word' id='word_1_629' title='bbox 2527 4261 2721 4331; x_wconf 82' lang='grc' dir='ltr'>ἡμεῖς;</span> <span class='ocrx_word' id='word_1_630' title='bbox 2757 4258 2884 4312; x_wconf 87' lang='grc' dir='ltr'>Δέον</span> <span class='ocrx_word' id='word_1_631' title='bbox 2931 4259 3041 4332; x_wconf 84' lang='grc' dir='ltr'>γὰρ</span> <span class='ocrx_word' id='word_1_632' title='bbox 3087 4258 3285 4322; x_wconf 77' lang='grc' dir='ltr'>αὐτοὺς</span> <span class='ocrx_word' id='word_1_633' title='bbox 3316 4256 3714 4329; x_wconf 82' lang='grc' dir='ltr'>ἐξημεροῦσθαι</span> 
     </span>
    </p>
   </div>
   <div class='ocr_carea' id='block_1_86' title="bbox 2125 4351 3714 4424">
    <p class='ocr_par' dir='ltr' id='par_1_86' title="bbox 2125 4351 3714 4424">
     <span class='ocr_line' id='line_1_86' title="bbox 2125 4351 3714 4424; baseline -0.001 -19"><span class='ocrx_word' id='word_1_634' title='bbox 2125 4353 2224 4423; x_wconf 81' lang='grc' dir='ltr'><strong>τὴν</strong></span> <span class='ocrx_word' id='word_1_635' title='bbox 2260 4351 2507 4424; x_wconf 84' lang='grc' dir='ltr'>γνώμην,</span> <span class='ocrx_word' id='word_1_636' title='bbox 2540 4351 2786 4423; x_wconf 84' lang='grc' dir='ltr'>λογισμῷ</span> <span class='ocrx_word' id='word_1_637' title='bbox 2816 4351 2896 4423; x_wconf 83' lang='grc' dir='ltr'>τῷ</span> <span class='ocrx_word' id='word_1_638' title='bbox 2922 4351 3185 4423; x_wconf 87' lang='grc' dir='ltr'>πρέποντι</span> <span class='ocrx_word' id='word_1_639' title='bbox 3219 4351 3714 4421; x_wconf 84' lang='grc' dir='ltr'>μεταποιουμένους</span> 
     </span>
    </p>
   </div>
   <div class='ocr_carea' id='block_1_87' title="bbox 2126 4439 3717 4514">
    <p class='ocr_par' dir='ltr' id='par_1_87' title="bbox 2126 4439 3717 4514">
     <span class='ocr_line' id='line_1_87' title="bbox 2126 4439 3717 4514; baseline -0.004 -15"><span class='ocrx_word' id='word_1_640' title='bbox 2126 4445 2206 4509; x_wconf 89' lang='grc' dir='ltr'><strong>είς</strong></span> <span class='ocrx_word' id='word_1_641' title='bbox 2252 4443 2557 4508; x_wconf 78' lang='grc' dir='ltr'>εὐλάϐειαν,</span> <span class='ocrx_word' id='word_1_642' title='bbox 2594 4442 2689 4496; x_wconf 75' lang='grc' dir='ltr'>καὶ</span> <span class='ocrx_word' id='word_1_643' title='bbox 2722 4443 2954 4513; x_wconf 87' lang='grc' dir='ltr'>φονῶσιν</span> <span class='ocrx_word' id='word_1_644' title='bbox 2984 4442 3085 4514; x_wconf 79' lang='grc' dir='ltr'>’ήδη</span> <span class='ocrx_word' id='word_1_645' title='bbox 3130 4441 3274 4495; x_wconf 83' lang='grc' dir='ltr'><strong>κατά</strong></span> <span class='ocrx_word' id='word_1_646' title='bbox 3313 4440 3409 4494; x_wconf 86' lang='grc' dir='ltr'><strong>τοῦ</strong></span> <span class='ocrx_word' id='word_1_647' title='bbox 3444 4439 3717 4511; x_wconf 86' lang='grc' dir='ltr'>πληροφο-</span> 
     </span>
    </p>
   </div>
   <div class='ocr_carea' id='block_1_88' title="bbox 439 4534 2023 4612">
    <p class='ocr_par' dir='ltr' id='par_1_88' title="bbox 439 4538 2021 4611">
     <span class='ocr_line' id='line_1_88' title="bbox 439 4538 2021 4611; baseline -0.001 -15"><span class='ocrx_word' id='word_1_648' title='bbox 439 4539 562 4611; x_wconf 83' lang='lat' dir='ltr'><strong>ejus</strong></span> <span class='ocrx_word' id='word_1_649' title='bbox 591 4543 686 4611; x_wconf 91' lang='lat' dir='ltr'><strong>qui</strong></span> <span class='ocrx_word' id='word_1_650' title='bbox 723 4542 891 4597; x_wconf 88' lang='lat' dir='ltr'><strong>rebus</strong></span> <span class='ocrx_word' id='word_1_651' title='bbox 926 4541 1072 4611; x_wconf 85' lang='lat' dir='ltr'><strong>ipsis</strong></span> <span class='ocrx_word' id='word_1_652' title='bbox 1099 4538 1452 4594; x_wconf 88' lang='lat' dir='ltr'><strong>demonstrat</strong></span> <span class='ocrx_word' id='word_1_653' title='bbox 1488 4539 1628 4594; x_wconf 90' lang='lat' dir='ltr'><strong>nihil</strong></span> <span class='ocrx_word' id='word_1_654' title='bbox 1672 4541 1832 4611; x_wconf 88' lang='lat' dir='ltr'><strong>plane</strong></span> <span class='ocrx_word' id='word_1_655' title='bbox 1864 4541 1917 4594; x_wconf 91' lang='lat' dir='ltr'><strong>in</strong></span> <span class='ocrx_word' id='word_1_656' title='bbox 1946 4540 2021 4595; x_wconf 85' lang='lat' dir='ltr'><strong>le-</strong></span> 
     </span>
    </p>
   </div>
   <div class='ocr_carea' id='block_1_89' title="bbox 2124 4534 3715 4612">
    <p class='ocr_par' dir='ltr' id='par_1_89' title="bbox 2132 4534 3715 4610">
     <span class='ocr_line' id='line_1_89' title="bbox 2132 4534 3715 4610; baseline -0.003 -18"><span class='ocrx_word' id='word_1_657' title='bbox 2132 4536 2349 4610; x_wconf 72' lang='grc' dir='ltr'>ροῦντος</span> <span class='ocrx_word' id='word_1_658' title='bbox 2380 4536 2468 4590; x_wconf 82' lang='grc' dir='ltr'>διὰ</span> <span class='ocrx_word' id='word_1_659' title='bbox 2497 4534 2862 4607; x_wconf 84' lang='grc' dir='ltr'>πραγμάτων,</span> <span class='ocrx_word' id='word_1_660' title='bbox 2890 4535 2965 4600; x_wconf 85' lang='grc' dir='ltr'>ὡς</span> <span class='ocrx_word' id='word_1_661' title='bbox 2997 4535 3150 4589; x_wconf 81' lang='grc' dir='ltr'>οὐδὲν</span> <span class='ocrx_word' id='word_1_662' title='bbox 3173 4535 3310 4600; x_wconf 79' lang='grc' dir='ltr'>ὅλως</span> <span class='ocrx_word' id='word_1_663' title='bbox 3339 4538 3421 4600; x_wconf 86' lang='grc' dir='ltr'><strong>είς</strong></span> <span class='ocrx_word' id='word_1_664' title='bbox 3448 4536 3539 4589; x_wconf 91' lang='grc' dir='ltr'><strong>τὸν</strong></span> <span class='ocrx_word' id='word_1_665' title='bbox 3574 4535 3715 4588; x_wconf 81' lang='grc' dir='ltr'>θεῖον</span> 
     </span>
    </p>
   </div>
   <div class='ocr_carea' id='block_1_90' title="bbox 439 4632 2021 4706">
    <p class='ocr_par' dir='ltr' id='par_1_90' title="bbox 439 4632 2021 4706">
     <span class='ocr_line' id='line_1_90' title="bbox 439 4632 2021 4706; baseline -0.003 -17"><span class='ocrx_word' id='word_1_666' title='bbox 439 4649 561 4706; x_wconf 80' lang='lat' dir='ltr'><strong>gem</strong></span> <span class='ocrx_word' id='word_1_667' title='bbox 591 4634 837 4690; x_wconf 86' lang='lat' dir='ltr'><strong>divinam</strong></span> <span class='ocrx_word' id='word_1_668' title='bbox 869 4639 1157 4703; x_wconf 88' lang='lat' dir='ltr'><strong>peccatum</strong></span> <span class='ocrx_word' id='word_1_669' title='bbox 1188 4646 1312 4688; x_wconf 86' lang='lat' dir='ltr'><strong>esse</strong></span> <span class='ocrx_word' id='word_1_670' title='bbox 1331 4673 1347 4699; x_wconf 94' lang='lat'><strong>,</strong></span> <span class='ocrx_word' id='word_1_671' title='bbox 1377 4632 1605 4691; x_wconf 86' lang='lat' dir='ltr'><strong>homine</strong></span> <span class='ocrx_word' id='word_1_672' title='bbox 1634 4632 1799 4706; x_wconf 67' lang='grc'><strong>214</strong></span> <span class='ocrx_word' id='word_1_673' title='bbox 1828 4639 2021 4688; x_wconf 89' lang='lat' dir='ltr'><strong>sanato</strong></span> 
     </span>
    </p>
   </div>
   <div class='ocr_carea' id='block_1_91' title="bbox 439 4721 2022 4783">
    <p class='ocr_par' dir='ltr' id='par_1_91' title="bbox 439 4721 2022 4783">
     <span class='ocr_line' id='line_1_91' title="bbox 439 4721 2022 4783; baseline -0.002 -6"><span class='ocrx_word' id='word_1_674' title='bbox 439 4723 530 4783; x_wconf 86' lang='lat' dir='ltr'><strong>die</strong></span> <span class='ocrx_word' id='word_1_675' title='bbox 565 4723 816 4779; x_wconf 87' lang='lat' dir='ltr'><strong>Sahbati.</strong></span> <span class='ocrx_word' id='word_1_676' title='bbox 860 4721 1085 4775; x_wconf 87' lang='lat' dir='ltr'><strong>Addunt</strong></span> <span class='ocrx_word' id='word_1_677' title='bbox 1125 4736 1260 4776; x_wconf 88' lang='lat' dir='ltr'><strong>vero</strong></span> <span class='ocrx_word' id='word_1_678' title='bbox 1304 4722 1371 4778; x_wconf 91' lang='lat' dir='ltr'><strong>ad</strong></span> <span class='ocrx_word' id='word_1_679' title='bbox 1422 4723 1562 4778; x_wconf 90' lang='lat' dir='ltr'><strong>iram</strong></span> <span class='ocrx_word' id='word_1_680' title='bbox 1603 4723 1676 4779; x_wconf 91' lang='lat' dir='ltr'><strong>ob</strong></span> <span class='ocrx_word' id='word_1_681' title='bbox 1718 4722 2022 4778; x_wconf 78' lang='lat' dir='ltr'><strong>Sabbatum</strong></span> 
     </span>
    </p>
   </div>
   <div class='ocr_carea' id='block_1_92' title="bbox 439 4812 2025 4886">
    <p class='ocr_par' dir='ltr' id='par_1_92' title="bbox 439 4812 2025 4886">
     <span class='ocr_line' id='line_1_92' title="bbox 439 4812 2025 4886; baseline -0.002 -16"><span class='ocrx_word' id='word_1_682' title='bbox 439 4821 765 4886; x_wconf 89' lang='lat' dir='ltr'><strong>conceptam</strong></span> <span class='ocrx_word' id='word_1_683' title='bbox 802 4812 1166 4884; x_wconf 71' lang='lat' dir='ltr'><strong>blasphemiae</strong></span> <span class='ocrx_word' id='word_1_684' title='bbox 1193 4813 1403 4870; x_wconf 90' lang='lat' dir='ltr'><strong>crimen</strong></span> <span class='ocrx_word' id='word_1_685' title='bbox 1435 4830 1559 4871; x_wconf 88' lang='lat' dir='ltr'><strong>esse</strong></span> <span class='ocrx_word' id='word_1_686' title='bbox 1601 4814 1781 4886; x_wconf 88' lang='lat' dir='ltr'><strong>ipsam</strong></span> <span class='ocrx_word' id='word_1_687' title='bbox 1819 4812 2025 4869; x_wconf 86' lang='lat' dir='ltr'><strong>verita-</strong></span> 
     </span>
    </p>
   </div>
   <div class='ocr_carea' id='block_1_93' title="bbox 440 4907 2025 4978">
    <p class='ocr_par' dir='ltr' id='par_1_93' title="bbox 440 4907 2025 4978">
     <span class='ocr_line' id='line_1_93' title="bbox 440 4907 2025 4978; baseline -0.001 -15"><span class='ocrx_word' id='word_1_688' title='bbox 440 4914 591 4974; x_wconf 87' lang='lat' dir='ltr'><strong>tem,</strong></span> <span class='ocrx_word' id='word_1_689' title='bbox 654 4921 886 4964; x_wconf 87' lang='lat' dir='ltr'><strong>suorum</strong></span> <span class='ocrx_word' id='word_1_690' title='bbox 952 4914 1307 4976; x_wconf 88' lang='lat' dir='ltr'><strong>peccatorum</strong></span> <span class='ocrx_word' id='word_1_691' title='bbox 1363 4909 1577 4965; x_wconf 89' lang='lat' dir='ltr'><strong>catenis</strong></span> <span class='ocrx_word' id='word_1_692' title='bbox 1622 4913 1888 4978; x_wconf 89' lang='lat' dir='ltr'><strong>perpetua</strong></span> <span class='ocrx_word' id='word_1_693' title='bbox 1940 4907 2025 4961; x_wconf 89' lang='lat' dir='ltr'><strong>ira</strong></span> 
     </span>
    </p>
   </div>
   <div class='ocr_carea' id='block_1_94' title="bbox 440 4993 2024 5066">
    <p class='ocr_par' dir='ltr' id='par_1_94' title="bbox 440 4993 2024 5066">
     <span class='ocr_line' id='line_1_94' title="bbox 440 4993 2024 5066; baseline 0.001 -18"><span class='ocrx_word' id='word_1_694' title='bbox 440 4993 660 5063; x_wconf 84' lang='lat' dir='ltr'><strong>seipsos</strong></span> <span class='ocrx_word' id='word_1_695' title='bbox 686 4993 1117 5064; x_wconf 84' lang='lat' dir='ltr'><strong>obstringentes.</strong></span> <span class='ocrx_word' id='word_1_696' title='bbox 1150 4994 1558 5053; x_wconf 80' lang='lat' dir='ltr'><strong>Existimabam</strong></span> <span class='ocrx_word' id='word_1_697' title='bbox 1590 4997 1738 5052; x_wconf 88' lang='lat' dir='ltr'><strong>enim</strong></span> <span class='ocrx_word' id='word_1_698' title='bbox 1766 4995 2024 5066; x_wconf 87' lang='lat' dir='ltr'><strong>impieta-</strong></span> 
     </span>
    </p>
   </div>
   <div class='ocr_carea' id='block_1_95' title="bbox 439 5082 2022 5159">
    <p class='ocr_par' dir='ltr' id='par_1_95' title="bbox 439 5082 2022 5159">
     <span class='ocr_line' id='line_1_95' title="bbox 439 5082 2022 5159; baseline 0.004 -22"><span class='ocrx_word' id='word_1_699' title='bbox 439 5090 555 5140; x_wconf 90' lang='lat' dir='ltr'><strong>tem</strong></span> <span class='ocrx_word' id='word_1_700' title='bbox 577 5099 726 5150; x_wconf 89' lang='lat' dir='ltr'><strong>esse,</strong></span> <span class='ocrx_word' id='word_1_701' title='bbox 750 5082 1285 5159; x_wconf 85' lang='lat' dir='ltr'><strong>indignabanturque</strong></span> <span class='ocrx_word' id='word_1_702' title='bbox 1307 5088 1475 5159; x_wconf 83' lang='lat' dir='ltr'><strong>quod,</strong></span> <span class='ocrx_word' id='word_1_703' title='bbox 1503 5103 1629 5143; x_wconf 90' lang='lat' dir='ltr'><strong>cum</strong></span> <span class='ocrx_word' id='word_1_704' title='bbox 1654 5089 1820 5143; x_wconf 90' lang='lat' dir='ltr'><strong>homo</strong></span> <span class='ocrx_word' id='word_1_705' title='bbox 1843 5096 2022 5156; x_wconf 84' lang='lat' dir='ltr'><strong>esset,</strong></span> 
     </span>
    </p>
   </div>
   <div class='ocr_carea' id='block_1_96' title="bbox 443 5174 2026 5236">
    <p class='ocr_par' dir='ltr' id='par_1_96' title="bbox 443 5174 2026 5236">
     <span class='ocr_line' id='line_1_96' title="bbox 443 5174 2026 5236; baseline 0.006 -9"><span class='ocrx_word' id='word_1_706' title='bbox 443 5174 614 5229; x_wconf 86' lang='lat' dir='ltr'><strong>Deum</strong></span> <span class='ocrx_word' id='word_1_707' title='bbox 639 5175 863 5231; x_wconf 81' lang='lat' dir='ltr'><strong>Patrem</strong></span> <span class='ocrx_word' id='word_1_708' title='bbox 889 5192 1048 5233; x_wconf 89' lang='lat' dir='ltr'><strong>suum</strong></span> <span class='ocrx_word' id='word_1_709' title='bbox 1080 5177 1311 5235; x_wconf 90' lang='lat' dir='ltr'><strong>diceret.</strong></span> <span class='ocrx_word' id='word_1_710' title='bbox 1332 5179 1664 5235; x_wconf 87' lang='lat' dir='ltr'><strong>Nesciebant</strong></span> <span class='ocrx_word' id='word_1_711' title='bbox 1687 5179 1833 5235; x_wconf 90' lang='lat' dir='ltr'><strong>enim</strong></span> <span class='ocrx_word' id='word_1_712' title='bbox 1854 5178 2026 5236; x_wconf 91' lang='lat' dir='ltr'><strong>Deum</strong></span> 
     </span>
    </p>
   </div>
   <div class='ocr_carea' id='block_1_97' title="bbox 444 5266 2024 5343">
    <p class='ocr_par' dir='ltr' id='par_1_97' title="bbox 444 5266 2024 5343">
     <span class='ocr_line' id='line_1_97' title="bbox 444 5266 2024 5343; baseline 0.005 -22"><span class='ocrx_word' id='word_1_713' title='bbox 444 5266 688 5323; x_wconf 72' lang='lat' dir='ltr'><strong>Verbum</strong></span> <span class='ocrx_word' id='word_1_714' title='bbox 722 5268 779 5322; x_wconf 88' lang='lat' dir='ltr'><strong>in</strong></span> <span class='ocrx_word' id='word_1_715' title='bbox 813 5266 990 5323; x_wconf 81' lang='lat' dir='ltr'><strong>forma</strong></span> <span class='ocrx_word' id='word_1_716' title='bbox 1030 5270 1176 5327; x_wconf 89' lang='lat' dir='ltr'><strong>servi</strong></span> <span class='ocrx_word' id='word_1_717' title='bbox 1211 5279 1439 5343; x_wconf 86' lang='lat' dir='ltr'><strong>propter</strong></span> <span class='ocrx_word' id='word_1_718' title='bbox 1465 5286 1568 5327; x_wconf 90' lang='lat' dir='ltr'><strong>nos</strong></span> <span class='ocrx_word' id='word_1_719' title='bbox 1613 5270 1819 5327; x_wconf 79' lang='lat' dir='ltr'><strong>factum</strong></span> <span class='ocrx_word' id='word_1_720' title='bbox 1863 5286 2024 5337; x_wconf 85' lang='lat' dir='ltr'><strong>esse,</strong></span> 
     </span>
    </p>
   </div>
   <div class='ocr_carea' id='block_1_98' title="bbox 443 5356 2028 5434">
    <p class='ocr_par' dir='ltr' id='par_1_98' title="bbox 443 5356 2028 5434">
     <span class='ocr_line' id='line_1_98' title="bbox 443 5356 2028 5434; baseline 0.005 -22"><span class='ocrx_word' id='word_1_721' title='bbox 443 5364 499 5412; x_wconf 91' lang='lat' dir='ltr'><strong>et</strong></span> <span class='ocrx_word' id='word_1_722' title='bbox 528 5371 595 5414; x_wconf 76' lang='lat' dir='ltr'><strong>ex</strong></span> <span class='ocrx_word' id='word_1_723' title='bbox 628 5356 736 5413; x_wconf 91' lang='lat' dir='ltr'><strong>Deo</strong></span> <span class='ocrx_word' id='word_1_724' title='bbox 765 5357 927 5415; x_wconf 88' lang='lat' dir='ltr'><strong>Patre</strong></span> <span class='ocrx_word' id='word_1_725' title='bbox 956 5362 1125 5416; x_wconf 87' lang='lat' dir='ltr'><strong>vitam</strong></span> <span class='ocrx_word' id='word_1_726' title='bbox 1160 5377 1530 5434; x_wconf 89' lang='lat' dir='ltr'><strong>promanare,</strong></span> <span class='ocrx_word' id='word_1_727' title='bbox 1572 5361 1679 5418; x_wconf 90' lang='lat' dir='ltr'><strong>hoc</strong></span> <span class='ocrx_word' id='word_1_728' title='bbox 1710 5371 1796 5419; x_wconf 89' lang='lat' dir='ltr'><strong>est</strong></span> <span class='ocrx_word' id='word_1_729' title='bbox 1825 5362 2028 5434; x_wconf 84' lang='lat' dir='ltr'><strong>Unige-</strong></span> 
     </span>
    </p>
   </div>
   <div class='ocr_carea' id='block_1_99' title="bbox 445 5447 2027 5524">
    <p class='ocr_par' dir='ltr' id='par_1_99' title="bbox 445 5447 2027 5524">
     <span class='ocr_line' id='line_1_99' title="bbox 445 5447 2027 5524; baseline 0.003 -20"><span class='ocrx_word' id='word_1_730' title='bbox 445 5447 654 5514; x_wconf 83' lang='lat' dir='ltr'><strong>nitum,</strong></span> <span class='ocrx_word' id='word_1_731' title='bbox 685 5448 778 5504; x_wconf 88' lang='lat' dir='ltr'><strong>cui</strong></span> <span class='ocrx_word' id='word_1_732' title='bbox 806 5458 955 5506; x_wconf 89' lang='lat' dir='ltr'><strong>certe</strong></span> <span class='ocrx_word' id='word_1_733' title='bbox 986 5453 1080 5507; x_wconf 91' lang='lat' dir='ltr'><strong>uni</strong></span> <span class='ocrx_word' id='word_1_734' title='bbox 1113 5453 1338 5524; x_wconf 87' lang='lat' dir='ltr'><strong>proprie</strong></span> <span class='ocrx_word' id='word_1_735' title='bbox 1367 5468 1433 5508; x_wconf 88' lang='lat' dir='ltr'><strong>ac</strong></span> <span class='ocrx_word' id='word_1_736' title='bbox 1461 5468 1588 5509; x_wconf 86' lang='lat' dir='ltr'><strong>vere</strong></span> <span class='ocrx_word' id='word_1_737' title='bbox 1611 5452 1781 5509; x_wconf 87' lang='lat' dir='ltr'><strong>Deum</strong></span> <span class='ocrx_word' id='word_1_738' title='bbox 1812 5454 2027 5510; x_wconf 87' lang='lat' dir='ltr'><strong>Patrem</strong></span> 
     </span>
    </p>
   </div>
   <div class='ocr_carea' id='block_1_100' title="bbox 446 5538 2028 5618">
    <p class='ocr_par' dir='ltr' id='par_1_100' title="bbox 446 5538 2028 5618">
     <span class='ocr_line' id='line_1_100' title="bbox 446 5538 2028 5618; baseline 0.004 -24"><span class='ocrx_word' id='word_1_739' title='bbox 446 5551 573 5594; x_wconf 85' lang='lat' dir='ltr'><strong>esse</strong></span> <span class='ocrx_word' id='word_1_740' title='bbox 601 5538 875 5607; x_wconf 90' lang='lat' dir='ltr'><strong>dicimus,</strong></span> <span class='ocrx_word' id='word_1_741' title='bbox 911 5545 1075 5601; x_wconf 88' lang='lat' dir='ltr'><strong>nobis</strong></span> <span class='ocrx_word' id='word_1_742' title='bbox 1101 5559 1230 5600; x_wconf 92' lang='lat' dir='ltr'><strong>vero</strong></span> <span class='ocrx_word' id='word_1_743' title='bbox 1256 5560 1366 5600; x_wconf 88' lang='lat' dir='ltr'><strong>non</strong></span> <span class='ocrx_word' id='word_1_744' title='bbox 1398 5545 1550 5601; x_wconf 85' lang='lat' dir='ltr'><strong>item.</strong></span> <span class='ocrx_word' id='word_1_745' title='bbox 1583 5545 1840 5618; x_wconf 86' lang='lat' dir='ltr'><strong>Adoptivi</strong></span> <span class='ocrx_word' id='word_1_746' title='bbox 1880 5547 2028 5603; x_wconf 87' lang='lat' dir='ltr'><strong>enim</strong></span> 
     </span>
    </p>
   </div>
   <div class='ocr_carea' id='block_1_101' title="bbox 447 5630 2030 5705">
    <p class='ocr_par' dir='ltr' id='par_1_101' title="bbox 447 5630 2030 5705">
     <span class='ocr_line' id='line_1_101' title="bbox 447 5630 2030 5705; baseline 0.006 -22"><span class='ocrx_word' id='word_1_747' title='bbox 447 5642 658 5697; x_wconf 79' lang='lat' dir='ltr'><strong>sumus,</strong></span> <span class='ocrx_word' id='word_1_748' title='bbox 692 5630 762 5687; x_wconf 88' lang='lat' dir='ltr'><strong>ad</strong></span> <span class='ocrx_word' id='word_1_749' title='bbox 804 5635 1129 5705; x_wconf 84' lang='lat' dir='ltr'><strong>dignitatem</strong></span> <span class='ocrx_word' id='word_1_750' title='bbox 1173 5638 1656 5703; x_wconf 87' lang='lat' dir='ltr'><strong>supernaturalem</strong></span> <span class='ocrx_word' id='word_1_751' title='bbox 1703 5636 2030 5693; x_wconf 89' lang='lat' dir='ltr'><strong>honorantis</strong></span> 
     </span>
    </p>
   </div>
   <div class='ocr_carea' id='block_1_102' title="bbox 447 5710 2030 5797">
    <p class='ocr_par' dir='ltr' id='par_1_102' title="bbox 447 5710 2030 5797">
     <span class='ocr_line' id='line_1_102' title="bbox 447 5710 2030 5797; baseline 0.001 -20"><span class='ocrx_word' id='word_1_752' title='bbox 447 5719 734 5780; x_wconf 70' lang='lat' dir='ltr'><strong>voluntate</strong></span> <span class='ocrx_word' id='word_1_753' title='bbox 767 5724 945 5781; x_wconf 88' lang='lat' dir='ltr'><strong>evecti</strong></span> <span class='ocrx_word' id='word_1_754' title='bbox 983 5734 1037 5782; x_wconf 88' lang='lat' dir='ltr'><strong>et</strong></span> <span class='ocrx_word' id='word_1_755' title='bbox 1086 5728 1313 5781; x_wconf 89' lang='lat' dir='ltr'><strong>nomina</strong></span> <span class='ocrx_word' id='word_1_756' title='bbox 1341 5728 1433 5782; x_wconf 88' lang='lat' dir='ltr'><strong>illa</strong></span> <span class='ocrx_word' id='word_1_757' title='bbox 1459 5710 1676 5783; x_wconf 67' lang='lat' dir='ltr'><strong>deorum</strong></span> <span class='ocrx_word' id='word_1_758' title='bbox 1703 5743 1765 5783; x_wconf 91' lang='lat' dir='ltr'><strong>ac</strong></span> <span class='ocrx_word' id='word_1_759' title='bbox 1794 5728 2030 5797; x_wconf 81' lang='lat' dir='ltr'><strong>ﬁliorum</strong></span> 
     </span>
    </p>
   </div>
   <div class='ocr_carea' id='block_1_103' title="bbox 452 5808 2031 5885">
    <p class='ocr_par' dir='ltr' id='par_1_103' title="bbox 452 5808 2031 5885">
     <span class='ocr_line' id='line_1_103' title="bbox 452 5808 2031 5885; baseline 0.004 -18"><span class='ocrx_word' id='word_1_760' title='bbox 452 5808 797 5883; x_wconf 76' lang='lat' dir='ltr'><strong>obtinentes,</strong></span> <span class='ocrx_word' id='word_1_761' title='bbox 833 5822 1056 5885; x_wconf 83' lang='lat' dir='ltr'><strong>propter</strong></span> <span class='ocrx_word' id='word_1_762' title='bbox 1089 5816 1489 5876; x_wconf 84' lang='lat' dir='ltr'><strong>inhabitantem</strong></span> <span class='ocrx_word' id='word_1_763' title='bbox 1524 5819 1805 5876; x_wconf 84' lang='lat' dir='ltr'><strong>Christum</strong></span> <span class='ocrx_word' id='word_1_764' title='bbox 1842 5818 1898 5874; x_wconf 90' lang='lat' dir='ltr'><strong>in</strong></span> <span class='ocrx_word' id='word_1_765' title='bbox 1931 5832 2031 5873; x_wconf 87' lang='lat' dir='ltr'><strong>no-</strong></span> 
     </span>
    </p>
   </div>
   <div class='ocr_carea' id='block_1_104' title="bbox 424 6108 499 6199">
    <p class='ocr_par' dir='ltr' id='par_1_104' title="bbox 424 6108 499 6199">
     <span class='ocr_line' id='line_1_104' title="bbox 424 6108 499 6199; baseline 0 0"><span class='ocrx_word' id='word_1_766' title='bbox 424 6108 499 6199; x_wconf 50' lang='grc' dir='ltr'><strong>’ἡ</strong></span> 
     </span>
    </p>
   </div>
   <div class='ocr_carea' id='block_1_105' title="bbox 2123 4626 3718 4704">
    <p class='ocr_par' dir='ltr' id='par_1_105' title="bbox 2123 4626 3718 4704">
     <span class='ocr_line' id='line_1_105' title="bbox 2123 4626 3718 4704; baseline -0.004 -18"><span class='ocrx_word' id='word_1_767' title='bbox 2123 4632 2439 4704; x_wconf 83' lang='grc' dir='ltr'>ἡμάρτηται</span> <span class='ocrx_word' id='word_1_768' title='bbox 2481 4628 2683 4699; x_wconf 89' lang='grc' dir='ltr'>νόμον,</span> <span class='ocrx_word' id='word_1_769' title='bbox 2723 4627 3074 4696; x_wconf 82' lang='grc' dir='ltr'>ὑγιασθέντος</span> <span class='ocrx_word' id='word_1_770' title='bbox 3123 4626 3414 4699; x_wconf 87' lang='grc' dir='ltr'>ἀνθρώπου</span> <span class='ocrx_word' id='word_1_771' title='bbox 3468 4627 3612 4692; x_wconf 67' lang='grc' dir='ltr'><strong>κατά</strong></span> <span class='ocrx_word' id='word_1_772' title='bbox 3655 4627 3718 4681; x_wconf 88' lang='grc' dir='ltr'><strong>τὸ</strong></span> 
     </span>
    </p>
   </div>
   <div class='ocr_carea' id='block_1_106' title="bbox 2124 4718 3719 4786">
    <p class='ocr_par' dir='ltr' id='par_1_106' title="bbox 2124 4718 3719 4786">
     <span class='ocr_line' id='line_1_106' title="bbox 2124 4718 3719 4786; baseline -0.004 -7"><span class='ocrx_word' id='word_1_773' title='bbox 2124 4723 2418 4779; x_wconf 77' lang='grc' dir='ltr'>Σάδδατον.</span> <span class='ocrx_word' id='word_1_774' title='bbox 2461 4721 2846 4775; x_wconf 86' lang='grc' dir='ltr'>Ἐπιπλέκουσι</span> <span class='ocrx_word' id='word_1_775' title='bbox 2899 4719 2957 4773; x_wconf 78' lang='grc' dir='ltr'>δὲ</span> <span class='ocrx_word' id='word_1_776' title='bbox 3006 4722 3127 4786; x_wconf 86' lang='grc' dir='ltr'>ταῖς</span> <span class='ocrx_word' id='word_1_777' title='bbox 3177 4720 3266 4774; x_wconf 90' lang='grc' dir='ltr'><strong>διά</strong></span> <span class='ocrx_word' id='word_1_778' title='bbox 3318 4719 3378 4774; x_wconf 90' lang='grc' dir='ltr'><strong>τὸ</strong></span> <span class='ocrx_word' id='word_1_779' title='bbox 3436 4718 3719 4774; x_wconf 79' lang='grc' dir='ltr'>Σάὁδατον</span> 
     </span>
    </p>
   </div>
   <div class='ocr_carea' id='block_1_107' title="bbox 2124 4809 3717 4885">
    <p class='ocr_par' dir='ltr' id='par_1_107' title="bbox 2124 4809 3717 4885">
     <span class='ocr_line' id='line_1_107' title="bbox 2124 4809 3717 4885; baseline -0.003 -17"><span class='ocrx_word' id='word_1_780' title='bbox 2124 4815 2336 4885; x_wconf 82' lang='grc' dir='ltr'>ὀργαῖς,</span> <span class='ocrx_word' id='word_1_781' title='bbox 2364 4812 2440 4875; x_wconf 85' lang='grc' dir='ltr'>ὡς</span> <span class='ocrx_word' id='word_1_782' title='bbox 2477 4810 2823 4882; x_wconf 84' lang='grc' dir='ltr'>βλασφημίας</span> <span class='ocrx_word' id='word_1_783' title='bbox 2850 4809 3103 4881; x_wconf 76' lang='grc' dir='ltr'>ἔγκλημα</span> <span class='ocrx_word' id='word_1_784' title='bbox 3139 4811 3240 4883; x_wconf 81' lang='grc' dir='ltr'>τὴν</span> <span class='ocrx_word' id='word_1_785' title='bbox 3286 4810 3564 4883; x_wconf 83' lang='grc' dir='ltr'>ἀλήθειαν,</span> <span class='ocrx_word' id='word_1_786' title='bbox 3608 4827 3717 4864; x_wconf 88' lang='grc' dir='ltr'>σει-</span> 
     </span>
    </p>
   </div>
   <div class='ocr_carea' id='block_1_108' title="bbox 2128 4900 3718 4976">
    <p class='ocr_par' dir='ltr' id='par_1_108' title="bbox 2128 4900 3718 4976">
     <span class='ocr_line' id='line_1_108' title="bbox 2128 4900 3718 4976; baseline -0.001 -18"><span class='ocrx_word' id='word_1_787' title='bbox 2128 4906 2249 4976; x_wconf 83' lang='grc' dir='ltr'>ραῖς</span> <span class='ocrx_word' id='word_1_788' title='bbox 2275 4901 2384 4957; x_wconf 88' lang='grc' dir='ltr'><strong>τῶν</strong></span> <span class='ocrx_word' id='word_1_789' title='bbox 2409 4900 2625 4955; x_wconf 79' lang='grc' dir='ltr'>οἰκείων</span> <span class='ocrx_word' id='word_1_790' title='bbox 2654 4900 3144 4973; x_wconf 86' lang='grc' dir='ltr'>πλημμελημάτων</span> <span class='ocrx_word' id='word_1_791' title='bbox 3175 4903 3255 4966; x_wconf 86' lang='grc' dir='ltr'><strong>είς</strong></span> <span class='ocrx_word' id='word_1_792' title='bbox 3282 4902 3515 4965; x_wconf 86' lang='grc' dir='ltr'>ἀλύτους</span> <span class='ocrx_word' id='word_1_793' title='bbox 3546 4902 3718 4973; x_wconf 83' lang='grc' dir='ltr'>όργάς</span> 
     </span>
    </p>
   </div>
   <div class='ocr_carea' id='block_1_109' title="bbox 2127 4994 3717 5066">
    <p class='ocr_par' dir='ltr' id='par_1_109' title="bbox 2127 4994 3717 5066">
     <span class='ocr_line' id='line_1_109' title="bbox 2127 4994 3717 5066; baseline -0.001 -16"><span class='ocrx_word' id='word_1_794' title='bbox 2127 4997 2353 5060; x_wconf 75' lang='grc' dir='ltr'>ἑαυτοὺς</span> <span class='ocrx_word' id='word_1_795' title='bbox 2408 4995 2896 5066; x_wconf 86' lang='grc' dir='ltr'>κατασφίγγοντες.</span> <span class='ocrx_word' id='word_1_796' title='bbox 2959 4994 3253 5048; x_wconf 78' lang='grc' dir='ltr'>Δυσσεσεῖν</span> <span class='ocrx_word' id='word_1_797' title='bbox 3305 4995 3415 5065; x_wconf 84' lang='grc' dir='ltr'>γὰρ</span> <span class='ocrx_word' id='word_1_798' title='bbox 3461 4994 3717 5063; x_wconf 83' lang='grc' dir='ltr'>ἐδόκουν,</span> 
     </span>
    </p>
   </div>
   <div class='ocr_carea' id='block_1_110' title="bbox 2129 5085 3718 5160">
    <p class='ocr_par' dir='ltr' id='par_1_110' title="bbox 2129 5085 3718 5160">
     <span class='ocr_line' id='line_1_110' title="bbox 2129 5085 3718 5160; baseline -0.002 -17"><span class='ocrx_word' id='word_1_799' title='bbox 2129 5088 2258 5145; x_wconf 81' lang='grc' dir='ltr'>ῐδιον</span> <span class='ocrx_word' id='word_1_800' title='bbox 2288 5089 2371 5143; x_wconf 81' lang='grc' dir='ltr'>ὅτι</span> <span class='ocrx_word' id='word_1_801' title='bbox 2398 5088 2548 5159; x_wconf 84' lang='grc' dir='ltr'>λέγει</span> <span class='ocrx_word' id='word_1_802' title='bbox 2573 5087 2794 5160; x_wconf 83' lang='grc' dir='ltr'>Πατέρα</span> <span class='ocrx_word' id='word_1_803' title='bbox 2822 5088 2913 5143; x_wconf 90' lang='grc' dir='ltr'><strong>τὸν</strong></span> <span class='ocrx_word' id='word_1_804' title='bbox 2939 5087 3072 5143; x_wconf 91' lang='grc' dir='ltr'>Θεὸν</span> <span class='ocrx_word' id='word_1_805' title='bbox 3096 5086 3383 5159; x_wconf 77' lang='grc' dir='ltr'>ἄνθρωπος</span> <span class='ocrx_word' id='word_1_806' title='bbox 3405 5085 3481 5140; x_wconf 84' lang='grc' dir='ltr'>ὢν</span> <span class='ocrx_word' id='word_1_807' title='bbox 3510 5087 3718 5158; x_wconf 85' lang='grc' dir='ltr'>ἀσχάλ-</span> 
     </span>
    </p>
   </div>
   <div class='ocr_carea' id='block_1_111' title="bbox 2125 5177 3719 5253">
    <p class='ocr_par' dir='ltr' id='par_1_111' title="bbox 2125 5177 3719 5253">
     <span class='ocr_line' id='line_1_111' title="bbox 2125 5177 3719 5253; baseline -0.003 -17"><span class='ocrx_word' id='word_1_808' title='bbox 2125 5181 2328 5246; x_wconf 84' lang='grc' dir='ltr'>λοντες.</span> <span class='ocrx_word' id='word_1_809' title='bbox 2370 5182 2444 5235; x_wconf 81' lang='grc' dir='ltr'><strong>Οὐ</strong></span> <span class='ocrx_word' id='word_1_810' title='bbox 2475 5180 2584 5253; x_wconf 85' lang='grc' dir='ltr'>γὰρ</span> <span class='ocrx_word' id='word_1_811' title='bbox 2617 5179 2817 5252; x_wconf 74' lang='grc' dir='ltr'>ᾔδεσαν</span> <span class='ocrx_word' id='word_1_812' title='bbox 2852 5196 2940 5233; x_wconf 80' lang='grc' dir='ltr'><strong>πω</strong></span> <span class='ocrx_word' id='word_1_813' title='bbox 2981 5178 3072 5232; x_wconf 87' lang='grc' dir='ltr'><strong>τὸν</strong></span> <span class='ocrx_word' id='word_1_814' title='bbox 3114 5179 3175 5233; x_wconf 81' lang='grc' dir='ltr'><strong>ἐν</strong></span> <span class='ocrx_word' id='word_1_815' title='bbox 3205 5177 3392 5232; x_wconf 91' lang='grc' dir='ltr'>δούλου</span> <span class='ocrx_word' id='word_1_816' title='bbox 3433 5181 3617 5250; x_wconf 81' lang='grc' dir='ltr'>μορφῇ</span> <span class='ocrx_word' id='word_1_817' title='bbox 3652 5178 3719 5232; x_wconf 76' lang='grc' dir='ltr'>δι’</span> 
     </span>
    </p>
   </div>
   <div class='ocr_carea' id='block_1_112' title="bbox 2128 5267 3719 5345">
    <p class='ocr_par' dir='ltr' id='par_1_112' title="bbox 2128 5267 3719 5345">
     <span class='ocr_line' id='line_1_112' title="bbox 2128 5267 3719 5345; baseline -0.003 -18"><span class='ocrx_word' id='word_1_818' title='bbox 2128 5275 2274 5345; x_wconf 75' lang='grc' dir='ltr'>ἡμᾶς</span> <span class='ocrx_word' id='word_1_819' title='bbox 2307 5273 2567 5343; x_wconf 85' lang='grc' dir='ltr'>γεγονότα</span> <span class='ocrx_word' id='word_1_820' title='bbox 2597 5271 2730 5326; x_wconf 84' lang='grc' dir='ltr'>Θεὸν</span> <span class='ocrx_word' id='word_1_821' title='bbox 2755 5271 2948 5339; x_wconf 87' lang='grc' dir='ltr'>Λόγον,</span> <span class='ocrx_word' id='word_1_822' title='bbox 2982 5270 3082 5341; x_wconf 78' lang='grc' dir='ltr'><strong>τήν</strong></span> <span class='ocrx_word' id='word_1_823' title='bbox 3114 5271 3178 5325; x_wconf 80' lang='grc' dir='ltr'><strong>ἐκ</strong></span> <span class='ocrx_word' id='word_1_824' title='bbox 3215 5269 3309 5324; x_wconf 87' lang='grc' dir='ltr'><strong>τοῦ</strong></span> <span class='ocrx_word' id='word_1_825' title='bbox 3340 5267 3476 5324; x_wconf 82' lang='grc' dir='ltr'>Θεοῦ</span> <span class='ocrx_word' id='word_1_826' title='bbox 3507 5268 3719 5341; x_wconf 89' lang='grc' dir='ltr'>Πατρὸς</span> 
     </span>
    </p>
   </div>
   <div class='ocr_carea' id='block_1_113' title="bbox 2127 5352 3716 5432">
    <p class='ocr_par' dir='ltr' id='par_1_113' title="bbox 2127 5352 3716 5432">
     <span class='ocr_line' id='line_1_113' title="bbox 2127 5352 3716 5432; baseline -0.003 -16"><span class='ocrx_word' id='word_1_827' title='bbox 2127 5362 2505 5432; x_wconf 80' lang='grc' dir='ltr'>ἀναδρύουσαν</span> <span class='ocrx_word' id='word_1_828' title='bbox 2550 5359 2716 5431; x_wconf 82' lang='grc' dir='ltr'>ζωὴν,</span> <span class='ocrx_word' id='word_1_829' title='bbox 2766 5359 2910 5414; x_wconf 84' lang='grc' dir='ltr'>τοῦτ’</span> <span class='ocrx_word' id='word_1_830' title='bbox 2955 5360 3072 5414; x_wconf 70' lang='grc' dir='ltr'>ἔστι</span> <span class='ocrx_word' id='word_1_831' title='bbox 3117 5359 3209 5414; x_wconf 89' lang='grc' dir='ltr'><strong>τὸν</strong></span> <span class='ocrx_word' id='word_1_832' title='bbox 3244 5358 3549 5431; x_wconf 80' lang='grc' dir='ltr'>Μονογενῆ,</span> <span class='ocrx_word' id='word_1_833' title='bbox 3581 5352 3626 5428; x_wconf 83' lang='grc' dir='ltr'>ᾧ</span> <span class='ocrx_word' id='word_1_834' title='bbox 3652 5357 3716 5429; x_wconf 79' lang='grc' dir='ltr'>δὴ</span> 
     </span>
    </p>
   </div>
   <div class='ocr_carea' id='block_1_114' title="bbox 2129 5451 3719 5526">
    <p class='ocr_par' dir='ltr' id='par_1_114' title="bbox 2129 5451 3719 5526">
     <span class='ocr_line' id='line_1_114' title="bbox 2129 5451 3719 5526; baseline -0.002 -18"><span class='ocrx_word' id='word_1_835' title='bbox 2129 5454 2225 5509; x_wconf 77' lang='grc' dir='ltr'>καὶ</span> <span class='ocrx_word' id='word_1_836' title='bbox 2257 5454 2402 5526; x_wconf 82' lang='grc' dir='ltr'>μόνῳ</span> <span class='ocrx_word' id='word_1_837' title='bbox 2428 5452 2633 5524; x_wconf 87' lang='grc' dir='ltr'>κυρίως</span> <span class='ocrx_word' id='word_1_838' title='bbox 2664 5470 2724 5506; x_wconf 91' lang='grc' dir='ltr'><strong>τε</strong></span> <span class='ocrx_word' id='word_1_839' title='bbox 2756 5453 2850 5507; x_wconf 68' lang='grc' dir='ltr'><strong>καί</strong></span> <span class='ocrx_word' id='word_1_840' title='bbox 2879 5451 3095 5524; x_wconf 86' lang='grc' dir='ltr'>ἀληθῶς</span> <span class='ocrx_word' id='word_1_841' title='bbox 3133 5452 3502 5523; x_wconf 85' lang='grc' dir='ltr'>ἐπιγράφεταί</span> <span class='ocrx_word' id='word_1_842' title='bbox 3538 5468 3599 5505; x_wconf 85' lang='grc' dir='ltr'><strong>τε</strong></span> <span class='ocrx_word' id='word_1_843' title='bbox 3624 5453 3719 5506; x_wconf 77' lang='grc' dir='ltr'>καὶ</span> 
     </span>
    </p>
   </div>
   <div class='ocr_carea' id='block_1_115' title="bbox 2130 5543 3717 5616">
    <p class='ocr_par' dir='ltr' id='par_1_115' title="bbox 2130 5543 3717 5616">
     <span class='ocr_line' id='line_1_115' title="bbox 2130 5543 3717 5616; baseline -0.004 -15"><span class='ocrx_word' id='word_1_844' title='bbox 2130 5545 2242 5601; x_wconf 77' lang='grc' dir='ltr'>ἔστι</span> <span class='ocrx_word' id='word_1_845' title='bbox 2274 5545 2465 5616; x_wconf 81' lang='grc' dir='ltr'>Πατὴρ</span> <span class='ocrx_word' id='word_1_846' title='bbox 2490 5548 2519 5599; x_wconf 85' lang='grc' dir='ltr'><strong>ό</strong></span> <span class='ocrx_word' id='word_1_847' title='bbox 2549 5544 2701 5611; x_wconf 83' lang='grc' dir='ltr'>Θεὸς,</span> <span class='ocrx_word' id='word_1_848' title='bbox 2727 5547 2860 5616; x_wconf 81' lang='grc' dir='ltr'>ἡμῖν</span> <span class='ocrx_word' id='word_1_849' title='bbox 2892 5545 2950 5599; x_wconf 81' lang='grc' dir='ltr'><strong>δέ</strong></span> <span class='ocrx_word' id='word_1_850' title='bbox 2978 5544 3181 5599; x_wconf 80' lang='grc' dir='ltr'>οὐκέτι.</span> <span class='ocrx_word' id='word_1_851' title='bbox 3207 5544 3364 5598; x_wconf 74' lang='grc' dir='ltr'>Θετοὶ</span> <span class='ocrx_word' id='word_1_852' title='bbox 3392 5543 3501 5615; x_wconf 84' lang='grc' dir='ltr'><strong>γάρ</strong></span> <span class='ocrx_word' id='word_1_853' title='bbox 3529 5545 3717 5614; x_wconf 74' lang='grc' dir='ltr'>ἡμεῖς,</span> 
     </span>
    </p>
   </div>
   <div class='ocr_carea' id='block_1_116' title="bbox 2131 5634 3717 5709">
    <p class='ocr_par' dir='ltr' id='par_1_116' title="bbox 2131 5634 3717 5709">
     <span class='ocr_line' id='line_1_116' title="bbox 2131 5634 3717 5709; baseline -0.004 -17"><span class='ocrx_word' id='word_1_854' title='bbox 2131 5641 2209 5702; x_wconf 86' lang='grc' dir='ltr'><strong>είς</strong></span> <span class='ocrx_word' id='word_1_855' title='bbox 2241 5636 2303 5691; x_wconf 87' lang='grc' dir='ltr'><strong>τὸ</strong></span> <span class='ocrx_word' id='word_1_856' title='bbox 2335 5638 2473 5709; x_wconf 80' lang='grc' dir='ltr'>ὑπὲρ</span> <span class='ocrx_word' id='word_1_857' title='bbox 2506 5641 2666 5706; x_wconf 83' lang='grc' dir='ltr'>φύσιν</span> <span class='ocrx_word' id='word_1_858' title='bbox 2696 5635 2914 5707; x_wconf 78' lang='grc' dir='ltr'>ἀξίωμα</span> <span class='ocrx_word' id='word_1_859' title='bbox 2960 5635 3047 5689; x_wconf 81' lang='grc' dir='ltr'>διὰ</span> <span class='ocrx_word' id='word_1_860' title='bbox 3092 5636 3193 5707; x_wconf 79' lang='grc' dir='ltr'>τὴν</span> <span class='ocrx_word' id='word_1_861' title='bbox 3238 5634 3335 5689; x_wconf 88' lang='grc' dir='ltr'><strong>τοῦ</strong></span> <span class='ocrx_word' id='word_1_862' title='bbox 3383 5634 3717 5705; x_wconf 79' lang='grc' dir='ltr'>τιμήσαντος</span> 
     </span>
    </p>
   </div>
   <div class='ocr_carea' id='block_1_117' title="bbox 2132 5722 3717 5798">
    <p class='ocr_par' dir='ltr' id='par_1_117' title="bbox 2132 5722 3717 5798">
     <span class='ocr_line' id='line_1_117' title="bbox 2132 5722 3717 5798; baseline -0.004 -15"><span class='ocrx_word' id='word_1_863' title='bbox 2132 5727 2351 5798; x_wconf 81' lang='grc' dir='ltr'>θέλησιν</span> <span class='ocrx_word' id='word_1_864' title='bbox 2373 5725 2776 5793; x_wconf 77' lang='grc' dir='ltr'>ἀναϐαίνοντες,</span> <span class='ocrx_word' id='word_1_865' title='bbox 2807 5725 2901 5781; x_wconf 73' lang='grc' dir='ltr'><strong>καὶ</strong></span> <span class='ocrx_word' id='word_1_866' title='bbox 2925 5726 2985 5779; x_wconf 88' lang='grc' dir='ltr'><strong>τὸ</strong></span> <span class='ocrx_word' id='word_1_867' title='bbox 3014 5726 3133 5781; x_wconf 84' lang='grc' dir='ltr'>θεοί</span> <span class='ocrx_word' id='word_1_868' title='bbox 3169 5727 3263 5780; x_wconf 73' lang='grc' dir='ltr'><strong>καὶ</strong></span> <span class='ocrx_word' id='word_1_869' title='bbox 3285 5725 3406 5781; x_wconf 70' lang='grc' dir='ltr'>υίοί</span> <span class='ocrx_word' id='word_1_870' title='bbox 3430 5722 3717 5779; x_wconf 82' lang='grc' dir='ltr'>καλεῖσθαι</span> 
     </span>
    </p>
   </div>
   <div class='ocr_carea' id='block_1_118' title="bbox 2134 5810 3722 5891">
    <p class='ocr_par' dir='ltr' id='par_1_118' title="bbox 2134 5810 3722 5891">
     <span class='ocr_line' id='line_1_118' title="bbox 2134 5810 3722 5891; baseline -0.002 -18"><span class='ocrx_word' id='word_1_871' title='bbox 2134 5818 2504 5891; x_wconf 77' lang='grc' dir='ltr'>κερδαίνοντες</span> <span class='ocrx_word' id='word_1_872' title='bbox 2554 5817 2643 5872; x_wconf 84' lang='grc' dir='ltr'>διὰ</span> <span class='ocrx_word' id='word_1_873' title='bbox 2683 5817 2773 5872; x_wconf 85' lang='grc' dir='ltr'><strong>τὸν</strong></span> <span class='ocrx_word' id='word_1_874' title='bbox 2812 5817 2869 5869; x_wconf 80' lang='grc' dir='ltr'><strong>ἐν</strong></span> <span class='ocrx_word' id='word_1_875' title='bbox 2905 5818 3038 5887; x_wconf 81' lang='grc' dir='ltr'>ἡμῖν</span> <span class='ocrx_word' id='word_1_876' title='bbox 3064 5815 3316 5873; x_wconf 81' lang='grc' dir='ltr'>οἰκοῦντα</span> <span class='ocrx_word' id='word_1_877' title='bbox 3351 5813 3587 5885; x_wconf 84' lang='grc' dir='ltr'>Χριστὸν</span> <span class='ocrx_word' id='word_1_878' title='bbox 3629 5810 3722 5870; x_wconf 76' lang='grc' dir='ltr'>διὰ</span> 
     </span>
    </p>
   </div>
  </div>
