4052 6492
362 389 476 445 349

1432 382 1501 438 ΙΝ
1535 380 1824 439 JOANNIS
1856 378 2309 437 EVANGELIUM
2343 378 2474 434 LlB.
2508 379 2570 433 ll.

3546 366 3652 424 530

359 506 464 561 τοῦ
528 507 684 576 ἁγίου
739 506 1079 577 Πνεύματος.
1135 506 1227 569 Εἰς
1289 504 1388 575 τὴν
1444 505 1625 577 σάρκα
1665 501 1959 576 τοιγαροῦν

2076 501 2149 557 ais
2185 516 2282 571 per
2316 506 2573 555 sanctum
2604 496 2879 570 Spiritum
2907 496 2971 549 ³¹.
3005 493 3144 551 Cum
3172 505 3310 565 ergo
3336 488 3511 548 solam
3539 503 3658 543 car-

361 598 680 670 ἀφορῶντες
723 597 917 669 μόνην,
965 596 1059 651 τὸν
1098 595 1155 649 δὲ
1180 598 1240 650 ἐν
1286 598 1352 668 τῇ
1404 594 1568 669 σαρκὶ
1601 593 1960 650 κατοικοῦντα

357 689 499 742 Θεὸν
545 687 647 742 οὐκ
696 686 1172 756 ἐπιγινώσκοντες,
1223 688 1325 741 οὐκ
1378 688 1660 759 ἀνέχονται
1720 687 1856 758 πρὸς
1897 685 1962 740 τὸ

357 780 698 853 ὑπερέκεινα
726 780 827 851 τῆς
853 779 1144 850 ἀνθρώπου
1175 779 1391 848 φύσεως
1441 766 1826 850 ἀναπηδώντος
1863 779 1961 849 μέ-

355 892 514 944 τρον,
564 873 654 928 διὰ
703 873 798 927 τοῦ
851 874 1070 945 Πατέρα
1116 871 1295 941 λέγειν
1340 872 1535 926 ἐαυτοῦ
1566 873 1656 928 τὸν
1685 871 1838 927 Θεόν.
1869 869 1961 942 Τῷ

356 965 475 1037 γὰρ
497 967 695 1032 εἰπεῖν,
732 985 751 1017 ι
797 964 856 1022 Ὀ
904 966 1095 1036 Πατήρ
1151 982 1275 1037 μου,
1315 984 1333 1017 ι
1368 967 1573 1038 ταύτην
1623 966 1688 1021 ἂν
1734 963 1961 1027 εἰκότως

357 1054 609 1125 εἰσφέροι
633 1054 732 1126 τὴν
765 1053 1006 1108 ἔννοιαν·
1034 1053 1238 1108 οἴονται
1268 1053 1323 1107 δὲ
1362 1054 1471 1107 δεῖν
1504 1054 1598 1107 τὸν
1620 1045 1772 1125 ᾧπερ
1809 1051 1958 1105 ἐστὶν

358 1149 681 1215 ἰδιαζόντως
731 1149 921 1220 Πατὴρ
976 1149 1004 1200 ὁ
1051 1146 1204 1215 Θεὸς,
1259 1145 1374 1202 ἴσον
1424 1145 1563 1200 εἶναι
1611 1146 1752 1201 κατά
1797 1145 1959 1216 φύσιν

355 1239 534 1311 αὐτῷ,
582 1239 741 1294 τοῦτο
794 1238 858 1312 δὴ
912 1239 1071 1310 μόνον
1124 1236 1374 1301 νοοῦντες
1427 1236 1633 1309 όρθῶςο
1684 1236 1795 1308 ἔχει
1849 1236 1959 1309 γὰρ

353 1333 561 1399 οὓτως,
586 1332 687 1409 καλι
706 1332 805 1403 οὐχ
834 1330 1059 1404 ἑτέρως.
1102 1331 1190 1394 Ὠς
1236 1326 1330 1384 οῦν
1364 1330 1460 1383 καὶ
1490 1328 1695 1400 ταύτην
1736 1327 1830 1383 τοῦ
1874 1327 1959 1381 λό-

229 1476 235 1497 ,
353 1444 461 1497 γου
492 1426 595 1498 τὴν
626 1425 836 1479 ἐννοιαν
866 1423 1301 1497 παρεισάγοντος
1324 1462 1339 1488 ,
1378 1420 1748 1491 ἀγανακτοῦσι
1780 1419 1961 1492 μειξό-

353 1537 470 1584 νως
499 1518 592 1573 τὸν
620 1517 780 1590 ὀρθὸν
800 1517 901 1590 τῆς
934 1515 1193 1588 ἀληθείας
1230 1513 1620 1586 ἐκτρεπόμενοι
1652 1513 1829 1583 λόγον.

977 1632 1232 1689 ΚΕΦΑΛ.
1265 1634 1356 1702 ς’.

357 1748 485 1802 ὀτι
513 1747 628 1803 οὐκ
652 1744 922 1801 ἐλάττων
946 1747 1099 1801 κατὰ
1132 1746 1392 1814 δύναμιν
1420 1744 1460 1814 ἢ
1491 1744 1621 1800 κατ’
1651 1741 1963 1814 ἐνέργειαν

427 1817 549 1891 τὴν
574 1818 678 1872 ἐπί
707 1833 872 1891 τιᾳιῖ
898 1820 934 1872 ό
972 1819 1016 1871 Υ
1013 1816 1110 1891 ζὸςΔ
1132 1817 1250 1891 tofi
1261 1804 1516 1891 Πατριξς,
1543 1804 1961 1891 ω’ςιρνὸσθε-

427 1885 547 1956 γῆς
581 1905 647 1942 τε
686 1887 786 1942 καὶ
821 1885 1043 1958 suam“,
1079 1888 1159 1953 ὠς
1181 1886 1252 1952 ἐξ
1279 1887 1470 1941 αὑτοῦ
1496 1886 1648 1941 κατά
1675 1885 1886 1955 φύσιν.

433 1980 817 2050 Ἀπεκρίνατο
850 1975 967 2036 οὖν
1010 1982 1045 2034 ὁ
1100 1979 1352 2049 Ἰησοῦς,
1383 1978 1481 2034 καὶ
1519 1973 1690 2033 εἶπεν
1716 1973 1921 2042 αὐτοῖς
1940 1991 1956 2008 ο

380 2071 577 2142 Ἀμὴν,
600 2071 767 2142 ἀμὴν
787 2070 944 2141 λέγω
966 2069 1133 2141 ὑμῖν,
1159 2073 1231 2126 οὐ
1257 2071 1511 2126 δύναται
1537 2073 1569 2125 ό
1606 2069 1737 2136 Υἱὸς
1759 2067 1960 2123 ποιεῖν

358 2163 464 2232 ἀφ’
488 2162 711 2217 ἑαυτοῦ
736 2161 939 2228 οὐδὲν,
970 2164 1081 2218 ἐὰν
1114 2162 1203 2233 μή
1247 2179 1305 2217 τι
1345 2161 1552 2233 ,βλέπῃ
1582 2161 1692 2215 τὸν
1728 2145 1962 2228 Πατέρα

353 2255 684 2311 ποιοῦντα·
721 2253 761 2310 ἆ
808 2253 920 2326 τὰρ
965 2253 1045 2311 ἂν
1081 2255 1315 2323 ἐκεῖνος
1364 2253 1528 2326 ποιῇ,
1561 2252 1750 2309 ταῦτα
1792 2251 1893 2307 καὶ
1926 2254 1961 2309 ό

362 2350 506 2417 Υἱὸς
543 2350 761 2419 ὁμοίως
791 2347 969 2404 πὸῖεἴ.

434 2444 619 2515 Ὅπερ
645 2444 705 2496 ἐν
727 2445 841 2507 τοῖς
867 2441 1233 2515 προλαϐοῦσιν
1257 2443 1578 2516 εἰρήκαμεν,
1610 2440 1770 2495 τοῦτο
1797 2437 1960 2494 πάλιν

353 2537 538 2609 ἑτέρῳ
564 2533 914 2609 διερμηνεύει
952 2536 1175 2609 τρόπῳ,
1207 2534 1548 2607 πανταχόθεν
1590 2535 1685 2589 ἐπὶ⁵
1716 2533 1818 2605 τὴν
1858 2530 1960 2602 τῆς

351 2629 627 2703 ἀληθείας
660 2628 879 2700 εὕρεσιν
914 2628 1233 2700 σαγηνεύων
1259 2629 1386 2691 τοὺς
1421 2626 1806 2698 ἀκροωμένους
1825 2643 1839 2658 ο
1870 2626 1962 2680 τὸν

348 2723 416 2778 δὲ
447 2723 509 2776 ἐν
549 2719 790 2793 πρώτοις
814 2720 876 2774 οὐ
925 2719 1334 2791 παραδεχθέντα
1378 2718 1556 2788 λόγον,
1586 2717 1676 2773 διὰ
1712 2716 1811 2788 τὴν
1851 2715 1962 2771 τῶν

352 2814 609 2875 συνιέναι
655 2812 731 2885 μὴ
765 2811 1101 2884 δυνηθέντων
1130 2809 1439 2876 ἀσθένειαν,
1481 2809 1682 2882 ἑτέρως
1719 2811 1964 2882 ἀναμορ-

353 2910 474 2978 spot,
506 2907 603 2961 ml.
627 2905 716 2961 διά
744 2905 854 2959 τῶν
876 2903 1057 2959 αὐτῶν
1097 2904 1247 2958 ίόντα
1286 2903 1682 2975 θεωρημάτων,
1717 2901 1963 2975 εἰσφέρει

352 3001 648 3065 ποικίλως.
682 2999 885 3071 Ἔργον
929 2998 975 3052 δ’
1022 2996 1089 3052 ἂν
1136 2995 1224 3069 εἵη
1277 2994 1438 3049 τοῦτο
1477 2995 1578 3067 τῆς
1623 2992 1962 3050 διδασκάλων

352 3092 686 3168 πρεπούσης
736 3090 975 3164 ἀρετῆς,
1019 3089 1081 3144 τὸ
1122 3088 1203 3162 μὴ
1242 3088 1511 3161 τρέχοντα
1541 3087 1823 3161 δηλονότι,
1869 3086 1965 3141 καὶ

352 3188 787 3258 ⁴ιιιινιριπτόιμενον
826 3181 938 3237 τῶν
970 3180 1371 3252 διδασκομένων
1408 3180 1507 3253 τὴν
1549 3179 1754 3252 γνῶσιν
1792 3180 1966 3235 ποιεῖ-

2062 609 2187 651 nem
2241 599 2495 663 spectent
2551 598 2607 647 et
2663 589 2834 647 Deum
2865 590 2922 645 in
2953 602 3121 644 carne
3169 585 3512 640 habitantem
3553 594 3663 633 non

2061 692 2399 757 agnoscant,
2427 699 2537 739 non
2570 681 2758 738 ferunt
2778 680 2968 738 Iesum
2992 680 3140 734 ultra
3170 683 3383 731 natura:
3407 672 3666 726 humanae

2060 776 2440 833 conditionem
2474 773 2662 830 eﬂ'crri
2695 790 2762 828 ex
2795 787 2863 828 eo
2896 770 3044 842 quod
3071 767 3293 823 Patrem
3328 779 3491 821 suum
3524 761 3664 817 dicit

2060 869 2255 926 Deum.
2288 868 2347 934 In
2380 884 2447 924 eo
2480 869 2630 923 enim
2667 865 2816 936 quod
2847 863 3008 929 dicit,
3041 882 3059 914 ί
3092 861 3256 916 Pater
3291 873 3472 919 meus,
3500 875 3519 907 ι
3556 857 3662 908 ista

2060 961 2340 1018 sententia
2361 960 2488 1032 jure
2517 956 2873 1029 erprimitur.
2911 953 3242 1008 Existimant
3272 957 3455 1005 autem
3491 960 3619 1001 cum
3644 983 3658 1007 ,

2060 1054 2151 1111 cui
2174 1054 2397 1125 proprie
2417 1067 2485 1107 ac
2503 1049 2861 1122 peculiariter
2880 1046 3043 1101 Pater
3075 1052 3161 1099 est
3196 1042 3365 1109 Deus,
3394 1039 3661 1110 aaqualem

2060 1164 2188 1204 esse
2217 1147 2267 1204 ei
2301 1144 2612 1203 secundum
2648 1148 2945 1205 naturam;
2980 1135 3131 1207 quod
3166 1148 3338 1188 unum
3373 1131 3478 1202 ipsi
3512 1137 3663 1183 recte

2054 1239 2314 1311 iudicant
2340 1256 2356 1295 :
2386 1238 2462 1293 ita
2493 1236 2644 1292 enim
2689 1248 2784 1289 res
2826 1239 2947 1298 est,
2990 1244 3057 1283 ac
3101 1241 3214 1282 non
3261 1224 3443 1279 aliter.
3486 1220 3663 1287 Quasi

2060 1348 2196 1405 ergo
2226 1333 2378 1387 hunc
2409 1342 2641 1386 sensum
2675 1324 2978 1381 verborum
3016 1332 3250 1376 suorum
3289 1316 3409 1386 ipse
3452 1312 3507 1366 in
3546 1325 3664 1365 me-

2060 1428 2216 1485 dium
2248 1424 2479 1488 aﬂerat,
2514 1420 2886 1491 indignantur
2921 1413 3121 1487 magis,
3158 1415 3374 1466 rectum
3406 1402 3662 1462 veritatis

2062 1532 2376 1577 sermonem
2407 1508 2963 1582 alio'detorquentes.

2719 1621 2873 1679 CAP.
2914 1618 3003 1675 Vl.

2064 1745 2222 1817 Quod
2254 1761 2361 1817 non
2384 1742 2563 1817 minor
2582 1734 2871 1817 secundum
2897 1733 3146 1817 uirtutem
3177 1735 3271 1783 aut
3302 1722 3662 1811 operationem

2239 1794 2607 1871 ilius
2630 1849 2645 1874 ,
2672 1806 2765 1863 sed
2804 1804 3031 1875 aqualis
3063 1794 3379 1869 potestatis,
3412 1796 3562 1866 eique
3590 1794 3662 1848 si-

1990 1887 2035 1945 B
2135 1890 2315 1951 milis,
2351 1895 2409 1940 ut
2443 1898 2509 1938 ea:
2537 1883 2652 1951 ipso
2686 1878 2974 1933 secundum
3005 1882 3300 1928 naturam.

2137 1981 2206 2038 ν.
2251 1980 2340 2047 18,
2370 1977 2459 2033 i9.
2506 1970 2795 2043 Respondit
2836 1971 3017 2038 itaque
3047 1963 3236 2027 Iesus,
3279 1968 3329 2016 et
3366 1958 3504 2013 dixit
3540 1956 3617 2010 eis
3641 1994 3655 2010 .

2061 2078 2265 2142 Amen,
2303 2088 2457 2130 amen
2496 2069 2616 2124 dico
2650 2064 2794 2121 vobis
2817 2103 2834 2132 ,
2866 2077 2973 2116 non
3004 2066 3174 2129 potest
3213 2054 3262 2109 F
3265 2053 3390 2108 ilius
3425 2068 3456 2105 (ι
3485 2067 3541 2105 se
3574 2049 3663 2118 fa-

2060 2185 2176 2226 cere
2204 2166 2496 2239 quidquam
2516 2201 2532 2227 ,
2560 2159 2671 2215 nisi
2699 2153 2839 2228 quod
2866 2151 3059 2208 viderit
3087 2147 3305 2203 Patrem
3336 2142 3615 2213 facientem
3642 2154 3661 2193 :

2060 2232 2384 2335 quacunque
2415 2256 2555 2312 enim
2604 2251 2695 2307 ille
2731 2247 2945 2321 fecerit,
2976 2244 3087 2301 hinc
3116 2249 3167 2297 et
3209 2236 3385 2293 Filius
3413 2232 3664 2290 similiter

2062 2355 2219 2427 facit.
2860 2412 2870 2422 ὓ

2134 2442 2296 2512 Quod
2338 2442 2396 2497 in
2445 2420 2894 2511 praecedentibus
2937 2429 3219 2492 diximus,
3266 2424 3372 2479 hoc
3414 2420 3526 2476 alia
3570 2431 3664 2472 ra-

2061 2539 2219 2595 tione
2255 2510 2462 2591 rursus
2490 2524 3099 2602 explicat,-auditores
3140 2532 3278 2575 suos
3313 2514 3381 2570 ad
3424 2510 3664 2584 agnitio—

2061 2645 2191 2688 nem
2219 2626 2471 2685 veritatis
2499 2634 2899 2694 usquequaque
2929 2603 3209 2672 irretiens.
3237 2608 3413 2664 Porro
3448 2602 3663 2659 doctri-

2062 2738 2193 2780 nam
2232 2734 2357 2791 quai
2401 2717 2643 2790 primum
2671 2716 2931 2781 suscepta
2956 2722 3070 2763 non
3094 2712 3212 2770 est,
3239 2701 3311 2756 ob
3333 2710 3528 2755 eorum
3557 2695 3667 2749 ima

2063 2787 2427 2877 becillitatem
2474 2812 2585 2867 alio
2615 2807 2783 2864 modo
2813 2802 3075 2873 reﬁngit,
3125 2805 3181 2853 et
3211 2808 3339 2850 cum
3372 2792 3429 2846 in
3462 2787 3664 2845 iisdem

2064 2898 2768 2971 verseturtheorematis,
2824 2894 2980 2950 varie
3034 2899 3222 2945 tamen
3268 2896 3389 2939 eam
3436 2884 3663 2935 tractat.

2064 2998 2234 3056 Probi
2274 3001 2461 3052 autem
2494 2990 2749 3065 magistri
2784 2985 3030 3042 oﬂicium
3072 2988 3201 3046 est,
3255 2990 3368 3032 non
3418 2970 3663 3033 cursim,

2066 3106 2250 3164 neque
2276 3062 2657 3161 perfunctorie
2674 3080 2898 3144 docere,
2919 3076 3020 3133 sed
3050 3069 3291 3144 eleganti
3325 3081 3452 3122 cum
3484 3062 3665 3117 varie-

2065 3157 2182 3246 tate
2205 3157 2526 3243 distinctam
2549 3180 2865 3235 doctrinam
2890 3170 3133 3234 tradere,
3160 3166 3491 3237 plerumque
3509 3157 3668 3211 theo-

356 3253 491 3335 σθαι
518 3253 829 3347 τὸν-λόγον,
854 3274 969 3331 ἀλλ’
993 3274 1309 3347 εὐπάρυφόν
1342 3291 1403 3329 τε
1420 3275 1529 3330 -καὶ
1573 3274 1848 3347 διαφόρως
1882 3271 1968 3340 ἐξ·

2076 3285 2347 3337 rematum
2381 3271 2544 3345 215
2570 3267 2949 3325 diﬂicultatem
2980 3259 3184 3318 eximio
3212 3253 3436 3311 dicendi
3467 3262 3669 3323 genere

351 3370 718 3444 ορχούμενον,
745 3369 840 3424 καὶ
872 3368 950 3441 τῷ
982 3368 1082 3439 τῆς
1103 3366 1356 3437 φράσεως
1379 3366 1789 3439 ἐξηλλαγμένῳ,
1830 3364 1963 3419 πολ-

353 3467 526 3531 λάκις
557 3465 658 3537 τὴν
698 3464 759 3519 ἐν
800 3464 913 3526 τοῖς
957 3461 1279 3535 θεωρήμασι
1324 3459 1583 3532 ψιλοῦντα
1626 3459 1969 3532 δυσχέρειαν.

368 3556 678 3629 ’Δναμίξας
718 3555 901 3609 τοίνυν
930 3554 1010 3627 τῷ
1037 3553 1332 3626 θεοπρεπεῖ
1371 3552 1433 3607 τὸ
1473 3551 1838 3624 ἀνθρώπινον,
1878 3552 1975 3606 καὶ

360 3653 535 3727 μέσον
566 3651 627 3717 ἐξ
657 3649 863 3721 ἀμφοῖν
908 3647 1005 3701 ἕνα
1054 3646 1297 3716 κεράσας
1344 3645 1526 3717 λόγον,
1560 3643 1637 3711 ὡς
1663 3643 1849 3716 ἠρέμα
1877 3644 1975 3714 μὲν

359 3743 625 3815 ὑφιζάνει
655 3741 719 3795 τὸ
758 3737 836 3810 τῷ
868 3738 1167 3806 Μονογενεϊ
1214 3736 1427 3807 πρέπον
1473 3736 1713 3808 ἀξίωμα,
1739 3733 1973 3790 ἀναϐαί-

349 3853 448 3894 νει
513 3833 574 3888 δὲ
634 3832 735 3903 τὴν
793 3827 1087 3901 ἀνθρώπου
1142 3827 1328 3899 φύσιν,
1376 3826 1453 3892 ὡς
1509 3827 1788 3898 Δεσπότης
1833 3826 1972 3897 ἆμα.

358 3927 463 3984 καὶ
494 3924 557 3978 ἐν
593 3920 804 3984 δούλοις
852 3917 1349 3988 κατατεταγμένος,
1400 3916 1601 3988 φησίνο
1642 3934 1660 3968 ι
1694 3916 1768 3972 Οὐ
1815 3913 1977 3969 δύνα-

361 4034 459 4073 ται
496 4015 676 4068 ποιεῖν
702 4012 732 4065 ὁ
762 4009 891 4074 Υἱὸς
924 4009 1019 4078 ἀφ’
1049 4006 1247 4063 ἐαυτοῦ
1299 4007 1472 4074 οὐδὲν,
1506 4005 1601 4061 ἐὰν
1633 4008 1764 4079 μήτι
1800 4007 1975 4081 βλέπῃ

363 4109 460 4166 τὸν
493 4104 723 4175 Πατέρα
751 4100 1012 4157 ποιοῦντα
1030 4119 1042 4132 ·
1083 4100 1121 4156 ἀ
1149 4100 1259 4174 γὰρ
1286 4100 1353 4157 ἂν
1381 4102 1588 4165 ἐκεῖνος
1620 4103 1774 4180 ποιῇ,
1807 4100 1978 4156 ταῦτα

362 4200 469 4258 καὶ
490 4206 522 4259 ὁ
554 4196 687 4262 Υἱὸς
715 4194 921 4266 ὁμοίως
958 4194 1122 4247 ποιεῖ.
1160 4212 1179 4245 ι
1222 4192 1312 4246 Ἐν
1350 4192 1448 4262 μὲν
1481 4191 1590 4262 γὰρ
1618 4191 1696 4262 τῷ
1720 4190 1978 4246 δύνασθαι

365 4294 547 4350 ποιεῖν
582 4287 1023 4363 ἀπαραλλάκτως
1051 4285 1122 4339 τὰ
1170 4282 1263 4339 τοῦ
1302 4283 1438 4339 Θεοῦ
1481 4286 1575 4338 καὶ
1622 4283 1856 4354 Πατρὺς,
1884 4282 1980 4337 καὶ¹

366 4385 577 4460 ὁμοίως
624 4383 872 4453 ἐνεργεῖν
903 4378 980 4451 τῷ
1014 4379 1359 4451 γεννήσαντι,
1393 4377 1494 4446 τῆς
1535 4375 1726 4439 οὐσίας
1768 4374 1979 4430 ἑαυτῶν

371 4478 648 4555 μαρτυρεῖ
678 4474 779 4544 τὴν
813 4470 1141 4543 ταυτότητα.
1184 4468 1501 4540 Ἐνεργήσει
1544 4466 1655 4539 γὰρ
1682 4466 1884 4538 ὁμοίως
1910 4464 1983 4521 τὰ

368 4573 471 4647 τήν
506 4570 683 4642 αὐτὴν
714 4565 968 4637 ἀλλήλοις
992 4564 1229 4637 λαχόντα
1259 4561 1444 4632 φύσιν,
1475 4555 1557 4625 οἷς
1594 4558 1650 4617 δὲ
1676 4560 1705 4613 ὁ
1736 4558 1831 4613 τοῦ
1864 4558 1981 4624 πῶς

369 4664 510 4730 εἶναι
537 4664 698 4733 λόγος
728 4658 1154 4731 ἐξηλλαγμένος,
1202 4654 1414 4718 τούτοις
1456 4652 1524 4709 ἂν
1568 4649 1654 4724 εἴη
1694 4652 1788 4705 καὶ
1818 4652 1847 4704 ὁ
1878 4651 1981 4723 τῆς

368 4760 454 4829 ἐφ’
483 4758 691 4814 ἅπασιν
719 4751 1002 4825 ἐνεργείας
1027 4750 1229 4822 τρόπος
1268 4748 1369 4819 οὐχ
1401 4749 1429 4800 ὁ
1462 4746 1645 4810 αὐτός.
1673 4744 1885 4801 Οὐκοῦν
1905 4745 1982 4811 ὼς

371 4851 507 4916 Θεὸς
549 4846 805 4919 ἀληθινὸς
849 4846 915 4899 ἐκ
954 4841 1090 4897 Θεοῦ
1123 4841 1338 4914 Πατρὺς
1381 4838 1658 4913 ἀληθινοῦ,
1691 4837 1865 4893 ταῦτα
1891 4837 1981 4891 δύ-

371 4943 571 4999 νασθαι
626 4939 802 4992 ποιεῖν
865 4934 1068 5007 ὁμοίως
1117 4931 1312 5004 ἐκείνῳ
1360 4931 1556 5001 φησὶν,
1610 4929 1727 4984 ἀλλ’
1773 4930 1860 4983 ἵνα
1901 4928 1978 5000 μὴ

373 5037 555 5108 μόνως
603 5029 705 5105 [αι.
741 5026 924 5102 μόνον]
972 5024 1089 5091 ῐσος
1134 5024 1211 5079 ὣν
1248 5025 1306 5077 ἐν
1351 5023 1581 5095 δυνάμει
1619 5021 1875 5094 φαίνηται
1902 5019 1982 5092 τῷ

371 5126 575 5202 Πατρὶ,
609 5118 951 5194 ὁμογνώμων
995 5118 1054 5172 δὲ
1103 5115 1248 5175 κατὰ
1293 5114 1492 5180 πάντα,
1544 5114 1637 5187 καῖ
1684 5115 1814 5186 μίαν
1843 5113 1983 5184 ἔχων

368 5221 470 5294 τὴν
498 5218 588 5286 ἐφ’
622 5216 800 5279 ἅπασι
829 5213 1070 5284 θέλησιν,
1107 5211 1184 5283 μὴ
1227 5207 1488 5265 δύνασθαι
1527 5208 1676 5278 λέγει
1717 5209 1891 5265 ποιεῖν
1922 5205 1986 5274 ἐξ

370 5306 572 5369 ἐαυτοῦ
609 5306 800 5378 μηδὲν,
826 5304 924 5360 ἐὰν
958 5304 1089 5375 μήτι
1119 5301 1294 5375 βλέπῃ
1318 5300 1410 5355 τὸν
1447 5300 1669 5372 Πατέρα
1697 5299 1980 5356 ποιοῦντα.

376 5401 608 5474 Ὅμοιον
634 5400 692 5454 δὲ
719 5398 796 5463 ὡς
823 5398 875 5452 εί
907 5397 1055 5466 λέγοι
1085 5393 1427 5469 τρανώτερον
1456 5393 1593 5466 πρὸς
1620 5394 1747 5459 τοὺς
1770 5392 1986 5448 διώκειν

374 5492 871 5569 ἐπιχειρήσαντας,
910 5489 1105 5561 ἀνδρὸς
1153 5489 1211 5542 ἐν
1258 5486 1528 5560 Σαϐϐάτῳ
1573 5486 1987 5559 τεθεραπευμέ-

375 5603 507 5643 νουο
580 5581 1002 5640 Καταλελύσθαι
1079 5580 1330 5653 νομίζετε
1369 5581 1470 5652 τὴν
1536 5578 1632 5635 τοῦ
1703 5580 1985 5635 Σαϐϐάτω

378 5675 570 5748 τιμὴν,
601 5673 719 5729 ἀλλ’
742 5673 845 5726 οὐκ
894 5671 962 5726 ἂν
1017 5670 1221 5744 ἔδρασα
1262 5670 1421 5727 τοῦτό
1463 5688 1596 5725 ποτε
1633 5672 1707 5743 μὴ
1738 5672 1858 5743 οὐχὶ
1894 5673 1986 5727 τὸν

380 5770 571 5841 ὅμοιον
602 5765 842 5837 ἐργάτην
882 5764 1026 5837 ὁρῶν
1073 5764 1165 5817 τὸν
1210 5763 1467 5835 Πατέραο
1518 5765 1732 5835 ἐνεργεῖ
1773 5765 1882 5837 γὰρ
1918 5768 1984 5821 τὰ

454 5885 497 5925 ιι
530 5881 844 5954 Romanu,
876 5877 960 5939 tt.
1039 5877 1085 5912 ³³
1114 5876 1275 5938 Joan.
1307 5894 1362 5946 ν,
1395 5876 1485 5945 19,
1516 5876 1607 5935 ‘20.

2075 3368 2429 3444 explicando.
2483 3365 2730 3421 Miscens
2766 3360 2955 3431 itaque
2991 3354 3183 3410 divino
3223 3350 3526 3405 humanum
3555 3382 3570 3409 ,
3612 3347 3670 3397 et

2074 3464 2321 3521 medium
2346 3477 2415 3517 ex
2448 3456 2721 3514 ambobus
2751 3465 2926 3507 unum
2964 3458 3280 3504 sermonem
3315 3448 3667 3509 temperans,

2076 3550 2490 3629 quodammodo
2546 3545 2789 3605 subsidit
2833 3543 3075 3614 dignitas
3126 3532 3427 3607 Unigenito
3479 3542 3672 3586 conve-

2076 3650 2280 3716 niens;
2343 3643 2576 3702 eﬂ‘ertur
2627 3654 2794 3703 vero,
2849 3633 3031 3708 quoad
3084 3629 3329 3686 hominis
3390 3632 3673 3685 naturam,

2077 3749 2140 3797 ut
2198 3738 2467 3794 Dominus
2527 3731 2696 3790 simul
2753 3737 2808 3785 et
2879 3727 3028 3783 inter
3076 3734 3274 3779 servos
3325 3715 3671 3777 collocatus,

2078 3832 2261 3903 inquit
2291 3848 2305 3886 :
2336 3848 2355 3882 ι
2388 3827 2510 3884 Non
2549 3830 2736 3897 potest
2775 3820 2815 3876 F
2821 3819 2955 3875 ilius
2991 3832 3022 3872 a
3059 3815 3246 3884 seipso
3288 3810 3473 3865 facere
3511 3803 3675 3875 quido

2078 3938 2247 3998 quam
2274 3962 2289 3989 ,
2324 3921 2440 3983 nisi
2473 3895 2627 3989 quod
2663 3913 2867 3970 viderit
2908 3912 3129 3965 Patrem
3174 3903 3496 3959 facientem.
3539 3895 3676 3961 Quae

2079 3985 2230 4074 enim
2276 3985 2394 4068 ine
2456 3985 2620 4074 facit,
2676 4005 2871 4062 eadem
2929 4008 2986 4057 et
3035 3998 3214 4054 Filius
3269 3990 3525 4049 similiter
3592 3985 3676 4040 ra-

2079 4108 2159 4164 cit
2179 4107 2246 4159 ³¹.
2276 4122 2295 4156 ι
2328 4101 2390 4156 ln
2414 4114 2482 4157 eo
2515 4098 2665 4154 enim
2700 4093 2849 4166 quod
2893 4096 3082 4163 potest
3126 4086 3319 4144 eadem
3349 4096 3446 4154 per
3487 4076 3676 4133 omnia

2080 4199 2269 4256 facere
2295 4207 2419 4265 quae
2446 4184 2583 4248 sunt
2611 4187 2708 4243 Dei
2736 4201 2802 4241 ac
2830 4182 3017 4238 Patris
3038 4221 3054 4247 ,
3087 4189 3140 4236 et
3165 4174 3389 4249 operari
3418 4169 3680 4229 similiter

2080 4304 2147 4346 ac
2178 4259 2365 4353 Pater,
2397 4281 2747 4340 identitatem
2782 4275 2984 4347 probat
3019 4286 3134 4329 suae
3164 4262 3510 4324 substantiae.
3544 4259 3679 4325 Quas

2082 4381 2232 4440 enim
2256 4377 2508 4436 eamdem
2540 4372 2740 4430 sortita
2769 4377 2902 4426 sunt
2934 4374 3194 4422 naturam
3219 4402 3235 4427 ,
3268 4359 3528 4418 similiter
3556 4370 3680 4425 ope-

2084 4481 2286 4532 rantur
2316 4489 2333 4527 :
2365 4468 2571 4541 quibus
2604 4470 2792 4519 autem
2827 4458 3056 4517 essendi
3101 4454 3248 4510 ratio
3289 4459 3375 4509 est
3420 4448 3678 4512 diversa,

2085 4568 2175 4624 his
2201 4564 2396 4634 utique
2429 4574 2543 4616 non
2573 4557 2683 4613 erit
2712 4554 2860 4610 idem
2889 4552 2944 4606 in
2971 4546 3236 4605 omnibus
3264 4537 3536 4614 operandi
3564 4549 3682 4591 mo-

2085 4662 2217 4718 dus.
2258 4657 2432 4731 lgitur
2462 4660 2524 4708 ut
2558 4650 2705 4705 Deus
2734 4659 2902 4703 verus
2933 4658 3002 4699 ex
3041 4641 3154 4697 Deo
3184 4636 3348 4692 Patre
3384 4647 3544 4696 vero,
3587 4642 3683 4685 ea-

2086 4754 2215 4810 dem
2248 4725 2384 4806 cum
2416 4745 2514 4802 illo
2549 4740 2736 4798 facere
2768 4752 2829 4794 se
2859 4747 3029 4806 posse
3060 4731 3175 4795 ait,
3214 4725 3313 4783 sed
3349 4733 3409 4779 ut
3444 4736 3555 4776 non
3589 4733 3687 4775 so-

2085 4847 2202 4904 lum
2233 4843 2453 4900 virtute
2484 4833 2718 4906 aequalis
2747 4844 2872 4887 esse
2900 4824 3057 4882 Patri
3093 4821 3371 4882 videatur,
3407 4813 3504 4872 sed
3533 4814 3687 4884 ejus-

2086 4940 2213 4998 dem
2239 4953 2336 5010 per
2358 4931 2549 4991 omnia
2576 4924 2906 4988 sententiae,
2932 4928 2989 4977 et
3021 4930 3192 4973 unam
3227 4914 3283 4969 in
3317 4909 3537 4966 cunctis
3572 4906 3676 4961 ha-

2090 5032 2225 5090 bere
2241 5000 2590 5085 uoluntatem
2612 5061 2629 5087 ,
2652 5020 2730 5074 ait
2750 5033 2811 5075 se
2834 5030 2947 5072 non
2972 5026 3138 5085 posse
3164 5009 3349 5065 facere
3377 5000 3688 5074 quidquam

2090 5140 2124 5181 a
2159 5123 2374 5195 seipso,
2402 5117 2518 5175 nisi
2544 5112 2748 5170 viderit
2773 5109 2994 5169 Patrem
3022 5104 3346 5161 facientem.
3382 5097 3527 5153 Idem
3555 5107 3689 5149 vero

2090 5224 2179 5274 est
2214 5182 2280 5270 ac
2317 5182 2368 5270 si
2401 5211 2555 5267 dicat
2587 5203 2810 5278 planius
2846 5200 2916 5257 ad
2948 5214 3049 5255 eos
3080 5196 3177 5269 qui
3208 5193 3281 5249 ob
3311 5188 3591 5247 hominem
3630 5182 3693 5241 in

2091 5309 2185 5366 die
2213 5303 2448 5361 Sabbati
2497 5272 2763 5355 sanatum
2816 5295 3001 5366 ipsum
3054 5283 3521 5345 insectabantur:
3553 5272 3688 5329 Exi-

2092 5398 2341 5460 stimatis
2376 5394 2608 5452 Sabbati
2641 5392 2913 5449 honorem
2934 5400 3060 5444 esse
3080 5381 3387 5443 violatum;
3415 5370 3513 5429 sed
3550 5382 3687 5424 nus-

2093 5506 2262 5565 quam
2296 5488 2449 5547 istud
2483 5486 2741 5543 fecissem
2765 5522 2782 5548 ,
2826 5479 2948 5554 [nisi
2994 5475 3241 5533 viderem
3272 5467 3497 5523 Patrem
3529 5456 3690 5514 simi.

2097 5548 2226 5643 liter
2261 5584 2484 5647 facere,
2536 5578 2634 5651 qui
2686 5548 2935 5649 quae-ad
2985 5559 3443 5623 constitutionem
3490 5548 3696 5608 mundi

2096 5678 2384 5752 pertinent
2412 5674 2585 5731 etiam
2619 5668 2886 5731 Sahbato,
2919 5668 3240 5733 quanquam
3276 5664 3374 5722 per
3406 5659 3495 5702 me
3515 5683 3530 5710 ,
3553 5654 3687 5748 per»

2096 5735 2230 5842 igit.
2283 5764 2431 5825 Fieri
2482 5779 2595 5822 non
2631 5766 2810 5835 potest
2842 5754 3031 5833 igitur,
3082 5745 3305 5822 inquit,
3356 5749 3418 5797 ut
3471 5735 3577 5812 qui.
3618 5747 3698 5811 cia
