4052 6528
448 408 550 466 551

1472 406 1529 464 S.
1578 407 1862 465 CYPJLL‘I
1899 409 2374 470 ΑιΕιιΑΝοιιιΜ
2401 412 2723 470 ARCHlEP.

3614 410 3731 468 552

452 525 576 593 ipso
607 525 913 581 secundum
946 531 1198 578 naturam
1258 529 1345 577 est
1405 522 1608 590 Filius,
1669 541 1779 580 non
1844 526 2034 598 utique

2151 527 2273 600 πρὸς
2314 528 2571 583 σύστασιν
2621 528 2826 599 κόσμου
2865 524 2967 580 ’καὶ
3010 524 3149 579 κατά
3205 524 3503 588 Σάϐϐατον,
3537 525 3587 577 εί
3630 518 3730 579 καὶ

449 618 509 672 in
569 619 831 673 omnibus
894 632 1017 687 qua:
1049 615 1230 672 Patris
1261 623 1391 672 sunt
1457 628 1718 690 operetur
1763 634 1830 675 ac
1867 619 2032 690 velit,

449 724 562 763 non
601 710 758 780 quasi
810 709 1033 763 aliunde
1088 718 1350 778 tanquam
1387 724 1417 763 a
1467 711 1735 781 magistro
1786 712 2033 768 faciendi

450 799 765 868 exemplum
806 798 1084 869 accipiat,
1117 806 1211 854 aut
1247 799 1422 855 etiam
1458 801 1762 859 voluntatis
1791 803 2033 874 impulsu

452 897 514 943 ut
561 890 753 944 eadem
787 901 913 941 cum
957 889 1119 946 Patre
1149 891 1282 947 velit
1316 891 1590 962 adigatur,
1624 893 1721 949 sed
1756 893 1907 965 quod
1936 909 2035 950 na-

450 986 594 1035 tura:
630 981 993 1037 immutabilis
1029 983 1249 1054 legibus
1278 983 1348 1038 ad
1379 984 1631 1040 eamdem
1657 1001 1783 1041 cum
1818 987 1930 1043 Deo
1967 1002 2033 1044 ac

450 1071 615 1129 Patre
646 1061 988 1129 voluntatem
1016 1083 1071 1130 et
1100 1076 1371 1131 actionem
1403 1076 1685 1132 efferatur.
1717 1077 1837 1133 Non
1867 1095 2035 1150 posse

450 1164 599 1218 enim
626 1180 655 1219 a
686 1166 869 1236 seipso
902 1165 1079 1222 facere
1104 1166 1402 1238 quidquam
1424 1210 1439 1235 ,
1467 1170 1555 1225 his
1584 1170 1825 1226 maxime
1849 1173 2035 1227 conti-

452 1264 639 1312 netur.
671 1257 751 1311 Ita
782 1259 870 1328 pie
902 1260 1278 1329 cogitantibus
1311 1261 1555 1316 arbitror
1593 1281 1611 1314 ι
1639 1263 2035 1333 captivandum

452 1360 578 1401 esse
604 1360 823 1402 omnem
854 1348 1194 1405 intellectum
1227 1351 1283 1406 in
1315 1351 1642 1423 obsequium
1674 1353 1882 1411 Christi
1914 1354 1982 1421 ³³,
2011 1374 2030 1406 ι

455 1436 604 1492 sicut
627 1439 898 1509 scriptum
927 1448 1035 1496 est.
1340 1432 1363 1443 ’

525 1698 632 1754 Sed
665 1700 991 1757 reclamabit
1019 1700 1208 1759 forsan
1239 1704 1497 1764 veritatis
1526 1706 1741 1775 hostis,
1770 1718 1826 1766 et
1851 1726 2043 1769 amen-

453 1791 543 1846 tiae
577 1808 692 1848 sum
724 1793 993 1863 pabulum
1026 1796 1198 1851 veluti
1233 1798 1512 1868 quoddam
1554 1803 1606 1856 id
1641 1803 1789 1872 quod
1827 1804 2040 1862 dictum

2138 616 2205 670 δι’
2235 617 2388 689 ἐμοῦ.
2426 617 2711 672 ’Δδύνατον
2753 610 2847 670 οὖν
2893 614 3030 687 ἐμὲ,
3082 613 3279 683 φησιν,
3317 614 3409 665 τὸν
3459 611 3520 676 ἐξ
3561 612 3729 665 αὑτοῦ

2140 708 2283 763 κατὰ
2309 708 2470 779 φύσιν
2513 710 2663 777 Υίὺν,
2701 707 2775 780 μὴ
2808 707 2931 778 οὐχί
2974 706 3191 768 πάντως
3235 705 3294 758 ἐν
3339 706 3475 758 πᾶσι
3515 702 3587 757 τὰ
3631 703 3733 758 τοῦ

2141 795 2356 868 Πατρὸς
2397 800 2638 868 ἐνεργεῖν
2689 814 2749 850 τε
2793 796 2887 850 καὶ
2941 793 3243 865 βούλεσθαι,
3277 793 3375 863 οὐχ
3411 793 3488 857 ὡς
3534 792 3736 857 ἔξωθεν

2140 887 2375 943 λαϐόντα
2407 888 2669 952 διδακτῶς
2698 888 2789 941 τὸν
2823 887 2917 941 τοῦ
2946 888 3121 940 ποιεῖν
3164 885 3606 959 ὑπογραμμὸν,ῆ
3638 886 3739 939 καὶ

2142 980 2207 1032 ὲκ
2230 978 2617 1050 προαιρετικοῦ
2648 980 2949 1050 κινήματος
2977 977 3067 1030 ἐπὶ
3092 977 3154 1030 τὸ
3176 975 3245 1029 τὰ
3277 975 3416 1029 αὐτά
3443 975 3738 1045 βούλεσθαι

2140 1069 2220 1140 τῷ
2257 1071 2435 1141 Πατρὶ
2472 1070 2832 1142 κεκλημένον,
2869 1070 2986 1125 ἀλλ’
3023 1069 3100 1132 ὼς
3130 1067 3344 1138 φύσεως
3383 1068 3739 1140 ἀπαρατιτοιή-⁵

2141 1178 2235 1215 του
2271 1162 2455 1234 νόμοις
2494 1163 2590 1217 ἐπὶ
2637 1163 2736 1235 τὴν
2779 1164 2900 1234 ἴσην
2947 1162 3306 1216 ἀναϐαίνοντα
3347 1161 3426 1234 τῷ
3473 1160 3591 1234 Θεῷ
3639 1163 3739 1217 καὶ

2143 1253 2321 1325 Πατρὶ
2378 1253 2573 1326 βουλήν
2622 1271 2683 1307 τε
2747 1256 2841 1308 καὶ¹
2896 1253 3114 1325 πρᾶξιν.
3171 1254 3246 1306 Τὸ
3298 1254 3407 1326 γὰρ
3473 1253 3740 1307 δύνασθαι

2145 1348 2319 1401 ποιεῖν
2352 1347 2446 1416 ἀφ’
2476 1346 2670 1399 ἑαυτοῦ
2713 1346 2898 1417 μηδὲν,
2932 1347 2990 1400 ὲν
3034 1346 3245 1409 τούτοις
3289 1340 3347 1400 εὖ
3394 1346 3541 1416 μάλα
3575 1363 3738 1418 περι-

2144 1438 2405 1507 ορίζεται.
2461 1438 2646 1504 Οὕτως
2698 1436 2850 1511 οἶμαι
2908 1440 3107 1511 χρῆναι
3154 1438 3410 1503 νοοῦντας
3470 1440 3730 1504 εὐσεϐῶς,

2151 1548 2171 1581 ι
2214 1530 2634 1600 αἰχμαλωτίζειν
2681 1533 2790 1585 πᾶν
2844 1532 3025 1603 νόημα
3070 1535 3149 1596 εἰς
3202 1533 3303 1604 τὴν
3341 1531 3589 1602 ὑπακοὴν
3637 1533 3733 1585 τοῦ

2146 1621 2405 1691 Χριστοῦ,
2442 1639 2460 1673 ι
2493 1621 2633 1676 καθά
2667 1623 2999 1695 γέγραπται.

2216 1710 2532 1781 ’Δπειθήσει
2561 1710 2621 1764 δὲ
2658 1710 2786 1775 ἴσως
2832 1714 2861 1765 ὁ
2903 1714 2967 1784 τῇ
3015 1711 3243 1782 ἀληθεία
3277 1714 3603 1785 μαχόμενος,
3640 1714 3741 1767 καὶ

2146 1801 2350 1873 τροφὴν
2378 1801 2567 1875 ὥσπερ
2599 1802 2721 1856 τινὰ
2746 1806 2845 1873 τῆς
2871 1803 3065 1856 ἑαυτοῦ
3097 1804 3417 1869 δυσϐουλίας
3448 1806 3741 1877 ποιήσεται

450 1889 537 1935 est
567 1883 794 1950 arripiet
819 1924 833 1949 ,
866 1894 1034 1955 atque
1064 1887 1149 1943 his
1180 1902 1284 1943 nos
1315 1890 1535 1959 urgebit
1563 1910 1577 1945 :
1609 1891 1667 1946 Si
1696 1904 1782 1947 cst
1808 1896 2040 1965 aequalis

2151 1891 2202 1945 τὸ
2228 1891 2517 1963 εἰρημένον
2536 1908 2550 1921 ο
2586 1891 2758 1964 Εἴπερ
2789 1888 2857 1962 ἦν
2886 1893 2944 1946 ὲν
2977 1893 3205 1964 ἰσότητι,
3246 1892 3442 1963 λέγων,
3473 1894 3568 1947 τοῦ
3617 1895 3738 1948 Ila-

454 1971 605 2027 Patri
640 1973 839 2038 Filius,
870 1979 1078 2033 nullam
1106 1981 1154 2036 ei
1186 1983 1568 2038 excellentiam
1599 1989 1918 2043 necessario
1947 1990 2046 2043 tri-

454 2064 666 2133 buens,
708 2078 937 2140 propter
976 2082 1188 2128 natura;
1241 2090 1357 2129 suae
1395 2075 1699 2143 defectum,
1751 2079 1884 2150 quid
1919 2095 2047 2136 eum

457 2157 648 2229 adegit
686 2168 747 2215 ut
787 2170 900 2219 tam
940 2173 1130 2233 aperte
1169 2166 1385 2223 diceret
1437 2184 1547 2224 non
1590 2185 1757 2240 posse
1793 2186 1823 2225 a
1859 2172 2047 2242 seipso

456 2248 642 2308 facere
696 2255 1037 2326 quidquam,
1098 2259 1207 2315 nisi
1259 2261 1459 2316 viderit
1511 2260 1736 2317 Patrem
1769 2264 1936 2337 216
1967 2265 2047 2318 fa-

457 2343 747 2400 cientem?
783 2345 943 2403 Clare
971 2350 1120 2405 enim
1162 2351 1220 2406 in
1252 2351 1373 2418 bis,
1412 2352 1635 2423 inquit,
1668 2353 1875 2410 fatetur
1907 2356 2046 2413 nihil

456 2434 622 2505 plane
655 2452 721 2492 ex
756 2440 943 2511 seipso
977 2440 1161 2498 facere
1204 2459 1407 2514 posse,
1458 2453 1520 2499 ut
1556 2446 1652 2516 qui
1695 2449 2048 2517 praestantio-

455 2542 577 2583 rem
611 2535 666 2583 et
695 2531 1146 2589 excellentiorem
1182 2544 1468 2607 agnoscat.
1500 2537 1583 2593 Tu
1618 2553 1750 2593 vero
1781 2539 1847 2594 ad
1878 2555 2045 2610 argu-

457 2619 567 2676 tias
617 2629 744 2679 tuas
801 2624 986 2680 denuo
1033 2628 1351 2684 reverteris.
1406 2627 1551 2695 Quid
1601 2630 1776 2700 igitur
1818 2633 1885 2685 ad
1931 2631 2048 2688 haec

457 2726 626 2781 porro
654 2714 954 2772 dicemus?
988 2717 1047 2773 In
1085 2720 1461 2790 blasphemias
1495 2721 1707 2777 Christi
1748 2724 1925 2779 hostis
1956 2724 2045 2779 in-

459 2802 729 2871 valescit,
760 2822 941 2878 neque
979 2824 1049 2865 ex
1091 2809 1371 2882 imperitia
1408 2814 1626 2868 ebrium
1667 2828 1727 2869 se
1760 2815 2041 2887 intelligit.

458 2892 701 2950 Docebat
725 2897 931 2969 quippe
951 2939 965 2964 ,
990 2913 1024 2954 ο
1055 2900 1201 2956 bone
1223 2942 1238 2967 ,
1265 2901 1378 2956 vim
1405 2910 1461 2958 et
1496 2903 1826 2958 sententiam
1854 2918 2046 2959 eorum

459 3001 585 3056 qum
626 2986 894 3044 dicuntur
943 2992 1272 3063 exquirere,
1327 3009 1441 3048 non
1486 3003 1695 3052 temere
1742 2996 2043 3063 insultare,

459 3078 777 3137 rationibus
806 3081 1103 3152 imperitis.
1132 3084 1426 3150 Quomodo
1455 3086 1603 3142 enim
1635 3088 1703 3144 de
1732 3088 2046 3159 aequalitate

461 3184 587 3225 cum
614 3170 778 3227 Patre
805 3168 1222 3229 deturbandum
1255 3190 1382 3231 esse
1413 3175 1616 3232 Filium
1651 3188 1814 3249 putas
1837 3220 1852 3242 ,
1883 3194 1952 3235 ex
1978 3193 2045 3235 eo

461 3259 613 3327 quod
648 3259 785 3314 dicit
843 3275 957 3315 non
991 3277 1159 3333 posse
1196 3279 1223 3318 a
1269 3265 1456 3336 seipso
1485 3248 1666 3323 facere
1696 3269 1999 3340 quidquam
2025 3307 2043 3335 ,
2072 3248 2117 3307 θ

463 3348 575 3404 nisi
615 3350 822 3406 viderit
864 3350 1083 3408 Patrem
1128 3354 1467 3413 facientem?
1513 3360 1597 3413 An
1650 3360 1801 3415 enim
1854 3361 2049 3417 isthaec

465 3441 737 3512 loquitur,
778 3446 1097 3525 quasinon
1142 3449 1217 3504 sit
1263 3452 1462 3521 aequali
1495 3452 1705 3509 virtute
1738 3453 2050 3523 praeditus?

463 3532 631 3603 Atqui
671 3535 760 3590 vel
799 3551 867 3590 ex
904 3538 1087 3595 verbis
1143 3543 1442 3611 propositis
1497 3545 1683 3614 potius
1725 3543 1914 3599 videre
1960 3552 2048 3600 est

464 3621 667 3677 Filium
704 3626 955 3696 ejusdem
989 3643 1111 3685 esse
1141 3646 1268 3686 cum
1300 3631 1444 3688 Filio
1477 3635 1698 3691 virtutis
1720 3674 1735 3699 ,
1768 3650 1933 3705 quam
1964 3635 2050 3690 di-

464 3715 595 3771 vina
628 3731 823 3775 carere
858 3721 1081 3778 virtute.
1117 3722 1236 3779 Non
1265 3726 1414 3781 enim
1444 3725 1632 3781 dicere
1663 3727 1900 3792 videtur,
1928 3725 2050 3784 Non

465 3815 649 3878 potest
677 3807 855 3867 Filius
884 3828 912 3866 a
945 3813 1128 3885 seipso
1158 3815 1344 3871 facere
1377 3816 1681 3886 quidquam
1702 3856 1717 3882 ,
1750 3817 1857 3873 nisi
1890 3833 2051 3875 acce-

465 3898 613 3968 perit
644 3906 975 3970 potestatem
1017 3918 1048 3957 a
1075 3903 1240 3961 Patre
1272 3905 1418 3975 (hoc
1450 3906 1600 3961 enim
1648 3906 1869 3972 dicere,
1919 3923 2050 3979 pro-

464 3988 616 4045 fecto
655 4002 803 4048 esset
830 3994 1045 4050 viribus
1072 3993 1314 4065 defecti)
1341 4013 1356 4063 ;
1384 3995 1512 4061 sed,
1545 4013 1566 4048 ι
1593 3998 1702 4053 nisi
1732 3997 1930 4055 viderit
1956 3999 2053 4054 Pa-

462 4090 602 4139 trem
634 4083 951 4142 facientem.
979 4106 997 4140 ι
1023 4087 1183 4155 Quod
1211 4097 1394 4144 autem
1422 4088 1641 4146 videndi
1665 4105 1832 4147 sensu
1864 4091 1934 4148 ad
1960 4107 2051 4149 res

462 4179 887 4248 perspiciendas
916 4195 1207 4246 vocemur,
1240 4197 1350 4237 non
1388 4190 1570 4239 autem
1619 4183 1859 4254 majores
1901 4184 2053 4242 vires

463 4270 837 4341 accipiamus,
881 4273 1260 4328 inliciaturum
1298 4275 1500 4345 opinor
1534 4278 1835 4333 neminem.
1875 4278 2054 4347 igitur

464 4375 592 4416 cum
621 4361 794 4419 Filius
823 4363 963 4419 dicit
991 4380 1051 4420 se
1078 4364 1260 4423 Patris
1289 4382 1457 4437 opera
1480 4368 1670 4425 videre
1693 4409 1709 4433 ,
1731 4383 1841 4423 non
1875 4368 2053 4438 signi-

464 4453 593 4509 ﬁcat
617 4470 677 4510 se
697 4455 1034 4512 imbecillum
1054 4474 1200 4525 esse,
1218 4459 1314 4516 sed
1341 4461 1674 4518 imitatorem
1700 4461 1889 4531 potius
1911 4502 1928 4530 ,
1955 4473 2054 4519 aut

2146 1984 2275 2056 τρδς
2322 1987 2352 2039 ό
2402 1985 2566 2049 Υἱὸς,
2611 1986 2867 2057 οὐδεμίαν
2918 1985 3206 2056 ἀπονέμων
3254 1985 3330 2050 ὡς
3383 1988 3444 2052 ἐξ
3488 1989 3743 2060 ἀνάγκης

2147 2076 2296 2148 αὐτῷ
2320 2075 2419 2148 τὴν
2453 2077 2747 2148 ὑπεροχὴν,
2767 2076 2856 2130 διὰ
2877 2077 2938 2130 τὸ
2962 2077 3062 2148 τῆς
3082 2078 3287 2143 οἰκείας
3318 2078 3533 2148 φύσεως
3557 2097 3745 2150 μειον-

2146 2165 2384 2238 έκτημα,
2406 2167 2458 2220 τί
2497 2168 2558 2220 τὸ
2585 2167 2844 2232 πεπεικδς
2872 2167 3047 2231 οὕτως
3078 2168 3241 2223 αὐτὸν
3263 2170 3744 2236 ἀκατακαλύπτως

2147 2259 2342 2325 εἰπεῖν,
2376 2257 2452 2329 μὴ
2497 2258 2755 2312 δύνασθαι
2801 2260 2974 2312 ποιεῖν
3018 2259 3112 2327 ἀφ’
3166 2259 3360 2327 ὲῳτοῦ
3406 2259 3592 2331 μηδὲν,
3640 2262 3745 2316 ἐὰν

2151 2351 2280 2420 μήτι
2321 2349 2494 2424 βλέπῃ
2539 2349 2631 2404 τὸν
2676 2350 2898 2421 Πατέρα
2950 2350 3239 2419 ποιοῦντας
3265 2343 3475 2421 ’Σαφῶς
3520 2353 3629 2426 γὰρ
3679 2355 3745 2407 ἐν

2145 2440 2375 2509 τούτοις,
2424 2442 2610 2511 φησὶν,
2659 2442 2912 2512 ὁμολογεῖ
2950 2443 3115 2513 μηδὲν
3145 2444 3281 2508 ὃλως
3320 2443 3380 2509 ἐξ
3408 2444 3604 2499 ἑαυτοῦ
3642 2445 3743 2497 δύ-

2147 2531 2339 2586 νασθαι
2379 2534 2583 2595 ποιεῖν,
2628 2532 2703 2595 ὡς
2755 2532 2912 2596 εἰδὼς
2960 2533 3202 2604 δηλονότι
3251 2534 3344 2589 τὸν
3390 2536 3600 2607 ἀμείνω
3643 2538 3744 2590 καὶ

2148 2622 2503 2692 ὑπερέχοντα.
2542 2622 2614 2675 Σὺ
2664 2621 2722 2674 δὲ
2776 2617 2845 2675 αὖ
2895 2621 3058 2675 πάλιν
3097 2623 3227 2693 ἡμῖν
3264 2622 3605 2694 κατασοφίζῃ
3644 2622 3747 2677 τὸν

2146 2712 2321 2781 λόγον.
2354 2713 2419 2766 Τί
2458 2708 2549 2767 οὖν
2586 2714 2723 2785 πρὸς
2761 2713 2959 2780 ταῦτα,
2999 2714 3096 2768 κα)⁵
3136 2717 3265 2785 παρ’
3296 2715 3485 2786 ήμῶν;
3527 2714 3744 2786 Ἀνδρί-

2148 2802 2299 2868 ζεται
2327 2804 2487 2858 πάλιν
2538 2805 2619 2869 είς
2657 2805 2971 2876 δυσφημίας
3006 2806 3034 2858 ὁ
3067 2807 3453 2877 χριπομάχος,
3501 2807 3598 2859 καὶ
3640 2821 3745 2877 με-

2148 2896 2292 2950 θύων
2325 2895 2384 2961 ὲξ
2420 2895 2778 2960 ἀπαιδευσίας
2816 2897 2918 2949 οὐκ
2966 2896 3305 2950 αἰσθάνεται.
3336 2897 3489 2968 Χρῆν
3527 2896 3659 2967 γὰρ,
3690 2889 3744 2950 ὦ

2148 2986 2423 3058 βέλτιστε,
2476 2986 2790 3059 δοκιμάζειν
2835 2987 3081 3060 ἀκριϐῶς
3121 2987 3230 3042 τῶν
3275 2989 3583 3061 εἰρημένων
3634 2988 3745 3060 τὴν

2146 3077 2395 3148 δύναμιν,
2434 3078 2527 3131 καὶ
2567 3077 2641 3150 μὴ
2679 3078 2986 3151 προχείρως
3034 3077 3304 3149 ἐπιπηδᾷν
3348 3081 3462 3143 τοῖς
3500 3078 3558 3144 ὲξ
3589 3080 3745 3150 ἀμοι-

2148 3169 2269 3233 θίας
2310 3170 2639 3224 εἰσϐαίνουσι
2682 3171 2982 3242 λογισμοῖς.
3034 3171 3190 3225 Κατὰ
3227 3170 3347 3225 τίνα
3380 3171 3488 3242 γὰρ
3531 3174 3745 3243 τρόπον

2148 3264 2247 3335 τῆς
2297 3264 2539 3334 ἰσότητος
2588 3265 2688 3334 τῆς
2744 3264 2879 3335 πρὸς
2920 3264 3012 3317 τὸν
3068 3264 3288 3334 Πατέρα
3343 3264 3745 3333 κατακομίζειν

2148 3351 2249 3405 οἴει
2296 3353 2491 3423 χρῆναι
2541 3353 2634 3407 τὸν
2687 3352 2837 3418 Υίὸν,
2888 3352 2973 3407 διὰ
3020 3353 3115 3408 τοῦ
3152 3353 3316 3423 φάναι
3361 3353 3437 3425 μὴ
3474 3351 3746 3407 δύνασθαι

2149 3446 2323 3499 ποιεῖν
2351 3445 2445 3515 ἀφ’
2467 3443 2659 3499 ἑαυτοῦ
2695 3446 2879 3518 μηδὲν,
2906 3445 2998 3499 ἐὰν
3033 3447 3163 3518 μήτι
3196 3444 3367 3516 βλέπῃ
3395 3444 3487 3498 τὸν
3515 3444 3748 3514 Πατέρα

2149 3533 2438 3604 ποιοῦντα;
2480 3531 2628 3608 *Δρα
2660 3537 2768 3609 γὰρ
2796 3535 2871 3600 ὡς
2896 3537 2996 3590 οὐκ
3024 3536 3164 3608 ἔχων
3186 3538 3243 3589 ὲν
3269 3534 3492 3607 δύναμει
3530 3535 3591 3588 τὺ
3621 3531 3748 3588 ἴσον

2148 3627 2219 3683 τά
2244 3627 2468 3685 τοιαῦτά
2490 3646 2654 3700 (mat;
2688 3629 2862 3683 καίτοι
2892 3629 2985 3683 καὶ
3012 3628 3070 3695 ἐξ
3097 3627 3274 3681 αὐτῶν
3302 3627 3412 3682 τῶν
3439 3625 3750 3697 προκειμέ-

2150 3740 2256 3777 νων
2291 3721 2420 3776 ἰδεῖν
2446 3721 2592 3775 ἐστιν
2623 3720 3001 3776 ἰσοσθενοῦντα
3048 3720 3124 3791 τῷ
3176 3719 3405 3789 φύσαντι
3440 3719 3530 3773 τὸν
3585 3719 3744 3784 Υἱὺν,

2150 3815 2296 3885 ἥπερ
2325 3812 2508 3883 ἰσχύος
2544 3813 2643 3884 τῆς
2674 3809 3013 3884 θεοπρεποῦς
3042 3811 3251 3865 ἐπιδεᾶ.
3293 3811 3367 3864 Οὐ
3398 3810 3506 3882 γὰρ
3553 3810 3748 3879 φαίνε-

2149 3923 2244 3961 ται
2270 3906 2469 3973 λέγων,
2502 3905 2576 3959 Οὐ
2609 3903 2831 3959 δύναται
2861 3906 2890 3958 ό
2928 3903 3056 3967 Υἱὸς
3088 3905 3260 3958 ποιεῖν
3301 3906 3394 3973 ἀφ’
3418 3902 3613 3958 ἑαυτοῦ
3647 3903 3749 3959 οῦ-

2150 3997 2276 4065 δὲν,
2323 3997 2417 4051 ὲάν
2460 3997 2535 4068 μὴ
2577 3997 2717 4070 λάϐῃ
2760 3996 2821 4050 τὸ
2861 3994 3118 4050 δύνασθαι
3162 3995 3315 4067 παρά
3356 3995 3450 4050 τοῦ
3489 3997 3746 4069 Πατρός·

2151 4090 2311 4145 τοῦτο
2338 4090 2450 4164 γὰρ
2489 4085 2557 4162 ἦν
2581 4090 2749 4153 ὅντως
2764 4086 3120 4151 ἀσθενοῦντος
3135 4089 3341 4141 εἰπεῖν’
3386 4087 3522 4153 ἀλλ’,
3552 4107 3571 4139 ι
3614 4088 3748 4141 Ἐὰν

2156 4182 2230 4254 μή
2258 4198 2311 4236 τι
2350 4181 2523 4254 βλέπῃ
2554 4180 2643 4235 τὸν
2667 4179 2885 4250 Πατέρα
2918 4177 3200 4234 ποιοῦντα.
3236 4197 3255 4231 ι
3284 4178 3405 4232 Ὅτι
3434 4178 3491 4231 δὲ
3520 4178 3609 4231 διὰ
3640 4178 3748 4249 τῆς

2152 4272 2387 4344 ὀπτικῆς
2419 4271 2725 4343 αἰσθήσεως
2755 4271 2856 4324 οὐκ
2889 4271 2970 4334 εἰς
3007 4270 3068 4324 τὸ
3103 4269 3468 4341 δυναμοῦσθαι
3516 4271 3743 4341 μᾶλλον,

2153 4364 2268 4419 ἀλλ’
2311 4365 2391 4429 είς
2433 4362 2667 4435 θεωρίαν
2712 4362 2811 4433 τὴν
2856 4360 3019 4416 τινῶν
3063 4361 3346 4416 καλεῖσθαι
3393 4361 3742 4433 πεφύκαμεν,

2154 4457 2569 4529 ἀντιστατήσειν
2598 4450 2752 4527 οἶμαι
2784 4453 3004 4527 μηδένα.
3034 4454 3244 4508 Οὐκοῦν
3271 4456 3386 4518 τοῖς
3427 4453 3520 4507 τοῦ
3549 4455 3747 4524 γεννή-

464 4552 833 4615 spectatorem
855 4587 869 4613 ,
904 4560 1074 4620 prout
1109 4552 1165 4607 in
1200 4555 1565 4625 sequentibus
1603 4554 1927 4612 accuratius
1962 4557 2048 4611 di-

2159 4567 2352 4614 σαντος
2389 4549 2571 4621 ἔργοις
2607 4546 2935 4612 ὲνατενίζειν
2957 4545 3147 4600 ἑαυτὸν
3169 4544 3404 4618 εἰρηκὼς
3428 4547 3457 4599 ό
3490 4546 3621 4609 Υἱὸς
3644 4546 3746 4598 οὐκ

466 4651 677 4693 cemus.
715 4636 874 4705 Quod
904 4649 1090 4698 autem
1125 4659 1224 4713 per
1252 4645 1499 4701 eamdem
1534 4652 1588 4700 et
1621 4645 1959 4701 simillimam
1992 4647 2048 4704 in

2158 4642 2488 4698 ἀσθενοῦντα
2519 4640 2776 4706 δεικνύει,
2828 4637 3073 4710 ζηλωτὴν
3117 4638 3175 4692 δὲ
3221 4638 3441 4710 μᾶλλον,
3467 4638 3585 4710 ἦτοι
3615 4638 3744 4691 θεα-

464 4729 727 4788 omnibus
759 4734 1137 4802 Operationem
1158 4736 1389 4806 'equalis
1420 4750 1544 4791 esse
1563 4744 1832 4806 potestate
1861 4737 2052 4795 videa-

466 4827 579 4886 tur,
606 4822 728 4893 ipse
755 4824 908 4880 clare
939 4824 1167 4882 docebit
1192 4829 1248 4882 in
1272 4828 1635 4898 sequentibus
1666 4831 1736 4887 de
1764 4847 1868 4889 suo
1885 4831 2053 4891 Patre

467 4912 716 4970 subdens
746 4933 760 4970 :
792 4935 812 4968 ι
844 4917 1205 4989 ριιωοιιιιιμιε
1234 4919 1384 4975 enim
1414 4919 1513 4976 ille
1542 4919 1771 4987 fecerit,
1824 4923 1946 4980 haec
1994 4931 2051 4980 et

468 5000 644 5058 Filius
676 5005 936 5064 similiter
978 5007 1133 5065 facit.
1174 5028 1193 5060 ι
1222 5009 1511 5076 Quomodo
1539 5027 1673 5085 ergo
1716 5015 1901 5070 minor
1927 5022 2052 5081 est,

469 5093 565 5164 qui
594 5095 902 5164 mqualibus
929 5113 1056 5154 cum
1090 5099 1201 5155 Deo
1235 5115 1300 5156 ac
1329 5101 1493 5160 Patre
1521 5105 1942 5175 operationibus
1973 5111 2059 5161 est

470 5186 852 5257 conspicuus?
881 5188 1146 5260 Nunquid
1192 5193 1338 5248 enim
1370 5194 1515 5265 ignis
1547 5195 1703 5251 aliud
1736 5195 2057 5265 operabitur

469 5293 635 5348 quam
691 5278 872 5351 ignis,
931 5282 1084 5337 nulla
1130 5283 1189 5339 in
1236 5287 1519 5356 operando
1569 5285 1883 5341 mutatione
1932 5301 2059 5356 per-

470 5370 678 5441 cepta?
707 5370 814 5437 Qui
850 5388 1091 5446 namque
1122 5374 1177 5429 id
1204 5375 1320 5432 fieri
1353 5376 1578 5448 possit?
1605 5375 1897 5442 Quomodo
1925 5390 2057 5449 ergo

470 5462 665 5520 eadem
702 5467 1030 5535 operabitur
1058 5483 1184 5539 quae
1228 5469 1440 5535 Filius,
1477 5469 1524 5524 si
1563 5468 1775 5523 idcirco
1816 5470 2054 5526 minoris

473 5551 699 5611 virtutis
726 5572 851 5613 esse
883 5569 1143 5617 censetur
1165 5562 1190 5614 ?
1232 5560 1411 5630 Atque
1448 5560 1571 5615 haec
1614 5560 1839 5630 quidem
1889 5561 2051 5617 nobis

475 5653 541 5698 ex
583 5645 734 5703 dicto
782 5653 1065 5723 proposito
1107 5653 1273 5708 allata
1320 5658 1452 5709 sunt
1498 5651 2048 5724 impraesentiarum;

549 5822 597 5858 ⁸³
616 5824 660 5882 ΙΙ
688 5825 816 5884 Cor.
859 5836 985 5896 τρὶ.

546 6038 579 6079 'L

2157 4734 2278 4805 τὴν,
2305 4723 2416 4786 ’καὶ
2461 4732 2609 4795 ὅπως
2659 4730 3051 4803 ἀκριϐέστερον
3100 4732 3231 4801 ἡμῖν
3280 4733 3337 4785 ἐν
3383 4731 3498 4794 τοῖς
3547 4729 3748 4801 ἐφεξῆς

2159 4825 2460 4896 εἰρήσεται.
2485 4822 2608 4876 Ὅτι
2635 4822 2692 4876 δὲ
2718 4822 2807 4876 διά
2843 4822 2941 4893 τῆς
2965 4820 3387 4892 ἀπαραλλάκτου
3431 4822 3525 4875 καί⁸
3562 4821 3749 4892 ὁμοιο-

2159 4916 2327 4985 τάτης
2350 4915 2651 4987 ἐνεργείας,
2678 4916 2779 4986 τῆς
2818 4915 2899 4979 εἰς
2932 4913 3148 4968 ἅπαντα
3169 4914 3337 4983 φημὶ,
3359 4907 3577 4994 eodem!
3609 4911 3750 4983 έχων

2162 5009 2223 5062 ὲν
2255 5009 2322 5079 τῇ
2361 5004 2588 5077 δυνάμει
2628 5006 2901 5074 φαίνεται,
2941 5002 3142 5069 διδάξει
3191 5003 3381 5073 σαφῶς
3421 5006 3479 5059 ὲν
3509 5005 3626 5069 τοῖς
3660 5006 3750 5070 ἑφ-

2163 5098 2294 5170 εξῆς
2312 5098 2580 5167 ἐπιλέγων
2606 5097 2768 5161 αὐτὸς
2789 5096 2866 5161 ὡς
2898 5095 3143 5169 περὶτοῦ
3178 5095 3309 5148 ἰδίου
3342 5095 3561 5166 Πατρός
3579 5112 3594 5126 ⁸
3625 5114 3646 5147 ι
3682 5096 3750 5150 *Α

2167 5193 2274 5265 γὰρ
2293 5192 2360 5248 ἀν
2391 5193 2598 5257 ἐκεῖνος
2623 5192 2777 5262 ποιῇ,
2808 5188 2981 5243 ταῦτα
3004 5187 3099 5242 καὶ
3123 5188 3151 5239 ὁ
3172 5187 3300 5250 Υἱὸς
3326 5186 3528 5257 ὁμοίως
3548 5188 3710 5240 ποιεῖ.
3726 5205 3744 5238 ι

2168 5282 2294 5347 Πῶς
2315 5276 2410 5336 οῦν
2433 5281 2674 5336 ἐλάττων
2722 5276 2893 5341 ἐστὶν,
2916 5277 2945 5329 ὁ
2986 5276 3111 5339 ταῖς
3157 5275 3471 5347 ἰσορρόποις
3509 5274 3591 5345 τῷ
3633 5275 3751 5338 Θεῷ

2167 5377 2260 5430 καὶ
2300 5375 2478 5447 Πατρὶ
2526 5370 2830 5442 διαπρεπὴς
2885 5368 3221 5439 ἐνεργείαιςς
3286 5367 3606 5439 Ἐνεργήσει
3645 5369 3753 5437 γὰρ

2163 5469 2273 5538 ἄρα
2333 5466 2403 5521 τὰ
2448 5464 2619 5535 πυρὸς
2655 5461 2844 5531 ἔτερόν
2884 5479 2938 5515 τι
2985 5460 3139 5531 παρὰ
3177 5459 3239 5511 τὸ
3298 5459 3449 5530 πῦρ,
3497 5458 3755 5529 οὐδεμιᾶς

2163 5558 2285 5614 κατ’
2326 5557 2611 5627 ἐνέργειαν
2661 5552 3045 5624 θεωρουμένης
3103 5550 3444 5621 ὲξαλλαγῆς;
3486 5551 3599 5604 Καὶ
3637 5548 3751 5611 πῶς

2163 5650 2229 5706 ἂν
2268 5649 2481 5720 γένοιτο
2518 5645 2679 5701 τοῦτό
2727 5662 2900 5715 ποτε;
2933 5644 3059 5709 Πῶς
3107 5637 3198 5698 οὖν
3226 5642 3426 5715 ὁμοίως
3460 5640 3751 5714 ἐργάσεται
