4052 6528
341 344 457 400 353
1442 340 1505 396 IN
1559 339 1853 396 JOANNIS
1896 337 2348 400 EVANGELIUM
2390 342 2520 398 LIB.
2554 343 2621 399 ll.
3541 342 3651 410 δελ

338 456 416 510 τά
440 453 538 510 τοῦ
572 452 786 526 Πατρὸς
810 456 836 508 ό
862 454 1008 518 Υἱὸς,
1037 455 1085 508 εί
1123 453 1212 507 διὰ
1236 452 1395 508 τοῦτο
1424 453 1644 510 ἔλαττον
1676 454 1822 527 ἔχειν
1852 455 1944 527 τῆς

2055 456 2474 514 consideremus
2507 469 2696 517 autem
2733 476 2930 521 rursus
2965 463 3125 521 aliter
3155 479 3225 520 an
3272 464 3392 522 Filii
3445 478 3650 523 natura

341 545 473 619 ῗσης
510 548 588 613 ὡς
641 549 776 619 πρὸς
829 548 991 602 αὑτὸν
1051 547 1235 618 ίσχύος
1304 547 1782 619 ἁπολιμπάνεταις
1842 548 1944 600 Καῖ

2061 542 2226 600 Patre
2255 547 2434 616 possit
2466 564 2590 605 esse
2621 549 2869 621 inferior,
2893 553 3120 611 virtutis
3151 564 3206 611 ct
3236 559 3526 627 potestatis
3558 575 3648 613 ra-

334 640 521 694 ταῦτα
564 641 664 711 μὲν
700 642 853 712 ἡμῖν,
902 640 978 705 ὡς
1036 643 1101 693 ἐκ
1156 640 1249 694 τοῦ
1298 641 1664 712 προκειμένου
1715 640 1854 712 πρὸς
1892 640 1944 693 τὸ

2059 638 2211 694 tione
2245 640 2506 696 similiter
2542 644 2704 699 nobis
2735 649 3048 718 preposita.
3084 650 3169 704 An
3200 649 3371 705 Deum
3423 651 3491 706 de
3535 650 3652 706 Deo

338 731 525 803 παρὸν
556 731 765 803 ἐλήφθη
798 731 966 803 ῥητοῦ
989 749 1002 763 ·
1035 733 1236 804 ἴδωμεν
1264 734 1320 787 δὲ
1344 733 1505 788 πάλιν
1528 732 1622 787 καὶ
1650 732 1716 786 δι’
1747 732 1944 801 ἐτέρων

2059 731 2371 786 secundum
2422 741 2681 788 naturam
2732 750 2795 791 ac
2845 754 3073 803 verum,
3120 747 3175 795 et
3223 741 3292 795 de
3341 740 3651 796 substantia

340 820 519 884 εόντες
537 820 933 891 θεωρημάτων,
962 821 1008 874 εἰ
1032 820 1343 892 ἐπιδέχεται
1376 839 1467 876 ποι
1498 820 1559 874 τὸ
1590 821 1650 874 ἐν
1677 820 1944 891 δευτέροις

2055 817 2241 877 Patris
2301 837 2495 878 revera
2556 839 2682 883 esse
2742 825 2991 885 fatentur
3040 830 3276 897 Filium,
3336 840 3430 886 aut
3477 831 3649 887 Deum

332 908 486 966 εἶναι
535 911 632 966 τοῦ
686 912 899 983 Πατρὸς
955 915 988 984 ή
1041 913 1135 967 τοῦ
1186 913 1318 967 Υἱοῦ
1371 913 1572 983 φύσιςο
1634 910 1944 983 προκείσθω

2056 912 2280 983 quidem
2319 931 2446 972 esse
2473 917 2704 986 dicunt,
2746 921 2839 976 sed
2897 937 2929 978 a
2980 922 3166 980 Patris
3223 925 3466 982 alienum
3522 938 3651 981 esse

332 1004 393 1057 δὲ
441 1004 651 1074 ὁμοίως
679 1007 813 1077 ἡμῖν
858 1006 888 1058 ὁ
936 1006 1066 1075 περὶ
1107 1004 1392 1076 δυνάμεως
1424 1005 1603 1074 λόγος.
1633 1001 1781 1075 ’Δρα
1814 1000 1948 1057 Θεὸν

2055 1004 2367 1062 substantia
2401 1010 2570 1080 impie
2605 1010 2870 1067 addunt?

331 1099 405 1152 ἐκ.
432 1098 571 1152 Θεοῦ
604 1099 747 1154 κατᾶ
777 1099 940 1168 φύσιν
964 1100 1058 1154 καὶ
1097 1099 1372 1170 ἀληθινὸν,
1397 1101 1494 1154 καὶ
1534 1100 1599 1153 ἐκ
1637 1101 1737 1169 τῆς
1759 1097 1950 1160 οὐσίας
1990 1097 2164 1163 ὅντως
2212 1102 2309 1155 τοῦ
2362 1103 2580 1175 Πατρὸς
2620 1106 2977 1178 ὁμολογοῦσιν
3028 1111 3300 1183 ὑπάρχειν
3362 1112 3453 1167 τὸν
3493 1111 3647 1177 Υίὸν,

330 1195 369 1268 ἦ
411 1193 550 1247 Θεὸν
585 1193 685 1264 μὲν
715 1189 856 1248 εἶναι
890 1195 1043 1265 φασὶ,
1078 1194 1138 1247 τὸ
1188 1195 1244 1248 δὲ
1278 1194 1599 1265 ἑξῳκεῖσθαι
1628 1195 1727 1267 τῆς
1753 1192 1942 1255 οὐσίας
1979 1191 2075 1246 τοῦ
2104 1196 2342 1268 Πατρὸς,
2377 1198 2787 1267 δυσσεϐοῦντες,
2815 1203 3248 1273 προσάπτουσιν.

382 1289 478 1352 ,Εί
506 1288 606 1359 μὲν
632 1282 725 1341 οῦν
757 1288 858 1341 οὐκ
890 1290 955 1341 ἐκ
982 1291 1079 1361 τῆς
1101 1288 1292 1353 οὐσίας
1313 1288 1405 1342 τοῦ
1440 1289 1657 1361 Πατρὸς
1687 1284 1829 1342 εἶναι
1855 1286 1946 1339 λέ-

334 1398 534 1451 γουσιν
559 1380 743 1446 αὐτὸν,
775 1379 898 1433 οὔτε
929 1381 1058 1443 Θεὸς
1090 1380 1243 1434 ἔσται
1272 1381 1411 1435 κατὰ
1442 1381 1625 1450 φύσιν,
1658 1378 1784 1433 οὐτε
1812 1379 1947 1444 Θεὸς

334 1472 620 1544 ἀληθινός.
673 1472 733 1525 Ὀ
761 1471 870 1544 γὰρ
907 1471 982 1544 μὴ
1016 1475 1081 1526 ἐκ
1109 1472 1245 1527 Θεοῦ
1295 1471 1438 1527 κατὰ
1472 1471 1634 1541 φύσιν
1660 1469 1941 1541 ὑπάρχων,

332 1565 537 1618 οὐδ’ἂν
564 1564 704 1628 ὅλως
727 1567 901 1617 νοοῖτο
926 1565 1067 1618 κατὰ
1095 1566 1258 1633 φύσιν
1289 1563 1444 1629 Θεὸς,
1467 1563 1591 1617 οὐδὲ
1613 1562 1763 1627 Υἱὸς,
1788 1563 1837 1615 εἰ
1867 1561 1943 1633 μὴ

336 1657 407 1708 ἐκ
434 1656 536 1726 τῆς
578 1655 767 1719 οὐσίας
816 1656 1078 1727 ἐγεννήθη
1122 1655 1220 1709 τοῦ
1265 1656 1502 1727 Πατρός’
1543 1654 1695 1710 νόθον
1722 1655 1780 1709 δὲ
1810 1656 1945 1725 ἡμῖν

337 1749 437 1802 καὶ
474 1748 789 1820 πρόσφατόν
829 1766 951 1802 τινα
980 1749 1379 1821 παρεισάγουσι
1406 1748 1559 1802 Θεόν.
1602 1748 1665 1803 Εἰ
1700 1748 1757 1802 δὲ
1784 1746 1944 1801 τοῦτο

338 1842 443 1913 μὲν
488 1842 594 1894 οὐκ
636 1839 844 1913 ἐροῦσι,
887 1841 985 1912 τὴν
1019 1844 1077 1895 ἐν
1109 1845 1221 1905 τοῖς
1260 1842 1481 1905 οἰκείοις
1520 1840 1786 1911 δόγμασιν
1819 1841 1944 1893 ἀτο-

337 1934 476 1986 πίαν
517 1932 971 2004 ἐρυθριάσαντες,
1021 1932 1254 1986 δώσουσι
1286 1932 1341 1985 δὲ
1384 1930 1602 2003 ἀληθῶς
1633 1934 1697 1985 ἐκ
1729 1931 1943 2000 Πατρὸς

344 2025 616 2095 ὑπᾶρχειν
651 2024 745 2078 τὸν
785 2024 1089 2095 Μονογενῆ,
1137 2024 1232 2078 καὶ
1268 2017 1411 2078 εἶναι
1442 2023 1575 2076 Θεὸν
1604 2022 1747 2077 κατὰ
1780 2022 1942 2091 φύσιν

346 2115 441 2169 καὶ
464 2114 737 2186 ἀληθινῶς
764 2131 779 2147 ·
812 2115 930 2179 πῶς
954 2115 1012 2168 ἐν
1038 2114 1316 2169 ἐλάττοσιν
1345 2113 1497 2169 ἔσται
1525 2113 1618 2167 τοῦ
1649 2112 1941 2185 Πατρός,ῆ

339 2207 463 2270 πῶς
511 2207 766 2277 ἀτονήσει
813 2206 942 2278 περί
989 2223 1063 2272 τι,
1114 2207 1209 2260 καὶ
1253 2205 1375 2277 οὐχὶ
1418 2206 1517 2275 τῆς
1557 2203 1648 2258 τοῦ
1688 2205 1943 2267 τεκόντος

334 2298 533 2362 οὐσίας
565 2299 940 2370 κατηγορήσει
966 2297 1027 2351 τὸ
1066 2300 1336 2370 πρᾶγμα;
1387 2297 1452 2349 Εἰ
1482 2295 1590 2368 γὰρ
1617 2295 1753 2359 ὅλως
1783 2295 1944 2349 ἀσθε-

332 2392 454 2445 νεῖν
486 2390 764 2462 ὲνδέχεται
795 2390 887 2444 τὸν
922 2389 1064 2444 κατὰ
1100 2389 1263 2458 φύσιν
1301 2388 1429 2442 ὄντα
1458 2387 1611 2452 Θεὸν,
1645 2387 1699 2440 τί
1735 2386 1796 2440 τὸ
1829 2404 1941 2440 κω-

331 2478 470 2537 λύον
497 2482 618 2536 ἐστὶ
641 2481 801 2536 τοῦτο
831 2482 1024 2535 παθεῖν
1058 2481 1151 2536 τὸν
1184 2481 1425 2555 Πατέρα,
1447 2480 1677 2552 ἐχούσης
1704 2480 1854 2545 ἅπαξ
1882 2479 1944 2532 τὸ

330 2573 610 2628 δύνασθαι
651 2572 849 2627 παθεῖν
880 2579 981 2644 τῆς
1010 2574 1162 2637 Θείας
1189 2573 1284 2627 καὶ
1312 2575 1555 2646 ἀρρήτου
1585 2573 1820 2643 φύσεως,
1850 2572 1943 2626 καὶ

332 2665 520 2728 οὕτως
562 2665 665 2736 ἤδη
701 2664 1034 2735 φαινομένης
1075 2665 1133 2717 ἐν
1163 2661 1278 2735 Υίῷ
1312 2663 1455 2719 κατὰ
1486 2665 1576 2717 τὸν
1605 2665 1830 2718 ἐκείνων
1855 2664 1945 2718 λό-

332 2775 477 2827 γον;
528 2757 741 2811 Οὐκοῦν
775 2757 898 2811 οὐδὲ
940 2756 1154 2822 ἀπαθὲς
1200 2756 1290 2811 διὰ
1323 2756 1481 2810 τοῦτο
1523 2756 1583 2811 τὸ
1617 2756 1779 2823 θεῖον,
1826 2757 1942 2810 ἀλλ’

333 2851 466 2905 οὐδὲ
496 2852 557 2904 ἐν
584 2851 877 2921 ταυτότητι
928 2851 1021 2905 καὶ
1055 2849 1418 2922 ἀμεταϐλήτῳ
1451 2849 1692 2903 κείσεται
1725 2851 1943 2915 πάντως

313 2941 736 3015 ομακαριότητι.
793 2938 928 2996 Εἶτα
964 2940 1071 3007 τίς,
1124 2941 1246 2994 εἰπέ
1298 2959 1410 3011 μοι,
1453 2941 1563 2995 τῶν
1610 2942 1678 2994 τὰ
1719 2941 1944 2995 τοιαῦτα

331 3035 681 3100 δοξαζόντων
708 3034 993 3100 ἁνέξεταις
1028 3033 1126 3097 Τίς
1152 3030 1228 3099 δὲ,
1262 3033 1364 3104 τῆς
1385 3032 1532 3097 θείας
1557 3033 1770 3105 βοώσης
1797 3032 1942 3106 Γρα-

2125 1287 2289 1356 Quod
2322 1292 2367 1347 si
2411 1293 2481 1348 de
2528 1294 2845 1350 substantia
2898 1293 3084 1351 Patris
3128 1294 3312 1364 ipsum
3363 1308 3473 1347 non
3523 1309 3649 1350 esse

2051 1376 2279 1443 dicunt,
2311 1382 2475 1453 217
2504 1397 2685 1453 neque
2713 1382 2856 1440 Deus
2884 1384 2991 1439 erit
3019 1384 3325 1439 secundum
3355 1391 3645 1451 naturam,

2051 1486 2229 1541 neque
2280 1470 2429 1529 Deus
2476 1490 2666 1531 verus.
2715 1475 2819 1542 Qui
2866 1476 3013 1531 enim
3048 1475 3115 1531 de
3147 1473 3260 1531 Deo
3296 1491 3408 1530 non
3443 1484 3528 1531 est
3560 1492 3649 1532 se-

2048 1561 2295 1617 cundum
2324 1573 2621 1632 naturam,
2659 1581 2760 1621 nec
2791 1564 2938 1621 Deus
2971 1566 3165 1637 utique
3199 1567 3522 1622 censebitur
3553 1583 3645 1623 se-

2046 1654 2292 1709 cundum
2325 1664 2585 1711 naturam
2607 1699 2623 1725 ,
2660 1673 2842 1729 neque
2875 1656 3086 1724 Filius,
3121 1658 3228 1714 nisi
3269 1674 3336 1714 ex
3376 1660 3645 1716 Substan-

2044 1744 2121 1799 tia
2153 1744 2337 1802 Patris
2367 1748 2441 1803 sit
2469 1748 2726 1817 genitus,
2776 1749 2876 1805 sed
2919 1748 3269 1805 adulterinus
3311 1748 3534 1820 quidam
3578 1765 3645 1806 ac

2046 1854 2227 1894 novus
2260 1837 2409 1896 Deus
2439 1840 2601 1897 nobis
2636 1842 2705 1897 ab
2739 1842 2878 1913 ipsis
2911 1842 3215 1897 invehitur.
3249 1840 3412 1907 Quod
3447 1841 3497 1896 si
3533 1841 3643 1898 hoc

2046 1930 2275 1987 minime
2305 1933 2529 2003 quidem
2564 1934 2766 1989 dicturi
2825 1941 2993 2000 sunt,
3041 1934 3204 1988 veriti
3260 1948 3488 1989 suorum
3542 1933 3645 1988 do-

2046 2032 2289 2092 gmatum
2321 2023 2722 2079 absurditatem
2747 2063 2762 2090 ,
2789 2024 2886 2080 sed
2910 2018 3219 2079 concedent
3241 2037 3369 2078 vere
3392 2038 3457 2077 ex
3480 2018 3643 2078 Patre

2047 2112 2407 2185 Unigenitum
2443 2117 2753 2180 exsistere,
2798 2122 2855 2170 et
2902 2115 3211 2171 secundum
3261 2122 3524 2169 naturam
3576 2128 3643 2170 ac

2045 2221 2174 2262 vere
2206 2205 2380 2263 Deum
2418 2222 2582 2263 esse:
2619 2207 2901 2278 quomodo
2927 2205 3090 2261 Patre
3126 2207 3311 2261 minor
3355 2207 3499 2273 erit,
3546 2215 3645 2262 aut

2045 2300 2353 2369 quomodo,
2387 2302 2435 2355 si
2467 2300 2656 2357 minus
2685 2301 2806 2371 ipse
2837 2315 3001 2371 quam
3029 2298 3197 2355 Pater
3217 2299 3273 2353 in
3299 2299 3487 2368 aliquo
3517 2313 3643 2370 pos-

2045 2390 2150 2455 sit,
2183 2391 2591 2448 imbecillitatis
2620 2400 2811 2448 notam
2842 2379 2955 2449 Deo
2984 2408 3095 2449 non
3126 2392 3390 2463 alﬁngct?
3422 2391 3558 2448 Nam
3591 2393 3642 2450 si

2044 2483 2323 2538 naturalis
2350 2482 2494 2540 Deus
2521 2483 2821 2540 imbecillis
2848 2484 2964 2541 fieri
2995 2492 3200 2556 potest,
3221 2485 3354 2555 quid
3382 2486 3643 2555 prohibet

2044 2573 2265 2631 Patrem
2302 2577 2358 2631 in
2391 2592 2451 2633 se
2480 2592 2706 2648 quoque
2738 2578 2794 2632 id
2831 2577 3155 2648 suscipere,
3201 2594 3326 2633 cum
3372 2579 3560 2634 divina
3588 2590 3646 2635 et

2045 2668 2348 2726 ineﬂabilis
2397 2676 2594 2724 natura
2642 2670 2698 2724 id
2748 2670 2921 2726 semel
2967 2669 3170 2726 habeat
3199 2678 3258 2724 ut
3288 2671 3402 2740 pati
3429 2671 3641 2740 possit,

2047 2768 2217 2830 atque
2246 2760 2321 2813 ita
2345 2759 2462 2830 jam
2488 2798 2503 2824 ,
2536 2766 2597 2813 ut
2630 2761 2709 2814 illi
2742 2761 2970 2823 volunt,
3024 2770 3295 2831 appareat
3344 2761 3400 2815 in
3448 2760 3645 2817 Filio?

2044 2849 2222 2921 lgitur
2250 2866 2351 2906 nec
2379 2849 2524 2906 Deus
2560 2851 2887 2922 impatibilis
2913 2853 3055 2917 erit,
3088 2867 3193 2907 nec
3226 2868 3444 2923 semper
3471 2853 3641 2921 idem,

2044 2956 2150 2996 nec
2198 2942 2253 2995 in
2281 2941 2546 2997 felicitate
2578 2942 2917 2997 immutabili
2967 2942 3323 2996 constitutus.
3374 2942 3445 2995 At
3492 2942 3640 3012 quis,

2046 3033 2306 3099 obsecro,
2351 3048 2526 3090 sanus
2568 3034 2683 3088 haec
2734 3032 2917 3088 feret?
2948 3031 3108 3099 Quis,
3143 3032 3329 3087 divina
3361 3032 3642 3089 clamante

330 3127 489 3199 φῆς,
541 3127 623 3180 ὅτι
662 3124 868 3196 Κύριος
915 3125 1024 3179 τῶν
1063 3123 1348 3196 δυνάμεὼν
1392 3127 1540 3178 ἐστιν
1584 3125 1614 3178 ό
1660 3123 1821 3190 Υἱὸς,
1879 3126 1941 3179 οὐ

2050 3124 2378 3195 Scriptura,
2430 3124 2726 3180 Dominum
2772 3125 3043 3181 virtutum
3081 3138 3203 3181 esse
3235 3122 3473 3191 Filium,
3525 3141 3641 3181 non

334 3221 762 3291 ιαταναρκήσει
809 3218 1018 3288 λέγων,
1069 3216 1440 3288 δυναμοῦσθαι
1484 3217 1709 3290 χρῄζειν
1757 3219 1940 3283 αὐτὸν,

335 3314 441 3367 καὶ
469 3312 642 3383 ἀτελῆ
673 3311 818 3365 κατὰ
845 3310 1003 3364 τοῦτο
1034 3309 1331 3389 ὑπάρχειν,
1359 3310 1388 3365 ὃ
1417 3311 1626 3381 κυρίως
1669 3312 1763 3365 καὶ
1799 3310 1945 3382 μόνῳ

335 3405 643 3476 πρόσεστιν
673 3403 824 3475 αὐτῷ
855 3402 994 3474 μετὰ
1020 3402 1233 3474 Πατρὸς
1263 3404 1358 3457 καὶ
1388 3403 1545 3471 ἁγίου
1581 3402 1902 3473 Πνεύματος
1926 3417 1942 3468 ;

350 3496 509 3566 Ἐρεῖ
532 3495 589 3548 δέ
612 3495 775 3549 πάλιν
792 3495 924 3565 ἡμῖν
955 3496 982 3547 ό
1005 3493 1073 3547 δι’
1095 3493 1364 3557 ἐναντίας·
1397 3493 1557 3547 Κατὰ
1577 3493 1737 3548 τοῦτό
1762 3511 1945 3564 φαμεν

337 3585 713 3656 ὑπερκεῖσθαι
746 3584 842 3638 τοῦ
876 3583 1006 3638 Υίοῦ
1035 3583 1127 3638 τὸν
1156 3584 1402 3656 Πατέρα.
1449 3585 1510 3639 '0
1551 3585 1650 3655 μὲν
1681 3584 1789 3655 γάρ
1827 3586 1944 3637 ἐστι

330 3677 453 3731 τῶν
481 3675 662 3747 ἔργων
690 3675 1189 3747 προκαταρκτικὸς,
1240 3676 1315 3740 ὡς
1350 3675 1490 3747 ἔχων
1520 3675 1578 3729 ἐν
1603 3694 1664 3730 τε
1693 3677 1759 3748 τῇ
1789 3675 1946 3729 6t:th—

341 3786 439 3840 μει
468 3768 566 3821 καὶ
591 3769 650 3821 ἐν
678 3767 757 3839 τῷ
790 3767 970 3821 πάντα
1010 3766 1212 3820 εἰδέναι
1244 3766 1306 3819 τὸ
1330 3766 1538 3821 τέλειον
1565 3783 1580 3796 ’
1608 3769 1636 3821 ό
1655 3767 1712 3820 δὲ
1745 3766 1943 3838 πρότε-

341 3879 441 3934 ρον
484 3861 699 3929 γίνεται
752 3858 986 3932 θεατὴς,
1040 3854 1142 3912 εἷθ’
1200 3857 1377 3924 οὕτως
1427 3860 1667 3931 ἐργάτης
1716 3863 1816 3932 τῆς
1848 3858 1944 3913 τοῦ

336 3952 563 4025 Πατρὸς
594 3952 878 4023 ἐνεργείας
915 3952 1358 4024 ἀναματτόμενος
1384 3954 1464 4016 εἰς
1499 3952 1691 4007 ἑαυτὸν
1720 3952 1819 4023 τὴν
1856 3952 1947 4022 μί-

342 4062 538 4119 μησιν,
572 4045 662 4099 ἵνα
692 4046 781 4100 διὰ
806 4046 904 4117 τῆς
937 4046 1047 4101 τῶν
1078 4045 1257 4118 ἔργων
1285 4045 1626 4117 ὁμοιότητος,
1655 4045 1751 4099 καὶ
1781 4044 1947 4109 αὑτὸς

346 4139 536 4209 ινοῆται
568 4137 724 4202 Θεός.
760 4138 933 4192 Τοῦτο
966 4139 1073 4212 γὰρ
1110 4139 1260 4211 ἡμᾶς
1297 4137 1606 4192 ἐκδιδάσκει
1637 4138 1836 4208 λέγων,
1869 4134 1945 4208 μὴ

340 4230 608 4285 δύνασθαι
637 4233 812 4286 ποιεῖν
854 4232 949 4301 ἀφ’
978 4231 1171 4286 ἐαυτοῦ
1206 4231 1396 4303 μηδὲν,
1441 4231 1536 4285 ἐὰν
1569 4232 1643 4302 μή
1670 4248 1723 4284 τι
1770 4230 1943 4302 βλέπῃ

348 4324 435 4377 τὸν
460 4323 687 4394 Πατέρα
721 4322 998 4378 ποιοῦντα.
1035 4322 1102 4378 Τί
1134 4323 1263 4395 φὴς,
1289 4317 1336 4377 ὦ
1366 4323 1641 4394 πάντολμε
1675 4321 1739 4375 σύ
1767 4338 1782 4387 ;
1832 4322 1946 4393 Τῆς

340 4414 436 4468 τοῦ
469 4415 684 4486 Πατρὸς
731 4415 1014 4486 ἐνεργείας
1047 4414 1419 4486 ἅναμάττεται
1458 4415 1587 4480 τοὺς
1631 4412 1837 4477 τύπους
1864 4414 1946 4476 εἰς

2047 3219 2369 3291 gravabitur
2398 3218 2587 3274 dicere
2623 3218 2803 3287 ipsum
2838 3216 3195 3272 corroborari
3218 3223 3535 3286 oportere,
3585 3224 3642 3272 et

2044 3311 2194 3383 quod
2231 3310 2454 3381 proprie
2482 3318 2536 3365 et
2564 3310 2673 3380 ipsi
2703 3307 2810 3363 soli
2842 3309 2988 3364 inest
3017 3322 3146 3362 cum
3176 3304 3339 3362 Patre
3364 3314 3421 3361 et
3446 3314 3642 3364 sancto

2048 3402 2297 3473 Spiritu,
2328 3401 2456 3457 ideo
2488 3400 2875 3472 imperfectum
2908 3400 3080 3457 esse?
3106 3399 3213 3455 Sed
3265 3415 3488 3455 rursum
3538 3416 3642 3455 no-

2043 3493 2132 3548 bis
2167 3492 2565 3549 adversarius:
2611 3492 2743 3548 ldeo
2791 3491 3101 3546 asserimus
3142 3491 3486 3560 superiorem
3516 3505 3642 3546 esse

2043 3584 2185 3641 Filio
2210 3584 2453 3641 Patrem.
2489 3582 2592 3639 Hic
2619 3582 2770 3638 enim
2815 3582 3000 3653 prima
3037 3596 3207 3638 causa
3248 3591 3334 3638 est
3373 3596 3640 3652 operum,
3684 3588 3700 3605 ’

2044 3686 2240 3748 utpote
2302 3692 2429 3732 curn
2484 3676 2768 3748 perfectus
2826 3674 2900 3731 sit
2953 3673 3163 3729 virtute
3214 3682 3271 3729 et
3319 3672 3645 3744 cognitione

2044 3784 2273 3824 rerum:
2306 3768 2400 3823 ille
2439 3781 2577 3823 vero
2626 3767 2788 3837 prius
2835 3765 2894 3821 fit
2938 3773 3238 3835 spectator,
3276 3770 3394 3819 tum
3440 3763 3645 3820 deinde

2044 3863 2336 3927 operatur,
2365 3855 2706 3925 operationis
2735 3852 2923 3909 Patris
2960 3853 3328 3908 imitationem
3365 3852 3421 3907 in
3454 3867 3515 3907 se
3546 3866 3644 3907 ex-

2044 3949 2294 4020 primens
2318 3987 2333 4013 ,
2372 3955 2434 4002 ut
2461 3961 2563 4017 per
2593 3945 3016 4001 similitudinem
3053 3937 3284 4015 o'pcrum
3320 3944 3487 3998 etiam
3524 3943 3645 4012 ipse

2045 4041 2386 4113 intelligatur
2435 4038 2604 4094 Deus.
2658 4035 2780 4091 Hoc
2829 4036 2980 4092 enim
3021 4051 3124 4091 nos
3161 4035 3355 4101 docet,
3405 4047 3531 4087 cum
3565 4033 3645 4085 ait

2045 4148 2157 4189 non
2186 4146 2357 4203 posse
2383 4145 2414 4184 a
2441 4144 2502 4186 se
2533 4128 2721 4185 facere
2749 4126 3080 4198 quidquam,
3108 4125 3217 4179 nisi
3256 4124 3409 4193 quod
3438 4123 3643 4179 viderit

2045 4225 2265 4281 Patrem
2300 4223 2615 4279 facientem.
2652 4220 2798 4289 Quid
2822 4221 2916 4277 ais
2937 4258 2952 4284 ,
2987 4216 3404 4301 audacissime?
3433 4215 3642 4286 Opera-

2045 4317 2216 4373 tionis
2246 4315 2431 4370 Patris
2461 4313 2674 4370 formas
2702 4313 2759 4368 in
2792 4327 2855 4369 se
2881 4308 3149 4382 exprimit
3193 4307 3400 4372 Filius,
3430 4315 3493 4362 ut
3534 4307 3642 4363 hoc

2047 4416 2214 4480 pacto
2247 4407 2395 4463 Deus
2429 4404 2816 4477 intelligatur?
2849 4401 3155 4472 Disciplina
3189 4414 3324 4471 ergo
3351 4398 3495 4455 Deus
3525 4405 3642 4463 est,

343 4506 540 4560 ἐαυτὸν
568 4507 596 4558 ὁ
626 4505 776 4571 Υἱὸς,
810 4505 897 4560 ἵνα
922 4505 1012 4559 διὰ
1030 4506 1220 4559 τούτου
1253 4505 1444 4577 νοῆται
1469 4505 1636 4570 Θεός;
1670 4503 1944 4567 Διδακτῶς

2054 4518 2167 4559 non
2208 4510 2393 4557 autem
2436 4506 2637 4554 natura
2666 4515 2679 4552 :
2713 4503 2769 4553 et
2796 4495 2964 4553 sicuti
3000 4494 3057 4550 in
3101 4493 3265 4550 nobis
3291 4498 3379 4549 est
3412 4491 3650 4547 scientia

343 4594 438 4653 οὖν
468 4599 589 4652 ἐστι
617 4597 770 4665 Θεὸς,
804 4598 901 4652 καὶ
928 4598 1111 4652 οὐκέτι
1136 4598 1280 4652 κατὰ
1309 4598 1470 4669 φύσιν
1491 4614 1505 4629 ·
1557 4596 1748 4668 ὥσπερ
1791 4596 1848 4650 δὲ
1887 4597 1945 4649 ἐν

344 4692 480 4763 ἡμῖν
511 4690 795 4763 ἐπιστήμη
829 4691 927 4746 καὶ
950 4690 1116 4762 τέχνη
1152 4692 1334 4763 τυχὸν,
1364 4690 1538 4755 οὕτως
1565 4690 1675 4763 ἄρα
1708 4691 1766 4744 ἐν
1795 4687 1945 4759 αὐτῷ

344 4787 462 4839 ἐστι
510 4785 572 4837 τὸ
615 4782 854 4855 ἀξίωμα,
902 4782 1000 4836 καὶ
1031 4783 1286 4854 τεχνίτης
1321 4782 1522 4855 μᾶλλόν
1560 4784 1677 4836 ἐστι
1703 4781 1813 4835 τῶν
1846 4781 1949 4851 τῆς

343 4878 606 4948 θεότητος
634 4875 834 4946 ἔργων,
874 4874 907 4945 ἢ
943 4872 1075 4937 Θεὸς
1103 4873 1355 4945 ἀληθινός
1387 4889 1402 4905 ο
1455 4874 1642 4945 ἕτερος
1683 4874 1740 4927 δὲ
1770 4872 1946 4943 δήπου

345 4970 569 5032 πάντως
595 4967 759 5030 αὐτὸς
784 4966 937 5037 παρὰ
961 4967 1061 5038 τὴν
1083 4967 1141 5019 ἐν
1167 4965 1317 5036 αὐτῷ
1344 4965 1561 5036 τέχνην,
1588 4966 1696 5020 κᾶν
1722 4965 1948 5039 ὑπάρχῃ

347 5061 689 5133 θεοπρεπὴς.
721 5058 849 5122 Πῶς
873 5053 968 5112 οὖν
1000 5058 1111 5131 ἄρα
1136 5056 1231 5110 τὸν
1261 5055 1371 5108 τῶν
1394 5055 1497 5126 τῆς
1526 5054 1778 5125 θεότητος
1804 5056 1948 5127 ὅρων

347 5150 695 5222 ἐκϐεϐηκότα
720 5191 737 5217 ,
786 5149 882 5203 καὶ
925 5150 984 5201 ἐν
1032 5148 1171 5221 μόνῃ
1212 5149 1279 5219 τῇ
1329 5146 1494 5217 τέχνῃ
1536 5146 1808 5217 φοροῦντα
1848 5147 1947 5219 τὴν

346 5247 508 5312 δόξαν
541 5239 914 5316 προσκυνοῦσι
946 5241 1047 5313 μὲν
1080 5239 1300 5310 ἄγγελοι
1335 5240 1457 5292 κατ’
1486 5238 1743 5309 οὐρανὸν,
1776 5256 1948 5310 προσ-

358 5333 647 5406 κυνοῦμεν
681 5332 740 5386 δὲ
775 5330 872 5385 καὶ
916 5331 1079 5401 ἡμεῖς
1126 5328 1500 5400 ἀνεγκλήτως,
1551 5328 1613 5383 τὸ
1645 5329 1720 5400 μὴ
1747 5330 1946 5401 χρῆναι

349 5426 636 5501 λατρεύειν
664 5424 837 5495 ἑτέρῳ
866 5420 1019 5494 παρά
1048 5422 1140 5476 τὸν
1166 5421 1336 5485 ὅντως
1357 5421 1485 5474 ὄντα
1512 5419 1645 5474 Θεὸν
1666 5420 1767 5492 τῆς
1787 5421 1948 5492 ἁγίας

351 5518 752 5592 νομοθετοὺσης
778 5517 912 5588 ἡμῖν
940 5514 1202 5584 Γραφῆς;
1253 5513 1522 5585 «Κύριον,
1567 5531 1586 5565 ι
1628 5512 1739 5585 γὰρ
1791 5515 1947 5584 φησὶ,

358 5636 376 5668 ι
404 5616 496 5668 τὸν
523 5612 656 5665 Θεόν
688 5627 780 5663 σου
810 5608 1231 5680 προσκυνήσεις,
1259 5606 1353 5659 καὶ
1378 5604 1527 5678 αὑτῷ
1556 5605 1702 5677 μόνῳ
1728 5605 1954 5676 λατρεύ-

428 5794 475 5828 ³¹⁶
502 5790 694 5849 Matth.
733 5811 804 5857 ιγ,
839 5794 931 5859 l0;
971 5791 1127 5845 Deut.
1168 5802 1240 5853 vr,
1275 5785 1327 5843 5.

2048 4603 2104 4652 et
2136 4610 2229 4650 ars
2253 4634 2269 4659 ,
2304 4594 2383 4648 ita
2408 4598 2496 4648 est
2526 4592 2585 4646 in
2615 4590 2741 4661 ipso
2771 4588 3056 4659 dignitas;
3090 4594 3144 4642 et
3169 4584 3393 4641 deitatis
3421 4598 3649 4654 operum

2047 4688 2236 4759 potius
2266 4693 2354 4742 est
2381 4683 2584 4740 artifex
2605 4721 2621 4748 ,
2651 4696 2818 4753 quam
2848 4678 2994 4734 Deus
3017 4691 3185 4732 verus
3208 4683 3264 4730 et
3289 4675 3436 4729 alius
3460 4674 3652 4742 utique

2049 4781 2171 4851 ipse
2212 4794 2245 4833 a
2292 4793 2393 4834 sua
2423 4785 2581 4840 arte,
2614 4772 2873 4844 quamvis
2904 4769 3017 4825 Deo
3048 4768 3123 4824 sit
3156 4766 3250 4821 illa
3283 4766 3649 4821 conveniens.

2049 4871 2342 4939 Quomodo
2368 4869 2539 4942 igitur
2566 4865 2790 4937 angeli,
2823 4874 3038 4931 nosque
3066 4875 3193 4914 cum
3224 4852 3335 4912 illis
3363 4856 3502 4912 citra
3536 4854 3651 4910 cui.

2051 4979 2180 5036 pam
2209 4963 2506 5018 adoramus
2536 4973 2662 5014 eum
2700 4955 2796 5025 qui
2830 4952 3059 5009 deitatis
3102 4948 3363 5005 terminis
3405 4945 3650 5013 excidit,

2049 5062 2108 5111 et
2137 5056 2194 5110 in
2224 5053 2345 5110 sola
2375 5058 2494 5105 arte
2528 5046 2761 5120 gloriam
2795 5045 3033 5117 positam
3064 5041 3270 5107 habet,
3301 5054 3426 5094 cum
3456 5045 3653 5094 sancta

2053 5141 2346 5212 Scriptura
2393 5143 2624 5193 cautum
2656 5133 2821 5189 nobis
2868 5133 2943 5188 sit
2984 5147 3058 5187 ne
3091 5130 3261 5185 alium
3309 5142 3475 5200 quam
3523 5141 3652 5183 eum

2050 5234 2149 5304 qui
2180 5244 2375 5287 revera
2405 5229 2555 5284 Deus
2577 5233 2663 5283 est
2684 5221 3029 5281 adoremus?
3050 5239 3071 5273 ‹
3094 5219 3391 5276 Dominum
3424 5236 3443 5269 ι
3465 5219 3612 5273 enim
3631 5253 3648 5279 ,

2054 5325 2276 5398 inquit,
2308 5340 2328 5375 ι
2362 5322 2533 5378 Deum
2563 5328 2724 5375 tuum
2764 5315 3023 5373 adorabis
3043 5355 3058 5380 ,
3108 5321 3163 5370 et
3211 5312 3321 5382 ipsi
3352 5309 3455 5365 soli
3487 5307 3654 5377 218

2057 5418 2267 5475 servies
2300 5416 2398 5470 ³⁸.»
2429 5413 2540 5470 Sed
2570 5428 2600 5467 a
2631 5413 2837 5469 decoro
2866 5424 2981 5466 non
3013 5408 3237 5464 aberrat
3263 5409 3453 5459 sancta
3485 5399 3655 5469 potis-

2059 5513 2260 5569 simum
2289 5510 2611 5581 angelorum
2645 5506 2837 5570 turba,
2864 5501 2960 5559 sed
2985 5499 3182 5554 Filium
3213 5495 3442 5552 adorat,
3468 5495 3522 5581 et
3552 5502 3654 5544 no-

2061 5605 2275 5661 biscum
2310 5577 2437 5659 eum
2479 5601 2615 5657 colit
2644 5612 2807 5670 quem
2844 5590 3154 5653 secundum
3184 5593 3441 5642 naturam
3478 5577 3650 5635 Deum
