4052 6494
448 365 556 422 355

1441 358 1499 412 S.
1544 350 1823 413 CYRILLI
1857 348 2336 411 ALEXANDRINI
2361 346 2684 409 ARCIIIEP.

3614 350 3723 411 356

446 488 602 541 novit
628 497 788 549 esse,
822 494 998 552 neque
1027 478 1352 549 disciplina,
1380 487 1440 533 ut
1469 480 1547 533 illi
1578 490 1858 548 nugautur
1883 495 1896 534 :
1926 492 2018 531 nec

2130 491 2296 537 GSIC.’
2349 471 2485 525 Ἀλλ’
2516 473 2615 525 οὐκ
2645 472 2710 524 ἂν
2745 468 3035 539 ἀπεσφάλη
3066 470 3159 522 τοῦ
3194 470 3495 541 πρέποντος
3525 471 3562 543 ἠ
3591 472 3726 539 ἀγία

445 578 595 632 enim
620 617 635 642 ,
658 583 717 631 ut
748 583 971 645 apparet
996 611 1010 636 ,
1037 572 1283 626 sentiunt
1306 579 1545 640 quantas
1572 570 1627 625 in
1659 570 2030 626 absurditates

447 668 577 723 inde
609 666 986 737 prolabuntur.
1027 661 1271 716 Primum
1305 662 1511 716 etenim
1544 661 1719 715 Filius
1753 658 2033 714 alteratio-

446 775 572 814 nem
605 764 659 812 et
689 756 1053 810 mutationem
1084 754 1138 807 in
1173 752 1356 822 majus
1400 768 1431 806 a
1475 752 1679 807 minori
1723 749 2026 820 suscipiet,

445 848 698 917 quamvis
730 861 829 916 per
858 845 1184 915 prophetam
1229 844 1350 913 ipse
1394 842 1543 898 dicat
1571 861 1582 895 :
1617 860 1635 894 ι
1667 840 1899 904 Videte,
1945 838 2028 893 vi-

444 939 568 994 dete
598 938 727 1007 quia
769 952 871 1008 ego
917 952 1071 1001 sum,
1107 940 1168 990 et’
1202 951 1314 990 non
1363 944 1549 990 mutor
1582 934 1649 988 ³⁸.
1683 954 1702 987 ι
1735 932 1841 990 Sed
1876 948 2032 989 men-

443 1027 613 1080 tietur
644 1026 835 1095 utique
860 1024 1158 1080 Psalmista
1185 1024 1438 1079 clamans
1468 1025 1523 1078 in
1570 1023 1780 1093 Spiritu
1824 1022 1894 1078 ad
1940 1021 2030 1077 Fi-

444 1118 615 1172 lium:
644 1115 758 1169 tTu
785 1126 973 1171 autem
1000 1116 1144 1171 idem
1175 1115 1293 1185 ipse
1316 1130 1377 1170 es
1398 1115 1495 1168 ⁸⁸.»
1519 1114 1819 1184 Exspectat
1842 1114 1987 1169 enim
2011 1151 2029 1179 ,

445 1219 509 1262 ut
541 1208 617 1262 illi
648 1217 949 1272 asserunt,
982 1206 1110 1260 dum
1146 1205 1309 1260 Pater
1341 1207 1489 1260 circa
1522 1205 1731 1275 aliquid
1766 1212 2029 1274 operetur

448 1307 715 1369 tanquam
746 1298 858 1352 dux
905 1305 959 1353 et
1011 1298 1296 1367 magister,
1327 1303 1410 1361 ut,
1433 1311 1499 1351 eo
1541 1304 1874 1365 conspecto,
1905 1294 2028 1365 ejus

447 1391 697 1444 imitator
724 1389 836 1442 ﬁat.
868 1389 1058 1458 Atqui
1087 1387 1206 1443 ﬁeri
1238 1396 1418 1458 potest
1462 1395 1521 1441 ut
1562 1387 1654 1457 qui
1703 1384 2026 1455 liujusrnodi

444 1491 533 1537 est
586 1496 695 1535 non
745 1480 999 1534 videatur
1044 1494 1107 1533 ex
1159 1479 1514 1550 ignoratione
1566 1479 1633 1533 ad
1688 1478 2025 1548 agnitionem

446 1572 815 1643 quorumdam
852 1571 1043 1636 evehi,
1078 1578 1133 1625 et
1164 1586 1193 1624 a
1228 1571 1493 1625 deteriori
1525 1572 1581 1625 in
1616 1570 1812 1625 melius
1843 1578 2028 1625 trans-

443 1664 684 1727 mutari,
734 1662 781 1717 si
821 1662 956 1716 boni
1003 1662 1294 1731 cujusdam
1341 1661 1632 1717 scientiam
1681 1662 2029 1732 ignoratione

443 1754 906 1826 praestabiliorem
951 1768 1077 1808 esse
1112 1753 1475 1823 judicemus?
1516 1752 1586 1806 At
1628 1753 1891 1824 quidnam
1936 1754 2026 1807 in-

2133 566 2367 636 μάλιστα
2414 564 2522 618 τῶν
2575 566 2823 634 ἀγγέλων
2874 563 3118 634 πληθὺς,
3171 560 3473 633 προσκυνεῖ
3529 564 3587 617 δὲ
3629 566 3724 618 τὸν

2132 658 2280 721 Υίὸν,
2317 656 2410 709 καὶ
2433 656 2683 728 λατρεύει
2716 656 2835 727 μεθ’
2869 655 3048 726 ἡμῶν,
3083 654 3225 708 κατὰ
3256 654 3420 722 φύσιν
3439 654 3569 708 ὄντα
3590 656 3727 710 Θεὸν

2130 748 2589 818 ἐπιγινώσκουσα,
2625 748 2721 802 καὶ
2746 749 2806 801 ού
2841 747 3129 811 διδακτῶς,
3157 746 3233 809 ὡς
3260 748 3455 801 ἐκεῖνοι
3493 747 3729 818 ληροῦν-

2128 839 2221 903 τές
2248 857 2410 909 φασιν
2434 857 2448 871 °
2492 841 2552 893 ού
2580 840 2688 910 γὰρ
2720 839 3085 903 αἰσθάνονται,
3123 838 3264 891 κατὰ
3292 838 3353 890 τὸ
3387 838 3552 905 εἰκὸς,
3577 840 3728 903 ὅσοις

2129 930 2381 984 ἐντεῦθεν
2403 930 2827 1002 περιπεσοῦνται
2854 933 2968 993 τοῖς
2992 929 3329 999 ἀτοπήμασι.
3368 928 3593 998 Πρῶτον
3620 928 3722 998 μὲν

2129 1023 2237 1097 γὰρ
2262 1027 2290 1078 6
2315 1024 2443 1087 Υἱὸς
2474 1022 2761 1077 ἀλλοίωσίν
2789 1040 2849 1075 τε
2880 1024 2973 1076 καὶ
2996 1021 3208 1093 τροπὴν
3247 1021 3346 1091 τὴν
3378 1021 3472 1074 ἐπὶ
3501 1014 3561 1074 τὸ
3600 1018 3724 1091 μεῖ-

2129 1115 2219 1180 ζον
2251 1115 2326 1180 ὡς
2354 1114 2413 1179 ἐξ
2438 1114 2720 1177 ἐλάττονος
2753 1114 3081 1180 ἐπιδέξεται,
3131 1113 3323 1167 καίτοι.
3346 1112 3435 1166 διά
3458 1112 3553 1166 τοῦ
3585 1128 3727 1184 προ-

2128 1208 2298 1279 φήτου
2322 1207 2495 1275 λέγων
2522 1206 2683 1269 αὐτός
2707 1222 2721 1236 ·
2763 1225 2781 1258 ι
2810 1205 2999 1269 Ἴδετε,
3032 1204 3168 1258 ἴδετε
3194 1206 3277 1258 ὅτι
3311 1202 3422 1273 ἐγὼ
3452 1204 3591 1274 εἰμὶ,
3625 1202 3726 1257 καὶ

2127 1298 2228 1350 οὐκ
2255 1296 2580 1367 ἡλλοίωμαι.
2607 1315 2625 1346 ι
2669 1294 3029 1364 Διαψεύσεται
3057 1294 3115 1347 δέ
3145 1294 3362 1356 πάντως
3389 1294 3482 1347 καὶ⁸
3508 1294 3538 1345 6
3564 1293 3721 1347 Ψαλ-

2131 1389 2305 1461 μῳδὸς
2339 1392 2397 1442 ἐν
2427 1387 2729 1458 Πνεύματι,
2768 1388 2870 1440 ιΣὺ
2904 1386 2962 1440 δέ
2989 1389 3017 1440 6
3044 1386 3207 1449 αὐτὸς
3238 1380 3307 1449 εί,
3341 1404 3359 1436 ι
3410 1383 3550 1455 βοῶν
3584 1384 3724 1456 πρὸς

2128 1480 2219 1535 τὸν
2263 1482 2412 1535 Υἱόν.
2462 1481 2755 1552 Περιμένει
2806 1479 2934 1551 γὰρ,
2984 1477 3059 1543 ὡς
3108 1479 3305 1533 ἐκεῖνοί
3344 1492 3530 1547 φασιν,
3571 1480 3718 1549 ἐνερ-

2128 1574 2327 1643 γοῦντα
2358 1574 2450 1627 τὸν
2481 1573 2701 1643 Πατέρα
2734 1570 2861 1643 περί
2891 1588 2943 1623 τι
2975 1570 3083 1624 τῶν
3124 1569 3315 1633 ὄντων,
3348 1569 3515 1623 οἱονεὶ
3548 1566 3719 1638 καθη-

2129 1666 2302 1736 γητήν
2348 1681 2467 1718 τινα
2517 1663 2612 1717 καὶ
2647 1661 2989 1727 διδάσκαλον,
3038 1661 3127 1714 ἵνα
3158 1660 3447 1732 θεωρήσας
3491 1662 3721 1730 γένηται

2135 1756 2395 1828 μιμητής.
2428 1751 2563 1808 Εἶτα
2595 1752 2711 1817 πῶς
2735 1755 2763 1807 6
2787 1752 3026 1817 τοιοῦτος
3050 1753 3150 1806 οὐκ
3174 1753 3237 1806 ἄν
3264 1770 3342 1823 τῳ
3363 1751 3515 1818 δόξαι
3537 1750 3721 1804 λοιπὸν

444 1824 612 1920 super
655 1847 886 1903 absurdi
928 1853 1214 1917 sequatur,
1263 1844 1453 1900 dicant
1502 1846 1662 1900 nobis
1703 1846 1797 1916 qui
1854 1845 2018 1914 magi-

2135 1824 2447 1917 ἐξ-ἀγνοίας
2477 1848 2577 1918 τῆς
2608 1862 2770 1899 τινων
2803 1843 3114 1899 ἀναϐαίνειν
3142 1847 3221 1909 εἰς
3245 1843 3467 1913 γνῶσιν,
3495 1844 3589 1897 καὶ
3614 1840 3722 1896 ἀπὸ

443 1951 618 1995 strum
664 1940 850 2009 potius
882 1953 1047 2009 quam
1090 1937 1308 1993 Patrem
1353 1937 1528 1992 Deum
1556 1952 1682 1993 esse
1730 1945 2025 1993 statuunt:

444 2043 632 2086 utrum
664 2029 840 2086 Filius
870 2032 1135 2101 ignorans
1167 2029 1352 2085 Patris
1383 2044 1549 2101 opera
1579 2037 1868 2100 exspectat
1894 2029 2027 2085 dum

442 2124 661 2186 videat,
691 2138 758 2176 an
787 2122 1201 2177 exactissimam
1232 2137 1427 2177 eorum
1472 2121 1728 2178 notitiam
1770 2135 1885 2174 non
1930 2119 2028 2173 ha-

443 2217 627 2273 bens?
662 2215 798 2271 Nam
831 2216 877 2271 si
911 2216 1098 2271 dicent
1130 2225 1487 2286 exspectare,
1515 2213 1770 2286 quamvis
1810 2213 1902 2268 illa
1935 2227 2028 2269 co-

442 2315 678 2378 gnoscat
698 2347 712 2371 ,
744 2306 894 2363 clare
922 2306 1217 2364 ostendent
1249 2306 1496 2362 inaniter
1522 2306 1737 2370 facere,
1771 2312 1825 2360 ct
1854 2309 2028 2378 vanis-

443 2400 597 2457 simas
629 2399 707 2454 rei
742 2413 963 2469 operam
995 2397 1129 2454 dare
1159 2397 1401 2454 Patrem.
1436 2397 1533 2453 Ille
1563 2397 1710 2452 enim
1744 2396 1896 2468 quod
1927 2412 2025 2468 ap-

442 2493 620 2564 prime
670 2492 855 2557 novit,
909 2500 971 2546 ut
1025 2492 1290 2562 ignorans
1340 2490 1698 2545 considerat:
1740 2490 1830 2545 hic
1876 2490 2026 2547 illius

441 2600 677 2656 gnarum
708 2582 909 2639 docere
940 2583 1280 2654 aggreditur.
1313 2582 1549 2637 Cuinam
1577 2592 1761 2638 autem
1794 2584 2025 2639 dubium

441 2690 566 2731 esse
593 2683 773 2745 potest
803 2677 936 2744 quin
973 2675 1087 2728 haec
1118 2675 1281 2744 plane
1314 2674 1556 2728 ridicula
1590 2674 1749 2730 sint?
1778 2673 1885 2730 Sed
1921 2674 2026 2731 hoc

441 2765 629 2821 forsan
655 2765 855 2821 dicturi
883 2782 992 2821 non
1022 2776 1187 2834 sunt,
1220 2767 1330 2821 imo
1354 2768 1689 2822 contrariam
1725 2768 1780 2823 in
1812 2777 2022 2840 partem

439 2857 626 2927 patius
659 2872 719 2913 se
753 2855 1118 2913 transferent.
1146 2857 1413 2913 Asserent
1441 2858 1586 2913 cnim
1614 2859 1794 2931 ipsum
1828 2876 2023 2916 neces-

441 2945 593 3000 sario
621 2957 953 3017 exspectare
982 2946 1112 3001 dum
1144 2945 1312 3003 Pater
1348 2959 1631 3018 operetur,
1662 2958 1722 3004 ut
1766 2965 1834 3005 ex
1873 2950 2023 3006 illius

438 3037 915 3106 contemplatione
943 3038 1124 3093 discat
1156 3041 1398 3109 operari.
1425 3038 1715 3106 Quomodo
1742 3054 1873 3111 ergo
1904 3040 2024 3096 uni-

2128 1941 2226 2002 τοῦ
2270 1943 2513 2015 χείρονος
2568 1939 3008 2012 μετα-τρέπεσθαι
3062 1940 3201 2012 πρὸς
3245 1939 3505 2010 ἄμεινον,
3559 1939 3720 2009 εἴπερ

2129 2028 2269 2088 εἶναι
2299 2033 2631 2104 λογιούμεθα
2663 2033 2724 2086 τὸ
2755 2033 2954 2086 εἰδέναι
2991 2049 3045 2087 τι
3085 2031 3195 2087 τῶν
3229 2030 3472 2099 ἀγαθῶν,
3513 2031 3609 2083 τοῦ
3643 2031 3719 2101 μὴ

2129 2125 2328 2180 ειδέναι
2378 2123 2633 2191 κάλλιον;
2701 2114 2833 2177 Εἶτα
2880 2140 2934 2177 τι
2981 2122 3120 2193 πρὸς
3161 2122 3372 2185 τούτοις
3419 2123 3609 2192 ὁρᾶται
3661 2118 3722 2172 τὸ

2128 2216 2351 2283 ἄτοπον,
2382 2215 2646 2285 λεγόντων
2673 2217 2807 2286 ἡμῖν
2836 2217 2884 2269 οἱ
2913 2214 3227 2286 παιδευτὴν,
3258 2213 3291 2284 ἢ
3324 2213 3545 2285 Πατέρα
3582 2212 3714 2282 μᾶλ-

2127 2311 2219 2366 λον
2257 2308 2602 2381 εἰσφέροντες
2634 2307 2725 2362 τὸν
2764 2308 2927 2362 Θεόν·
2966 2307 3197 2379 πότερόν
3230 2324 3360 2360 ποτε
3396 2305 3508 2360 τῶν
3539 2305 3721 2377 ἔργων

2126 2403 2221 2457 τοῦ
2253 2402 2465 2472 Πατρὸς
2495 2404 2553 2455 ἐν
2589 2400 2783 2473 ἀγνοίᾳ
2821 2398 3177 2471 καθεστηκὼς
3205 2401 3233 2452 6
3262 2399 3389 2463 Υἱὸς
3432 2399 3722 2469 περιμένει

2126 2493 2188 2547 τὸ
2223 2493 2374 2556 ἰδεῖν,
2408 2491 2443 2562 ἢ
2474 2491 2574 2562 τὴν
2601 2490 2695 2543 ἐπὶ
2722 2488 2934 2550 τούτοις
2957 2488 3159 2558 γνῶσιν
3188 2490 3291 2543 οὐκ
3322 2488 3460 2559 ἔχων
3491 2488 3723 2559 ἀκριϐε-

2129 2585 2365 2656 στάτην“;
2396 2584 2461 2636 El.
2491 2582 2589 2653 μὲν
2608 2576 2702 2635 οὖν
2731 2580 2910 2634 εἰδότα
2935 2581 3253 2651 περιμένειν
3284 2579 3500 2652 ἐροῦσιν
3529 2578 3717 2644 αὑτὸν,

2126 2673 2512 2747 περιττότατόν
2556 2690 2610 2727 τι
2659 2670 2922 2727 ποιοῦντα
2967 2668 3156 2741 σαφῶς
3203 2670 3562 2737 ἐπιδείξουσι,
3619 2669 3718 2723 καὶ

2125 2766 2464 2822 εἰκαιοτάτου
2494 2765 2822 2836 πράγματος
2854 2762 3212 2833 ἐπιτηδευτὴν
3241 2762 3333 2815 τὸν
3363 2762 3606 2832 Πατέρα.
3655 2761 3717 2813 '0

2128 2860 2229 2930 μὲν
2273 2857 2405 2931 γὰρ,
2452 2857 2592 2928 ὅπερ
2636 2851 2779 2911 οἶδεν
2808 2855 3072 2924 ἀκριϐῶς,
3111 2854 3187 2917 ὡς
3237 2853 3449 2922 ἀγνοῶν
3490 2852 3719 2905 ἐπισκέ-

2126 2965 2345 3014 πτεται,
2375 2950 2403 3003 6
2433 2948 2490 3002 δὲ
2516 2947 2610 3001 τὸν
2641 2946 2818 3001 εἰδότα
2842 2945 3111 3000 διδάσκειν
3143 2947 3430 3017 ἐπιχειρεῖ.
3465 2946 3577 2998 Καὶ
3607 2940 3733 2998 τίνι’

2123 3039 2234 3094 τῶν
2257 3039 2424 3092 ὄντων
2447 3038 2549 3091 οὐκ
2570 3034 2720 3090 ἔσται
2747 3036 3078 3107 καταφανὲς,
3100 3037 3184 3091 ὅτι
3204 3036 3305 3106 τῆς
3336 3035 3575 3106 ἐσχάτης
3613 3051 3678 3103 γε
3692 3062 3713 3074 -

436 3144 599 3185 versa
630 3130 785 3185 novit
815 3137 1112 3198 antequam
1149 3129 1284 3185 ﬁant
1318 3131 1397 3185 '7?
1426 3140 1521 3186 aut
1567 3133 1846 3203 quomodo
1894 3149 2018 3190 vere

2121 3130 2394 3202 λοιότητος
2415 3128 2546 3182 εἴσω
2570 3128 2812 3183 κείσεται
2832 3128 2901 3181 τὰ
2920 3127 3144 3182 τοιαῦτα
3171 3145 3186 3193 ;
3236 3127 3397 3181 Ἀλλά
3421 3125 3580 3181 τοῦτο
3610 3127 3714 3196 μὲν

436 3220 587 3275 dicet
637 3220 757 3290 ipse
805 3220 874 3276 de
923 3220 1147 3290 scipso:
1184 3240 1205 3274 ι
1235 3221 1380 3279 Deus
1419 3224 1872 3295 appropinquans
1919 3240 2021 3298 ego

438 3327 562 3368 sum
584 3352 598 3377 ,
631 3311 767 3365 dicit
797 3310 1102 3375 Dominus,
1134 3321 1189 3367 et
1214 3329 1324 3368 non
1355 3312 1497 3371 Deus
1527 3315 1595 3371 de
1639 3316 1797 3388 longe
1826 3332 1838 3368 :
1884 3333 2021 3372 num

439 3403 816 3458 abscondetur
840 3402 974 3473 quid
1009 3418 1039 3457 a
1069 3419 1158 3460 me
1192 3406 1234 3437 ³⁸
1257 3405 1314 3459 ἳ»
1340 3405 1630 3474 Quomodo
1668 3424 1781 3464 non
1822 3410 2021 3466 absur-

438 3493 569 3549 dum
600 3503 655 3549 et
689 3495 961 3550 insulsum
1000 3495 1106 3549 erit
1155 3495 1387 3567 Spiritui
1432 3500 1690 3566 credere,
1735 3509 1789 3557 et
1834 3501 2020 3574 inqui-

437 3599 563 3640 rere
608 3600 673 3639 ac
701 3584 846 3641 scire
878 3584 1144 3656 profunda
1176 3588 1304 3655 Dei,
1335 3591 1653 3648 existimare
1690 3601 1870 3648 autem
1900 3594 2017 3649 lar-

438 3676 668 3748 gitorem
713 3676 953 3748 Spiritus
976 3678 1234 3750 ignorare
1256 3680 1437 3740 Patris
1470 3698 1659 3754 opera,
1688 3692 1743 3739 et
1763 3701 1870 3741 suo
1900 3685 2022 3757 Spi-

437 3767 551 3823 ritu
577 3769 762 3839 quoad
789 3769 1161 3841 cognitionem
1190 3773 1509 3831 inferiorem
1536 3777 1706 3833 esse?
1752 3775 2016 3850 Nunquid

436 3860 584 3915 enim
631 3860 807 3917 Filius
859 3878 1081 3935 quoque
1114 3862 1400 3936 Sapientia
1429 3881 1552 3923 esse
1595 3868 1840 3938 desinet,
1884 3887 2013 3928 cum

435 3951 631 4021 utique
673 3953 923 4024 ignoret,
959 3954 1337 4026 discendoque
1370 3960 1684 4030 percipiat?
1718 3960 2016 4033 Sapientiae

433 4040 581 4097 enim
614 4051 798 4112 potius
827 4060 1005 4116 capax
1045 4046 1185 4111 erit,
1217 4061 1384 4116 quam
1432 4050 1669 4119 ipsamet
1706 4053 2013 4109 secundum

432 4139 684 4229 naturam
714 4133 1019 4229 Sapientia.
1052 4135 1333 4206 Sapientia
1374 4140 1581 4211 quippe
1623 4151 1710 4199 est
1762 4144 1818 4200 id
1866 4146 2014 4229 quod

432 4223 759 4293 sapientiam
792 4227 1047 4296 largitur,
1081 4243 1193 4283 non
1227 4231 1374 4299 quod
1406 4235 1738 4305 sapientiam
1773 4223 2008 4308 accipit,

434 4314 906 4382 quemadmodum
962 4332 1157 4387 nempe
1206 4320 1370 4375 etiam
1428 4322 1617 4379 lumen
1670 4336 1756 4381 est
1808 4326 2013 4383 illumi-

431 4417 604 4468 uans,
662 4405 828 4475 219
875 4420 989 4462 non
1034 4409 1180 4479 quod
1220 4410 1585 4470 illuminatur.
1638 4414 1805 4486 igitur
1861 4418 2008 4474 aliud

2123 3224 2225 3278 οὐκ
2254 3221 2441 3295 ἐροῦσι
2460 3219 2621 3291 τυχόν
2642 3235 2656 3250 ⁸
2696 3219 3095 3292 μεταϐήσονται
3115 3220 3170 3274 δὲ
3187 3220 3322 3293 πρὸς
3356 3218 3420 3272 τὸ
3444 3220 3714 3274 ἐναντίον.

2123 3314 2449 3389 Περιμένειν
2476 3311 2585 3384 γὰρ
2622 3311 2786 3366 αὐτὸν
2816 3313 3130 3382 ἀναγκαίως
3173 3311 3501 3385 ἐνεργοῦντα
3531 3310 3717 3364 διαϐεο

2123 3404 2451 3460 ϐαιὼσονται
2478 3401 2569 3455 τὸν
2601 3401 2824 3472 Πατέρα
2851 3402 2987 3475 πρὸς
3014 3401 3073 3455 τὸ
3104 3402 3457 3473 θεωρήσαντα
3492 3401 3712 3471 μαθεῖν.

2122 3495 2248 3561 Πῶς
2279 3490 2373 3549 οὖν
2405 3486 2515 3547 οἶδε
2548 3492 2617 3547 τὰ
2666 3492 2865 3558 πάντα,
2915 3493 3044 3566 πρὶν
3088 3494 3356 3563 γενέσεως
3402 3492 3625 3560 αὐτῶν;
3674 3489 3712 3564 ἢ

2121 3587 2241 3651 πῶς
2267 3583 2557 3657 ἀληθεύσει
2594 3584 2771 3653 λέγων
2796 3584 2959 3651 αὐτὸς
2992 3586 3122 3659 περὶ
3151 3585 3345 3640 ἑαυτοῦ
3366 3601 3379 3615 ·
3424 3584 3589 3647 «Θεὸς
3619 3586 3715 3652 ἐγ·

2120 3678 2292 3749 γίζων
2319 3679 2432 3748 ἐγώ
2462 3680 2601 3752 εἰμι,
2634 3678 2785 3747 λέγει
2825 3676 3053 3750 Κύριος,
3093 3679 3188 3731 καὶ
3219 3677 3339 3748 οὐχὶ
3376 3676 3664 3749 πόρρωθεν
3691 3691 3708 3707 ·

2121 3772 2199 3844 μὴ
2234 3771 2328 3826 ἀπ’
2355 3772 2491 3843 ἐμοῦ
2524 3771 2859 3845 κρυϐήσεταί
2890 3789 2976 3837 τι;
3006 3790 3026 3825 ι
3066 3770 3190 3836 Πῶς
3210 3771 3269 3824 δὲ
3298 3771 3398 3824 οὐκ
3418 3770 3618 3826 ἄτοπόν
3647 3782 3711 3825 τε

2119 3863 2215 3919 καὶ
2247 3863 2459 3934 ἀμαθὲς
2490 3865 2571 3935 τῷ
2610 3865 2708 3936 μὲν
2743 3862 3022 3936 Πνεύματι
3059 3863 3358 3928 πιστεύειν,
3389 3864 3617 3935 ἐρευνᾷν
3647 3879 3708 3916 τε

2118 3952 2214 4006 καὶ
2240 3952 2435 4006 ειδέναι
2465 3954 2534 4008 τὰ
2557 3952 2695 4024 βάθη
2724 3952 2820 4006 τοῦ
2848 3951 3003 4017 Θεοῦ,
3048 3952 3141 4005 τὸν
3169 3951 3226 4005 δὲ
3258 3952 3352 4006 τοῦ
3387 3953 3707 4023 Πνεύματος

2114 4044 2352 4116 χορηγὸν
2387 4046 2446 4099 ἐν
2495 4046 2691 4117 ἀγνοίᾳ
2720 4044 3050 4100 καθεστάναι
3093 4044 3334 4117 νομίζειν
3370 4045 3478 4099 τῶν
3525 4045 3705 4116 ἔργων

2115 4136 2209 4190 τοῦ
2233 4136 2468 4209 Πατρὸς,
2496 4138 2591 4191 καὶ
2615 4136 2709 4191 τοῦ
2736 4136 2864 4191 ίδίου
2895 4136 3231 4209 Πνεύματος,
3252 4138 3376 4191 ὅσον
3400 4140 3481 4201 είς
3500 4138 3703 4208 γνῶσιν

2113 4227 2639 4302 ἀπολιμπάνεσθαι;
2687 4224 2837 4301 Ἀρα
2882 4228 2991 4302 γὰρ
3044 4230 3144 4283 οὐκ
3188 4229 3457 4284 ἀποϐαλεῖ
3500 4231 3597 4285 καλ⁵
3641 4229 3703 4283 τὸ

2114 4319 2253 4375 εἷναι
2282 4323 2444 4392 σοφία
2472 4321 2657 4376 λοιπὸν
2693 4323 2721 4376 6
2766 4321 2916 4386 Υἱὸς,
2951 4321 3183 4393 ἐπείπερ
3212 4322 3348 4386 ὅλως
3374 4323 3577 4391 ἀγνοεῖ,
3606 4323 3703 4377 καὶ

2114 4412 2382 4484 λαμϐάνει
2411 4412 2500 4467 διὰ
2536 4412 2864 4484 μαθήσεως;
2910 4412 3111 4483 Σοφίας
3144 4413 3254 4487 γὰρ
3305 4413 3506 4485 μᾶλλον
3545 4414 3700 4468 ἔσται

431 4496 694 4567 quiddam
744 4499 1104 4581 ipserursus
1149 4505 1257 4559 erit
1302 4505 1372 4561 ab
1416 4522 1480 4561 ea
1535 4522 1657 4577 quae
1686 4508 1740 4563 iu
1774 4509 1894 4580 ipso
1925 4523 2011 4567 est

2120 4505 2379 4572 δεκτικὸς,
2404 4506 2548 4578 ἤπερ
2578 4505 2711 4560 αὐτὸ
2734 4506 2871 4560 κατά
2893 4506 3054 4577 φύσιν
3094 4506 3275 4575 σοφία.
3310 4507 3480 4577 Σοφία
3507 4506 3614 4579 γὰρ
3641 4507 3700 4561 τὸ

430 4587 744 4658 sapientia:
801 4599 857 4645 et
903 4592 1144 4662 primum
1180 4597 1399 4665 quidem
1448 4613 1559 4652 non
1611 4599 1863 4671 simplex,
1910 4605 2008 4660 sed

429 4679 772 4749 compositus
803 4696 868 4737 ex
911 4681 1168 4751 duobus;
1217 4684 1415 4741 deinde
1460 4687 1606 4742 Deus
1632 4704 1753 4745 esse
1786 4707 2010 4764 quoque

428 4768 686 4825 desinet:
721 4770 892 4827 Deum
945 4784 1125 4829 autem
1159 4775 1284 4831 dico
1317 4778 1617 4834 secundum
1655 4790 1907 4839 naturam
1955 4794 2009 4839 et

429 4856 898 4914 substantialiter.
934 4858 1157 4918 Discere
1183 4878 1421 4935 namque
1459 4867 1528 4922 ab
1558 4869 1767 4940 aliquo.
1815 4882 1871 4929 et
1905 4873 2008 4929 dn-

427 4946 626 5019 plicem
660 4963 787 5004 esse
815 4957 980 5021 atque
1013 4953 1401 5025 compositum,
1436 4959 1677 5017 alienum
1723 4971 1808 5020 est
1845 4965 2001 5034 peni.

427 5045 577 5092 tusa
618 5037 841 5094 deitatis
894 5049 1110 5107 natura,
1163 5045 1253 5099 cui
1296 5054 1557 5119 tanquam
1612 5053 1894 5123 proprium
1948 5061 2004 5109 et

424 5129 893 5198 perfectissimum
927 5132 1133 5190 bonum
1164 5136 1489 5211 simplicitas
1523 5143 1690 5199 inest.
1746 5143 1902 5212 Quod
1953 5148 2001 5202 si

426 5217 570 5277 Deus
598 5234 709 5276 non
739 5230 826 5278 est
852 5226 1156 5283 secundum
1186 5240 1438 5288 naturam
1492 5230 1687 5301 Filius,
1721 5242 2001 5308 quomodo

426 5321 687 5382 operatur
723 5318 779 5367 et
828 5324 1053 5382 praestat
1091 5333 1155 5374 ea
1194 5336 1318 5391 quae
1360 5323 1462 5377 soli
1497 5321 1608 5377 Deo
1638 5332 2001 5396 congruunt?

424 5398 508 5456 An
537 5401 688 5458 enim
719 5400 920 5461 dicturi
949 5418 1082 5463 sunt
1114 5412 1164 5463 ei
1206 5409 1458 5466 sumcere
1488 5411 1555 5465 ad
1600 5414 1855 5472 virtutem
1892 5417 1999 5475 Deo

425 5493 835 5551 convenientem
866 5498 1013 5568 quod
1045 5500 1425 5555 tantummodo
1465 5500 1637 5559 Deum
1674 5518 1995 5576 operantem

424 5582 673 5652 aspiciat,
701 5594 756 5642 et
782 5588 901 5643 solo
923 5603 1147 5660 aspectu
1174 5591 1227 5645 id
1254 5591 1477 5661 habere,
1501 5605 1557 5650 ut
1590 5597 1662 5651 sit
1691 5602 1992 5657 secundum

2110 4593 2329 4662 σοφοῦν,
2356 4594 2416 4647 οὐ
2441 4593 2502 4647 τὸ
2532 4593 2828 4663 σοφοῦσθαι
2854 4594 3117 4663 πεφυκὸς,
3158 4595 3346 4668 ὥσπερ
3382 4593 3475 4651 οὖν
3503 4597 3699 4669 ἀμέλει

2106 4685 2203 4739 καλ⁵
2246 4684 2364 4753 φῶς
2410 4683 2473 4736 τὸ
2517 4682 2786 4752 φωτίζον,
2833 4685 2894 4738 οὐ
2944 4685 3006 4738 τὸ
3053 4685 3383 4756 φωτίζεσθαι
3429 4689 3694 4756 πεφυκός.

2105 4773 2313 4827 Οὐκοῦν
2343 4774 2529 4842 ἕτερόν
2557 4791 2608 4827 τι
2647 4774 2811 4829 πάλιν
2846 4776 3007 4841 αὐτὸς
3035 4779 3187 4850 παρὰ
3216 4778 3313 4849 τὴν
3336 4781 3395 4832 ἐν
3421 4779 3571 4850 αὐτῷ
3604 4796 3697 4833 σο-

2107 4866 2257 4937 φίαν,
2290 4866 2384 4920 καὶ
2422 4865 2638 4940 πρῶτον
2684 4868 2782 4939 μὲν
2813 4869 2910 4941 οὐχ
2944 4871 3169 4936 ἁπλοῦς,
3212 4871 3325 4925 ἀλλ’
3353 4872 3418 4925 ἐκ
3452 4871 3546 4924 δύο
3582 4873 3693 4926 λοι-

2107 4957 2207 5010 πὸν
2242 4957 2593 5027 συγκείμενος
2619 4974 2631 4989 ⁸
2667 4955 2785 5013 εἶτα
2811 4961 2947 5032 πρὸς
2973 4961 3152 5026 τοῦτο,
3184 4962 3278 5017 καὶ
3304 4962 3367 5016 τὸ
3396 4957 3535 5016 εἶναι
3560 4963 3695 5027 Θεὸς

2108 5047 2386 5115 ἀπολέσει,
2419 5048 2550 5103 Θεὸν
2579 5049 2636 5104 δέ
2671 5069 2814 5123 φημι
2864 5054 3007 5108 κατὰ
3044 5054 3205 5123 φύσιν
3251 5055 3345 5110 καὶ
3393 5055 3688 5120 ούσιωδῶς.

2108 5139 2414 5211 Μαθήσεως
2442 5140 2551 5213 γὰρ
2578 5143 2677 5213 τῆς
2706 5144 2813 5197 ἀπό
2835 5160 2980 5209 τινος
3012 5146 3170 5213 ὅλως,
3211 5149 3306 5201 καὶ
3337 5146 3561 5219 διπλόης
3590 5148 3693 5218 τῆς

2109 5232 2252 5286 κατὰ
2294 5231 2543 5287 σύνθεσιν
2570 5236 2604 5305 ἡ
2645 5233 2765 5291 θεία
2812 5235 2973 5308 φύσις
3018 5240 3119 5293 οὐκ
3161 5239 3431 5311 ἀνέχεται,
3481 5242 3579 5296 καὶ
3629 5243 3691 5297 τὸ

2108 5321 2311 5376 ἁπλοῦν
2337 5322 2413 5387 ὡς
2457 5322 2585 5378 ἴδιον
2614 5325 2837 5394 ἀγαθὸν,
2888 5328 2983 5381 καὶ
3019 5325 3079 5382 τὸ
3121 5331 3435 5386 παντέλειαν
3470 5330 3687 5403 ἔχουσα.

2106 5412 2220 5465 Καὶ
2245 5412 2292 5465 εί
2319 5412 2393 5482 μὴ
2424 5411 2540 5464 ἔστι
2569 5411 2701 5477 Θεὸς
2725 5415 2868 5469 κατά
2891 5417 3052 5485 φύσιν
3071 5419 3099 5473 ὁ
3125 5418 3272 5487 Υίὸς,
3308 5420 3428 5484 πῶς
3450 5420 3518 5474 τὰ
3541 5417 3690 5492 μόνῳ

2107 5502 2387 5569 πρέποντα
2433 5499 2551 5570 Θεῷ
2597 5502 2692 5555 καὶ
2727 5504 2958 5574 ἐνεργεῖ,
3014 5508 3107 5561 καὶ
3151 5510 3482 5581 ἐργάζεται;
3537 5504 3690 5581 ’Δρα

2103 5593 2210 5663 γὰρ
2242 5590 2559 5662 ἐξαρκέσειν
2593 5593 2807 5664 ἐροῦσιν
2838 5595 3007 5668 αύτῷ,
3041 5600 3134 5654 καὶ
3166 5601 3300 5672 πρὸς
3333 5601 3563 5680 δύναμιν
3585 5601 3689 5676 τὴν

493 5731 540 5764 ³⁸
564 5734 795 5794 Malach.
838 5755 931 5809 ιιι,
970 5742 1024 5796 6.
1068 5743 1112 5775 ³⁵
1142 5743 1285 5800 Psal.
1323 5760 1397 5813 CI,
1436 5748 1518 5804 15.
1597 5751 1639 5785 ³⁷
1671 5752 1807 5808 Dan.
1849 5772 1972 5824 xm,
2013 5790 2018 5801 ι

2188 5763 2228 5793 ³³
2259 5761 2458 5818 Jcrcm.
2498 5780 2655 5834 ut",
2692 5765 2784 5836 25,
2818 5766 2907 5821 24.
