4052 6506
339 322 453 379 357
490 270 503 287 ὶ

1424 320 1491 378 ΙΝ
1528 314 1815 376 JOANNIS
1857 314 2329 378 EVANGELIUM.
2369 323 2497 380 LIB.
2522 323 2588 380 ll.

3544 321 3649 377 3.3"}

336 432 654 504 θεοπρεπῆ,
682 430 741 487 τὸ
766 430 928 505 μόνον
963 432 1090 489 ἰδεῖν
1112 433 1441 505 ἐνεργοῦντα
1464 433 1552 487 τὸν
1570 433 1812 506 Πατέρα,
1845 432 1921 485 κα

2045 439 2300 486 naturam
2334 431 2503 498 Deus,
2546 441 2601 491 et
2632 440 2742 488 tam
2772 435 2945 488 multa
2978 433 3195 491 eﬂicere
3220 435 3401 505 possit
3430 445 3639 505 quanta

328 524 427 579 διὰ
446 523 608 594 ψιλῆς
651 525 836 597 ὅψεως
871 524 1290 597 ἀποκερδαίνειν
1322 525 1383 578 τὸ
1418 520 1558 578 εἶναι
1602 523 1746 578 κατά
1775 522 1937 593 φύσιν

328 618 493 681 Θεὸς,
520 616 619 671 καὶ
641 615 881 670 τοσαῦτα
914 617 1177 671 δύνασθαι
1217 620 1412 684 ποιεῖν,
1447 617 1660 688 ὅσαπερ
1689 616 1755 671 ἀν
1788 615 1882 671 καὶ
1911 618 1939 670 ὁ

327 708 601 764 δεικνύων
633 708 816 781 αὐτῷ;
838 708 847 717 ’
866 712 1034 766 Οὐδὲν
1078 706 1172 765 οὖν
1196 711 1307 781 ἄρα
1338 710 1401 764 τὸ
1428 709 1638 764 κωλύον
1668 709 1809 774 ἐστὶ,
1844 710 1939 764 καὶ

329 801 572 865 πολλοὺς
617 803 752 873 ἡμῖν
802 802 1025 874 ἐτέρους
1085 800 1472 871 ἀναδειχθῆναι
1522 801 1699 865 θεοὺς,
1750 799 1939 871 ἐθελή-

326 908 532 956 σαντος
565 893 663 946 καὶ
690 893 859 948 αὐτοῦ
895 894 1161 959 ἐπιδεῖξαι
1190 893 1286 947 τοῦ
1324 894 1535 961 Πατρὸς
1563 894 1675 947 τῶν
1717 892 1936 947 οἰκείων

324 984 515 1054 ἔργων
541 984 642 1057 τὴν
666 985 804 1050 ὁδὸν,
834 986 928 1039 καὶ
951 986 1008 1037 ἐν
1035 983 1112 1054 τῷ
1138 984 1331 1055 μαθεῖν
1357 1002 1409 1036 τι
1438 982 1692 1055 περιττὸν
1716 982 1817 1052 τῆς
1838 981 1934 1035 τοῦ

323 1075 553 1147 Πατρὸς
583 1076 773 1139 οὐσίας
812 1075 1059 1129 κείσεται
1090 1074 1152 1127 τὸ
1183 1074 1463 1144 ἐξαίρετον
1488 1090 1502 1105 ·
1528 1076 1589 1128 οὐ
1619 1073 1729 1143 γὰρ
1754 1073 1935 1127 διδακ-

321 1169 463 1236 τῶς,
486 1168 564 1233 ὼς
594 1169 795 1222 ἐκεῖνοί
821 1184 1006 1237 φασιν,
1042 1170 1122 1231 εἰς
1152 1167 1371 1237 ἀξίωμα
1393 1167 1454 1220 τὸ
1483 1168 1579 1238 τῆς
1602 1166 1743 1221 κατὰ
1770 1166 1933 1237 φύσιν

320 1267 588 1338 θεότητος
621 1262 953 1335 ἀναδραμὼν
990 1263 1307 1335 εὑρίσκεται
1350 1262 1526 1331 λέγων
1549 1277 1562 1291 ·
1610 1282 1628 1314 ι
1668 1261 1809 1330 Ἐγὼ
1839 1262 1933 1315 καὶ

317 1361 351 1413 ὁ
397 1359 600 1429 Πατὴρ
647 1357 707 1409 ἓν
754 1359 975 1426 ἐσμεν..
1006 1355 1067 1408 '0
1113 1355 1375 1425 ἑωρακὼς
1418 1354 1540 1424 ἐμὲ,
1580 1352 1793 1424 ἑώρακε
1839 1354 1931 1407 τὸν

318 1453 577 1522 Πατέρα.
599 1470 617 1503 ι
668 1449 1183 1521 ’Λναμετρείτωσαν
1216 1448 1397 1501 τοίνυν
1426 1448 1550 1511 ὅσος
1588 1448 1774 1512 αὐτοῖς
1802 1447 1931 1501 δυσ-

317 1536 546 1613 φημίας
596 1540 755 1612 ὄχλος
814 1543 879 1594 ἐκ
920 1539 1016 1593 τοῦ
1064 1538 1289 1593 τοιῶσδε
1343 1542 1485 1594 νοεῖν
1543 1539 1751 1594 ἐθέλειν
1808 1541 1929 1593 ἐπι-

318 1635 657 1707 σωρεύεται,
701 1635 795 1688 καὶ
844 1634 1212 1705 φρονείτωσαν
1256 1632 1432 1704 ἀληθῆ
1486 1633 1614 1704 περὶ
1650 1632 1745 1688 τοῦ
1794 1634 1927 1689 Υἱοῦ

317 1728 469 1783 καθὰ
503 1727 844 1797 γέγραπται.
900 1725 1039 1778 Οὔτε
1072 1725 1184 1797 γὰρ
1215 1726 1280 1778 ἐκ
1321 1724 1556 1795 θεωρίας
1586 1723 1688 1797 τῆς
1724 1726 1782 1781 ἐν
1813 1728 1926 1791 τοῖς

315 1819 736 1890 ἀποτελέσμασι
771 1818 868 1873 τοῦ
904 1818 1157 1893 Πατρὺς,
1223 1816 1348 1873 οὔτε
1401 1817 1509 1889 μὴν
1552 1817 1629 1881 ὡς
1677 1836 1916 1891 προκατ-
1957 1803 2001 1859 Β

314 1916 603 1989 αρκτικῶς
638 1918 697 1969 ἐν
723 1918 840 1976 τοῖς
895 1912 1077 1988 ἔργοις
1106 1912 1244 1983 έχων
1277 1911 1461 1979 αὐτὸν,
1489 1913 1723 1985 ποιητής
1751 1915 1922 1977 ἐστιν,

320 2012 360 2080 ἢ
392 2006 839 2081 θαυματουργὸς,
879 2008 974 2061 καὶ
1014 2005 1105 2059 διὰ
1134 2005 1291 2059 τοῦτό
1332 2006 1480 2060 ἐστιν
1507 2005 1655 2072 Υἱὸς,
1693 2006 1809 2060 ἀλλ’
1842 2007 1926 2060 ὅτι

326 2102 549 2172 φυσικὸς
583 2102 779 2175 ὥσπερ
798 2118 882 2166 τις
912 2099 1077 2155 αὐτὸν
1108 2099 1376 2169 ἀποφέρει
1399 2098 1563 2169 νόμος
1593 2097 1688 2152 ἐπὶ
1708 2099 1806 2170 τὴν
1829 2098 1925 2153 τοῦ

318 2197 687 2266 γεννήσαντος
722 2194 1148 2267 ἀπαράλλακτον
1175 2192 1493 2264 ὁμοιότητα,
1525 2194 1574 2245 εί
1603 2190 1713 2265 [ῖσ.
1736 2192 1796 2265 ἢ]
1828 2193 1923 2248 καὶ

310 2286 404 2340 διὰ
430 2287 534 2357 τῆς
559 2286 668 2340 τῶν
696 2285 877 2356 ἔργων
903 2282 1229 2347 ἀπδελλιποῦς
1260 2284 1562 2355 ἐμφερείας
1583 2284 1918 2355 ἀναλάμπει,

311 2381 413 2434 καὶ
455 2380 737 2450 φαίνεται.
791 2377 1143 2449 Παραθέντες
1168 2377 1225 2431 δὲ
1253 2379 1349 2432 καὶ
1374 2377 1638 2443 εἰσαῦθις,
1672 2380 1721 2432 εί
1750 2380 1919 2447 δοκεῖ,

2040 523 2091 580 is
2130 524 2301 580 etiam
2342 524 2435 596 qui
2470 526 2523 581 ei
2558 525 2837 583 ostendit?
2872 525 3023 582 Nihil
3056 542 3190 597 ergo
3218 527 3476 599 prohibet
3499 544 3639 598 quo-

2041 618 2227 675 minus
2252 620 2414 675 multi
2448 620 2540 674 alii
2570 635 2793 692 quoque
2822 620 2899 675 dii
2924 620 3185 688 evadant,
3205 622 3251 677 si
3279 621 3446 678 Pater
3468 625 3636 678 etiam

2039 710 2160 780 ipse
2188 711 2427 767 voluerit
2478 726 2708 768 suorum
2741 728 2971 783 operum
3007 715 3150 768 viam
3188 715 3461 783 indicare,
3495 724 3551 772 et
3581 715 3639 771 in

2037 816 2451 871 supervacanea
2476 820 2536 860 re
2558 805 2827 861 discenda
2859 814 3106 877 paternae
3138 809 3466 865 substantia:
3497 824 3640 879 prae-

2036 897 2243 952 stantia
2265 898 2656 953 collocabitur.
2688 897 2809 953 Non
2848 899 2997 953 enim
3031 899 3312 967 doctrina,
3342 908 3405 956 ut
3428 901 3510 956 illi
3547 901 3635 956 di-

2036 997 2190 1056 cunt,
2222 990 2292 1045 ad
2344 990 2675 1062 dignitatem
2718 992 2995 1048 naturalis
3046 993 3271 1050 deitatis
3312 995 3636 1051 ascendisse

2036 1083 2401 1152 compcritur,
2454 1098 2581 1138 cum
2617 1083 2734 1138 ait:
2790 1102 2810 1135 ι
2862 1082 2977 1155 Ego
3019 1091 3074 1139 et
3116 1084 3283 1138 Pater
3325 1101 3497 1140 unum
3539 1100 3635 1141 su-

2036 1188 2163 1229 mus
2193 1174 2262 1227 ³⁹.
2295 1174 2400 1241 Qui
2435 1175 2572 1230 vidit
2600 1191 2709 1243 me,
2737 1175 2873 1231 vidit
2910 1183 2967 1231 et.
2997 1174 3211 1232 Patrem
3247 1176 3317 1231 ‘°.
3354 1194 3374 1229 ι
3416 1176 3636 1246 Expen-

2033 1265 2169 1321 dant
2196 1267 2361 1338 igitur
2390 1276 2659 1338 quantam
2686 1269 2793 1324 vim
2825 1268 3303 1339 blasphemiarum
3332 1284 3399 1324 ex
3435 1270 3635 1339 hujus-

2033 1357 2183 1414 modi
2213 1360 2491 1416 sententia
2526 1361 2818 1431 colligant,
2847 1369 2904 1415 et
2934 1375 3064 1416 vera
3095 1360 3164 1416 de
3193 1359 3337 1416 Filio
3367 1363 3632 1425 sentiant,

2032 1460 2096 1508 ut
2141 1454 2411 1523 scriptum
2449 1460 2559 1509 est.
2603 1452 2798 1523 Neque
2845 1452 2997 1509 enim
3041 1469 3112 1510 ex
3163 1454 3637 1524 contemplatione

2032 1553 2396 1616 paternorum
2436 1560 2687 1617 operum,
2722 1560 2902 1610 neque
2935 1554 3088 1602 certe
3130 1553 3190 1600 ut
3225 1546 3320 1616 qui
3356 1546 3538 1616 ipsum
3579 1548 3633 1601 in

2031 1637 2294 1706 operibus
2322 1636 2518 1692 ducem
2554 1652 2621 1692 ac
2648 1637 2981 1708 magistrum
3024 1637 3248 1703 habeat,
3282 1636 3512 1693 eli‘ector
3548 1647 3635 1694 est

2032 1736 2130 1783 aut
2175 1737 2428 1799 patrator
2464 1730 2909 1796 miraculorum,
2950 1738 3117 1799 atque
3182 1730 3398 1786 idcirco
3453 1730 3633 1789 Filius

2028 1830 2135 1888 est,
2177 1823 2271 1880 sed
2305 1824 2568 1894 quoniam
2600 1824 2871 1880 naturalis
2897 1823 3068 1879 veluti
3098 1823 3352 1894 quaedam
3389 1823 3479 1878 lex
3501 1839 3630 1879 eum

2028 1917 2099 1972 ad
2142 1916 2397 1972 eamdem
2452 1931 2553 1987 per
2599 1916 2787 1971 omnia
2833 1931 2961 1970 cum
2996 1914 3160 1970 Patre
3204 1915 3628 1971 similitudinem

2027 2008 2221 2075 infert,
2242 2024 2366 2080 quae
2398 2009 2563 2065 etiam
2598 2023 2697 2079 per
2728 2023 2959 2079 operum
2987 2008 3299 2064 absolutam
3332 2007 3630 2077 imaginem

2028 2104 2209 2159 elucet
2235 2113 2287 2159 et
2318 2112 2563 2173 apparet.
2599 2100 2707 2156 Sed
2736 2100 3027 2172 proposito
3064 2115 3267 2156 rursus
3310 2098 3488 2165 textu,
3531 2113 3629 2155 eo-

2028 2212 2137 2267 que
2187 2194 2408 2251 acutius
2431 2191 2827 2264 pervestigato,
2873 2191 3172 2261 diligenter
3206 2190 3629 2247 consideremus

2029 2302 2284 2361 quaenam
2326 2287 2400 2343 sit
2431 2286 2712 2351 dictorum
2743 2286 3042 2349 sententia,
3068 2290 3124 2340 et
3153 2297 3262 2355 qua
3297 2283 3505 2354 pietate
3540 2283 3628 2337 in-

2029 2380 2276 2451 telligere
2306 2376 2465 2433 decet
2494 2376 2927 2448 perspiciamus.

308 2472 376 2525 τὸ
432 2471 533 2524 τοῦ
573 2471 740 2539 λόγου
789 2469 1109 2538 κεφάλαιον,
1158 2470 1253 2522 καὶ
1297 2468 1657 2542 δριμυτέραις
1703 2471 1954 2544 ἐρεύναις
2008 2475 2141 2532 αὐτὸ
2189 2470 2593 2545 βασανίζοντες,
2640 2469 2940 2541 θεωρῶμέν
2967 2466 3240 2543 ἀκριϐῶς,
3291 2469 3379 2535 τίς
3424 2469 3493 2525 ἂν
3539 2469 3627 2542 εῐη

309 2561 508 2615 λοιπὸν
547 2560 659 2613 τῶν
685 2557 999 2629 λεγομένων
1026 2559 1059 2630 ἡ
1089 2557 1339 2629 δύναμις,
1374 2559 1471 2612 καὶ
1509 2560 1659 2625 ὅπως
1695 2566 1965 2638 προσήκει
1996 2565 2253 2629 νοοῦντας
2284 2562 2555 2630 εὐσεϐεῖν,
2589 2562 2691 2633 ἤδη
2728 2560 3251 2634 περισκεπτώμεθα.

384 2650 625 2718 Οὐκοῦν,
673 2650 883 2721 Ἀμὴν,
930 2649 1095 2720 ἀμὴν
1133 2649 1289 2719 λέγω
1328 2651 1491 2720 ὑμῖν,
1533 2654 1606 2707 οὑ
1643 2652 1919 2724 δύναται,

308 2748 507 2819 φησὶν,
540 2743 571 2796 ὁ
606 2743 742 2811 rrec
772 2742 968 2797 ποιεῖν
1000 2743 1101 2812 ἀφ’
1133 2742 1354 2797 ἑαυτοῦ
1379 2742 1581 2810 οὐδὲν,
1624 2745 1738 2799 ἐὰν
1757 2747 1842 2818 μή
1865 2765 1922 2804 τι

301 2840 524 2908 ,βλέπῃ
553 2839 665 2893 τὸν
704 2835 940 2905 Πατέρα
983 2836 1278 2891 ποιοῦντα
1304 2853 1318 2869 ·
1365 2836 1407 2891 d
1436 2838 1546 2908 γὰρ
1585 2839 1663 2892 ἂν
1687 2839 1919 2909 ἐκεῖνος

307 2930 485 3002 ποιῇ,
522 2930 715 2985 ταῦτα
738 2928 838 2983 καὶ
862 2932 895 2983 ό
930 2927 1065 2995 Υἱὸς
1099 2927 1316 2996 ὁμοίως
1348 2928 1524 2982 ποιεῖ.
1571 2930 1735 3002 Ὁρᾷς
1768 2933 1918 2996 ὅπως

2103 2657 2279 2727 Igitur
2318 2669 2332 2705 :
2367 2654 2560 2719 Amen,
2608 2669 2760 2707 amen
2805 2654 2927 2707 dico
2969 2653 3135 2719 vobis,
3177 2670 3282 2709 non
3316 2662 3507 2722 potest,
3540 2653 3631 2710 in-

2030 2749 2173 2820 quit,
2204 2745 2252 2799 F
2255 2747 2381 2800 ilius
2424 2762 2458 2799 α
2494 2761 2550 2799 se
2580 2746 2756 2813 facere
2781 2746 3097 2816 quidquam,
3126 2745 3231 2800 nisi
3258 2745 3399 2816 quod
3439 2745 3628 2803 viderit

2029 2837 2252 2892 Patrem
2276 2837 2594 2907 facientem:
2633 2851 2960 2906 quwcunque
2988 2837 3130 2890 enim
3153 2836 3245 2890 ille
3271 2838 3477 2905 fecerit,
3516 2837 3631 2895 hec

2027 2940 2077 2985 et
2109 2928 2285 2983 Filius
2314 2929 2566 2981 similiter
2598 2926 2755 2996 facit.
2793 2925 2993 2981 Cernis
3026 2934 3088 2979 ut
3117 2926 3286 2981 etiam
3320 2942 3419 2996 per
3457 2927 3628 2982 abso-

306 3026 408 3081 καὶ
436 3024 532 3079 διὰ
556 3025 657 3094 τῆς
683 3026 741 3076 ἐν
760 3024 875 3085 τοῖς
903 3020 1087 3093 ἔργοις
1111 3019 1537 3090 ἀπαραλλάκτου
1567 3023 1917 3094 ταυτότητος,

2028 3022 2360 3077 lutissimam
2394 3034 2628 3090 operum
2682 3018 3034 3074 identitatem
3085 3018 3322 3073 similem
3366 3034 3426 3074 se
3477 3017 3627 3073 Patri

305 3118 503 3190 ὅμοιον
535 3114 729 3170 ἑαυτὸν
755 3114 897 3167 κατά
931 3113 1112 3167 πάντα
1142 3113 1378 3167 δεικνύει
1409 3112 1488 3185 τῷ
1516 3116 1712 3187 Πατρὶ,
1742 3115 1831 3171 ἵνα
1855 3116 1919 3188 δὴ

308 3212 580 3284 φαίνηται
610 3209 700 3264 διὰ
738 3209 931 3263 τούτου
971 3208 1067 3262 καὶ
1097 3207 1200 3279 τῆς
1241 3207 1433 3271 οὐσίας
1463 3208 1628 3262 αὐτοῦ
1662 3209 1920 3281 κληρονό-

310 3323 417 3380 μος
445 3322 460 3336 ’
494 3305 572 3369 ῶς
593 3304 704 3373 γὰρ
729 3299 1045 3370 ἀναγκαίως
1075 3317 1135 3354 τε
1161 3299 1257 3354 καὶ
1282 3302 1693 3372 άναντιρῤήτως
1718 3302 1916 3374 νοηθηο

306 3398 547 3473 σομένου
574 3394 711 3451 Θεοῦ
751 3394 896 3450 κατά
929 3394 1091 3464 φύσιν
1127 3393 1394 3464 ὑπάρχειν
1421 3392 1515 3448 τοῦ
1548 3394 1646 3465 τὴν
1677 3395 1800 3465 ῖσην
1832 3398 1919 3451 ἐν·

303 3491 540 3563 έργειαν
567 3488 783 3560 ἔχοντος
810 3485 890 3557 τῷ
916 3485 1037 3556 Θεῷ
1062 3484 1158 3540 καὶ
1184 3484 1381 3553 nam,
1408 3484 1478 3538 τὰ
1497 3485 1728 3539 τοιαῦτά
1749 3502 1918 3557 φησιν

302 3588 335 3640 ὁ
384 3583 607 3654 Σωτήρ.
658 3578 1104 3645 Σκανδαλιζέσθω
1143 3577 1202 3631 δὲ
1238 3576 1452 3648 μηδεὶς,
1496 3578 1626 3632 ὅταν
1654 3579 1916 3651 φαίνηται

304 3678 490 3749 λέγων
525 3672 919 3746 οἰκονομικῶς,
972 3672 1048 3743 μὴ
1091 3670 1352 3726 δύνασθαι
1386 3673 1563 3725 ποιεῖν
1593 3670 1686 3740 ἀφ’
1718 3671 1916 3727 ἑαυτοῦ

307 3770 507 3842 μηδὲν,
542 3767 638 3822 ἐὰν
685 3770 759 3838 μή
803 3783 857 3819 τι
888 3763 1061 3836 βλέπῃ
1093 3761 1186 3816 τὸν
1229 3762 1449 3835 Πατέρα
1487 3761 1749 3817 ποιοῦντα
1774 3778 1789 3794 ’
1839 3763 1916 3828 ὡς

302 3862 422 3933 γάρ
448 3860 552 3931 ἢδη
585 3856 685 3929 τὴν
716 3855 813 3911 τοῦ
841 3854 1029 3909 δούλου
1063 3852 1278 3925 μορφὴν
1319 3852 1706 3925 περικείμενος
1734 3853 1822 3908 διὰ
1854 3853 1916 3907 τὸ

305 3952 588 4023 ἐνωΘῆναι
644 3948 844 4021 σαρκὶ,
905 3947 1007 4000 οὐκ
1061 3944 1391 4016 ἐλευθέραν,
1446 3945 1569 3999 οὐδὲ
1621 3946 1914 4017 ἀνειμένην

306 4041 598 4105 παντελῶς
631 4043 711 4104 είς
736 4035 1019 4108 θεοπρεπῆ
1050 4035 1366 4106 παρρησίαν
1400 4035 1640 4089 ἐποιεῖτο
1665 4035 1766 4106 τὴν
1800 4034 1915 4089 διά-

304 4136 489 4204 λεξιν·
526 4134 728 4206 ἐχρῆτο
768 4131 827 4186 δὲ
864 4129 1064 4201 μᾶλλον
1092 4127 1321 4200 τοιαύτῃ
1346 4126 1414 4181 δι’
1444 4127 1757 4199 οἰκονομίαν
1799 4127 1913 4182 ἔσθ’

305 4233 421 4296 ὅτε,
472 4230 621 4302 ἥπερ
673 4226 739 4279 ἂν
772 4223 975 4296 πρέποι
1020 4219 1141 4291 θεῷ
1184 4236 1245 4273 τε
1292 4219 1428 4291 ὁμοῦ
1472 4220 1570 4274 καὶ
1615 4218 1910 4292 ἀνθρώπῳ.

308 4325 422 4379 Καὶ
466 4322 579 4393 γάρ
611 4314 682 4392 ἦν
706 4318 879 4380 ὅντως
914 4314 1058 4370 κατά
1091 4312 1291 4367 ταυτὸν
1321 4314 1610 4384 ἀμφότερα
1636 4329 1650 4344 ο
1700 4307 1780 4377 εἷς
1814 4312 1917 4383 μὲν

2028 3116 2085 3169 in
2116 3114 2380 3169 omnibus
2413 3110 2675 3174 ostendit,
2716 3118 2778 3165 ut
2817 3125 2916 3180 per
2971 3109 3080 3163 hoc
3116 3120 3267 3166 certe
3299 3111 3631 3165 substantiae

2027 3221 2251 3278 quoque
2275 3203 2461 3259 Patris
2496 3203 2674 3258 haeres
2714 3209 2999 3273 appareat.
3035 3198 3294 3255 Salvator
3332 3201 3479 3255 enim
3510 3201 3628 3258 haec

2026 3298 2123 3360 ait,
2176 3294 2338 3366 quasi
2367 3294 2691 3349 necessario
2713 3302 2769 3347 et
2806 3292 2950 3346 citra
2981 3293 3423 3347 controversiam
3462 3293 3625 3348 intel-

2026 3390 2281 3461 ligendus
2314 3387 2389 3444 sit
2418 3386 2563 3443 Deus
2591 3384 2899 3442 secundum
2934 3395 3189 3440 naturam
3213 3384 3507 3448 exsistere,
3535 3385 3626 3439 cui

2025 3483 2258 3555 aequalis
2285 3482 2360 3537 sit
2387 3497 2514 3537 cum
2548 3480 2664 3535 Deo
2684 3486 2740 3535 et
2766 3479 2933 3549 220
2953 3477 3119 3533 Patre
3148 3478 3424 3549 operatio.
3453 3476 3631 3534 Nemo

2025 3588 2207 3635 autem
2246 3576 2684 3641 scandalizetur,
2722 3590 2848 3630 cum
2897 3590 2995 3647 per
3021 3572 3499 3645 dispensationem
3542 3572 3626 3628 di-

2024 3688 2150 3728 cere
2177 3672 2398 3727 videtur
2420 3669 2598 3725 Filius
2628 3682 2739 3723 non
2763 3682 2931 3738 posse
2961 3682 2992 3720 a
3012 3681 3070 3721 se
3090 3664 3272 3721 facere
3297 3666 3624 3737 quidquam,

2022 3764 2133 3820 nisi
2181 3764 2333 3835 quod
2382 3761 2588 3818 viderit
2637 3759 2860 3815 Patrem
2914 3757 3252 3814 facientem:
3311 3773 3435 3812 nam
3492 3759 3629 3829 quia

2024 3859 2170 3915 servi
2205 3838 2439 3912 formam
2466 3853 2771 3923 assumpsit
2794 3852 2937 3915 “"',
2970 3859 3027 3905 et
3055 3850 3221 3905 hanno
3253 3849 3433 3905 iactus
3462 3858 3549 3905 est
3574 3850 3623 3882 ⁸³

2021 3959 2249 4021 propter
2285 3949 2475 4003 carnis
2507 3944 2987 4013 conjunctionem,
3017 3956 3127 3997 non
3158 3956 3378 4009 semper
3398 3954 3462 3995 ea
3497 3955 3625 4010 qme

2023 4042 2136 4098 Deo
2196 4039 2458 4095 convenit
2510 4038 2767 4092 libertate
2819 4043 2989 4105 atque
3038 4033 3373 4088 auctoritate
3426 4034 3480 4086 in
3541 4034 3629 4086 Io-

2021 4133 2243 4205 quendo
2282 4130 2566 4196 utebatur,
2611 4129 2745 4198 quin
2778 4128 2967 4198 potius
3007 4139 3105 4196 per
3141 4121 3621 4195 dispensationem

2019 4240 2144 4281 eam
2188 4222 2464 4279 interdum
2506 4219 2827 4285 adhibebat,
2871 4232 2995 4289 qua:
3046 4216 3159 4272 Deo
3189 4218 3401 4288 pariter
3429 4227 3485 4274 et
3515 4218 3625 4275 ho-

2021 4316 2161 4373 mini
2187 4314 2499 4371 conveniat.
2532 4311 2664 4367 Erat
2687 4311 2836 4367 enim
2870 4318 3173 4380 utrumque
3206 4310 3373 4367 simul
3400 4325 3617 4369 revera.

308 4417 376 4490 δὴ
405 4416 571 4484 λόγος
590 4405 750 4475 οὗτος
775 4408 1004 4480 ἀληθής·
1028 4401 1185 4478 οἶμαι
1213 4405 1272 4459 δὲ
1296 4405 1408 4459 δεῖν
1428 4405 1524 4459 καὶ
1552 4404 1725 4476 ἑτέρῳ
1748 4404 1913 4459 πάλιν

2028 4408 2149 4466 Haec
2188 4408 2410 4480 quidem
2451 4406 2709 4462 doctrina
2754 4419 2885 4460 vera
2927 4410 3046 4470 est;
3099 4403 3197 4459 sed
3240 4402 3351 4457 alio
3397 4419 3624 4475 quoque

308 4504 703 4577 ἐπεξηγεῖσθαι
755 4500 945 4573 τρόπῳ
974 4497 1039 4551 τὸ
1085 4496 1472 4569 προκείμενον,
1519 4497 1613 4549 καὶ
1656 4495 1913 4567 ὀξύτερόν

307 4618 430 4665 πως
463 4601 533 4671 τῇ
561 4596 659 4651 τοῦ
687 4593 1044 4665 θεωρήματος
1076 4588 1334 4662 ἀκριϐείᾳ
1365 4587 1748 4660 προσϐάλλειν.
1791 4608 1809 4641 ι
1834 4589 1911 4642 Οὐ

307 4692 564 4753 δύναται,
585 4708 605 4741 ι
640 4685 829 4758 φησὶν,
854 4703 873 4736 ι
896 4681 1066 4745 ὁΥίὸς
1089 4683 1266 4735 ποιεῖν
1284 4678 1377 4750 ἀφ’
1406 4676 1601 4732 ἑαυτοῦ
1628 4677 1911 4742 οὐδὲν,ἐὰν

311 4786 389 4859 μή
403 4801 458 4838 τι
482 4781 662 4853 βλέπῃ
677 4779 767 4833 τὸν
783 4776 1006 4847 Πατέρα
1021 4773 1301 4828 ποιοῦντα.
1329 4790 1347 4823 ι
1370 4771 1464 4836 Τὸ,
1489 4789 1508 4821 ι
1529 4772 1591 4825 οὐ
1617 4770 1862 4836 δύναται,
1886 4789 1905 4822 ι

307 4881 431 4950 ἦτοι
459 4874 523 4929 τδ
551 4872 815 4928 ἀδύνατον
835 4870 1225 4941 κατηγορεῖται
1244 4864 1429 4929 τινῶν,
1462 4864 1581 4934 ἦτοι
1609 4861 1720 4917 τῶν
1742 4862 1912 4917 ὄντων

306 4970 452 5022 τισὶν
486 4965 828 5036 ἐπιφέρεται.
868 4961 1041 5015 Τοῦτο
1087 4959 1196 5029 γὰρ
1237 4957 1323 5028 δὴ,
1354 4956 1417 5009 τὸ
1460 4954 1909 5027 κατηγορεῖσθαι,

308 5059 516 5131 φαμὲν,
552 5057 675 5127 οὐχὶ
708 5055 929 5117 πάντως
961 5052 1243 5122 ἀνάγκης,
1298 5048 1422 5102 οὐδέ
1467 5046 1752 5110 ἀσθενείας
1794 5047 1914 5100 ἐστὶ

310 5148 675 5223 σημαντικόν
702 5146 946 5201 διδάσκει
965 5144 1023 5198 δὲ
1050 5141 1310 5205 πολλάκις
1335 5140 1432 5195 καὶ
1459 5139 1676 5209 φύσεων
1699 5139 1909 5211 ἑδραιό-

307 5260 472 5315 τητα,
520 5241 619 5296 καλ⁸
664 5237 865 5294 οὐσιῶν
897 5237 1195 5307 ἀκλόνητον
1241 5233 1454 5298 στάσιν,
1489 5231 1591 5304 τὴν
1633 5232 1720 5301 ἐφ’
1764 5226 1909 5303 οἷςῆ

310 5337 480 5402 ἔστιν,
507 5334 542 5407 ἢ
565 5334 791 5405 γέγονεν
816 5332 1020 5402 ἑκάστη
1041 5328 1151 5384 τῶν
1179 5326 1619 5399 σημαινομένων,
1644 5324 1741 5380 καὶ
1766 5323 1912 5395 ἅπερ

308 5427 417 5485 οἶδε
453 5428 700 5502 φυσικῶς
748 5443 808 5479 τε
854 5425 951 5478 καὶ
986 5422 1345 5495 ἀμεταθέτως
1387 5422 1652 5493 ἐνεργεῖν.
1697 5417 1911 5473 Ἡκέτω

306 5524 386 5593 δὲ,
415 5527 467 5579 εί
492 5523 664 5586 δοκεῖ,
705 5520 801 5575 καὶ
832 5518 921 5573 διὰ
961 5516 1422 5589 παραδειγμάτων
1455 5516 1483 5569 ὁ
1518 5513 1698 5583 λόγος.
1735 5512 1910 5566 Ὅταν

372 5778 424 5812 ⁸⁹
450 5788 614 5845 Joan.
648 5804 678 5841 κ
707 5829 721 5853 ,
753 5785 843 5841 50.
924 5786 971 5834 ‘9
1002 5778 1162 5840 Joan.
1197 5801 1310 5851 xiv,
1342 5784 1395 5839 ε).
1471 5784 1590 5817 “M
1623 5783 1820 5854 Philip.
1866 5798 1901 5837 ιι
1928 5824 1941 5848 ,

2020 4502 2189 4557 modo
2236 4516 2350 4555 rem
2388 4499 2732 4570 propositam
2785 4497 3016 4567 insuper
3061 4494 3448 4566 explicandam
3491 4511 3624 4553 esse

2019 4609 2167 4660 reor,
2208 4599 2265 4650 et
2295 4592 2516 4647 acutius
2547 4589 2697 4646 illius
2742 4587 3109 4644 theorematis
3150 4589 3423 4644 rationem
3464 4590 3617 4645 iutu-

2019 4686 2241 4742 endam.
2275 4703 2295 4737 ι
2322 4682 2439 4740 Non
2472 4691 2679 4754 potest,
2730 4701 2749 4735 ι
2779 4681 2986 4752 inquit,
3015 4699 3032 4730 ι
3070 4678 3244 4735 Filius
3268 4694 3297 4733 a
3338 4696 3398 4736 se
3434 4679 3623 4738 facere

2021 4777 2347 4851 quidquam,
2378 4776 2483 4831 nisi
2520 4775 2668 4847 quod
2715 4772 2919 4829 viderit
2958 4770 3177 4825 Patrem
3233 4769 3548 4825 facientem.
3589 4789 3615 4823 ι

2020 4869 2160 4925 Illud
2196 4890 2215 4922 ι
2254 4867 2377 4925 Non
2409 4873 2614 4939 potest,
2664 4884 2683 4918 ι
2721 4865 2838 4920 sive
2875 4861 3204 4933 impossibiie
3248 4872 3349 4928 est,
3380 4862 3448 4917 de
3487 4863 3612 4933 qui-

2021 4960 2255 5017 busdam
2280 4958 2637 5030 praedicatur,
2661 4957 2781 5012 sive
2811 4954 3099 5011 nonnullis
3123 4955 3293 5011 rebus
3327 4954 3614 5012 tribuitur.

2018 5051 2157 5109 Illud
2182 5055 2352 5116 enim,
2388 5050 2703 5123 praedicari,
2733 5065 2843 5106 non
2874 5049 3067 5122 utique
3094 5050 3485 5107 necessitatem
3519 5059 3617 5107 aut

2018 5143 2455 5199 imbecillitatem
2499 5140 2821 5212 signiﬁcare
2852 5143 3113 5210 dicimus,
3152 5141 3249 5199 sed
3291 5143 3618 5214 plerumque

2016 5235 2242 5291 denotat
2280 5243 2612 5289 naturarum
2643 5235 3030 5303 stabilitatem,
3079 5243 3135 5292 et
3174 5236 3614 5293 substantiarum

2014 5335 2220 5383 statum
2252 5328 2654 5385 inconcussum
2687 5328 2873 5399 quoad
2904 5329 3239 5397 essentiam,
3279 5336 3334 5385 et
3385 5336 3615 5383 natura-

2018 5420 2125 5475 lem
2178 5428 2348 5491 atque
2387 5419 2791 5479 immutabilem
2841 5423 3218 5494 operationem
3254 5417 3614 5488 uniuscujus~

2016 5528 2143 5583 que.
2164 5511 2293 5578 Sed,
2324 5513 2371 5569 si
2395 5512 2574 5585 juvat,
2607 5514 2776 5571 etiam
2802 5512 3074 5584 exemplis
3102 5526 3217 5567 rem
3250 5508 3610 5581 explicemus.

1978 5783 2030 5836 7.
2112 5784 2156 5814 ⁸³
2181 5782 2339 5839 Joan.
2376 5799 2416 5851 ι,
2454 5785 2538 5838 14.
