4052 6506
457 320 559 378 553

1479 316 1532 371 S.
1574 313 1852 372 CYRILLI
1892 311 2361 372 ALEXANDRINI
2401 312 2718 372 ARCIIIEP.

3602 319 3702 376 360

458 434 513 489 Si
541 434 686 504 quis,
733 431 965 516 exempli
999 428 1198 500 gratia,
1248 430 1398 482 dicat
1427 445 1484 484 se
1521 449 1626 484 non
1671 447 1832 500 posse
1860 447 2026 503 grave

2139 434 2409 503 ἄνθρωπος
2440 433 2569 504 εἴπῃ
2593 434 2772 502 τυχὸν,
2820 433 3001 502 ἆπηχύ
3031 449 3090 484 τε
3126 426 3237 500 [ἴσ.
3266 431 3499 505 ἀπηχὲς]
3539 433 3701 499 εἰκὸς,

458 539 620 596 atque
671 533 887 593 portatu
933 522 1151 576 dillicile
1202 521 1409 590 lignum
1458 531 1695 592 gestare,
1724 538 1878 579 suam
1923 523 2030 576 im-

461 617 813 671 becillitatem
860 613 1064 682 prodit.
1119 611 1216 665 Sin
1253 621 1434 667 autem
1464 613 1606 668 alius
1637 615 1824 668 dicat:
1859 613 2032 668 Homo

460 705 688 758 rationis
733 716 956 771 compos
989 716 1114 755 cum
1145 702 1275 765 sim,
1319 712 1371 755 et
1421 702 1679 756 rationali
1729 711 2032 772 prognatus

457 806 629 866 patre,
666 810 773 848 non
801 809 1024 863 possum
1059 792 1241 848 facere
1270 795 1552 863 proprium
1579 795 1747 849 veluti
1769 794 2032 864 quiddam

454 896 508 941 et
549 902 578 940 a
614 887 844 956 meipso,
876 885 1024 955 quod
1072 900 1182 939 non
1217 886 1431 940 videam
1478 887 1657 941 inesse
1685 894 1898 941 natura:
1938 885 2035 939 Pa-

455 980 597 1043 tris;
635 986 766 1032 tunc
808 977 944 1031 illud
980 995 1000 1027 ι
1038 975 1155 1031 Non
1195 993 1419 1046 possum
1475 996 1493 1028 ι
1531 978 1896 1033 substantiam
1938 976 2032 1030 fir-

456 1085 599 1130 mam
623 1085 768 1132 esse,
793 1077 848 1123 et
876 1069 1077 1122 mutari
1108 1084 1219 1124 non
1251 1085 1412 1140 posse
1437 1071 1491 1123 in
1521 1071 1667 1123 aliud
1693 1071 1761 1124 ab
1789 1085 1856 1124 eo
1884 1071 2032 1139 quod

450 1166 562 1219 est,
590 1159 886 1228 significat.
923 1156 1042 1211 Non
1077 1172 1300 1226 possum
1321 1157 1489 1221 enim,
1523 1158 1722 1228 inquit,
1758 1174 1789 1212 a
1822 1159 2032 1230 meipso

455 1267 567 1305 non
614 1265 738 1306 esse
783 1249 987 1303 animal
1035 1249 1270 1304 rationis
1317 1264 1564 1320 compos,
1609 1249 1916 1321 proﬂigatis
1963 1252 2031 1306 iis

456 1358 580 1414 quae
629 1350 838 1396 naturze
875 1341 1064 1394 insunt
1107 1340 1504 1409 praerogativis.
1544 1341 1664 1396 Non
1699 1343 1846 1396 enim
1874 1342 2031 1397 video

454 1445 622 1500 posse
647 1430 750 1482 hoc
770 1428 881 1498 pati
909 1429 964 1481 in
995 1430 1169 1497 patris
1193 1436 1411 1482 natura.
1438 1428 1642 1485 Eodem
1665 1432 1848 1501 itaque
1869 1431 2032 1487 modo

455 1521 738 1575 Christum
785 1518 1055 1574 dicentem
1087 1519 1398 1590 intelliges:
1433 1538 1451 1571 ι
1486 1520 1605 1576 Non
1650 1530 1831 1592 potest
1859 1522 2031 1579 Filius

455 1625 488 1662 a
533 1624 592 1663 se
643 1609 821 1663 facere
867 1609 1194 1678 quidquam,
1233 1610 1341 1666 nisi
1375 1611 1522 1682 quod
1565 1613 1762 1669 viderit
1809 1613 2030 1670 Patrem

458 1701 775 1755 facientem.
831 1719 850 1751 ›
903 1698 1081 1754 Nolite
1117 1700 1264 1754 enim
1293 1743 1308 1765 ,
1357 1703 1576 1771 inquit,
1623 1703 2032 1774 reprehendere

2135 525 2228 576 καὶ
2255 524 2392 592 βαρὺ
2430 523 2504 594 μὴ
2525 522 2780 575 δύνασθαι
2802 521 3136 590 διακομίζειν
3161 520 3335 587 ξύλον,
3365 522 3464 592 τῆς
3486 521 3703 592 ἐνούσης

2134 614 2312 666 αὑτῶν
2343 614 2450 686 [Ion
2475 612 2645 684 αὑτῷ]
2686 612 2971 676 ἀσθενείας
3003 614 3338 684 κατηγορεῖ·
3383 614 3512 667 ὅταν
3544 613 3600 666 δέ
3628 630 3705 676 τις

2133 703 2317 774 ἔτερος
2345 705 2498 778 εἴπῃ,
2537 705 2858 774 Ἀνθρωπος
2879 703 2954 756 ὢν
2983 703 3198 771 λογικὸς
3232 703 3373 756 κατὰ
3408 703 3590 774 φύσιν,
3618 704 3704 756 καὶ

2134 798 2198 849 ἐκ
2239 796 2458 864 λογικοῦ
2511 795 2652 848 κατὰ
2697 795 2858 865 φύσιν
2907 796 3307 866 γεγεννημένος
3354 795 3596 864 πατρὸς,
3649 795 3705 846 of.

2133 887 2368 958 δύναμαι
2399 889 2573 940 ποιεῖν
2602 886 2789 956 ὥσπερ
2819 885 2948 938 ῖδιόν
2973 903 3027 939 τι
3054 887 3146 940 καὶ
3171 888 3264 940 ἀπ’
3297 886 3558 956 ἐμαυτοῦ,
3583 885 3611 937 6
3636 885 3705 955 μὴ

2136 975 2346 1044 βλέπων
2370 975 2753 1045 προσπεφυκός
2776 977 2840 1046 τῇ
2873 973 2967 1028 τοῦ
2993 976 3358 1044 γεννήσαντος
3387 974 3566 1042 φύσει,
3590 976 3707 1026 τότε

2132 1067 2192 1119 τὸ
2219 1084 2236 1116 ι
2261 1066 2336 1118 Οὑ
2368 1064 2602 1134 δύναμαι
2625 1084 2642 1115 ι
2675 1065 2774 1135 τὴν
2799 1063 2899 1134 τῆς
2925 1063 3110 1127 οὐσίας
3145 1064 3488 1135 ἑδραιότητα,
3520 1063 3614 1118 καὶ
3647 1063 3707 1116 τδ

2133 1159 2525 1229 ἀμετάπτωτον
2553 1159 2632 1222 εἰς
2656 1157 2844 1226 ἕτερόν
2868 1173 2921 1208 τι
2953 1155 3083 1226 παρ’
3112 1156 3252 1226 ὅπερ
3283 1155 3515 1225 ὑπάρχει
3541 1154 3702 1225 δηλοῖ.

2134 1251 2209 1303 Οὑ
2235 1249 2466 1318 δύναμαι
2509 1246 2641 1316 γὰρ,
2671 1247 2855 1314 φησὶν,
2889 1245 2986 1299 ἀπ’
3018 1243 3258 1314 ἐμαυτοῦ
3293 1244 3366 1314 μὴ
3395 1241 3534 1296 εἶναι
3574 1242 3704 1306 ζῶον

2133 1340 2368 1408 λογικὸν,
2413 1339 2522 1392 τῶν
2552 1341 2618 1408 τῇ
2667 1337 2826 1404 φύσει
2875 1335 3186 1407 προσόντων
3231 1334 3705 1405 κατευμεγεθήσας

2134 1428 2640 1500 πλεονεκτημάτων.
2667 1428 2740 1480 Οὑ
2767 1427 2875 1498 γάρ
2899 1425 3011 1497 ὁρῶ
3037 1427 3099 1479 τὸ
3131 1425 3388 1480 δύνασθαι
3418 1426 3576 1479 τοῦτο
3607 1443 3704 1478 πα-

2133 1521 2246 1574 θεῖν
2271 1523 2328 1574 ἐν
2354 1523 2420 1591 τῇ
2450 1519 2544 1572 τοῦ
2571 1518 2818 1581 τεκόντος
2855 1517 3034 1586 φύσει.
3077 1519 3233 1571 Κατὰ
3265 1515 3452 1571 τοῦτον
3483 1512 3576 1571 οῦν
3604 1518 3698 1588 ἄρα

2131 1615 2223 1668 τὸν
2249 1614 2450 1685 τρόπον
2475 1611 2682 1682 ἀκούσῃ
2709 1611 2959 1679 λέγοντος
2985 1610 3080 1662 τοῦ
3109 1608 3344 1680 Χριστοῦ
3362 1625 3376 1638 ο
3418 1627 3438 1660 ι
3457 1608 3532 1661 Οὑ
3552 1608 3703 1661 δύνα-

2133 1725 2222 1759 ται
2245 1708 2273 1760 6
2304 1706 2432 1768 Υἱὸς
2465 1707 2639 1757 ποιεῖν
2669 1703 2762 1772 ἀφ’
2788 1702 2982 1756 ἐαυτοῦ
3019 1701 3191 1767 οὐδὲν,
3221 1701 3314 1754 ἐὰν
3348 1702 3420 1771 μή
3451 1717 3501 1752 τι
3537 1700 3704 1772 βλέπῃ

456 1808 621 1863 opera
664 1789 789 1845 Filii
823 1809 837 1846 :
871 1790 1147 1846 Genitoris
1195 1793 1398 1863 quippe
1433 1796 1517 1851 sui
1547 1797 1848 1851 essentiam
1885 1797 2031 1851 velut

2139 1796 2224 1849 τὸν
2253 1796 2474 1864 Πατέρα
2513 1794 2794 1848 ποιοῦντα.
2836 1813 2854 1845 ι
2908 1793 3000 1863 Μὴ
3045 1792 3335 1861 ἐπιτιμᾶτε
3382 1791 3509 1861 γὰρ.
3556 1791 3704 1860 φησὶ,

457 1885 513 1939 in
570 1884 690 1939 suis
741 1882 1175 1952 cogitationibus
1227 1886 1343 1940 sive
1390 1887 1742 1943 naturalibus
1789 1888 2032 1944 motibus

458 1975 860 2044 contemplans,
899 1990 1131 2044 quarum
1170 1993 1352 2032 rerum
1401 1980 1652 2048 opificem
1698 1979 2033 2036 convenien-

385 2071 387 2075 ‘
460 2073 543 2120 ter
592 2075 715 2122 esSe
769 2067 936 2133 videt,
980 2069 1079 2124 has
1141 2069 1329 2139 utique
1377 2070 1530 2138 facit,
1559 2088 1623 2128 ac
1677 2073 1815 2126 nihil
1859 2073 2032 2140 aliud,

459 2174 586 2212 cum
651 2175 756 2213 non
817 2161 990 2230 possit
1033 2163 1237 2231 aliquid
1288 2179 1479 2218 eorum
1529 2181 1653 2234 quae
1696 2172 1894 2236 praeter
1937 2181 2035 2220 na-

461 2257 643 2303 turam
699 2265 854 2304 suam
901 2259 1030 2305 sunt
1085 2254 1220 2321 pati,
1263 2263 1554 2325 prepterea
1604 2256 1749 2325 quod
1801 2271 1867 2310 ex
1914 2255 2035 2325 ipsa

461 2351 567 2397 est.
617 2341 860 2412 Exempli
892 2345 1105 2414 gratia:
1159 2353 1358 2398 natura
1408 2345 1589 2401 Patris
1650 2346 1813 2400 habet
1859 2356 1918 2400 ut
1963 2348 2036 2401 sit

463 2435 826 2502 misericors;
862 2437 964 2490 hoc
999 2445 1153 2491 certo
1189 2436 1362 2493 Filius
1402 2453 1527 2492 cum
1569 2438 1619 2493 ei
1671 2453 1893 2508 quoque
1946 2441 2035 2494 in-

463 2539 584 2579 esse
626 2526 828 2589 videat,
865 2535 924 2578 ut
975 2527 1067 2594 qui
1117 2527 1189 2581 sit
1241 2542 1309 2581 ex
1369 2527 1511 2596 ipso,
1568 2529 1898 2582 naturaliter
1931 2530 2037 2584 mi-

463 2619 702 2672 sericors
733 2626 838 2680 est,
874 2633 973 2672 nec
1002 2627 1184 2688 potest
1223 2619 1370 2672 aliud
1411 2635 1535 2674 esse
1559 2636 1725 2690 quam
1758 2623 1904 2691 quod
1943 2623 2037 2676 illa

464 2709 622 2778 221
657 2715 762 2762 est.
795 2707 967 2764 llahet
1011 2709 1156 2762 enim
1193 2723 1259 2762 ex
1292 2707 1472 2774 Patre,
1512 2718 1570 2764 ut
1620 2712 1934 2776 essentiam,
1962 2712 2038 2766 ita

465 2815 683 2869 quoque
739 2799 991 2854 essentia:
1031 2799 1171 2853 bona
1209 2817 1222 2851 :
1266 2799 1589 2868 simpliciter
1634 2801 1934 2867 nimirum,
1984 2811 2040 2856 et

463 2893 601 2946 citra
650 2891 1126 2959 compositionem,
1178 2901 1235 2945 ut
1270 2889 1714 2962 Deuszideoque
1763 2892 2040 2961 sapienter

465 2982 652 3038 statim
706 2983 928 3051 subjicit
963 2998 978 3034 :
1010 3000 1028 3031 ι
1063 2980 1415 3050 Quaecunque
1469 2983 1613 3035 enim
1675 2982 1766 3036 ille
1812 2980 2038 3042 fecerit.

464 3075 582 3128 haec
619 3081 673 3127 et
708 3072 881 3126 Filius
910 3072 1160 3127 similiter
1193 3073 1344 3136 facit,
1389 3091 1406 3123 ›
1442 3081 1630 3135 lotam,
1656 3082 1716 3126 ut
1738 3073 1793 3126 in
1825 3087 2038 3126 summa

463 3163 670 3229 dicam,
711 3162 1162 3231 significationem
1193 3163 1386 3215 horum
1415 3163 1729 3224 verborum,
1752 3176 1855 3217 non
1879 3177 2041 3230 posse

464 3267 498 3306 a
557 3255 850 3321 semetipso
904 3252 1083 3307 facere
1127 3253 1452 3321 quidquam,
1504 3253 1609 3306 nisi
1641 3253 1788 3322 quod
1840 3254 2041 3308 viderit

463 3343 684 3398 Patrem
720 3342 1030 3402 facientem,
1063 3341 1152 3395 hic
1197 3341 1486 3410 colligens.
1520 3340 1671 3406 Quod
1709 3343 1756 3396 si
1789 3357 2036 3406 causam,

465 3435 537 3488 ob
576 3448 739 3502 quam
765 3434 877 3486 haec
912 3433 1082 3488 Filius
1107 3432 1260 3497 dicit,
1306 3433 1572 3501 inquiras,
1615 3435 1927 3490 accuratius
1958 3437 2042 3489 di-

467 3525 575 3580 ctis
615 3525 855 3578 animum
899 3525 1168 3578 advertes.
1204 3524 1373 3595 Igitur
1401 3527 1661 3594 quoniam
1688 3526 1775 3581 die
1813 3527 2038 3581 Sabbati

470 3617 755 3687 paralytici
788 3617 1045 3671 misertus
1062 3626 1200 3677 erat,
1243 3615 1414 3671 ιιιᾶωὶ
1444 3618 1620 3686 ipsum
1642 3619 1901 3673 insectari
1929 3633 2042 3673 ece-

469 3714 709 3774 perunt:
745 3705 838 3760 sed
887 3705 1139 3761 Christus
1194 3720 1288 3761 eos
1326 3705 1680 3771 iconl‘undit,
1743 3706 2040 3761 ostendens

471 3797 638 3851 Deum
665 3812 728 3850 ac
755 3795 970 3852 Patrem
1018 3798 1264 3852 misereri
1297 3798 1557 3853 Sabbato.
1598 3796 1710 3852 Nec
1743 3799 1886 3852 enim
1916 3812 2041 3867 pro-

465 3888 702 3944 hibenda
737 3890 951 3943 censuit
975 3905 1096 3958 qua:
1118 3889 1183 3943 ad
1202 3890 1433 3944 salutem
1457 3896 1703 3946 nostram
1725 3887 2037 3943 conferunt.

469 3978 535 4032 Et
559 3988 705 4034 certe
734 3981 892 4035 initio
914 3981 1086 4033 dixit:
1113 3999 1130 4033 ι
1154 3979 1316 4034 Pater
1339 3995 1494 4034 meus
1526 3995 1702 4048 usque
1725 3981 1888 4034 modo
1906 3993 2038 4049 ope-

466 4082 641 4135 ratur,
693 4083 746 4128 et
811 4087 910 4141 ego
970 4087 1189 4141 operor.
1229 4091 1248 4122 ›
1281 4071 1391 4125 Sed
1422 4072 1679 4139 quoniam
1729 4086 1840 4140 pra;
1868 4073 2041 4125 multa

465 4163 712 4222 vecordia
747 4170 969 4232 gravate
1016 4163 1130 4216 haec
1169 4164 1313 4216 ferre
1340 4161 1684 4226 videbantur,
1705 4162 1890 4217 subdit
1915 4177 2040 4217 rur-

466 4270 586 4308 sum
616 4269 629 4305 :
669 4273 686 4304 ι
726 4253 842 4307 Non
872 4260 1054 4322 potest
1077 4251 1248 4305 Filius
1279 4267 1310 4304 a
1354 4254 1646 4322 semetipso
1677 4251 1860 4308 facere
1884 4253 2043 4322 quid-

466 4358 651 4411 quam,
696 4341 803 4396 nisi
847 4340 994 4408 quod
1047 4339 1245 4394 viderit
1285 4339 1498 4394 Patrem
1541 4340 1853 4396 facientem.
1880 4342 2042 4406 Quae-

2133 1888 2245 1949 τοῖς
2271 1884 2453 1956 ἔργοις
2480 1884 2572 1937 τοῦ
2601 1881 2731 1938 Υἱοῦ
2759 1900 2773 1914 ο
2818 1881 2917 1952 τὴν
2939 1882 3046 1952 γὰρ
3066 1880 3158 1934 τοῦ
3182 1880 3427 1943 τεκόντος
3448 1879 3609 1932 αὑτὸν
3635 1881 3708 1942 ὼς

2135 1980 2192 2033 ἐν
2216 1979 2373 2042 ἰδίαις
2391 1978 2638 2044 ἐννοίαις,
2664 1979 2777 2046 ἢτοι
2803 1977 3048 2046 φυσικοῖς
3071 1975 3364 2045 κινήμασιν
3387 1972 3709 2043 ἀναθεωρῶν

2135 2071 2343 2137 οὐσίαν,
2363 2063 2545 2140 ὧνπερ
2558 2070 2623 2123 ἂν
2640 2068 2738 2121 ἴδοι
2759 2067 3072 2138 πρεπόντως
3088 2065 3309 2136 ἐργάτιν
3339 2064 3528 2134 αὐτὴν,
3542 2063 3711 2117 ταῦτα

2135 2164 2201 2236 δὴ
2217 2163 2562 2236 πράττει,καὶ
2578 2163 2761 2233 ἕτερον
2775 2160 2946 2223 οὐδὲν,
2961 2158 3152 2213 παθεῖν
3165 2177 3219 2212 τι
3234 2158 3344 2212 τῶν
3365 2157 3515 2227 παρὰ
3530 2157 3709 2224 φύσιν,

2136 2255 2224 2308 διὰ
2246 2253 2308 2306 τὸ
2337 2252 2398 2316 ἐξ
2413 2252 2582 2321 αὐτῆς
2610 2251 2897 2320 ὑπάρχειν,
2917 2250 2978 2301 οὑ
3001 2247 3317 2319 δυνάμενος.
3337 2243 3482 2313 Οἷον,
3513 2247 3626 2316 ἔχει
3653 2245 3712 2298 τὸ

2139 2343 2314 2399 θέλειν
2337 2344 2558 2412 ἐλεεῖνή
2581 2341 2674 2394 τοῦ
2700 2341 2912 2411 Πατρὸς
2944 2340 3104 2409 φύσις
3126 2357 3139 2370 ο
3184 2341 3340 2392 τοῦτο
3373 2339 3436 2410 δὴ
3467 2339 3561 2392 καὶ
3591 2340 3712 2391 ἐνυο

2139 2435 2349 2507 πάρχον
2376 2435 2510 2504 αὑτῇ
2548 2432 2819 2504 θεωρῶνό
2859 2432 3002 2495 Υἱὸς,
3040 2433 3115 2494 ὡς
3148 2430 3208 2495 ἐξ
3244 2430 3430 2496 αὑτοῦ,
3470 2431 3714 2500 φυσικῶς

2139 2527 2384 2597 ἐλεήμων
2408 2526 2576 2587 ἐστὶν,
2594 2526 2655 2578 οὑ
2675 2524 2970 2594 δυνάμενος
2985 2524 3070 2576 ἐτε
3080 2523 3168 2593 ρόν
3183 2540 3236 2576 τι
3260 2525 3388 2593 παρ’
3409 2524 3546 2591 ὅπερ
3569 2521 3716 2574 ἐστὶν

2139 2617 2323 2687 ἐκείνη
2350 2615 2622 2685 γενέσθαι.
2661 2615 2813 2684 Ἔχει
2857 2615 2966 2686 γὰρ
3001 2617 3063 2668 ἐκ
3097 2615 3331 2686 Πατρδς,
3375 2614 3564 2684 ὥσπερ
3616 2614 3715 2685 τὴν

2139 2709 2346 2771 οὐσίαν,
2381 2706 2523 2761 οὕτω
2550 2708 2644 2761 καὶ
2695 2707 2762 2760 τὰ
2811 2707 2910 2778 τῆς
2956 2707 3143 2770 οὐσίας
3192 2706 3405 2774 ἀγαθά⁶
3449 2707 3634 2770 ἁπλῶς
3661 2706 3717 2760 δὲ

2139 2799 2298 2868 δῆλον
2330 2799 2411 2852 ὅτι
2444 2799 2537 2852 καὶ
2561 2797 2868 2859 άσυνθέτως
2898 2798 2973 2860 ὠς
3017 2797 3181 2860 Θεός’
3212 2797 3382 2850 διάτοι
3417 2794 3578 2848 τοῦτο
3605 2795 3719 2857 τοῖς

2140 2891 2378 2964 πρώτοις
2404 2891 2644 2958 ἐπιλέγει
2677 2890 2854 2959 σοφῶς
2875 2906 2890 2921 ·
2922 2908 2941 2941 ι
2977 2892 3044 2942 "A
3085 2889 3191 2959 γὰρ
3235 2889 3300 2942 ἂν
3333 2890 3538 2949 ἐκεῖνος
3565 2887 3718 2955 ποιῇ,

2140 2983 2312 3038 ταῦτα
2337 2984 2429 3037 καὶ
2449 2985 2478 3036 6
2504 2983 2633 3045 Υἱὸς
2661 2982 2860 3053 ὁμοίως
2883 2983 3075 3035 ποιεῖ’»
3100 2982 3249 3052 ὅλην,
3274 2980 3351 3038 ὡς
3377 2979 3717 3042 ἐποςεῖπεῖν,

2140 3076 2239 3146 τὴν
2274 3075 2550 3144 περίνοιαν
2589 3073 2683 3126 τοῦ
2740 3073 2814 3144 μὴ
2856 3073 3118 3126 δύνασθαι
3163 3077 3335 3126 ποιεῖν
3385 3073 3478 3141 ἀφ’
3521 3069 3720 3124 ἐαυτοῦ

2145 3166 2332 3236 μηδὲν,
2364 3165 2459 3218 ἐὰν
2496 3166 2569 3234 μή
2607 3181 2660 3217 τι
2697 3163 2868 3237 βλέπῃ
2901 3164 2991 3216 τὸν
3034 3164 3252 3234 Πατέρα
3288 3163 3563 3229 ποιοῦντα,
3596 3179 3722 3214 συν-

2141 3256 2288 3323 άγων
2319 3256 2375 3308 ἐν
2407 3254 2638 3316 τούτοις.
2684 3254 3160 3325 Ἀναλογιζόμενος
3185 3253 3363 3324 δὲτὴν
3391 3254 3595 3316 αἰτίαν,
3631 3253 3726 3320 ἐφ’

2141 3342 2175 3420 ᾖ
2207 3347 2277 3399 τά
2305 3345 2528 3400 τοιαῦτά
2568 3361 2732 3415 φησιν
2777 3347 2804 3398 6
2838 3347 2985 3412 Υἱὸς,
3021 3345 3409 3416 ἀκριϐέστερον
3441 3347 3555 3407 τοῖς
3587 3343 3725 3415 παρ’

2141 3435 2321 3490 αὑτῶν
2355 3435 2665 3506 εἰρημένοις
2717 3437 3033 3504 ἐπιστήσεις
3057 3436 3149 3488 τὸν
3174 3436 3317 3488 νοῦν.
3341 3435 3552 3489 Οὐκοῦν
3575 3438 3728 3486 ἐπει-

2140 3527 2315 3597 δήπερ
2372 3529 2429 3580 ἐν
2477 3526 2658 3597 ἡμέρᾳ.
2697 3527 2977 3580 Σαϐϐάτου
3031 3527 3121 3579 τὸν
3160 3526 3481 3595 παράλυπον
3546 3525 3722 3595 ὴλέει,

2139 3618 2355 3670 διώκειν
2401 3616 2564 3670 αὑτὸν
2619 3617 2938 3687 ἐπεχείρουν
2982 3617 3032 3670 οἱ
3074 3617 3348 3669 Ἰουδαῖοι·
3393 3616 3648 3667 δυσωπεῖρ
3668 3615 3728 3666 δὲ

2141 3711 2340 3772 αὐτοὺς
2387 3712 2414 3763 6
2463 3709 2717 3780 Χριστὸς,
2779 3709 3032 3761 ἐλεοῦντα
3081 3707 3293 3769 δεικνὺς
3333 3707 3424 3759 τὸν
3463 3705 3598 3757 Θεὸν
3631 3707 3731 3759 καὶ

2142 3803 2361 3873 Πατέρα
2394 3803 2534 3856 κατὰ
2581 3803 2641 3855 τὸ
2685 3801 2982 3854 Σάδδατον.
3016 3800 3091 3854 Οὐ
3129 3801 3237 3870 γὰρ
3279 3798 3429 3868 ᾠήθη
3457 3796 3565 3849 δεῖν
3597 3799 3737 3849 ἁπο-

2142 3895 2383 3948 κωλῦσαί
2416 3912 2546 3948 ποτε
2585 3894 2654 3946 τὰ
2699 3895 2798 3946 ὃσα
2845 3893 2948 3965 πέρ
2985 3893 3130 3945 ἐστιν
3172 3893 3252 3954 εἰς
3305 3889 3579 3960 σωτηρίαν
3624 3889 3730 3957 τὴν

2143 3986 2416 4058 ἡμετέραν
2457 3986 2828 4040 συντείνοντα.
2865 3985 2976 4037 Καὶ
3019 3984 3082 4054 δὴ
3117 3983 3212 4036 καὶ
3249 3982 3484 4051 ἔφασκεν
3521 3982 3580 4033 ἐν
3627 3982 3730 4047 ἀρ-

2143 4081 2293 4148 χαῖς·
2337 4098 2355 4129 ι
2405 4077 2462 4131 '0
2504 4078 2698 4148 Πατήρ
2749 4095 2849 4147 μου
2901 4077 3006 4138 ἕως
3044 4077 3169 4147 ἄρτι
3208 4075 3522 4145 ἐργάζεται,
3565 4071 3730 4140 κάγὼ

2142 4169 2467 4240 ἐργάζομαι.
2505 4185 2524 4218 ι
2555 4167 2773 4236 Ἐπειδὴ
2805 4167 2858 4219 δέ
2885 4168 2977 4219 καὶ
2999 4167 3355 4235 ἀσχάλλοντες
3376 4163 3513 4234 πρὸς
3547 4164 3730 4216 ταῦτα

2142 4261 2228 4314 διὰ
2247 4259 2446 4331 πολλὴν
2462 4260 2743 4327 ἐφαίνοντο
2764 4257 3099 4323 δυσϐουλίαν,
3132 4257 3374 4325 ἐπιλέγει
3401 4255 3583 4308 πάλιν⁸
3620 4255 3729 4308 ιΟὑ

2142 4351 2365 4405 δύναται
2415 4353 2445 4404 6
2470 4349 2599 4412 Υἱὸς
2634 4352 2808 4402 ποιεῖν
2861 4349 2954 4418 ἀφ’
2983 4350 3176 4402 ἐαυτοῦ
3226 4349 3400 4411 οὐδὲν,
3439 4348 3533 4400 ἐὰν
3566 4349 3643 4418 μή
3671 4365 3730 4400 τι

467 4444 684 4495 cunque
713 4429 857 4483 enim
889 4429 978 4481 ille
995 4427 1142 4492 facit,
1163 4429 1277 4484 haec
1302 4437 1355 4483 et
1382 4430 1550 4487 Filius
1577 4432 1831 4487 similiter
1855 4429 2034 4485 facit.»

2147 4443 2320 4515 βλέπῃ
2351 4443 2440 4496 τὸν
2469 4440 2689 4511 Πατέρα
2717 4439 2991 4493 ποιοῦντα.
3027 4440 3094 4491 Ἀ
3119 4439 3307 4510 γὰρᾶν
3333 4441 3538 4500 ἐκεῖνος
3569 4441 3730 4509 ποιῇ,

469 4521 736 4587 Quoniam
776 4519 922 4573 enim
961 4517 1120 4573 Pater
1156 4535 1264 4574 non
1311 4531 1546 4588 recusat,
1584 4524 1782 4592 inquit,
1814 4522 1868 4575 in
1908 4521 2043 4577 Sab-

467 4614 600 4667 bato
619 4611 889 4675 misereri,
909 4627 1034 4666 cum
1053 4627 1177 4666 eum
1210 4629 1602 4685 usquequaque
1629 4613 2039 4668 misericordem

469 4719 592 4759 esse
623 4705 856 4767 videam,
891 4704 1097 4758 idcirco
1127 4705 1288 4759 etiam
1322 4722 1422 4777 ego
1446 4720 1841 4776 usquequaque
1873 4706 2040 4762 mise-

470 4811 613 4856 reor,
644 4795 736 4864 qui
768 4794 948 4849 Patris
975 4797 1269 4850 essentiam
1297 4799 1353 4852 in
1379 4799 1590 4867 meipso
1610 4798 1902 4853 immutare
1928 4815 2040 4854 non

469 4903 718 4957 possum,
759 4887 834 4940 ita
870 4896 928 4940 ut
963 4903 1070 4941 non
1103 4887 1284 4942 videar
1307 4897 1360 4944 et
1398 4889 1500 4942 sim
1540 4889 1683 4952 talis,
1718 4890 1897 4959 qualis
1926 4891 2043 4961 ipse

469 4987 552 5032 est
587 4978 888 5033 secundum
913 4988 1183 5033 naturam.
1209 4979 1567 5047 Quaecunque
1582 4980 1727 5035 enim
1755 4981 1875 5051 ejus
1914 4991 2042 5036 sunt

469 5082 690 5136 operor,
724 5078 781 5120 ut
805 5069 1077 5124 exsistens
1111 5086 1178 5125 ex
1217 5071 1361 5138 ipso.
1393 5069 1582 5124 Dicere
1612 5079 1792 5126 autem
1819 5071 2041 5127 Patrem

467 5173 634 5227 opera
662 5159 811 5226 prius
870 5160 1150 5224 inchoare,
1208 5168 1450 5214 extrema
1483 5176 1589 5214 non
1624 5171 1775 5217 caret
1797 5163 2038 5220 inscitia.

470 5249 752 5314 Quomodo
780 5253 924 5304 enim
963 5253 1077 5320 ipse
1117 5252 1343 5306 seorsim
1380 5266 1443 5306 ac
1491 5254 1642 5308 solus
1676 5254 2038 5327 inchoaverit,

468 5355 591 5392 cum
620 5340 795 5394 virtus
819 5343 938 5410 ejus
967 5358 1072 5410 qua
1098 5343 1152 5394 in
1175 5341 1433 5396 omnibus
1466 5353 1723 5410 Operatur
1751 5344 1821 5398 sit
1844 5345 2040 5419 Filius,

468 5429 560 5498 qui
594 5429 662 5483 ab
716 5439 920 5487 aeterno
969 5431 1192 5500 quidem
1242 5430 1291 5484 ei
1335 5430 1496 5494 inest,
1527 5431 1861 5488 voluntatem
1914 5450 2043 5489 vero

469 5519 590 5587 ejus
627 5531 678 5574 et
709 5523 1000 5576 motionem
1025 5522 1079 5575 in
1115 5521 1328 5588 agendo
1349 5521 1766 5590 exprimitJam
1799 5525 1843 5578 si
1876 5526 2044 5579 stulte

471 5611 804 5665 contendunt
836 5614 1011 5681 ipsum
1056 5623 1374 5682 exspectare
1424 5613 1478 5666 in
1517 5628 1851 5684 unoquoque
1877 5631 2042 5685 opere

472 5698 802 5770 singularem
833 5704 1012 5758 Patris
1045 5706 1439 5776 operationem,
1486 5714 1544 5760 ut
1571 5706 1822 5764 similiter
1862 5709 2040 5763 imite—

2146 4533 2314 4585 ταῦτα
2343 4532 2478 4584 καὶὸ
2509 4530 2636 4591 Υἱὸς
2655 4528 2856 4599 ὁμοίως
2895 4530 3055 4580 ποιεῖ.
3091 4546 3109 4576 ι
3142 4528 3291 4579 Ἐπεὶ
3310 4527 3416 4595 γὰρ
3439 4527 3499 4578 οὑ
3526 4543 3734 4596 παραι-

2144 4624 2343 4686 τεῖται,
2380 4621 2564 4689 φησὶν,
2615 4621 2642 4671 6
2697 4617 2886 4688 Πατὴρ
2917 4618 3084 4669 ἐλεεῖν
3111 4617 3168 4669 ἐν
3191 4617 3473 4686 Σαϐϐάτῳ,
3510 4616 3739 4686 βλέπων

2144 4712 2274 4765 ὄντα
2326 4710 2415 4764 διὰ
2476 4708 2674 4770 παντὸς
2742 4707 3189 4777 φιλοικτίρμονα,
3249 4707 3507 4780 ταύτῃτοι
3569 4706 3738 4772 κάγὼ

2143 4802 2231 4855 διὰ
2261 4801 2461 4860 παντὸς
2495 4797 2650 4860 ἐλεῶ,
2679 4797 3071 4867 καινοτομῆσαί
3117 4815 3233 4860 πως
3260 4797 3354 4849 τοῦ
3385 4797 3597 4866 Πατρδς
3633 4799 3737 4866 τὴν

2143 4892 2330 4945 οὐσίαν
2359 4893 2415 4942 ἐν
2442 4888 2663 4958 ἐμαυτῷ
2704 4888 2778 4958 μὴ
2822 4889 3136 4957 δυνάμενος,
3167 4888 3254 4942 διὰ
3285 4887 3377 4940 τοῦ
3430 4888 3503 4958 μὴ
3537 4889 3739 4956 φαίνε-

2146 4982 2270 5035 σθαι
2300 4981 2394 5034 καὶ
2429 4975 2570 5032 εἶναι
2599 4978 2856 5040 τοιοῦτος,
2896 4979 3076 5042 ὁποῖός
3124 4980 3240 5032 ἐστι
3269 4984 3410 5033 κατὰ
3435 4979 3597 5046 φύσιν
3635 4981 3740 5032 αὑ-

2144 5073 2253 5134 τός.
2298 5069 2566 5140 Ἐνεργῶν
2605 5067 2715 5138 γάρ
2756 5065 2992 5130 πάντως.
3022 5067 3098 5129 ὡς
3136 5064 3196 5129 ἐξ
3229 5066 3414 5130 αὑτοῦ,
3437 5065 3506 5118 τά
3536 5066 3736 5118 αὑτοῦ.

2143 5164 2216 5216 Τὸ
2243 5163 2300 5215 δὲ
2328 5161 2506 5230 λέγειν
2531 5157 3006 5228 προκαταρκτικὸν
3033 5158 3140 5210 τῶν
3170 5157 3344 5227 ἔργων
3374 5158 3464 5210 τὺν
3504 5158 3740 5227 Πατέρα

2145 5255 2428 5324 ὑπάρχειν,
2469 5250 2710 5320 ἀμαθίας
2749 5249 2982 5318 ἐσχάτης
3029 5250 3128 5300 οὑκ
3169 5251 3406 5319 ἀμοιρεῖ.
3450 5248 3576 5312 Πῶς
3621 5251 3741 5318 γάρ

2144 5347 2210 5399 ἂν
2237 5345 2395 5407 αὐτὸς
2429 5343 2532 5412 ἰδίᾳ
2554 5342 2645 5394 καὶ
2679 5341 2834 5410 μόνος
2859 5339 3293 5410 προκατάρξαιτό
3317 5357 3470 5401 ποτε,
3493 5340 3740 5408 δύναμιν

2143 5438 2280 5505 ἔχων
2331 5433 2415 5502 ἐφ’
2455 5432 2658 5485 ἅπασιν
2708 5431 3061 5502 ἐνεργητικὴν
3107 5429 3197 5483 τὸν
3236 5431 3400 5497 Υἱὸν,
3447 5432 3740 5500 συνυπάρ-

2143 5542 2307 5596 χοντα
2341 5525 2440 5595 μὲν
2468 5523 2652 5584 ἀϊδίως
2692 5522 2861 5592 αὑτῷ,
2895 5522 3164 5592 θελήσεως
3197 5523 3253 5575 δὲ
3298 5523 3394 5591 τῆς
3428 5521 3521 5574 ἐπί
3549 5539 3604 5573 τι
3635 5524 3738 5573 καὶ

2145 5618 2407 5686 κινήσεως
2426 5617 2523 5684 τῆς
2546 5615 2664 5666 κατ’
2688 5613 2966 5684 ἐνέργειαν
2983 5615 3080 5682 τὴν
3098 5614 3188 5666 ἐπί
3207 5629 3346 5666 τισιν
3374 5613 3732 5680 ἐκφαντικόν.

2144 5709 2253 5762 Καὶ
2288 5709 2334 5760 εἰ
2361 5705 2674 5776 περιμένειν
2716 5706 2876 5758 αὑτὸν
2903 5705 2998 5783 τὴν
3044 5708 3128 5776 ἐφ’
3159 5705 3374 5776 ἑκάστῳ
3407 5705 3515 5758 τῶν
3546 5704 3736 5776 ἔργων
