  <div class='ocr_page' id='page_1' title='image "/cluster/home/n/w/nwhite01/storage/ocr_20150623/73:no.6/coo.31924054869692/188.png"; bbox 0 0 4052 6494; ppageno 0'>
   <div class='ocr_carea' id='block_1_1' title="bbox 355 349 3664 420">
    <p class='ocr_par' dir='ltr' id='par_1_1' title="bbox 355 349 3664 420">
     <span class='ocr_line' id='line_1_1' title="bbox 355 349 3664 420; baseline -0.006 0"><span class='ocrx_word' id='word_1_1' title='bbox 355 362 457 420; x_wconf 67' lang='lat' dir='ltr'>SM</span> <span class='ocrx_word' id='word_1_2' title='bbox 1397 361 1465 420; x_wconf 81' lang='grc' dir='ltr'>ιΝ</span> <span class='ocrx_word' id='word_1_3' title='bbox 1487 361 1780 420; x_wconf 80' lang='lat' dir='ltr'><strong>JOANNIS</strong></span> <span class='ocrx_word' id='word_1_4' title='bbox 1820 353 2275 416; x_wconf 72' lang='lat' dir='ltr'><strong>EVANGELIUM</strong></span> <span class='ocrx_word' id='word_1_5' title='bbox 2338 353 2466 409; x_wconf 80' lang='lat' dir='ltr'><strong>LIB.</strong></span> <span class='ocrx_word' id='word_1_6' title='bbox 2528 354 2591 409; x_wconf 89' lang='lat' dir='ltr'><strong>ll.</strong></span> <span class='ocrx_word' id='word_1_7' title='bbox 3558 349 3664 405; x_wconf 67' lang='grc' dir='ltr'>Ξῢέ</span> 
     </span>
    </p>
   </div>
   <div class='ocr_carea' id='block_1_2' title="bbox 346 471 1967 553">
    <p class='ocr_par' dir='ltr' id='par_1_2' title="bbox 346 474 1956 553">
     <span class='ocr_line' id='line_1_2' title="bbox 346 474 1956 553; baseline -0.001 -18"><span class='ocrx_word' id='word_1_8' title='bbox 346 474 531 552; x_wconf 71' lang='grc' dir='ltr'>ιδἰκὴν</span> <span class='ocrx_word' id='word_1_9' title='bbox 572 481 862 552; x_wconf 78' lang='grc' dir='ltr'><strong>ἐνέργειαν</strong></span> <span class='ocrx_word' id='word_1_10' title='bbox 902 484 999 534; x_wconf 74' lang='grc' dir='ltr'><strong>τοῦ</strong></span> <span class='ocrx_word' id='word_1_11' title='bbox 1054 481 1269 553; x_wconf 79' lang='grc' dir='ltr'>Πατρδς</span> <span class='ocrx_word' id='word_1_12' title='bbox 1318 483 1661 548; x_wconf 77' lang='grc' dir='ltr'><strong>ἀπαιδεύτως</strong></span> <span class='ocrx_word' id='word_1_13' title='bbox 1687 482 1956 553; x_wconf 74' lang='grc' dir='ltr'>διισχυρί-</span> 
     </span>
    </p>
   </div>
   <div class='ocr_carea' id='block_1_3' title="bbox 2078 471 3667 553">
    <p class='ocr_par' dir='ltr' id='par_1_3' title="bbox 2078 471 3667 542">
     <span class='ocr_line' id='line_1_3' title="bbox 2078 471 3667 542; baseline -0.002 -14"><span class='ocrx_word' id='word_1_14' title='bbox 2078 492 2172 539; x_wconf 89' lang='lat' dir='ltr'><strong>.ur,</strong></span> <span class='ocrx_word' id='word_1_15' title='bbox 2215 475 2513 530; x_wconf 71' lang='lat' dir='ltr'><strong>ostendant</strong></span> <span class='ocrx_word' id='word_1_16' title='bbox 2552 473 2712 529; x_wconf 88' lang='lat' dir='ltr'><strong>nobis</strong></span> <span class='ocrx_word' id='word_1_17' title='bbox 2735 471 2951 527; x_wconf 84' lang='lat' dir='ltr'><strong>Patrem</strong></span> <span class='ocrx_word' id='word_1_18' title='bbox 2973 472 3189 542; x_wconf 86' lang='lat' dir='ltr'><strong>uspiam</strong></span> <span class='ocrx_word' id='word_1_19' title='bbox 3222 479 3510 541; x_wconf 87' lang='lat' dir='ltr'><strong>operatum</strong></span> <span class='ocrx_word' id='word_1_20' title='bbox 3542 487 3667 526; x_wconf 81' lang='lat' dir='ltr'><strong>esse</strong></span> 
     </span>
    </p>
   </div>
   <div class='ocr_carea' id='block_1_4' title="bbox 342 559 1967 647">
    <p class='ocr_par' dir='ltr' id='par_1_4' title="bbox 342 572 1958 647">
     <span class='ocr_line' id='line_1_4' title="bbox 342 572 1958 647; baseline 0.004 -22"><span class='ocrx_word' id='word_1_21' title='bbox 342 572 558 637; x_wconf 80' lang='grc' dir='ltr'>ζονται,</span> <span class='ocrx_word' id='word_1_22' title='bbox 597 572 737 643; x_wconf 78' lang='grc' dir='ltr'>πρὸς</span> <span class='ocrx_word' id='word_1_23' title='bbox 795 572 857 626; x_wconf 75' lang='grc' dir='ltr'><strong>τὸ</strong></span> <span class='ocrx_word' id='word_1_24' title='bbox 902 573 1016 626; x_wconf 74' lang='grc' dir='ltr'>ἴσον</span> <span class='ocrx_word' id='word_1_25' title='bbox 1055 574 1540 647; x_wconf 78' lang='grc' dir='ltr'><strong>ἀπομιμήσασθαι,</strong></span> <span class='ocrx_word' id='word_1_26' title='bbox 1588 576 1958 631; x_wconf 82' lang='grc' dir='ltr'>δεικνύτωσαν</span> 
     </span>
    </p>
   </div>
   <div class='ocr_carea' id='block_1_5' title="bbox 2078 559 3665 647">
    <p class='ocr_par' dir='ltr' id='par_1_5' title="bbox 2078 559 3665 638">
     <span class='ocr_line' id='line_1_5' title="bbox 2078 559 3665 638; baseline -0.005 -17"><span class='ocrx_word' id='word_1_27' title='bbox 2078 566 2327 638; x_wconf 66' lang='lat' dir='ltr'><strong>quiddam</strong></span> <span class='ocrx_word' id='word_1_28' title='bbox 2366 563 2601 619; x_wconf 89' lang='lat' dir='ltr'><strong>seorsim</strong></span> <span class='ocrx_word' id='word_1_29' title='bbox 2628 577 2690 616; x_wconf 83' lang='lat' dir='ltr'><strong>ac</strong></span> <span class='ocrx_word' id='word_1_30' title='bbox 2721 577 2816 632; x_wconf 89' lang='lat' dir='ltr'><strong>per</strong></span> <span class='ocrx_word' id='word_1_31' title='bbox 2841 576 2922 623; x_wconf 89' lang='lat' dir='ltr'><strong>se,</strong></span> <span class='ocrx_word' id='word_1_32' title='bbox 2955 568 3053 623; x_wconf 78' lang='lat' dir='ltr'><strong>aut</strong></span> <span class='ocrx_word' id='word_1_33' title='bbox 3073 561 3241 615; x_wconf 87' lang='lat' dir='ltr'><strong>etiam</strong></span> <span class='ocrx_word' id='word_1_34' title='bbox 3267 573 3508 631; x_wconf 84' lang='lat' dir='ltr'><strong>quonam</strong></span> <span class='ocrx_word' id='word_1_35' title='bbox 3526 559 3665 629; x_wconf 87' lang='lat' dir='ltr'><strong>ipse.</strong></span> 
     </span>
    </p>
   </div>
   <div class='ocr_carea' id='block_1_6' title="bbox 342 667 1960 743">
    <p class='ocr_par' dir='ltr' id='par_1_6' title="bbox 342 667 1960 743">
     <span class='ocr_line' id='line_1_6' title="bbox 342 667 1960 743; baseline 0.003 -23"><span class='ocrx_word' id='word_1_36' title='bbox 342 669 484 740; x_wconf 81' lang='grc' dir='ltr'>ἡμῖν</span> <span class='ocrx_word' id='word_1_37' title='bbox 505 667 617 741; x_wconf 76' lang='grc' dir='ltr'>ἰδίᾳ</span> <span class='ocrx_word' id='word_1_38' title='bbox 641 670 739 723; x_wconf 72' lang='grc' dir='ltr'><strong>καὶ</strong></span> <span class='ocrx_word' id='word_1_39' title='bbox 764 669 886 723; x_wconf 78' lang='grc' dir='ltr'>καθ’</span> <span class='ocrx_word' id='word_1_40' title='bbox 907 669 1102 724; x_wconf 79' lang='grc' dir='ltr'>ἑαυτὸν</span> <span class='ocrx_word' id='word_1_41' title='bbox 1131 668 1510 742; x_wconf 81' lang='grc' dir='ltr'>ὲργασάμενόν</span> <span class='ocrx_word' id='word_1_42' title='bbox 1540 687 1594 724; x_wconf 89' lang='grc' dir='ltr'><strong>τι</strong></span> <span class='ocrx_word' id='word_1_43' title='bbox 1626 671 1718 725; x_wconf 82' lang='grc' dir='ltr'>τὸν</span> <span class='ocrx_word' id='word_1_44' title='bbox 1735 672 1960 743; x_wconf 76' lang='grc' dir='ltr'>Πατέρα</span> 
     </span>
    </p>
   </div>
   <div class='ocr_carea' id='block_1_7' title="bbox 343 757 1960 836">
    <p class='ocr_par' dir='ltr' id='par_1_7' title="bbox 343 757 1960 836">
     <span class='ocr_line' id='line_1_7' title="bbox 343 757 1960 836; baseline 0.003 -23"><span class='ocrx_word' id='word_1_45' title='bbox 343 757 600 824; x_wconf 80' lang='grc' dir='ltr'>πώποτε,</span> <span class='ocrx_word' id='word_1_46' title='bbox 634 760 669 832; x_wconf 75' lang='grc' dir='ltr'>ἢ</span> <span class='ocrx_word' id='word_1_47' title='bbox 710 760 806 814; x_wconf 68' lang='grc' dir='ltr'>καὶ</span> <span class='ocrx_word' id='word_1_48' title='bbox 837 762 991 814; x_wconf 87' lang='grc' dir='ltr'>ποῖον</span> <span class='ocrx_word' id='word_1_49' title='bbox 1036 760 1201 825; x_wconf 75' lang='grc' dir='ltr'>αὐτὸς</span> <span class='ocrx_word' id='word_1_50' title='bbox 1262 761 1722 835; x_wconf 80' lang='grc' dir='ltr'><strong>προθεραπεύσας</strong></span> <span class='ocrx_word' id='word_1_51' title='bbox 1780 766 1960 836; x_wconf 80' lang='grc' dir='ltr'>παρά-</span> 
     </span>
    </p>
   </div>
   <div class='ocr_carea' id='block_1_8' title="bbox 340 848 1963 926">
    <p class='ocr_par' dir='ltr' id='par_1_8' title="bbox 340 848 1963 926">
     <span class='ocr_line' id='line_1_8' title="bbox 340 848 1963 926; baseline 0.004 -24"><span class='ocrx_word' id='word_1_52' title='bbox 340 848 529 916; x_wconf 83' lang='grc' dir='ltr'>λυτον,</span> <span class='ocrx_word' id='word_1_53' title='bbox 582 850 816 905; x_wconf 77' lang='grc' dir='ltr'>δέδωκεν</span> <span class='ocrx_word' id='word_1_54' title='bbox 861 850 939 916; x_wconf 78' lang='grc' dir='ltr'><strong>ὡς</strong></span> <span class='ocrx_word' id='word_1_55' title='bbox 1000 852 1058 904; x_wconf 87' lang='grc' dir='ltr'><strong>ὲν</strong></span> <span class='ocrx_word' id='word_1_56' title='bbox 1087 850 1246 924; x_wconf 82' lang='grc' dir='ltr'>τύπῳ</span> <span class='ocrx_word' id='word_1_57' title='bbox 1276 853 1338 907; x_wconf 82' lang='grc' dir='ltr'>τὸ</span> <span class='ocrx_word' id='word_1_58' title='bbox 1392 856 1629 926; x_wconf 74' lang='grc' dir='ltr'>πρᾶγμα</span> <span class='ocrx_word' id='word_1_59' title='bbox 1647 854 1731 926; x_wconf 80' lang='grc' dir='ltr'><strong>τῷ</strong></span> <span class='ocrx_word' id='word_1_60' title='bbox 1759 856 1963 926; x_wconf 82' lang='grc' dir='ltr'><strong>Γεννή-</strong></span> 
     </span>
    </p>
   </div>
   <div class='ocr_carea' id='block_1_9' title="bbox 346 960 510 1013">
    <p class='ocr_par' dir='ltr' id='par_1_9' title="bbox 346 960 510 1013">
     <span class='ocr_line' id='line_1_9' title="bbox 346 960 510 1013; baseline 0.006 -19"><span class='ocrx_word' id='word_1_61' title='bbox 346 960 510 1013; x_wconf 85' lang='grc' dir='ltr'>ματι.</span> 
     </span>
    </p>
   </div>
   <div class='ocr_carea' id='block_1_10' title="bbox 433 1033 1390 1106">
    <p class='ocr_par' dir='ltr' id='par_1_10' title="bbox 433 1033 1390 1106">
     <span class='ocr_line' id='line_1_10' title="bbox 433 1033 1390 1106; baseline 0.004 -18"><span class='ocrx_word' id='word_1_62' title='bbox 433 1034 499 1088; x_wconf 88' lang='lat'><strong>&#39;0</strong></span> <span class='ocrx_word' id='word_1_63' title='bbox 521 1033 636 1105; x_wconf 80' lang='grc' dir='ltr'>γὰρ</span> <span class='ocrx_word' id='word_1_64' title='bbox 676 1036 879 1104; x_wconf 81' lang='grc' dir='ltr'>Πατὴρ</span> <span class='ocrx_word' id='word_1_65' title='bbox 911 1034 1080 1106; x_wconf 68' lang='grc' dir='ltr'>φιλεῖ</span> <span class='ocrx_word' id='word_1_66' title='bbox 1093 1037 1201 1091; x_wconf 79' lang='grc' dir='ltr'><strong>τὸν</strong></span> <span class='ocrx_word' id='word_1_67' title='bbox 1234 1038 1390 1092; x_wconf 80' lang='grc' dir='ltr'><strong>Υιόν.</strong></span> 
     </span>
    </p>
   </div>
   <div class='ocr_carea' id='block_1_11' title="bbox 433 1126 1963 1202">
    <p class='ocr_par' dir='ltr' id='par_1_11' title="bbox 433 1126 1963 1202">
     <span class='ocr_line' id='line_1_11' title="bbox 433 1126 1963 1202; baseline 0.004 -23"><span class='ocrx_word' id='word_1_68' title='bbox 433 1127 747 1192; x_wconf 81' lang='grc' dir='ltr'>Ἀσυνὲτως</span> <span class='ocrx_word' id='word_1_69' title='bbox 773 1126 1235 1200; x_wconf 74' lang='grc' dir='ltr'>ἐξαγοιουμένους</span> <span class='ocrx_word' id='word_1_70' title='bbox 1257 1130 1337 1194; x_wconf 84' lang='grc' dir='ltr'><strong>εἰς</strong></span> <span class='ocrx_word' id='word_1_71' title='bbox 1367 1131 1585 1184; x_wconf 78' lang='grc' dir='ltr'><strong>εἰκαίαν</strong></span> <span class='ocrx_word' id='word_1_72' title='bbox 1615 1130 1810 1202; x_wconf 79' lang='grc' dir='ltr'>ὀργὴν,</span> <span class='ocrx_word' id='word_1_73' title='bbox 1836 1133 1963 1197; x_wconf 72' lang='grc' dir='ltr'>τοὺς</span> 
     </span>
    </p>
   </div>
   <div class='ocr_carea' id='block_1_12' title="bbox 344 1209 1965 1289">
    <p class='ocr_par' dir='ltr' id='par_1_12' title="bbox 344 1209 1965 1289">
     <span class='ocr_line' id='line_1_12' title="bbox 344 1209 1965 1289; baseline 0.006 -23"><span class='ocrx_word' id='word_1_74' title='bbox 344 1212 517 1285; x_wconf 64' lang='grc' dir='ltr'>οἵπερ</span> <span class='ocrx_word' id='word_1_75' title='bbox 545 1209 691 1286; x_wconf 76' lang='grc' dir='ltr'>ἦσαν</span> <span class='ocrx_word' id='word_1_76' title='bbox 721 1215 1114 1283; x_wconf 74' lang='grc' dir='ltr'>δυσσεϐοῦντες</span> <span class='ocrx_word' id='word_1_77' title='bbox 1142 1221 1226 1283; x_wconf 88' lang='grc' dir='ltr'><strong>εἰς</strong></span> <span class='ocrx_word' id='word_1_78' title='bbox 1249 1220 1413 1274; x_wconf 83' lang='grc' dir='ltr'>αὑτὸν</span> <span class='ocrx_word' id='word_1_79' title='bbox 1446 1219 1772 1289; x_wconf 79' lang='grc' dir='ltr'><strong>ἀφυλάκτως</strong></span> <span class='ocrx_word' id='word_1_80' title='bbox 1791 1222 1880 1277; x_wconf 84' lang='grc' dir='ltr'><strong>διὰ</strong></span> <span class='ocrx_word' id='word_1_81' title='bbox 1905 1223 1965 1276; x_wconf 84' lang='grc' dir='ltr'>τὸ</span> 
     </span>
    </p>
   </div>
   <div class='ocr_carea' id='block_1_13' title="bbox 348 1305 1964 1386">
    <p class='ocr_par' dir='ltr' id='par_1_13' title="bbox 348 1305 1964 1386">
     <span class='ocr_line' id='line_1_13' title="bbox 348 1305 1964 1386; baseline 0.005 -26"><span class='ocrx_word' id='word_1_82' title='bbox 348 1305 647 1362; x_wconf 75' lang='grc' dir='ltr'>Σάϐὃατον</span> <span class='ocrx_word' id='word_1_83' title='bbox 708 1308 986 1381; x_wconf 74' lang='grc' dir='ltr'><strong>ἐξελέγχει</strong></span> <span class='ocrx_word' id='word_1_84' title='bbox 1051 1311 1320 1383; x_wconf 83' lang='grc' dir='ltr'>Χριστὸς,</span> <span class='ocrx_word' id='word_1_85' title='bbox 1404 1313 1818 1386; x_wconf 75' lang='grc' dir='ltr'><strong>ἐναργεστάτην</strong></span> <span class='ocrx_word' id='word_1_86' title='bbox 1868 1312 1964 1369; x_wconf 89' lang='grc' dir='ltr'><strong>τοῦ</strong></span> 
     </span>
    </p>
   </div>
   <div class='ocr_carea' id='block_1_14' title="bbox 348 1396 1965 1475">
    <p class='ocr_par' dir='ltr' id='par_1_14' title="bbox 348 1396 1965 1475">
     <span class='ocr_line' id='line_1_14' title="bbox 348 1396 1965 1475; baseline 0.005 -24"><span class='ocrx_word' id='word_1_87' title='bbox 348 1396 691 1470; x_wconf 77' lang='grc' dir='ltr'>πράγματος</span> <span class='ocrx_word' id='word_1_88' title='bbox 720 1401 1044 1473; x_wconf 84' lang='grc' dir='ltr'>ποιούμενος</span> <span class='ocrx_word' id='word_1_89' title='bbox 1094 1403 1197 1475; x_wconf 83' lang='grc' dir='ltr'>τὴν</span> <span class='ocrx_word' id='word_1_90' title='bbox 1236 1404 1521 1475; x_wconf 12' lang='grc' dir='ltr'>ἀπόδειξιν,</span> <span class='ocrx_word' id='word_1_91' title='bbox 1547 1405 1637 1460; x_wconf 81' lang='grc' dir='ltr'>διὰ</span> <span class='ocrx_word' id='word_1_92' title='bbox 1667 1407 1762 1460; x_wconf 85' lang='grc' dir='ltr'><strong>τοῦ</strong></span> <span class='ocrx_word' id='word_1_93' title='bbox 1789 1407 1965 1475; x_wconf 80' lang='grc' dir='ltr'>φιλεῖ-</span> 
     </span>
    </p>
   </div>
   <div class='ocr_carea' id='block_1_15' title="bbox 349 1491 1965 1571">
    <p class='ocr_par' dir='ltr' id='par_1_15' title="bbox 349 1491 1965 1571">
     <span class='ocr_line' id='line_1_15' title="bbox 349 1491 1965 1571; baseline 0.004 -26"><span class='ocrx_word' id='word_1_94' title='bbox 349 1491 482 1545; x_wconf 82' lang='grc' dir='ltr'>σθαι</span> <span class='ocrx_word' id='word_1_95' title='bbox 506 1492 693 1559; x_wconf 81' lang='grc' dir='ltr'>λέγειν</span> <span class='ocrx_word' id='word_1_96' title='bbox 722 1494 854 1564; x_wconf 78' lang='grc' dir='ltr'>περὶ</span> <span class='ocrx_word' id='word_1_97' title='bbox 890 1495 986 1549; x_wconf 80' lang='grc' dir='ltr'><strong>τοῦ</strong></span> <span class='ocrx_word' id='word_1_98' title='bbox 1014 1497 1146 1551; x_wconf 88' lang='grc' dir='ltr'>ἰδίου</span> <span class='ocrx_word' id='word_1_99' title='bbox 1176 1498 1529 1571; x_wconf 84' lang='grc' dir='ltr'>Γεννήτορος.</span> <span class='ocrx_word' id='word_1_100' title='bbox 1570 1499 1630 1552; x_wconf 86' lang='grc' dir='ltr'>Εἰ</span> <span class='ocrx_word' id='word_1_101' title='bbox 1670 1499 1782 1570; x_wconf 75' lang='grc' dir='ltr'><strong>γάρ</strong></span> <span class='ocrx_word' id='word_1_102' title='bbox 1825 1500 1965 1563; x_wconf 83' lang='grc' dir='ltr'>ὅλως</span> 
     </span>
    </p>
   </div>
   <div class='ocr_carea' id='block_1_16' title="bbox 347 1585 1963 1662">
    <p class='ocr_par' dir='ltr' id='par_1_16' title="bbox 347 1585 1963 1662">
     <span class='ocr_line' id='line_1_16' title="bbox 347 1585 1963 1662; baseline 0.004 -24"><span class='ocrx_word' id='word_1_103' title='bbox 347 1585 504 1655; x_wconf 82' lang='grc' dir='ltr'>φιλεῖ</span> <span class='ocrx_word' id='word_1_104' title='bbox 524 1585 623 1638; x_wconf 79' lang='grc' dir='ltr'>τὸν</span> <span class='ocrx_word' id='word_1_105' title='bbox 648 1585 775 1640; x_wconf 82' lang='grc' dir='ltr'>Υἰὺν</span> <span class='ocrx_word' id='word_1_106' title='bbox 804 1588 833 1641; x_wconf 98' lang='lat'><strong>6</strong></span> <span class='ocrx_word' id='word_1_107' title='bbox 852 1588 1066 1660; x_wconf 80' lang='grc' dir='ltr'>Πατὴρ,</span> <span class='ocrx_word' id='word_1_108' title='bbox 1098 1590 1160 1644; x_wconf 81' lang='grc' dir='ltr'>οὐ</span> <span class='ocrx_word' id='word_1_109' title='bbox 1192 1590 1469 1645; x_wconf 86' lang='grc' dir='ltr'>λυποῦντα</span> <span class='ocrx_word' id='word_1_110' title='bbox 1495 1591 1657 1662; x_wconf 79' lang='grc' dir='ltr'>δῆλον</span> <span class='ocrx_word' id='word_1_111' title='bbox 1691 1593 1775 1646; x_wconf 84' lang='grc' dir='ltr'>ὅτι</span> <span class='ocrx_word' id='word_1_112' title='bbox 1795 1593 1963 1662; x_wconf 77' lang='grc' dir='ltr'>φιλεῖ,</span> 
     </span>
    </p>
   </div>
   <div class='ocr_carea' id='block_1_17' title="bbox 347 1678 1968 1756">
    <p class='ocr_par' dir='ltr' id='par_1_17' title="bbox 347 1678 1968 1756">
     <span class='ocr_line' id='line_1_17' title="bbox 347 1678 1968 1756; baseline 0.007 -27"><span class='ocrx_word' id='word_1_113' title='bbox 347 1678 838 1749; x_wconf 80' lang='grc' dir='ltr'>κατευφραινοντα</span> <span class='ocrx_word' id='word_1_114' title='bbox 864 1680 919 1734; x_wconf 81' lang='grc' dir='ltr'><strong>δὲ</strong></span> <span class='ocrx_word' id='word_1_115' title='bbox 941 1681 1141 1752; x_wconf 76' lang='grc' dir='ltr'>μᾶλλον</span> <span class='ocrx_word' id='word_1_116' title='bbox 1185 1684 1272 1753; x_wconf 69' lang='grc' dir='ltr'><strong>ἐφ’</strong></span> <span class='ocrx_word' id='word_1_117' title='bbox 1293 1679 1375 1748; x_wconf 82' lang='grc' dir='ltr'>οἷς</span> <span class='ocrx_word' id='word_1_118' title='bbox 1405 1684 1472 1738; x_wconf 84' lang='grc' dir='ltr'>ἂν</span> <span class='ocrx_word' id='word_1_119' title='bbox 1500 1688 1626 1756; x_wconf 79' lang='grc' dir='ltr'>ποιῇ</span> <span class='ocrx_word' id='word_1_120' title='bbox 1679 1686 1770 1739; x_wconf 74' lang='grc' dir='ltr'>καὶ</span> <span class='ocrx_word' id='word_1_121' title='bbox 1799 1687 1968 1756; x_wconf 80' lang='grc' dir='ltr'>ἐργά-</span> 
     </span>
    </p>
   </div>
   <div class='ocr_carea' id='block_1_18' title="bbox 349 1765 1966 1844">
    <p class='ocr_par' dir='ltr' id='par_1_18' title="bbox 349 1765 1966 1844">
     <span class='ocr_line' id='line_1_18' title="bbox 349 1765 1966 1844; baseline 0.005 -23"><span class='ocrx_word' id='word_1_122' title='bbox 349 1765 537 1838; x_wconf 73' lang='grc' dir='ltr'>ζηται.</span> <span class='ocrx_word' id='word_1_123' title='bbox 576 1770 776 1842; x_wconf 77' lang='grc' dir='ltr'>Μάτην</span> <span class='ocrx_word' id='word_1_124' title='bbox 804 1768 898 1825; x_wconf 78' lang='grc' dir='ltr'>οὖν</span> <span class='ocrx_word' id='word_1_125' title='bbox 938 1772 1047 1844; x_wconf 75' lang='grc' dir='ltr'>ἄρα</span> <span class='ocrx_word' id='word_1_126' title='bbox 1105 1772 1367 1829; x_wconf 84' lang='grc' dir='ltr'>διώκουσι</span> <span class='ocrx_word' id='word_1_127' title='bbox 1392 1775 1484 1828; x_wconf 77' lang='grc' dir='ltr'>τὸν</span> <span class='ocrx_word' id='word_1_128' title='bbox 1512 1775 1683 1829; x_wconf 76' lang='grc' dir='ltr'>ἐλεεῖν</span> <span class='ocrx_word' id='word_1_129' title='bbox 1722 1778 1782 1829; x_wconf 78' lang='grc' dir='ltr'><strong>ἐν</strong></span> <span class='ocrx_word' id='word_1_130' title='bbox 1827 1776 1966 1829; x_wconf 76' lang='grc' dir='ltr'><strong>Σαϐ-</strong></span> 
     </span>
    </p>
   </div>
   <div class='ocr_carea' id='block_1_19' title="bbox 2066 653 3662 732">
    <p class='ocr_par' dir='ltr' id='par_1_19' title="bbox 2066 653 3662 732">
     <span class='ocr_line' id='line_1_19' title="bbox 2066 653 3662 732; baseline -0.007 -16"><span class='ocrx_word' id='word_1_131' title='bbox 2066 660 2370 732; x_wconf 85' lang='lat' dir='ltr'><strong>paralytico</strong></span> <span class='ocrx_word' id='word_1_132' title='bbox 2420 656 2580 728; x_wconf 87' lang='lat' dir='ltr'><strong>prius</strong></span> <span class='ocrx_word' id='word_1_133' title='bbox 2640 665 2857 721; x_wconf 84' lang='lat' dir='ltr'><strong>sanato,</strong></span> <span class='ocrx_word' id='word_1_134' title='bbox 2890 653 3036 709; x_wconf 90' lang='lat' dir='ltr'><strong>istud</strong></span> <span class='ocrx_word' id='word_1_135' title='bbox 3066 655 3211 709; x_wconf 86' lang='lat' dir='ltr'><strong>velut</strong></span> <span class='ocrx_word' id='word_1_136' title='bbox 3236 655 3292 709; x_wconf 89' lang='lat' dir='ltr'><strong>in</strong></span> <span class='ocrx_word' id='word_1_137' title='bbox 3329 663 3460 725; x_wconf 83' lang='lat' dir='ltr'><strong>typo</strong></span> <span class='ocrx_word' id='word_1_138' title='bbox 3488 653 3662 710; x_wconf 76' lang='lat' dir='ltr'><strong>Geni-</strong></span> 
     </span>
    </p>
   </div>
   <div class='ocr_carea' id='block_1_20' title="bbox 2066 749 2520 806">
    <p class='ocr_par' dir='ltr' id='par_1_20' title="bbox 2066 749 2520 806">
     <span class='ocr_line' id='line_1_20' title="bbox 2066 749 2520 806; baseline -0.007 0"><span class='ocrx_word' id='word_1_139' title='bbox 2066 752 2202 806; x_wconf 82' lang='lat' dir='ltr'><strong>tnini</strong></span> <span class='ocrx_word' id='word_1_140' title='bbox 2242 749 2520 806; x_wconf 83' lang='lat' dir='ltr'><strong>tribuerit.</strong></span> 
     </span>
    </p>
   </div>
   <div class='ocr_carea' id='block_1_21' title="bbox 2145 1033 3176 1108">
    <p class='ocr_par' dir='ltr' id='par_1_21' title="bbox 2145 1033 3176 1108">
     <span class='ocr_line' id='line_1_21' title="bbox 2145 1033 3176 1108; baseline -0.008 -14"><span class='ocrx_word' id='word_1_141' title='bbox 2145 1041 2210 1106; x_wconf 84' lang='lat' dir='ltr'><strong>V,</strong></span> <span class='ocrx_word' id='word_1_142' title='bbox 2251 1041 2343 1096; x_wconf 75' lang='grc'><strong>20.</strong></span> <span class='ocrx_word' id='word_1_143' title='bbox 2378 1038 2545 1095; x_wconf 79' lang='lat' dir='ltr'><strong>Pater</strong></span> <span class='ocrx_word' id='word_1_144' title='bbox 2575 1041 2713 1094; x_wconf 79' lang='lat' dir='ltr'><strong>enim</strong></span> <span class='ocrx_word' id='word_1_145' title='bbox 2731 1037 2909 1108; x_wconf 76' lang='lat' dir='ltr'><strong>diligit</strong></span> <span class='ocrx_word' id='word_1_146' title='bbox 2956 1033 3176 1089; x_wconf 75' lang='lat' dir='ltr'><strong>Filium.</strong></span> 
     </span>
    </p>
   </div>
   <div class='ocr_carea' id='block_1_22' title="bbox 2145 1126 3667 1197">
    <p class='ocr_par' dir='ltr' id='par_1_22' title="bbox 2145 1126 3667 1197">
     <span class='ocr_line' id='line_1_22' title="bbox 2145 1126 3667 1197; baseline -0.008 -8"><span class='ocrx_word' id='word_1_147' title='bbox 2145 1135 2301 1190; x_wconf 77' lang='lat' dir='ltr'><strong>Vana</strong></span> <span class='ocrx_word' id='word_1_148' title='bbox 2366 1134 2449 1189; x_wconf 88' lang='lat' dir='ltr'><strong>ira</strong></span> <span class='ocrx_word' id='word_1_149' title='bbox 2497 1134 2668 1192; x_wconf 77' lang='lat' dir='ltr'><strong>stulte</strong></span> <span class='ocrx_word' id='word_1_150' title='bbox 2710 1130 2970 1188; x_wconf 81' lang='lat' dir='ltr'><strong>efferatos</strong></span> <span class='ocrx_word' id='word_1_151' title='bbox 2997 1144 3093 1184; x_wconf 89' lang='lat' dir='ltr'><strong>eos</strong></span> <span class='ocrx_word' id='word_1_152' title='bbox 3141 1143 3169 1182; x_wconf 90' lang='lat' dir='ltr'><strong>a</strong></span> <span class='ocrx_word' id='word_1_153' title='bbox 3200 1126 3405 1197; x_wconf 86' lang='lat' dir='ltr'><strong>quibus</strong></span> <span class='ocrx_word' id='word_1_154' title='bbox 3441 1133 3667 1195; x_wconf 76' lang='lat' dir='ltr'><strong>propter</strong></span> 
     </span>
    </p>
   </div>
   <div class='ocr_carea' id='block_1_23' title="bbox 2069 1220 3668 1300">
    <p class='ocr_par' dir='ltr' id='par_1_23' title="bbox 2069 1220 3668 1300">
     <span class='ocr_line' id='line_1_23' title="bbox 2069 1220 3668 1300; baseline -0.011 -9"><span class='ocrx_word' id='word_1_155' title='bbox 2069 1231 2377 1291; x_wconf 87' lang='lat' dir='ltr'><strong>Sabbatum</strong></span> <span class='ocrx_word' id='word_1_156' title='bbox 2409 1239 2617 1287; x_wconf 84' lang='lat' dir='ltr'><strong>temere</strong></span> <span class='ocrx_word' id='word_1_157' title='bbox 2638 1238 2691 1286; x_wconf 88' lang='lat' dir='ltr'><strong>et</strong></span> <span class='ocrx_word' id='word_1_158' title='bbox 2718 1229 2885 1300; x_wconf 89' lang='lat' dir='ltr'><strong>impie</strong></span> <span class='ocrx_word' id='word_1_159' title='bbox 2912 1226 3208 1282; x_wconf 85' lang='lat' dir='ltr'><strong>lacessitus</strong></span> <span class='ocrx_word' id='word_1_160' title='bbox 3259 1229 3379 1277; x_wconf 88' lang='lat' dir='ltr'><strong>erat</strong></span> <span class='ocrx_word' id='word_1_161' title='bbox 3410 1220 3668 1276; x_wconf 87' lang='lat' dir='ltr'><strong>Christus</strong></span> 
     </span>
    </p>
   </div>
   <div class='ocr_carea' id='block_1_24' title="bbox 2070 1311 3669 1399">
    <p class='ocr_par' dir='ltr' id='par_1_24' title="bbox 2070 1311 3669 1399">
     <span class='ocr_line' id='line_1_24' title="bbox 2070 1311 3669 1399; baseline -0.016 -12"><span class='ocrx_word' id='word_1_162' title='bbox 2070 1327 2333 1393; x_wconf 85' lang='lat' dir='ltr'><strong>ostendit,</strong></span> <span class='ocrx_word' id='word_1_163' title='bbox 2362 1326 2529 1399; x_wconf 87' lang='lat' dir='ltr'><strong>idque</strong></span> <span class='ocrx_word' id='word_1_164' title='bbox 2552 1324 2883 1388; x_wconf 79' lang='lat' dir='ltr'><strong>clarissime,</strong></span> <span class='ocrx_word' id='word_1_165' title='bbox 2918 1334 3047 1376; x_wconf 93' lang='lat' dir='ltr'><strong>cum</strong></span> <span class='ocrx_word' id='word_1_166' title='bbox 3082 1318 3181 1382; x_wconf 88' lang='lat' dir='ltr'><strong>ait,</strong></span> <span class='ocrx_word' id='word_1_167' title='bbox 3212 1332 3272 1372; x_wconf 92' lang='lat' dir='ltr'><strong>se</strong></span> <span class='ocrx_word' id='word_1_168' title='bbox 3301 1314 3452 1388; x_wconf 85' lang='lat' dir='ltr'><strong>diligi</strong></span> <span class='ocrx_word' id='word_1_169' title='bbox 3503 1311 3669 1382; x_wconf 89' lang='grc'><strong>222</strong></span> 
     </span>
    </p>
   </div>
   <div class='ocr_carea' id='block_1_25' title="bbox 2070 1403 3672 1482">
    <p class='ocr_par' dir='ltr' id='par_1_25' title="bbox 2070 1403 3672 1482">
     <span class='ocr_line' id='line_1_25' title="bbox 2070 1403 3672 1482; baseline -0.012 -7"><span class='ocrx_word' id='word_1_170' title='bbox 2070 1435 2101 1475; x_wconf 87' lang='lat' dir='ltr'><strong>a</strong></span> <span class='ocrx_word' id='word_1_171' title='bbox 2130 1418 2316 1474; x_wconf 85' lang='lat' dir='ltr'><strong>Patre.</strong></span> <span class='ocrx_word' id='word_1_172' title='bbox 2345 1415 2483 1472; x_wconf 88' lang='lat' dir='ltr'><strong>Nam</strong></span> <span class='ocrx_word' id='word_1_173' title='bbox 2514 1415 2560 1470; x_wconf 90' lang='lat' dir='ltr'><strong>si</strong></span> <span class='ocrx_word' id='word_1_174' title='bbox 2590 1413 2753 1470; x_wconf 90' lang='lat' dir='ltr'><strong>Pater</strong></span> <span class='ocrx_word' id='word_1_175' title='bbox 2781 1411 2960 1482; x_wconf 79' lang='lat' dir='ltr'><strong>diligit</strong></span> <span class='ocrx_word' id='word_1_176' title='bbox 2974 1407 3198 1471; x_wconf 80' lang='lat' dir='ltr'><strong>Filium,</strong></span> <span class='ocrx_word' id='word_1_177' title='bbox 3240 1403 3437 1473; x_wconf 88' lang='lat' dir='ltr'><strong>utique</strong></span> <span class='ocrx_word' id='word_1_178' title='bbox 3467 1416 3579 1455; x_wconf 91' lang='lat' dir='ltr'><strong>non</strong></span> <span class='ocrx_word' id='word_1_179' title='bbox 3610 1414 3672 1456; x_wconf 88' lang='lat' dir='ltr'><strong>se</strong></span> 
     </span>
    </p>
   </div>
   <div class='ocr_carea' id='block_1_26' title="bbox 2071 1495 3674 1578">
    <p class='ocr_par' dir='ltr' id='par_1_26' title="bbox 2071 1495 3674 1578">
     <span class='ocr_line' id='line_1_26' title="bbox 2071 1495 3674 1578; baseline -0.011 -12"><span class='ocrx_word' id='word_1_180' title='bbox 2071 1511 2496 1567; x_wconf 80' lang='lat' dir='ltr'><strong>contristanth</strong></span> <span class='ocrx_word' id='word_1_181' title='bbox 2514 1506 2713 1578; x_wconf 79' lang='lat' dir='ltr'><strong>diligit,</strong></span> <span class='ocrx_word' id='word_1_182' title='bbox 2751 1503 2848 1561; x_wconf 83' lang='lat' dir='ltr'><strong>sed</strong></span> <span class='ocrx_word' id='word_1_183' title='bbox 2881 1500 3282 1558; x_wconf 80' lang='lat' dir='ltr'><strong>exhilarantem</strong></span> <span class='ocrx_word' id='word_1_184' title='bbox 3303 1495 3514 1566; x_wconf 85' lang='lat' dir='ltr'><strong>potius,</strong></span> <span class='ocrx_word' id='word_1_185' title='bbox 3543 1507 3674 1565; x_wconf 89' lang='lat' dir='ltr'><strong>pro-</strong></span> 
     </span>
    </p>
   </div>
   <div class='ocr_carea' id='block_1_27' title="bbox 2069 1587 3677 1673">
    <p class='ocr_par' dir='ltr' id='par_1_27' title="bbox 2069 1587 3677 1673">
     <span class='ocr_line' id='line_1_27' title="bbox 2069 1587 3677 1673; baseline -0.011 -18"><span class='ocrx_word' id='word_1_186' title='bbox 2069 1602 2276 1673; x_wconf 82' lang='lat' dir='ltr'><strong>pter’ea</strong></span> <span class='ocrx_word' id='word_1_187' title='bbox 2304 1613 2429 1671; x_wconf 67' lang='lat' dir='ltr'><strong>quze</strong></span> <span class='ocrx_word' id='word_1_188' title='bbox 2469 1596 2602 1652; x_wconf 80' lang='lat' dir='ltr'><strong>facit</strong></span> <span class='ocrx_word' id='word_1_189' title='bbox 2629 1602 2684 1652; x_wconf 89' lang='lat' dir='ltr'><strong>et</strong></span> <span class='ocrx_word' id='word_1_190' title='bbox 2719 1601 3001 1665; x_wconf 86' lang='lat' dir='ltr'><strong>operatur.</strong></span> <span class='ocrx_word' id='word_1_191' title='bbox 3048 1588 3279 1644; x_wconf 84' lang='lat' dir='ltr'><strong>Frustra</strong></span> <span class='ocrx_word' id='word_1_192' title='bbox 3320 1587 3504 1655; x_wconf 87' lang='lat' dir='ltr'><strong>itaque</strong></span> <span class='ocrx_word' id='word_1_193' title='bbox 3549 1598 3677 1654; x_wconf 83' lang='lat' dir='ltr'><strong>per-</strong></span> 
     </span>
    </p>
   </div>
   <div class='ocr_carea' id='block_1_28' title="bbox 2071 1679 3676 1764">
    <p class='ocr_par' dir='ltr' id='par_1_28' title="bbox 2071 1679 3676 1764">
     <span class='ocr_line' id='line_1_28' title="bbox 2071 1679 3676 1764; baseline -0.012 -14"><span class='ocrx_word' id='word_1_194' title='bbox 2071 1700 2380 1764; x_wconf 87' lang='lat' dir='ltr'><strong>sequuntur</strong></span> <span class='ocrx_word' id='word_1_195' title='bbox 2411 1706 2559 1757; x_wconf 92' lang='lat' dir='ltr'><strong>eum,</strong></span> <span class='ocrx_word' id='word_1_196' title='bbox 2590 1686 2741 1759; x_wconf 80' lang='lat' dir='ltr'><strong>quod</strong></span> <span class='ocrx_word' id='word_1_197' title='bbox 2780 1687 2838 1741; x_wconf 90' lang='lat' dir='ltr'><strong>in</strong></span> <span class='ocrx_word' id='word_1_198' title='bbox 2885 1684 3131 1740; x_wconf 86' lang='lat' dir='ltr'><strong>Sabbato</strong></span> <span class='ocrx_word' id='word_1_199' title='bbox 3163 1679 3417 1735; x_wconf 87' lang='lat' dir='ltr'><strong>misereri</strong></span> <span class='ocrx_word' id='word_1_200' title='bbox 3454 1691 3564 1733; x_wconf 91' lang='lat' dir='ltr'><strong>non</strong></span> <span class='ocrx_word' id='word_1_201' title='bbox 3585 1690 3676 1731; x_wconf 84' lang='lat' dir='ltr'><strong>re-</strong></span> 
     </span>
    </p>
   </div>
   <div class='ocr_carea' id='block_1_29' title="bbox 2071 1770 3673 1853">
    <p class='ocr_par' dir='ltr' id='par_1_29' title="bbox 2071 1770 3673 1853">
     <span class='ocr_line' id='line_1_29' title="bbox 2071 1770 3673 1853; baseline -0.012 -12"><span class='ocrx_word' id='word_1_202' title='bbox 2071 1795 2250 1853; x_wconf 89' lang='lat' dir='ltr'><strong>cuset,</strong></span> <span class='ocrx_word' id='word_1_203' title='bbox 2285 1793 2340 1843; x_wconf 90' lang='lat' dir='ltr'><strong>et</strong></span> <span class='ocrx_word' id='word_1_204' title='bbox 2370 1784 2466 1840; x_wconf 93' lang='lat' dir='ltr'><strong>Dei</strong></span> <span class='ocrx_word' id='word_1_205' title='bbox 2499 1798 2564 1838; x_wconf 89' lang='lat' dir='ltr'><strong>ae</strong></span> <span class='ocrx_word' id='word_1_206' title='bbox 2602 1781 2788 1837; x_wconf 85' lang='lat' dir='ltr'><strong>Patris</strong></span> <span class='ocrx_word' id='word_1_207' title='bbox 2839 1777 3062 1851; x_wconf 85' lang='lat' dir='ltr'><strong>placitis</strong></span> <span class='ocrx_word' id='word_1_208' title='bbox 3108 1785 3419 1846; x_wconf 86' lang='lat' dir='ltr'><strong>repugnare</strong></span> <span class='ocrx_word' id='word_1_209' title='bbox 3459 1770 3673 1825; x_wconf 89' lang='lat' dir='ltr'><strong>idcirco</strong></span> 
     </span>
    </p>
   </div>
   <div class='ocr_carea' id='block_1_30' title="bbox 348 1839 1967 1947">
    <p class='ocr_par' dir='ltr' id='par_1_30' title="bbox 348 1839 1959 1936">
     <span class='ocr_line' id='line_1_30' title="bbox 348 1839 1959 1936; baseline 0.006 -22"><span class='ocrx_word' id='word_1_210' title='bbox 348 1860 506 1933; x_wconf 76' lang='grc' dir='ltr'>ϐάτῳ</span> <span class='ocrx_word' id='word_1_211' title='bbox 528 1863 609 1934; x_wconf 83' lang='grc' dir='ltr'>μὴ</span> <span class='ocrx_word' id='word_1_212' title='bbox 640 1839 1107 1936; x_wconf 78' lang='grc' dir='ltr'>παραιτούμενον,</span> <span class='ocrx_word' id='word_1_213' title='bbox 1133 1868 1230 1920; x_wconf 82' lang='grc' dir='ltr'>καὶ</span> <span class='ocrx_word' id='word_1_214' title='bbox 1254 1871 1376 1932; x_wconf 85' lang='grc' dir='ltr'>ταῖς</span> <span class='ocrx_word' id='word_1_215' title='bbox 1400 1866 1493 1921; x_wconf 83' lang='grc' dir='ltr'><strong>τοῦ</strong></span> <span class='ocrx_word' id='word_1_216' title='bbox 1528 1867 1665 1921; x_wconf 87' lang='grc' dir='ltr'>Θεοῦ</span> <span class='ocrx_word' id='word_1_217' title='bbox 1718 1869 1815 1923; x_wconf 77' lang='grc' dir='ltr'><strong>καὶ</strong></span> <span class='ocrx_word' id='word_1_218' title='bbox 1843 1870 1959 1923; x_wconf 87' lang='grc' dir='ltr'>Πα-</span> 
     </span>
    </p>
   </div>
   <div class='ocr_carea' id='block_1_31' title="bbox 2078 1839 3675 1947">
    <p class='ocr_par' dir='ltr' id='par_1_31' title="bbox 2078 1839 3675 1947">
     <span class='ocr_line' id='line_1_31' title="bbox 2078 1839 3675 1947; baseline -0.011 -18"><span class='ocrx_word' id='word_1_219' title='bbox 2078 1839 2575 1947; x_wconf 73' lang='lat' dir='ltr'><strong>deprehenduntur.</strong></span> <span class='ocrx_word' id='word_1_220' title='bbox 2618 1839 2953 1926; x_wconf 71' lang='lat' dir='ltr'><strong>Existimant</strong></span> <span class='ocrx_word' id='word_1_221' title='bbox 2983 1865 3132 1921; x_wconf 91' lang='lat' dir='ltr'><strong>enim</strong></span> <span class='ocrx_word' id='word_1_222' title='bbox 3172 1839 3308 1918; x_wconf 71' lang='lat' dir='ltr'><strong>odio</strong></span> <span class='ocrx_word' id='word_1_223' title='bbox 3353 1854 3675 1916; x_wconf 74' lang='lat' dir='ltr'><strong>habendum</strong></span> 
     </span>
    </p>
   </div>
   <div class='ocr_carea' id='block_1_32' title="bbox 350 1954 1960 2028">
    <p class='ocr_par' dir='ltr' id='par_1_32' title="bbox 350 1954 1960 2028">
     <span class='ocr_line' id='line_1_32' title="bbox 350 1954 1960 2028; baseline -0.004 -9"><span class='ocrx_word' id='word_1_224' title='bbox 350 1954 483 2025; x_wconf 49' lang='grc' dir='ltr'>τρὶς</span> <span class='ocrx_word' id='word_1_225' title='bbox 506 1955 903 2020; x_wconf 80' lang='grc' dir='ltr'>ἀντιτείνοντες</span> <span class='ocrx_word' id='word_1_226' title='bbox 936 1956 1142 2028; x_wconf 70' lang='grc' dir='ltr'>ψήφοις</span> <span class='ocrx_word' id='word_1_227' title='bbox 1169 1957 1259 2013; x_wconf 83' lang='grc' dir='ltr'>διά</span> <span class='ocrx_word' id='word_1_228' title='bbox 1297 1958 1487 2012; x_wconf 84' lang='grc' dir='ltr'>τούτου</span> <span class='ocrx_word' id='word_1_229' title='bbox 1515 1959 1680 2014; x_wconf 87' lang='grc' dir='ltr'>πάλιν</span> <span class='ocrx_word' id='word_1_230' title='bbox 1706 1960 1960 2014; x_wconf 83' lang='grc' dir='ltr'>ἁλίσκον-</span> 
     </span>
    </p>
   </div>
   <div class='ocr_carea' id='block_1_33' title="bbox 357 2048 1963 2125">
    <p class='ocr_par' dir='ltr' id='par_1_33' title="bbox 357 2048 1963 2125">
     <span class='ocr_line' id='line_1_33' title="bbox 357 2048 1963 2125; baseline 0.006 -27"><span class='ocrx_word' id='word_1_231' title='bbox 357 2063 470 2100; x_wconf 85' lang='grc' dir='ltr'>ται.</span> <span class='ocrx_word' id='word_1_232' title='bbox 496 2048 713 2119; x_wconf 82' lang='grc' dir='ltr'>Χρῆναι</span> <span class='ocrx_word' id='word_1_233' title='bbox 759 2049 869 2120; x_wconf 80' lang='grc' dir='ltr'><strong>γὰρ</strong></span> <span class='ocrx_word' id='word_1_234' title='bbox 912 2049 1116 2104; x_wconf 79' lang='grc' dir='ltr'>οἴονται</span> <span class='ocrx_word' id='word_1_235' title='bbox 1172 2053 1372 2122; x_wconf 82' lang='grc' dir='ltr'><strong>μισεῖν,</strong></span> <span class='ocrx_word' id='word_1_236' title='bbox 1442 2052 1502 2107; x_wconf 86' lang='grc' dir='ltr'>ὃν</span> <span class='ocrx_word' id='word_1_237' title='bbox 1540 2052 1704 2117; x_wconf 79' lang='grc' dir='ltr'>αὐτὸς</span> <span class='ocrx_word' id='word_1_238' title='bbox 1748 2053 1963 2125; x_wconf 82' lang='grc' dir='ltr'>ἀγαπᾷ,</span> 
     </span>
    </p>
   </div>
   <div class='ocr_carea' id='block_1_34' title="bbox 355 2136 1962 2219">
    <p class='ocr_par' dir='ltr' id='par_1_34' title="bbox 355 2136 1962 2219">
     <span class='ocr_line' id='line_1_34' title="bbox 355 2136 1962 2219; baseline 0.009 -31"><span class='ocrx_word' id='word_1_239' title='bbox 355 2136 513 2208; x_wconf 74' lang='grc' dir='ltr'>δῆλον</span> <span class='ocrx_word' id='word_1_240' title='bbox 553 2139 614 2193; x_wconf 86' lang='grc' dir='ltr'><strong>δὲ</strong></span> <span class='ocrx_word' id='word_1_241' title='bbox 661 2140 837 2212; x_wconf 82' lang='grc' dir='ltr'>δήπου</span> <span class='ocrx_word' id='word_1_242' title='bbox 877 2143 1098 2207; x_wconf 82' lang='grc' dir='ltr'>πάντως</span> <span class='ocrx_word' id='word_1_243' title='bbox 1150 2144 1322 2210; x_wconf 74' lang='grc' dir='ltr'>ἐστὶν,</span> <span class='ocrx_word' id='word_1_244' title='bbox 1353 2143 1430 2208; x_wconf 82' lang='grc' dir='ltr'><strong>ὡς</strong></span> <span class='ocrx_word' id='word_1_245' title='bbox 1455 2144 1555 2199; x_wconf 80' lang='grc' dir='ltr'>οὐκ</span> <span class='ocrx_word' id='word_1_246' title='bbox 1596 2145 1663 2201; x_wconf 80' lang='grc' dir='ltr'>ἂν</span> <span class='ocrx_word' id='word_1_247' title='bbox 1704 2147 1962 2219; x_wconf 79' lang='grc' dir='ltr'>ὴγάπησὲ</span> 
     </span>
    </p>
   </div>
   <div class='ocr_carea' id='block_1_35' title="bbox 350 2233 1960 2312">
    <p class='ocr_par' dir='ltr' id='par_1_35' title="bbox 350 2233 1960 2312">
     <span class='ocr_line' id='line_1_35' title="bbox 350 2233 1960 2312; baseline 0.007 -28"><span class='ocrx_word' id='word_1_248' title='bbox 350 2246 490 2285; x_wconf 79' lang='grc' dir='ltr'>ποτε</span> <span class='ocrx_word' id='word_1_249' title='bbox 519 2233 622 2305; x_wconf 81' lang='grc' dir='ltr'>τὴν</span> <span class='ocrx_word' id='word_1_250' title='bbox 662 2233 754 2288; x_wconf 83' lang='grc' dir='ltr'><strong>τοῦ</strong></span> <span class='ocrx_word' id='word_1_251' title='bbox 782 2236 1034 2301; x_wconf 79' lang='grc' dir='ltr'><strong>τεκόντος</strong></span> <span class='ocrx_word' id='word_1_252' title='bbox 1056 2238 1220 2292; x_wconf 84' lang='grc' dir='ltr'>αὐτὸν</span> <span class='ocrx_word' id='word_1_253' title='bbox 1244 2242 1662 2310; x_wconf 80' lang='grc' dir='ltr'>παρατρέχοντα</span> <span class='ocrx_word' id='word_1_254' title='bbox 1685 2239 1960 2312; x_wconf 74' lang='grc' dir='ltr'>βούλησιν,</span> 
     </span>
    </p>
   </div>
   <div class='ocr_carea' id='block_1_36' title="bbox 351 2325 1965 2404">
    <p class='ocr_par' dir='ltr' id='par_1_36' title="bbox 351 2325 1965 2404">
     <span class='ocr_line' id='line_1_36' title="bbox 351 2325 1965 2404; baseline 0.005 -25"><span class='ocrx_word' id='word_1_255' title='bbox 351 2325 454 2379; x_wconf 79' lang='grc' dir='ltr'>καὶ</span> <span class='ocrx_word' id='word_1_256' title='bbox 489 2326 600 2398; x_wconf 67' lang='grc' dir='ltr'>ἰδίᾳ</span> <span class='ocrx_word' id='word_1_257' title='bbox 654 2328 749 2381; x_wconf 75' lang='grc' dir='ltr'>καὶ</span> <span class='ocrx_word' id='word_1_258' title='bbox 794 2329 956 2400; x_wconf 86' lang='grc' dir='ltr'>μόνον</span> <span class='ocrx_word' id='word_1_259' title='bbox 991 2331 1130 2400; x_wconf 84' lang='grc' dir='ltr'>ὅπερ</span> <span class='ocrx_word' id='word_1_260' title='bbox 1183 2329 1250 2385; x_wconf 83' lang='grc' dir='ltr'><strong>ἂν</strong></span> <span class='ocrx_word' id='word_1_261' title='bbox 1298 2330 1464 2394; x_wconf 83' lang='grc' dir='ltr'>αὐτὸς</span> <span class='ocrx_word' id='word_1_262' title='bbox 1501 2330 1759 2404; x_wconf 76' lang='grc' dir='ltr'>ἐθελήσαι</span> <span class='ocrx_word' id='word_1_263' title='bbox 1790 2336 1965 2387; x_wconf 78' lang='grc' dir='ltr'><strong>ποιεῖν</strong></span> 
     </span>
    </p>
   </div>
   <div class='ocr_carea' id='block_1_37' title="bbox 348 2417 1968 2494">
    <p class='ocr_par' dir='ltr' id='par_1_37' title="bbox 348 2417 1968 2494">
     <span class='ocr_line' id='line_1_37' title="bbox 348 2417 1968 2494; baseline 0.003 -23"><span class='ocrx_word' id='word_1_264' title='bbox 348 2417 690 2489; x_wconf 78' lang='grc' dir='ltr'>εἰθισμένον.</span> <span class='ocrx_word' id='word_1_265' title='bbox 741 2422 960 2492; x_wconf 83' lang='grc' dir='ltr'><strong>Ἐπειδὴ</strong></span> <span class='ocrx_word' id='word_1_266' title='bbox 989 2420 1047 2475; x_wconf 82' lang='grc' dir='ltr'><strong>δὲ</strong></span> <span class='ocrx_word' id='word_1_267' title='bbox 1079 2421 1300 2486; x_wconf 78' lang='grc' dir='ltr'><strong>δικαίως</strong></span> <span class='ocrx_word' id='word_1_268' title='bbox 1349 2421 1563 2492; x_wconf 73' lang='grc' dir='ltr'>ἀγαπᾷ,</span> <span class='ocrx_word' id='word_1_269' title='bbox 1597 2427 1837 2478; x_wconf 87' lang='grc' dir='ltr'>συναινεί</span> <span class='ocrx_word' id='word_1_270' title='bbox 1873 2423 1968 2494; x_wconf 82' lang='grc' dir='ltr'><strong>δη-</strong></span> 
     </span>
    </p>
   </div>
   <div class='ocr_carea' id='block_1_38' title="bbox 2071 1952 3676 2037">
    <p class='ocr_par' dir='ltr' id='par_1_38' title="bbox 2071 1952 3676 2037">
     <span class='ocr_line' id='line_1_38' title="bbox 2071 1952 3676 2037; baseline -0.011 -14"><span class='ocrx_word' id='word_1_271' title='bbox 2071 1981 2234 2037; x_wconf 89' lang='lat' dir='ltr'><strong>quem</strong></span> <span class='ocrx_word' id='word_1_272' title='bbox 2270 1966 2390 2036; x_wconf 89' lang='lat' dir='ltr'><strong>ipse</strong></span> <span class='ocrx_word' id='word_1_273' title='bbox 2423 1964 2634 2035; x_wconf 82' lang='lat' dir='ltr'><strong>diligit;</strong></span> <span class='ocrx_word' id='word_1_274' title='bbox 2674 1959 3029 2017; x_wconf 86' lang='lat' dir='ltr'><strong>manifestum</strong></span> <span class='ocrx_word' id='word_1_275' title='bbox 3053 1964 3137 2013; x_wconf 86' lang='lat' dir='ltr'><strong>est</strong></span> <span class='ocrx_word' id='word_1_276' title='bbox 3164 1966 3347 2010; x_wconf 86' lang='lat' dir='ltr'><strong>autem</strong></span> <span class='ocrx_word' id='word_1_277' title='bbox 3387 1952 3533 2024; x_wconf 88' lang='lat' dir='ltr'><strong>quod</strong></span> <span class='ocrx_word' id='word_1_278' title='bbox 3559 1967 3676 2008; x_wconf 87' lang='lat' dir='ltr'><strong>non</strong></span> 
     </span>
    </p>
   </div>
   <div class='ocr_carea' id='block_1_39' title="bbox 2070 2051 3675 2122">
    <p class='ocr_par' dir='ltr' id='par_1_39' title="bbox 2070 2051 3675 2122">
     <span class='ocr_line' id='line_1_39' title="bbox 2070 2051 3675 2122; baseline -0.011 -5"><span class='ocrx_word' id='word_1_279' title='bbox 2070 2061 2359 2118; x_wconf 80' lang='lat' dir='ltr'><strong>dilexisset</strong></span> <span class='ocrx_word' id='word_1_280' title='bbox 2417 2073 2567 2122; x_wconf 91' lang='lat' dir='ltr'><strong>eum,</strong></span> <span class='ocrx_word' id='word_1_281' title='bbox 2626 2055 2810 2112; x_wconf 87' lang='lat' dir='ltr'><strong>Patris</strong></span> <span class='ocrx_word' id='word_1_282' title='bbox 2841 2054 2926 2110; x_wconf 90' lang='lat' dir='ltr'><strong>sui</strong></span> <span class='ocrx_word' id='word_1_283' title='bbox 2974 2051 3312 2107; x_wconf 79' lang='lat' dir='ltr'><strong>voluntatem</strong></span> <span class='ocrx_word' id='word_1_284' title='bbox 3351 2057 3675 2119; x_wconf 64' lang='lat' dir='ltr'><strong>praetergre~</strong></span> 
     </span>
    </p>
   </div>
   <div class='ocr_carea' id='block_1_40' title="bbox 2069 2139 3673 2219">
    <p class='ocr_par' dir='ltr' id='par_1_40' title="bbox 2069 2139 3673 2219">
     <span class='ocr_line' id='line_1_40' title="bbox 2069 2139 3673 2219; baseline -0.008 -12"><span class='ocrx_word' id='word_1_285' title='bbox 2069 2155 2337 2217; x_wconf 90' lang='lat' dir='ltr'><strong>dientem,</strong></span> <span class='ocrx_word' id='word_1_286' title='bbox 2373 2159 2427 2206; x_wconf 92' lang='lat' dir='ltr'><strong>et</strong></span> <span class='ocrx_word' id='word_1_287' title='bbox 2457 2150 2690 2207; x_wconf 87' lang='lat' dir='ltr'><strong>seorsim</strong></span> <span class='ocrx_word' id='word_1_288' title='bbox 2706 2146 2854 2219; x_wconf 89' lang='lat' dir='ltr'><strong>quod</strong></span> <span class='ocrx_word' id='word_1_289' title='bbox 2876 2145 2979 2200; x_wconf 85' lang='lat' dir='ltr'><strong>sibi</strong></span> <span class='ocrx_word' id='word_1_290' title='bbox 3000 2144 3215 2215; x_wconf 83' lang='lat' dir='ltr'><strong>placeat</strong></span> <span class='ocrx_word' id='word_1_291' title='bbox 3236 2156 3396 2213; x_wconf 83' lang='lat' dir='ltr'><strong>agere</strong></span> <span class='ocrx_word' id='word_1_292' title='bbox 3426 2139 3673 2195; x_wconf 88' lang='lat' dir='ltr'><strong>solitum.</strong></span> 
     </span>
    </p>
   </div>
   <div class='ocr_carea' id='block_1_41' title="bbox 2072 2228 3676 2315">
    <p class='ocr_par' dir='ltr' id='par_1_41' title="bbox 2072 2228 3676 2315">
     <span class='ocr_line' id='line_1_41' title="bbox 2072 2228 3676 2315; baseline -0.012 -14"><span class='ocrx_word' id='word_1_293' title='bbox 2072 2244 2181 2302; x_wconf 86' lang='lat' dir='ltr'><strong>Sed</strong></span> <span class='ocrx_word' id='word_1_294' title='bbox 2214 2258 2341 2299; x_wconf 89' lang='lat' dir='ltr'><strong>cum</strong></span> <span class='ocrx_word' id='word_1_295' title='bbox 2368 2244 2493 2315; x_wconf 87' lang='lat' dir='ltr'><strong>jure</strong></span> <span class='ocrx_word' id='word_1_296' title='bbox 2522 2242 2735 2314; x_wconf 82' lang='lat' dir='ltr'><strong>diligat,</strong></span> <span class='ocrx_word' id='word_1_297' title='bbox 2768 2236 3050 2294; x_wconf 88' lang='lat' dir='ltr'><strong>consentit</strong></span> <span class='ocrx_word' id='word_1_298' title='bbox 3089 2234 3352 2289; x_wconf 88' lang='lat' dir='ltr'><strong>nimirum</strong></span> <span class='ocrx_word' id='word_1_299' title='bbox 3396 2237 3451 2286; x_wconf 92' lang='lat' dir='ltr'><strong>ct</strong></span> <span class='ocrx_word' id='word_1_300' title='bbox 3509 2228 3676 2284; x_wconf 81' lang='lat' dir='ltr'><strong>simul</strong></span> 
     </span>
    </p>
   </div>
   <div class='ocr_carea' id='block_1_42' title="bbox 2074 2324 3676 2400">
    <p class='ocr_par' dir='ltr' id='par_1_42' title="bbox 2074 2324 3676 2400">
     <span class='ocr_line' id='line_1_42' title="bbox 2074 2324 3676 2400; baseline -0.011 -8"><span class='ocrx_word' id='word_1_301' title='bbox 2074 2334 2269 2393; x_wconf 84' lang='lat' dir='ltr'><strong>annuit</strong></span> <span class='ocrx_word' id='word_1_302' title='bbox 2299 2336 2435 2393; x_wconf 90' lang='lat' dir='ltr'><strong>solvi</strong></span> <span class='ocrx_word' id='word_1_303' title='bbox 2463 2334 2788 2397; x_wconf 88' lang='lat' dir='ltr'><strong>Sabbatum,</strong></span> <span class='ocrx_word' id='word_1_304' title='bbox 2816 2329 3065 2400; x_wconf 82' lang='lat' dir='ltr'><strong>nihilque</strong></span> <span class='ocrx_word' id='word_1_305' title='bbox 3085 2327 3290 2382; x_wconf 88' lang='lat' dir='ltr'><strong>habere</strong></span> <span class='ocrx_word' id='word_1_306' title='bbox 3306 2324 3676 2383; x_wconf 85' lang='lat' dir='ltr'><strong>demonstrat,</strong></span> 
     </span>
    </p>
   </div>
   <div class='ocr_carea' id='block_1_43' title="bbox 2076 2417 3499 2501">
    <p class='ocr_par' dir='ltr' id='par_1_43' title="bbox 2076 2417 3499 2501">
     <span class='ocr_line' id='line_1_43' title="bbox 2076 2417 3499 2501; baseline -0.011 -16"><span class='ocrx_word' id='word_1_307' title='bbox 2076 2431 2148 2485; x_wconf 80' lang='lat' dir='ltr'><strong>ob</strong></span> <span class='ocrx_word' id='word_1_308' title='bbox 2180 2431 2328 2501; x_wconf 85' lang='lat' dir='ltr'><strong>quod</strong></span> <span class='ocrx_word' id='word_1_309' title='bbox 2367 2427 2517 2486; x_wconf 91' lang='lat' dir='ltr'><strong>Deus</strong></span> <span class='ocrx_word' id='word_1_310' title='bbox 2547 2427 2684 2497; x_wconf 76' lang='lat' dir='ltr'><strong>legis</strong></span> <span class='ocrx_word' id='word_1_311' title='bbox 2716 2423 2982 2480; x_wconf 85' lang='lat' dir='ltr'><strong>Dominus</strong></span> <span class='ocrx_word' id='word_1_312' title='bbox 3002 2421 3128 2492; x_wconf 86' lang='lat' dir='ltr'><strong>jure</strong></span> <span class='ocrx_word' id='word_1_313' title='bbox 3160 2417 3499 2488; x_wconf 83' lang='lat' dir='ltr'><strong>indignetur.</strong></span> 
     </span>
    </p>
   </div>
   <div class='ocr_carea' id='block_1_44' title="bbox 351 2501 3675 2593">
    <p class='ocr_par' dir='ltr' id='par_1_44' title="bbox 351 2501 3675 2593">
     <span class='ocr_line' id='line_1_44' title="bbox 351 2501 3675 2593; baseline -0.002 -30"><span class='ocrx_word' id='word_1_314' title='bbox 351 2509 540 2564; x_wconf 81' lang='grc' dir='ltr'>λονότι</span> <span class='ocrx_word' id='word_1_315' title='bbox 606 2510 703 2564; x_wconf 77' lang='grc' dir='ltr'>καὶ</span> <span class='ocrx_word' id='word_1_316' title='bbox 766 2512 1166 2581; x_wconf 88' lang='grc' dir='ltr'>συγκατανεύει</span> <span class='ocrx_word' id='word_1_317' title='bbox 1189 2511 1286 2566; x_wconf 87' lang='grc' dir='ltr'><strong>τοῦ</strong></span> <span class='ocrx_word' id='word_1_318' title='bbox 1320 2510 1605 2566; x_wconf 74' lang='grc' dir='ltr'>Σαϐϐάτου</span> <span class='ocrx_word' id='word_1_319' title='bbox 1645 2510 1745 2583; x_wconf 76' lang='grc' dir='ltr'>τὴν</span> <span class='ocrx_word' id='word_1_320' title='bbox 1797 2512 1972 2582; x_wconf 80' lang='grc' dir='ltr'>λύσιν,</span> <span class='ocrx_word' id='word_1_321' title='bbox 2010 2519 2107 2572; x_wconf 70' lang='grc' dir='ltr'>καὶ</span> <span class='ocrx_word' id='word_1_322' title='bbox 2143 2521 2299 2575; x_wconf 75' lang='grc' dir='ltr'>οὐδὲν</span> <span class='ocrx_word' id='word_1_323' title='bbox 2332 2519 2566 2593; x_wconf 76' lang='grc' dir='ltr'>ἔχουσαν</span> <span class='ocrx_word' id='word_1_324' title='bbox 2592 2513 2924 2571; x_wconf 75' lang='grc' dir='ltr'><strong>ἐπιδεικνύει</strong></span> <span class='ocrx_word' id='word_1_325' title='bbox 2946 2511 3009 2565; x_wconf 82' lang='grc' dir='ltr'>τὸ</span> <span class='ocrx_word' id='word_1_326' title='bbox 3037 2509 3124 2581; x_wconf 73' lang='grc' dir='ltr'><strong>ἐφ’</strong></span> <span class='ocrx_word' id='word_1_327' title='bbox 3178 2501 3334 2578; x_wconf 80' lang='grc' dir='ltr'>ᾧπερ</span> <span class='ocrx_word' id='word_1_328' title='bbox 3355 2506 3421 2559; x_wconf 86' lang='grc' dir='ltr'>ἂν</span> <span class='ocrx_word' id='word_1_329' title='bbox 3448 2502 3675 2565; x_wconf 78' lang='grc' dir='ltr'><strong>εἰκότως</strong></span> 
     </span>
    </p>
   </div>
   <div class='ocr_carea' id='block_1_45' title="bbox 353 2604 1543 2678">
    <p class='ocr_par' dir='ltr' id='par_1_45' title="bbox 353 2604 1543 2678">
     <span class='ocr_line' id='line_1_45' title="bbox 353 2604 1543 2678; baseline 0 -19"><span class='ocrx_word' id='word_1_330' title='bbox 353 2605 752 2676; x_wconf 79' lang='grc' dir='ltr'>ἀγανακτῆσαι</span> <span class='ocrx_word' id='word_1_331' title='bbox 787 2606 921 2671; x_wconf 78' lang='grc' dir='ltr'>Θεὸς</span> <span class='ocrx_word' id='word_1_332' title='bbox 945 2609 974 2660; x_wconf 90' lang='lat'><strong>6</strong></span> <span class='ocrx_word' id='word_1_333' title='bbox 995 2606 1089 2660; x_wconf 87' lang='grc' dir='ltr'><strong>τοῦ</strong></span> <span class='ocrx_word' id='word_1_334' title='bbox 1122 2604 1543 2678; x_wconf 72' lang='grc' dir='ltr'>νόμουιΚύριος.</span> 
     </span>
    </p>
   </div>
   <div class='ocr_carea' id='block_1_46' title="bbox 429 2700 1821 2771">
    <p class='ocr_par' dir='ltr' id='par_1_46' title="bbox 429 2700 1821 2771">
     <span class='ocr_line' id='line_1_46' title="bbox 429 2700 1821 2771; baseline 0.002 -15"><span class='ocrx_word' id='word_1_335' title='bbox 429 2700 547 2756; x_wconf 79' lang='grc' dir='ltr'><strong>Καὶ</strong></span> <span class='ocrx_word' id='word_1_336' title='bbox 570 2701 772 2757; x_wconf 78' lang='grc' dir='ltr'>πάντα</span> <span class='ocrx_word' id='word_1_337' title='bbox 800 2701 1119 2756; x_wconf 77' lang='grc' dir='ltr'>δείκνυσιν</span> <span class='ocrx_word' id='word_1_338' title='bbox 1148 2701 1331 2768; x_wconf 79' lang='grc' dir='ltr'>αὐτῷ,</span> <span class='ocrx_word' id='word_1_339' title='bbox 1363 2701 1403 2757; x_wconf 84' lang='lat' dir='ltr'><strong>d</strong></span> <span class='ocrx_word' id='word_1_340' title='bbox 1426 2703 1613 2771; x_wconf 79' lang='grc' dir='ltr'>αὐτὸς</span> <span class='ocrx_word' id='word_1_341' title='bbox 1641 2704 1821 2759; x_wconf 79' lang='grc' dir='ltr'>ποιεῖ,</span> 
     </span>
    </p>
   </div>
   <div class='ocr_carea' id='block_1_47' title="bbox 444 2792 1968 2866">
    <p class='ocr_par' dir='ltr' id='par_1_47' title="bbox 444 2792 1968 2866">
     <span class='ocr_line' id='line_1_47' title="bbox 444 2792 1968 2866; baseline 0.003 -20"><span class='ocrx_word' id='word_1_342' title='bbox 444 2793 792 2861; x_wconf 74' lang='grc' dir='ltr'>Ἀναγκαίως</span> <span class='ocrx_word' id='word_1_343' title='bbox 837 2793 931 2865; x_wconf 68' lang='grc' dir='ltr'>καὶ</span> <span class='ocrx_word' id='word_1_344' title='bbox 970 2792 1146 2846; x_wconf 83' lang='grc' dir='ltr'>ταῦτα</span> <span class='ocrx_word' id='word_1_345' title='bbox 1174 2796 1287 2857; x_wconf 88' lang='grc' dir='ltr'>τοῖς</span> <span class='ocrx_word' id='word_1_346' title='bbox 1328 2794 1696 2866; x_wconf 81' lang='grc' dir='ltr'>προλαϐοῦσιν</span> <span class='ocrx_word' id='word_1_347' title='bbox 1750 2796 1968 2865; x_wconf 80' lang='grc' dir='ltr'><strong>ἐπάγει,</strong></span> 
     </span>
    </p>
   </div>
   <div class='ocr_carea' id='block_1_48' title="bbox 351 2883 1970 2977">
    <p class='ocr_par' dir='ltr' id='par_1_48' title="bbox 351 2883 1970 2977">
     <span class='ocr_line' id='line_1_48' title="bbox 351 2883 1970 2977; baseline 0.001 -36"><span class='ocrx_word' id='word_1_348' title='bbox 351 2885 458 2941; x_wconf 74' lang='grc' dir='ltr'>καὶ</span> <span class='ocrx_word' id='word_1_349' title='bbox 474 2884 571 2939; x_wconf 75' lang='grc' dir='ltr'><strong>διά</strong></span> <span class='ocrx_word' id='word_1_350' title='bbox 597 2883 756 2977; x_wconf 77' lang='grc' dir='ltr'>ποίαν</span> <span class='ocrx_word' id='word_1_351' title='bbox 782 2884 986 2951; x_wconf 78' lang='grc' dir='ltr'>αἰτίαν,</span> <span class='ocrx_word' id='word_1_352' title='bbox 1024 2884 1135 2958; x_wconf 75' lang='grc' dir='ltr'><strong>ἐρῶ</strong></span> <span class='ocrx_word' id='word_1_353' title='bbox 1159 2884 1222 2957; x_wconf 88' lang='grc' dir='ltr'>δὴ</span> <span class='ocrx_word' id='word_1_354' title='bbox 1252 2885 1431 2941; x_wconf 83' lang='grc' dir='ltr'>πάλιν.</span> <span class='ocrx_word' id='word_1_355' title='bbox 1453 2888 1699 2958; x_wconf 81' lang='grc' dir='ltr'>Πατέρες</span> <span class='ocrx_word' id='word_1_356' title='bbox 1730 2888 1831 2959; x_wconf 85' lang='grc' dir='ltr'>μὲν</span> <span class='ocrx_word' id='word_1_357' title='bbox 1860 2890 1970 2963; x_wconf 83' lang='grc' dir='ltr'>γὰρ</span> 
     </span>
    </p>
   </div>
   <div class='ocr_carea' id='block_1_49' title="bbox 350 2977 1969 3050">
    <p class='ocr_par' dir='ltr' id='par_1_49' title="bbox 350 2977 1969 3050">
     <span class='ocr_line' id='line_1_49' title="bbox 350 2977 1969 3050; baseline 0.001 -18"><span class='ocrx_word' id='word_1_358' title='bbox 350 2979 411 3033; x_wconf 78' lang='grc' dir='ltr'>οἱ</span> <span class='ocrx_word' id='word_1_359' title='bbox 441 2978 578 3048; x_wconf 86' lang='grc' dir='ltr'>παρ’</span> <span class='ocrx_word' id='word_1_360' title='bbox 607 2977 762 3048; x_wconf 84' lang='grc' dir='ltr'>ἡμῖν,</span> <span class='ocrx_word' id='word_1_361' title='bbox 802 2980 1066 3047; x_wconf 77' lang='grc' dir='ltr'><strong>φυσικαῖς</strong></span> <span class='ocrx_word' id='word_1_362' title='bbox 1098 2977 1211 3032; x_wconf 72' lang='grc' dir='ltr'>ἐσθ’</span> <span class='ocrx_word' id='word_1_363' title='bbox 1233 2979 1323 3032; x_wconf 81' lang='grc' dir='ltr'>ὅτε</span> <span class='ocrx_word' id='word_1_364' title='bbox 1344 2979 1754 3050; x_wconf 84' lang='grc' dir='ltr'>φιλοστοργίαις</span> <span class='ocrx_word' id='word_1_365' title='bbox 1790 2978 1969 3046; x_wconf 79' lang='grc' dir='ltr'>ἡττώ-</span> 
     </span>
    </p>
   </div>
   <div class='ocr_carea' id='block_1_50' title="bbox 356 3067 1970 3142">
    <p class='ocr_par' dir='ltr' id='par_1_50' title="bbox 356 3067 1970 3142">
     <span class='ocr_line' id='line_1_50' title="bbox 356 3067 1970 3142; baseline 0.002 -19"><span class='ocrx_word' id='word_1_366' title='bbox 356 3086 548 3142; x_wconf 78' lang='grc' dir='ltr'>μενοι,</span> <span class='ocrx_word' id='word_1_367' title='bbox 577 3070 674 3123; x_wconf 78' lang='grc' dir='ltr'>καὶ</span> <span class='ocrx_word' id='word_1_368' title='bbox 717 3067 1037 3124; x_wconf 85' lang='grc' dir='ltr'>λυπούντων</span> <span class='ocrx_word' id='word_1_369' title='bbox 1075 3070 1361 3142; x_wconf 84' lang='grc' dir='ltr'>ἀνέχονται</span> <span class='ocrx_word' id='word_1_370' title='bbox 1394 3070 1504 3125; x_wconf 84' lang='grc' dir='ltr'><strong>τῶν</strong></span> <span class='ocrx_word' id='word_1_371' title='bbox 1538 3071 1694 3137; x_wconf 76' lang='grc' dir='ltr'><strong>υἱῶν,</strong></span> <span class='ocrx_word' id='word_1_372' title='bbox 1731 3072 1825 3125; x_wconf 76' lang='grc' dir='ltr'>καὶ</span> <span class='ocrx_word' id='word_1_373' title='bbox 1855 3075 1970 3137; x_wconf 85' lang='grc' dir='ltr'>τοῖς</span> 
     </span>
    </p>
   </div>
   <div class='ocr_carea' id='block_1_51' title="bbox 353 3160 1967 3235">
    <p class='ocr_par' dir='ltr' id='par_1_51' title="bbox 353 3160 1967 3235">
     <span class='ocr_line' id='line_1_51' title="bbox 353 3160 1967 3235; baseline 0.001 -18"><span class='ocrx_word' id='word_1_374' title='bbox 353 3163 521 3232; x_wconf 83' lang='grc' dir='ltr'><strong>παρά</strong></span> <span class='ocrx_word' id='word_1_375' title='bbox 550 3161 780 3234; x_wconf 81' lang='grc' dir='ltr'>γνώμην</span> <span class='ocrx_word' id='word_1_376' title='bbox 819 3160 1230 3233; x_wconf 78' lang='grc' dir='ltr'>ἐπιχειροῦντες</span> <span class='ocrx_word' id='word_1_377' title='bbox 1279 3161 1526 3235; x_wconf 82' lang='grc' dir='ltr'>ὁρῶντας</span> <span class='ocrx_word' id='word_1_378' title='bbox 1578 3163 1967 3228; x_wconf 79' lang='grc' dir='ltr'>ἀνεξικακοῦσι</span> 
     </span>
    </p>
   </div>
   <div class='ocr_carea' id='block_1_52' title="bbox 355 3223 2044 3328">
    <p class='ocr_par' dir='ltr' id='par_1_52' title="bbox 355 3223 2044 3328">
     <span class='ocr_line' id='line_1_52' title="bbox 355 3223 2044 3328; baseline 0.001 -20"><span class='ocrx_word' id='word_1_379' title='bbox 355 3223 653 3317; x_wconf 77' lang='grc' dir='ltr'>πολλάκις.</span> <span class='ocrx_word' id='word_1_380' title='bbox 669 3223 895 3326; x_wconf 52' lang='grc' dir='ltr'>’Δριμὺς</span> <span class='ocrx_word' id='word_1_381' title='bbox 1037 3271 1121 3319; x_wconf 80' lang='grc' dir='ltr'><strong>τις</strong></span> <span class='ocrx_word' id='word_1_382' title='bbox 1151 3223 1335 3319; x_wconf 69' lang='grc' dir='ltr'>αύτοῖς</span> <span class='ocrx_word' id='word_1_383' title='bbox 1353 3223 1525 3327; x_wconf 60' lang='grc' dir='ltr'>εἰπε.ρί</span> <span class='ocrx_word' id='word_1_384' title='bbox 1555 3223 1752 3320; x_wconf 72' lang='grc' dir='ltr'>παῖδας</span> <span class='ocrx_word' id='word_1_385' title='bbox 1774 3255 1971 3328; x_wconf 79' lang='grc' dir='ltr'>ὲνῴκι-</span> <span class='ocrx_word' id='word_1_386' title='bbox 2000 3223 2044 3285; x_wconf 78' lang='lat' dir='ltr'><strong>C</strong></span> 
     </span>
    </p>
   </div>
   <div class='ocr_carea' id='block_1_53' title="bbox 358 3346 1972 3421">
    <p class='ocr_par' dir='ltr' id='par_1_53' title="bbox 358 3346 1972 3421">
     <span class='ocr_line' id='line_1_53' title="bbox 358 3346 1972 3421; baseline 0 -18"><span class='ocrx_word' id='word_1_387' title='bbox 358 3365 495 3403; x_wconf 85' lang='grc' dir='ltr'>σται</span> <span class='ocrx_word' id='word_1_388' title='bbox 530 3346 911 3410; x_wconf 82' lang='grc' dir='ltr'>πόθος.πᾶσαν</span> <span class='ocrx_word' id='word_1_389' title='bbox 931 3346 1244 3402; x_wconf 83' lang='grc' dir='ltr'>ἀναπείθων</span> <span class='ocrx_word' id='word_1_390' title='bbox 1275 3346 1372 3420; x_wconf 70' lang='grc' dir='ltr'>τὴν</span> <span class='ocrx_word' id='word_1_391' title='bbox 1391 3350 1481 3402; x_wconf 76' lang='grc' dir='ltr'><strong>ἐπ’</strong></span> <span class='ocrx_word' id='word_1_392' title='bbox 1508 3347 1740 3412; x_wconf 81' lang='grc' dir='ltr'>ἐκείνοις</span> <span class='ocrx_word' id='word_1_393' title='bbox 1777 3366 1972 3421; x_wconf 81' lang='grc' dir='ltr'>μικρο-</span> 
     </span>
    </p>
   </div>
   <div class='ocr_carea' id='block_1_54' title="bbox 357 3438 1974 3513">
    <p class='ocr_par' dir='ltr' id='par_1_54' title="bbox 357 3438 1974 3513">
     <span class='ocr_line' id='line_1_54' title="bbox 357 3438 1974 3513; baseline -0.001 -18"><span class='ocrx_word' id='word_1_394' title='bbox 357 3441 577 3513; x_wconf 80' lang='grc' dir='ltr'>ψυχίαν</span> <span class='ocrx_word' id='word_1_395' title='bbox 614 3440 980 3496; x_wconf 80' lang='grc' dir='ltr'>πλεονεκτεῖν.</span> <span class='ocrx_word' id='word_1_396' title='bbox 1029 3439 1170 3493; x_wconf 84' lang='grc' dir='ltr'>Ἀλλ’</span> <span class='ocrx_word' id='word_1_397' title='bbox 1208 3440 1307 3511; x_wconf 81' lang='grc' dir='ltr'><strong>οὐχ</strong></span> <span class='ocrx_word' id='word_1_398' title='bbox 1340 3438 1537 3505; x_wconf 76' lang='grc' dir='ltr'>οὕτως,</span> <span class='ocrx_word' id='word_1_399' title='bbox 1569 3440 1756 3511; x_wconf 64' lang='grc' dir='ltr'>φησὶν,</span> <span class='ocrx_word' id='word_1_400' title='bbox 1782 3441 1974 3512; x_wconf 81' lang='grc' dir='ltr'>ἀγαπᾷ</span> 
     </span>
    </p>
   </div>
   <div class='ocr_carea' id='block_1_55' title="bbox 359 3521 1971 3604">
    <p class='ocr_par' dir='ltr' id='par_1_55' title="bbox 359 3521 1971 3604">
     <span class='ocr_line' id='line_1_55' title="bbox 359 3521 1971 3604; baseline -0.002 -16"><span class='ocrx_word' id='word_1_401' title='bbox 359 3532 463 3588; x_wconf 79' lang='grc' dir='ltr'>τὸν</span> <span class='ocrx_word' id='word_1_402' title='bbox 493 3532 626 3587; x_wconf 84' lang='grc' dir='ltr'><strong>Υἱὸν</strong></span> <span class='ocrx_word' id='word_1_403' title='bbox 643 3536 671 3588; x_wconf 88' lang='lat'><strong>6</strong></span> <span class='ocrx_word' id='word_1_404' title='bbox 693 3521 830 3596; x_wconf 72' lang='grc' dir='ltr'>Θεὸς</span> <span class='ocrx_word' id='word_1_405' title='bbox 857 3532 956 3586; x_wconf 77' lang='grc' dir='ltr'>καὶ</span> <span class='ocrx_word' id='word_1_406' title='bbox 972 3531 1184 3604; x_wconf 79' lang='grc' dir='ltr'>Πατήρ.</span> <span class='ocrx_word' id='word_1_407' title='bbox 1215 3531 1291 3585; x_wconf 83' lang='grc' dir='ltr'><strong>υύ</strong></span> <span class='ocrx_word' id='word_1_408' title='bbox 1312 3530 1538 3585; x_wconf 84' lang='grc' dir='ltr'>δύναται</span> <span class='ocrx_word' id='word_1_409' title='bbox 1564 3533 1673 3604; x_wconf 87' lang='grc' dir='ltr'><strong>γάρ</strong></span> <span class='ocrx_word' id='word_1_410' title='bbox 1698 3549 1753 3585; x_wconf 80' lang='grc' dir='ltr'><strong>τι</strong></span> <span class='ocrx_word' id='word_1_411' title='bbox 1778 3535 1971 3599; x_wconf 83' lang='grc' dir='ltr'>ποιεῖν,</span> 
     </span>
    </p>
   </div>
   <div class='ocr_carea' id='block_1_56' title="bbox 358 3621 1974 3696">
    <p class='ocr_par' dir='ltr' id='par_1_56' title="bbox 358 3621 1974 3696">
     <span class='ocr_line' id='line_1_56' title="bbox 358 3621 1974 3696; baseline -0.001 -19"><span class='ocrx_word' id='word_1_412' title='bbox 358 3622 390 3677; x_wconf 77' lang='grc' dir='ltr'>δ</span> <span class='ocrx_word' id='word_1_413' title='bbox 426 3623 505 3696; x_wconf 83' lang='grc' dir='ltr'>μὴ</span> <span class='ocrx_word' id='word_1_414' title='bbox 567 3621 815 3692; x_wconf 80' lang='grc' dir='ltr'>πέφυκεν</span> <span class='ocrx_word' id='word_1_415' title='bbox 861 3621 1195 3696; x_wconf 77' lang='grc' dir='ltr'>ἐργάξεσθαι</span> <span class='ocrx_word' id='word_1_416' title='bbox 1230 3625 1324 3677; x_wconf 81' lang='grc' dir='ltr'>καὶ</span> <span class='ocrx_word' id='word_1_417' title='bbox 1376 3625 1544 3688; x_wconf 81' lang='grc' dir='ltr'>αὐτός</span> <span class='ocrx_word' id='word_1_418' title='bbox 1568 3644 1580 3656; x_wconf 89' lang='grc'><strong>·</strong></span> <span class='ocrx_word' id='word_1_419' title='bbox 1617 3625 1693 3689; x_wconf 80' lang='grc' dir='ltr'>ὡς</span> <span class='ocrx_word' id='word_1_420' title='bbox 1750 3624 1808 3678; x_wconf 76' lang='grc' dir='ltr'><strong>δὲ</strong></span> <span class='ocrx_word' id='word_1_421' title='bbox 1843 3624 1974 3695; x_wconf 80' lang='grc' dir='ltr'>μίαν</span> 
     </span>
    </p>
   </div>
   <div class='ocr_carea' id='block_1_57' title="bbox 358 3715 1972 3788">
    <p class='ocr_par' dir='ltr' id='par_1_57' title="bbox 358 3715 1972 3788">
     <span class='ocr_line' id='line_1_57' title="bbox 358 3715 1972 3788; baseline 0.001 -19"><span class='ocrx_word' id='word_1_422' title='bbox 358 3717 510 3787; x_wconf 67' lang='grc' dir='ltr'>ἔχων</span> <span class='ocrx_word' id='word_1_423' title='bbox 541 3716 679 3788; x_wconf 80' lang='grc' dir='ltr'>πρὸς</span> <span class='ocrx_word' id='word_1_424' title='bbox 703 3715 867 3771; x_wconf 77' lang='grc' dir='ltr'>αὐτὸν</span> <span class='ocrx_word' id='word_1_425' title='bbox 906 3715 1008 3787; x_wconf 78' lang='grc' dir='ltr'>τὴν</span> <span class='ocrx_word' id='word_1_426' title='bbox 1041 3716 1265 3783; x_wconf 50' lang='grc' dir='ltr'>ούσίανί</span> <span class='ocrx_word' id='word_1_427' title='bbox 1284 3720 1540 3786; x_wconf 81' lang='grc' dir='ltr'><strong>φυσικοῖς</strong></span> <span class='ocrx_word' id='word_1_428' title='bbox 1573 3734 1740 3783; x_wconf 86' lang='grc' dir='ltr'>τισιν,</span> <span class='ocrx_word' id='word_1_429' title='bbox 1783 3720 1850 3773; x_wconf 85' lang='lat' dir='ltr'><strong>i&#39;v‘</strong></span> <span class='ocrx_word' id='word_1_430' title='bbox 1879 3717 1972 3771; x_wconf 75' lang='grc' dir='ltr'><strong>οὔ·</strong></span> 
     </span>
    </p>
   </div>
   <div class='ocr_carea' id='block_1_58' title="bbox 356 3806 1971 3879">
    <p class='ocr_par' dir='ltr' id='par_1_58' title="bbox 356 3806 1971 3879">
     <span class='ocr_line' id='line_1_58' title="bbox 356 3806 1971 3879; baseline 0.001 -19"><span class='ocrx_word' id='word_1_431' title='bbox 356 3823 476 3871; x_wconf 82' lang='grc' dir='ltr'><strong>τως</strong></span> <span class='ocrx_word' id='word_1_432' title='bbox 505 3806 773 3877; x_wconf 73' lang='grc' dir='ltr'>εἱπωμεν,</span> <span class='ocrx_word' id='word_1_433' title='bbox 824 3806 1011 3877; x_wconf 82' lang='grc' dir='ltr'>νόμοις</span> <span class='ocrx_word' id='word_1_434' title='bbox 1056 3807 1195 3878; x_wconf 79' lang='grc' dir='ltr'>πρὸς</span> <span class='ocrx_word' id='word_1_435' title='bbox 1245 3808 1669 3879; x_wconf 79' lang='grc' dir='ltr'>ἀπαράλλακτον</span> <span class='ocrx_word' id='word_1_436' title='bbox 1723 3808 1971 3863; x_wconf 80' lang='grc' dir='ltr'>καλεῖται</span> 
     </span>
    </p>
   </div>
   <div class='ocr_carea' id='block_1_59' title="bbox 360 3892 1972 3971">
    <p class='ocr_par' dir='ltr' id='par_1_59' title="bbox 360 3892 1972 3971">
     <span class='ocr_line' id='line_1_59' title="bbox 360 3892 1972 3971; baseline 0.003 -21"><span class='ocrx_word' id='word_1_437' title='bbox 360 3896 590 3967; x_wconf 77' lang='grc' dir='ltr'>θέλησιν</span> <span class='ocrx_word' id='word_1_438' title='bbox 620 3913 680 3950; x_wconf 82' lang='grc' dir='ltr'>τε</span> <span class='ocrx_word' id='word_1_439' title='bbox 722 3897 816 3951; x_wconf 75' lang='grc' dir='ltr'>καὶ</span> <span class='ocrx_word' id='word_1_440' title='bbox 850 3896 1107 3969; x_wconf 85' lang='grc' dir='ltr'>δύναμιν.</span> <span class='ocrx_word' id='word_1_441' title='bbox 1139 3896 1307 3952; x_wconf 83' lang='grc' dir='ltr'><strong>Οὐδὲν</strong></span> <span class='ocrx_word' id='word_1_442' title='bbox 1344 3892 1439 3951; x_wconf 80' lang='grc' dir='ltr'>οὖν</span> <span class='ocrx_word' id='word_1_443' title='bbox 1470 3898 1600 3970; x_wconf 82' lang='grc' dir='ltr'>ἀρα,</span> <span class='ocrx_word' id='word_1_444' title='bbox 1628 3898 1788 3969; x_wconf 79' lang='grc' dir='ltr'>φησὶ,</span> <span class='ocrx_word' id='word_1_445' title='bbox 1814 3899 1972 3971; x_wconf 86' lang='grc' dir='ltr'><strong>παρά</strong></span> 
     </span>
    </p>
   </div>
   <div class='ocr_carea' id='block_1_60' title="bbox 358 3990 1967 4064">
    <p class='ocr_par' dir='ltr' id='par_1_60' title="bbox 358 3990 1967 4064">
     <span class='ocr_line' id='line_1_60' title="bbox 358 3990 1967 4064; baseline 0.001 -19"><span class='ocrx_word' id='word_1_446' title='bbox 358 3990 424 4045; x_wconf 77' lang='grc' dir='ltr'>τὸ</span> <span class='ocrx_word' id='word_1_447' title='bbox 457 3990 539 4061; x_wconf 82' lang='grc' dir='ltr'><strong>τῷ</strong></span> <span class='ocrx_word' id='word_1_448' title='bbox 565 3990 777 4044; x_wconf 83' lang='grc' dir='ltr'>τεκόντι</span> <span class='ocrx_word' id='word_1_449' title='bbox 825 3990 1015 4044; x_wconf 80' lang='grc' dir='ltr'>δοκοῦν</span> <span class='ocrx_word' id='word_1_450' title='bbox 1073 3991 1109 4061; x_wconf 77' lang='grc' dir='ltr'><strong>ἢ</strong></span> <span class='ocrx_word' id='word_1_451' title='bbox 1170 3990 1378 4062; x_wconf 80' lang='grc' dir='ltr'>πρέπον</span> <span class='ocrx_word' id='word_1_452' title='bbox 1405 3993 1435 4044; x_wconf 87' lang='grc' dir='ltr'>ὁ</span> <span class='ocrx_word' id='word_1_453' title='bbox 1482 3991 1611 4055; x_wconf 75' lang='grc' dir='ltr'>Υἱὸς</span> <span class='ocrx_word' id='word_1_454' title='bbox 1653 3991 1967 4064; x_wconf 72' lang='grc' dir='ltr'><strong>ἐργάζεται,</strong></span> 
     </span>
    </p>
   </div>
   <div class='ocr_carea' id='block_1_61' title="bbox 358 4079 1969 4157">
    <p class='ocr_par' dir='ltr' id='par_1_61' title="bbox 358 4079 1969 4157">
     <span class='ocr_line' id='line_1_61' title="bbox 358 4079 1969 4157; baseline 0.001 -21"><span class='ocrx_word' id='word_1_455' title='bbox 358 4079 488 4136; x_wconf 81' lang='grc' dir='ltr'>οὐδὲ</span> <span class='ocrx_word' id='word_1_456' title='bbox 550 4079 652 4150; x_wconf 81' lang='grc' dir='ltr'>τῆς</span> <span class='ocrx_word' id='word_1_457' title='bbox 704 4079 798 4134; x_wconf 85' lang='grc' dir='ltr'><strong>τοῦ</strong></span> <span class='ocrx_word' id='word_1_458' title='bbox 844 4081 1061 4153; x_wconf 80' lang='grc' dir='ltr'>Πατρὸς</span> <span class='ocrx_word' id='word_1_459' title='bbox 1107 4081 1329 4153; x_wconf 80' lang='grc' dir='ltr'><strong>ἀγάπης</strong></span> <span class='ocrx_word' id='word_1_460' title='bbox 1398 4083 1969 4157; x_wconf 77' lang='grc' dir='ltr'>καταπερπερεύεται,</span> 
     </span>
    </p>
   </div>
   <div class='ocr_carea' id='block_1_62' title="bbox 363 4169 1973 4245">
    <p class='ocr_par' dir='ltr' id='par_1_62' title="bbox 363 4169 1973 4245">
     <span class='ocr_line' id='line_1_62' title="bbox 363 4169 1973 4245; baseline 0.004 -23"><span class='ocrx_word' id='word_1_461' title='bbox 363 4169 688 4239; x_wconf 82' lang='grc' dir='ltr'>φιλότεκνός</span> <span class='ocrx_word' id='word_1_462' title='bbox 710 4188 795 4235; x_wconf 84' lang='grc' dir='ltr'><strong>τις</strong></span> <span class='ocrx_word' id='word_1_463' title='bbox 825 4169 940 4245; x_wconf 81' lang='grc' dir='ltr'><strong>[ια’.</strong></span> <span class='ocrx_word' id='word_1_464' title='bbox 968 4171 1283 4243; x_wconf 77' lang='grc' dir='ltr'>φιλότεκνός</span> <span class='ocrx_word' id='word_1_465' title='bbox 1315 4170 1423 4244; x_wconf 84' lang='grc' dir='ltr'>τις]</span> <span class='ocrx_word' id='word_1_466' title='bbox 1478 4171 1741 4244; x_wconf 84' lang='grc' dir='ltr'>ὑπάρχων</span> <span class='ocrx_word' id='word_1_467' title='bbox 1774 4176 1833 4228; x_wconf 81' lang='grc' dir='ltr'>ἐν</span> <span class='ocrx_word' id='word_1_468' title='bbox 1856 4177 1973 4239; x_wconf 86' lang='grc' dir='ltr'>τοῖς</span> 
     </span>
    </p>
   </div>
   <div class='ocr_carea' id='block_1_63' title="bbox 362 4248 1973 4338">
    <p class='ocr_par' dir='ltr' id='par_1_63' title="bbox 362 4248 1973 4338">
     <span class='ocr_line' id='line_1_63' title="bbox 362 4248 1973 4338; baseline 0.004 -23"><span class='ocrx_word' id='word_1_469' title='bbox 362 4261 553 4334; x_wconf 74' lang='grc' dir='ltr'>ἔργοις</span> <span class='ocrx_word' id='word_1_470' title='bbox 593 4263 691 4316; x_wconf 74' lang='grc' dir='ltr'>καὶ</span> <span class='ocrx_word' id='word_1_471' title='bbox 715 4262 944 4336; x_wconf 71' lang='grc' dir='ltr'>ιξήνιος·</span> <span class='ocrx_word' id='word_1_472' title='bbox 974 4264 1090 4318; x_wconf 83' lang='grc' dir='ltr'>ἀλλ’</span> <span class='ocrx_word' id='word_1_473' title='bbox 1121 4257 1308 4336; x_wconf 85' lang='grc' dir='ltr'>ὧνπερ</span> <span class='ocrx_word' id='word_1_474' title='bbox 1345 4264 1477 4319; x_wconf 74' lang='grc' dir='ltr'>ὄντα</span> <span class='ocrx_word' id='word_1_475' title='bbox 1509 4248 1765 4321; x_wconf 80' lang='grc' dir='ltr'>θεάσαιτο</span> <span class='ocrx_word' id='word_1_476' title='bbox 1809 4282 1973 4338; x_wconf 73' lang='grc' dir='ltr'>ποιηο</span> 
     </span>
    </p>
   </div>
   <div class='ocr_carea' id='block_1_64' title="bbox 362 4351 1975 4429">
    <p class='ocr_par' dir='ltr' id='par_1_64' title="bbox 362 4351 1975 4429">
     <span class='ocr_line' id='line_1_64' title="bbox 362 4351 1975 4429; baseline 0.004 -24"><span class='ocrx_word' id='word_1_477' title='bbox 362 4354 489 4423; x_wconf 76' lang='grc' dir='ltr'>τὴν,</span> <span class='ocrx_word' id='word_1_478' title='bbox 516 4351 595 4417; x_wconf 85' lang='grc' dir='ltr'>ὼς</span> <span class='ocrx_word' id='word_1_479' title='bbox 636 4354 695 4407; x_wconf 78' lang='grc' dir='ltr'><strong>ὲν</strong></span> <span class='ocrx_word' id='word_1_480' title='bbox 718 4354 950 4419; x_wconf 75' lang='grc' dir='ltr'>ἐννοίαις</span> <span class='ocrx_word' id='word_1_481' title='bbox 967 4355 1025 4409; x_wconf 82' lang='grc' dir='ltr'><strong>δὲ</strong></span> <span class='ocrx_word' id='word_1_482' title='bbox 1042 4354 1225 4418; x_wconf 86' lang='grc' dir='ltr'>πάλιν,</span> <span class='ocrx_word' id='word_1_483' title='bbox 1240 4355 1414 4411; x_wconf 81' lang='grc' dir='ltr'>ταῦτα</span> <span class='ocrx_word' id='word_1_484' title='bbox 1431 4356 1495 4429; x_wconf 82' lang='grc' dir='ltr'><strong>δὴ</strong></span> <span class='ocrx_word' id='word_1_485' title='bbox 1522 4358 1698 4411; x_wconf 83' lang='grc' dir='ltr'>πάντα</span> <span class='ocrx_word' id='word_1_486' title='bbox 1732 4357 1975 4412; x_wconf 75' lang='grc' dir='ltr'>ἐπιτελεῖ</span> 
     </span>
    </p>
   </div>
   <div class='ocr_carea' id='block_1_65' title="bbox 362 4446 1972 4523">
    <p class='ocr_par' dir='ltr' id='par_1_65' title="bbox 362 4446 1972 4523">
     <span class='ocr_line' id='line_1_65' title="bbox 362 4446 1972 4523; baseline 0.004 -25"><span class='ocrx_word' id='word_1_487' title='bbox 362 4447 431 4518; x_wconf 76' lang='grc' dir='ltr'>τῇ</span> <span class='ocrx_word' id='word_1_488' title='bbox 462 4446 764 4518; x_wconf 80' lang='grc' dir='ltr'>ταυτότητι</span> <span class='ocrx_word' id='word_1_489' title='bbox 794 4448 895 4518; x_wconf 83' lang='grc' dir='ltr'>τῆς</span> <span class='ocrx_word' id='word_1_490' title='bbox 942 4449 1156 4515; x_wconf 81' lang='grc' dir='ltr'>οὐσίας,</span> <span class='ocrx_word' id='word_1_491' title='bbox 1177 4452 1257 4513; x_wconf 84' lang='grc' dir='ltr'><strong>εἰς</strong></span> <span class='ocrx_word' id='word_1_492' title='bbox 1284 4450 1347 4503; x_wconf 78' lang='grc' dir='ltr'>τὸ</span> <span class='ocrx_word' id='word_1_493' title='bbox 1392 4449 1646 4522; x_wconf 82' lang='grc' dir='ltr'>μηδαμοῦ</span> <span class='ocrx_word' id='word_1_494' title='bbox 1694 4451 1972 4523; x_wconf 83' lang='grc' dir='ltr'>παρεκπί-</span> 
     </span>
    </p>
   </div>
   <div class='ocr_carea' id='block_1_66' title="bbox 2155 2684 3590 2766">
    <p class='ocr_par' dir='ltr' id='par_1_66' title="bbox 2155 2684 3590 2766">
     <span class='ocr_line' id='line_1_66' title="bbox 2155 2684 3590 2766; baseline -0.012 -14"><span class='ocrx_word' id='word_1_495' title='bbox 2155 2701 2220 2766; x_wconf 80' lang='grc' dir='ltr'>ν,</span> <span class='ocrx_word' id='word_1_496' title='bbox 2257 2701 2350 2755; x_wconf 75' lang='lat' dir='ltr'><strong>2t).</strong></span> <span class='ocrx_word' id='word_1_497' title='bbox 2397 2698 2461 2753; x_wconf 80' lang='lat' dir='ltr'><strong>Et</strong></span> <span class='ocrx_word' id='word_1_498' title='bbox 2504 2696 2685 2753; x_wconf 74' lang='lat' dir='ltr'><strong>omm‘a</strong></span> <span class='ocrx_word' id='word_1_499' title='bbox 2715 2694 3048 2749; x_wconf 80' lang='lat' dir='ltr'><strong>demonstrat</strong></span> <span class='ocrx_word' id='word_1_500' title='bbox 3078 2691 3126 2743; x_wconf 81' lang='lat' dir='ltr'><strong>ei</strong></span> <span class='ocrx_word' id='word_1_501' title='bbox 3156 2702 3273 2759; x_wconf 77' lang='lat' dir='ltr'><strong>qua:</strong></span> <span class='ocrx_word' id='word_1_502' title='bbox 3303 2686 3413 2755; x_wconf 78' lang='lat' dir='ltr'><strong>ipse</strong></span> <span class='ocrx_word' id='word_1_503' title='bbox 3435 2684 3590 2754; x_wconf 75' lang='lat' dir='ltr'><strong>facit.</strong></span> 
     </span>
    </p>
   </div>
   <div class='ocr_carea' id='block_1_67' title="bbox 2149 2776 3676 2854">
    <p class='ocr_par' dir='ltr' id='par_1_67' title="bbox 2149 2776 3676 2854">
     <span class='ocr_line' id='line_1_67' title="bbox 2149 2776 3676 2854; baseline -0.014 -3"><span class='ocrx_word' id='word_1_504' title='bbox 2149 2792 2478 2850; x_wconf 86' lang='lat' dir='ltr'><strong>Necessario</strong></span> <span class='ocrx_word' id='word_1_505' title='bbox 2544 2789 2660 2844; x_wconf 69' lang='lat' dir='ltr'><strong>haec</strong></span> <span class='ocrx_word' id='word_1_506' title='bbox 2727 2785 2880 2841; x_wconf 88' lang='lat' dir='ltr'><strong>addit</strong></span> <span class='ocrx_word' id='word_1_507' title='bbox 2935 2796 3158 2854; x_wconf 87' lang='lat' dir='ltr'><strong>quoque</strong></span> <span class='ocrx_word' id='word_1_508' title='bbox 3213 2776 3676 2849; x_wconf 68' lang='lat' dir='ltr'><strong>praecedentibus,</strong></span> 
     </span>
    </p>
   </div>
   <div class='ocr_carea' id='block_1_68' title="bbox 2073 2868 3676 2965">
    <p class='ocr_par' dir='ltr' id='par_1_68' title="bbox 2073 2868 3676 2965">
     <span class='ocr_line' id='line_1_68' title="bbox 2073 2868 3676 2965; baseline -0.014 -20"><span class='ocrx_word' id='word_1_509' title='bbox 2073 2905 2238 2965; x_wconf 88' lang='lat' dir='ltr'><strong>quam</strong></span> <span class='ocrx_word' id='word_1_510' title='bbox 2265 2894 2446 2943; x_wconf 89' lang='lat' dir='ltr'><strong>autem</strong></span> <span class='ocrx_word' id='word_1_511' title='bbox 2494 2883 2568 2939; x_wconf 92' lang='lat' dir='ltr'><strong>ob</strong></span> <span class='ocrx_word' id='word_1_512' title='bbox 2616 2893 2865 2955; x_wconf 79' lang='lat' dir='ltr'><strong>causam,</strong></span> <span class='ocrx_word' id='word_1_513' title='bbox 2924 2875 3104 2931; x_wconf 88' lang='lat' dir='ltr'><strong>dicam</strong></span> <span class='ocrx_word' id='word_1_514' title='bbox 3158 2872 3361 2929; x_wconf 90' lang='lat' dir='ltr'><strong>denuo.</strong></span> <span class='ocrx_word' id='word_1_515' title='bbox 3408 2868 3676 2925; x_wconf 84' lang='lat' dir='ltr'><strong>Parentes</strong></span> 
     </span>
    </p>
   </div>
   <div class='ocr_carea' id='block_1_69' title="bbox 2075 2961 3675 3040">
    <p class='ocr_par' dir='ltr' id='par_1_69' title="bbox 2075 2961 3675 3040">
     <span class='ocr_line' id='line_1_69' title="bbox 2075 2961 3675 3040; baseline -0.016 0"><span class='ocrx_word' id='word_1_516' title='bbox 2075 2961 2251 3040; x_wconf 79' lang='lat' dir='ltr'><strong>nostri</strong></span> <span class='ocrx_word' id='word_1_517' title='bbox 2276 2977 2514 3035; x_wconf 81' lang='lat' dir='ltr'><strong>naturali</strong></span> <span class='ocrx_word' id='word_1_518' title='bbox 2546 2988 2734 3030; x_wconf 86' lang='lat' dir='ltr'><strong>amore</strong></span> <span class='ocrx_word' id='word_1_519' title='bbox 2788 2969 2919 3027; x_wconf 84' lang='lat' dir='ltr'><strong>victi</strong></span> <span class='ocrx_word' id='word_1_520' title='bbox 2955 2967 3289 3040; x_wconf 87' lang='lat' dir='ltr'><strong>quandoque</strong></span> <span class='ocrx_word' id='word_1_521' title='bbox 3329 2963 3472 3019; x_wconf 78' lang='lat' dir='ltr'><strong>filios</strong></span> <span class='ocrx_word' id='word_1_522' title='bbox 3500 2961 3675 3018; x_wconf 85' lang='lat' dir='ltr'><strong>mole-</strong></span> 
     </span>
    </p>
   </div>
   <div class='ocr_carea' id='block_1_70' title="bbox 2076 3056 3674 3153">
    <p class='ocr_par' dir='ltr' id='par_1_70' title="bbox 2076 3056 3674 3153">
     <span class='ocr_line' id='line_1_70' title="bbox 2076 3056 3674 3153; baseline -0.014 -22"><span class='ocrx_word' id='word_1_523' title='bbox 2076 3087 2194 3153; x_wconf 80' lang='lat' dir='ltr'><strong>stos</strong></span> <span class='ocrx_word' id='word_1_524' title='bbox 2235 3073 2442 3136; x_wconf 86' lang='lat' dir='ltr'><strong>ferunt,</strong></span> <span class='ocrx_word' id='word_1_525' title='bbox 2475 3076 2532 3125; x_wconf 88' lang='lat' dir='ltr'><strong>et</strong></span> <span class='ocrx_word' id='word_1_526' title='bbox 2593 3065 2919 3138; x_wconf 66' lang='lat' dir='ltr'><strong>praefractas</strong></span> <span class='ocrx_word' id='word_1_527' title='bbox 2954 3068 3124 3131; x_wconf 87' lang='lat' dir='ltr'><strong>atque</strong></span> <span class='ocrx_word' id='word_1_528' title='bbox 3152 3056 3535 3114; x_wconf 80' lang='lat' dir='ltr'><strong>inobedieutes</strong></span> <span class='ocrx_word' id='word_1_529' title='bbox 3564 3070 3674 3112; x_wconf 79' lang='lat' dir='ltr'><strong>sae—</strong></span> 
     </span>
    </p>
   </div>
   <div class='ocr_carea' id='block_1_71' title="bbox 2076 3151 3673 3241">
    <p class='ocr_par' dir='ltr' id='par_1_71' title="bbox 2076 3151 3673 3241">
     <span class='ocr_line' id='line_1_71' title="bbox 2076 3151 3673 3241; baseline -0.014 -17"><span class='ocrx_word' id='word_1_530' title='bbox 2076 3151 2376 3241; x_wconf 84' lang='lat' dir='ltr'><strong>penumero</strong></span> <span class='ocrx_word' id='word_1_531' title='bbox 2402 3161 2708 3233; x_wconf 84' lang='lat' dir='ltr'><strong>patiuntur.</strong></span> <span class='ocrx_word' id='word_1_532' title='bbox 2743 3151 3227 3212; x_wconf 88' lang='lat' dir='ltr'><strong>Insitumeisenim</strong></span> <span class='ocrx_word' id='word_1_533' title='bbox 3260 3155 3346 3206; x_wconf 91' lang='lat' dir='ltr'><strong>est</strong></span> <span class='ocrx_word' id='word_1_534' title='bbox 3373 3152 3673 3205; x_wconf 75' lang='lat' dir='ltr'><strong>vehemens</strong></span> 
     </span>
    </p>
   </div>
   <div class='ocr_carea' id='block_1_72' title="bbox 2075 3238 3671 3331">
    <p class='ocr_par' dir='ltr' id='par_1_72' title="bbox 2075 3238 3671 3331">
     <span class='ocr_line' id='line_1_72' title="bbox 2075 3238 3671 3331; baseline -0.016 -14"><span class='ocrx_word' id='word_1_535' title='bbox 2075 3238 2206 3331; x_wconf 77' lang='lat' dir='ltr'><strong>erga</strong></span> <span class='ocrx_word' id='word_1_536' title='bbox 2236 3257 2443 3313; x_wconf 86' lang='lat' dir='ltr'><strong>liberos</strong></span> <span class='ocrx_word' id='word_1_537' title='bbox 2481 3251 2750 3313; x_wconf 86' lang='lat' dir='ltr'><strong>studium,</strong></span> <span class='ocrx_word' id='word_1_538' title='bbox 2803 3246 2953 3318; x_wconf 86' lang='lat' dir='ltr'><strong>quod</strong></span> <span class='ocrx_word' id='word_1_539' title='bbox 3022 3258 3119 3300; x_wconf 90' lang='lat' dir='ltr'><strong>eos</strong></span> <span class='ocrx_word' id='word_1_540' title='bbox 3160 3242 3334 3313; x_wconf 80' lang='lat' dir='ltr'><strong>adigit</strong></span> <span class='ocrx_word' id='word_1_541' title='bbox 3385 3248 3444 3295; x_wconf 88' lang='lat' dir='ltr'><strong>ut</strong></span> <span class='ocrx_word' id='word_1_542' title='bbox 3497 3238 3671 3293; x_wconf 86' lang='lat' dir='ltr'><strong>animi</strong></span> 
     </span>
    </p>
   </div>
   <div class='ocr_carea' id='block_1_73' title="bbox 2078 3330 3674 3424">
    <p class='ocr_par' dir='ltr' id='par_1_73' title="bbox 2078 3330 3674 3424">
     <span class='ocr_line' id='line_1_73' title="bbox 2078 3330 3674 3424; baseline -0.014 -19"><span class='ocrx_word' id='word_1_543' title='bbox 2078 3330 2389 3424; x_wconf 77' lang='lat' dir='ltr'><strong>angustiam</strong></span> <span class='ocrx_word' id='word_1_544' title='bbox 2460 3348 2746 3416; x_wconf 85' lang='lat' dir='ltr'><strong>superent.</strong></span> <span class='ocrx_word' id='word_1_545' title='bbox 2790 3337 2900 3395; x_wconf 85' lang='lat' dir='ltr'><strong>Sed</strong></span> <span class='ocrx_word' id='word_1_546' title='bbox 2953 3351 3065 3392; x_wconf 87' lang='lat' dir='ltr'><strong>non</strong></span> <span class='ocrx_word' id='word_1_547' title='bbox 3100 3336 3182 3391; x_wconf 89' lang='lat' dir='ltr'><strong>sic</strong></span> <span class='ocrx_word' id='word_1_548' title='bbox 3212 3332 3436 3398; x_wconf 85' lang='lat' dir='ltr'><strong>Filium,</strong></span> <span class='ocrx_word' id='word_1_549' title='bbox 3472 3330 3674 3402; x_wconf 87' lang='lat' dir='ltr'><strong>inquit,</strong></span> 
     </span>
    </p>
   </div>
   <div class='ocr_carea' id='block_1_74' title="bbox 2078 3424 3673 3505">
    <p class='ocr_par' dir='ltr' id='par_1_74' title="bbox 2078 3424 3673 3505">
     <span class='ocr_line' id='line_1_74' title="bbox 2078 3424 3673 3505; baseline -0.016 -7"><span class='ocrx_word' id='word_1_550' title='bbox 2078 3445 2226 3500; x_wconf 82' lang='lat' dir='ltr'><strong>Deus</strong></span> <span class='ocrx_word' id='word_1_551' title='bbox 2283 3455 2349 3496; x_wconf 90' lang='lat' dir='ltr'><strong>ac</strong></span> <span class='ocrx_word' id='word_1_552' title='bbox 2389 3437 2548 3493; x_wconf 82' lang='lat' dir='ltr'><strong>Pater</strong></span> <span class='ocrx_word' id='word_1_553' title='bbox 2609 3433 2809 3505; x_wconf 84' lang='lat' dir='ltr'><strong>diligit.</strong></span> <span class='ocrx_word' id='word_1_554' title='bbox 2862 3428 3010 3485; x_wconf 83' lang='lat' dir='ltr'><strong>Nihil</strong></span> <span class='ocrx_word' id='word_1_555' title='bbox 3048 3426 3196 3495; x_wconf 82' lang='lat' dir='ltr'><strong>enim</strong></span> <span class='ocrx_word' id='word_1_556' title='bbox 3244 3424 3429 3480; x_wconf 85' lang='lat' dir='ltr'><strong>facere</strong></span> <span class='ocrx_word' id='word_1_557' title='bbox 3466 3428 3673 3493; x_wconf 86' lang='lat' dir='ltr'><strong>potest,</strong></span> 
     </span>
    </p>
   </div>
   <div class='ocr_carea' id='block_1_75' title="bbox 2077 3516 3674 3606">
    <p class='ocr_par' dir='ltr' id='par_1_75' title="bbox 2077 3516 3674 3606">
     <span class='ocr_line' id='line_1_75' title="bbox 2077 3516 3674 3606; baseline -0.019 -14"><span class='ocrx_word' id='word_1_558' title='bbox 2077 3532 2226 3606; x_wconf 91' lang='lat' dir='ltr'><strong>quod</strong></span> <span class='ocrx_word' id='word_1_559' title='bbox 2253 3545 2365 3587; x_wconf 88' lang='lat' dir='ltr'><strong>non</strong></span> <span class='ocrx_word' id='word_1_560' title='bbox 2407 3529 2526 3600; x_wconf 87' lang='lat' dir='ltr'><strong>ipse</strong></span> <span class='ocrx_word' id='word_1_561' title='bbox 2547 3536 2772 3597; x_wconf 84' lang='lat' dir='ltr'><strong>quoque</strong></span> <span class='ocrx_word' id='word_1_562' title='bbox 2804 3519 2970 3575; x_wconf 85' lang='lat' dir='ltr'><strong>Pater</strong></span> <span class='ocrx_word' id='word_1_563' title='bbox 2996 3525 3259 3589; x_wconf 86' lang='lat' dir='ltr'><strong>operetur</strong></span> <span class='ocrx_word' id='word_1_564' title='bbox 3285 3531 3299 3580; x_wconf 92' lang='lat'><strong>;</strong></span> <span class='ocrx_word' id='word_1_565' title='bbox 3331 3528 3456 3568; x_wconf 90' lang='lat' dir='ltr'><strong>cum</strong></span> <span class='ocrx_word' id='word_1_566' title='bbox 3487 3516 3674 3565; x_wconf 86' lang='lat' dir='ltr'><strong>autem</strong></span> 
     </span>
    </p>
   </div>
   <div class='ocr_carea' id='block_1_76' title="bbox 2076 3599 3676 3683">
    <p class='ocr_par' dir='ltr' id='par_1_76' title="bbox 2076 3599 3676 3683">
     <span class='ocr_line' id='line_1_76' title="bbox 2076 3599 3676 3683; baseline -0.017 -2"><span class='ocrx_word' id='word_1_567' title='bbox 2076 3599 2244 3681; x_wconf 76' lang='lat' dir='ltr'><strong>unam</strong></span> <span class='ocrx_word' id='word_1_568' title='bbox 2313 3599 2515 3676; x_wconf 83' lang='lat' dir='ltr'><strong>habeat</strong></span> <span class='ocrx_word' id='word_1_569' title='bbox 2545 3630 2672 3673; x_wconf 88' lang='lat' dir='ltr'><strong>cum</strong></span> <span class='ocrx_word' id='word_1_570' title='bbox 2721 3614 2845 3683; x_wconf 84' lang='lat' dir='ltr'><strong>ipso</strong></span> <span class='ocrx_word' id='word_1_571' title='bbox 2871 3606 3265 3669; x_wconf 84' lang='lat' dir='ltr'><strong>substantiam,</strong></span> <span class='ocrx_word' id='word_1_572' title='bbox 3301 3610 3515 3658; x_wconf 73' lang='lat' dir='ltr'><strong>naturae</strong></span> <span class='ocrx_word' id='word_1_573' title='bbox 3548 3599 3676 3671; x_wconf 75' lang='lat' dir='ltr'><strong>qui-</strong></span> 
     </span>
    </p>
   </div>
   <div class='ocr_carea' id='block_1_77' title="bbox 2078 3694 3679 3781">
    <p class='ocr_par' dir='ltr' id='par_1_77' title="bbox 2078 3694 3679 3781">
     <span class='ocr_line' id='line_1_77' title="bbox 2078 3694 3679 3781; baseline -0.019 -6"><span class='ocrx_word' id='word_1_574' title='bbox 2078 3715 2334 3781; x_wconf 80' lang='lat' dir='ltr'><strong>busdam,</strong></span> <span class='ocrx_word' id='word_1_575' title='bbox 2395 3719 2454 3765; x_wconf 90' lang='lat' dir='ltr'><strong>ut</strong></span> <span class='ocrx_word' id='word_1_576' title='bbox 2493 3710 2573 3768; x_wconf 79' lang='lat' dir='ltr'><strong>ita</strong></span> <span class='ocrx_word' id='word_1_577' title='bbox 2621 3706 2899 3768; x_wconf 82' lang='lat' dir='ltr'><strong>dicamus,</strong></span> <span class='ocrx_word' id='word_1_578' title='bbox 2941 3699 3153 3772; x_wconf 85' lang='lat' dir='ltr'><strong>legibus</strong></span> <span class='ocrx_word' id='word_1_579' title='bbox 3181 3696 3249 3752; x_wconf 88' lang='lat' dir='ltr'><strong>ad</strong></span> <span class='ocrx_word' id='word_1_580' title='bbox 3292 3694 3542 3752; x_wconf 83' lang='lat' dir='ltr'><strong>eamdem</strong></span> <span class='ocrx_word' id='word_1_581' title='bbox 3579 3707 3679 3763; x_wconf 86' lang='lat' dir='ltr'><strong>per</strong></span> 
     </span>
    </p>
   </div>
   <div class='ocr_carea' id='block_1_78' title="bbox 2076 3785 3674 3865">
    <p class='ocr_par' dir='ltr' id='par_1_78' title="bbox 2076 3785 3674 3865">
     <span class='ocr_line' id='line_1_78' title="bbox 2076 3785 3674 3865; baseline -0.017 0"><span class='ocrx_word' id='word_1_582' title='bbox 2076 3809 2263 3865; x_wconf 90' lang='lat' dir='ltr'><strong>omnia</strong></span> <span class='ocrx_word' id='word_1_583' title='bbox 2294 3813 2526 3861; x_wconf 87' lang='lat' dir='ltr'><strong>vocatur</strong></span> <span class='ocrx_word' id='word_1_584' title='bbox 2556 3801 2893 3857; x_wconf 82' lang='lat' dir='ltr'><strong>voluntatem</strong></span> <span class='ocrx_word' id='word_1_585' title='bbox 2918 3807 2982 3848; x_wconf 83' lang='lat' dir='ltr'><strong>ac</strong></span> <span class='ocrx_word' id='word_1_586' title='bbox 3008 3791 3289 3846; x_wconf 86' lang='lat' dir='ltr'><strong>virtutem.</strong></span> <span class='ocrx_word' id='word_1_587' title='bbox 3310 3787 3457 3842; x_wconf 85' lang='lat' dir='ltr'><strong>Nihil</strong></span> <span class='ocrx_word' id='word_1_588' title='bbox 3483 3785 3674 3856; x_wconf 80' lang='lat' dir='ltr'><strong>igitur,</strong></span> 
     </span>
    </p>
   </div>
   <div class='ocr_carea' id='block_1_79' title="bbox 2079 3873 3678 3968">
    <p class='ocr_par' dir='ltr' id='par_1_79' title="bbox 2079 3873 3678 3968">
     <span class='ocr_line' id='line_1_79' title="bbox 2079 3873 3678 3968; baseline -0.015 -16"><span class='ocrx_word' id='word_1_589' title='bbox 2079 3897 2283 3968; x_wconf 89' lang='lat' dir='ltr'><strong>inquit,</strong></span> <span class='ocrx_word' id='word_1_590' title='bbox 2313 3901 2682 3966; x_wconf 59' lang='lat' dir='ltr'><strong>praeterquam</strong></span> <span class='ocrx_word' id='word_1_591' title='bbox 2709 3888 2857 3959; x_wconf 87' lang='lat' dir='ltr'><strong>quod</strong></span> <span class='ocrx_word' id='word_1_592' title='bbox 2881 3880 3133 3940; x_wconf 86' lang='lat' dir='ltr'><strong>Genitori</strong></span> <span class='ocrx_word' id='word_1_593' title='bbox 3157 3877 3427 3952; x_wconf 86' lang='lat' dir='ltr'><strong>placuerit</strong></span> <span class='ocrx_word' id='word_1_594' title='bbox 3455 3884 3551 3931; x_wconf 89' lang='lat' dir='ltr'><strong>aut</strong></span> <span class='ocrx_word' id='word_1_595' title='bbox 3579 3873 3678 3929; x_wconf 82' lang='lat' dir='ltr'><strong>de-</strong></span> 
     </span>
    </p>
   </div>
   <div class='ocr_carea' id='block_1_80' title="bbox 2077 3963 3675 4052">
    <p class='ocr_par' dir='ltr' id='par_1_80' title="bbox 2077 3963 3675 4052">
     <span class='ocr_line' id='line_1_80' title="bbox 2077 3963 3675 4052; baseline -0.017 -8"><span class='ocrx_word' id='word_1_596' title='bbox 2077 3963 2414 4052; x_wconf 37' lang='lat' dir='ltr'><strong>ceat,Fil‘ius</strong></span> <span class='ocrx_word' id='word_1_597' title='bbox 2443 3986 2728 4052; x_wconf 85' lang='lat' dir='ltr'><strong>operatur,</strong></span> <span class='ocrx_word' id='word_1_598' title='bbox 2763 3989 2943 4043; x_wconf 88' lang='lat' dir='ltr'><strong>neque</strong></span> <span class='ocrx_word' id='word_1_599' title='bbox 2977 3972 3246 4027; x_wconf 81' lang='lat' dir='ltr'><strong>adversus</strong></span> <span class='ocrx_word' id='word_1_600' title='bbox 3278 3966 3459 4022; x_wconf 77' lang='lat' dir='ltr'><strong>Patris</strong></span> <span class='ocrx_word' id='word_1_601' title='bbox 3487 3963 3675 4021; x_wconf 83' lang='lat' dir='ltr'><strong>chari-</strong></span> 
     </span>
    </p>
   </div>
   <div class='ocr_carea' id='block_1_81' title="bbox 2076 4055 3676 4147">
    <p class='ocr_par' dir='ltr' id='par_1_81' title="bbox 2076 4055 3676 4147">
     <span class='ocr_line' id='line_1_81' title="bbox 2076 4055 3676 4147; baseline -0.014 -15"><span class='ocrx_word' id='word_1_602' title='bbox 2076 4085 2249 4134; x_wconf 89' lang='lat' dir='ltr'><strong>tatem</strong></span> <span class='ocrx_word' id='word_1_603' title='bbox 2261 4075 2375 4147; x_wconf 87' lang='lat' dir='ltr'><strong>agit</strong></span> <span class='ocrx_word' id='word_1_604' title='bbox 2389 4083 2696 4145; x_wconf 82' lang='lat' dir='ltr'><strong>perperam,</strong></span> <span class='ocrx_word' id='word_1_605' title='bbox 2724 4065 3018 4121; x_wconf 88' lang='lat' dir='ltr'><strong>ambitiosa</strong></span> <span class='ocrx_word' id='word_1_606' title='bbox 3038 4058 3304 4133; x_wconf 84' lang='lat' dir='ltr'><strong>operandi</strong></span> <span class='ocrx_word' id='word_1_607' title='bbox 3324 4055 3676 4112; x_wconf 72' lang='lat' dir='ltr'><strong>affectatione</strong></span> 
     </span>
    </p>
   </div>
   <div class='ocr_carea' id='block_1_82' title="bbox 2076 4149 3674 4231">
    <p class='ocr_par' dir='ltr' id='par_1_82' title="bbox 2076 4149 3674 4231">
     <span class='ocr_line' id='line_1_82' title="bbox 2076 4149 3674 4231; baseline -0.014 -5"><span class='ocrx_word' id='word_1_608' title='bbox 2076 4181 2131 4227; x_wconf 90' lang='lat' dir='ltr'><strong>et</strong></span> <span class='ocrx_word' id='word_1_609' title='bbox 2166 4164 2518 4225; x_wconf 87' lang='lat' dir='ltr'><strong>contumacia</strong></span> <span class='ocrx_word' id='word_1_610' title='bbox 2548 4161 2684 4230; x_wconf 78' lang='lat' dir='ltr'><strong>;se(l</strong></span> <span class='ocrx_word' id='word_1_611' title='bbox 2719 4173 2841 4231; x_wconf 72' lang='lat' dir='ltr'><strong>quae</strong></span> <span class='ocrx_word' id='word_1_612' title='bbox 2873 4171 3000 4214; x_wconf 88' lang='lat' dir='ltr'><strong>eum</strong></span> <span class='ocrx_word' id='word_1_613' title='bbox 3048 4154 3344 4209; x_wconf 81' lang='lat' dir='ltr'><strong>facientem</strong></span> <span class='ocrx_word' id='word_1_614' title='bbox 3388 4149 3674 4205; x_wconf 88' lang='lat' dir='ltr'><strong>intellectu</strong></span> 
     </span>
    </p>
   </div>
   <div class='ocr_carea' id='block_1_83' title="bbox 2076 4238 3677 4327">
    <p class='ocr_par' dir='ltr' id='par_1_83' title="bbox 2076 4238 3677 4327">
     <span class='ocr_line' id='line_1_83' title="bbox 2076 4238 3677 4327; baseline -0.016 -10"><span class='ocrx_word' id='word_1_615' title='bbox 2076 4261 2250 4327; x_wconf 86' lang='lat' dir='ltr'><strong>videt,</strong></span> <span class='ocrx_word' id='word_1_616' title='bbox 2281 4260 2398 4314; x_wconf 73' lang='lat' dir='ltr'><strong>haec</strong></span> <span class='ocrx_word' id='word_1_617' title='bbox 2427 4254 2620 4327; x_wconf 86' lang='lat' dir='ltr'><strong>utique</strong></span> <span class='ocrx_word' id='word_1_618' title='bbox 2658 4253 2920 4308; x_wconf 84' lang='lat' dir='ltr'><strong>universa</strong></span> <span class='ocrx_word' id='word_1_619' title='bbox 2950 4245 3183 4320; x_wconf 86' lang='lat' dir='ltr'><strong>perlicit,</strong></span> <span class='ocrx_word' id='word_1_620' title='bbox 3215 4257 3342 4299; x_wconf 88' lang='lat' dir='ltr'><strong>cum</strong></span> <span class='ocrx_word' id='word_1_621' title='bbox 3375 4238 3445 4296; x_wconf 90' lang='lat' dir='ltr'><strong>ob</strong></span> <span class='ocrx_word' id='word_1_622' title='bbox 3475 4238 3677 4294; x_wconf 88' lang='lat' dir='ltr'><strong>identi-</strong></span> 
     </span>
    </p>
   </div>
   <div class='ocr_carea' id='block_1_84' title="bbox 2078 4332 3677 4416">
    <p class='ocr_par' dir='ltr' id='par_1_84' title="bbox 2078 4332 3677 4416">
     <span class='ocr_line' id='line_1_84' title="bbox 2078 4332 3677 4416; baseline -0.016 -7"><span class='ocrx_word' id='word_1_623' title='bbox 2078 4361 2245 4409; x_wconf 86' lang='lat' dir='ltr'><strong>tatem</strong></span> <span class='ocrx_word' id='word_1_624' title='bbox 2273 4349 2601 4407; x_wconf 74' lang='lat' dir='ltr'><strong>substantia:</strong></span> <span class='ocrx_word' id='word_1_625' title='bbox 2626 4357 2899 4416; x_wconf 85' lang='lat' dir='ltr'><strong>nusquam</strong></span> <span class='ocrx_word' id='word_1_626' title='bbox 2932 4341 3002 4395; x_wconf 88' lang='lat' dir='ltr'><strong>ab</strong></span> <span class='ocrx_word' id='word_1_627' title='bbox 3022 4353 3091 4401; x_wconf 82' lang='lat' dir='ltr'><strong>eo</strong></span> <span class='ocrx_word' id='word_1_628' title='bbox 3119 4337 3266 4409; x_wconf 89' lang='lat' dir='ltr'><strong>quod</strong></span> <span class='ocrx_word' id='word_1_629' title='bbox 3287 4334 3394 4390; x_wconf 87' lang='lat' dir='ltr'><strong>Deo</strong></span> <span class='ocrx_word' id='word_1_630' title='bbox 3417 4332 3677 4388; x_wconf 83' lang='lat' dir='ltr'><strong>convenit</strong></span> 
     </span>
    </p>
   </div>
   <div class='ocr_carea' id='block_1_85' title="bbox 2076 4425 3679 4516">
    <p class='ocr_par' dir='ltr' id='par_1_85' title="bbox 2076 4425 3679 4516">
     <span class='ocr_line' id='line_1_85' title="bbox 2076 4425 3679 4516; baseline -0.017 -12"><span class='ocrx_word' id='word_1_631' title='bbox 2076 4445 2335 4504; x_wconf 81' lang='lat' dir='ltr'><strong>excidere</strong></span> <span class='ocrx_word' id='word_1_632' title='bbox 2356 4452 2540 4516; x_wconf 84' lang='lat' dir='ltr'><strong>queat.</strong></span> <span class='ocrx_word' id='word_1_633' title='bbox 2574 4436 2768 4496; x_wconf 87' lang='lat' dir='ltr'><strong>Omnis</strong></span> <span class='ocrx_word' id='word_1_634' title='bbox 2806 4434 2955 4492; x_wconf 88' lang='lat' dir='ltr'><strong>enim</strong></span> <span class='ocrx_word' id='word_1_635' title='bbox 3004 4427 3332 4487; x_wconf 87' lang='lat' dir='ltr'><strong>mutationis</strong></span> <span class='ocrx_word' id='word_1_636' title='bbox 3382 4432 3436 4481; x_wconf 85' lang='lat' dir='ltr'><strong>et</strong></span> <span class='ocrx_word' id='word_1_637' title='bbox 3477 4425 3679 4480; x_wconf 87' lang='lat' dir='ltr'><strong>altera-</strong></span> 
     </span>
    </p>
   </div>
   <div class='ocr_carea' id='block_1_86' title="bbox 366 4516 1967 4629">
    <p class='ocr_par' dir='ltr' id='par_1_86' title="bbox 366 4516 1967 4629">
     <span class='ocr_line' id='line_1_86' title="bbox 366 4516 1967 4629; baseline 0.005 -38"><span class='ocrx_word' id='word_1_638' title='bbox 366 4516 526 4593; x_wconf 80' lang='grc' dir='ltr'>πτειν</span> <span class='ocrx_word' id='word_1_639' title='bbox 557 4537 621 4593; x_wconf 81' lang='grc' dir='ltr'><strong>τὸ</strong></span> <span class='ocrx_word' id='word_1_640' title='bbox 649 4516 770 4611; x_wconf 80' lang='grc' dir='ltr'><strong>Θεῷ</strong></span> <span class='ocrx_word' id='word_1_641' title='bbox 818 4516 1029 4611; x_wconf 82' lang='grc' dir='ltr'>πρέπον</span> <span class='ocrx_word' id='word_1_642' title='bbox 1065 4516 1555 4614; x_wconf 46' lang='grc' dir='ltr'>διακρατούμενοςξ</span> <span class='ocrx_word' id='word_1_643' title='bbox 1597 4516 1819 4616; x_wconf 53' lang='grc' dir='ltr'>Τροπῑξς</span> <span class='ocrx_word' id='word_1_644' title='bbox 1861 4546 1967 4618; x_wconf 80' lang='grc' dir='ltr'>γὰρ</span> 
     </span>
    </p>
   </div>
   <div class='ocr_carea' id='block_1_87' title="bbox 2078 4516 3677 4629">
    <p class='ocr_par' dir='ltr' id='par_1_87' title="bbox 2080 4516 3677 4610">
     <span class='ocr_line' id='line_1_87' title="bbox 2080 4516 3677 4610; baseline -0.019 -10"><span class='ocrx_word' id='word_1_645' title='bbox 2080 4542 2251 4601; x_wconf 84' lang='lat' dir='ltr'><strong>tionis</strong></span> <span class='ocrx_word' id='word_1_646' title='bbox 2281 4547 2367 4598; x_wconf 90' lang='lat' dir='ltr'><strong>est</strong></span> <span class='ocrx_word' id='word_1_647' title='bbox 2389 4551 2611 4610; x_wconf 75' lang='lat' dir='ltr'><strong>expers,</strong></span> <span class='ocrx_word' id='word_1_648' title='bbox 2642 4532 2737 4590; x_wconf 86' lang='lat' dir='ltr'><strong>sed</strong></span> <span class='ocrx_word' id='word_1_649' title='bbox 2759 4536 2959 4588; x_wconf 79' lang='lat' dir='ltr'><strong>manet</strong></span> <span class='ocrx_word' id='word_1_650' title='bbox 2990 4526 3134 4582; x_wconf 89' lang='lat' dir='ltr'><strong>idem</strong></span> <span class='ocrx_word' id='word_1_651' title='bbox 3160 4537 3403 4594; x_wconf 84' lang='lat' dir='ltr'><strong>semper,</strong></span> <span class='ocrx_word' id='word_1_652' title='bbox 3433 4528 3494 4574; x_wconf 91' lang='lat' dir='ltr'><strong>ut</strong></span> <span class='ocrx_word' id='word_1_653' title='bbox 3523 4516 3677 4572; x_wconf 86' lang='lat' dir='ltr'><strong>Psal-</strong></span> 
     </span>
    </p>
   </div>
   <div class='ocr_carea' id='block_1_88' title="bbox 364 4628 1969 4707">
    <p class='ocr_par' dir='ltr' id='par_1_88' title="bbox 364 4628 1969 4707">
     <span class='ocr_line' id='line_1_88' title="bbox 364 4628 1969 4707; baseline 0.007 -26"><span class='ocrx_word' id='word_1_654' title='bbox 364 4628 466 4700; x_wconf 76' lang='grc' dir='ltr'>τῆς</span> <span class='ocrx_word' id='word_1_655' title='bbox 487 4629 583 4683; x_wconf 70' lang='grc' dir='ltr'>ἐπί</span> <span class='ocrx_word' id='word_1_656' title='bbox 598 4646 655 4683; x_wconf 86' lang='grc' dir='ltr'><strong>τι</strong></span> <span class='ocrx_word' id='word_1_657' title='bbox 706 4630 802 4684; x_wconf 76' lang='grc' dir='ltr'>καὶ</span> <span class='ocrx_word' id='word_1_658' title='bbox 831 4630 1173 4698; x_wconf 85' lang='grc' dir='ltr'>ἀλλοιώσεως</span> <span class='ocrx_word' id='word_1_659' title='bbox 1195 4634 1448 4707; x_wconf 77' lang='grc' dir='ltr'><strong>ἀμοιρεῖ·</strong></span> <span class='ocrx_word' id='word_1_660' title='bbox 1477 4635 1628 4707; x_wconf 73' lang='grc' dir='ltr'>μένει</span> <span class='ocrx_word' id='word_1_661' title='bbox 1659 4635 1719 4690; x_wconf 81' lang='grc' dir='ltr'><strong>δὲ</strong></span> <span class='ocrx_word' id='word_1_662' title='bbox 1737 4639 1764 4691; x_wconf 92' lang='lat'><strong>6</strong></span> <span class='ocrx_word' id='word_1_663' title='bbox 1804 4638 1969 4702; x_wconf 77' lang='grc' dir='ltr'>αὐτὸς</span> 
     </span>
    </p>
   </div>
   <div class='ocr_carea' id='block_1_89' title="bbox 366 4721 1969 4801">
    <p class='ocr_par' dir='ltr' id='par_1_89' title="bbox 366 4721 1969 4801">
     <span class='ocr_line' id='line_1_89' title="bbox 366 4721 1969 4801; baseline 0.007 -27"><span class='ocrx_word' id='word_1_664' title='bbox 366 4721 758 4790; x_wconf 79' lang='grc' dir='ltr'>ἀδιαλείπτως,</span> <span class='ocrx_word' id='word_1_665' title='bbox 785 4724 861 4789; x_wconf 83' lang='grc' dir='ltr'>ὡς</span> <span class='ocrx_word' id='word_1_666' title='bbox 890 4727 919 4779; x_wconf 89' lang='lat'><strong>6</strong></span> <span class='ocrx_word' id='word_1_667' title='bbox 970 4726 1280 4798; x_wconf 81' lang='grc' dir='ltr'>Ψαλμῳδός</span> <span class='ocrx_word' id='word_1_668' title='bbox 1311 4729 1415 4782; x_wconf 84' lang='grc' dir='ltr'><strong>πού</strong></span> <span class='ocrx_word' id='word_1_669' title='bbox 1463 4746 1619 4801; x_wconf 80' lang='grc' dir='ltr'>φησι.</span> <span class='ocrx_word' id='word_1_670' title='bbox 1640 4730 1886 4785; x_wconf 85' lang='grc' dir='ltr'>Δεικνύει</span> <span class='ocrx_word' id='word_1_671' title='bbox 1911 4730 1969 4785; x_wconf 82' lang='grc' dir='ltr'><strong>δὲ</strong></span> 
     </span>
    </p>
   </div>
   <div class='ocr_carea' id='block_1_90' title="bbox 367 4814 1968 4896">
    <p class='ocr_par' dir='ltr' id='par_1_90' title="bbox 367 4814 1968 4896">
     <span class='ocr_line' id='line_1_90' title="bbox 367 4814 1968 4896; baseline 0.003 -23"><span class='ocrx_word' id='word_1_672' title='bbox 367 4814 532 4873; x_wconf 68' lang='grc' dir='ltr'>πάλιν</span> <span class='ocrx_word' id='word_1_673' title='bbox 556 4817 584 4869; x_wconf 97' lang='lat'><strong>6</strong></span> <span class='ocrx_word' id='word_1_674' title='bbox 612 4816 804 4890; x_wconf 83' lang='grc' dir='ltr'>Πατὴρ</span> <span class='ocrx_word' id='word_1_675' title='bbox 818 4818 899 4891; x_wconf 84' lang='grc' dir='ltr'><strong>τῷ</strong></span> <span class='ocrx_word' id='word_1_676' title='bbox 935 4818 1076 4890; x_wconf 85' lang='grc' dir='ltr'>Υἰῷ,</span> <span class='ocrx_word' id='word_1_677' title='bbox 1113 4819 1150 4875; x_wconf 81' lang='grc' dir='ltr'><strong>ἂ</strong></span> <span class='ocrx_word' id='word_1_678' title='bbox 1171 4821 1333 4886; x_wconf 79' lang='grc' dir='ltr'>αὐτὸς</span> <span class='ocrx_word' id='word_1_679' title='bbox 1366 4822 1607 4889; x_wconf 82' lang='grc' dir='ltr'>ποιεῖ,οὐ</span> <span class='ocrx_word' id='word_1_680' title='bbox 1635 4818 1968 4896; x_wconf 74' lang='grc' dir='ltr'>καθάπερὲν</span> 
     </span>
    </p>
   </div>
   <div class='ocr_carea' id='block_1_91' title="bbox 366 4905 1969 4984">
    <p class='ocr_par' dir='ltr' id='par_1_91' title="bbox 366 4905 1969 4984">
     <span class='ocr_line' id='line_1_91' title="bbox 366 4905 1969 4984; baseline 0.005 -24"><span class='ocrx_word' id='word_1_681' title='bbox 366 4905 565 4961; x_wconf 78' lang='grc' dir='ltr'>πίνακι</span> <span class='ocrx_word' id='word_1_682' title='bbox 611 4906 1072 4981; x_wconf 77' lang='grc' dir='ltr'>διαγεγραμμὲνα</span> <span class='ocrx_word' id='word_1_683' title='bbox 1116 4911 1464 4982; x_wconf 78' lang='grc' dir='ltr'>παρατιθεὶς,</span> <span class='ocrx_word' id='word_1_684' title='bbox 1497 4913 1529 4984; x_wconf 78' lang='grc' dir='ltr'>ἢ</span> <span class='ocrx_word' id='word_1_685' title='bbox 1567 4913 1644 4977; x_wconf 84' lang='grc' dir='ltr'>ὡς</span> <span class='ocrx_word' id='word_1_686' title='bbox 1668 4913 1969 4983; x_wconf 80' lang='grc' dir='ltr'>ἀγνοοῦντα</span> 
     </span>
    </p>
   </div>
   <div class='ocr_carea' id='block_1_92' title="bbox 365 4995 1969 5073">
    <p class='ocr_par' dir='ltr' id='par_1_92' title="bbox 365 4995 1969 5073">
     <span class='ocr_line' id='line_1_92' title="bbox 365 4995 1969 5073; baseline 0.007 -25"><span class='ocrx_word' id='word_1_687' title='bbox 365 4995 641 5052; x_wconf 75' lang='grc' dir='ltr'>διδάσκων</span> <span class='ocrx_word' id='word_1_688' title='bbox 664 4999 864 5069; x_wconf 87' lang='grc' dir='ltr'>(πάντα</span> <span class='ocrx_word' id='word_1_689' title='bbox 883 5000 993 5073; x_wconf 84' lang='grc' dir='ltr'>γὰρ</span> <span class='ocrx_word' id='word_1_690' title='bbox 1019 4997 1163 5055; x_wconf 75' lang='grc' dir='ltr'>οἶδεν</span> <span class='ocrx_word' id='word_1_691' title='bbox 1190 5001 1267 5065; x_wconf 82' lang='grc' dir='ltr'>ὡς</span> <span class='ocrx_word' id='word_1_692' title='bbox 1293 5002 1472 5072; x_wconf 80' lang='grc' dir='ltr'><strong>Θεὸς),</strong></span> <span class='ocrx_word' id='word_1_693' title='bbox 1501 5003 1617 5058; x_wconf 80' lang='grc' dir='ltr'>ἀλλ’</span> <span class='ocrx_word' id='word_1_694' title='bbox 1638 5002 1758 5059; x_wconf 81' lang='grc' dir='ltr'>ὅλον</span> <span class='ocrx_word' id='word_1_695' title='bbox 1775 5004 1969 5059; x_wconf 75' lang='grc' dir='ltr'>ἑαυτὸν</span> 
     </span>
    </p>
   </div>
   <div class='ocr_carea' id='block_1_93' title="bbox 366 5091 1968 5171">
    <p class='ocr_par' dir='ltr' id='par_1_93' title="bbox 366 5091 1968 5171">
     <span class='ocr_line' id='line_1_93' title="bbox 366 5091 1968 5171; baseline 0.006 -27"><span class='ocrx_word' id='word_1_696' title='bbox 366 5091 424 5145; x_wconf 73' lang='grc' dir='ltr'>ὲν</span> <span class='ocrx_word' id='word_1_697' title='bbox 451 5096 521 5166; x_wconf 79' lang='grc' dir='ltr'>τῇ</span> <span class='ocrx_word' id='word_1_698' title='bbox 554 5092 653 5147; x_wconf 82' lang='grc' dir='ltr'><strong>τοῦ</strong></span> <span class='ocrx_word' id='word_1_699' title='bbox 677 5094 1023 5168; x_wconf 74' lang='grc' dir='ltr'>Γεννήματος</span> <span class='ocrx_word' id='word_1_700' title='bbox 1047 5097 1210 5167; x_wconf 87' lang='grc' dir='ltr'>φύσει</span> <span class='ocrx_word' id='word_1_701' title='bbox 1232 5099 1565 5171; x_wconf 63' lang='grc' dir='ltr'>ζωγραφεῖν),</span> <span class='ocrx_word' id='word_1_702' title='bbox 1609 5100 1703 5154; x_wconf 82' lang='grc' dir='ltr'><strong>καί</strong></span> <span class='ocrx_word' id='word_1_703' title='bbox 1717 5099 1786 5153; x_wconf 72' lang='grc' dir='ltr'><strong>τὰ</strong></span> <span class='ocrx_word' id='word_1_704' title='bbox 1820 5098 1968 5161; x_wconf 79' lang='grc' dir='ltr'>ἰδίως</span> 
     </span>
    </p>
   </div>
   <div class='ocr_carea' id='block_1_94' title="bbox 366 5183 1969 5263">
    <p class='ocr_par' dir='ltr' id='par_1_94' title="bbox 366 5183 1969 5263">
     <span class='ocr_line' id='line_1_94' title="bbox 366 5183 1969 5263; baseline 0.004 -26"><span class='ocrx_word' id='word_1_705' title='bbox 366 5183 518 5256; x_wconf 76' lang='grc' dir='ltr'><strong>αὐτῷ</strong></span> <span class='ocrx_word' id='word_1_706' title='bbox 551 5190 986 5258; x_wconf 74' lang='grc' dir='ltr'>προσπεφυκότα</span> <span class='ocrx_word' id='word_1_707' title='bbox 1043 5189 1307 5246; x_wconf 78' lang='grc' dir='ltr'>δεικνύων</span> <span class='ocrx_word' id='word_1_708' title='bbox 1329 5193 1388 5245; x_wconf 80' lang='grc' dir='ltr'>ὲν</span> <span class='ocrx_word' id='word_1_709' title='bbox 1428 5190 1632 5263; x_wconf 74' lang='grc' dir='ltr'>ἑαυτῷ,</span> <span class='ocrx_word' id='word_1_710' title='bbox 1660 5192 1751 5246; x_wconf 78' lang='grc' dir='ltr'><strong>ἵνα</strong></span> <span class='ocrx_word' id='word_1_711' title='bbox 1797 5191 1858 5256; x_wconf 72' lang='grc' dir='ltr'><strong>ἐξ</strong></span> <span class='ocrx_word' id='word_1_712' title='bbox 1892 5183 1969 5245; x_wconf 82' lang='grc' dir='ltr'><strong>ὧν</strong></span> 
     </span>
    </p>
   </div>
   <div class='ocr_carea' id='block_1_95' title="bbox 365 5276 1968 5352">
    <p class='ocr_par' dir='ltr' id='par_1_95' title="bbox 365 5276 1968 5352">
     <span class='ocr_line' id='line_1_95' title="bbox 365 5276 1968 5352; baseline 0.005 -23"><span class='ocrx_word' id='word_1_713' title='bbox 365 5276 532 5341; x_wconf 73' lang='grc' dir='ltr'>αὐτὸς</span> <span class='ocrx_word' id='word_1_714' title='bbox 558 5278 798 5350; x_wconf 81' lang='grc' dir='ltr'>ὑπάρχει</span> <span class='ocrx_word' id='word_1_715' title='bbox 826 5279 923 5334; x_wconf 72' lang='grc' dir='ltr'>καὶ</span> <span class='ocrx_word' id='word_1_716' title='bbox 946 5281 1219 5352; x_wconf 78' lang='grc' dir='ltr'>φαίνεται,</span> <span class='ocrx_word' id='word_1_717' title='bbox 1245 5282 1491 5347; x_wconf 76' lang='grc' dir='ltr'>ποταπὸς</span> <span class='ocrx_word' id='word_1_718' title='bbox 1509 5300 1572 5338; x_wconf 76' lang='grc' dir='ltr'><strong>τε</strong></span> <span class='ocrx_word' id='word_1_719' title='bbox 1592 5283 1686 5337; x_wconf 69' lang='grc' dir='ltr'>καὶ</span> <span class='ocrx_word' id='word_1_720' title='bbox 1715 5283 1798 5347; x_wconf 83' lang='grc' dir='ltr'>τις</span> <span class='ocrx_word' id='word_1_721' title='bbox 1824 5283 1968 5337; x_wconf 80' lang='grc' dir='ltr'><strong>κατά</strong></span> 
     </span>
    </p>
   </div>
   <div class='ocr_carea' id='block_1_96' title="bbox 366 5369 1964 5447">
    <p class='ocr_par' dir='ltr' id='par_1_96' title="bbox 366 5369 1964 5447">
     <span class='ocr_line' id='line_1_96' title="bbox 366 5369 1964 5447; baseline 0.004 -25"><span class='ocrx_word' id='word_1_722' title='bbox 366 5374 531 5436; x_wconf 81' lang='grc' dir='ltr'>φύσιν</span> <span class='ocrx_word' id='word_1_723' title='bbox 583 5369 737 5424; x_wconf 65' lang='grc' dir='ltr'>ἐστὶν</span> <span class='ocrx_word' id='word_1_724' title='bbox 781 5371 952 5445; x_wconf 76' lang='grc' dir='ltr'>εἰδείη</span> <span class='ocrx_word' id='word_1_725' title='bbox 1008 5374 1103 5428; x_wconf 76' lang='grc' dir='ltr'>τὸν</span> <span class='ocrx_word' id='word_1_726' title='bbox 1140 5375 1468 5447; x_wconf 72' lang='grc' dir='ltr'>Γεννήτορα.</span> <span class='ocrx_word' id='word_1_727' title='bbox 1507 5376 1609 5431; x_wconf 87' lang='grc' dir='ltr'>Διά</span> <span class='ocrx_word' id='word_1_728' title='bbox 1652 5376 1761 5446; x_wconf 81' lang='grc' dir='ltr'>γὰρ</span> <span class='ocrx_word' id='word_1_729' title='bbox 1800 5375 1964 5430; x_wconf 79' lang='grc' dir='ltr'>τοῦτό</span> 
     </span>
    </p>
   </div>
   <div class='ocr_carea' id='block_1_97' title="bbox 364 5463 1965 5538">
    <p class='ocr_par' dir='ltr' id='par_1_97' title="bbox 364 5463 1965 5538">
     <span class='ocr_line' id='line_1_97' title="bbox 364 5463 1965 5538; baseline 0.004 -24"><span class='ocrx_word' id='word_1_730' title='bbox 364 5476 533 5529; x_wconf 80' lang='grc' dir='ltr'>φησιν</span> <span class='ocrx_word' id='word_1_731' title='bbox 563 5464 593 5514; x_wconf 88' lang='lat'><strong>6</strong></span> <span class='ocrx_word' id='word_1_732' title='bbox 616 5463 874 5535; x_wconf 77' lang='grc' dir='ltr'>Χριστὸς,</span> <span class='ocrx_word' id='word_1_733' title='bbox 924 5465 1001 5531; x_wconf 80' lang='grc' dir='ltr'>ὡς</span> <span class='ocrx_word' id='word_1_734' title='bbox 1025 5484 1046 5519; x_wconf 82' lang='grc' dir='ltr'><strong>ι</strong></span> <span class='ocrx_word' id='word_1_735' title='bbox 1090 5468 1279 5532; x_wconf 68' lang='grc' dir='ltr'>υὺδιὶς</span> <span class='ocrx_word' id='word_1_736' title='bbox 1317 5468 1580 5538; x_wconf 79' lang='grc' dir='ltr'>γινώσκει</span> <span class='ocrx_word' id='word_1_737' title='bbox 1629 5470 1713 5535; x_wconf 77' lang='grc' dir='ltr'>τίς</span> <span class='ocrx_word' id='word_1_738' title='bbox 1754 5471 1905 5524; x_wconf 78' lang='grc' dir='ltr'>ἐστιν</span> <span class='ocrx_word' id='word_1_739' title='bbox 1934 5469 1965 5521; x_wconf 89' lang='lat'><strong>6</strong></span> 
     </span>
    </p>
   </div>
   <div class='ocr_carea' id='block_1_98' title="bbox 365 5552 1965 5636">
    <p class='ocr_par' dir='ltr' id='par_1_98' title="bbox 365 5552 1965 5636">
     <span class='ocr_line' id='line_1_98' title="bbox 365 5552 1965 5636; baseline 0.006 -30"><span class='ocrx_word' id='word_1_740' title='bbox 365 5552 514 5619; x_wconf 74' lang='grc' dir='ltr'>Υἰὸς,</span> <span class='ocrx_word' id='word_1_741' title='bbox 545 5554 597 5607; x_wconf 79' lang='grc' dir='ltr'><strong>εἰ</strong></span> <span class='ocrx_word' id='word_1_742' title='bbox 620 5554 698 5628; x_wconf 72' lang='grc' dir='ltr'>μὴ</span> <span class='ocrx_word' id='word_1_743' title='bbox 715 5558 744 5610; x_wconf 79' lang='lat'><strong>6</strong></span> <span class='ocrx_word' id='word_1_744' title='bbox 768 5557 980 5630; x_wconf 85' lang='grc' dir='ltr'>Πατὴρ,</span> <span class='ocrx_word' id='word_1_745' title='bbox 1001 5560 1125 5614; x_wconf 78' lang='grc' dir='ltr'>οὐδὲ</span> <span class='ocrx_word' id='word_1_746' title='bbox 1138 5561 1230 5615; x_wconf 68' lang='grc' dir='ltr'><strong>τὸν</strong></span> <span class='ocrx_word' id='word_1_747' title='bbox 1247 5563 1466 5636; x_wconf 82' lang='grc' dir='ltr'>Πατέρα</span> <span class='ocrx_word' id='word_1_748' title='bbox 1492 5580 1576 5628; x_wconf 82' lang='grc' dir='ltr'><strong>τις</strong></span> <span class='ocrx_word' id='word_1_749' title='bbox 1587 5563 1965 5634; x_wconf 79' lang='grc' dir='ltr'>ἐπιγινώσκει,</span> 
     </span>
    </p>
   </div>
   <div class='ocr_carea' id='block_1_99' title="bbox 363 5647 1969 5728">
    <p class='ocr_par' dir='ltr' id='par_1_99' title="bbox 363 5647 1969 5728">
     <span class='ocr_line' id='line_1_99' title="bbox 363 5647 1969 5728; baseline 0.004 -26"><span class='ocrx_word' id='word_1_750' title='bbox 363 5647 446 5714; x_wconf 72' lang='grc' dir='ltr'><strong>τίς</strong></span> <span class='ocrx_word' id='word_1_751' title='bbox 475 5652 649 5716; x_wconf 72' lang='grc' dir='ltr'>ἐστιν,</span> <span class='ocrx_word' id='word_1_752' title='bbox 680 5651 730 5703; x_wconf 75' lang='grc' dir='ltr'>εἰ</span> <span class='ocrx_word' id='word_1_753' title='bbox 763 5652 839 5722; x_wconf 78' lang='grc' dir='ltr'>μὴ</span> <span class='ocrx_word' id='word_1_754' title='bbox 865 5654 894 5705; x_wconf 90' lang='grc' dir='ltr'><strong>ό</strong></span> <span class='ocrx_word' id='word_1_755' title='bbox 924 5653 1072 5712; x_wconf 78' lang='grc' dir='ltr'>Υἱός.</span> <span class='ocrx_word' id='word_1_756' title='bbox 1098 5656 1290 5708; x_wconf 82' lang='grc' dir='ltr'>Κεῖται</span> <span class='ocrx_word' id='word_1_757' title='bbox 1313 5654 1422 5728; x_wconf 84' lang='grc' dir='ltr'><strong>γάρ</strong></span> <span class='ocrx_word' id='word_1_758' title='bbox 1450 5656 1509 5710; x_wconf 75' lang='grc' dir='ltr'><strong>ὲν</strong></span> <span class='ocrx_word' id='word_1_759' title='bbox 1536 5657 1740 5727; x_wconf 81' lang='grc' dir='ltr'>ἀμφοῖν</span> <span class='ocrx_word' id='word_1_760' title='bbox 1767 5657 1800 5727; x_wconf 78' lang='grc' dir='ltr'>ὴ</span> <span class='ocrx_word' id='word_1_761' title='bbox 1835 5656 1969 5709; x_wconf 74' lang='grc' dir='ltr'>ἐκα-</span> 
     </span>
    </p>
   </div>
   <div class='ocr_carea' id='block_1_100' title="bbox 347 5830 932 5898">
    <p class='ocr_par' dir='ltr' id='par_1_100' title="bbox 347 5830 932 5898">
     <span class='ocr_line' id='line_1_100' title="bbox 347 5830 932 5898; baseline -0.003 -10"><span class='ocrx_word' id='word_1_762' title='bbox 347 5868 350 5872; x_wconf 54' lang='grc' dir='ltr'><strong>λ</strong></span> <span class='ocrx_word' id='word_1_763' title='bbox 434 5831 483 5863; x_wconf 76' lang='grc'>⁸⁸</span> <span class='ocrx_word' id='word_1_764' title='bbox 514 5830 667 5889; x_wconf 82' lang='lat' dir='ltr'><strong>Psal.</strong></span> <span class='ocrx_word' id='word_1_765' title='bbox 702 5847 781 5898; x_wconf 73' lang='lat' dir='ltr'><strong>cn,</strong></span> <span class='ocrx_word' id='word_1_766' title='bbox 812 5847 932 5888; x_wconf 85' lang='lat' dir='ltr'><strong>cm.</strong></span> 
     </span>
    </p>
   </div>
   <div class='ocr_carea' id='block_1_101' title="bbox 699 5922 1433 5990">
    <p class='ocr_par' dir='ltr' id='par_1_101' title="bbox 699 5922 1433 5990">
     <span class='ocr_line' id='line_1_101' title="bbox 699 5922 1433 5990; baseline -0.005 -3"><span class='ocrx_word' id='word_1_767' title='bbox 699 5924 978 5990; x_wconf 80' lang='grc' dir='ltr'><strong>ΡΑΤιιοι..</strong></span> <span class='ocrx_word' id='word_1_768' title='bbox 1024 5924 1140 5985; x_wconf 72' lang='lat' dir='ltr'><strong>Gs.</strong></span> <span class='ocrx_word' id='word_1_769' title='bbox 1173 5922 1433 5987; x_wconf 80' lang='lat' dir='ltr'><strong>LXXIII.</strong></span> 
     </span>
    </p>
   </div>
   <div class='ocr_carea' id='block_1_102' title="bbox 2080 4622 3678 4692">
    <p class='ocr_par' dir='ltr' id='par_1_102' title="bbox 2080 4622 3678 4692">
     <span class='ocr_line' id='line_1_102' title="bbox 2080 4622 3678 4692; baseline -0.017 0"><span class='ocrx_word' id='word_1_770' title='bbox 2080 4635 2246 4692; x_wconf 81' lang='lat' dir='ltr'><strong>mista</strong></span> <span class='ocrx_word' id='word_1_771' title='bbox 2288 4632 2442 4689; x_wconf 89' lang='lat' dir='ltr'><strong>canit</strong></span> <span class='ocrx_word' id='word_1_772' title='bbox 2494 4626 2782 4685; x_wconf 70' lang='lat' dir='ltr'><strong>alicubi“.</strong></span> <span class='ocrx_word' id='word_1_773' title='bbox 2844 4623 3198 4679; x_wconf 86' lang='lat' dir='ltr'><strong>Demonstrat</strong></span> <span class='ocrx_word' id='word_1_774' title='bbox 3248 4622 3429 4670; x_wconf 88' lang='lat' dir='ltr'><strong>autem</strong></span> <span class='ocrx_word' id='word_1_775' title='bbox 3485 4624 3678 4666; x_wconf 85' lang='lat' dir='ltr'><strong>rursus</strong></span> 
     </span>
    </p>
   </div>
   <div class='ocr_carea' id='block_1_103' title="bbox 2080 4700 3679 4794">
    <p class='ocr_par' dir='ltr' id='par_1_103' title="bbox 2080 4700 3679 4794">
     <span class='ocr_line' id='line_1_103' title="bbox 2080 4700 3679 4794; baseline -0.019 -10"><span class='ocrx_word' id='word_1_776' title='bbox 2080 4729 2244 4784; x_wconf 82' lang='lat' dir='ltr'><strong>Pater</strong></span> <span class='ocrx_word' id='word_1_777' title='bbox 2295 4724 2434 4781; x_wconf 77' lang='lat' dir='ltr'><strong>Filio</strong></span> <span class='ocrx_word' id='word_1_778' title='bbox 2478 4735 2601 4794; x_wconf 64' lang='lat' dir='ltr'><strong>qua:</strong></span> <span class='ocrx_word' id='word_1_779' title='bbox 2650 4720 2768 4791; x_wconf 88' lang='lat' dir='ltr'><strong>ipse</strong></span> <span class='ocrx_word' id='word_1_780' title='bbox 2799 4715 2953 4779; x_wconf 80' lang='lat' dir='ltr'><strong>facit,</strong></span> <span class='ocrx_word' id='word_1_781' title='bbox 3000 4726 3110 4766; x_wconf 92' lang='lat' dir='ltr'><strong>non</strong></span> <span class='ocrx_word' id='word_1_782' title='bbox 3146 4708 3307 4779; x_wconf 87' lang='lat' dir='ltr'><strong>quasi</strong></span> <span class='ocrx_word' id='word_1_783' title='bbox 3350 4703 3570 4774; x_wconf 81' lang='lat' dir='ltr'><strong>depicta</strong></span> <span class='ocrx_word' id='word_1_784' title='bbox 3621 4700 3679 4754; x_wconf 89' lang='lat' dir='ltr'><strong>in</strong></span> 
     </span>
    </p>
   </div>
   <div class='ocr_carea' id='block_1_104' title="bbox 2079 4798 3678 4889">
    <p class='ocr_par' dir='ltr' id='par_1_104' title="bbox 2079 4798 3678 4889">
     <span class='ocr_line' id='line_1_104' title="bbox 2079 4798 3678 4889; baseline -0.018 -14"><span class='ocrx_word' id='word_1_785' title='bbox 2079 4818 2283 4877; x_wconf 83' lang='lat' dir='ltr'><strong>tabulis</strong></span> <span class='ocrx_word' id='word_1_786' title='bbox 2332 4820 2628 4889; x_wconf 86' lang='lat' dir='ltr'><strong>proponat,</strong></span> <span class='ocrx_word' id='word_1_787' title='bbox 2676 4818 2771 4864; x_wconf 88' lang='lat' dir='ltr'><strong>aut</strong></span> <span class='ocrx_word' id='word_1_788' title='bbox 2831 4804 2989 4877; x_wconf 88' lang='lat' dir='ltr'><strong>quasi</strong></span> <span class='ocrx_word' id='word_1_789' title='bbox 3052 4802 3249 4858; x_wconf 84' lang='lat' dir='ltr'><strong>doceat</strong></span> <span class='ocrx_word' id='word_1_790' title='bbox 3308 4798 3678 4870; x_wconf 83' lang='lat' dir='ltr'><strong>ignorantem,</strong></span> 
     </span>
    </p>
   </div>
   <div class='ocr_carea' id='block_1_105' title="bbox 2079 4885 3680 4971">
    <p class='ocr_par' dir='ltr' id='par_1_105' title="bbox 2079 4885 3680 4971">
     <span class='ocr_line' id='line_1_105' title="bbox 2079 4885 3680 4971; baseline -0.019 -1"><span class='ocrx_word' id='word_1_791' title='bbox 2079 4921 2277 4969; x_wconf 88' lang='lat' dir='ltr'><strong>cuncta</strong></span> <span class='ocrx_word' id='word_1_792' title='bbox 2304 4885 2456 4966; x_wconf 75' lang='lat' dir='ltr'><strong>enim</strong></span> <span class='ocrx_word' id='word_1_793' title='bbox 2488 4906 2663 4971; x_wconf 87' lang='lat' dir='ltr'><strong>novit,</strong></span> <span class='ocrx_word' id='word_1_794' title='bbox 2699 4912 2758 4957; x_wconf 93' lang='lat' dir='ltr'><strong>ut</strong></span> <span class='ocrx_word' id='word_1_795' title='bbox 2788 4899 2962 4965; x_wconf 87' lang='lat' dir='ltr'><strong>Deus;</strong></span> <span class='ocrx_word' id='word_1_796' title='bbox 2988 4895 3084 4953; x_wconf 89' lang='lat' dir='ltr'><strong>sed</strong></span> <span class='ocrx_word' id='word_1_797' title='bbox 3116 4895 3363 4965; x_wconf 88' lang='lat' dir='ltr'><strong>seipsum</strong></span> <span class='ocrx_word' id='word_1_798' title='bbox 3406 4896 3581 4944; x_wconf 84' lang='lat' dir='ltr'><strong>totum</strong></span> <span class='ocrx_word' id='word_1_799' title='bbox 3622 4885 3680 4941; x_wconf 89' lang='lat' dir='ltr'><strong>in</strong></span> 
     </span>
    </p>
   </div>
   <div class='ocr_carea' id='block_1_106' title="bbox 2079 4981 3787 5067">
    <p class='ocr_par' dir='ltr' id='par_1_106' title="bbox 2079 4981 3787 5067">
     <span class='ocr_line' id='line_1_106' title="bbox 2079 4981 3787 5067; baseline -0.017 -4"><span class='ocrx_word' id='word_1_800' title='bbox 2079 5003 2391 5063; x_wconf 88' lang='lat' dir='ltr'><strong>Geniminis</strong></span> <span class='ocrx_word' id='word_1_801' title='bbox 2418 5006 2619 5057; x_wconf 87' lang='lat' dir='ltr'><strong>natura</strong></span> <span class='ocrx_word' id='word_1_802' title='bbox 2653 4992 3000 5067; x_wconf 79' lang='lat' dir='ltr'><strong>exprimens,</strong></span> <span class='ocrx_word' id='word_1_803' title='bbox 3028 4996 3083 5047; x_wconf 89' lang='lat' dir='ltr'><strong>et</strong></span> <span class='ocrx_word' id='word_1_804' title='bbox 3102 4997 3451 5060; x_wconf 69' lang='lat' dir='ltr'><strong>qua‘cunque</strong></span> <span class='ocrx_word' id='word_1_805' title='bbox 3476 4981 3526 5038; x_wconf 90' lang='lat' dir='ltr'><strong>ei</strong></span> <span class='ocrx_word' id='word_1_806' title='bbox 3551 4995 3683 5053; x_wconf 86' lang='lat' dir='ltr'><strong>pro-</strong></span> <span class='ocrx_word' id='word_1_807' title='bbox 3776 4992 3787 4999; x_wconf 70' lang='lat'><strong>‘</strong></span> 
     </span>
    </p>
   </div>
   <div class='ocr_carea' id='block_1_107' title="bbox 2078 5071 3683 5170">
    <p class='ocr_par' dir='ltr' id='par_1_107' title="bbox 2078 5071 3683 5170">
     <span class='ocr_line' id='line_1_107' title="bbox 2078 5071 3683 5170; baseline -0.018 -17"><span class='ocrx_word' id='word_1_808' title='bbox 2078 5098 2199 5170; x_wconf 88' lang='lat' dir='ltr'><strong>prie</strong></span> <span class='ocrx_word' id='word_1_809' title='bbox 2249 5096 2465 5158; x_wconf 83' lang='lat' dir='ltr'><strong>insunt,</strong></span> <span class='ocrx_word' id='word_1_810' title='bbox 2510 5092 2571 5146; x_wconf 89' lang='lat' dir='ltr'><strong>in</strong></span> <span class='ocrx_word' id='word_1_811' title='bbox 2627 5088 2811 5159; x_wconf 87' lang='lat' dir='ltr'><strong>seipso</strong></span> <span class='ocrx_word' id='word_1_812' title='bbox 2833 5086 3248 5142; x_wconf 85' lang='lat' dir='ltr'><strong>demonstrans,</strong></span> <span class='ocrx_word' id='word_1_813' title='bbox 3278 5083 3339 5133; x_wconf 92' lang='lat' dir='ltr'><strong>ut</strong></span> <span class='ocrx_word' id='word_1_814' title='bbox 3377 5071 3683 5144; x_wconf 78' lang='lat' dir='ltr'><strong>exquibus</strong></span> 
     </span>
    </p>
   </div>
   <div class='ocr_carea' id='block_1_108' title="bbox 2078 5164 3678 5263">
    <p class='ocr_par' dir='ltr' id='par_1_108' title="bbox 2078 5164 3678 5263">
     <span class='ocr_line' id='line_1_108' title="bbox 2078 5164 3678 5263; baseline -0.02 -16"><span class='ocrx_word' id='word_1_815' title='bbox 2078 5164 2199 5263; x_wconf 75' lang='lat' dir='ltr'><strong>ipse</strong></span> <span class='ocrx_word' id='word_1_816' title='bbox 2248 5197 2335 5245; x_wconf 88' lang='lat' dir='ltr'><strong>est</strong></span> <span class='ocrx_word' id='word_1_817' title='bbox 2378 5195 2434 5243; x_wconf 90' lang='lat' dir='ltr'><strong>et</strong></span> <span class='ocrx_word' id='word_1_818' title='bbox 2462 5190 2712 5257; x_wconf 87' lang='lat' dir='ltr'><strong>apparet,</strong></span> <span class='ocrx_word' id='word_1_819' title='bbox 2731 5180 2956 5252; x_wconf 88' lang='lat' dir='ltr'><strong>quinam</strong></span> <span class='ocrx_word' id='word_1_820' title='bbox 3005 5182 3057 5232; x_wconf 89' lang='lat' dir='ltr'><strong>et</strong></span> <span class='ocrx_word' id='word_1_821' title='bbox 3083 5178 3331 5245; x_wconf 87' lang='lat' dir='ltr'><strong>quantus</strong></span> <span class='ocrx_word' id='word_1_822' title='bbox 3369 5164 3678 5226; x_wconf 84' lang='lat' dir='ltr'><strong>secundum</strong></span> 
     </span>
    </p>
   </div>
   <div class='ocr_carea' id='block_1_109' title="bbox 2079 5259 3683 5347">
    <p class='ocr_par' dir='ltr' id='par_1_109' title="bbox 2079 5259 3683 5347">
     <span class='ocr_line' id='line_1_109' title="bbox 2079 5259 3683 5347; baseline -0.019 -8"><span class='ocrx_word' id='word_1_823' title='bbox 2079 5259 2335 5345; x_wconf 78' lang='lat' dir='ltr'><strong>naturam</strong></span> <span class='ocrx_word' id='word_1_824' title='bbox 2357 5280 2431 5337; x_wconf 88' lang='lat' dir='ltr'><strong>sit</strong></span> <span class='ocrx_word' id='word_1_825' title='bbox 2458 5277 2643 5344; x_wconf 86' lang='lat' dir='ltr'><strong>Pater,</strong></span> <span class='ocrx_word' id='word_1_826' title='bbox 2682 5280 2971 5347; x_wconf 84' lang='lat' dir='ltr'><strong>agnoscat.</strong></span> <span class='ocrx_word' id='word_1_827' title='bbox 2997 5267 3213 5325; x_wconf 79' lang='lat' dir='ltr'><strong>idcirco</strong></span> <span class='ocrx_word' id='word_1_828' title='bbox 3247 5265 3393 5320; x_wconf 89' lang='lat' dir='ltr'><strong>enim</strong></span> <span class='ocrx_word' id='word_1_829' title='bbox 3426 5259 3683 5317; x_wconf 77' lang='lat' dir='ltr'><strong>Christus</strong></span> 
     </span>
    </p>
   </div>
   <div class='ocr_carea' id='block_1_110' title="bbox 2079 5352 3670 5447">
    <p class='ocr_par' dir='ltr' id='par_1_110' title="bbox 2079 5352 3670 5447">
     <span class='ocr_line' id='line_1_110' title="bbox 2079 5352 3670 5447; baseline -0.013 -17"><span class='ocrx_word' id='word_1_830' title='bbox 2079 5375 2176 5443; x_wconf 88' lang='lat' dir='ltr'><strong>ait,</strong></span> <span class='ocrx_word' id='word_1_831' title='bbox 2195 5374 2337 5447; x_wconf 89' lang='lat' dir='ltr'><strong>quod</strong></span> <span class='ocrx_word' id='word_1_832' title='bbox 2349 5371 2552 5429; x_wconf 72' lang='lat' dir='ltr'><strong>«Nemo</strong></span> <span class='ocrx_word' id='word_1_833' title='bbox 2568 5370 2720 5427; x_wconf 90' lang='lat' dir='ltr'><strong>novit</strong></span> <span class='ocrx_word' id='word_1_834' title='bbox 2735 5367 2900 5440; x_wconf 72' lang='grc'>223</span> <span class='ocrx_word' id='word_1_835' title='bbox 2917 5365 3045 5438; x_wconf 83' lang='lat' dir='ltr'><strong>quis</strong></span> <span class='ocrx_word' id='word_1_836' title='bbox 3061 5363 3133 5421; x_wconf 86' lang='lat' dir='ltr'><strong>sit</strong></span> <span class='ocrx_word' id='word_1_837' title='bbox 3149 5359 3343 5422; x_wconf 81' lang='lat' dir='ltr'><strong>Filius,</strong></span> <span class='ocrx_word' id='word_1_838' title='bbox 3363 5353 3469 5411; x_wconf 88' lang='lat' dir='ltr'><strong>nisi</strong></span> <span class='ocrx_word' id='word_1_839' title='bbox 3484 5352 3670 5447; x_wconf 65' lang='lat' dir='ltr'><strong>Pater;</strong></span> 
     </span>
    </p>
   </div>
   <div class='ocr_carea' id='block_1_111' title="bbox 2075 5440 3682 5540">
    <p class='ocr_par' dir='ltr' id='par_1_111' title="bbox 2075 5440 3682 5540">
     <span class='ocr_line' id='line_1_111' title="bbox 2075 5440 3682 5540; baseline -0.019 -17"><span class='ocrx_word' id='word_1_840' title='bbox 2075 5440 2256 5540; x_wconf 75' lang='lat' dir='ltr'><strong>neque</strong></span> <span class='ocrx_word' id='word_1_841' title='bbox 2281 5465 2502 5523; x_wconf 84' lang='lat' dir='ltr'><strong>Patrem</strong></span> <span class='ocrx_word' id='word_1_842' title='bbox 2529 5465 2654 5537; x_wconf 89' lang='lat' dir='ltr'><strong>quis</strong></span> <span class='ocrx_word' id='word_1_843' title='bbox 2687 5466 2840 5519; x_wconf 90' lang='lat' dir='ltr'><strong>novit</strong></span> <span class='ocrx_word' id='word_1_844' title='bbox 2881 5459 3009 5532; x_wconf 88' lang='lat' dir='ltr'><strong>quis</strong></span> <span class='ocrx_word' id='word_1_845' title='bbox 3038 5457 3133 5522; x_wconf 89' lang='lat' dir='ltr'><strong>sit,</strong></span> <span class='ocrx_word' id='word_1_846' title='bbox 3162 5454 3267 5509; x_wconf 89' lang='lat' dir='ltr'><strong>nisi</strong></span> <span class='ocrx_word' id='word_1_847' title='bbox 3292 5450 3334 5506; x_wconf 85' lang='lat' dir='ltr'><strong>F</strong></span> <span class='ocrx_word' id='word_1_848' title='bbox 3338 5444 3507 5505; x_wconf 80' lang='lat' dir='ltr'><strong>ilius?</strong></span> <span class='ocrx_word' id='word_1_849' title='bbox 3536 5440 3682 5496; x_wconf 67' lang='lat' dir='ltr'><strong>aEst</strong></span> 
     </span>
    </p>
   </div>
   <div class='ocr_carea' id='block_1_112' title="bbox 2078 5539 3680 5636">
    <p class='ocr_par' dir='ltr' id='par_1_112' title="bbox 2078 5539 3680 5636">
     <span class='ocr_line' id='line_1_112' title="bbox 2078 5539 3680 5636; baseline -0.017 -15"><span class='ocrx_word' id='word_1_850' title='bbox 2078 5565 2226 5622; x_wconf 88' lang='lat' dir='ltr'><strong>enim</strong></span> <span class='ocrx_word' id='word_1_851' title='bbox 2261 5564 2320 5620; x_wconf 90' lang='lat' dir='ltr'><strong>in</strong></span> <span class='ocrx_word' id='word_1_852' title='bbox 2372 5573 2608 5636; x_wconf 88' lang='lat' dir='ltr'><strong>utroque</strong></span> <span class='ocrx_word' id='word_1_853' title='bbox 2641 5561 2932 5631; x_wconf 88' lang='lat' dir='ltr'><strong>utriusque</strong></span> <span class='ocrx_word' id='word_1_854' title='bbox 2962 5548 3371 5625; x_wconf 62' lang='lat' dir='ltr'><strong>cognitio,~non</strong></span> <span class='ocrx_word' id='word_1_855' title='bbox 3401 5539 3680 5636; x_wconf 73' lang='lat' dir='ltr'><strong>doctrina,</strong></span> 
     </span>
    </p>
   </div>
   <div class='ocr_carea' id='block_1_113' title="bbox 2082 5627 3678 5731">
    <p class='ocr_par' dir='ltr' id='par_1_113' title="bbox 2082 5627 3678 5731">
     <span class='ocr_line' id='line_1_113' title="bbox 2082 5627 3678 5731; baseline -0.018 -20"><span class='ocrx_word' id='word_1_856' title='bbox 2082 5653 2181 5711; x_wconf 87' lang='lat' dir='ltr'><strong>sed</strong></span> <span class='ocrx_word' id='word_1_857' title='bbox 2228 5662 2427 5711; x_wconf 88' lang='lat' dir='ltr'><strong>natura</strong></span> <span class='ocrx_word' id='word_1_858' title='bbox 2480 5627 2579 5709; x_wconf 58' lang='grc' dir='ltr'>τοι</span> <span class='ocrx_word' id='word_1_859' title='bbox 2611 5652 2765 5709; x_wconf 86' lang='lat' dir='ltr'><strong>videt</strong></span> <span class='ocrx_word' id='word_1_860' title='bbox 2825 5627 3051 5731; x_wconf 67' lang='lat' dir='ltr'><strong>quidem</strong></span> <span class='ocrx_word' id='word_1_861' title='bbox 3101 5640 3247 5695; x_wconf 89' lang='lat' dir='ltr'><strong>Deus</strong></span> <span class='ocrx_word' id='word_1_862' title='bbox 3287 5649 3351 5689; x_wconf 86' lang='lat' dir='ltr'><strong>ac</strong></span> <span class='ocrx_word' id='word_1_863' title='bbox 3406 5631 3570 5688; x_wconf 83' lang='lat' dir='ltr'><strong>Pater</strong></span> <span class='ocrx_word' id='word_1_864' title='bbox 3622 5627 3678 5683; x_wconf 83' lang='lat' dir='ltr'><strong>in</strong></span> 
     </span>
    </p>
   </div>
   <div class='ocr_carea' id='block_1_114' title="bbox 3281 5852 3463 5978">
    <p class='ocr_par' dir='ltr' id='par_1_114' title="bbox 3281 5852 3463 5978">
     <span class='ocr_line' id='line_1_114' title="bbox 3281 5852 3463 5978; baseline -0.011 0"><span class='ocrx_word' id='word_1_865' title='bbox 3281 5852 3463 5978; x_wconf 42' lang='lat'><strong>12&#39;</strong></span> 
     </span>
    </p>
   </div>
  </div>
