4052 6512
464 345 571 401 363

1354 324 1366 337 “
1460 346 1516 402 s.
1552 346 1838 403 CYRlLLl
1871 348 2347 409 ALEXANDRINI
2387 352 2713 415 ARClllEP.

3632 361 3730 415 δδι

466 468 651 537 ςυὶρεο
676 462 893 533 Filium,
925 480 988 520 ac
1021 464 1256 520 vicissim
1287 461 1460 520 Filius
1502 466 1558 519 iu
1607 468 1792 536 scipso
1811 468 2043 524 Patrem.

2158 472 2322 543 τέρου
2354 472 2557 541 γνῶσις
2582 474 2643 526 οὐ
2692 472 2976 538 διδακτῶς,
3017 474 3152 528 ἀλλὰ
3200 474 3445 545 φυσικῶς
3466 492 3478 505 ·
3521 480 3614 532 καὶ⁵
3642 484 3737 553 ὁρᾷ

467 557 674 613 Idcirco
701 560 778 611 ait
804 577 816 612 :
849 575 868 609 ι
904 556 1015 627 Ego
1042 558 1096 610 iu
1124 555 1307 620 Patre,
1335 566 1390 611 et
1418 554 1580 612 Pater
1608 558 1663 611 in
1697 574 1783 613 me
1814 570 1899 615 est
1929 562 1996 612 δ’.
2023 581 2044 614 ι

468 643 603 698 Illud
632 652 834 708 autem,
871 644 1043 699 videre
1069 651 1122 699 et
1170 644 1359 709 videri,
1400 644 1510 702 Deo
1541 648 1932 705 convenienter
1962 650 2051 707 hic

466 751 660 793 rursus
689 735 1015 806 capiendum
1051 743 1157 790 est.

536 1003 740 1070 ν,,ε›.ο.
789 1003 853 1058 Et
882 1005 1092 1074 majora
1125 1006 1206 1060 his
1244 1006 1629 1063 demonstrabit
1669 1011 1718 1064 ei
1756 1027 1951 1078 opera,
1991 1024 2047 1065 ut

462 1114 551 1152 vos
578 1097 864 1152 miremini.

534 1189 595 1244 In
637 1190 1019 1261 superioribus
1051 1189 1217 1246 refert
1236 1190 1429 1246 beatus
1462 1193 1795 1264 evangelista
1825 1193 2049 1252 Juda‘os

462 1279 655 1337 Jesum
700 1280 1148 1337 interﬁciendum
1184 1296 1458 1352 quaerere,
1505 1284 1764 1353 quoniam
1808 1300 1917 1341 non
1953 1301 2046 1342 so-

464 1376 577 1429 lum
601 1374 846 1430 solvebat
894 1372 1231 1440 Sabbatum,
1282 1374 1380 1430 sed
1425 1382 1479 1429 et
1502 1374 1723 1431 Patrem
1769 1392 1931 1433 suum
1962 1379 2047 1434 di-

463 1463 623 1519 cebat
642 1462 833 1528 Deum,
857 1465 1122 1533 aequalem
1152 1464 1398 1535 seipsum
1429 1464 1638 1521 faciens
1672 1466 1782 1523 Deo
1815 1468 1911 1523 ⁸⁵⁸.
1940 1470 2049 1525 Ac-

463 1555 800 1610 cusationem
835 1555 1002 1626 igitur
1021 1555 1210 1611 violati
1248 1554 1475 1612 Sabbati
1506 1558 1769 1614 rel'utavit
1792 1599 1811 1625 ,
1853 1569 2047 1617 osten—

458 1647 600 1703 dens
641 1647 821 1718 ipsum
867 1662 1095 1719 quoque
1134 1646 1351 1703 Patrem
1399 1651 1620 1720 operari
1673 1651 1729 1705 in
1772 1649 2045 1721 Sabbato,

462 1741 625 1812 longa
682 1740 740 1797 in
795 1740 849 1797 id
898 1742 1150 1797 oratione
1193 1749 1540 1814 consumpta.
1575 1744 1820 1800 Conatur
1866 1754 2046 1802 autem

2156 563 2298 633 μὲνὸ
2317 564 2450 627 Θεὸς
2474 565 2567 617 καὶ
2592 565 2785 636 Πατὴρ
2826 568 2885 620 ἐν
2928 566 3108 636 ἑαυτῷ
3136 567 3226 619 τὸν
3261 566 3411 633 Υἰὸν,
3453 569 3558 641 ὁρᾷ
3588 570 3641 624 δὲ
3674 571 3736 628 αὖ

2152 655 2314 709 πάλιν
2358 657 2387 708 6
2437 655 2563 720 Υἱὸς
2607 658 2667 711 ὲν
2711 656 2890 728 ἐαυτῷ
2920 656 3011 711 τδν
3060 658 3307 729 Πατέρα.
3333 658 3433 713 Διά
3464 678 3546 713 τοι
3584 662 3740 717 τοῦτό

2152 763 2339 816 φησιν’
2387 745 2528 816 Ἐγὼ
2551 749 2610 802 ὲν
2646 747 2726 819 τῷ
2752 747 2947 819 Πατρὶ,
2974 749 3068 802 καὶ
3088 751 3116 802 6
3143 748 3332 820 Πατὴρ
3363 752 3421 804 ὲν
3451 753 3574 822 ἐμοι
3603 756 3738 811 ἐστι.

2152 840 2225 893 T6
2252 840 2308 895 δὲ
2338 838 2487 909 ὀρᾷν
2502 857 2582 905 τε,
2606 842 2698 894 καὶ
2720 838 2994 908 ὁρᾶσθαι,
3020 840 3187 894 πάλιν
3208 841 3267 893 ὲν
3288 840 3499 908 τούτοις
3516 822 3743 902 νοείσθω

2152 931 2502 1000 θεοπρεπῶς.

2219 1023 2332 1078 Καὶ
2344 1022 2587 1093 μείζονα
2606 1022 2832 1078 τούτων
2855 1024 3001 1094 ἔργα
3025 1024 3207 1091 δείξει
3232 1022 3395 1090 αὐτῷ
3415 1066 3431 1092 ,
3452 1025 3555 1080 ἵνα
3573 1024 3743 1096 ὑμεῖς

2151 1111 2500 1184 θαυμάζητε.

2235 1205 2322 1259 Ἐν
2348 1208 2461 1269 τοῖς
2483 1204 2740 1277 ἀνωτέρω
2766 1203 2973 1273 φησὶνὸ
3004 1204 3294 1276 Μακάριος
3322 1200 3740 1275 εὐαγγελιστὴς,

2150 1293 2225 1358 ὡς
2260 1295 2486 1367 ἐζήτουν
2525 1296 2577 1348 οἰ
2621 1294 2863 1349 Ἰουδαῖοι
2902 1293 2994 1350 τὸν
3036 1293 3243 1364 Ἰησοῦν
3275 1294 3618 1355 ἀποκτεῖναι,
3659 1294 3740 1347 ὅτι

2149 1384 2210 1437 οὐ
2251 1384 2412 1455 μόνον
2456 1383 2579 1438 ἔλυε
2612 1385 2675 1439 τὸ
2724 1384 3023 1450 Σάϐϐατον,
3048 1384 3184 1438 ἀλλὰ
3233 1384 3327 1438 καὶ
3357 1385 3577 1454 Πατέρα
3608 1386 3740 1440 ἴδιον

2150 1474 2305 1543 ἔλεγε
2332 1474 2425 1528 τὸν
2464 1474 2617 1540 Θεὸν,
2657 1476 2771 1529 ἴσον
2802 1472 2992 1528 ἑαυτὸν
3020 1472 3186 1526 ποιῶν
3213 1472 3291 1544 τῷ
3320 1471 3458 1542 Θεῷ.
3498 1473 3608 1544 Τὴν
3643 1475 3737 1545 μὲν

2149 1558 2243 1618 οὖν
2280 1564 2374 1618 ἐπὶ
2405 1563 2484 1635 τῷ
2510 1563 2772 1636 Σαὸὁᾶτῳ
2811 1564 3150 1635 κατηγορίαν
3181 1565 3609 1630 ἀπεσκευάζετο,
3647 1568 3738 1620 καὶ

2150 1655 2314 1710 αὑτὸν
2362 1656 2668 1719 ἐπιδεικνὺς
2697 1656 2919 1725 ἐνεργὸν
2964 1657 3022 1708 ὲν
3065 1654 3328 1727 Σαῢόάτῳ
3371 1657 3463 1710 τὸν
3496 1658 3737 1729 Πατέρα,

2150 1746 2247 1801 καὶ
2274 1747 2490 1819 μακρὸν
2524 1747 2616 1801 ἐπὶ
2653 1747 2831 1818 τούτῳ
2856 1746 3281 1818 προσαναλώσας
3315 1747 3492 1817 λόγον.
3525 1749 3653 1803 Ὅτι
3686 1749 3742 1803 δέ

461 1832 846 1889 demonsuare
885 1834 1053 1889 etiam
1088 1834 1346 1903 quamvis
1379 1843 1605 1906 propter
1639 1852 1742 1892 nos
1780 1836 1945 1897 homo
1978 1838 2043 1893 sit

2155 1841 2304 1895 ἐστιν
2336 1842 2395 1894 ὲν
2436 1841 2642 1910 ἰσότητι
2670 1842 2736 1912 τῇ
2766 1840 2906 1912 πρὸς
2934 1839 3024 1894 τὸν
3053 1840 3295 1911 Πατέρα,
3331 1841 3427 1895 καὶ
3453 1840 3742 1913 ἄνθρωπος

460 1924 679 1990 factus,
720 1925 989 1996 aequalem
1030 1934 1212 1982 tamen
1248 1942 1374 1983 esse
1406 1925 1578 1982 Patri.
1618 1927 1731 1984 Hoc
1774 1928 1921 1986 enim
1958 1930 2049 1985 di-

459 2019 695 2075 cendum
731 2019 993 2075 restabat.
1021 2018 1258 2091 Ideoque
1283 2021 1395 2075 ait:
1424 2040 1442 2073 ‹
1467 2021 1677 2092 Maiora
1700 2022 1786 2079 his
1813 2024 2049 2079 demon-

461 2113 662 2169 strabit
683 2112 733 2168 ei
756 2126 921 2183 opera
940 2152 956 2177 ,
981 2118 1044 2165 ut
1071 2127 1169 2168 vos
1199 2112 1494 2168 miremini.
1522 2132 1540 2165 ι
1571 2115 1639 2168 At
1667 2112 1799 2184 quid
1826 2129 2046 2171 rursum

460 2204 549 2261 his
580 2204 762 2262 verbis
791 2202 899 2261 sibi
925 2204 1084 2260 vult?
1118 2202 1362 2261 Sanatus
1389 2213 1511 2272 est,
1543 2204 1756 2276 inquit,
1785 2207 2049 2279 paralyti-

459 2313 594 2363 eus,
647 2297 873 2368 triginta
918 2304 973 2353 et
1009 2304 1139 2352 octo
1173 2310 1353 2352 annos
1388 2296 1598 2353 habens
1633 2297 1689 2352 in
1727 2297 2048 2355 inﬁrmitate

461 2405 582 2445 sua.
609 2389 675 2445 Et
703 2390 841 2444 mira
866 2399 953 2447 est
983 2403 1118 2444 sane
1142 2387 1325 2451 virtus
1354 2388 1479 2456 ejus
1507 2388 1601 2459 qui
1634 2389 1883 2457 sanavit,
1907 2390 2047 2444 divi-

458 2496 642 2553 naque
675 2482 835 2551 plane
874 2488 1144 2553 potestas.
1176 2477 1283 2537 Sed
1328 2489 1437 2535 tam
1480 2480 1819 2535 mirabilium
1857 2496 2042 2537 rerum

460 2584 793 2646 patratorem
820 2616 833 2641 ,
866 2589 1029 2632 nemo
1064 2588 1215 2629 sanae
1241 2574 1442 2630 mentis
1461 2612 1476 2638 ,
1507 2573 1727 2644 opinor,
1756 2573 2048 2644 reprehen-

457 2667 620 2735 derit,
657 2681 719 2723 se
754 2665 928 2721 Deum
962 2680 1089 2721 esse
1116 2664 1427 2733 dicentem,
1457 2670 1514 2717 et
1546 2663 1676 2734 quia
1706 2659 1885 2720 Filius
1919 2671 2039 2730 est,

456 2775 556 2829 per
586 2759 772 2815 omnia
809 2757 958 2812 Patri
999 2757 1290 2828 aequalem.
1333 2755 1607 2823 Quoniam
1643 2763 1827 2813 autem
1865 2758 2043 2829 pessi-

451 2864 550 2906 me
575 2864 640 2905 ac
669 2849 1000 2906 stultissime
1032 2846 1346 2915 sentiendo,
1377 2849 1575 2919 inquit,
1606 2858 1827 2920 propter
1849 2847 2043 2921 fragile

452 2944 563 2998 hoc
598 2943 802 3012 corpus
848 2939 1341 3006 scandalizamini,
1390 2942 1709 2998 necessario
1749 2940 2037 2999 sciendum

453 3030 612 3087 vobis
639 3037 748 3097 est,
775 3029 923 3084 hunc
957 3042 1067 3086 non
1103 3029 1224 3085 fore
1251 3030 1543 3100 potestatis
1567 3043 1632 3085 ac
1662 3029 1884 3085 virtutis
1908 3045 2040 3086 meat

454 3122 752 3179 terminum
782 3140 795 3177 :
828 3120 1039 3191 majora
1060 3135 1326 3190 namque,
1357 3120 1445 3176 vel
1478 3119 1660 3185 inviti,
1689 3121 2034 3191 spectabitis,

453 3222 801 3270 mortuorum
820 3212 1043 3268 scilicet
1070 3212 1574 3268 nesurrectionem:
1606 3219 1833 3282 tumque
1864 3212 2038 3284 magis

452 3301 825 3369 mirabimiui,
871 3301 1119 3357 divinam
1158 3302 1393 3373 gloriam
1433 3317 1501 3357 ac
1534 3303 1794 3359 virtutem
1851 3303 1910 3359 in
1957 3319 2043 3360 me

453 3401 748 3457 cernentes
765 3436 780 3462 ,
804 3408 967 3463 quem
995 3393 1353 3464 blasphemia:
1375 3394 1609 3451 crimine
1629 3410 1779 3451 nunc
1802 3396 2042 3470 involvi-

451 3487 547 3551 tis,
579 3495 634 3542 et
665 3483 918 3556 persequi
948 3498 1059 3539 non
1086 3484 1392 3552 veremini,
1423 3493 1725 3558 propterea
1759 3489 1907 3559 quod
1946 3503 2033 3546 so-

454 3579 568 3632 lum
597 3574 735 3642 dixi,
758 3590 846 3630 me
868 3572 958 3631 Dei
985 3573 1187 3631 Filium
1216 3592 1365 3635 esse.
1388 3578 1511 3645 Quo
1533 3587 1698 3650 pacto
1723 3594 1858 3637 vero
1894 3580 2039 3638 Deus

454 3683 521 3725 ac
562 3666 724 3724 Pater
762 3680 931 3737 opera
979 3667 1120 3725 Filio
1161 3668 1547 3740 demonstret,
1596 3672 1828 3743 copiose
1877 3682 2038 3731 antea

453 3762 715 3821 diximus.

523 4026 591 4092 V,
615 4027 706 4083 2|.
743 4027 892 4085 Sicut
916 4030 1055 4084 enim
1087 4029 1253 4085 Pater
1280 4030 1510 4085 suscitat
1539 4040 1797 4097 mortuos,
1824 4041 1874 4089 et
1905 4035 2035 4090 viui-

447 4121 576 4190 ﬁcat
595 4160 610 4179 .
640 4122 718 4175 sic
745 4131 797 4177 et
819 4120 882 4177 .F
886 4121 1012 4176 ilius
1036 4138 1167 4192 quos
1197 4121 1309 4176 uult
1340 4122 1592 4191 viviﬁcat.

526 4209 660 4267 Vide
681 4225 879 4266 rursus
908 4212 1278 4282 aequalitatem
1304 4211 1391 4267 his
1417 4212 1598 4269 verbis
1626 4215 1777 4272 clare
1802 4216 2034 4274 demon-

450 4303 638 4357 strari.
657 4301 761 4368 Qui
781 4304 928 4357 enim
950 4301 1240 4370 aequaliter
1258 4303 1311 4356 in
1339 4304 1679 4362 suscitandis
1705 4307 1871 4380 224
1893 4325 2036 4365 mor-

2150 1931 2391 2001 γεγονὼς
2415 1931 2482 1985 δι’
2508 1932 2655 2004 ἡμᾶς
2674 1974 2688 1997 ,
2725 1933 2983 2004 πειρᾶται
3007 1931 3301 1986 διδάσκειν.
3329 1932 3500 1986 Τοῦτο
3527 1932 3640 2004 γὰρ
3670 1927 3742 2005 ἦν

2150 2024 2244 2077 ἐπὶ
2275 2023 2352 2095 τῷ
2399 2024 2542 2096 λόγῳ
2569 2023 2632 2078 τὸ
2685 2025 2891 2078 λεῖπον.
2928 2024 3037 2078 Καὶ
3092 2024 3182 2078 διὰ
3214 2025 3373 2079 τοῦτό
3422 2041 3625 2097 φησιν,
3660 2025 3746 2079 ὅτι

2155 2133 2175 2166 ι
2209 2114 2449 2180 Μείζονα
2479 2114 2686 2169 τούτων
2713 2114 2878 2181 δείξει
2912 2115 3061 2186 αὐτῷ
3091 2115 3250 2187 ἔργα,
3291 2116 3381 2170 ἵνα
3411 2116 3568 2188 ὑμεῖς
3609 2115 3745 2171 Gau—

2150 2203 2383 2277 μάζητε.
2419 2223 2439 2255 ι
2478 2205 2589 2259 Καὶ
2630 2206 2685 2260 τί
2741 2208 2903 2261 πάλιν
2944 2207 3076 2278 ἡμῖν
3112 2206 3364 2277 βούλεται
3406 2207 3495 2261 διὰ
3547 2206 3744 2262 τούτου

2149 2295 2340 2365 δηλοῦν
2375 2312 2391 2362 ;
2419 2296 2825 2367 Τεθεράπευται
2852 2338 2867 2361 ,
2896 2301 3062 2370 φησιν
3084 2339 3100 2363 ,
3133 2299 3162 2351 6
3209 2300 3546 2371 παράλυτος,
3580 2302 3747 2375 τριά-

2147 2404 2313 2441 κοντα
2344 2388 2439 2442 καὶ
2470 2387 2615 2442 ὀκτὼ
2643 2388 2739 2462 ἐτη
2770 2389 2909 2461 ἔχων
2945 2390 3003 2442 ἐν
3022 2391 3087 2461 τῇ
3124 2389 3378 2462 ἀσθενείᾳ
3409 2388 3596 2446 αὑτοῦ.
3627 2392 3749 2446 Καὶ

2147 2483 2435 2555 θαυμαστή
2458 2483 2579 2555 »μὲν
2611 2482 2782 2550 ὅντως
2819 2486 2852 2556 ἠ
2898 2482 2993 2538 τοῦ
3027 2483 3460 2557 θεραπεύσαντος
3487 2485 3747 2557 δύναμις,

2146 2574 2458 2648 θεοπρεπὴς
2475 2592 2533 2628 τε
2553 2575 2673 2630 λίαν
2697 2577 2731 2647 ἡ
2754 2575 2991 2641 ἐξουσία.
3014 2576 3118 2629 Τὸν
3145 2576 3202 2629 δὲ
3221 2576 3364 2630 οὕτω
3390 2577 3744 2650 θαυματουρο

2143 2665 2240 2736 τὸν
2263 2706 2278 2731 ,
2312 2667 2412 2720 οὐκ
2451 2667 2518 2722 ἄν
2547 2684 2664 2733 τις,
2693 2662 2847 2738 οἶμαι
2869 2707 2884 2733 ,
2919 2666 3215 2738 σωφρονῶν
3249 2667 3555 2723 αἰτιάσαιτο
3603 2668 3747 2723 Θεὸν

2142 2758 2334 2812 ἑαυτὸν
2372 2753 2512 2812 εῖναι
2544 2758 2774 2828 λέγοντα
2800 2801 2815 2827 ,
2846 2758 2940 2812 καὶ
2972 2759 3202 2833 ἐπείπερ
3236 2760 3385 2813 ἐστὶν
3415 2760 3545 2825 Υἱὸς
3565 2802 3579 2827 ,
3622 2762 3746 2816 [σον

2143 2850 2286 2905 κατὰ
2313 2851 2494 2906 πάντα
2523 2850 2602 2923 τῷ
2633 2852 3016 2923 Γεγεννηκότι.
3062 2850 3280 2924 Ἐπειδὴ
3306 2852 3363 2906 δὲ
3391 2853 3747 2924 φρονοῦντες,

2142 2943 2296 3015 φησὶ,
2346 2943 2584 2999 κάκιστά
2610 2960 2667 2998 τε
2712 2945 2810 2998 καὶ
2852 2942 3195 3017 ἀλογώτατα,
3232 2944 3322 2999 διὰ
3376 2944 3439 2998 τὸ
3470 2945 3749 3018 ἐπίκηρον

2140 3036 2291 3090 τουτὶ
2315 3035 2737 3101 σκανδαλίζεσθε
2764 3037 3257 3108 σῶμα,ἀναγκαῖον
3288 3037 3431 3108 ὑμᾶς
3452 3038 3747 3108 ἐκμαθεῖν,

2140 3129 2218 3192 ὡς
2233 3129 2295 3181 οὐ
2318 3128 2480 3199 μέχρι
2507 3127 2711 3182 ¹τούτων
2731 3127 2801 3181 τὰ
2824 3128 2923 3199 τῆς
2938 3127 3078 3198 ἐμῆς
3093 3127 3341 3196 ἐξουσίας
3357 3145 3418 3181 τε
3438 3128 3532 3181 καὶ
3555 3127 3749 3199 ἰσχύος

2149 3222 2407 3294 στήσεται
2435 3237 2450 3252 θ
2482 3220 2749 3291 μειζόνων
2788 3220 2898 3291 γὰρ
2926 3217 3114 3272 ἔσεσθε
3153 3218 3488 3290 παραδόξων,
3527 3218 3630 3273 κᾶν
3664 3220 3748 3290 μὴ

2146 3313 2435 3385 βούλησθε,
2475 3313 2707 3385 θεωροὶ,
2740 3313 2841 3382 τῆς
2871 3311 2981 3366 τῶν
3014 3311 3224 3383 νεκρῶν
3255 3313 3608 3376 ἀναστάσεως
3646 3311 3751 3382 δη-

2143 3404 2277 3476 λαδὴ
2300 3445 2317 3472 ,
2345 3406 2441 3460 καὶ
2488 3404 2611 3458 τότε
2650 3395 2915 3476 μειζόνως
2948 3402 3439 3474 καταπλαγήσεσθε
3460 3441 3477 3467 ,
3512 3403 3615 3476 τὴν
3660 3404 3749 3476 τῷ

2141 3497 2264 3569 Θεῷ
2292 3497 2610 3568 πρέπουσαν
2650 3498 2804 3570 ἰσχύν
2837 3515 2896 3551 τε
2930 3498 3026 3552 καὶ
3053 3496 3213 3562 δόξαν
3237 3498 3295 3550 ἐν
3326 3497 3449 3569 ἐμοὶ
3472 3497 3747 3571 κειμένην

2140 3590 2408 3662 ὁρῶντες,
2433 3590 2493 3646 ὃν
2535 3590 2849 3662 δυσφημίας
2883 3590 3187 3662 ἐγκλήματι
3230 3588 3588 3661 πρῐὸἀλλετε
3617 3588 3742 3656 νῦν,

2140 3682 2235 3736 καὶ⁸
2262 3681 2479 3737 διώκειν
2516 3682 2619 3738 οὐκ
2652 3680 2996 3753 αἰσχύνεσθε,
3025 3681 3116 3735 διὰ
3136 3681 3200 3735 τὸ
3222 3682 3384 3753 μόνον
3418 3682 3627 3751 εἰπεῖν,
3653 3682 3748 3737 ὅτι

2141 3773 2269 3839 Υἱὸς
2325 3773 2463 3829 Θεοῦ
2515 3776 2653 3847 εἰμι.
2689 3775 2937 3828 Δεικνύει
2975 3772 3035 3827 δὲ
3075 3775 3225 3838 ὅπως
3255 3773 3284 3827 6
3319 3772 3453 3838 Θεὸς
3493 3776 3592 3829 καὶ
3619 3774 3746 3829 Πα-

2136 3866 2245 3938 τὴρ
2285 3867 2356 3922 τὰ
2387 3867 2529 3940 ἔργα
2568 3865 2649 3940 τῷ
2683 3866 2831 3939 Υἰῷ,
2861 3865 3228 3938 προλαϐόντες
3265 3865 3366 3938 ἤδη
3399 3867 3489 3934 διὰ
3522 3866 3746 3922 πολλῶν

2139 3960 2466 4014 εἰρήκαμεν.

2266 3976 2337 4013 κα
2416 3976 2466 4014 ν.

2194 3960 2441 4121 ξᾍσξὲρ
2468 4050 2578 4121 γὰρ
2600 4052 2633 4105 ὁ
2667 4051 2867 4120 Πατὴρ
2902 4049 3118 4121 ἐγείρει
3154 4050 3297 4118 τοὺς
3327 4049 3584 4120 νεκροὺς
3635 4052 3740 4105 καί

2108 4140 2111 4149 ’
2139 4140 2421 4208 ζωοποιεῖ,
2446 4143 2631 4210 οὕτως
2667 4143 2768 4198 καὶ
2790 4146 2822 4198 ὀ
2859 4142 2994 4210 Υἱὸς
3021 4143 3128 4210 οὓς
3154 4143 3316 4199 θέλει
3340 4141 3625 4204 ζωοποιεῖ.

2207 4233 2320 4305 Θέα
2346 4233 2410 4305 δὴ
2443 4234 2609 4288 πάλιν
2649 4236 2709 4289 ὲν
2752 4235 2966 4299 τούτοις
3011 4235 3159 4306 σαφῆ
3189 4235 3291 4307 τὴν
3334 4236 3434 4306 τῆς
3487 4235 3741 4307 ἰσότητος

2136 4320 2430 4390 ἀπόδειξιν.
2462 4325 2521 4377 '0
2552 4324 2661 4395 γὰρ
2691 4324 2822 4388 ἴσως
2853 4323 3075 4396 ἐνεργὸς
3107 4324 3237 4395 περὶ
3259 4322 3357 4395 τὴν
3382 4322 3742 4394 τῶν-νεκρῶν

448 4395 563 4448 tuis
590 4404 853 4463 operatur
877 4435 891 4461 ,
925 4394 1203 4463 quomodo
1244 4394 1353 4449 ulla
1394 4396 1449 4452 in
1488 4414 1549 4454 re
1581 4408 1732 4455 esset
1767 4400 2037 4458 inferior?

2151 4415 2455 4484 ivaéimstv,
2490 4416 2609 4480 πῶς
2636 4394 2706 4470 ἄν
2743 4415 2858 4488 ἔχοι
2897 4394 3038 4470 κατά
3067 4433 3120 4469 τι
3147 4394 3209 4469 τδ
3248 4394 3469 4469 ἔλαττον
3499 4432 3515 4481 ;
3548 4415 3582 4487 ἦ
3615 4417 3741 4481 πῶς

448 4493 543 4539 aut
570 4484 849 4556 quomodo
874 4486 1108 4541 diversae
1132 4496 1280 4543 esset
1309 4502 1339 4543 a
1367 4488 1529 4547 Patre
1559 4492 1906 4562 substantiae,
1934 4495 2030 4567 qui

2151 4505 2204 4561 iv
2225 4509 2318 4578 εἰη
2338 4507 2477 4578 πρὸς
2506 4507 2598 4562 τὸν
2642 4484 2862 4579 Πατέρα
2891 4507 3078 4562 λοιπὸν
3115 4508 3412 4579 ἑτεροφυὴς
3438 4509 3533 4561 καὶ
3561 4484 3741 4578 ἐκφυ-

451 4576 648 4644 iisdem
673 4576 910 4647 refulget
935 4577 1411 4648 proprietatibus?
1455 4581 1691 4654 Propria
1732 4591 1915 4641 autem
1949 4597 2036 4645 est

2151 4606 2226 4660 to;
2253 4600 2282 4652 6
2299 4576 2422 4663 cui;
2444 4599 2628 4662 αὐτοῖς
2646 4576 2972 4668 διαλάμπων
3003 4576 3323 4669 ἰδιώμασινς
3360 4576 3520 4652 ’ἰιδιον
3548 4597 3606 4651 δὲ
3634 4576 3740 4666 τῆς

449 4666 650 4723 divinat
682 4668 1011 4724 substantia:
1044 4670 1356 4729 viviﬁcandi
1381 4682 1635 4744 potestas
1654 4715 1669 4739 ,
1690 4690 1825 4746 quae
1848 4691 2033 4749 aqua-

2151 4687 2290 4752 ieiag
2333 4688 2525 4752 οὐσίας
2581 4688 2646 4741 τὸ
2698 4666 2966 4742 δύνασθαι
3024 4666 3348 4758 ζωογονεῖν,
3394 4688 3534 4759 ὅπερ
3584 4689 3740 4741 ἐστὶν

451 4761 576 4816 liter
600 4758 749 4816 Patri
782 4776 850 4817 ac
883 4759 1206 4820 Filioinest.
1234 4763 1410 4832 Item,
1442 4781 1551 4822 non
1584 4781 1681 4837 per
1712 4783 1773 4823 se
1799 4771 2031 4828 seorsim

2151 4779 2338 4851 iusim;
2367 4781 2426 4833 ὲν
2491 4780 2667 4851 Πατρὶ
2707 4780 2802 4834 καὶ
2832 4779 2970 4851 Υἰῷ.
3021 4783 3293 4849 Ζωογονεῖ
3340 4780 3397 4832 δὲ
3427 4758 3590 4836 πάλιν
3633 4781 3738 4833 οὐκ

447 4851 716 4922 quosdam
751 4851 911 4909 Pater
938 4853 1204 4941 viviﬁcat,
1250 4871 1316 4911 ac
1365 4857 1598 4912 seorsim
1644 4856 1857 4917 Filius:
1904 4879 2032 4920 eum

2151 4867 2284 4932 LBim;
2312 4868 2412 4939 μέν
2448 4885 2603 4932 τινας
2640 4866 2761 4921 καθ’
2787 4867 2983 4922 ἑαυτὸν
3009 4870 3037 4922 6
3074 4869 3286 4941 Πατὴρ,
3321 4868 3464 4931 ἰδίως
3489 4868 3547 4921 δέ
3578 4885 3739 4932 τινας

447 4939 593 4994 enim
628 4939 830 4995 habeat
872 4942 927 4996 in
962 4934 1143 5014 seipse
1171 4943 1387 5000 Patrem
1424 4946 1785 5013 naturaliter,
1827 4963 2031 5008 cuneta

2151 4934 2557 5030 tsxwptsttévw;
2582 4960 2613 5012 6
2646 4959 2776 5024 Υἱός
2795 4976 2809 4990 ·
2851 4959 2992 5031 ἔχων
3026 4960 3135 5031 γὰρ
3173 4934 3246 5014 εὖ
3273 4934 3454 5030 ἐαυτῷ
3482 4960 3738 5029 φυσικῶς

448 5035 727 5097 operatur,
749 5039 803 5084 et
829 5029 959 5086 facit
979 5041 1180 5087 cuneta
1208 5032 1371 5088 Pater
1391 5046 1489 5103 per
1514 5033 1736 5092 Filium.
1763 5037 1871 5097 Sed
1900 5057 2027 5099 cum

2151 5051 2222 5102 τὸν
2260 5049 2511 5122 Πατέρα,
2543 5052 2611 5106 τὰ
2662 5052 2841 5107 πάντα
2884 5029 3182 5123 ἐργάζεται
3206 5093 3222 5119 ,
3248 5051 3343 5106 καὶ
3395 5029 3617 5122 ἐνεργεῖ
3662 5051 3735 5104 δι’

447 5118 761 5178 vivitlcandi
789 5130 1114 5192 potestatem
1141 5122 1344 5179 habeat
1374 5121 1539 5182 Pater
1569 5127 1624 5182 in
1660 5143 1760 5184 sua
1800 5141 2026 5201 natura,

2151 5139 2265 5195 Γίοὖ
2292 5141 2363 5195 τὰ
2391 5118 2570 5197 πάντα
2594 5143 2624 5195 6
2652 5143 2867 5215 Πατήρ.
2910 5118 3048 5198 ’λλΥ
3073 5143 3308 5214 ἐπείπερ
3335 5142 3451 5213 ἔχει
3565 5140 3729 5195 δύνα-

446 5212 909 5281 quemadmodum
972 5226 1027 5272 et
1092 5218 1210 5289 ipse
1244 5255 1259 5282 ,
1328 5215 1453 5272 ideo
1517 5218 1798 5280 viviﬁcare
1861 5241 2028 5296 posse

2151 5232 2254 5287 rBat
2302 5232 2593 5303 ζωογονεῖν
2620 5237 2651 5289 6
2685 5212 2874 5309 Πατήρ
2908 5238 2967 5289 ὲν
3016 5238 3083 5307 τῇ
3121 5236 3227 5306 ἰδίᾳ
3257 5212 3440 5304 φύσει,
3473 5232 3730 5303 καθάπερ

446 5308 698 5359 mortuos
730 5306 950 5377 utrique
993 5307 1188 5363 tribuit
1227 5308 1388 5377 quasi
1424 5307 1650 5379 utrique
1696 5319 1929 5372 seorsim
1970 5318 2023 5372 id

2151 5320 2221 5377 »ὗν
2253 5325 2348 5378 καὶ
2376 5325 2559 5391 αὐτὸς,
2593 5327 2669 5392 ὡς
2698 5328 2795 5384 καὶ
3004 5306 3252 5400 ἑκατέρῳ
3290 5326 3491 5399 προσὸν
3525 5326 3724 5383 ἀπονέη

445 5394 595 5450 insit.
2024 5448 2027 5453 ι
2139 5430 2229 5484 μει
2258 5415 2319 5471 τὸ
2355 5415 2614 5474 δύνασθαι
2640 5418 2930 5491 ζωογονεῖν
2958 5420 3082 5485 τοὺς
3107 5394 3355 5493 νεκρούς..

507 5576 553 5609 ⁸³
583 5580 743 5632 Joan.
779 5591 892 5641 ειν,
926 5576 1012 5629 ll.
1054 5574 1118 5608 ⁸⁸·
1145 5574 1310 5632 Joan.
1344 5594 1397 5646 v,
1431 5580 1523 5637 18.
1622 5633 1627 5637 .
