4052 6500
366 395 481 456 565

982 506 1232 562 ΚΕΦΑΛ.
1286 504 1358 557 Z'.

367 599 518 670 Ὅτι
532 597 651 653 τῶν
679 596 1030 670 θεοπρεπῶν
1051 595 1420 670 ἀξιωμάτωιτ,
1442 595 1965 670 ἦτοιπαίεοτειετη-

436 668 665 740 μάτων,
695 662 879 723 οὐδὲν
913 668 981 721 ἐκ
1006 662 1272 737 μετοχῆς
1302 665 1340 735 ἢ
1375 662 1639 719 ἐπακτὸν
1662 663 1733 717 ἐν
1761 662 1892 727 Υἱῷ.

442 783 600 840 Οὐδὲ
646 783 759 854 τὰρ
791 786 825 839 o'
872 780 1078 850 Πατὴρ
1124 780 1318 850 κρίνει
1364 778 1618 842 οὐδένα,
1647 777 1809 833 ἀλλά
1850 775 1967 844 τὴν

363 877 580 946 κρίσιν
620 874 832 930 πᾶσαν
865 872 1090 928 δέδωκε
1125 870 1208 939 τῷ
1241 870 1372 939 Υἱῷ.

443 970 671 1040 Ἕτερον
710 966 958 1039 εἰσφέρει
996 966 1232 1038 πρᾶγμα
1259 965 1562 1037 θεοπρεπὲς
1591 982 1652 1018 τε
1688 964 1782 1019 καὶ
1812 962 1963 1028 ἐξαίο

366 1075 508 1122 σιον,
539 1057 628 1110 διὰ
673 1055 887 1110 πολλῶν
915 1055 1248 1125 ἀναπείθων,
1280 1055 1366 1109 ὅτι
1393 1054 1527 1118 Θεός
1549 1056 1667 1108 ἐστι
1697 1052 1840 1107 κατά
1865 1053 1965 1123 φύ-

363 1165 455 1201 σιν
513 1146 611 1201 καὶ
638 1144 928 1218 ἀληθινῶς.
957 1144 1077 1200 Τίνι
1098 1144 1209 1218 γὰρ
1243 1143 1311 1199 ἂν
1350 1144 1447 1199 καὶ
1475 1144 1650 1216 ἑτέρῳ
1681 1145 1882 1216 πρέποι
1906 1142 1966 1196 τὸ

361 1245 554 1313 κρῖναι
581 1238 680 1312 τὴν
728 1239 1079 1311 οἰκουμένην,
1103 1240 1154 1295 εί
1208 1239 1283 1311 μὴ
1314 1238 1460 1310 μόνῳ
1485 1238 1564 1311 τῷ
1618 1240 1712 1293 ἐπὶ
1756 1239 1965 1303 ¹πάντας

358 1335 482 1388 δντι
531 1332 673 1404 Θεῷ,
709 1332 769 1387 ὃν
821 1332 888 1404 δὴ
935 1332 1031 1387 καὶ
1065 1331 1203 1404 πρὸς
1242 1330 1403 1385 τοῦτο
1444 1329 1704 1392 καλοῦσιν
1731 1330 1791 1384 al
1822 1328 1964 1384 Θεῖαι

357 1426 625 1494 λέγουσαι
658 1425 891 1496 Γραφαὶ,
921 1423 1053 1476 ποτὲ
1085 1424 1205 1494 μὲν,
1233 1442 1252 1475 ι
1273 1423 1508 1478 Ἀνάστα
1539 1423 1569 1476 6
1598 1421 1752 1488 Θεὸς,
1779 1423 1964 1494 κρῖνον

330 1506 467 1589 ’τὴν
497 1519 640 1590 γῆν*
679 1526 699 1570 i
735 1517 867 1572 ποτὲ
897 1515 956 1570 δὲ
993 1512 1062 1570 αὖ
1092 1515 1275 1581 πάλιν,
1310 1535 1330 1569 ι
1368 1515 1494 1570 Ὅτι
1531 1517 1561 1571 6
1596 1514 1730 1580 Θεὸς
1769 1515 1965 1588 κριτής

359 1612 484 1663 ἐστι
512 1649 530 1675 ,
562 1609 754 1663 τοῦτον
801 1610 1067 1673 ταπεινοῖ,
1102 1607 1194 1662 καὶ
1231 1606 1421 1662 τοῦτον
1462 1606 1606 1678 ὑψοϊ.
1650 1626 1670 1660 ι
1710 1606 1964 1662 Δεδόσθαι

358 1718 426 1770 γε
466 1700 576 1773 μὴν
599 1701 700 1771 τὴν
720 1700 901 1773 κρίσιν
924 1700 1105 1772 ἑαυτῷ
1134 1717 1269 1772 φησι
1300 1699 1456 1773 παρὰ
1482 1698 1578 1753 τοῦ
1613 1698 1847 1770 Πατρδς,
1865 1698 1964 1770 οὐχ

361 1796 440 1859 ὡς
472 1793 580 1859 ἔξω
615 1795 718 1865 τῆς
756 1793 854 1846 ἐπὶ
900 1793 1077 1865 τούτῳ
1109 1793 1363 1864 κείμενος
1404 1790 1688 1858 ἐξουσίας,
1728 1789 1845 1845 ἀλλ’
1887 1790 1964 1855 ὡς

1431 386 1500 441 ΙΝ
1534 379 1824 442 ιοΑΝΝιε
1864 374 2316 436 EVANGEUUM
2378 376 2508 435 LIB.
2544 378 2610 433 ll.

3557 377 3662 433 566

2698 491 2852 552 CAP.
2883 491 2999 551 VII.

2072 585 2222 652 Quod
2257 584 2407 640 nulla
2439 582 2675 655 dignitas
2705 594 2798 638 aut
2827 582 3142 655 excellentia
3171 581 3352 655 digiua
3388 600 3454 639 er
3488 590 3661 655 parti-

2344 653 2626 724 cipatione,
2660 655 2737 709 vel
2770 654 3009 708 ascititia
3033 656 3103 708 sit
3128 655 3182 708 in
3214 653 3381 711 Filio.

2141 767 2206 836 V,
2238 768 2330 825 22.
2372 766 2554 840 Neque
2579 769 2720 823 enim
2749 766 2911 824 Pater
2928 768 3143 840 judicat
3182 785 3532 842 quemquam,
3560 764 3659 827 ’θεά

2068 876 2220 916 omne
2235 862 2506 932 judicium
2544 860 2690 916 dedit
2727 858 2893 915 Filio.

2135 953 2299 1010 Aliud
2341 953 2606 1026 quiddam
2657 953 2907 1009 divinum
2959 968 3027 1009 ac
3074 954 3410 1026 stupendum
3454 954 3661 1025 aﬂ‘ert,

2067 1046 2232 1118 longo
2278 1060 2539 1103 sermone
2570 1060 2632 1101 se
2674 1053 2874 1100 natura
2917 1052 2973 1100 et
3004 1059 3133 1100 vere
3175 1045 3348 1101 Deum
3375 1060 3500 1103 esse
3535 1062 3660 1117 pcr—

2066 1138 2330 1196 suadens.
2372 1138 2475 1195 Cui
2521 1136 2674 1195 enim
2725 1137 2819 1193 alii
2859 1144 3136 1193 terrarum
3176 1138 3369 1192 orbem
3407 1138 3669 1208 judicare

2065 1230 2402 1295 conveniat,
2446 1228 2556 1285 nisi
2604 1226 2702 1284 uni
2743 1241 2915 1300 supra
2950 1241 3146 1284 omnes
3179 1227 3471 1284 exsistenti
3510 1227 3622 1284 Deo
3645 1267 3661 1292 ,

2065 1334 2230 1392 quem
2253 1335 2387 1378 sane
2415 1320 2617 1377 divinae
2649 1320 2956 1392 Scriptura;
2982 1320 3050 1376 ad
3080 1322 3187 1377 hoc
3221 1320 3389 1377 etiam
3423 1331 3625 1377 vocant
3645 1362 3662 1386 ,

2064 1411 2233 1469 modo
2264 1412 2489 1485 quidem
2546 1413 2631 1470 bis
2664 1411 2850 1470 verbis
2878 1431 2892 1469 :
2929 1433 2949 1467 ι
2985 1414 3163 1485 Surge
3184 1452 3201 1479 ,
3258 1411 3405 1468 Deus
3427 1452 3443 1478 ,
3468 1412 3662 1483 judica

2066 1510 2274 1559 terram
2298 1504 2377 1571 “;
2399 1524 2418 1558 ι
2444 1514 2500 1563 et
2527 1520 2725 1563 rursus
2759 1522 2776 1562 :
2812 1523 2832 1558 ι
2862 1505 3136 1573 Quoniam
3174 1506 3320 1564 Deus
3343 1502 3516 1578 judex
3542 1515 3661 1564 est:

2066 1597 2215 1652 hunc
2246 1598 2533 1667 humiliat,
2567 1609 2623 1656 et
2651 1600 2802 1656 hunc
2831 1600 3042 1657 exaltat
3066 1600 3163 1656 “‘.
3185 1619 3205 1653 ι
3247 1599 3443 1655 Datum
3468 1611 3656 1658 autem

2065 1689 2172 1746 sibi
2193 1704 2223 1744 a
2255 1688 2418 1747 Patre
2444 1691 2524 1745 ait
2545 1691 2840 1763 judicium,
2861 1708 2972 1748 non
3005 1693 3167 1763 quasi
3196 1694 3265 1750 ab
3286 1709 3353 1750 ea
3382 1684 3691 1766 potestate.

2065 1780 2140 1837 sit
2162 1780 2376 1838 alienus
2396 1820 2413 1849 ,
2444 1781 2541 1838 sed
2575 1781 2725 1854 quod
2754 1783 2921 1840 homo
2947 1797 3074 1840 cum
3111 1785 3185 1841 sit
3227 1801 3325 1857 per
3365 1786 3659 1859 dispensa-

359 1859 682 1958 ἄνθρωπος-
702 1859 1066 1957 οἰκονομικῶς
1086 1925 1102 1951 ,
1137 1859 1588 1958 πρεπωδέστερον
1646 1882 1964 1938 ἀνακεῖσθαι

2071 1874 2303 1938 tionem,
2326 1881 2540 1931 naturae
2576 1875 2777 1932 divinae
2814 1877 3212 1948 congruentius
3259 1879 3446 1934 omnia
3487 1880 3664 1936 tribui

360 1983 429 2050 τῇ
464 1974 588 2050 θείᾳ
611 1976 775 2049 φύσει
802 1977 873 2032 τὰ
900 1978 1078 2032 πάντα
1109 1977 1396 2043 διδάσκων,
1429 1972 1498 2050 ἦς
1528 1976 1624 2032 καὶ
1645 1976 1808 2038 αὐτὸς
1836 1974 1971 2029 εῐσω

371 2066 643 2140 βεϐηκὼς,
772 2066 876 2138 μὲν
908 2067 1027 2121 ἐστι
1070 2067 1244 2137 Λόγος
1276 2066 1373 2122 καὶ
1415 2066 1549 2131 Θεὸς
1571 2109 1587 2133 ,
1616 2065 1827 2120 οἴκοθεν
1856 2064 1969 2136 ἔχει

363 2157 467 2230 τήν
500 2158 589 2226 ἐφ’
631 2154 841 2211 ἅπασιν
881 2153 1133 2223 ἐξουσίαν
1168 2171 1183 2186 ⁸
1208 2148 1243 2230 ᾖ
1271 2155 1329 2210 δὲ
1367 2155 1592 2226 γέγονεν
1638 2154 1966 2225 ἄνθρωπος,

360 2249 504 2321 πρὸς
528 2247 591 2302 ὃν
614 2248 834 2321 εἴρηταί
860 2266 987 2303 πονο
1027 2268 1046 2302 ι
1083 2248 1152 2302 Τί
1185 2246 1296 2321 γὰρ
1322 2246 1486 2319 ἔχεις,
1513 2246 1543 2301 ὅ
1566 2247 1668 2301 οὐκ
1700 2244 1892 2309 ἔλαϐες
1912 2263 1963 2314 ;ι

357 2340 613 2414 δεδέχθαι
654 2340 976 2413 πρεπόντως
1005 2339 1279 2411 ὁμολογεῖ.
1314 2339 1457 2411 Πρὸς
1488 2337 1553 2409 δὴ
1588 2336 1763 2393 ταῦτα
1803 2336 1968 2392 πάλιν

358 2434 483 2506 ἐρεῖ
510 2452 595 2498 τις
647 2434 810 2505 τυχὸν
838 2433 947 2488 τῶν
980 2433 1047 2488 διτ
1096 2432 1371 2496 ἐναντίας
1418 2432 1551 2487 Ἰδοὺ
1598 2429 1897 2503 διαρρήδην
1933 2430 1969 2485 6

360 2526 496 2592 Υἱὸς
544 2526 646 2598 τὴν
693 2525 875 2598 κρίσιν
919 2525 1165 2598 δεδέχθαι
1208 2524 1343 2596 φησὶ
1391 2524 1545 2597 παρὰ
1587 2522 1682 2578 τοῦ
1728 2522 1963 2595 Πατρός.

358 2618 655 2689 Λαμὸάνει
690 2618 768 2684 δὲ,
800 2618 876 2682 ὼς
904 2617 1006 2671 οὐκ
1053 2616 1195 2688 ἔχων
1244 2616 1470 2690 δηλαδή.
1501 2615 1626 2679 Πῶς
1648 2610 1742 2670 οὖν
1770 2614 1871 2669 οὐκ
1898 2613 1966 2668 ἂν

358 2713 449 2782 εἴη
482 2711 709 2783 μείζων,
750 2710 845 2764 καὶ
874 2708 1381 2780 μεγαλοφυέστερος
1408 2711 1438 2763 ὁ
1463 2706 1638 2771 διδοὺς
1666 2705 1787 2778 μετ’
1815 2705 1966 2772 ἐξου-

359 2806 508 2868 σίας,
543 2803 640 2858 τοῦ
670 2803 927 2875 δεομένου
962 2802 1181 2870 λαϐεῖνς
1209 2802 1276 2856 Τί
1305 2800 1371 2875 δή
1401 2795 1495 2856 οὖν
1516 2800 1626 2872 ἄρα
1648 2798 1785 2872 πρὸς
1807 2797 1965 2854 τοῦτό

358 2912 552 2966 φαμεν
586 2911 601 2961 ;
661 2895 722 2950 '0
766 2895 867 2967 μὲν
900 2893 1062 2964 λόγος
1112 2895 1244 2965 ήμίν
1292 2894 1323 2947 6
1352 2891 1825 2963 προτεταγμένος,
1859 2890 1964 2944 οὐκ

354 2987 653 3058 ἀκόμψως,
701 2988 778 3051 ὡς
806 2982 961 3059 οἶμαι
994 3028 1008 3053 ,
1034 2986 1343 3058 διήρτισται
1362 3024 1377 3050 ,
1406 2982 1644 3055 θεωρίαν
1692 2982 1963 3055 είσφέρων

352 3084 461 3157 τὴν
493 3083 574 3155 τῷ
619 3080 800 3153 καιρῷ
845 3080 1079 3153 μάλιστα
1123 3077 1442 3150 πρέπουσαν
1479 3076 1579 3147 τῆς
1609 3074 1964 3147 ἐνανθρωπή-

358 3192 506 3240 σεως
561 3172 765 3246 δηλαδὴ
790 3212 805 3237 ,
838 3173 933 3226 καὶ
986 3169 1270 3241 οἰκονομία
1315 3170 1394 3271 τῇ,
1426 3166 1567 3240 μετὰ
1609 3166 1814 3271 σαρκὸς
1859 3165 1961 3237 ἁρ-
1984 3212 2030 3271 c

358 3268 742 3341 μοδιωτάτην,
795 3266 884 3319 ὅτε
944 3263 1131 3328 δοῦλος
1183 3261 1554 3335 ἐχρημάτισεν
1581 3300 1597 3324 ,
1643 3259 1734 3314 ὅτε
1795 3274 1960 3314 τετα-

353 3361 636 3415 πείνωκεν
696 3358 889 3413 ἑαυτὸν
914 3398 928 3423 ,
963 3357 1021 3410 ἐν
1076 3353 1390 3428 ὁμοιώματι
1442 3351 1522 3424 τῷ
1570 3351 1829 3425 ἡμετέρῳ
1866 3366 1962 3420 γε·

352 3453 610 3524 νόμενος.
658 3447 881 3520 Ἐπειδὴ
912 3446 969 3501 δέ
1004 3461 1088 3501 σοι
1121 3445 1270 3501 δοκεῖ
1303 3443 1414 3498 τῶν
1443 3445 1543 3515 μὲν
1575 3441 1961 3514 ἁπλουστέρων

350 3542 705 3611 κατασοϐαρε
713 3543 770 3594 ύε
779 3539 902 3594 σθαι
913 3538 1221 3610 δογμάτων,
1239 3534 1667 3610 περιεργοτέραν
1685 3535 1743 3589 δὲ
1760 3534 1962 3607 μᾶλλον

352 3636 638 3693 ποιεῖσθαι
674 3635 774 3705 τὴν
804 3635 1053 3706 ζήτησιν,
1097 3632 1197 3701 ἄγε
1224 3630 1289 3703 δὴ
1318 3630 1481 3685 πάλιν
1513 3632 1628 3694 τοῖς
1660 3630 1775 3693 σοῖς
1810 3629 1963 3684 ἐναν-

353 3725 492 3789 τίως
548 3724 720 3787 ίόντες
770 3722 1144 3796 προϐλήμασι,
1177 3718 1399 3792 πρῶτον
1449 3721 1627 3773 ἐκεῖνο
1675 3719 1955 3789 λέγωμεν·

352 3818 500 3890 Οὐχὶ
532 3817 772 3881 πάντως.
804 3815 927 3870 οὐδὲ
967 3813 1303 3882 ἀναγκαίως,
1326 3805 1372 3866 ὦ
1420 3806 1598 3875 οὗτος,
1630 3810 1661 3863 6
1695 3808 1880 3864 δοῦναί
1905 3826 1959 3862 τι

351 3909 678 3979 λεγόμενος,
727 3907 804 3971 ὡς
831 3907 932 3960 οὐκ
956 3904 1133 3977 ἔχοντι
1175 3902 1256 3974 τῷ
1303 3902 1579 3974 δεχομένῳ
1634 3900 1956 3973 προσνέμει,

316 4054 328 4061 ,
353 4002 476 4057 ἀλλ’
505 4001 631 4055 οὐδὲ
663 4000 865 4072 μείζων
895 3999 982 4054 ἀεὶ
1001 3996 1097 4052 τοῦ
1117 3995 1493 4068 λαμϐάνοντος
1512 3996 1539 4048 6
1566 3993 1764 4058 διδούς.
1805 3991 1960 4046 Ἐπεὶ

352 4095 413 4148 τί
439 4095 716 4167 ποιήσεις,
747 4092 877 4145 ὅταν
905 4089 1022 4162 ἴδῃς
1044 4090 1102 4143 ὲν
1129 4085 1409 4159 Πνεῦματι
1439 4085 1530 4139 τὸν
1559 4084 1706 4157 ἱερὸν
1731 4083 1961 4152 λέγοντα

353 4184 692 4258 Ψαλμῳδδν,
720 4202 739 4236 ι
782 4183 913 4239 Δότε
934 4183 1094 4250 δόξαν
1122 4179 1266 4251 Θεῷ;
1311 4199 1328 4231 ι
1358 4178 1530 4249 Δόξης
1551 4178 1661 4252 ἄρα
1686 4175 1969 4231 καθεστά-

353 4295 447 4332 ναι
477 4279 571 4330 τὸν
602 4275 737 4329 Θεὸν
783 4274 975 4328 ἐπιδεᾶ
1021 4271 1376 4344 λογιούμεθα,
1403 4270 1436 4342 ἢ
1466 4271 1563 4325 καὶ
1599 4268 1821 4340 μείζους
1864 4266 1958 4321 τοῦ

356 4370 651 4432 κτίσαντος
698 4367 787 4422 διὰ
813 4365 973 4420 τοῦτο
1004 4366 1223 4428 πάντως
1267 4364 1452 4435 ἡμεῖς,
1484 4363 1533 4416 οἱ
1558 4361 1766 4431 ταύτην
1807 4357 1960 4430 αὑτῷ

355 4460 666 4530 προσάγειν
704 4455 1158 4527 ὲπιταττόμενοι;
1202 4451 1342 4506 Ἀλλ’
1374 4451 1483 4505 οὐδ’
1536 4450 1603 4504 ἂν
1629 4447 1793 4512 αὐτὸς
1822 4449 1962 4502 ἀπο-

2071 1966 2307 2035 doceat;
2332 1981 2581 2039 quacum
2610 1967 2684 2024 sit
2709 1968 2829 2040 ipse
2858 1969 3125 2039 praeditus
3144 2011 3159 2037 ,
3196 1970 3250 2026 in
3282 1979 3550 2041 quantum
3574 1979 3664 2029 est

2071 2054 2314 2114 Verbum
2342 2070 2408 2113 ac
2442 2055 2614 2125 Deus,
2650 2072 2682 2112 a
2713 2072 2773 2114 se
2800 2058 2966 2115 habet
2993 2059 3244 2115 omnium
3281 2067 3612 2130 potestatem
3643 2079 3658 2115 :

2069 2157 2347 2222 quatenus
2379 2155 2560 2206 autem
2588 2148 2752 2205 homo
2780 2148 2963 2205 factus
2994 2156 3117 2219 est,
3159 2151 3227 2208 ad
3262 2168 3424 2229 quem
3458 2152 3664 2211 alicubi

2069 2242 2281 2298 dictum
2317 2251 2437 2297 est:
2484 2259 2504 2294 ι
2528 2240 2673 2309 Quid
2715 2243 2862 2299 enim
2896 2242 3068 2300 habes
3107 2244 3253 2315 quod
3288 2229 3399 2300 non
3442 2245 3662 2316 accepi-

2070 2334 2140 2391 sti
2167 2334 2299 2388 δην(
2348 2349 2411 2392 se
2458 2336 2742 2408 accepisse
2766 2378 2781 2403 ,
2822 2344 2883 2392 ut
2920 2337 3114 2406 decet,
3155 2337 3382 2393 fatetur.
3421 2339 3505 2396 Ad
3540 2339 3663 2396 haec

2068 2442 2292 2484 rursum
2332 2426 2481 2484 dicet
2514 2427 2702 2485 forsan
2743 2427 3194 2487 adversariorum
3228 2432 3431 2505 aliquis
3460 2450 3475 2489 :
3516 2432 3663 2490 Ecce

2067 2529 2257 2592 aperte
2299 2518 2475 2578 Filius
2506 2522 2584 2576 ait
2636 2537 2700 2579 se
2744 2522 3018 2592 judicium
3067 2539 3097 2579 a
3145 2523 3313 2582 Patre
3349 2527 3657 2597 accepisse.

2064 2614 2283 2686 Accipit
2314 2622 2498 2671 autem
2524 2654 2540 2681 ,
2588 2625 2648 2671 ut
2693 2617 2788 2687 qui
2823 2632 2935 2673 non
2966 2616 3167 2673 habeat
3195 2619 3467 2675 videlicet.
3505 2618 3660 2687 Quo—

2066 2704 2231 2760 modo
2267 2719 2400 2776 ergo
2434 2706 2615 2775 major
2651 2721 2763 2761 non
2807 2706 2918 2762 erit
2963 2721 3029 2762 ac
3075 2707 3520 2780 magniﬁcentior
3563 2711 3662 2781 qui

2064 2810 2209 2851 cum-
2230 2804 2505 2868 potestate
2540 2798 2676 2862 dat,
2717 2813 2888 2870 quam
2932 2800 3025 2854 cui
3065 2800 3321 2871 accipere
3362 2810 3448 2858 est
3473 2799 3663 2875 opus?

2062 2886 2208 2953 Quid
2238 2886 2413 2959 igitur
2438 2888 2570 2944 huic
2605 2889 3043 2960 respondemus?
3072 2890 3249 2947 Antea
3283 2891 3505 2964 quidem
3545 2908 3659 2951 non.

2064 2981 2299 3048 inscite,
2336 2989 2397 3038 ut
2429 2982 2672 3039 arbitror
2693 3024 2707 3050 ,
2741 2998 2807 3039 ca
2848 2983 2917 3039 de
2952 2991 3013 3040 re
3058 2970 3460 3063 disseruimus,
3491 2986 3656 3043 allata

2060 3075 2452 3132 observatione
2522 3076 2761 3131 maxime
2833 3075 3186 3132 couvenienti
3247 3077 3656 3138 incarnationis

2061 3167 2296 3239 tempori
2329 3167 2614 3235 nimirum,
2643 3176 2697 3223 et
2719 3167 3119 3239 dispensationi
3147 3183 3273 3226 cum
3302 3184 3472 3227 carne
3492 3171 3661 3242 aptis-

2063 3260 2226 3326 sima,
2244 3275 2369 3316 cum
2397 3274 2592 3316 servus
2613 3266 2969 3331 nuncupatus
2991 3267 3097 3327 est,
3119 3275 3246 3317 cum
3276 3261 3522 3332 seipsum
3544 3261 3662 3319 exi-

2061 3353 2297 3420 nauivit,
2315 3352 2373 3409 in
2394 3352 2759 3409 similitudine
2792 3363 2985 3410 nostra
3011 3352 3175 3426 225
3197 3353 3380 3410 factus
3394 3354 3461 3410 “.
3547 3340 3661 3413 sed

2060 3449 2323 3520 quoniam
2366 3447 2707 3521 simpliciora
2747 3449 3005 3522 dogmata
3039 3450 3279 3521 superbe
3308 3449 3570 3523 despicis,
3600 3458 3662 3510 et

2060 3538 2400 3611 exquisitius
2429 3554 2492 3596 ea
2525 3540 2611 3597 vis
2636 3540 2969 3607 examinari,
3006 3556 3110 3614 age
3141 3540 3326 3598 denuo
3352 3548 3477 3599 tuas
3501 3542 3658 3614 obje-

2060 3634 2276 3691 ctiones
2301 3632 2630 3702 refutantes,
2668 3633 2913 3705 primum
2942 3631 3218 3691 dicamus.
3268 3630 3392 3689 Non
3436 3649 3658 3706 semper

2026 3716 2245 3797 'ncque
2281 3726 2604 3782 necessario
2645 3741 2773 3782 eum
2821 3726 2918 3797 qui
2962 3725 3099 3782 dare
3158 3725 3371 3797 aliquid
3423 3725 3655 3792 dicitur,

2061 3816 2353 3888 accipienti
2388 3817 2636 3874 tribuere
2667 3817 2828 3890 quasi
2875 3832 2986 3874 non
3038 3817 3292 3886 habenti,
3324 3818 3423 3875 sed
3475 3832 3660 3890 neque

2061 3907 2285 3964 dantem
2321 3909 2631 3980 accipiente
2671 3902 2891 3981 semper
2919 3924 3045 3967 esse
3090 3909 3383 3983 majorem.
3433 3910 3658 3982 Alioqui

2059 3999 2229 4066 enim,
2286 3999 2419 4070 quid
2468 3998 2639 4056 facies
2690 4014 2816 4054 cum
2853 3998 3066 4057 videbis
3122 4009 3376 4057 sanctum
3421 3998 3658 4058 Psalmi-

2061 4098 2203 4148 stam
2236 4091 2515 4149 dicentem
2546 4091 2603 4147 in
2636 4090 2852 4163 Spiritu
2874 4110 2889 4147 :
2915 4112 2935 4145 ι
2960 4090 3097 4154 Date
3122 4093 3355 4166 gloriam
3388 4094 3500 4150 Deo
3516 4091 3650 4148 “‘i-p

2058 4182 2218 4240 Anne
2242 4183 2419 4257 gloria
2445 4198 2587 4255 opus
2621 4199 2745 4241 esse
2780 4183 2892 4239 Deo
2920 4185 3265 4256 putabimus,
3297 4185 3656 4257 autmajores

2060 4275 2326 4332 Creatore
2359 4291 2463 4333 nos
2508 4291 2631 4334 esse
2672 4276 2767 4348 qui
2819 4275 2965 4332 hanc
3013 4277 3067 4334 ei
3096 4277 3320 4335 deferre
3357 4278 3662 4350 jubemur?

2060 4368 2229 4440 Atqui
2260 4376 2317 4424 tu
2352 4367 2409 4424 id
2432 4368 2685 4441 proferre
2715 4383 2828 4426 non
2863 4368 3120 4435 audebis,
3151 4370 3282 4427 licet
3309 4370 3366 4427 in
3396 4370 3659 4444 blasphe-

2061 4461 2190 4517 miis
2216 4462 2438 4535 egregie
2484 4462 2823 4519 exercitatus
2854 4480 2869 4518 :
2897 4462 3044 4520 Deus
3070 4463 3220 4521 enim
3252 4464 3429 4537 gloria
3456 4466 3659 4538 plenus
3742 4451 3749 4456 ’

354 4552 658 4623 τολμήσεις
684 4549 884 4610 εἰπεῖν,
911 4549 939 4600 6
964 4546 1055 4600 τὸν
1089 4545 1182 4599 ἐπὶ
1201 4547 1320 4609 ταῖς
1352 4540 1686 4614 δυσφημίαις
1719 4540 1875 4631 ὄκνον
1895 4539 1956 4631 οὐ

2065 4562 2172 4621 est,
2202 4556 2458 4628 quamvis
2476 4571 2599 4613 eam
2627 4572 2658 4612 a
2683 4558 2845 4616 nobis
2866 4574 2979 4615 non
3005 4558 3266 4631 accipiat.
3291 4559 3449 4626 Quod
3472 4569 3659 4617 autem

357 4638 824 4711 παραιτούμενος
854 4636 1058 4708 πλῆρες
1085 4634 1194 4705 γὰρ
1229 4632 1389 4704 δόξης
1423 4632 1484 4685 τδ
1512 4631 1688 4696 θεῖον»
1724 4630 1827 4685 κᾶν
1879 4630 1956 4702 μὴ

354 4730 585 4800 δέχηται
614 4727 745 4799 παρ’
785 4725 965 4798 ἡμῶν.
1003 4726 1069 4780 '0
1092 4725 1150 4779 δὲ
1199 4724 1411 4778 οἴκοθεν
1441 4722 1554 4794 ἔχει
1574 4722 1872 4794 λαμϐάνων
1898 4723 1958 4775 ἐν

354 4823 515 4887 τάξει
550 4822 737 4892 τιμῆς,
760 4822 862 4875 οὐκ
897 4820 963 4874 ἂν
984 4818 1221 4872 ἐλάττων
1261 4817 1433 4871 νοοίτό
1462 4834 1591 4871 ποτε
1629 4815 1762 4881 τῶν,
1797 4815 1959 4887 οἵπερ

356 4913 513 4984 αὐτῷ
538 4913 642 4984 τήν
669 4912 828 4980 δόξαν
869 4911 946 4975 ὡς
967 4909 1140 4982 δῶρον
1170 4909 1562 4981 προσάγουσιν.
1602 4909 1758 4963 Ἔστι
1776 4907 1959 4961 τοίνυν

355 5010 495 5080 ὁρᾷν
528 5006 622 5060 τὸν
662 5005 924 5076 εἰληφότα
973 5021 1026 5057 τι
1053 5001 1149 5056 τοῦ
1198 5001 1494 5066 δεδωκότος
1535 5002 1638 5055 οὐκ
1688 4999 1960 5071 αἰσχίονα,

357 5100 457 5155 καὶ
521 5099 584 5153 οὐ
637 5098 726 5153 διὰ
774 5096 935 5151 τοῦτο
990 5095 1499 5168 μεγαλοφυέστερος
1548 5096 1577 5149 6
1626 5093 1820 5166 Πατὴρ
1865 5090 1961 5148 τοῦ

361 5191 497 5247 ἰδίου
558 5191 939 5263 Γεννήματος,
1003 5188 1126 5242 ἐπεὶ
1176 5188 1357 5241 πᾶσαν
1411 5185 1561 5258 αὐτῷ
1611 5186 1812 5240 δέδωκε
1860 5186 1961 5258 τὴν

344 5283 567 5355 ἀκρίσιν.
605 5279 740 5336 Εἶτα
773 5281 910 5353 πρὸς
950 5280 1127 5351 τούτῳ
1178 5281 1402 5334 κάκεῖνο
1441 5278 1858 5351 περισκεπτέον’
1900 5279 1962 5334 τὸ

358 5378 594 5450 κρίνειν,
626 5376 745 5447 ήτοι
798 5374 1063 5440 δικάζειν,
1118 5373 1390 5444 ἐνέργειαι
1436 5370 1636 5444 μᾶλλόν
1689 5374 1796 5426 εἰσι
1870 5373 1964 5425 καὶ

360 5470 671 5542 πράγματα
715 5465 823 5521 τῶν
867 5466 996 5539 περὶ
1041 5466 1141 5530 τὰς
1169 5466 1358 5530 οὐσίας
1406 5461 1791 5536 νοουμένων,ἢ
1831 5462 1966 5517 αὐτό

356 5563 483 5617 κατ’
507 5561 766 5632 ἀλήθειαν
784 5558 985 5613 οὐσίαι.
1027 5544 1391 5631 Ἐνεργοῢμεν
1421 5559 1531 5629 γάρ
1552 5575 1607 5611 τι
1628 5556 1966 5624 δικάζοντες,

361 5653 678 5719 ἰδιαζόντως
705 5652 1045 5723 ὕπάρχοντες
1085 5652 1224 5722 ὅπερ
1245 5649 1434 5721 ἐσμέν.
1460 5650 1523 5704 Εἰ
1550 5649 1607 5703 δὲ
1638 5649 1699 5703 τὸ
1729 5647 1958 5722 κρίνειν,

2066 4663 2098 4703 a
2136 4663 2198 4705 se
2248 4648 2446 4717 habet,
2483 4650 2531 4706 si
2571 4650 2624 4707 id
2668 4651 2900 4710 honoris
2958 4652 3083 4708 loco
3132 4650 3367 4722 accipit,
3417 4665 3528 4708 non
3575 4661 3661 4710 est

2066 4737 2297 4797 inferior
2334 4740 2545 4798 idcirco
2585 4743 2899 4800 censendus
2927 4743 2996 4799 iis
3026 4743 3121 4813 qui
3149 4744 3383 4814 gloriam
3418 4744 3523 4813 ipsi
3557 4759 3661 4799 ceu

2067 4831 2273 4888 donum
2296 4831 2559 4889 oll‘erunt.
2590 4831 2747 4891 Licet
2773 4850 2903 4907 ergo
2938 4835 3127 4892 videre
3155 4850 3282 4891 enm
3321 4823 3415 4906 qui
3451 4836 3662 4906 aliquid

2068 4922 2281 4994 accepit
2315 4923 2491 4979 nihilo
2521 4924 2843 4982 inferiorem
2887 4940 3014 4983 esse
3050 4942 3117 4983 eo
3146 4928 3240 4997 qui
3273 4927 3445 4994 dedit,
3482 4944 3663 5001 neque

2064 5010 2297 5083 proinde
2348 5012 2885 5083 magniﬁcentiorem
2932 5014 3155 5073 Patrem
3212 5032 3316 5075 suo
3345 5017 3665 5083 Geuimine,

2063 5103 2214 5175 quod
2245 5104 2296 5161 ei
2328 5104 2545 5160 dederit
2575 5121 2740 5164 omne
2757 5107 3056 5178 judicium.
3087 5108 3318 5174 Deinde,
3357 5111 3493 5169 illud
3522 5129 3661 5185 quo-

2063 5210 2173 5266 que
2206 5194 2675 5253 considerandum
2709 5205 2830 5266 est,
2864 5199 3118 5270 judicare
3153 5201 3271 5258 sive
3316 5201 3411 5273 jus
3439 5204 3659 5270 dicere,

2062 5288 2417 5356 operationes
2448 5289 2636 5359 potius
2662 5305 2792 5349 esse
2830 5301 2924 5348 aut
2948 5300 3108 5349 actus
3134 5308 3326 5350 eorum
3363 5310 3484 5364 quae
3509 5296 3661 5350 circa

2065 5380 2412 5437 substantias
2452 5396 2579 5438 esse
2632 5382 3039 5456 intelliguntur,
3068 5399 3236 5456 quam
3277 5386 3427 5456 ipsas
3466 5401 3661 5443 revera

2065 5470 2428 5527 substantias.
2446 5472 2672 5543 Aliquid
2692 5473 2841 5530 enim
2866 5473 3104 5547 facimus
3124 5473 3255 5529 dum
3273 5473 3369 5544 jus
3393 5474 3658 5544 dicimus,

2066 5563 2235 5619 iidem
2262 5579 2499 5635 prorsus
2523 5563 2828 5623 secundum
2858 5566 3227 5623 substantiam
3248 5579 3658 5637 permanentes.

2069 5652 2228 5721 Quod
2279 5654 2326 5711 si
2371 5655 2627 5726 judicare
2666 5656 3039 5713 substantiam
3093 5671 3219 5714 esse
3264 5659 3658 5732 concedemus,

434 5844 479 5878 δ’
510 5842 659 5900 Psal.
690 5857 878 5912 LXXXI,
912 5842 965 5897 8.
1043 5841 1110 5875 ⁸⁸·
1136 5838 1279 5896 Psal.
1321 5855 1505 5907 vaiv,
1541 5837 1596 5896 8.
1661 5838 1769 5927 [ί
1810 5837 1934 5895 Cor.
1982 5855 2056 5909 iv,
2104 5840 2154 5898 7.
2235 5840 2279 5872 ”
2314 5838 2513 5911 Philip.
2554 5856 2612 5906 ιι,
2645 5840 2698 5897 7.
2779 5840 2823 5929 δέ
2862 5836 3008 5895 Psal.
3039 5853 3218 5910 ωινιι,
3252 5840 3344 5899 55.

1661 5916 1704 5927 -
