4052 6498
363 342 477 400 369

1419 341 1486 398 ΙΝ
1528 340 1825 399 JOANNIS
1868 340 2331 401 EVANGELIUM
2389 344 2516 403 LIB.
2557 347 2620 404 Il.

3565 358 3635 412 57

359 456 464 516 οὖν
519 457 631 529 ἄρα
681 457 844 513 πάλιν
876 457 970 513 καὶ
1002 459 1143 530 πρὸς,
1192 457 1348 514 τοῦτό
1396 476 1559 530 φασιν
1606 460 1655 512 οἱ
1695 461 1873 513 πάντα
1897 459 1961 512 τὰ

2069 459 2401 516 substantia:
2442 463 2637 520 deest?
2663 465 2805 531 Quid
2858 464 3029 537 igitur
3068 464 3136 521 ad
3181 465 3298 522 haec
3334 472 3672 539 respondent

360 548 505 621 ὀρθά
534 547 979 619 διαστρέφοντες»
1016 548 1092 613 ὡς
1121 548 1150 600 ὁ
1180 549 1469 621 προφήτης
1494 548 1661 619 φησὶν
1708 549 1932 613 Ἡσαΐας
1957 566 1971 614 ;

2077 566 2304 607 rursum
2351 554 2444 624 qui
2497 554 2685 611 omnia
2734 568 2881 612 recta
2916 564 3259 628 pervertunt,
3298 566 3356 614 ut
3389 559 3468 613 ait
3499 561 3671 618 Isaias

360 642 431 697 Εί
468 642 559 696 διὰ
581 641 643 695 τὸ
666 639 949 711 λέγεσθαι,
987 641 1154 713 φησίν
1176 657 1187 669 ·
1231 658 1251 693 t
1297 641 1414 695 Ἱνα
1447 642 1627 695 πάντα
1655 642 1855 713 τιμῶσι
1882 641 1961 694 τὸι

2077 646 2346 714 propheta
2371 646 2457 700 “?
2478 644 2534 700 Si
2566 661 2635 701 ex
2666 663 2730 702 eo
2754 648 2901 718 quod
2929 648 3196 719 scriptum
3224 656 3334 714 est,
3372 651 3675 723 inquiunt:

361 732 518 798 Υίὸν,
545 732 690 787 καθὰ
735 733 944 804 τιμῶσι
997 733 1090 787 τὸν
1127 733 1370 806 Πατέρα,
1411 753 1430 787 ι
1472 732 1725 806 νομίζετε
1769 733 1970 806 χρῆναι

361 825 457 883 τὸν
484 825 616 880 Υίὺν
648 826 958 899 ἰσομέτροις
990 825 1067 897 τῷ
1088 826 1264 900 Πατρῖ
1297 826 1731 897 κατασεμνύνειν
1760 829 1968 897 τιμαῖς,

356 920 615 986 ἀγνοεῖτε
643 918 742 990 τῆς
764 917 1024 986 ἀληθείας
1053 918 1272 989 μακράν
1302 935 1402 972 που
1426 918 1751 989 βαδίζοντες.
1770 919 1845 972 Οὐ
1863 918 1971 991 γὰρ

360 1011 587 1075 πάντως
611 1011 673 1064 τὸ
712 1030 731 1062 ι
776 1010 963 1073 καθὼς
1000 1030 1018 1064 ι
1058 1010 1280 1083 ἰσότητα
1330 1011 1675 1083 πραγμάτων
1703 1010 1969 1080 εἰσφέρει,

357 1098 593 1159 καθ’ὦν
634 1104 700 1157 ἂν
746 1103 994 1174 φαίνοιτο
1034 1103 1212 1169 τεθὲν,
1250 1103 1512 1172 ὁμοίωσιν
1554 1102 1612 1155 δέ
1648 1119 1772 1156 τινα
1801 1118 1972 1174 χαρα-

356 1193 621 1268 κτηρίζει
674 1195 958 1264 πολλάκις,
991 1190 1124 1261 οἷον,
1154 1195 1342 1267 φησιν,
1372 1195 1403 1247 6
1433 1196 1587 1265 Σωτή
1595 1213 1627 1266 ρ
1676 1212 1779 1248 που
1833 1211 1972 1265 συμ-

356 1289 636 1354 ϐουλεύει,
668 1289 845 1358 λέγων
877 1305 891 1320 ο
930 1307 950 1341 ι
987 1289 1213 1343 Γίνεσθε
1245 1288 1590 1359 οἰκτίρμονες
1609 1328 1624 1349 ,
1655 1285 1838 1351 καθὼς
1876 1287 1971 1340 καὶ

357 1384 387 1436 6
424 1383 626 1452 Πατὴρ
678 1381 835 1453 ὑμῶν
880 1381 911 1434 6
961 1380 1212 1451 οὐράνιος
1256 1380 1557 1452 οἰκτίρμων
1586 1377 1753 1432 ἐστίν.
1791 1396 1810 1429 ι
1850 1373 1972 1449 Ἆρ’

353 1468 456 1527 οὖν
479 1472 723 1543 ὲσὸμεθα
747 1472 1187 1544 φιλοικτίρμονες
1224 1471 1399 1535 οὕτως
1416 1512 1436 1538 ,
1459 1472 1536 1535 ὡς
1574 1471 1603 1525 6
1631 1470 1847 1541 Πατὴρ,
1883 1468 1971 1524 διὰ

276 1625 313 1639 θ’
354 1564 421 1617 τὸ
458 1584 478 1618 t
518 1564 737 1631 καθώς;
778 1585 798 1618 ι
835 1566 948 1620 Καὶ
975 1564 1138 1620 πάλιν
1171 1566 1200 1619 6
1242 1564 1477 1636 Χριστὸς
1498 1564 1651 1633 λέγει
1691 1562 1829 1634 πρὸς
1878 1560 1970 1614 τὸν

357 1656 566 1711 ἑαυτοῦ
601 1657 828 1729 Πατέρα
872 1657 1004 1729 περὶ
1039 1656 1151 1710 τῶν
1205 1653 1499 1727 μαθητῶν·
1574 1673 1591 1704 ‹
1648 1652 1970 1720 Ἠγάπησας

355 1752 584 1815 αὐτοὺς,
610 1750 795 1816 καθὼς
824 1750 926 1821 ἐμὲ
958 1750 1280 1820 ἠγάπησας.
1318 1766 1337 1800 ι
1379 1746 1524 1801 Ἀλλ’
1552 1746 1653 1818 οὐχ
1683 1744 1828 1799 οὕτω
1863 1742 1967 1797 δὼ-

305 1881 319 1893 .
356 1858 531 1912 σομεν
561 1841 886 1912 ὴγαπῆσθαι
927 1841 1052 1905 τοὺς
1091 1839 1360 1912 μαθητὰς,
1392 1838 1468 1902 ὡς
1490 1838 1580 1892 τὸν
1612 1836 1741 1891 Υίδν
1774 1835 1961 1902 πάλιν,

308 1923 447 1988 ista
474 1932 537 1985 τὸ
575 1952 593 1984 t
637 1931 849 1996 καθώς.
886 1950 905 1985 ι
937 1932 1003 1984 Τί
1037 1926 1129 1985 οὖν
1161 1920 1546 2001 εὑρεσιλογὲῖς,
1567 1927 1663 1982 καὶ
1688 1925 1962 1999 ὰποϐιάζῃ

361 2024 471 2095 τὴν·
487 2023 636 2090 λέξιν
665 2026 746 2098 εἰς
776 2023 1115 2095 δυσφημίαν,
1144 2021 1405 2093 οὐδεμίαν
1433 2022 1549 2083 τοῖς
1587 2019 1962 2092 ἀκροωμένοις

363 2117 614 2187 ανάγκην
639 2116 1026 2187 εἰσφέρουσαν,
1060 2116 1142 2180 εἰς
1175 2115 1235 2168 τὸ
1268 2113 1472 2186 χρῆναι
1499 2114 1665 2184 τιμᾷν
1694 2112 1784 2165 τὸν
1810 2111 1960 2178 Υἱὸν,

357 2210 416 2260 ἐν
449 2208 553 2279 ῐσῳ
590 2206 778 2279 μέτρῳ
827 2204 906 2277 τῷ
952 2205 1186 2277 φύσαντι
1210 2221 1226 2271 ;
1254 2202 1321 2258 Τί
1353 2197 1445 2258 οὖν
1478 2203 1614 2276 πρὸς
1646 2200 1821 2256 ταῦτα
1866 2202 1961 2255 καὶ

355 2300 494 2372 παρ’
514 2298 713 2371 ἠμῶνς
746 2300 973 2371 Πικροῖς
1007 2298 1107 2370 μὲν
1152 2296 1310 2369 ἡμῶν
1341 2295 1746 2351 καθυλακτοῦσι
1782 2294 1961 2366 λόγοις

352 2394 403 2445 οῖ
416 2391 725 2462 -θεομάχοι,
744 2390 860 2444 ἀλλ’
883 2390 989 2456 ἔξω
1011 2390 1141 2455 τοὺς
1166 2389 1357 2455 κύνας,
1372 2390 1448 2454 ὡς
1469 2390 1498 2444 6
1529 2387 1740 2455 Παῠλός
1771 2398 1975 2463 φησιν,

353 2483 466 2550 ἔξω
492 2484 625 2547 τοὺς
677 2482 885 2547 κακοὺς
927 2483 1169 2554 ἐργάτας
1194 2522 1210 2546 ,
1245 2480 1351 2550 ἔξω
1380 2483 1479 2550 τῆς
1511 2481 1678 2553 ὀρθῆς
1722 2482 1962 2545 πίστεως

350 2576 457 2649 τὴν
487 2576 808 2647 κατατομήν
828 2591 840 2603 ·
866 2577 1030 2647 ἡμεῖς
1064 2575 1175 2649 γάρ
1221 2576 1389 2646 ἐσμεν
1420 2573 1679 2645 ἀληθείας
1704 2570 1832 2637 υἱοὶ,
1866 2574 1960 2627 καὶ

349 2670 527 2724 τέκνα
552 2668 753 2738 φωτός.
777 2668 966 2724 Διάτοι
995 2667 1155 2723 τοῦτο
1188 2668 1280 2723 τὸν
1310 2669 1595 2737 Μονογενῆ
1620 2664 1698 2737 τῷ
1723 2664 1842 2736 Θεῷ
1866 2667 1960 2718 καὶ

349 2760 541 2831 Πατρὶ
594 2759 1103 2831 συνδοξάζομεν,,οὑ
1151 2758 1295 2814 κατά
1342 2775 1465 2811 τινα
1512 2756 1812 2827 διαφορὰν,
1841 2755 1957 2810 ἀλλ’

350 2854 417 2908 ὲν
451 2852 663 2923 ἰσότητι
694 2852 862 2924 τιμῆς
887 2870 947 2907 τε
975 2852 1072 2906 καὶ
1102 2850 1281 2921 δόξης,
1309 2852 1385 2913 ὡς
1417 2849 1549 2902 Θεὸν
1578 2850 1642 2903 ὲκ
1675 2847 1834 2913 Θεοῦ,
1864 2847 1959 2902 καὶ

349 2944 478 3014 φῶς
506 2946 573 2999 ἐκ
606 2944 808 3015 φωτὸς,
842 2946 940 2999 καὶ
973 2943 1119 3017 ζωὴν
1148 2946 1212 2997 ὲκ
1257 2942 1423 3013 ζωῆς.
1453 2942 1565 2996 Καὶ
1592 2940 1955 3012 περιεργάζε-

352 3038 485 3093 σθαι
512 3037 614 3109 μὲν
645 3038 707 3092 τὸ
739 3038 921 3111 πίστει
952 3036 1316 3111 παραδεκτὺν,
1358 3034 1431 3099 ὡς
1464 3034 1556 3088 ἐπὶ
1584 3033 1832 3088 πλεῖστον
1857 3034 1958 3087 οὐκ

350 3130 609 3201 ἀσφαλές
629 3146 642 3159 ·
679 3129 1035 3202 βασανιστέον
1061 3129 1106 3183 δ’
1127 3123 1221 3183 οὖν
1251 3128 1399 3198 ὅμως
1426 3124 1636 3182 καὶτοῦ
1669 3146 1687 3178 ι
1724 3124 1908 3189 καθὼς
1933 3145 1950 3178 ι

348 3223 458 3294 τὴν
510 3222 744 3294 δύναμιν
769 3261 785 3287 ,
814 3222 904 3277 ἵνα
948 3223 1025 3294 μὴ
1067 3219 1210 3292 μέγα
1241 3218 1517 3291 φρονῶσιν
1550 3220 1636 3289 ἐφ’
1660 3218 1876 3282 ἑαυτοῖς
1909 3218 1958 3270 et

348 3317 424 3370 δι’
455 3315 733 3379 ἔναντίας.

420 3489 643 3549 ,Οὐκοῦν
675 3490 769 3559 ἐστὶ
797 3491 896 3559 μὲν
919 3487 1027 3542 τῶν
1054 3485 1322 3556 ἀνομοίων
1359 3483 1503 3539 κατὰ
1525 3484 1625 3556 τὴν
1656 3483 1821 3555 φύσιν
1859 3484 1950 3538 ὅτε

348 3580 617 3636 τάττεται
670 3580 729 3633 τὺ
780 3599 799 3632 ι
842 3577 1046 3646 καθὼς,
1084 3597 1101 3629 ι
1165 3579 1226 3633 οὺ
1268 3579 1488 3642 πάντως
1540 3575 1961 3649 ἀπαράλλακτον

351 3676 493 3746 ἡμῖν
520 3672 767 3743 εἰσφέρει
797 3670 897 3744 τὴν
926 3671 1173 3741 ίσότη-τα,
1204 3672 1502 3743 ὁμοιότητα
1529 3668 1586 3724 δὲ
1616 3668 1817 3741 μᾶλλον
1866 3668 1963 3723 καὶ¹

349 3765 698 3837 εἰκονισμὸν,
730 3765 807 3830 ὡς
840 3764 938 3819 καὶ
971 3763 1125 3818 αὐτοὶ
1149 3763 1519 3836 προλαϐόντες
1543 3761 1958 3834 ὼμολογήκατε.

349 3863 485 3916 Ἐπὶ
542 3860 601 3914 δὲ
658 3858 767 3914 τῶν
827 3858 1079 3931 ἀλλήλοις
1128 3856 1269 3912 κατὰ
1323 3856 1503 3911 πάντα
1560 3855 1962 3928 προσεοικότων

351 3953 520 4027 εἰπερ
568 3952 745 4024 δρῷτο
799 3950 978 4017 τεθὲν,
1021 3950 1118 4005 καὶ
1157 3950 1381 4021 ἰσότητα
1434 3950 1532 4021 τὴν
1586 3948 1645 4003 ἐν
1697 3951 1831 4003 πᾶσι
1868 3949 1964 4003 καὶ

349 4047 654 4117 ὁμοιότητα
691 4044 863 4117 δηλοῖ,
912 4044 1009 4099 καὶ
1052 4043 1111 4103 εἴ
1151 4060 1204 4097 τι
1239 4042 1449 4107 τούτοις
1479 4034 1668 4115 ’ἑτέρον
1718 4042 1963 4097 ἰσοδυνα-

356 4138 498 4212 μοῦν
520 4136 862 4211 εὑρίσκεται.
890 4131 1016 4191 υἷόν
1048 4135 1262 4207 τίφημι
1286 4152 1299 4166 ·
1326 4136 1595 4208 Λαμπρδς
1648 4137 1745 4206 μὲν
1776 4137 1803 4189 6
1841 4135 1962 4189 κατ’

348 4231 589 4304 οὐρανόν
625 4232 775 4285 ἐστιν
802 4227 1261 4301 ἥλιοςρλαμπρὸς
1282 4227 1339 4283 δὲ
1358 4229 1565 4299 ὁμοίως
1594 4228 1691 4283 καὶ⁸
1741 4230 1769 4282 6
1795 4226 1963 4299 γῆθεν

349 4327 626 4399 ἄργυρος,
659 4322 776 4378 ἀλλ’
801 4324 836 4396 ή
869 4323 970 4395 μὲν
1001 4322 1163 4393 φύσις
1190 4322 1298 4377 τῶν
1324 4322 1637 4396 εἰρημένων
1678 4322 1961 4395 διάφορος.

350 4416 606 4473 Νοείσθω
633 4415 692 4470 δέ
711 4433 795 4480 τις
819 4416 982 4486 τυχὸν
1010 4414 1118 4469 τῶν
1134 4415 1229 4469 ἐπὶ
1256 4415 1360 4486 γῆς
1387 4413 1806 4480 πλουσίων,τοῖς
1836 4415 1960 4467 κατ’

2000 1812 2043 1868 Β

2080 755 2098 787 ι
2141 734 2211 791 Ut
2251 735 2623 793 honoriﬁcent
2671 736 2893 802 Filium,
2939 741 3089 795 sicut
3139 740 3513 797 Itonorilicant
3564 742 3671 798 Pa-

2074 839 2239 899 trem,
2283 849 2304 884 ι
2338 831 2678 888 existimatis
2723 829 2927 888 Filium
2975 834 3286 904 aequalibus
3340 850 3464 890 cum
3508 835 3673 892 Patre

2076 923 2382 980 honoribus
2430 938 2558 980 esse
2608 922 3020 988 decorandum,
3081 926 3311 983 nescitis
3356 940 3387 981 a
3440 928 3672 983 veritate

2074 1014 2239 1086 longe
2261 1028 2361 1068 vos
2398 1013 2615 1070 abesse.
2646 1004 2766 1069 Non
2798 1012 2946 1068 enim
2975 1028 3110 1069 sane
3142 1013 3314 1069 dictio
3351 1014 3478 1078 ista,
3508 1035 3525 1066 ι
3553 1017 3667 1071 sic-

2075 1115 2158 1173 ut,
2200 1124 2219 1159 ι
2263 1104 2638 1177 aequalitatem
2677 1119 2870 1160 earum
2921 1119 3107 1159 rerum
3140 1104 3208 1162 de
3238 1106 3440 1177 quibus
3467 1106 3673 1162 dicitur

2073 1198 2372 1268 signiﬁcat,
2402 1196 2500 1253 sed
2523 1194 2822 1268 quamdam
2847 1195 3013 1267 227
3037 1195 3459 1252 similitudinem
3484 1198 3673 1266 potius

2072 1289 2307 1353 indicat,
2347 1288 2626 1360 quomodo
2656 1286 2932 1354 Salvator,
2971 1287 3258 1358 inquiunt,
3291 1288 3495 1344 alicubi
3535 1304 3673 1344 con-

2073 1381 2229 1447 sulit,
2253 1382 2448 1437 dicens
2484 1401 2496 1436 :
2530 1399 2549 1432 ι
2581 1379 2774 1437 Estote
2804 1381 3230 1448 misericordes,
3262 1381 3408 1438 sicut
3436 1390 3489 1437 et
3511 1382 3677 1438 Pater

2070 1484 2259 1533 vester
2308 1475 2401 1531 ille
2435 1474 2684 1531 caelestis
2717 1484 2803 1531 est
2827 1475 2897 1529 ⁸⁸.
2942 1499 2961 1528 ι
2991 1477 3074 1531 An
3111 1490 3243 1547 ergo
3273 1475 3673 1531 misericordiae

2071 1575 2326 1625 amantes
2348 1566 2585 1632 erimus,
2618 1566 2849 1638 perinde
2882 1575 3053 1638 atque
3094 1564 3283 1631 Pater,
3326 1573 3553 1639 prepter
3586 1565 3675 1621 dl—

2071 1661 2317 1716 ctionem
2355 1661 2531 1726 illam,
2567 1678 2588 1712 ι
2635 1659 2822 1715 sicut?
2856 1679 2877 1713 ι
2915 1660 3071 1725 Item,
3112 1656 3374 1716 Christus
3402 1659 3472 1714 ad
3506 1674 3673 1715 suum

2071 1753 2292 1809 Patrem
2315 1751 2385 1807 de
2405 1752 2700 1824 discipulis
2722 1751 2798 1806 ait
2822 1768 2836 1805 :
2870 1769 2890 1803 ι
2920 1749 3172 1807 Dilexisti
3196 1766 3314 1816 eos,
3342 1752 3486 1807 sicut
3503 1760 3558 1807 et
3586 1766 3679 1806 me

2071 1844 2313 1902 dilexisti
2345 1846 2412 1898 ⁸⁸.
2453 1863 2471 1896 ι
2507 1849 2577 1898 At
2637 1857 2990 1914 nequaquam
3032 1842 3408 1898 concedemus
3434 1841 3673 1898 dilectos

2070 1951 2195 1992 esse
2255 1936 2564 2007 discipulos
2619 1934 2850 2007 perinde
2906 1950 2971 1990 ac
3026 1931 3231 1990 Filium
3306 1942 3530 2006 propter
3583 1933 3675 1989 di-

2070 2029 2310 2085 ctionem
2370 2028 2554 2094 illam,
2609 2046 2628 2079 ι
2690 2027 2858 2084 sicut.
2906 2044 2926 2078 ›
2974 2023 3117 2093 Quid
3175 2040 3307 2096 ergo
3363 2022 3568 2080 frustra
3622 2035 3678 2081 te

2070 2119 2250 2191 augis,
2279 2127 2335 2175 et
2376 2117 2677 2174 dictionem
2713 2116 2765 2172 vi
2795 2120 3096 2186 detorques
3144 2114 3201 2169 in
3246 2113 3679 2184 blasphemiam,

2069 2227 2195 2282 quae
2235 2211 2446 2266 nullam
2477 2207 2835 2267 auditoribus
2883 2208 3281 2264 necessitatem
3334 2204 3496 2261 aﬁ‘ert
3546 2204 3675 2260 Filii

2067 2296 2357 2369 aequaliter
2404 2313 2531 2354 cum
2584 2295 2750 2354 Patre
2782 2295 3136 2353 honorandi!
3177 2294 3322 2362 Quid
3364 2295 3537 2367 igitur
3583 2294 3682 2352 his
3734 2312 3743 2319 '

2068 2386 2444 2459 reponimus?
2492 2385 2729 2443 Acerbis
2781 2385 3008 2457 quidem
3063 2384 3120 2439 in
3171 2399 3274 2439 nos
3317 2383 3523 2440 latrant
3575 2382 3685 2441 Dei

2068 2479 2261 2536 hostes
2300 2474 2655 2536 sermonibus
2698 2498 2713 2535 :
2756 2474 2852 2535 sed
2899 2476 3051 2532 foras
3101 2489 3311 2541 canes,
3350 2486 3411 2532 ut
3459 2474 3671 2533 Paulus

2067 2572 2237 2638 ait",
2269 2570 2419 2627 foras
2450 2571 2585 2626 mali
2621 2570 2886 2643 operarii,
2927 2568 3081 2625 foras
3113 2577 3282 2624 recta:
3318 2567 3444 2624 ﬁdei
3480 2568 3675 2640 depra-

2065 2665 2215 2718 vatio
2248 2682 2260 2718 :
2288 2679 2391 2719 nos
2418 2664 2567 2719 enim
2602 2663 2853 2720 veritatis
2888 2662 2987 2718 ﬁlii
3015 2678 3233 2726 sumus,
3268 2670 3323 2717 et
3355 2662 3499 2718 lueis
3530 2675 3669 2732 pro-

2064 2756 2168 2812 les.
2229 2755 2439 2812 Idcirco
2480 2754 2835 2827 Unigenitum
2900 2768 3009 2810 una
3067 2770 3194 2810 eum
3247 2754 3360 2810 Deo
3399 2762 3455 2811 et
3503 2753 3671 2809 Patre

2065 2846 2575 2915 conglorillcamus,
2596 2860 2711 2902 non
2744 2843 3051 2901 secundum
3077 2846 3247 2900 ullam
3283 2844 3675 2900 diﬁ‘erentiamv

2065 2936 2160 2993 sed
2200 2936 2516 3008 aequalitate
2545 2936 2777 2993 honoris
2817 2942 2871 2991 et
2897 2935 3110 3006 glorias,
3143 2943 3204 2989 ut
3234 2932 3409 2991 Deum
3435 2935 3502 2990 de
3534 2934 3674 3002 Deo,

2063 3039 2119 3085 et
2150 3030 2331 3085 lumen
2361 3027 2429 3085 de
2469 3030 2699 3094 lumine,
2737 3035 2793 3086 et
2816 3029 2985 3084 vitam
3013 3045 3078 3086 ex
3112 3029 3248 3084 vita.
3280 3027 3347 3081 Et
3372 3035 3526 3083 certe
3577 3041 3676 3083 cu-

2072 3121 2279 3177 riosius
2305 3121 2544 3176 scrutari
2580 3120 2731 3192 quod
2774 3120 2881 3177 ﬁde
2926 3121 3237 3192 suscipitur
3264 3126 3325 3174 ut
3373 3118 3673 3190 plurimum

2065 3223 2243 3269 tutum
2308 3230 2419 3268 non
2460 3211 2600 3282 ‘est;
2639 3223 3036 3269 verumtamen
3077 3211 3453 3269 examinanda
3506 3209 3674 3267 nobis

2063 3316 2148 3365 est
2182 3307 2268 3364 vis
2302 3306 2454 3363 illius
2491 3305 2756 3362 dictionis
2788 3324 2808 3359 ι
2850 3306 3021 3373 sicut,
3070 3324 3089 3357 ι
3133 3320 3205 3362 ne
3246 3301 3555 3359 adversarii
3585 3303 3677 3359 ui-

2063 3400 2207 3458 mios
2239 3398 2348 3455 sibi
2376 3398 2612 3470 spiritus
2641 3404 2955 3455 assumant.

2135 3491 2327 3564 Igitur,
2363 3507 2490 3547 cum
2526 3491 2617 3546 illa
2647 3490 2841 3555 dictio,
2889 3512 2909 3543 ‹
2946 3490 3115 3557 sicut,
3157 3510 3175 3542 ι
3230 3489 3299 3547 de
3332 3503 3535 3547 natura
3568 3487 3662 3546 di-

2063 3585 2241 3643 versis
2267 3582 2521 3652 eﬁ‘ertur,
2552 3592 2687 3639 tunc
2717 3599 2828 3639 non
2863 3582 3239 3639 omnimodam
3265 3584 3662 3655 aequalitatem,

2065 3679 2162 3735 sed
2193 3677 2623 3736 similitudinem
2660 3678 2848 3749 potius
2888 3685 2944 3732 et
2996 3677 3291 3749 imaginem
3357 3676 3695 3748 signiﬁcat,.

2063 3777 2125 3824 ut
2153 3777 2207 3824 et
2233 3768 2339 3841 ipsi
2383 3768 2541 3840 prius
2572 3767 2823 3825 confessi
2856 3768 3017 3824 estis.
3044 3766 3205 3835 Quod
3229 3769 3274 3825 si
3303 3768 3371 3824 de
3397 3769 3465 3823 iis
3489 3767 3672 3838 posita

2063 3860 2317 3916 videatur
2347 3876 2473 3932 qua;
2510 3858 2889 3917 omnimodam
2949 3859 3095 3915 inter
3128 3877 3188 3916 se
3244 3860 3673 3915 similitudinem

2066 3954 2294 4022 habent,
2336 3961 2393 4009 et
2421 3954 2798 4025 aequalitatem
2831 3954 2888 4007 in
2922 3954 3202 4017 omnibus,
3229 3963 3283 4007 et
3337 3950 3664 4008 similitudi-

2066 4061 2189 4101 nem
2218 4044 2516 4116 signiﬁcat,
2536 4052 2590 4099 ct
2615 4044 2663 4098 si
2696 4042 2826 4115 quid
2856 4042 2945 4097 his
2968 4043 3114 4097 aliud
3145 4041 3674 4111 cujusdamvirtutis

2064 4137 2361 4210 reperitur.
2411 4135 2666 4210 Exempli
2724 4136 2946 4207 gratia:
2982 4136 3066 4192 sol
3129 4136 3186 4193 in
3215 4136 3360 4191 coelo
3420 4135 3588 4211 nitet,
3616 4144 3701 4190 et“

2066 4236 2358 4302 argentum
2397 4228 2468 4286 de
2493 4238 2644 4285 terra
2677 4229 2979 4286 similiter:
3013 4227 3110 4285 sed
3164 4228 3310 4284 inter
3371 4243 3431 4284 se
3470 4238 3667 4284 natura

2065 4318 2411 4393 discrepant.
2446 4320 2754 4393 Fingamus
2782 4331 2969 4379 autem
3017 4321 3257 4392 aliquem
3295 4320 3516 4376 divitem
3548 4320 3667 4374 suis

2066 4413 2391 4473 domesticis
2424 4413 2619 4471 forsan
2645 4414 2832 4470 dicere
2861 4433 2874 4469 :
2911 4412 3142 4487 Fulgeat
3182 4421 3470 4485 argentum
3522 4412 3667 4468 sicut

351 4504 507 4563 οἷκον
536 4508 804 4571 οἰκέταις,
846 4506 1152 4578 Λαμπέτω,
1188 4505 1384 4576 λέγων,
1415 4506 1445 4559 6
1473 4506 1743 4577 ἄργυρος,
1781 4505 1961 4571 καθὼς

2072 4508 2156 4565 sol
2184 4525 2201 4577 ;
2229 4507 2356 4579 jure
2394 4506 2623 4578 quidem
2686 4513 2802 4592 tum
2839 4506 3093 4564 dicemus
3154 4506 3441 4561 materiam
3492 4512 3668 4560 terre—

351 4602 502 4656 καὶὸ
523 4600 697 4672 ἥλιος·
728 4602 786 4653 ὲν
813 4599 988 4671 τούτῳ
1024 4598 1090 4672 δὴ
1120 4599 1271 4671 μάλα
1312 4598 1539 4662 δικαίως
1585 4598 1688 4653 οὐκ
1729 4599 1811 4665 εἰς
1860 4598 1962 4671 τὴν

354 4694 484 4766 ἴσην
532 4693 851 4747 ἀναϐαίνειν
905 4691 1271 4763 λαμπρότητα
1307 4690 1387 4763 τῷ
1439 4690 1577 4764 ἡλίῳ
1618 4690 1719 4762 τὴν
1758 4692 1824 4747 ὲκ
1859 4694 1964 4766 γῆς

351 4785 492 4857 ὕλην
518 4784 725 4854 φαμὲν,
757 4783 874 4837 ἀλλ’
903 4784 983 4847 εἰς
1001 4782 1261 4853 ὁμοίωσίν
1283 4798 1410 4836 τινα
1486 4785 1583 4835 καὶ
1636 4782 1960 4855 ἐμφέρειαν,

351 4877 450 4933 καὶ
473 4878 526 4931 εί
546 4877 772 4949 φέροιτο
792 4876 913 4931 κατ’
947 4874 1114 4930 αὑτοῦ
1143 4874 1205 4929 τὸ
1244 4893 1263 4925 ι
1298 4874 1505 4940 καθώς.
1555 4895 1576 4929 ι
1624 4876 1837 4949 Πέτρου
1880 4876 1961 4940 δὲ,

352 4971 448 5025 καὶ
472 4970 727 5025 Ἰωάννου
759 4968 924 5040 τυχὸν
943 4968 1053 5023 τῶν
1075 4967 1250 5037 ἁγίων
1280 4967 1547 5039 μαθητῶν
1595 4969 1958 5041 παρενεχθέν-

349 5081 464 5120 των
495 5065 579 5129 είς
606 5064 791 5135 μέσον,
822 5064 872 5118 οῖ
903 5064 1000 5119 καὶ
1031 5062 1111 5134 τῷ
1139 5061 1241 5133 τῆς
1290 5062 1508 5130 φύσεως
1546 5062 1712 5133 λόγῳ,
1763 5064 1857 5118 καὶ
1888 5066 1954 5136 τῇ

352 5158 436 5221 είς
477 5156 617 5211 Θεὸν
648 5155 904 5227 εὐσεϐείᾳ
923 5156 1021 5227 τῆς
1052 5154 1191 5227 πρὸς
1210 5153 1473 5226 ἀλλήλους
1494 5154 1755 5227 ἀκριϐοῦς
1775 5157 1958 5228 ὁμοιό-

349 5264 518 5319 τητος
545 5247 649 5302 οὐκ
678 5246 1178 5319 άπολιμπάνονται,
1226 5243 1475 5316 τετάχθω
1516 5245 1581 5299 τὸ
1632 5264 1651 5297 ι
1690 5247 1893 5312 καθὼς,
1933 5267 1950 5300 ι

350 5340 607 5410 λέγοντός
624 5355 773 5405 τινος
799 5338 931 5413 περὶ
953 5339 1159 5404 αὐτῶν,
1190 5337 1268 5403 ὡς
1305 5340 1363 5392 ὲν
1382 5338 1747 5412 ὑποκειμένῳ·
1785 5341 1846 5394 Tt
1856 5341 1957 5411 μά-

354 5428 472 5482 σθω
512 5429 667 5499 παρὰ
693 5428 915 5484 πάντων
942 5428 1227 5501 Ἰωάννης,
1272 5427 1460 5493 καθὼς
1505 5429 1602 5484 καὶ
1638 5430 1667 5483 ὁ
1712 5431 1918 5503 Πέτρος
1940 5451 1953 5465 ·

349 5516 465 5591 ἆρα
492 5520 557 5573 τὸ
601 5540 620 5572 ι
653 5519 839 5586 καθὼς
882 5540 903 5574 ο
933 5521 1191 5592 άτονήσει
1225 5519 1388 5575 πάλιν
1423 5521 1503 5583 είς
1530 5521 1592 5574 τὸ
1628 5504 1703 5594 μὴ
1732 5522 1843 5577 δεῖν
1868 5526 1955 5576 ἐπ’

349 5615 562 5686 ἀμφοῖν
601 5612 700 5684 τὴν
729 5611 852 5684 ῐσην
879 5612 1110 5682 ἄγεσθαι
1154 5615 1355 5684 τιμὴν;
1422 5613 1561 5666 Ἀλλ’
1597 5614 1697 5666 οὐκ
1739 5614 1826 5679 ἂν,
1886 5613 1957 5671 οἵ·

2068 4609 2238 4659 strem
2271 4600 2339 4656 ad
2370 4600 2640 4671 aequalem
2665 4615 2790 4655 eum
2825 4600 2943 4657 sole
2980 4598 3337 4670 Splendorem
3369 4614 3478 4652 non
3510 4613 3670 4653 accc-

2068 4691 2222 4761 dere,
2259 4690 2355 4749 sed
2386 4691 2455 4746 ad
2495 4691 2921 4748 similitudinem
2952 4689 3253 4764 quamdam
3306 4696 3379 4743 et.
3409 4688 3665 4757 elﬁgiem,

2068 4785 2288 4843 etiamsi
2323 4788 2389 4841 de
2429 4786 2551 4857 ipso
2586 4783 2853 4841 efferatur
2883 4784 2977 4839 illa
3010 4784 3203 4843 dictio.
3239 4781 3462 4837 «sicut.
3509 4799 3529 4831 ι
3592 4779 3669 4834 De

2066 4878 2233 4934 Petro
2265 4892 2396 4933 vero
2422 4885 2475 4931 et
2508 4875 2727 4932 Joanne
2767 4876 2979 4931 sanctis
3009 4873 3345 4944 discipulis,
3387 4872 3487 4944 qui
3533 4889 3661 4927 cum

2068 4983 2279 5029 natura:
2309 4970 2546 5032 ratione,
2602 4975 2719 5023 tum
2786 4968 2992 5039 pietate
3053 4968 3105 5022 in
3145 4965 3317 5022 Deum
3356 4958 3663 5038 perfeciam

2066 5066 2216 5121 inter
2243 5079 2305 5119 se
2336 5061 2755 5118 similitudinem
2782 5060 3015 5127 habent,
3042 5058 3304 5116 efferatur
3339 5059 3433 5115 illa
3466 5058 3662 5120 dictio.

2074 5177 2093 5210 ι
2135 5157 2303 5220 sicut,
2344 5174 2361 5205 ι
2397 5160 2454 5208 et
2500 5153 2649 5209 dicat
2679 5153 2981 5224 quispiam,
3017 5152 3254 5223 exempli
3305 5167 3472 5209 causa
3506 5171 3519 5208 :
3555 5151 3666 5206 IIo—

2072 5258 2299 5303 norctur
2329 5247 2398 5301 ab
2431 5244 2697 5301 omnibus
2745 5232 2990 5301 Joannes
3032 5245 3181 5302 sicut
3221 5253 3275 5299 et
3310 5243 3548 5308 Petrus;
3592 5260 3660 5296 an

2066 5337 2159 5392 illa
2192 5336 2385 5399 dictio,
2417 5356 2434 5388 ι
2478 5337 2647 5397 sicut,
2689 5353 2706 5386 ι
2743 5336 3067 5407 neutiquam
3103 5332 3443 5406 signiﬁcabit
3481 5346 3664 5399 requa-

2066 5431 2173 5487 lcm
2211 5429 2431 5497 utrique
2464 5445 2588 5486 esse
2622 5428 2977 5485 tribncndutn
3016 5426 3182 5498 228
3216 5423 3521 5480 honorem?
3551 5420 3658 5478 Sed

2066 5538 2249 5588 nemo,
2288 5530 2346 5575 ut
2395 5537 2539 5585 reor,
2587 5520 2731 5577 istud
2771 5521 3014 5576 dixerit:
3071 5517 3209 5573 nihil
3261 5514 3409 5571 enim
3450 5513 3660 5574 videbit

2068 5613 2212 5688 quod
2252 5614 2543 5687 prohibeat
2576 5613 2621 5670 si
2681 5613 2822 5667 ratio
2866 5608 3291 5682 signiﬁcationis
3353 5616 3653 5678 spectetur.

466 5795 515 5825 "'
555 5794 668 5851 Imo
703 5793 973 5857 Mtcb.ut.
1007 5797 1060 5851 9.
1140 5796 1182 5827 ⁸³
1223 5795 1357 5852 Luc.
1397 5811 1467 5861 vt,
1504 5792 1592 5847 56.
1669 5790 1714 5822 ⁸⁸
1756 5790 1915 5849 Joan.
1948 5812 1961 5849 ι

2069 5837 2081 5864 ,
2119 5794 2209 5850 25.
2291 5794 2336 5885 εξ
2372 5792 2608 5864 Philipp.
2648 5808 2750 5860 ιιι,
2793 5791 2867 5859 2,
2903 5789 3077 5856 Apoc.
3112 5805 3249 5856 ml,
3282 5788 3368 5846 I5.
