4052 6522
427 384 524 439 571

1429 371 1486 428 s.
1525 364 1805 427 CYRILLI
1829 357 2303 420 ALEXANDRINI
2339 360 2659 420 ascen-3r.

3570 364 3663 419 5τεί
3693 397 3697 406 η

423 499 565 554 Cum
597 486 728 569 erg'o
750 496 816 552 de
846 493 984 551 Filio
1034 502 1087 549 et
1137 491 1302 546 Patre
1337 489 1506 545 dictio
1540 488 1659 553 illa,
1721 505 1738 538 ι
1775 484 1938 546 sicut,
1982 498 2000 532 ι

2116 500 2245 554 μαι,
2303 483 2385 545 τίς
2425 482 2488 538 τὸ
2533 479 2772 535 τοιοῦτον
2820 478 2936 549 ἐρεῖ
2965 493 2978 508 ·
3043 475 3318 548 Οεωρήσει
3370 476 3472 547 γὰρ
3512 477 3570 549 δὴ
3614 480 3667 531 τὸ

425 590 708 654 efferatur,
733 603 896 659 quam
922 585 993 641 ob
1019 598 1242 639 causam
1271 581 1573 652 aequalibus
1606 577 1800 633 ambos
1831 575 2006 630 hono-

424 680 583 735 ribus
617 692 817 734 ornare
846 673 1276 730 cunctabimur?
1303 671 1436 726 Nam
1476 669 1658 725 futura
1699 665 2006 738 praevidens

309 773 330 787 ‘
427 777 489 823 ut
515 767 681 832 Deus,
715 773 768 819 et
800 763 1099 834 malignam
1129 770 1236 816 tua:
1272 760 1564 831 imperitiae
1607 753 2006 813 contradictio-

427 876 552 915 nem
586 873 694 913 non
729 856 1019 927 ignorans,
1047 869 1157 909 non
1177 852 1381 908 nudam
1404 851 1613 912 statim,
1652 863 1833 917 neque
1871 861 2005 900 con-

425 950 663 1006 venienti
704 948 810 1005 sibi
843 946 1100 1018 prazsidio
1125 945 1446 1000 destitutam
1481 942 1782 998 dictionem
1828 938 2004 1003 illam,

433 1063 451 1095 ι
499 1042 665 1107 sicut,
706 1059 724 1090 ι
761 1039 968 1104 intulit,
1023 1037 1123 1094 sed
1154 1051 1276 1092 eam
1309 1033 1524 1090 idoneis
1575 1032 1844 1087 firmatam
1876 1043 2004 1100 pro-

424 1131 785 1197 bationibds;
819 1137 873 1186 et
921 1143 1048 1184 cum
1099 1127 1254 1197 prius
1307 1122 1610 1180 ostenderit
1668 1137 1729 1177 se
1787 1133 2008 1190 quoque

427 1224 597 1280 Deum
638 1238 764 1280 esse
799 1219 1102 1277 secundum
1129 1228 1385 1273 naturam
1439 1215 1636 1284 (suum
1669 1213 1813 1268 enim
1845 1209 2008 1265 facie-

424 1318 523 1374 bat
576 1314 790 1370 Patrem
829 1312 1062 1382 Deum),
1099 1307 1561 1377 aﬂirmaveritque
1624 1319 1684 1360 se
1733 1313 1789 1358 et
1837 1301 2005 1356 Deum

426 1409 704 1481 opificem,
741 1417 796 1463 et
822 1407 1092 1461 viventem
1125 1415 1315 1458 revera
1338 1414 1482 1462 esse,
1513 1407 1698 1468 atque,
1738 1405 1798 1449 ut
1829 1394 1904 1448 ita
1921 1391 2007 1448 di-

427 1517 573 1569 cam,
635 1499 731 1554 Dei
779 1513 844 1552 ac
880 1495 1062 1551 Patris
1123 1493 1562 1564 preprietatibus
1615 1487 2004 1558 conspicuum,

426 1599 736 1660 opportune
789 1586 1008 1641 tandem
1070 1583 1274 1638 infert:
1344 1602 1362 1634 ε
1422 1578 1489 1636 Ut
1541 1593 1735 1634 omnes
1781 1573 2007 1630 honori-

427 1685 593 1738 ﬁcent
643 1679 878 1746 Filium,
914 1678 1060 1732 sicut
1100 1673 1470 1730 honoriﬁcam
1525 1670 1764 1726 Patrem.
1803 1687 1820 1717 ι
1863 1665 2006 1733 Quid

427 1779 609 1827 autem
671 1783 820 1824 nunc
886 1765 1169 1820 adversari
1223 1761 1492 1818 videtur?
1538 1763 1608 1813 At
1684 1757 1817 1829 quid
1881 1769 2004 1826 pro-

422 1861 637 1918 hibebit
679 1858 978 1931 quominus
1029 1857 1100 1918 is,
1167 1855 1260 1910 cui
1316 1825 1764 1908 substantialiter
1815 1825 2007 1904 insunt
2040 1825 2082 1881 Β

424 1967 766 2028 quaecunque
808 1951 992 2010 Patris
1026 1949 1324 2020 peculiaria
1383 1954 1436 2002 et
1471 1945 1670 2000 eximia
1717 1953 1882 2007 sunt,
1935 1942 2005 1996 ad

423 2049 696 2120 aequalem
760 2043 988 2099 honoris
1052 2041 1314 2095 ascendat
1389 2035 1766 2094 mensuram?
1826 2032 2004 2103 Ipsam

424 2140 630 2211 quippe
685 2136 778 2192 Dei
819 2149 883 2190 ac
931 2132 1112 2188 Patris
1144 2132 1428 2186 honorare
1466 2137 1726 2183 naturam
1779 2139 2004 2193 compe-

423 2231 635 2285 riemur
669 2228 725 2282 in
753 2225 892 2282 Filio
930 2226 1150 2296 egregie
1207 2223 1566 2278 relucentem.
1596 2217 1805 2272 Idcirco
1858 2215 2004 2270 enim

425 2321 692 2392 subjicit:
733 2339 752 2372 ‹
786 2319 890 2386 Qui
925 2333 1038 2374 non
1061 2315 1392 2373 honoriﬁcat
1427 2311 1652 2374 Filium,
1682 2324 1792 2364 non
1827 2308 2004 2361 hono-

424 2413 608 2468 rilicat
635 2409 874 2475 Patrem,
903 2409 996 2480 qui
1030 2407 1181 2463 misit
1228 2406 1405 2460 illum.
1447 2421 1467 2454 ›
1498 2399 1622 2456 Filii
1655 2401 1804 2456 enim
1868 2413 2004 2452 con-

427 2512 667 2576 temptus
694 2510 792 2558 aut
831 2500 1188 2572 blasphemiae
1222 2498 1309 2554 vis
1338 2506 1392 2554 et
1426 2496 1570 2552 ratio
1596 2494 1662 2549 ad
1693 2495 1861 2548 alium
1897 2507 2004 2546 non

425 2597 742 2669 pertinebit,
786 2609 954 2667 quam
1009 2593 1078 2647 ad
1141 2591 1322 2662 ipsum
1362 2590 1607 2652 Patrem,
1673 2589 1764 2659 qui
1822 2602 1852 2641 a
1905 2601 2004 2642 sua

424 2698 626 2748 natura
660 2698 921 2759 tanquam
951 2703 981 2742 a
1035 2686 1187 2742 fonte
1220 2683 1422 2739 Filium
1452 2680 1646 2745 edidit,
1699 2679 1823 2736 licet
1853 2680 1901 2735 ei
1937 2679 2005 2734 ab

423 2791 634 2839 eterna
692 2779 1039 2836 coexsistens
1098 2775 1304 2846 ubique
1355 2773 1411 2828 in
1498 2771 1786 2842 Scriptura
1845 2784 2004 2826 sacra

427 2872 779 2945 praedicetur.
816 2869 922 2926 Sed
961 2877 1104 2934 esto,
1131 2867 1312 2936 inquit
1341 2864 1716 2930 adversarius,
1751 2871 2005 2918 contem-

428 2973 556 3034 ptus
587 2963 709 3019 Filii
735 2977 844 3034 quo
883 2960 1022 3018 velis
1061 2958 1360 3031 pertineat,
1397 2957 1508 3012 imo
1537 2971 1668 3011 vero
1701 2955 1769 3009 ad
1820 2954 2004 3024 ipsum

429 3057 600 3112 Deum
633 3070 698 3112 ac
723 3055 943 3110 Patrem
998 3053 1293 3124 pertingat.
1338 3048 1663 3120 Indignatur
1703 3045 1850 3102 enim
1882 3044 2007 3114 jure

427 3144 649 3210 merito,
681 3157 792 3199 non
830 3151 1013 3196 tamen
1045 3141 1204 3211 quasi
1235 3139 1426 3194 eadem
1459 3144 1658 3192 natura
1687 3135 1919 3189 laedatur
1949 3134 2004 3188 in
2038 3175 2082 3234 α

427 3235 591 3301 Filio,
621 3241 683 3289 ut
705 3233 867 3290 modo
891 3232 1280 3298 disseruimus;
1310 3229 1405 3285 sed
1426 3226 1686 3298 quoniam
1713 3235 1798 3282 est
1832 3225 2014 3296 imago

427 3323 554 3396 ejus
584 3331 638 3380 et
663 3324 954 3379 character
968 3323 1039 3388 ⁸⁸,
1076 3320 1145 3376 ad
1175 3320 1419 3376 divinam
1440 3326 1494 3374 et
1532 3316 1864 3374 ineffabilem
1893 3317 2013 3387 ejus

433 3423 691 3471 naturam
727 3413 934 3483 Optime
962 3412 1254 3475 formatus,
1274 3411 1402 3481 jure
1427 3408 1648 3481 quidem
1674 3409 2011 3480 indignatur,

433 3513 491 3560 et
525 3504 582 3560 in
621 3519 682 3560 se
718 3505 947 3559 omnino
982 3501 1238 3572 injuriam
1288 3498 1477 3556 refert.
1540 3497 2012 3554 Absurdissimum

433 3595 638 3667 quippe
689 3603 836 3650 esset
889 3608 1038 3660 eum,
1079 3591 1175 3663 qui
1226 3591 1429 3645 divinis
1480 3589 1896 3645 characteribus
1926 3588 2012 3643 in-

433 3687 622 3752 sultat,
655 3685 868 3757 peccati
905 3686 961 3740 in
1007 3685 1367 3756 archetypum
1401 3682 1633 3739 admissi
1671 3693 1868 3753 pcenas
1898 3696 2014 3736 non

432 3779 611 3836 luere.
643 3777 1115 3846 Quemadmodum
1147 3792 1365 3847 nempe,
1403 3776 1450 3832 si
1489 3777 1613 3848 quis
1669 3786 2014 3831 terrenarum

431 3886 628 3942 regum
651 3870 918 3941 imagines
945 3869 1184 3925 ludibrio
1210 3869 1486 3934 habuerit,
1515 3883 1629 3925 non
1653 3867 1815 3923 aliter
1841 3883 2008 3939 quam

435 3965 484 4020 si
513 3966 569 4018 in
603 3977 789 4035 regem
827 3962 1004 4033 ipsum
1049 3961 1358 4034 peccaverit
1398 3961 1648 4032 punitur.
1697 3959 1830 4015 Tale
1886 3973 2015 4015 vero

439 4054 704 4125 quiddam
735 4068 767 4109 a
801 4053 916 4110 Dco
947 4070 1168 4126 quoque
1208 4055 1276 4110 de
1303 4053 1466 4109 nobis
1496 4059 1766 4108 statutum
1803 4066 2021 4122 compe-

438 4150 669 4205 riemus.
703 4168 722 4202 ι
763 4147 865 4215 Qui
934 4148 1079 4206 enim
1120 4147 1449 4218 sanguinem
1493 4145 1757 4209 hominis,
1819 4145 2016 4216 inquit,

435 4239 706 4305 effuderit,
768 4254 868 4309 pro
921 4238 1190 4308 sanguine
1261 4236 1424 4306 229
1493 4235 1616 4306 ejus
1669 4233 2017 4302 el'fundetur,

441 4333 572 4403 quia
624 4333 682 4387 in
732 4331 973 4401 imagine
1031 4329 1126 4385 Dei
1194 4327 1299 4383 feci
1349 4327 1717 4382 hominem".
1770 4346 1788 4378 ι
1851 4324 2021 4382 Vides

440 4424 610 4496 igitur
642 4438 708 4479 ex
737 4423 861 4489 hoc,
907 4421 1110 4493 inquit,
1161 4418 1455 4492 manifeste
1486 4417 1651 4474 Deum
1705 4433 1770 4474 ac
1799 4417 2020 4474 Patrem

2108 573 2318 629 κωλύον
2359 573 2509 628 οὐδὲν
2552 573 2674 627 κατ’
2728 570 2899 642 αὐτὴν
2959 568 3055 622 τοῦ
3102 569 3372 639 νοήματος
3424 568 3515 638 τὴν
3554 569 3668 622 ἁνα-

2107 665 2313 735 λογίαν.
2350 665 2516 718 Ὅταν
2540 665 2625 732 ἐφ’
2659 660 2791 716 Υἰοῦ
2834 660 2927 715 καὶ
2956 660 3167 730 Πατρδς
3201 660 3428 730 φέρηται
3452 658 3508 712 τδ
3535 679 3553 709 ι
3581 677 3668 712 κα-

2109 756 2246 820 θὼς,
2301 775 2318 807 ι
2392 755 2478 809 διὰ
2536 754 2698 808 ποίαν
2749 752 2927 806 αἰτίαν
2995 750 3447 820 ἀποναρκήσομεν
3501 749 3663 818 ἰσομέο

2106 862 2256 918 τροις
2294 846 2461 916 ἄμφω
2482 843 2844 912 καταστέφειν
2864 842 3049 912 τιμαῖς
3074 857 3088 904 ;
3131 837 3665 910 Προανασκεψάμενοι,

2107 939 2214 1011 γὰρ
2259 939 2335 1002 ὡς
2384 937 2518 1000 Θεὸς
2564 935 2631 989 τὰ
2675 935 2930 1005 ἐσόμενα,
2966 933 3061 985 καὶ
3109 931 3208 1002 τὴν
3260 930 3520 1000 βάσκανον
3576 931 3665 999 τῆς

2109 1031 2208 1100 σῆς
2238 1028 2478 1100 ἀμαθίας
2532 1025 2908 1098 περιαθρήσας
2934 1023 3264 1091 ἀντιλογίαν,
3286 1021 3346 1074 οὐ
3375 1020 3571 1090 γυμνὸν
3594 1021 3670 1074 εὐ·

2108 1122 2226 1187 θύς,
2268 1119 2387 1175 οὐδὲ
2420 1120 2518 1191 τῆς
2578 1119 2728 1190 αὐτῷ
2761 1117 3076 1189 πρεπούσης
3116 1117 3318 1188 ἔρημον
3345 1113 3678 1184 ἐπικουρίας,
3713 1149 3727 1170 ε

2107 1213 2168 1268 τὺ
2208 1233 2227 1266 ι
2260 1213 2444 1278 καθὼς
2471 1233 2490 1266 ι
2544 1214 2905 1283 εἰσενήνοχεν,
2933 1210 3068 1264 ἀλλά
3110 1211 3233 1271 ταῖς
3281 1207 3378 1274 μὲν
3421 1207 3678 1276 καθηκού-

2111 1323 2232 1370 σαις
2260 1305 2653 1378 προοχυρὼσας
2698 1303 3114 1375 πληροφορίαις,
3174 1299 3567 1372 προαποδείξας
3619 1299 3670 1352 δὲ

2109 1399 2191 1452 ὅτι
2230 1397 2322 1450 καὶ
2359 1397 2491 1459 Θεὸς
2524 1394 2762 1465 ὑπάρχοι
2795 1393 2939 1446 κατὰ
2974 1391 3136 1460 φύσιν
3170 1407 3184 1421 ο
3221 1390 3353 1443 ἴδιον
3385 1387 3494 1458 γὰρ
3545 1389 3675 1440 ἕποιο

2111 1493 2224 1543 εἶτο
2251 1488 2473 1559 Πατέρα
2515 1487 2609 1539 τὸν
2640 1485 2772 1540 Θεὸν
2795 1497 2810 1514 ⁸
2856 1483 3381 1556 προκατασκευάσας
3415 1480 3471 1532 δὲ
3505 1479 3670 1542 πάλιν,

2109 1585 2190 1638 ὅτι
2219 1583 2310 1636 καὶ
2331 1581 2464 1643 Θεὸς
2477 1577 2814 1651 δημιουργὸς
2854 1577 2948 1630 καί
2978 1575 3086 1641 ζῶν
3116 1574 3236 1628 κατ’
3264 1573 3524 1644 ἀλήθειάν
3547 1572 3671 1634 ἐστι,

2111 1678 2203 1731 καὶ
2240 1677 2398 1739 ὅλως,
2436 1675 2508 1726 ἵν’
2531 1674 2705 1736 οὓτως
2728 1671 2890 1733 είπω,
2927 1671 3040 1732 τοῖς
3073 1667 3170 1721 τοῦ
3197 1665 3334 1720 Θεοῦ
3365 1664 3460 1718 κα)⁸
3478 1663 3674 1733 Πατρδς

2111 1767 2575 1838 ἐπαγλαῖζόμενον
2621 1764 2873 1834 ἰδιώμασι
2921 1758 3381 1831 προεισενεγκὼν,
3423 1755 3677 1825 εὐκαίρως

2113 1862 2307 1928 ἐπάγει
2343 1859 2548 1912 λοιπὸν·
2585 1857 2736 1912 «Ἵνα
2767 1854 2968 1916 πάντες
2990 1851 3192 1923 τιμῶσι
3223 1851 3316 1904 τὸν
3336 1849 3484 1910 Υἰδν,
3509 1843 3680 1907 καθὼς

2111 1951 2314 2022 τιμῶσι
2335 1950 2428 2002 τὸν
2455 1946 2702 2019 Πατέρα.
2736 1965 2757 1996 ι
2813 1940 2951 1998 Εἶτα
2985 1944 3039 1996 τί
3071 1942 3132 1996 τὸ
3171 1939 3530 1996 άντιστατοῦν
3563 1939 3680 1992 ἁνα-

2113 2042 2362 2111 φανεῖται
2417 2037 2634 2102 λοιπόν;
2682 2035 2736 2090 τί
2793 2035 2851 2089 δὲ
2893 2034 2956 2087 τὸ
2991 2032 3198 2086 κωλῦον
3227 2031 3348 2084 ἐστὶ
3392 2024 3505 2092 τὸν,
3538 2022 3681 2097 ᾧπερ

2111 2130 2385 2195 οὐσιωδῶς
2443 2129 2739 2200 ἐνυπάρχει
2775 2126 2845 2181 τὰ
2895 2124 2992 2180 τοῦ
3032 2124 3401 2194 γεννήσαντος
3449 2121 3556 2174 ἴδια
3595 2116 3683 2172 καὶ

2113 2221 2384 2290 ἐξαίρετα,
2409 2218 2618 2289 πρὸςτὸ
2653 2215 2768 2269 ἴσον
2793 2215 2891 2286 τῆς
2921 2213 3084 2285 τιμῆς
3111 2211 3428 2266 ἀναϐαίνειν
3457 2208 3680 2280 μέτρον;

2112 2313 2294 2383 Αὐτὴν
2317 2312 2426 2383 γάρ
2451 2310 2554 2382 ἤδη
2599 2309 2865 2380 τιμῶντες
2891 2307 2990 2378 τὴν
3023 2303 3116 2360 τοῦ
3143 2303 3281 2358 Θεοῦ
3330 2303 3429 2357 καὶ
3482 2297 3684 2370 Πατρδς

2113 2404 2434 2474 ἁλωσόμεθα
2460 2401 2643 2472 φύσιν,
2676 2399 2858 2463 καλῶς
2877 2399 2936 2452 ὲν
2967 2396 3082 2467 Υἱῷ
3121 2393 3555 2464 διαλάμπουσαν.
3595 2386 3686 2441 Διὰ

2113 2499 2222 2568 γάρ
2252 2495 2410 2550 τοῦτό
2435 2510 2599 2564 φησιν
2627 2491 2847 2560 ἐφεξῆςο
2885 2509 2902 2542 ι
2960 2491 3019 2542 '0
3047 2487 3121 2559 μὴ
3149 2485 3326 2556 τιμῶν
3349 2484 3442 2538 τὸν
3458 2482 3602 2540 Υἱδν,
3627 2479 3686 2533 οὐ

2111 2590 2247 2660 τιμᾷ
2269 2588 2360 2641 τὸν
2383 2587 2601 2656 Πατέρα
2636 2583 2728 2636 τὸν
2763 2581 3055 2651 πέμψαντα
3094 2578 3278 2632 αὐτόν.
3333 2597 3352 2629 ι
3400 2572 3686 2641 ΤΑναϐήσε-

2111 2699 2201 2736 ται
2262 2679 2371 2750 γὰρ
2413 2677 2514 2731 οὐκ
2557 2675 2643 2744 ἐφ’
2675 2674 2865 2743 ἕτερόν
2920 2689 3044 2725 τινα
3081 2669 3284 2741 μᾶλλον
3327 2669 3430 2739 τῆς
3463 2667 3542 2728 εἰς
3569 2663 3689 2716 Υίδν
3725 2671 3732 2680 ‘

2114 2775 2339 2846 ἀτιμίας
2369 2772 2428 2826 τὸ
2447 2769 2722 2840 ἔγκλημα,
2749 2767 2847 2821 καὶ
2887 2765 2986 2836 τῆς
3022 2762 3338 2834 δυσφημίας
3386 2763 3420 2830 ή
3449 2758 3685 2827 δύναμις,

2113 2867 2146 2939 ἦ
2180 2867 2259 2930 εἰς
2280 2864 2444 2919 αὐτὸν
2470 2861 2832 2934 ἀληθέστερον
2881 2859 2974 2912 τὸν
3003 2857 3245 2927 Πατέρα,
3289 2852 3543 2921 καθάπερ
3589 2846 3689 2939 ἀπο

2114 2934 2298 3028 πηγῆς
2341 2955 2440 3027 τῆς
2487 2951 2695 3015 οἰκείας
2726 2950 2941 3021 φύσεως
2971 2947 3168 3001 ἀνέντα
3211 2944 3308 2998 τὸν
3351 2943 3506 3002 Υἰὸν,
3535 2939 3581 2991 εἰ
3605 2934 3691 2989 καὶ

2117 3049 2480 3120 συνυπάρχων
2535 3044 2721 3107 ἀϊδίως
2776 3040 2924 3110 αὐτῷ
2969 3037 3059 3093 διὰ
3104 3037 3290 3105 πάσης
3355 3035 3552 3104 ὁρᾶται
3598 3028 3690 3096 τῆς

2113 3139 2274 3210 ἀγίας
2297 3117 2542 3211 Γραφῆς.
2580 3132 2742 3188 Ἀλλά
2766 3132 2876 3195 ναὶ,
2895 3129 3058 3200 φησὶν
3087 3129 3115 3181 ὁ
3142 3117 3693 3211 δι’ὲναντίας,ἡκέτω

2113 3201 2214 3298 της
2242 3201 2322 3293 εἰς
2345 3201 2490 3281 ’Υιδᾴ
2519 3223 2744 3294 ἀτιμίας
2763 3219 2824 3274 τδ
2855 3218 3106 3288 ἔγκλημα
3136 3211 3277 3284 πρὸς
3313 3212 3456 3280 ὅπερ
3487 3208 3552 3298 ἂν
3576 3201 3692 3298 βούῖ

2112 3292 2245 3384 λοίὸ,
2281 3318 2480 3391 μᾶλλον
2508 3315 2564 3368 δὲ
2603 3292 2682 3378 εἰς
2721 3310 2884 3366 αὐτὸν
2923 3303 3261 3376 ἀφικνείσθω
3293 3302 3388 3356 τὸν
3427 3297 3562 3353 Θεὸν
3588 3292 3697 3348 ικαὶ

2112 3388 2354 3481 Πατέρα.
2409 3405 2810 3475 Ἀγανακτήσει
2843 3400 2953 3472 γὰρ
2999 3397 3064 3468 δὴ
3102 3395 3194 3449 καλ⁵
3243 3393 3399 3464 μάλα
3457 3388 3694 3450 εἰκότως,

2114 3503 2229 3558 ἀλλ’
2263 3479 2386 3571 οὐχί
2411 3500 2649 3560 πάντως,
2681 3495 2758 3559 ὡς
2786 3495 2883 3564 τῆς
2909 3490 3076 3560 αὐτῆς
3101 3485 3324 3556 φύσεως
3365 3479 3698 3571 ὑϐρισμένης

2114 3597 2172 3648 ὲν
2194 3570 2336 3664 Υἱῷ,
2354 3570 2504 3646 κατὰ
2530 3590 2620 3643 τὸν
2640 3586 2839 3658 ἀρτίως
2873 3584 3004 3654 ἡμῖν
3027 3575 3489 3648 φιλοτεχνηθέντα
3521 3570 3694 3664 λόγον’

2117 3686 2233 3742 ἀλλ’
2261 3685 2492 3753 ἐπείπερ
2525 3681 2672 3736 ἐστὶν
2719 3675 2881 3730 εἰκὼν
2912 3670 3077 3727 αὐτοῦ
3119 3669 3214 3724 καὶ
3265 3664 3583 3739 χαρακτὴρ,
3631 3659 3702 3719 ὡς

2117 3779 2255 3851 πρὸς
2273 3777 2371 3848 τὴν
2406 3774 2555 3829 Θείαν
2578 3789 2636 3825 τε
2668 3760 2764 3822 καί
2803 3767 3040 3839 ἄρρητον
3086 3759 3248 3816 αὐτοῦ
3301 3759 3470 3829 φύσιν
3510 3755 3701 3851 ἄριστα

2123 3838 2603 3942 μεμοριιῶμὲνοςγ
2629 3838 2944 3932 χαλεπαίνει
2971 3854 3068 3924 μὲν
3103 3849 3372 3918 εὐλόγως,
3401 3846 3610 3942 ἀνοίσει
3652 3838 3705 3892 δὲ

2121 3933 2337 4021 πάντως
2362 3933 2440 4019 εἰς
2487 3951 2678 4008 ἑαυτδν
2709 3949 2768 4004 τὸ
2799 3943 3060 4016 ἀδίκημα.
3105 3941 3218 3996 Kal.
3265 3940 3382 4010 γὰρ
3431 3933 3501 4009 ἦν
3544 3935 3708 3990 ὅντως

2118 4050 2226 4105 τῶν
2253 4044 2638 4106 ἀτοπωτάτων,
2675 4040 2768 4095 τὸν
2799 4041 2912 4102 τοῖς
2944 4035 3117 4098 θείοις.
3156 4031 3550 4102 χαρακτῆρσιν
3607 4022 3705 4091 Ep.-

2122 4140 2553 4215 παροινήσαντα,
2597 4134 2672 4206 μὴ
2697 4131 2818 4203 οὐχί
2864 4130 3084 4191 πάντως
3127 4127 3223 4196 τῆς
3275 4119 3710 4215 εἰςῌάρχέτυπον

2122 4207 2398 4305 ἁμαρτίας
2461 4223 2809 4281 ἀποτιννύναι
2852 4221 3028 4282 δίκας.
3072 4218 3290 4286 Ὥσπερ
3341 4208 3441 4268 οῦν
3499 4207 3708 4305 ἀμέλει,

2121 4295 2218 4380 καὶ
2298 4322 2416 4383 ταῖς
2437 4316 2608 4370 εἰκόσι
2637 4314 2744 4369 τῶν
2773 4313 2866 4366 ἐπὶ
2917 4311 3019 4380 γῆς
3062 4306 3333 4378 βασιλέων
3374 4295 3714 4375 ἐμπαροινή-

2125 4431 2244 4477 σας,
2311 4412 2386 4476 ὡς
2442 4410 2522 4472 εἰς
2568 4405 2730 4460 αὐτὸν
2783 4403 2883 4473 ἤδη
2930 4393 3429 4468 πεπλημμεληκὼς
3453 4392 3548 4446 τὸν
3582 4403 3715 4458 κραο

442 4515 758 4572 existimare
812 4513 1091 4585 indignari
1145 4511 1343 4566 debere
1391 4511 1521 4566 laesa
1583 4511 1841 4583 imagine,
1907 4525 2014 4565 non

2122 4497 2318 4556 τοῦντα
2349 4497 2658 4561 κολάζεται.
2733 4491 3051 4562 Ὠρισμένον
3100 4486 3157 4540 δέ
3200 4502 3252 4536 τι
3293 4482 3550 4537 τοιοῦτον
3613 4493 3716 4529 πα-

445 4616 627 4662 autem
658 4605 842 4661 divina
875 4619 975 4660 sua
1008 4615 1229 4659 natura.
1263 4600 1378 4658 Hoc
1425 4603 1612 4674 itaque
1645 4567 1812 4659 modo
1845 4618 2014 4672 expo-

2127 4593 2194 4664 ρὰ
2215 4589 2350 4646 Θεοῦ
2378 4590 2472 4644 καὶ
2496 4587 2578 4656 ἐφ’
2604 4585 2764 4657 ήμῶν
2802 4581 2979 4636 αὐτῶν
3037 4577 3363 4649 εὑρήσομεν.
3425 4593 3442 4626 ι
3504 4573 3564 4625 Ὀ
3613 4567 3719 4638 γὰρ

326 4757 346 4766 ι
442 4699 684 4755 nendum
714 4707 799 4754 est
826 4697 964 4752 illud
987 4695 1132 4764 quod
1157 4694 1364 4751 dictum
1396 4705 1482 4752 est
1503 4695 1779 4753 aChristo
1811 4714 1825 4751 :
1867 4715 1884 4746 ι
1915 4694 2021 4762 Qui

368 4834 377 4858 ._
448 4807 554 4848 non
593 4789 920 4844 honoriﬁcat
941 4787 1359 4858 Filium,neque
1380 4787 1594 4852 Patrem
1623 4787 1971 4843 honorificat.
1998 4805 2016 4839 ι

372 4879 378 4918 ἵ
447 4885 529 4936 An
563 4881 731 4949 igitur
756 4897 785 4934 a
815 4879 1003 4936 Patris
1030 4881 1342 4936 substantia
1366 4882 1581 4938 alienus
1602 4881 1709 4937 erit
1733 4881 2022 4937 nobiscum

447 4973 818 5044 Unigenitus?
848 4971 1134 5039 Quomodo
1178 4988 1308 5043 ergo
1351 4973 1464 5043 jam
1505 4972 1809 5028 secundum
1864 4981 2024 5026 natu-

445 5077 565 5119 ram
602 5061 746 5120 Deus
777 5070 885 5130 est,
910 5064 955 5120 si
983 5062 1051 5119 de
1083 5064 1395 5121 rationibus
1439 5063 1662 5120 deitatis
1699 5063 1930 5128 excidit,
1967 5064 2022 5119 in

447 5153 674 5227 propria
703 5153 938 5226 quadam
985 5163 1039 5210 et
1086 5157 1191 5210 alia
1239 5171 1402 5227 quam
1450 5156 1504 5210 in
1545 5171 1654 5226 qua
1707 5155 1870 5213 Pater
1916 5165 2023 5221 est,

449 5255 647 5303 natura
679 5245 1009 5302 consritutns
1032 5247 1054 5300 ?
1076 5244 1254 5317 Iniqui
1279 5261 1408 5301 vero
1440 5261 1633 5302 sumus
1661 5248 1896 5313 scilicet,
1927 5248 2023 5319 qui

448 5340 503 5394 in
546 5353 710 5392 unam
742 5337 964 5394 deitatis
991 5338 1259 5393 rationem
1293 5344 1497 5392 sancta:
1544 5337 1833 5396 Trinitatis
1865 5343 2025 5396 unio-

451 5445 572 5487 nem
626 5428 976 5486 adducimus.
1031 5429 1281 5485 Adorare
1331 5425 1538 5500 quippe
1593 5445 1691 5487 nos
1747 5441 2026 5503 oporteret

457 5531 691 5588 Patrem,
725 5531 784 5579 ut
814 5523 1020 5580 Deum:
1056 5521 1285 5591 gloriam
1315 5528 1496 5576 autem
1534 5522 1824 5590 quamdam
1859 5540 2028 5595 pecu-

455 5613 639 5674 liarem
675 5632 739 5672 ac
772 5617 1046 5688 propriam
1093 5612 1233 5667 Filio
1273 5628 1335 5667 ac
1369 5611 1598 5680 Spiritui
1650 5616 1909 5684 tribuere,
1967 5617 2020 5673 in

535 5767 580 5799 "
609 5773 652 5828 Il
690 5771 817 5829 Cor.
855 5787 927 5836 tv,
962 5771 1013 5826 ι.
1093 5771 1135 5800 δί’
1178 5768 1311 5824 Gen.
1355 5783 1428 5835 ιχ,
1471 5768 1523 5826 6.

2124 4660 2348 4754 έκχέων,
2409 4677 2593 4749 φησιν,
2637 4669 2776 4744 αἷμα
2818 4666 3128 4740 ἀνθρώπου,
3176 4663 3300 4717 ἀντὶ
3349 4661 3452 4714 τοῦ
3491 4660 3718 4728 αἵματος

2127 4749 2292 4832 αὐτοῦ
2345 4769 2730 4842 ἐκχυθήσεται·
2781 4764 2864 4817 ὅτι
2898 4763 2957 4815 ὲν
3025 4758 3194 4813 εἰκόνι
3265 4754 3413 4809 Θεοῦ
3485 4749 3719 4818 ἐποίησα

2127 4867 2217 4922 τὸν
2249 4841 2558 4935 ἄνθρωπον.
2594 4878 2612 4911 ι
2663 4857 2825 4928 Ὁρᾷς
2861 4850 2974 4920 οὖν,
3016 4851 3204 4922 φησὶν,
3240 4847 3345 4918 ἤδη
3376 4845 3473 4899 διὰ
3499 4841 3720 4935 τούτου,

2129 4955 2224 5010 καί
2252 4928 2397 5025 μάλα
2440 4949 2645 5019 σαφῶς,
2689 4949 2772 5001 ὅτι
2805 4946 2904 5016 τῆς
2932 4941 3139 5004 εἰκόνος
3179 4935 3562 5005 ἀδικουμένης
3583 4969 3600 4994 ,
3633 4928 3719 4981 καὶ

2127 5047 2246 5117 οὐχὶ
2291 5045 2508 5106 ’πάντως
2541 5043 2641 5112 τῆς
2677 5038 2828 5102 θείας
2871 5033 3036 5090 αὐτοῦ
3071 5031 3286 5100 φύσεως
3315 5069 3330 5092 ,
3379 5022 3724 5091 ἀγανακτεῖν

2128 5113 2302 5193 οἴεται
2340 5137 2450 5190 δεῖν
2489 5137 2517 5189 ὁ
2545 5133 2678 5196 Θεὸς
2716 5131 2810 5185 καὶ
2850 5129 3062 5197 Πατήρ.
3093 5119 3303 5176 Οὐκοῦν
3342 5117 3499 5172 κατὰ
3539 5113 3728 5167 τοῦτον

2130 5231 2358 5285 νοείσθω
2386 5246 2444 5280 τε
2467 5227 2562 5281 καί⁵
2587 5221 2977 5295 ὲσχηματίσθω
3005 5218 3094 5271 τὸν
3115 5215 3317 5286 τρόπον
3341 5212 3407 5265 τὸ
3433 5207 3731 5288 εἰρημένον

2131 5323 2284 5396 παρὰ
2327 5318 2586 5393 Χριστοῦ·
2640 5335 2658 5368 ι
2707 5316 2767 5368 'O
2793 5312 2868 5384 μὴ
2913 5309 3090 5381 τιμῶν
3126 5307 3217 5361 τὸν
3267 5303 3403 5356 Υίὸν
3427 5341 3443 5364 ,
3473 5298 3603 5354 οὐδὲ
3639 5295 3731 5347 τὸν

2134 5387 2353 5486 Πατέρα
2379 5387 2532 5482 τιμᾷ.
2568 5427 2585 5459 ι
2623 5404 2749 5477 'Ap’
2774 5401 2866 5459 οὖν
2887 5401 2992 5468 ἔξω
3014 5399 3255 5454 κείσεται
3279 5395 3410 5466 μεθ’
3441 5391 3607 5464 ἡμῶν
3633 5387 3733 5454 τῆς

2135 5515 2228 5569 τοῦ
2259 5511 2469 5584 Πατρὸς
2504 5509 2691 5572 οὐσίας
2718 5507 2746 5559 ὁ
2773 5501 3084 5571 Μονογενής
3111 5516 3125 5566 ;
3169 5495 3294 5558 Πῶς
3334 5490 3436 5547 οὗν
3478 5491 3562 5544 ἔτι
3593 5486 3732 5541 κατὰ

2133 5617 2291 5686 φύσιν
2337 5613 2467 5677 Θεός
2526 5615 2708 5674 ἐστιν,
2767 5607 2924 5701 εἴπερ
2967 5603 3100 5668 ὅλως
3151 5595 3417 5666 ὲξὼλισθε
3477 5591 3592 5648 τῶν
3641 5590 3739 5656 τῆς
