4052 6500
322 361 428 423 573

1395 368 1465 424 1N
1492 369 1788 429 JOANNIS
1827 371 2320 447 EVANGELIUM}
2352 371 2455 429 thl
2526 374 2584 433 Α.

3492 383 3609 438 ’574-

318 478 576 551 θεότητος
609 479 777 553 ὅρων,
818 480 879 536 ἐν
926 481 1035 554 ἰδίᾳ
1065 482 1174 546 τινὶ
1216 483 1376 554 φύσει
1422 488 1517 542 καὶ
1549 489 1771 563 ἑτεροῖα
1801 488 1901 545 κεί-

2021 490 2343 548 diti'erentes
2373 503 2602 549 naturas
2640 507 2736 550 eos
2770 493 3092 565 partientes,
3133 502 3371 550 et‘suam
3401 496 3613 566 cuique

320 586 516 640 μενος,
549 570 581 642 ἢ
626 573 686 626 ὲν
723 566 871 646 ᾗπέρ
917 573 1067 629 ἐστιν
1098 575 1127 628 ὀ
1166 573 1395 648 Πατήρ;
1451 578 1772 652 Ἀδικοῦμεν
1819 580 1904 648 δὲ,

316 662 459 716 κατά
487 663 551 716 τὸ
577 663 749 730 εἰκὸς,
779 667 860 730 εἰς
880 665 977 720 ἕνα
999 666 1254 739 θεότητος
1273 669 1700 746 ἀναῦιόἀζοντες
1728 673 1906 742 λόγον,

313 755 415 822 τῆς
451 755 617 823 ἀγίας
659 757 897 829 Τριάδος-
935 759 1035 833 τὴν
1082 759 1352 824 σύνταξιν.
1397 763 1546 817 Ἔδει
1602 745 1746 835 γὰρ,
1801 765 1910 819 ἔδει

315 844 500 901 λοιπὸν
549 853 879 920 προσκυνεῖν
915 851 1015 922 μὲν
1042 853 1190 924 ἡμᾶς
1229 855 1307 919 ὡς
1341 854 1474 909 Θεὸν
1520 856 1611 911 τὸν
1659 856 1906 929 Πατέρα,

312 938 470 1002 δόξαν
509 937 568 992 δέ
607 956 730 994 τινα
778 941 943 997 πάλιν
988 944 1126 999 ἰδίαν
1160 945 1460 1018 ἀπονέμειν
1500 949 1580 1020 τῷ
1619 949 1736 1020 Υίῷ
1812 951 1908 1006 καὶ

311 1030 390 1103 τῷ
433 1031 748 1103 Πνεύματι,
794 1035 871 1100 ὡς
898 1037 979 1100 εἰς
1012 1037 1303 1110 διαφόρους
1335 1041 1771 1112 κατασχίξοντας
1806 1043 1908 1114 φύ-

312 1141 451 1192 σεις,
477 1126 588 1180 -καὶ
618 1126 751 1181 ῐδιον
776 1131 995 1204 ἑκάστῳ
1031 1131 1123 1184 τὸν
1149 1131 1245 1186 τοῦ
1276 1133 1394 1198 πῶς
1429 1136 1546 1189 ἐστι
1571 1135 1906 1208 διορίζοντας

309 1219 472 1287 λόγον
496 1235 510 1250 ⁸
537 1219 653 1274 ἀλλ’
679 1220 777 1275 ἕνα
803 1222 936 1277 Θεὸν
965 1225 1098 1295 ἡμῖν
1128 1226 1185 1279 αί
1206 1225 1348 1280 θεῖαι
1383 1227 1751 1299 πρεσϐεύουσι
1771 1231 1908 1303 Γρα-

307 1311 435 1379 φαὶ,
460 1312 552 1366 τὸν
575 1313 706 1367 Υἰὸν
736 1314 816 1386 τῷ
837 1316 1014 1388 [lu-cpi
1041 1319 1138 1372 xui
1159 1318 1219 1372 τὸ
1239 1319 1466 1392 Πνεῦμα
1487 1322 1901 1389 συντάττουσαι,

307 1404 384 1467 ὡς
407 1403 499 1459 διὰ
517 1407 620 1476 τῆς
640 1407 935 1474 οὐσιὼδους
961 1411 1057 1465 xui
1083 1412 1511 1484 ἀπαραλλάκτου
1545 1416 1900 1487 ταυτότητος,

305 1497 390 1560 εἰς
437 1495 538 1551 ἕνα
582 1495 842 1567 θεότητος
901 1501 1317 1574 ἀναφερομένης
1369 1504 1526 1575 λόγον
1585 1506 1686 1578 τῆς
1741 1508 1906 1577 ἁγίας

305 1587 564 1658 Τριάδος.
605 1589 722 1642 Οὐκ
740 1588 850 1660 ἀρα
884 1589 1001 1644 ἐστὶ
1034 1592 1136 1662 τῆς
1159 1591 1253 1646 τοῦ
1285 1594 1654 1667 Γεννήσαντος
1683 1597 1903 1667 φύσεως

305 1678 593 1752 ἀλλότριος
621 1682 650 1734 ό
671 1681 1006 1752 Μονογενὴς,
1041 1684 1156 1738 ἀλλ’
1183 1685 1293 1738 οὐδ’
1322 1685 1389 1740 ἂν
1418 1687 1554 1752 ὅλως
1575 1687 1701 1754 Υἱὸς
1724 1689 1903 1762 ὑπάρ-

304 1791 418 1844 χων
437 1775 616 1828 νοοῖτο
633 1775 777 1830 κατά
799 1776 1080 1848 ἀλήθειαν,
1118 1778 1168 1831 εἰ
1207 1777 1282 1850 μὴ
1306 1780 1371 1832 ὲκ
1393 1779 1495 1850 τῆς
1515 1779 1611 1834 τοῦ
1649 1782 1901 1846 τεκόντος

2015 584 2246 639 essendi
2291 584 2562 640 rationem
2624 586 2952 642 tribuentes.
3007 587 3191 657 Atqui
3231 602 3399 641 unum
3438 588 3599 643 nobis

2015 672 2186 730 Deum
2222 675 2419 731 divina:
2476 674 2776 748 Scripturaa
2835 678 3159 748 pradicant,
3216 677 3416 732 Filium
3471 694 3599 733 cum

2014 765 2177 824 Patre
2207 775 2262 824 et
2292 767 2562 841 Spiritum
2598 770 2959 836 collocantes,
3001 770 3164 840 quasi
3212 784 3310 840 per
3337 770 3600 826 substan-
3638 769 3650 776 ‘

2011 859 2197 915 tialem
2229 867 2285 916 et
2315 859 2694 916 omnimodam
2729 860 3074 917 identitatem
3103 868 3296 918 sancta
3328 860 3602 922 Trjnitate

2013 949 2067 1004 in
2107 967 2268 1005 unam
2297 950 2519 1008 deitatis
2561 951 2763 1006 collata
2793 951 3082 1007 rationem.
3135 950 3260 1006 Non
3288 959 3372 1006 cst
3402 967 3533 1022 ergo
3569 967 3602 1004 a

2010 1050 2214 1098 natura
2245 1042 2526 1100 Genitoris
2557 1044 2772 1100 alienus
2796 1041 3153 1115 Unigenitus,
3189 1043 3287 1099 sed
3334 1059 3436 1099 nec
3471 1060 3559 1097 OIII
3580 1071 3597 1083 -

2010 1135 2143 1190 nino
2175 1134 2350 1192 Filius
2389 1151 2514 1194 esse
2542 1151 2733 1192 revera
2776 1137 3095 1193 censebitur
3124 1139 3172 1192 si
3218 1152 3284 1192 ex
3319 1134 3600 1190 Genitoris

2009 1227 2320 1284 substantia
2359 1243 2472 1284 non
2506 1228 2758 1295 elfulsit;
2792 1245 2894 1284 nec
2920 1231 3067 1285 enim
3093 1229 3200 1282 alia
3227 1237 3312 1282 est
3339 1227 3394 1281 in
3425 1229 3601 1282 omni-

2008 1319 2114 1376 bus
2154 1336 2298 1376 νει-ιε
2334 1321 2618 1378 liliationis
2652 1322 2900 1378 deﬁnitio
2939 1337 3004 1376 ac
3044 1319 3262 1376 modus.
3318 1317 3379 1374 Si
3417 1327 3601 1374 autem

2007 1410 2180 1469 Filius
2211 1428 2320 1468 non
2352 1421 2462 1480 est,
2513 1414 2772 1484 sequitur
2833 1424 2892 1468 ut
2925 1430 2994 1468 ne
3027 1413 3188 1468 l’ater
3244 1411 3470 1484 quidem
3528 1411 3602 1466 sit

2005 1504 2173 1558 etiam
2205 1504 2369 1562 Dens.
2413 1504 2700 1571 Quomodo
2760 1520 2898 1576 ergo
2932 1520 3098 1560 verax
3121 1503 3229 1559 erit
3285 1502 3492 1558 Paulus
3526 1503 3596 1559 de

2007 1595 2128 1667 ipso
2159 1595 2350 1652 dicens
2380 1614 2394 1652 :
2428 1615 2447 1649 ι
2475 1597 2552 1652 Ex
2586 1612 2698 1667 quo
2728 1599 2915 1652 omnis
2951 1595 3259 1666 paternitas
3283 1596 3338 1650 iu
3368 1595 3510 1651 cmlo
3546 1606 3604 1652 et

2008 1691 2063 1745 in
2121 1696 2269 1746 terra
2307 1689 2629 1746 nominatur
2650 1691 2716 1743 ‘°.
2762 1709 2782 1744 ›
2822 1689 2957 1744 Nam
3017 1689 3213 1745 sinon
3273 1689 3470 1759 genuit
3530 1704 3599 1744 ex

2007 1783 2194 1854 seipso
2230 1782 2415 1838 divina
2445 1783 2660 1840 ratione
2692 1781 2915 1847 Filium,
2945 1780 3226 1852 quomodo
3256 1781 3312 1835 in
3359 1779 3488 1851 ipso
3514 1790 3610 1835 est:

255 1900 262 1914 .
301 1863 613 1936 ἐξέλαμψεν
633 1867 854 1932 οὐσίας·
887 1867 1128 1933 τοιοῦτος
1163 1869 1296 1942 γὰρ,
1349 1871 1445 1926 xui
1481 1873 1583 1944 οὐχ
1622 1873 1810 1946 ’ἑτερος
1845 1874 1901 1928 ὲν

2009 1851 2356 1947 paternitatis
2387 1876 2636 1940 initium,
2663 1875 2812 1946 quod
2847 1890 2944 1945 per
2966 1851 3342 1929 imitationem
3377 1872 3448 1927 ad
3498 1887 3612 1928 eos

307 1958 476 2011 πᾶσιν
503 1960 534 2012 ὁ
567 1958 671 2028 τῆς
703 1958 943 2031 ἀληθοῦς
974 1960 1222 2033 υἰότητος
1264 1964 1388 2035 ὅρος
1440 1982 1503 2018 τε
1547 1966 1642 2020 xui
1675 1967 1900 2038 τρόπος.

311 2051 440 2104 Υἰοῦ
475 2051 536 2104 δὲ
561 2053 664 2106 οὐκ
692 2051 866 2120 ὄντος,
899 2056 1428 2128 συναναιρεθήσεται
1465 2059 1682 2123 πάντως
1722 2061 1817 2114 καί.
1842 2060 1904 2115 τὸ

308 2138 449 2196 εἶναι
477 2144 705 2216 Πατέρα
733 2147 826 2200 τὸν
855 2147 1014 2203 Θεόν.
1046 2149 1174 2214 Πῶς
1201 2145 1296 2204 οὖν
1326 2151 1622 2222 ἀληθεύσει
1665 2152 1842 2222 λέγων
1873 2157 1903 2209 ό

304 2235 519 2301 Παῦλος
576 2239 706 2310 περὶ
749 2240 958 2306 αὑτοῦ,
991 2261 1011 2295 ι
1045 2243 1137 2310 Ἐξ
1185 2238 1249 2299 οὗ
1283 2246 1436 2298 πᾶσα
1487 2246 1696 2318 πατριά
1739 2247 1798 2303 ἐν
1840 2265 1902 2302 τε

293 2325 542 2397 οὐρανῷ,
563 2327 659 2381 καὶ
687 2328 783 2382 ἐπὶ
801 2330 908 2400 γῆς
940 2332 1286 2403 ὀνομάζεται;
1317 2352 1336 2386 ι
1371 2335 1437 2388 Εἰ
1466 2335 1575 2408 γὰρ
1613 2337 1686 2409 μὴ
1710 2339 1902 2408 γεγέν-

297 2434 474 2487 νηκεν
502 2417 566 2484 ἐξ
593 2420 793 2475 ἑαυτοῦ
829 2421 1154 2496 θεοπρεπῶς
1188 2428 1283 2482 τὸν
1321 2429 1473 2497 Υἰὸν,
1508 2431 1628 2496 πῶς
1665 2435 1724 2488 ἐν
1749 2433 1901 2506 αὑτῷ

293 2513 400 2580 τῆς
431 2511 833 2586 πατρότητοςή
865 2515 1008 2588 ἀρχὴ
1040 2517 1306 2592 διήκουσα
1346 2523 1490 2578 κατά
1533 2524 1769 2598 μίμησιν
1804 2527 1899 2582 ὲπί

293 2618 360 2654 τε
403 2604 538 2668 τοὺς
583 2604 742 2671 ὄντας
781 2608 843 2662 ὲν
872 2609 1090 2682 οὐρανῷ
1161 2613 1258 2667 xui
1295 2614 1390 2668 ἐπὶ
1431 2615 1533 2687 τῆς
1570 2618 1707 2690 γῆςς
1755 2619 1898 2676 Ἀλλ’

293 2693 420 2782 ἔστι
470 2695 664 2768 Πατὴρ
712 2701 836 2753 κατ’
882 2701 1143 2773 ἀλήθειαν
1183 2706 1211 2759 ό
1242 2705 1408 2772 Θεός·
1447 2708 1577 2774 Υίὸς
1615 2710 1724 2782 ἀρα
1756 2713 1900 2769 κατὰ

293 2781 469 2851 φύσιν
497 2784 527 2837 ό
556 2785 896 2864 Μονογενὴς,
938 2789 1070 2844 εῐσω
1108 2791 1171 2846 τέ
1214 2793 1332 2858 πώς
1353 2797 1471 2850 ἐστι
1495 2797 1606 2852 τῶν
1633 2781 1734 2870 τῆς
1767 2800 1896 2855 θεό-

292 2891 468 2946 τητος
492 2877 659 2948 ὅρων.
689 2878 824 2944 Θεὸς
849 2880 960 2953 γὰρ
985 2883 1051 2936 ὲκ
1089 2882 1226 2938 Θεοῦ
1266 2887 1611 2960 τεχθήσεται,
1644 2891 1896 2966 καθάπερ

287 2967 394 3025 οὖν
420 2973 713 3046 ἄνθρωπος
736 2975 795 3044 ἐξ
811 2977 1105 3050 ἀνθρώπου
1126 2983 1308 3053 τυχὸν,
1333 2984 1430 3039 xui
1449 2987 1511 3040 οὐ
1542 2987 1895 3060 διαψεύσεται

291 3063 395 3118 τοῦ
426 3064 567 3118 Θεοῦ
592 3068 686 3121 xui
712 3069 926 3140 Πατρὸς
951 3071 1073 3143 ήτά
1098 3073 1278 3143 πᾴντα
1301 3077 1677 3154 ὑπερκειμένη
1705 3083 1892 3153 φύσις,

2005 1971 2322 2040 quicunque
2356 1968 2413 2024 in
2437 1969 2580 2025 cmlo
2609 1977 2664 2025 et
2687 1971 2744 2023 in
2780 1976 2929 2024 terra
2951 1975 3085 2022 sunt
3122 1972 3418 2037 permanat
3443 1964 3467 2017 ?
3500 1969 3600 2018 At-

2007 2061 2101 2131 qui
2132 2058 2294 2116 Pater
2338 2073 2528 2116 revera
2559 2065 2646 2116 est
2683 2059 2869 2115 Deus:
2904 2057 3078 2112 Filius
3110 2071 3245 2127 ergo
3295 2054 3612 2111 secundum

2004 2161 2262 2208 naturam
2287 2159 2370 2208 est
2404 2151 2760 2222 Unigenitus,
2791 2158 2847 2205 et
2897 2149 3045 2204 intra
3087 2147 3318 2204 deitatis
3354 2147 3611 2203 rationes

2004 2245 2368 2301 constitutus.
2397 2243 2618 2315 Alioqui
2669 2244 2819 2302 enim
2873 2242 3032 2299 Deus
3069 2257 3134 2298 ex
3187 2239 3296 2296 Deo
3321 2240 3616 2312 gignetur,

2003 2340 2170 2397 sicuti
2193 2341 2381 2397 forsan
2409 2338 2576 2394 homo
2605 2352 2673 2392 ex
2703 2337 2928 2392 homine
2957 2353 2972 2402 ;
3003 2350 3192 2405 neque
3249 2343 3434 2387 tamen
3485 2329 3603 2384 fru-

2002 2432 2270 2490 strabitur
2292 2430 2384 2486 Dei
2409 2444 2474 2486 ac
2493 2428 2677 2486 Patris
2699 2443 2916 2485 summa
2944 2429 3036 2483 illa
3062 2434 3284 2491 natura,
3317 2425 3597 2496 gignendo
3621 2451 3631 2463 ι

2002 2525 2175 2581 fetum
2209 2534 2558 2592 nequaquam
2589 2519 2695 2576 sibi
2719 2519 3164 2575 convenientem.
3197 2517 3304 2572 Sed
3326 2515 3616 2588 quoniam-

2001 2620 2174 2678 stulte
2205 2625 2261 2674 et
2316 2617 2488 2689 impie
2521 2615 2841 2688 pradicant.
2883 2613 2980 2668 Dei
3016 2627 3082 2668 ac
3116 2611 3303 2668 Patris
3345 2619 3606 2665 naturain-
3679 2627 3688 2638 κ

1999 2708 2230 2766 minime
2255 2707 2383 2763 laedi
2419 2707 2476 2763 in
2510 2705 2676 2772 Filio,
2719 2706 2810 2760 cui
2837 2705 3027 2760 minus
3055 2717 3303 2776 congrua
3336 2705 3410 2756 ab
3461 2720 3604 2756 non.

1999 2802 2166 2858 nullis
2193 2800 2369 2872 gloria
2405 2799 2708 2864 tribuatur,
2730 2797 2974 2868 sedjure
3003 2797 3203 2852 merito
3232 2796 3422 2866 potius
3455 2795 3600 2849 indi-

1998 2895 2174 2968 gnari,
2191 2893 2340 2965 quod
2363 2894 2417 2948 in
2437 2893 2558 2962 ipso
2581 2891 2877 2962 iiuaginem
2898 2905 3054 2944 suam
3077 2897 3450 2959 contemptam
3481 2903 3624 2944 ρετ--

1997 2983 2504 3057 nat,interrogandi
2538 2991 2672 3040 sunt
2709 2983 3218 3053 demum,quonam
3246 2988 3409 3051 pacto
3433 2980 3615 3036 velint

1996 3080 2290 3152 imaginem
2311 3077 2489 3132 Patr-is
2508 3091 2632 3132 esse
2665 3089 2729 3130 ac
2771 3073 3127 3130 dici-Filium.
3155 3073 3261 3128 Sed
3280 3072 3602 3142 responsio-

290 3155 393 3254 τὸν
426 3155 569 3254 uiri;
606 3158 682 3230 μὴ
709 3159 993 3230 πρέποντα
1024 3163 1264 3218 τεκοῦσα
1290 3168 1527 3238 καρπόν.
1573 3171 1795 3243 Ἐπειδὴ
1834 3175 1892 3229 δὲ

2009 3190 2120 3231 nem
2133 3167 2821 3244 prmveniamusz30ipsi
2844 3168 3051 3238 potius,
3069 3178 3124 3223 et
3148 3165 3454 3236 imaginum
3475 3180 3621 3235 spe--

287 3242 584 3308 δυσσεϐῶς
612 3263 672 3299 τε
708 3248 805 3300 xui
834 3249 1078 3322 ἀνοήτως
1107 3253 1361 3321 φασιν,οὐ
1385 3258 1484 3329 τὴν
1513 3258 1608 3312 τοῦ
1634 3260 1770 3316 Θεοῦ
1786 3242 1894 3319 καὶ

2009 3242 2336 3335 ciem—quoad
2355 3262 2472 3319 ﬁeri
2493 3268 2693 3331 potest,
2715 3260 2870 3332 prius
2887 3259 3292 3330 distinguamus
3316 3275 3330 3323 ;
3353 3257 3433 3311 sic
3451 3258 3597 3327 enin)

289 3335 520 3408 Πατρὸς
566 3336 949 3411 ἐξυϐρίζεσθαι
1002 3341 1164 3412 φύσιν
1205 3346 1264 3399 ὲν
1301 3345 1451 3418 Υίῷ,
1482 3349 1557 3422 μὴ
1586 3352 1686 3424 τῆς
1719 3372 1892 3424 προσ-

2009 3357 2206 3413 clarior
2224 3363 2278 3410 et
2311 3353 2553 3425 apertior
2571 3350 2757 3406 futura
2773 3359 2858 3407 est
2885 3349 3053 3420 hujus
3076 3350 3404 3421 quaestionis
3438 3347 3609 3402 ratio.

288 3429 548 3498 ηκούσης
593 3431 922 3489 ἀπολαύοντι
969 3436 1126 3509 δόξης
1157 3441 1294 3511 πρός
1333 3459 1517 3498 τινων*
1567 3446 1647 3512 ὡς
1719 3452 1931 3517 εἰκόνος
1967 3453 2025 3508 δὲ
2064 3451 2266 3524 μᾶλλον
2306 3449 2448 3514 ἰδίας
2515 3447 2895 3519 ἢτιμασμένης
2936 3447 2996 3500 ὲν
3036 3429 3188 3516 αὺτῷ
3238 3442 3608 3515 χαλεπαίνειν,

287 3526 532 3591 εἰκότως
593 3547 656 3598 γε
701 3529 766 3603 δὴ
815 3532 1078 3588 ποιοῦντα
1151 3537 1243 3590 xui
1322 3539 1502 3604 καλῶς
1528 3559 1541 3571 ·

1630 3547 1937 3620 ὲρωτητέον
2009 3549 2248 3612 αὐτοὺς,
2307 3545 2450 3601 κατά
2495 3544 2620 3598 τίνα
2679 3543 2882 3614 τρόπον
2939 3541 3124 3596 εἰκόνα
3183 3540 3461 3612 βούλονται
3509 3539 3609 3592 τοῦ

291 3620 524 3710 Πατρὸς
565 3617 708 3674 εἷναί
735 3639 796 3675 τε
837 3625 932 3678 καὶ
967 3625 1224 3694 λέγεσθαι
1268 3629 1362 3683 τὸν
1410 3631 1560 3688 Υἰόν.
1629 3617 1848 3694 Μᾶλλον
1873 3641 1932 3695 δὲ
1970 3641 2125 3695 αὐτοὶ
2184 3640 2278 3694 τὸν
2338 3639 2470 3710 παρ’
2522 3634 2737 3692 ἐκείνου
2816 3633 3122 3704 φθάσαντες
3170 3634 3330 3702 λόγον
3383 3631 3608 3704 προδια-

287 3709 622 3782 στέλλωμεν
670 3715 792 3785 ’τῆς
864 3717 1072 3782 εἰκόνος
1130 3719 1199 3773 τά
1257 3721 1401 3791 είδη,
1484 3727 1630 3782 κατά
1689 3747 1753 3799 γε
1811 3731 1905 3786 τὸν
1973 3731 2325 3804 ἐγχωροῦντα
2375 3709 2535 3799 λόγον
2561 3746 2574 3759 ·
2660 3726 2804 3804 οὕτω
2870 3726 2981 3797 γὰρ
3043 3726 3108 3780 ἂν
3167 3725 3379 3794 γένοιτο
3426 3726 3610 3795 σαφής

287 3822 358 3858 τε
389 3808 692 3901 uatum
745 3810 1142 3886 εὐκρινεστέρα
1181 3815 1289 3870 τῶν
1325 3817 1686 3892 ζητουμένων
1727 3828 1761 3898 ἡ
1816 3827 2058 3901 εὕρεσις.

371 3898 590 3953 Οὐκοῦν
622 3902 723 3972 μία
761 3903 860 3973 μὲν
922 3904 1022 3977 ἤδη
1076 3907 1170 3960 καὶ
1202 3908 1392 3980 πρώτη
1435 3913 1535 3984 τῆς
1562 3917 1706 3972 κατὰ
1739 3898 1905 3989 φύσιν

288 3993 634 4083 ταυτότητος
686 3995 745 4047 ὲν
789 3997 1236 4067 ἀπαραλλάκτως
1285 4005 1399 4068 τοῖς
1451 4006 1738 4078 ίδιώμασιν
1764 4011 1798 4083 ή
1829 4014 1906 4067 εί-

291 4081 459 4146 κὼν,
493 4083 573 4148 ὡς
606 4084 666 4152 ἐξ
706 4086 879 4158 Ἀδὰμ
919 4090 948 4142 ό
983 4089 1174 4156 Ἀσελ,
1210 4093 1243 4162 ἢ
1296 4094 1484 4152 Ἰσαὰκ
1522 4099 1583 4166 ἐξ
1626 4081 1902 4176 Ἀϐραάμ.

290 4176 547 4269 ᾼευτέρα
569 4177 626 4231 δὲ
658 4178 822 4234 πάλιν
857 4182 889 4252 ή
917 4183 1060 4238 κατὰ
1096 4186 1267 4257 μόνην
1293 4189 1391 4261 τὴν
1423 4191 1518 4246 τοῦ
1549 4197 1903 4269 χαρακτῆρος

291 4267 608 4338 ἐμφέρειαν
636 4310 652 4335 ,
703 4271 797 4325 καὶ
841 4273 902 4326 τὸ
947 4274 1178 4346 ἀκριϐὲς
1208 4279 1304 4334 τοῦ
1346 4281 1523 4348 εἴδους
1570 4267 1900 4360 ὲκτύπωνμα,

294 4360 615 4434 καθάπερή
649 4362 745 4417 τοῦ
781 4365 1049 4433 βασιλέως
1081 4370 1140 4422 ὲν
1172 4370 1315 4444 ξύλῳ
1345 4377 1553 4449 γραφὴ,
1586 4379 1619 4450 ἢ
1648 4380 1743 4433 καὶ
1779 4381 1902 4435 καθ’

291 4453 496 4524 ἕτερόν
549 4471 676 4510 τινα
726 4461 1076 4534 πεποιημένη
1133 4464 1374 4535 τρόπον,
1421 4466 1498 4532 ὼς
1547 4470 1683 4540 πρὸς
1715 4471 1901 4541 αὑτὸν,

293 4547 508 4637 ἀριστά
537 4565 599 4601 τε
647 4551 742 4604 καὶ
779 4552 1196 4624 ὲντεχνέστατα.
1238 4557 1418 4612 Εἰκὼν
1454 4559 1512 4614 δὲ
1548 4563 1716 4634 ἑτέρα
1755 4565 1894 4637 λαμο

292 4636 530 4691 ϐάνεται
577 4638 741 4694 πάλιν
796 4642 934 4712 πρὸς
977 4644 1124 4715 ἤθη,
1173 4647 1270 4701 xui
1299 4649 1574 4720 τρόπους,
1620 4656 1715 4709 xui
1743 4636 1900 4711 πολι-

2082 3919 2259 3990 lgitur
2294 3931 2403 3973 una
2428 3915 2650 3987 quidem
2685 3925 2770 3971 est
2797 3928 2860 3968 ac
2893 3913 3070 3984 prima
3100 3909 3370 3966 naturalis
3399 3907 3606 3963 identi—

2011 4011 2139 4065 tatis
2175 4009 2233 4064 in
2286 4005 2719 4080 proprietatibus
2753 4001 2950 4060 iisdem
2987 4003 3202 4071 imago,
3255 3998 3416 4056 sicuti
3468 3996 3612 4052 Abel

2009 4117 2078 4158 ex
2103 4101 2301 4164 Adam,
2333 4106 2430 4153 aut
2457 4097 2611 4152 Isaac
2641 4111 2707 4151 ex
2737 4094 3038 4150 Abraham.
3078 4092 3284 4153 Altera,
3319 4106 3441 4161 quae
3469 4105 3604 4144 con-

2010 4193 2160 4249 sistit
2191 4191 2245 4245 in
2288 4190 2405 4246 sola
2439 4188 2783 4244 characteris
2809 4186 3008 4256 elllgie,
3066 4195 3116 4240 et
3149 4192 3344 4239 exacta
3410 4181 3603 4236 formai

2008 4288 2385 4360 expressione,
2427 4285 2593 4341 veluti
2619 4284 2765 4357 regis
2799 4285 2852 4339 in
2887 4283 3034 4355 ligno
3068 4281 3312 4352 pictura.
3345 4284 3441 4332 aut
3482 4277 3594 4331 alia

2009 4377 2495 4450 quadam-ratione
2535 4376 2798 4447 praeclare
2817 4382 2872 4430 et
2899 4372 3202 4428 artiﬁciose
3241 4371 3409 4426 facta.
3444 4367 3594 4422 Prae-

2009 4481 2159 4527 terea
2186 4473 2366 4542 imago
2427 4469 2632 4524 dicitur
2696 4474 2953 4538 respectu
3010 4465 3137 4521 vitae
3171 4479 3236 4519 ac
3295 4477 3512 4516 morum
3546 4469 3601 4516 et

2011 4565 2312 4619 voluntatis
2340 4577 2474 4635 erga
2505 4564 2762 4620 virtutem
2791 4575 2856 4615 ac
2885 4559 3254 4617 honestatem,
3289 4569 3355 4610 ac
3383 4553 3548 4609 studii
3586 4573 3598 4606 :

2010 4659 2083 4712 ita
2113 4666 2173 4712 ut
2201 4657 2414 4726 probus
2443 4655 2530 4710 vir
2576 4653 2747 4708 Paulo
2781 4652 2979 4708 similis
3010 4665 3136 4705 esse
3183 4647 3440 4707 dicatur;
3499 4647 3604 4700 im-

291 4726 489 4822 rsiuv,
521 4730 617 4822 xui
646 4729 860 4803 θέλημα
886 4733 950 4786 τὸ
981 4736 1073 4789 ἐπί
1110 4754 1254 4792 τισιν
1295 4740 1524 4809 ἀγαθοῖς
1565 4745 1599 4818 ἢ
1655 4747 1901 4816 φαύλοις,

2015 4749 2224 4822 probus
2255 4764 2404 4811 vero,
2457 4747 2619 4802 Cain.
2678 4730 2824 4799 lilem
2868 4743 3014 4798 enim
3065 4740 3284 4794 virtutis
3337 4746 3434 4792 aut
3486 4739 3605 4792 vitii

290 4816 374 4881 ὡς
415 4820 661 4874 ἐοικέναι
710 4823 970 4893 λέγεσθαι
1002 4828 1166 4898 τυχὸν
1199 4831 1292 4884 τὸν
1323 4833 1424 4903 μὲν
1454 4816 1906 4909 ἀγαθοεργοῦντα

288 4910 374 4981 τῷ
409 4912 633 5006 Παύλῳ,
668 4915 762 4968 τὸν
788 4918 846 4971 δὲ
874 4919 949 4991 μὴ
972 4922 1244 5006 τοιοῦτον,
1276 4923 1356 4995 τῷ
1387 4927 1552 4981 Κάῖν.
1583 4930 1658 4983 Τὸ
1687 4931 1798 5004 γὰρ
1843 4934 1905 4988 ὲν

290 5019 425 5094 τοις
477 5002 617 5068 ῐσοις
663 5008 896 5078 δρᾶσθαι
946 5002 1175 5094 φαύλως
1219 5032 1280 5068 τε
1335 5018 1432 5072 xui.
1486 5002 1776 5089 ἀγαθοῖς(
1803 5025 1904 5094 τὴν

287 5093 568 5162 ὁμοίωσιν
636 5097 856 5170 ἑκάστῳ
911 5093 1369 5173 πραγματεύεται
1433 5108 1530 5162 καὶ
1556 5111 1904 5183 περιτίθησιν

290 5185 551 5251 εἰκότως.
584 5183 740 5254 Εἶδος
774 5191 832 5244 δέ
866 5210 985 5258 πως
1015 5196 1225 5261 εἰκόνος
1268 5197 1420 5252 ἐστὶν
1452 5201 1641 5273 ἕτερον
1665 5243 1681 5269 ,
1717 5207 1812 5258 καὶ
1840 5207 1903 5260 τὸ

292 5277 359 5370 ὲν
397 5276 679 5350 ἀξιώματι
701 5319 718 5345 ,
773 5283 869 5336 xui
901 5287 1035 5357 τιμῇ
1062 5323 1077 5347 ,
1127 5289 1222 5343 xui
1258 5289 1422 5362 δόξῃ,
1479 5293 1577 5348 καὶ
1631 5296 1899 5370 ὑπεροχῇ,

293 5369 495 5442 ὥσπερ
526 5370 596 5425 ἂν
635 5372 690 5426 εί
713 5390 800 5438 τις
837 5375 1000 5445 τυχὸν
1033 5381 1132 5450 τήν
1170 5398 1314 5446 τινος
1362 5385 1542 5455 ἀρχὴν
1577 5369 1896 5459 διαδέχοιτο,

297 5462 396 5516 καὶ
422 5462 607 5517 πάντα
628 5463 778 5536 δρῴη
813 5469 933 5538 μετ’
962 5469 1234 5539 ἐξουσίας,
1263 5475 1408 5549 ἅπερ
1426 5479 1493 5532 ἂν
1521 5481 1715 5551 ἐκείνῳ
1740 5500 1904 5554 προτο

293 5555 428 5648 igitur
453 5572 518 5608 τε
565 5558 662 5611 καὶ
692 5561 915 5630 πρέποι.
945 5565 1125 5618 Εἰκὼν
1155 5567 1213 5620 δὲ
1243 5570 1468 5645 ἑτέρως,
1493 5574 1527 5644 ἢ
1558 5574 1680 5629 καθ’
1703 5577 1898 5648 ἑτέραν

293 5644 426 5702 τινὰ
457 5649 724 5721 ποιότητα
775 5655 1102 5726 πράγματος
1129 5702 1142 5728 ,
1196 5661 1226 5731 ἢ
1274 5644 1581 5738 ποσότητα,
1619 5644 1808 5740 σχῆμά
1841 5689 1895 5724 τε

391 5839 437 5867 κη
475 5827 678 5898 [ζιειπε.
717 5846 772 5887 ut
797 5871 812 5892 .
849 5833 918 5887 15

2011 4841 2256 4896 studium
2305 4838 2729 4895 similitudinem
2775 4835 3078 4902 unicuique
3127 4834 3256 4904 jnrc
3321 4831 3603 4886 conciliat.

2013 4934 2110 4990 Est
2137 4945 2192 4990 et
2223 4931 2374 4987 aliud
2414 4927 2829 5001 quodammodo
2858 4943 3032 4997 genus
3066 4925 3344 4996 imaginis,
3374 4924 3519 4994 quod
3550 4924 3605 4979 in

2011 5026 2306 5097 dignitate,
2338 5024 2572 5086 honore,
2632 5021 2807 5092 gloria
2852 5029 2910 5076 et
2954 5019 3282 5075 excellentia
3322 5028 3604 5082 versatur,

2010 5131 2065 5174 ut
2085 5120 2130 5174 si
2150 5120 2298 5188 quis,
2319 5115 2554 5187 exempli
2578 5114 2776 5186 gratia,
2804 5113 3043 5183 alicujus
3070 5111 3608 5184 principatumexci~

2008 5209 2450 5279 piat,omniaque
2466 5223 2590 5262 cum
2610 5214 2882 5277 potestate
2900 5205 3065 5260 iaciat
3082 5219 3204 5276 quae
3217 5199 3371 5259 ilium
3385 5206 3600 5260 decent.

2014 5297 2284 5353 Praeterea
2320 5297 2502 5368 imago
2551 5295 2774 5362 dicitur,
2803 5312 2924 5367 quae
2953 5307 3206 5352 versatur
3236 5295 3288 5350 in
3321 5297 3424 5348 alia
3463 5310 3600 5364 qua-

2008 5391 2131 5445 dam
2160 5390 2236 5445 rei
2255 5390 2521 5461 qualitate
2542 5391 2976 5460 autquantitate,
3000 5389 3279 5459 ﬁguraque
3298 5395 3351 5441 et
3374 5401 3600 5456 propor-

2011 5485 2182 5548 tiune,
2217 5492 2276 5537 ut
2306 5482 2622 5538 summatim
2660 5482 2863 5536 dicam.
2920 5478 3162 5535 Dec-eant
3207 5493 3341 5548 ergo
3373 5491 3473 5530 nos
3518 5477 3595 5529 illi

2013 5575 2210 5630 divina:
2265 5575 2522 5646 imaginis
2571 5572 2946 5634 subtilissimi,
2989 5570 3368 5640 inquisitores,
3411 5575 3594 5622 utrum

2008 5669 2228 5725 tandem
2265 5667 2686 5727 substantialem
2737 5676 2786 5720 et
2838 5665 3142 5720 naturalem
3181 5663 3592 5718 similitutlinmn
