4052 6520
419 354 526 422 ξ,ῖὸ

1411 355 1469 411 S.
1505 353 1781 412 CYRILLI
1809 351 2281 411 ALEXANDRINI
2317 352 2656 411 ARCHIEP-

3584 352 3687 410 576

425 464 728 538 Unigenito
755 468 1104 525 tribuendam
1134 483 1257 524 esse
1277 477 1495 539 putent,
1528 478 1697 541 atque
1726 468 1807 541 ita
1827 467 2011 523 Patris

2134 472 2209 524 ιαὶ
2235 470 2531 539 ἀναλογίαν
2559 486 2570 500 ·
2602 471 2684 523 δεῖ
2707 470 2815 541 γὰρ
2838 470 2938 542 ἤδη
2976 469 3280 542 συλλήϐδην
3311 469 3502 524 εἰπεῖν.
3526 470 3693 524 ’Διδα-

422 561 719 631 imaginem
755 578 880 618 esse
909 561 1095 619 dicant
1128 559 1369 618 Verbum
1408 561 1545 618 illud
1578 561 1730 633 quod
1791 576 1856 617 ex
1888 560 2011 631 ipso

424 655 648 724 prodiit,
673 654 837 711 sicuti
870 655 1135 709 nimirum
1165 654 1298 709 Abel
1331 670 1398 710 ex
1438 654 1635 721 Adam,
1685 653 1778 725 qui
1841 661 2010 708 totam

424 745 483 798 in
516 759 577 800 se
603 744 782 799 Patris
821 751 1009 801 servat
1048 754 1324 811 naturam,
1357 752 1414 800 et
1444 745 1715 815 integram
1752 742 2014 798 humani-

426 837 560 891 tatis
601 836 656 891 in
682 851 741 892 se
778 837 1053 892 rationem
1098 837 1308 893 habet?
1334 836 1415 891 An
1446 851 1591 909 a'gre
1620 834 1769 891 istud
1808 833 2011 898 ferent,

429 925 630 997 quippe
658 927 752 997 qui
778 926 946 983 Deum
978 943 1167 984 revera
1192 927 1262 983 de
1286 926 1395 984 Deo
1420 926 1727 983 secundum
1758 933 2013 980 naturam

429 1035 552 1077 esse
581 1019 623 1074 F
630 1020 783 1075 ilium
818 1020 977 1076 fateri
1045 1028 1333 1090 cogantur,
1398 1035 1613 1091 suoque
1673 1032 1823 1073 more
1886 1032 2014 1072 cum

430 1113 665 1168 veritate
696 1121 1030 1184 pugnantes,
1073 1112 1141 1166 ad
1193 1113 1496 1169 secundum
1527 1128 1700 1185 genus
1759 1110 2019 1180 imaginis

434 1221 558 1261 sese
590 1204 911 1268 conferent,
946 1203 1094 1274 quod
1163 1204 1219 1258 in
1265 1205 1383 1260 sola
1436 1202 1637 1267 forma,
1695 1203 2019 1256 charactere

434 1306 489 1353 et
519 1297 691 1369 ﬁgura
725 1306 1024 1366 spectatur.
1070 1296 1177 1352 Sed
1227 1297 1465 1353 arbitror
1494 1312 1591 1352 eos
1628 1295 1719 1350 hic
1747 1295 2014 1349 haesuros.

434 1387 609 1443 Nemo
660 1388 952 1465 eniiqtam
987 1388 1187 1445 stultus
1242 1389 1451 1461 estqui
1500 1391 1606 1446 sibi
1655 1391 1712 1443 in
1772 1389 2017 1443 animum

438 1479 686 1542 inducat,
723 1478 890 1534 Deum
917 1480 1226 1549 quantitate
1251 1490 1347 1534 aut
1374 1481 1549 1552 ﬁgura
1603 1479 2017 1545 circumscribi,

438 1577 494 1624 et
520 1569 839 1623 charactere
868 1569 1280 1639 comprehendi,
1313 1578 1409 1624 aut
1436 1556 1675 1641 denique
1717 1584 1808 1625 res
1838 1568 2023 1624 incor-

438 1675 634 1729 poreas
660 1675 780 1729 quae
808 1674 1099 1730 corporum
1154 1671 1288 1718 sunt
1330 1662 1466 1733 pati.
1501 1662 1586 1716 An
1637 1677 1770 1734 ergo
1805 1662 2023 1718 ratione

440 1751 610 1807 studii
645 1766 711 1807 ac
754 1768 968 1807 morum
1030 1753 1266 1809 similem
1315 1768 1439 1810 esse
1476 1753 1669 1809 dicunt
1728 1755 1936 1824 ipsum,
1964 1759 2022 1809 et

441 1845 587 1900 hanc
632 1845 684 1901 ei
749 1844 1042 1916 imaginem
1104 1844 1361 1917 attingere
1393 1861 1503 1901 non
1536 1846 1843 1903 verentur?
1875 1845 2025 1912 Quo-
2052 1826 2105 1881 Β

442 1935 609 1989 modo
635 1950 766 2006 ergo
797 1934 1100 1991 secundum
1135 1944 1390 1992 naturam
1424 1936 1570 1993 Deus
1612 1952 1736 1993 esse
1765 1944 2024 1994 censetur

442 2027 513 2091 is,
549 2027 644 2094 qui
699 2027 815 2082 sola
847 2028 1125 2085 voluntate
1173 2039 1260 2086 est
1311 2030 1417 2100 ipsi
1449 2030 1668 2097 similis,
1702 2044 1831 2085 cum
1874 2030 2024 2085 aliud

444 2116 706 2187 quiddam
790 2117 844 2172 in
914 2132 976 2174 se
1045 2121 1269 2191 proprie
1343 2120 1623 2176 exsistat?
1706 2119 2029 2177 Subsistere

443 2208 653 2279 quippe
731 2209 915 2280 ipsum
995 2211 1191 2280 utique
1238 2210 1618 2290 .l'atebuntur.
1711 2213 1869 2284 231
1958 2213 2029 2269 At

444 2300 581 2372 quid
640 2304 695 2356 in
740 2317 806 2358 eo
839 2303 963 2372 plus
1016 2302 1245 2359 demum
1300 2319 1427 2361 esse
1494 2304 1808 2372 videbitur,
1856 2320 2025 2377 quam

448 2395 737 2450 creatura?
804 2392 1066 2465 Nunquid
1121 2396 1269 2451 enim
1337 2397 1565 2467 angelos
1618 2411 1843 2468 quoque
1911 2412 2033 2453 cre-

448 2485 646 2542 demus
670 2487 860 2541 conari
890 2486 961 2541 ad
1001 2487 1345 2544 voluntatem
1388 2489 1633 2545 divinam
1665 2493 1879 2562 seipsos
1907 2506 2035 2562 per-

453 2578 636 2644 licere,
663 2591 788 2631 cum
821 2576 971 2633 aliud
997 2577 1263 2647 quiddam
1297 2586 1498 2636 natura
1525 2581 1639 2636 sint
1664 2596 1696 2635 a
1725 2580 1870 2637 Deo?
1891 2580 2033 2648 Quid

449 2681 617 2732 vero,
656 2666 703 2723 si
734 2665 804 2724 de
839 2667 1002 2723 nobis
1032 2668 1198 2725 etiam
1250 2669 1458 2726 dictum
1490 2670 1627 2726 illud
1660 2672 2036 2743 intelligatur?

451 2758 535 2813 An
558 2760 704 2814 enim
757 2775 849 2816 res
896 2774 1070 2832 supra
1114 2767 1368 2817 naturam
1418 2771 1628 2819 temere
1666 2763 1947 2831 inVadere,
1981 2771 2038 2816 et

454 2868 576 2920 quae
602 2852 717 2908 ﬁeri
750 2868 858 2908 non
886 2861 1126 2925 possunt
1146 2862 1405 2925 appetere
1433 2856 1549 2926 ipse
1579 2871 1685 2914 nos
1712 2856 1873 2913 docet
1905 2855 2038 2911 Uni-

454 2945 675 3015 genitus
703 2944 790 3002 his
816 2946 1039 3001 verbis:
1069 2964 1087 2997 ι
1120 2944 1313 3003 Estote
1351 2947 1767 3013 misericordes,
1809 2948 1956 3003 sicut
1983 2955 2039 3003 et

458 3038 619 3094 Pater
643 3039 929 3096 vesterille
948 3039 1195 3096 calestis
1243 3040 1570 3097 misericors
1616 3048 1706 3097 est
1729 3041 1815 3095 “‘2
1859 3059 1879 3094 ι
1924 3038 2042 3096 Ηοο

2116 563 2400 618 σκέτωσαν
2432 560 2615 617 τοίνυν
2648 563 2699 616 οἰ
2729 565 2831 633 τῆς
2865 562 3015 626 Θείας
3064 562 3274 626 εἰκόνος
3304 561 3694 634 ἀκριϐέστατοι

2116 655 2388 728 ζητηταὶ,
2446 655 2674 726 πότερόν
2708 671 2838 708 ποτε
2883 653 2984 725 τὴν
3026 653 3259 725 οὐσιὼδη
3305 653 3403 707 καλ⁸
3458 654 3696 727 φυσικὴν

2115 749 2414 819 ἀπονέμειν
2465 747 2726 818 ὁμοίωσιν
2752 744 2954 799 οἴονται
2982 745 3093 798 δεῖν
3126 743 3204 813 τῷ
3229 744 3530 812 Μονογενεϊ
3551 783 3566 807 ,
3598 743 3698 796 καὶ

2115 841 2290 904 οὕτως
2340 840 2527 894 εἰκόνα
2572 839 2736 909 φασὶν
2783 838 3051 909 ὑπάρχειν
3094 836 3188 892 τοῦ
3230 835 3446 908 Πατρδς
3488 837 3580 890 τὸν
3637 836 3699 902 ἐξ

2115 933 2283 989 αὐτοῦ
2319 931 2652 1005 προελθόντα
2685 929 2890 998 Λόγον,
2923 927 3234 1000 ὡσπερανεὶ
3268 927 3363 981 καὶ
3403 928 3497 981 τὸν
3529 926 3702 980 Ἀδελ

2117 1025 2180 1092 ἐξ
2223 1024 2417 1092 Ἀδὰμ,
2452 1022 2583 1093 ὅλην
2610 1020 2969 1087 ἀποσώζοντα
2996 1018 3093 1073 τοῦ
3126 1019 3379 1082 τεκόντος
3406 1017 3511 1090 τὴν
3537 1018 3704 1086 φύσιν

2118 1119 2179 1171 tv
2203 1118 2405 1190 ἑαυτῷ,
2428 1115 2522 1168 καὶ
2545 1113 2838 1184 ὁλόκληρον
2860 1113 2960 1185 τῆς
2981 1111 3402 1183 ἀνθρωπότητος
3431 1110 3707 1187 φοροῦντα

2118 1210 2212 1262 τὸν
2246 1208 2441 1277 λόγον;
2488 1206 2561 1261 Ἢ
2639 1203 3022 1278 δυσχερανοῦσι
3068 1203 3167 1274 μὲν
3215 1202 3310 1256 ἐπὶ
3348 1202 3526 1272 τούτῳ
3553 1201 3701 1266 λίαν,

2121 1303 2198 1365 ὼς
2226 1301 2360 1355 Θεὸν
2416 1300 2586 1362 ὅντως
2631 1299 2697 1351 ὲκ
2751 1295 2887 1351 Θεοῦ
2966 1295 3109 1350 κατὰ
3178 1294 3343 1363 φύσιν
3414 1293 3708 1363 ὁμολογεῖν

2121 1394 2560 1464 ἀναγκαζόμενοι
2590 1391 2685 1446 τὸν
2704 1390 2853 1457 Υίδν,
2878 1388 2969 1443 ἐπὶ
2997 1388 3057 1443 δὲ
3083 1388 3144 1441 τὸ
3169 1386 3442 1459 μάχεσθαι
3467 1389 3533 1458 τῇ
3568 1386 3705 1458 άληο

2123 1486 2243 1557 θείᾳ
2319 1486 2566 1556 συνήθως
2620 1482 2951 1547 ὲκνεύοντες,
3016 1480 3109 1534 ἐπὶ
3150 1480 3244 1532 τὸν
3292 1478 3546 1549 δεύτερον
3604 1477 3702 1547 τῆς

2123 1580 2332 1643 εἰκόνος
2397 1577 2700 1649 βαδιοῦνται
2776 1574 2979 1646 τρόπον
3002 1613 3018 1637 ,
3082 1572 3145 1636 ὃς
3198 1574 3256 1625 ὲν
3320 1572 3455 1643 μόνῃ
3506 1572 3704 1624 νοεῖται

2127 1673 2311 1742 μορφῇ
2338 1708 2351 1730 ,
2386 1669 2480 1722 καὶ
2521 1666 2874 1738 χαρακτῆρι,
2920 1663 3017 1717 καὶ
3056 1662 3320 1733 σχήματι.
3374 1658 3513 1712 Ἀπλ“
3549 1652 3703 1729 οἶμαι

2129 1763 2228 1834 μὲν
2283 1760 2442 1814 τοῦτο
2493 1759 2672 1827 λέγειν
2728 1755 3134 1826 ἀποναρκήσειν
3191 1751 3409 1815 αὐτούς.
3463 1749 3540 1804 θὺ
3590 1749 3706 1821 γάρ

2127 1851 2480 1908 πεποσῶσθαι
2511 1851 2571 1904 τὸ
2611 1849 2797 1913 Θεϊον,
2835 1846 2870 1918 ἢ
2898 1846 2991 1901 καὶ
3022 1845 3263 1916 σχήματι
3302 1841 3705 1915 περιγραπτὸν,

2129 1946 2223 2000 καὶ
2251 1944 2562 2016 χαρακτῆρι
2594 1940 2980 2014 μετρούμενον,
3010 1938 3044 2009 ἢ
3070 1937 3166 1992 καὶ
3189 1936 3327 2001 ὅλως
3347 1935 3417 1991 τὰ
3439 1936 3713 2006 σωμάτων

2128 2034 2425 2104 ὑπομένειν
2470 2030 2543 2085 τὰ
2595 2029 2897 2100 ἀσώματα,
2944 2026 3285 2097 ὑπολήψεταί
3316 2042 3433 2089 τις,
3491 2024 3554 2078 ού
3586 2024 3631 2078 δ’
3659 2025 3713 2077 εἰ

2131 2125 2339 2197 σφόδρα
2368 2123 2614 2193 φαίνοιτο
2646 2120 2851 2193 ληρῶν.
2883 2115 3011 2191 'Ap‘
3051 2115 3145 2173 οὖν
3171 2118 3248 2182 ὡς
3277 2117 3411 2190 πρὸς
3445 2115 3581 2187 ἢθη,
3613 2115 3715 2170 καὶ

2130 2220 2390 2291 τρόπους,
2434 2216 2525 2270 καὶ
2552 2214 2767 2284 θέλημα
2802 2210 3199 2284 μεμορφῶσθαι
3245 2209 3493 2278 λέγουσιν
3526 2207 3713 2270 αὐτὸν,

2133 2312 2227 2367 καὶ
2260 2307 2463 2377 ταύτην
2490 2304 2640 2377 αύτῷ
2668 2304 3042 2376 περιτιθέντες
3085 2304 3186 2356 οὐκ
3229 2300 3575 2371 αἰσχύνονται
3614 2300 3719 2370 τὴν

2133 2405 2356 2469 εἰκόνα;
2406 2401 2532 2465 Πῶς
2560 2395 2653 2454 οὖν
2697 2398 2776 2451 ἔτι
2806 2396 2948 2451 κατὰ
2990 2395 3152 2466 φύσιν
3182 2396 3383 2447 νοεῖται
3407 2391 3543 2455 Θεὸς
3584 2391 3612 2444 ὁ
3660 2392 3720 2444 tv

2138 2499 2285 2568 μόνῳ
2336 2495 2396 2550 τὸ
2453 2494 2583 2565 [γρ.
2626 2490 2740 2562 τῷ]
2795 2490 2970 2545 θέλειν
3025 2486 3123 2558 τὴν
3175 2485 3313 2554 πρὸς
3360 2484 3526 2539 αὑτὸν
3578 2483 3720 2553 ἔχων

2134 2588 2391 2660 ὁμοίωσιν
2414 2628 2428 2650 ,
2469 2589 2655 2658 ἕτερον
2685 2584 2742 2637 δέ
2769 2602 2821 2637 τι
2862 2581 2987 2635 καθ’
3022 2578 3212 2635 ἑαυτὸν
3246 2578 3392 2641 ἰδίως
3424 2575 3720 2646 ὑπάρχωνς

2147 2680 2477 2752 Ὑφεστάναι
2515 2677 2623 2748 γὰρ
2658 2674 2878 2735 πάντως
2904 2670 3334 2741 ὁμολογήσουσιν
3365 2663 3549 2720 αὐτόν.
3588 2660 3722 2717 Εἶτα

2138 2776 2190 2829 τί
2233 2773 2296 2826 τὸ
2336 2771 2498 2826 πλέον
2538 2771 2599 2822 tv
2627 2765 2775 2837 αὑτῷ
2806 2762 2962 2837 παρὰ
2990 2761 3090 2831 τὴν
3132 2760 3312 2813 κτίσιν
3338 2758 3590 2827 φανεῖται
3619 2754 3723 2808 λοι-

2140 2866 2240 2920 πόν
2265 2883 2278 2930 ;
2312 2864 2384 2918 Ἦ
2414 2862 2526 2933 γὰρ
2552 2859 2675 2930 οὐχὶ⁴
2706 2857 2803 2911 καὶ
2826 2854 3095 2924 ἀγγέλους
3117 2851 3483 2920 πιστεύσομεν
3503 2847 3640 2920 πρὸς
3663 2847 3726 2899 τὺ

2141 2960 2282 3013 θεῖον
2324 2956 2550 3017 ἑαυτοὺς
2594 2948 2913 3019 ἐπείγεσθαι
2949 2944 3302 3016 διαπράττειν
3335 2942 3569 3010 θέλημα,
3603 2938 3726 2992 ἓτε-

2146 3052 2235 3121 ρόν
2260 3067 2313 3104 τι
2335 3047 2486 3117 παρὰ
2518 3045 2608 3098 τὸν
2632 3043 2765 3096 Θεὸν
2796 3038 2938 3093 κατὰ
2974 3037 3135 3109 φύσιν
3164 3034 3510 3121 ὑπάρχοντας
3534 3048 3548 3095 ;
3579 3031 3646 3084 Τί
3668 3029 3728 3084 δὲ

456 3131 604 3185 eriim
639 3131 834 3202 procul
867 3130 1034 3187 dubio
1072 3130 1209 3185 nihil
1237 3139 1323 3187 est
1368 3129 1517 3186 aliud
1549 3145 1716 3201 quam
1742 3130 1911 3186 nobis
1934 3130 2033 3184 nti-

2142 3120 2270 3197 ὅταν
2299 3141 2392 3194 καὶ
2423 3140 2506 3207 ἐφ’
2539 3135 2698 3207 ἡμῶν
2724 3132 2916 3202 νοῆται
2963 3129 3026 3182 τὸ
3060 3126 3388 3200 εἰρημένονς
3433 3120 3583 3194 'Apa
3617 3120 3729 3218 γάρ

459 3239 567 3295 que
592 3221 1005 3294 suscipiendam
1043 3237 1172 3279 csse
1206 3222 1391 3278 Patris
1420 3222 1719 3293 imaginem
1750 3236 1875 3291 qua:
1906 3236 2033 3276 con-

2145 3236 2258 3298 τοίς
2308 3232 2448 3303 ὑπὲρ
2501 3229 2663 3300 φύσιν
2716 3224 3044 3299 παραλόγως
3102 3219 3412 3292 ὲπιπηδᾷν,
3473 3217 3571 3270 καὶ
3620 3213 3729 3267 τῶν

462 3316 614 3371 sistit
662 3315 719 3368 in
758 3314 1104 3368 voluntatum
1156 3313 1462 3369 identitate.
1504 3314 1574 3367 At
1620 3311 1827 3368 Paulus
1878 3312 2046 3368 etiam

464 3408 716 3464 imitator
763 3405 867 3461 fuit
900 3403 1131 3469 Christi,
1165 3405 1282 3475 qui,
1320 3412 1382 3459 ut
1414 3404 1494 3460 illi
1544 3411 1840 3478 angantur,
1868 3404 2049 3477 imago

464 3505 552 3555 est
581 3496 784 3561 Patris,
822 3495 878 3551 in
921 3495 1038 3552 sola
1074 3495 1424 3552 voluntatum
1458 3495 1822 3573 similitudine
1865 3499 2051 3554 consi—

467 3598 643 3647 stens.
668 3587 779 3644 Sed
821 3588 1059 3656 relictis,
1095 3588 1311 3659 opinor,
1339 3588 1492 3646 hisce
1540 3588 1761 3646 miseris
1791 3589 2047 3660 argutiis,

468 3680 619 3735 aliud
670 3678 934 3759 quiddam
986 3679 1169 3749 majus
1209 3693 1273 3734 ac
1317 3680 1634 3751 praeclarius
1686 3681 2049 3753 excogitaturi

468 3781 639 3839 sunt,
698 3772 996 3842 dicentque
1032 3770 1389 3843 Unigenitum
1439 3787 1567 3829 esse
1611 3772 1706 3829 Dei
1752 3789 1819 3829 ac
1869 3772 2051 3830 Patris

467 3864 796 3936 imaginem,
845 3864 1025 3935 quoad
1066 3864 1408 3920 voluntatum
1460 3864 1834 3932 identitatem,
1868 3867 2051 3938 quoad

468 3957 831 4029 dignitatem,
891 3956 1122 4028 gloriam
1179 3971 1245 4012 ac
1295 3964 1625 4027 potestatem
1673 3957 1950 4026 divinam,
1998 3965 2055 4015 et

467 4051 694 4108 creandi
746 4052 888 4116 vim,
936 4066 1002 4107 ac
1048 4051 1451 4115 miraculorum
1508 4051 2032 4121 operationem,“

470 4144 857 4199 universorum
906 4141 1359 4207 dominationem,
1399 4152 1456 4198 et
1497 4143 1553 4198 in
1588 4152 1854 4215 quantum
1883 4144 2057 4215 judex

470 4235 815 4291 constitutus
841 4241 961 4300 est,
1003 4242 1170 4305 atque
1199 4232 1271 4289 ab
1311 4233 1560 4305 angelis,
1605 4244 1662 4290 et
1699 4234 2054 4300 hominibus,

472 4325 774 4395 omnique,
827 4330 889 4379 ut
944 4323 1115 4381 verbo
1175 4323 1392 4392 dicam,
1454 4331 1711 4381 creatura
1770 4324 2054 4381 aduratur.

2148 3312 2424 3382 ἀδυνάτων
2464 3319 2713 3391 ἐφίεσθαι
2764 3316 3006 3372 διδάσκει
3049 3312 3225 3381 λέγων
3269 3308 3430 3371 αὐτὸς
3477 3308 3507 3360 ὁ
3554 3306 3732 3359 Μονο-

2148 3416 2342 3486 γενήςο
2381 3431 2398 3463 ι
2434 3410 2654 3464 Γίνεσθε
2694 3406 3072 3477 οἰκτίρμονες,
3120 3400 3306 3463 καθὼς
3347 3397 3440 3452 καὶ
3478 3398 3507 3449 ὁ
3538 3393 3733 3486 Πατὴρ

2146 3483 2305 3580 ύμῶν
2346 3508 2375 3560 ὁ
2417 3504 2670 3572 οὐράνιος
2712 3498 3017 3570 οἰκτίρμων
3065 3493 3222 3558 teri;
3261 3511 3279 3543 ι
3317 3489 3490 3580 Τοῦτο
3525 3487 3638 3580 γὰρ
3664 3483 3733 3557 ἦν

2149 3579 2542 3659 ἀνενδοιδωτως
2592 3594 2785 3657 εἰπεῖν,
2813 3590 3009 3661 χρῆναι
3061 3586 3142 3640 δεῖ
3193 3584 3305 3656 [τσ.
3354 3579 3462 3652 δὴ]
3513 3579 3734 3641 πάντως

2150 3692 2300 3763 ἡμᾶς
2341 3689 2442 3758 τὴν
2494 3688 2553 3739 tv
2607 3683 2899 3751 ταυτότητι
2945 3676 3267 3747 θελημάτων
3327 3668 3736 3763 ἀναλαμϐάνειν

2152 3758 2341 3838 εἰκόνα
2377 3780 2471 3834 τοῦ
2516 3774 2749 3849 Πατρός.
2785 3770 3050 3844 Μιμητὴς
3088 3768 3146 3821 δὲ
3190 3767 3286 3820 καλ⁴
3313 3767 3342 3818 ό
3374 3762 3586 3824 Παῦλος
3619 3758 3736 3827 ὲγί-

2153 3892 2276 3929 νετο
2303 3870 2397 3927 τοῦ
2429 3866 2689 3941 Χριστοῦ,
2722 3865 2844 3936 τῆς,
2892 3864 2969 3927 ὡς
2992 3862 3190 3914 ἐκεῖνοι
3217 3854 3518 3941 ληροῦντές
3538 3868 3733 3941 φασιν,

2154 3961 2213 4013 tv
2241 3935 2509 4027 θελήμασί
2553 3953 2734 4025 μόνοις
2780 3935 2987 4011 εἰκόνος
3024 3943 3119 3999 τοῦ
3163 3940 3397 4013 Πατρός.
3444 3936 3606 3992 Ἀλλὰ
3645 3935 3739 4027 καὶ

2152 4025 2365 4104 τούτων
2379 4025 2388 4027 -
2419 4046 2518 4117 μὲν
2573 4041 3073 4111 ἁπαναστήσονται,
3137 4032 3282 4088 κατὰ
3323 4031 3384 4086 τὸ
3432 4028 3600 4093 εἰκὸς.
3631 4025 3739 4080 τῶν

2156 4140 2359 4197 ἀθλίων
2391 4135 2683 4208 νοημάτων
2708 4173 2723 4199 ,
2768 4131 2960 4200 ῶσπερ
2997 4129 3055 4183 δέ
3094 4145 3147 4180 τι
3184 4122 3370 4197 μεῖζον
3397 4118 3741 4179 ἐπινοοῦντες

2156 4235 2253 4290 καί
2282 4233 2505 4304 ἄμεινον
2522 4270 2537 4294 ,
2573 4226 2752 4282 ἐκεῖνο
2792 4224 2858 4296 δὴ
2889 4223 3109 4284 πάντως
3142 4217 3381 4290 ὲροῦσιψ
3417 4211 3598 4267 Εἰκών
3625 4212 3741 4263 ἐστι

2157 4324 2254 4382 τοῦ
2281 4303 2418 4379 Θεοῦ
2447 4322 2541 4377 καλ⁵
2562 4318 2780 4391 Πατρὸς
2804 4319 2834 4371 ό
2854 4311 3188 4384 Μονογενὴς,
3217 4312 3342 4365 ὅσον
3362 4310 3421 4362 ὲν
3449 4303 3742 4375 ταυτότητι

475 4415 690 4482 Quibus
739 4429 806 4471 ex
861 4414 1123 4469 omnibus
1170 4413 1387 4469 Patrem
1439 4415 1602 4471 nobis
1659 4415 1958 4472 ostendens
2000 4416 2033 4469 il

2161 4422 2500 4494 θελημάτων,
2527 4419 2650 4471 ὅσον
2673 4414 2765 4467 ἐπὶ
2789 4410 3030 4481 ἀξίωμα,
3061 4406 3156 4462 καὶ
3174 4404 3355 4471 δόξαν,
3392 4399 3489 4494 καί
3514 4397 3745 4494 δύναμιν

474 4505 696 4575 seipso,
727 4520 837 4560 non
871 4503 1011 4559 dicit
1045 4522 1065 4555 ι
1111 4520 1177 4561 ex
1224 4505 1569 4572 substantia,
1610 4526 1631 4561 ι
1676 4506 1771 4562 sed
1806 4525 1826 4559 ‹
1856 4506 2028 4561 chara

2158 4513 2259 4584 τὴν
2278 4489 2584 4581 θεοπρεπῆ,
2606 4506 2730 4561 ὅσον
2755 4505 2836 4568 εἰς
2860 4502 3143 4569 ἐνέργειαν
3171 4496 3271 4566 τὴν
3298 4494 3392 4548 ἐπὶ
3415 4491 3495 4562 τῷ
3535 4489 3746 4584 κτίζειν

475 4604 684 4652 ctcrem
734 4616 753 4648 ι
797 4610 923 4651 esse
963 4612 981 4648 ι
1031 4597 1358 4653 substantiae
1413 4598 1534 4669 ejus
1567 4601 1634 4654 ".
1682 4617 1701 4650 ι
1738 4597 1947 4669 Igitur,
2000 4614 2030 4653 u

2163 4580 2259 4659 καὶ
2312 4580 2754 4672 θαυματουργείν
2776 4636 2791 4661 ,
2838 4594 2963 4647 ὅσον
3013 4592 3095 4655 εἰς
3139 4588 3199 4642 τδ
3251 4585 3560 4658 βασιλεύειν
3653 4580 3749 4634 καὶ

475 4689 641 4744 modo
702 4688 1053 4753 dicebamus,
1114 4691 1252 4745 nihil
1309 4706 1500 4748 eorum
1559 4704 1682 4759 quae
1730 4690 1883 4745 dicta
1930 4704 2033 4745 sun

2163 4695 2381 4751 πάντων
2408 4688 2652 4762 κρατεῖν,
2693 4688 2816 4741 ὅσον
2847 4686 2926 4747 εἰς
2952 4681 3014 4736 τὸ
3046 4681 3254 4753 κρίνειν
3302 4677 3397 4732 καὶ
3424 4673 3751 4747 προσκυνεῖο

374 4765 383 4771 θ
474 4780 651 4837 Filius
671 4789 756 4837 est
781 4780 1086 4837 secundum
1117 4766 1393 4848 naturam,
1443 4780 1538 4837 sed
1562 4782 1614 4836 in
1646 4781 1965 4837 universum
1992 4783 2033 4837 al

2164 4787 2289 4842 σθαι
2327 4785 2465 4855 πρός
2495 4798 2553 4835 τε
2585 4778 2832 4849 ἀγγέλων
2889 4775 2986 4830 καὶ
3028 4770 3358 4844 ἀνθρώπων,
3425 4767 3526 4821 καὶ
3567 4764 3753 4832 πάσης

486 4873 577 4935 iis,
603 4874 765 4942 juxta
786 4873 1171 4930 stultissimam
1204 4883 1445 4933 vestram
1480 4874 1838 4942 sententiam,
1876 4875 2033 4931 excln

2159 4872 2510 4943 ’ἁπαξαπλῶς
2541 4873 2644 4944 τῆς
2671 4871 2922 4933 κτίσεως.
2956 4868 3055 4921 Διὰ
3085 4865 3290 4920 τούτων
3323 4861 3589 4917 ἁπάντων
3618 4857 3754 4928 ἡμῖν

477 4965 677 5020 detur:
714 4979 892 5034 neque
926 4966 1068 5022 Deus
1101 4983 1285 5031 verus,
1342 4981 1524 5037 neque
1561 4964 1759 5032 Filius,
1786 4982 1898 5023 non
1937 4984 2033 5024 rex

2172 4975 2229 5026 ὲν
2256 4966 2437 5040 ἑαυτῷ
2471 4964 2733 5021 δεικνύων
2765 4962 2858 5016 τὸν
2899 4959 3122 5031 Πατέρα
3146 4999 3161 5023 ,
3202 4957 3306 5011 οὐκ
3341 4974 3359 5007 ι
3391 4955 3457 5007 ὲκ
3482 4951 3583 5020 τῆς
3616 4950 3751 5002 om-

479 5069 589 5110 non
626 5054 910 5122 Dominus,
953 5073 1065 5113 non
1087 5057 1293 5128 opifex,
1326 5072 1436 5114 non
1467 5066 1695 5128 potens,
1723 5075 1902 5130 neque
1927 5059 2033 5116 ade

2175 5064 2420 5125 στάσεως
2452 5079 2470 5112 ι
2502 5058 2703 5131 φησιν,
2754 5054 2892 5110 ἀλλὰ
2944 5071 2963 5104 ι
3022 5049 3308 5124 χαρακτήρ
3359 5065 3378 5098 ι
3432 5045 3550 5097 ἐστι
3586 5061 3605 5094 ι
3655 5040 3756 5111 τῆς
3833 5074 3838 5078 -

480 5155 680 5202 natura
730 5147 910 5204 bonus
957 5158 1043 5206 est
1093 5149 1368 5221 proprie:
1405 5149 1502 5206 sed
1536 5151 1591 5207 in
1626 5152 1773 5207 nuda
1828 5167 1895 5208 ac
1946 5154 2026 5209 sol

2175 5154 2528 5216 ὑποστάσεως
2557 5146 2746 5205 αὐτοῦ.
2797 5165 2816 5198 ι
2855 5143 3086 5209 Οὐκοῦν,
3111 5143 3249 5213 ὅπερ
3283 5139 3493 5209 ἔφημεν
3524 5132 3755 5205 ἀρτίως,

482 5239 811 5308 gloriatione
847 5241 957 5296 Deo
1005 5240 1357 5296 convenienti
1403 5243 1650 5299 cernitur
1686 5262 1700 5298 :
1735 5253 1791 5300 et
1821 5245 1969 5314 quod
2010 5246 2024 5300 i

2175 5245 2331 5299 οὐδέν
2364 5246 2482 5296 ἐστι
2523 5241 2632 5295 τῶν
2667 5236 2978 5311 εἰρὴμένων
3010 5232 3151 5289 κατὰ
3181 5229 3347 5301 φύσιν
3377 5228 3406 5280 ὁ
3437 5224 3565 5287 Υἰὸς
3587 5266 3601 5288 ,
3649 5221 3757 5314 ἔξω

483 5332 689 5388 tabulis
727 5340 812 5388 est
858 5334 1109 5391 colorum
1145 5333 1413 5396 inductio,
1460 5350 1586 5405 quae
1636 5335 1754 5391 sola
1801 5311 2033 5393 varietat

2168 5338 2227 5391 δὲ
2259 5337 2477 5391 πάντων
2511 5332 2723 5404 ἀθρόως
2753 5330 3016 5394 κείσεται,
3041 5324 3186 5379 κατά
3216 5340 3281 5393 γε
3305 5320 3399 5374 τὸν
3437 5317 3570 5388 παρ’
3600 5311 3758 5405 ὑμῶν

484 5422 655 5478 decus
674 5424 863 5489 aﬂert,
919 5441 1047 5481 cum
1101 5425 1219 5480 veri
1269 5425 1408 5480 nihil
1457 5401 1657 5493 habeat
1695 5445 1711 5483 :
1751 5428 1857 5485 hoc
1911 5436 1967 5485 et
2015 5429 2029 5484 i

2174 5426 2535 5500 ἀνοητότατον
2587 5401 2779 5491 λόγον,
2828 5417 2954 5473 οὔτε
3012 5416 3071 5470 δὲ
3117 5414 3252 5476 Θεὸς
3290 5407 3579 5500 ἀληθινὸς,
3631 5401 3758 5500 οὔτε

490 5515 626 5573 Filio
653 5518 745 5574 Dei
771 5535 835 5575 ac
859 5519 1392 5589 Patrisdignitatum
1414 5519 1771 5590 pulchritudo
1808 5522 1975 5576 nudis
2009 5535 2033 5574 a

2174 5492 2336 5586 Υἱὸς,
2389 5517 2452 5570 οὐ
2489 5515 2741 5587 βασιλεὺς
2769 5554 2782 5577 ,
2833 5511 2896 5565 οὐ
2919 5508 3159 5579 Κύριος,
3192 5504 3255 5558 οὐ
3284 5495 3619 5590 δημιουργὸς
3633 5535 3663 5590 ,_
3696 5492 3758 5545 οὐ

493 5610 625 5663 solis
690 5611 1011 5667 nominibus
1072 5609 1406 5675 cmorescit,
1475 5610 1824 5668 extrinsecus
1888 5617 2033 5667 ante:

2175 5585 2420 5673 δυνατὸς,
2452 5585 2575 5689 abre
2611 5605 2717 5677 μὴν
2748 5608 2805 5658 ὲν
2835 5602 3136 5672 θελήμασιν
3192 5593 3389 5661 ἀγαθὸς
3423 5589 3564 5645 κατὰ
3595 5585 3759 5656 φύσιν

565 5786 605 5816 ⁸³
656 5785 789 5838 Luc.
827 5800 899 5848 vr,
936 5784 1023 5837 36.
1106 5784 1147 5817 “
1193 5781 1358 5839 Hebr.
1394 5801 1430 5852 ι,
1476 5785 1529 5840 '5.
