4052 6498
315 365 429 421 377

1395 357 1465 415 IN
1498 358 1785 416 JOANNIS
1824 357 2282 416 EVANGELIUM
2324 361 2453 418 LIB.
2509 343 2574 418 li.

3511 367 3617 424 578

319 480 472 545 ιδίως
498 479 675 533 ἐστίν’
714 480 772 531 ὲν
805 477 861 532 δὲ
916 478 1155 551 γυμνοῖς
1203 478 1297 532 καὶ
1333 477 1518 548 μόνοις
1544 480 1668 541 τοῖς
1689 477 1918 550 θεοπρε-
1946 533 1949 541 η

2055 489 2203 534 nstar
2249 483 2616 550 quorumdam
2671 482 2921 540 colorum
2973 484 3466 555 superinducitur,
3507 487 3618 544 imo

316 574 486 628 πὲσιν
539 574 735 645 ὁρᾶται
786 576 1151 645 καυχήμασι,
1198 571 1293 626 καὶ
1329 572 1466 642 ὅπερ
1509 572 1628 624 ἐστὶ
1686 572 1809 634 ταῖς
1860 572 1918 624 ἒν

319 666 514 732 πίναξι
551 669 794 736 γραφαῖς
838 668 872 737 ἡ
904 665 1016 721 τῶν
1071 665 1381 738 χρωμάτων
1425 664 1653 736 ἐπιϐολὴ
1678 705 1692 730 ,
1729 665 1922 735 μόναις

319 759 520 821 αὑταῖς
557 758 669 811 τῶν
709 758 1007 830 ὁρωμένων
1045 757 1343 821 ποικιλίαις
1371 756 1751 828 ὲξωραῖζουσα
1773 796 1788 821 ,
1824 773 1922 826 φο·-

323 848 500 919 ροῦσα
534 848 589 901 δὲ
630 848 834 920 ἀληθὲς
870 848 1059 902 οὐδέν·
1102 848 1264 902 τοῦτο
1308 849 1406 902 καὶ
1439 850 1497 901 ἐν
1527 846 1644 917 Υίῷ
1681 847 1793 902 τῶν
1822 844 1918 900 τοῦ

321 941 464 994 Θεοῦ
514 943 612 995 καὶ
665 941 883 1012 Πατρὸς
933 942 1262 1012 ἀξιωμάτων
1315 940 1378 994 τὸ
1418 939 1653 1004 κάλλος⁶
1711 941 1770 992 ὲν
1823 939 1923 1008 μὲν

319 1028 505 1098 ψιλοῖς
557 1030 651 1083 καὶ
685 1029 870 1100 μόνοις
905 1031 1131 1100 ὀνόμασι
1161 1029 1594 1102 περιανθίζεται,
1630 1029 1831 1095 ἔξωθεν
1865 1029 1924 1082 δὲ

322 1121 522 1192 ὥσπερ
558 1123 872 1193 χρωμάτων
909 1123 1074 1176 τινῶν
1108 1123 1464 1192 ὲπαλείφεται
1512 1123 1671 1194 δίκην
1693 1139 1707 1152 ’
1761 1139 1921 1176 σκια-

320 1217 628 1285 γραφεῐται
669 1215 726 1268 δὲ
760 1215 963 1286 μᾶλλον
1007 1218 1040 1286 ἠ
1085 1215 1208 1271 Θεία
1230 1215 1393 1286 φύσις
1426 1218 1485 1270 ὲν
1511 1217 1685 1288 αὐτῷ.
1717 1216 1814 1271 καὶ
1846 1216 1924 1280 ὼς

320 1307 380 1358 ὲν
432 1305 581 1375 ψιλῷ
628 1306 882 1374 φαίνεται
941 1305 1116 1376 τύπῳ.
1165 1302 1300 1361 Εἶτα
1348 1305 1468 1372 πῶς
1516 1308 1616 1362 οὑκ
1661 1307 1924 1376 ἄντικρυς

322 1398 573 1462 ἁπάσαις
595 1399 903 1469 φανήσεσθε
923 1401 1044 1462 ταῖς
1065 1399 1246 1467 ἁγίαις
1271 1397 1638 1470 πολεμοῦντες
1656 1399 1922 1470 Γραφαῖς,

324 1490 418 1545 ἵνα
464 1491 530 1562 δὴ
581 1491 677 1546 καὶ
725 1492 952 1556 δικαίως
1000 1491 1273 1568 ἀκούσητε
1306 1508 1319 1522 ο
1357 1511 1375 1544 ι
1419 1490 1922 1562 Σκληροτράχηλοι,

321 1585 424 1638 καὶ
454 1585 828 1656 ἀπερίτμητοι
862 1584 1110 1653 καρδίαις
1158 1585 1254 1638 καὶ
1289 1585 1402 1648 τοῖς
1448 1583 1604 1646 ὠσὶν,
1643 1583 1805 1654 ὑμεῖς
1836 1582 1924 1635 ἀεὶ

323 1676 406 1747 τῷ
440 1676 728 1747 Πνεύματι
757 1676 836 1747 τῷ
861 1676 1004 1746 ἁγίῳ
1049 1675 1406 1729 ἀντιπίπτετε
1433 1714 1450 1739 ,
1486 1674 1562 1738 ὡς
1595 1676 1644 1728 οἱ
1686 1674 1927 1743 πατέρες

327 1770 358 1823 ῦ
367 1769 510 1841 μῶν,
539 1770 636 1822 καὶ
671 1769 854 1839 ὑμεῖς.
889 1788 909 1820 ι
955 1770 1096 1822 Πότε
1125 1767 1234 1839 γὰρ
1271 1769 1334 1822 οὑ
1363 1766 1495 1820 Θεὸν
1522 1765 1779 1838 ἀληθινὸν
1804 1766 1925 1819 ὀνο-

2027 588 2163 627 vero
2195 581 2390 627 natura
2437 573 2624 628 divina
2668 575 2726 630 in
2760 569 2880 646 ipso
2927 577 3314 641 adumbratur,
3360 593 3423 632 ac
3451 577 3618 633 veluti

2031 661 2205 734 ﬁgura
2249 671 2412 719 tenus
2443 672 2659 720 tantum
2715 673 3020 736 spectatur.
3065 668 3136 720 At
3178 668 3456 738 quomodo
3507 684 3618 723 non

2029 769 2155 810 cum
2197 757 2457 812 omnibus
2503 754 2809 826 Scripturis
2855 759 3154 814 manifeste
3187 775 3436 831 pugnare
3467 776 3622 814 com-

2030 845 2342 916 periemini,
2372 846 2448 900 ita
2484 853 2544 900 ut
2574 846 2700 915 jure
2735 846 3015 902 audiatis:
3057 866 3075 898 ι
3119 846 3264 901 Dura
3301 848 3540 914 cervice,
3565 857 3621 902 ct

2031 935 2407 991 incircumcisi
2467 936 2727 992 cordibus
2795 945 2850 992 et
2900 937 3170 1000 auribus,
3237 952 3338 992 vos
3401 952 3621 1007 semper

2030 1027 2262 1098 Spiritui
2309 1037 2502 1084 sancto
2545 1029 2839 1094 resistitis;
2890 1027 3034 1083 sicut
3073 1035 3264 1097 patres
3295 1028 3497 1093 vestri,
3543 1029 3620 1082 ita

2031 1129 2088 1176 et
2125 1136 2224 1176 vos
2251 1121 2316 1176 ".
2357 1139 2375 1172 ι
2415 1119 2648 1187 Quando
2681 1121 2828 1176 enim
2853 1135 2964 1175 non
2997 1118 3167 1174 Deum
3195 1134 3388 1174 verum
3438 1117 3619 1172 nomi-

2031 1221 2168 1269 nant
2218 1214 2379 1284 232
2424 1213 2662 1279 Filium,
2723 1219 2820 1267 aut
2886 1211 3237 1284 quandonam
3305 1211 3484 1276 ipsum
3552 1210 3622 1265 ab

2033 1307 2274 1362 essentia
2315 1303 3009 1361 Genitoris-excludunt?
3060 1303 3196 1370 Quis
3250 1319 3382 1357 vero
3438 1302 3624 1357 dicere

2034 1414 2205 1455 ausus
2227 1405 2310 1452 est
2336 1413 2464 1453 eum
2488 1412 2667 1468 neque
2689 1406 2886 1452 natura
2911 1397 3184 1466 opiﬁcem,
3209 1411 3388 1466 neque
3414 1410 3622 1466 regem,

2035 1507 2215 1563 neque
2247 1491 2717 1562 cunctipotentem
2747 1505 2892 1556 esse,
2923 1497 3018 1544 aut
3055 1487 3439 1544 adorabilem?
3478 1488 3624 1541 Divi—

2035 1601 2142 1642 nus
2168 1586 2373 1656 quippe
2403 1582 2618 1639 Psaltes
2647 1591 2911 1654 tanquam
2952 1581 3021 1636 ad
3054 1582 3234 1653 ipsum
3270 1579 3623 1651 Unigcnitum

2035 1677 2113 1732 ait
2160 1676 2361 1731 alicubi
2397 1696 2410 1730 :
2447 1695 2466 1727 ι
2504 1673 2680 1732 Sedes
2730 1682 2845 1738 tua,
2880 1672 3048 1737 Deus,
3087 1673 3145 1727 in
3203 1671 3464 1725 saeculum
3519 1681 3624 1722 sa:-

2036 1769 2148 1823 culi
2184 1767 2250 1822 5‘.
2303 1786 2321 1820 ι
2357 1766 2599 1822 Thomas
2624 1773 2809 1821 autem
2841 1764 3123 1827 similiter,
3158 1759 3624 1832 prudentissimus

331 1863 574 1932 μάζουσι
622 1861 714 1914 τὸν
755 1861 914 1925 Υἱὸν,
941 1861 975 1931 ἢ
1005 1860 1136 1914 πότε
1182 1861 1282 1931 τῆς
1314 1859 1409 1913 τοῦ
1451 1859 1707 1922 τεκόντος
1735 1858 1928 1923 οὐσίας

2059 1861 2128 1916 lle
2157 1859 2499 1930 discipulus,
2528 1867 2586 1914 et
2625 1858 2795 1914 Deum
2833 1858 2998 1912 simul
3025 1866 3080 1912 et
3111 1855 3400 1911 Dominum
3438 1854 3628 1924 appel-

331 1954 439 2020 ἔξω
475 1953 739 2024 φέρουσιν
769 1953 930 2007 αὑτόν
955 1972 970 2022 ;
1023 1953 1122 2018 Τίς
1151 1953 1207 2008 δὲ
1234 1956 1262 2008 ό
1299 1953 1581 2024 τολμήσας
1611 1953 1787 2006 εἰπεῖν
1808 1991 1823 2016 ,
1857 1951 1934 2016 ὡς

337 2045 462 2098 οὒτε
489 2044 654 2114 φύσει
699 2047 1057 2118 δημιουργὸς,
1089 2045 1215 2100 οὔτε
1251 2045 1528 2115 βασιλεὺς,
1569 2042 1696 2098 οὔτε
1730 2060 1936 2098 παντο-

340 2141 567 2210 κράτωρ
631 2141 665 2210 ἦ
705 2139 1084 2211 προσκυνητός
1133 2141 1323 2204 tactv;
1363 2138 1422 2192 Ὀ
1459 2137 1558 2209 μὲν
1589 2137 1701 2208 γάρ
1734 2136 1935 2190 θεσπέο

337 2247 453 2293 σιος
497 2231 758 2301 Μελῳδὸς
820 2232 899 2296 ῶς
953 2232 1092 2303 πρὸς
1131 2231 1298 2286 αὑτόν
1328 2230 1432 2285 πού
1463 2248 1598 2300 φησι
1631 2229 1722 2283 τὸν
1757 2229 1938 2282 Μονο-

332 2324 472 2394 γενῆ
501 2341 515 2355 ·
555 2343 574 2376 ι
644 2326 703 2377 Ὀ
739 2324 930 2395 θρόνος
980 2342 1074 2378 σου
1108 2325 1295 2389 ὁΘεὸς
1343 2326 1425 2389 εἰς
1479 2323 1572 2378 τὸν
1619 2322 1797 2378 αἰῶνα
1843 2321 1939 2375 τοῦ

334 2419 562 2482 αἰῶνος.
607 2438 626 2470 ι
665 2419 870 2490 Θωμᾶς
913 2421 972 2474 δὲ
1006 2420 1170 2474 πάλιν
1211 2420 1414 2491 ὁμοίως
1459 2421 1488 2474 ὁ
1521 2417 1941 2488 νουνεχέστατος

337 2511 641 2582 μαθητὴς,
695 2511 792 2566 καὶ
846 2511 980 2565 Θεὸν
1033 2511 1207 2583 ὁμοῦ,
1261 2513 1357 2566 καὶ
1399 2511 1610 2582 Κύριον
1652 2509 1938 2566 ἀποκαλεῖ.

335 2603 757 2675 Παντοκράτωρ
804 2603 861 2657 δὲ
898 2605 993 2658 καὶ
1021 2604 1379 2676 δημιουργὸς,
1428 2604 1518 2658 διὰ
1569 2603 1752 2672 πάσης
1785 2603 1942 2670 ἁγίου

335 2696 594 2750 καλεῖται
624 2697 830 2766 φωνῆς,
864 2697 961 2750 καὶ
991 2697 1066 2760 ὡς
1087 2697 1189 2749 οὐκ
1209 2693 1447 2750 ἐπακτὸν
1476 2695 1616 2766 ἔχων
1643 2693 1766 2748 καθ’
1801 2694 1946 2764 ὑμᾶς

334 2789 406 2842 τὸ
440 2788 690 2859 ἀξίωμα,
741 2790 859 2842 ἀλλ’
905 2790 980 2853 ὡς
1026 2790 1188 2843 τοῦτο
1243 2789 1387 2843 κατὰ
1443 2787 1606 2857 φύσιν
1657 2786 1942 2857 ὑπάρχων,

334 2883 484 2954 ὅπερ
521 2879 663 2935 εἶναι
688 2881 944 2950 λέγεται,
975 2881 1063 2936 διά
1093 2900 1154 2935 τε
1190 2881 1351 2935 τοῦτο
1381 2883 1770 2952 προσκυνεῖται
1794 2876 1948 2948 παρά

335 2991 404 3027 τε
464 2973 575 3027 τῶν
627 2974 802 3043 ἁγίων
858 2974 1107 3044 ἀγγέλων
1133 3013 1148 3040 ,
1205 2975 1298 3028 καὶ
1349 2973 1487 3044 πρὸς
1519 2973 1717 3042 ἡμῶν,
1768 2969 1948 3024 καίτοι

343 3065 545 3136 μηδενὶ
572 3068 899 3135 προσκυνεῖν
925 3066 1104 3138 ,ἑτέρῳ
1135 3066 1236 3136 τῆς
1267 3064 1419 3128 θείας
1449 3063 1718 3133 λεγούσης
1746 3063 1948 3133 χρῆναι

339 3157 386 3208 Γ
395 3159 616 3227 ραφῆς,
668 3157 808 3228 πλὴν
857 3158 1007 3228 μόνῳ
1055 3158 1248 3230 Κυρίῳ
1293 3156 1373 3228 τῷ
1425 3155 1564 3228 Θεῷ.
1609 3157 1672 3210 El
1711 3157 1810 3227 μὲν
1854 3150 1948 3208 οῦν

341 3251 648 3320 ἐπίκτητον
675 3249 826 3321 αὑτῷ
884 3250 982 3305 καὶ
1005 3251 1160 3305 δοτὸν
1197 3252 1528 3323 ἐνυπάρχειν
1555 3249 1616 3304 τὸ
1644 3249 1949 3321 θεοπρεπὲς

343 3343 572 3413 ἀξίωμα
599 3342 1035 3396 πεπιστεύκασιν
1054 3385 1069 3411 ,
1101 3338 1220 3398 εἶτα
1246 3343 1323 3415 τῷ
1347 3342 1577 3414 τοιούτῳ
1622 3343 1952 3412 προσκυνεῖν

344 3438 559 3491 οἴονται
589 3436 735 3504 δεῖν,
786 3437 1024 3490 ἴστωσαν
1067 3437 1221 3507 παρὰ
1265 3436 1357 3491 τὸν
1413 3437 1640 3507 κτίστην
1679 3438 1744 3506 τῇ
1777 3435 1955 3489 κτίσει

346 3529 738 3600 λατρεύοντες,
782 3529 1098 3600 πρόσφατόν
1138 3545 1198 3580 τε
1235 3528 1331 3582 καὶ
1358 3528 1476 3582 νέον
1499 3528 1714 3590 ἑαυτοῖς
1736 3525 1957 3596 ζωγρα-

350 3620 590 3690 φοῦντες
620 3620 772 3686 Θεὸν,
797 3621 900 3692 ﬁxa
912 3637 942 3689 ρ
977 3620 1150 3682 ὅντως
1185 3620 1276 3673 τὸν
1309 3619 1454 3673 κατὰ
1475 3619 1637 3688 φύσιν
1657 3617 1956 3687 γινώσκον⁶

349 3728 470 3775 τες.
509 3713 572 3764 Εἰ
603 3711 661 3764 δὲ
685 3711 788 3780 τῆς
807 3709 903 3764 τοῦ
930 3708 1066 3764 Θεοῦ
1096 3710 1192 3763 καὶ
1229 3707 1444 3780 Πατρὸς
1474 3707 1665 3770 οὐσίας
1696 3706 1802 3772 ἔξω
1842 3706 1958 3758 κεῖ·-

356 3805 491 3860 σθαι
536 3805 789 3873 λέγοντες
825 3804 919 3858 τὸν
944 3804 1108 3869 Υἱὸν,
1153 3802 1251 3856 καὶ
1279 3801 1407 3855 Υἱὸν
1437 3800 1600 3855 αὑτὸν
1685 3799 1780 3852 καὶ
1828 3796 1961 3851 Θεὸν

277 3922 280 3926 ί
354 3893 722 3965 ὁμολογοῦσιν
766 3892 1036 3965 ὑπάρχειν
1089 3890 1386 3960 ἀληθινὸν,
1425 3889 1521 3943 καὶ
1567 3886 1820 3959 βασιλέα,
1868 3887 1962 3940 καὶ

355 3989 557 4062 κύριον
581 4028 595 4051 ,
631 3987 726 4041 καὶ
753 3985 1085 4058 δημιουργὸν
1105 4025 1121 4051 ,
1155 3986 1249 4038 καὶ
1273 3982 1550 4046 οὑσιωδῶς
1594 3983 1652 4036 ὲν
1680 3979 1859 4052 ἐαυτῷ
1895 3980 1963 4034 τά

355 4085 460 4140 τοῦ
507 4084 726 4154 Πατρὸς
763 4082 912 4154 ἔχειν
941 4083 1050 4136 ἴδια
1130 4082 1228 4135 καὶ
1269 4077 1562 4150 ἐξαίρετα·
1612 4077 1964 4148 βλεπέτωσαν

357 4178 488 4230 ὅποι
521 4174 655 4228 ποτὲ
695 4173 858 4227 πάλιν
893 4173 1078 4236 αὑτοῖς
1111 4170 1173 4225 τὸ
1196 4170 1306 4224 τῶν
1333 4170 1460 4240 τῇδε
1494 4169 1799 4224 δοκούντων
1828 4168 1968 4222 ἀποε-

359 4268 708 4323 κινδυνεύσει
741 4267 915 4329 τέλος.
942 4265 1111 4319 Οὐδὲν
1144 4265 1255 4335 γὰρ
1293 4263 1432 4326 ὅλως
1466 4263 1526 4316 ὲν
1560 4264 1624 4333 τῇ
1657 4261 1777 4331 θείᾳ
1807 4258 1967 4328 φύσει

359 4357 426 4412 τὸ
461 4357 778 4422 ἀξιόπιστον
808 4355 1207 4428 εὑρεθήσεται,
1256 4353 1564 4425 δυναμένης
1596 4353 1698 4424 ἤδη
1738 4351 1835 4405 καὶ
1871 4351 1970 4421 τῆς

360 4452 478 4505 τῶν
518 4449 765 4522 γενητῶν
797 4449 1014 4518 φύσεως
1045 4449 1314 4519 ὑπάρχειν
1343 4446 1504 4502 τοῦτο
1533 4447 1652 4502 κατ’
1687 4445 1971 4518 ἀλήθειαν,

367 4543 514 4612 ὅπερ
540 4539 608 4593 ἂν
641 4542 816 4593 νοοῖτο
847 4538 941 4591 κα)⁸
979 4539 1140 4609 αὐτή.
1187 4537 1594 4592 Ἀποδέδεικται
1638 4535 1786 4606 γὰρ,
1825 4535 1972 4590 κατά

369 4649 438 4700 γε
473 4631 567 4683 τὸν
605 4629 760 4700 παρὰ
799 4631 914 4692 τοῖς
957 4627 1024 4682 δι’
1069 4628 1323 4691 ἐναντίας
1361 4627 1760 4697 άδρανέστατον
1791 4624 1970 4694 λόγον,

365 4727 471 4796 τῆς
505 4723 606 4794 μὲν
650 4722 802 4786 θείας
844 4721 1060 4792 φύσεως
1098 4723 1199 4792 οὑχ
1248 4721 1513 4790 ὑπάρχων
1551 4722 1581 4773 ὁ
1637 4717 1972 4790 Μονογενὴς,

367 4819 517 4890 ἔχων
559 4817 606 4870 δ’
641 4811 734 4870 οὖν
779 4817 931 4887 ὅμως
974 4815 1245 4884 ἀληθινῶς
1296 4816 1356 4868 ὲν
1411 4813 1592 4886 ἑαυτῷ
1633 4814 1704 4868 τά
1758 4813 1976 4883 ὲκείνης

367 4911 650 4982 ἐξαίρετα.
677 4906 812 4963 Εἶτα
847 4909 930 4973 τίς
961 4909 1064 4972 οὑκ
1087 4909 1405 4980 ὰποφρίξει,
1438 4908 1534 4962 καὶ
1561 4907 1724 4978 μόνον
1757 4906 1976 4961 ἀκούων

367 5004 473 5076 τὴν
500 5001 611 5057 τῶν
653 5002 944 5072 δογμάτων
991 5001 1350 5069 δυσσέϐειαν;
1388 5003 1578 5057 Πάντα
1616 5001 1727 5072 γὰρ
1756 5001 1871 5056 ἄνω
1915 5018 1976 5054 τε

372 5095 470 5148 καὶ
499 5092 652 5148 κάτω
678 5095 978 5166 στρέφεται
1005 5093 1321 5163 λοιπὸν,τῆς
1356 5093 1455 5164 μὲν
1482 5093 1554 5146 τὰ
1579 5094 1759 5147 πάντα
1800 5094 1975 5164 ὑπερ·

373 5187 645 5258 κειμένης
667 5186 886 5256 φύσεως
911 5184 1351 5255 καταϐαινούσης
1384 5185 1476 5238 ἐπὶ
1499 5184 1560 5238 τὸ
1587 5184 1978 5240 συντάττεσθαι

373 5282 493 5342 τοῖς
523 5283 809 5349 γενητοῖς,
847 5279 1023 5350 αὐτῆς
1047 5278 1105 5332 δὲ
1132 5281 1234 5349 τῆς
1277 5278 1511 5342 κτίσεως
1567 5279 1650 5341 εἰς
1693 5278 1756 5332 τὸ
1805 5279 1979 5348 ὑπερη-

378 5373 571 5428 ἐκεινα
613 5374 708 5428 καὶ
737 5374 836 5444 οὐχ
854 5372 1164 5444 ὡρισμένον
1190 5374 1328 5444 αὑτῇ
1351 5372 1678 5445 παραλόγως
1690 5371 1981 5441 ἀναπηδώ-

380 5483 485 5536 σης
519 5467 740 5537 μέτρον.
773 5465 986 5520 Οὐκοῦν
1010 5505 1024 5530 ,
1067 5465 1146 5529 ὡς
1172 5465 1396 5529 ὁλκάδος
1427 5466 1486 5518 ἐν
1520 5464 1748 5534 πελάγει
1789 5463 1982 5534 βαπτι-

380 5559 624 5631 ζομένης
650 5599 664 5621 ,
734 5560 833 5630 τῆς
897 5559 1008 5612 τῶν
1069 5557 1331 5612 τοιούτων
1399 5558 1689 5630 δογμάτων
1753 5556 1983 5618 ἀτοπίας

378 5653 788 5722 ἀπο-,νηχόμενοι
811 5692 824 5714 ,
875 5650 1200 5721 σπεύδωμεν
1234 5651 1308 5714 ὡς
1350 5651 1436 5703 ἐπ’
1472 5649 1690 5719 ἀσφαλῆ
1726 5649 1818 5702 καὶ
1851 5647 1980 5702 ἀκύ-

462 5836 506 5865 ⁶³
549 5835 674 5888 Art.
710 5851 820 5900 vn,
862 5834 949 5901 51,
1032 5833 1074 5864 εδ
1117 5829 1263 5887 Psal.
1304 5847 1450 5896 sur,
1483 5831 1534 5886 7.

2035 1954 2136 2010 lat.
2177 1949 2542 2020 Omnipotens
2579 1964 2712 2006 vero
2741 1957 2798 2005 et
2839 1948 3074 2004 Creator
3105 1948 3174 2002 ab
3208 1947 3466 2001 omnibus
3496 1959 3627 1998 san-

2037 2044 2143 2100 ctis
2195 2054 2450 2109 vocatur,
2499 2043 2672 2114 idque
2717 2057 2832 2097 non
2881 2041 3038 2112 quasi
3093 2039 3416 2110 dignitatem
3477 2036 3626 2090 illam

2039 2137 2274 2204 haheat,
2324 2143 2384 2191 ut
2415 2150 2517 2192 vos
2563 2135 2755 2200 vultis,
2812 2134 3132 2197 ascititiam,
3177 2133 3274 2188 sed
3325 2130 3472 2201 quod
3526 2129 3631 2183 hoc

2041 2231 2346 2290 secundum
2411 2236 2667 2285 naturam
2727 2226 2962 2282 exsistat
3017 2223 3352 2295 quod‘esse
3399 2221 3630 2286 dicitur,
3733 2221 3746 2236 “

2042 2335 2208 2396 atque
2243 2324 2457 2380 idcirco
2488 2321 2753 2376 adoratur
2782 2333 2911 2373 cum
2945 2333 2976 2372 a
3006 2314 3220 2372 sanctis
3256 2314 3489 2382 angelis,
3515 2319 3634 2367 tum

2043 2431 2075 2472 a
2109 2415 2290 2480 nobis,
2337 2412 2591 2484 quamvis
2641 2409 2929 2480 Scriptura
2969 2405 3164 2460 divina"
3214 2403 3491 2459 neminem
3537 2398 3633 2455 ad-

2044 2507 2316 2563 orandum
2348 2520 2474 2560 esse
2507 2509 3100 2570 statuatpraeterquam
3129 2497 3307 2552 solum
3340 2493 3635 2549 Dominum

2044 2599 2239 2655 Deum.
2269 2597 2327 2653 Si
2361 2613 2494 2667 ergo
2525 2594 2824 2652 ascititiam
2857 2599 2911 2646 et
2943 2590 3170 2644 aliunde
3203 2589 3476 2641 invectam
3509 2597 3637 2638 esse

2045 2692 2278 2748 credunt
2323 2691 2378 2744 in
2414 2705 2480 2745 eo
2522 2687 2766 2742 divinam
2802 2685 3152 2754 dignitatem,
3201 2687 3273 2748 et.
3308 2687 3490 2732 tamen
3538 2675 3638 2728 ad-

2047 2782 2320 2840 orandum
2351 2795 2478 2836 esse
2499 2787 2714 2851 putant,
2746 2777 2928 2833 sciant
2955 2791 3018 2829 se
3046 2781 3358 2828 creaturam
3406 2769 3641 2822 adorare

2049 2891 2162 2947 prae
2191 2875 2492 2939 Creatore,
2529 2885 2847 2939 novumque
2895 2883 2960 2924 ac
3013 2873 3289 2920 recentem
3322 2861 3495 2916 Deum
3535 2859 3639 2913 sibi

2050 2968 2358 3030 delineare,
2396 2963 2583 3034 potius
2617 2977 2785 3032 quam
2829 2958 3141 3014 naturalem
3185 2966 3506 3024 agnoscere.
3541 2949 3641 3002 Sin

2052 3069 2233 3114 autem
2269 3072 2298 3110 a
2330 3056 2514 3111 Patris
2560 3052 2873 3110 substantia
2910 3042 3111 3104 Filium
3144 3045 3540 3108 excludentes,
3588 3049 3644 3096 et

2057 3149 2258 3206 Filium
2289 3151 2470 3220 ipsum
2491 3153 2546 3202 et
2574 3145 2745 3201 Deum
2778 3157 2969 3199 verum
2997 3156 3122 3196 esse
3151 3139 3414 3200 fatentur,
3443 3149 3647 3204 regem-

2058 3259 2187 3316 que,
2212 3257 2275 3297 ac
2303 3239 2612 3304 dominum,
2637 3246 2692 3292 et
2722 3236 2997 3306 opiﬁcem,
3019 3241 3072 3287 et
3091 3246 3217 3300 quae
3238 3229 3422 3284 Patris
3443 3225 3646 3282 eximia

2061 3345 2193 3395 sunt
2226 3351 2291 3390 ac
2323 3331 2550 3405 propria
2593 3328 3036 3384 substantialiter
3086 3324 3290 3378 habere
3325 3321 3378 3374 in
3437 3319 3647 3388 seipso,

2057 3430 2283 3487 videant
2310 3440 2548 3497 quonam
2585 3423 2807 3478 demum
2846 3434 3039 3476 eorum
3085 3413 3296 3471 recidat
3336 3412 3526 3482 opinio
3555 3409 3650 3479 qui

2057 3521 2140 3579 sic
2189 3518 2454 3574 sentiunt.
2501 3513 2649 3568 Nihil
2701 3511 2848 3567 enim
2909 3507 3049 3564 certi
3109 3507 3162 3560 in
3225 3513 3423 3559 natura
3467 3498 3654 3554 divina

2058 3611 2388 3683 reperietur,
2417 3621 2545 3662 cum
2588 3617 2773 3660 rerum
2819 3608 3132 3657 creatarum
3178 3605 3376 3652 natura
3405 3593 3458 3647 id
3487 3591 3652 3647 etiam

2059 3679 2250 3760 revera
2283 3717 2405 3756 esse
2433 3707 2622 3768 queat,
2657 3694 2808 3765 quod
2837 3693 2979 3763 ipsa.
3023 3689 3474 3744 Demonstratum
3505 3679 3654 3736 enim

2061 3802 2148 3850 est
2172 3791 2622 3846 adversariorum
2652 3782 2950 3839 admodum
2983 3779 3202 3834 inﬁrma
3233 3774 3485 3829 oratione
3518 3768 3654 3824 divi-

2064 3899 2148 3940 nae
2170 3889 2381 3937 natura:
2414 3895 2527 3934 non
2558 3893 2682 3934 esse
2705 3873 3222 3944 Unigenitum,verc
3248 3879 3429 3921 tamen
3455 3862 3661 3915 habere

2064 3976 2120 4031 in
2152 3975 2338 4044 seipse
2358 3983 2710 4043 quaecunque
2740 3966 2863 4035 ejus
2881 3970 3015 4018 sunt
3033 3959 3258 4017 eximia.
3289 3957 3363 4010 At
3391 3953 3516 4022 quis
3548 3964 3659 4003 non

2065 4069 2457 4129 cohorrescet,
2511 4062 2561 4117 si
2609 4061 2696 4115 vel
2741 4057 2914 4113 solam
2958 4053 3279 4124 dogmatum
3323 4044 3660 4114 impietatem

2065 4159 2296 4218 audiat?
2329 4155 2528 4214 Omnia
2562 4152 2708 4209 enim
2760 4163 2984 4205 sursum
3030 4158 3094 4198 ac
3141 4141 3402 4196 deorsum
3433 4141 3662 4190 vertun-

2069 4264 2180 4321 tur,
2219 4267 2343 4308 cum
2379 4257 2572 4303 natura
2605 4245 2698 4298 illa
2725 4241 2976 4297 omnium
3009 4246 3265 4306 suprema
3305 4243 3371 4284 eo
3399 4227 3662 4296 depressa

2070 4347 2168 4413 sit,
2201 4351 2262 4399 ut
2289 4343 2436 4397 inter
2463 4343 2754 4393 creaturas
2789 4336 3136 4392 numeretur,
3166 4329 3220 4379 et
3253 4321 3370 4389 ipsa
3406 4323 3664 4371 creatura

2071 4412 2499 4507 adsupremum
2532 4443 2634 4486 nec
2671 4427 2778 4482 sibi
2803 4421 3171 4480 constitutum
3204 4412 3429 4470 modum
3460 4416 3669 4507 temere

2072 4498 2365 4589 evehatur.
2425 4523 2734 4591 Quocirca,
2773 4517 2931 4574 velut
2958 4515 3014 4569 in
3063 4506 3344 4582 profundo
3396 4501 3522 4558 navi
3569 4498 3670 4553 de-

2075 4637 2296 4687 mersa,
2363 4635 2430 4676 ex
2496 4610 2882 4688 hujuscemodi
2942 4607 3262 4677 dogmatum
3325 4593 3673 4652 absurditate

2072 4721 2443 4786 emergentes,
2472 4710 2538 4764 ad
2576 4717 2754 4763 tutum
2788 4711 2844 4760 et
2879 4700 3124 4771 quietum
3167 4688 3420 4748 veritatis
3449 4691 3671 4786 portum

2073 4777 2514 4868 contendamus,
2550 4800 2763 4869 Deique
2807 4809 2873 4850 ac
2913 4788 3099 4846 Patris
3139 4782 3432 4854 imaginem
3471 4777 3673 4831 Filium

2074 4919 2200 4960 esse
2237 4901 2540 4964 fateamur,
2576 4909 2688 4950 non
2718 4885 3007 4960 fragilibus
3054 4874 3386 4950 quibusdam
3435 4869 3676 4941 dignita-

2080 4997 2234 5052 tibus
2261 4992 2589 5055 obductum,
2620 4997 2803 5055 neque
2831 4978 2970 5037 solis
2994 4968 3377 5048 praerogativis
3406 4967 3515 5021 Deo
3544 4977 3678 5017 con-

2083 5088 2436 5148 venientibus
2490 5080 2896 5152 conspicuum,
2951 5072 3048 5130 sed
3116 5059 3569 5152 substantialiter
3624 5059 3681 5110 et

2083 5183 2232 5240 omni
2263 5198 2328 5238 ex
2370 5184 2529 5251 parte
2575 5149 2985 5247 perfectissimo
3032 5159 3282 5221 Genitori
3333 5149 3680 5251 respondenc

2085 5287 2230 5343 tem,
2283 5284 2340 5331 et
2373 5248 2478 5344 per
2513 5269 2701 5326 omnia
2759 5265 3122 5322 exsistentem
3172 5248 3680 5344 secundumjiatu-

2089 5385 2206 5424 ram
2246 5333 2403 5424 suam
2443 5365 2500 5421 id
2540 5362 2690 5435 quod
2726 5359 2894 5416 Pater
2929 5369 3056 5412 esse
3093 5353 3375 5435 censetur,
3597 5333 3684 5387 ni-

2089 5462 2292 5516 mirum
2319 5458 2493 5514 Deum
2520 5431 2713 5512 verum
2768 5465 2896 5507 vere
2939 5445 3008 5502 de
3039 5441 3171 5508 Deo,
3220 5431 3681 5524 omnipotentem,

2091 5559 2428 5616 creatorem,
2454 5551 2686 5614 bonum,
2711 5541 3078 5603 adorandum,
3127 5540 3184 5590 et
3207 5520 3410 5622 siquid
3443 5513 3685 5622 amplius

2095 5647 2221 5704 addi
2249 5613 2428 5719 potest
2452 5643 2598 5718 quod
2632 5613 2742 5698 Dico
2770 5632 3087 5696 conveniat.
3123 5625 3280 5680 Tunc
3317 5613 3468 5672 enim
3505 5613 3696 5664 osten-
