4052 6508
497 319 603 378 3:9
747 390 755 398 ,

499 430 695 490 dentes
749 451 874 492 eum
935 440 992 496 in
1048 444 1303 500 omnibus
1365 446 1599 507 similem
1659 469 1785 512 esse
1849 457 1960 516 Deo
2013 476 2079 517 ac

499 520 670 591 Patri,
695 527 858 584 etiam
887 546 1013 586 vere
1043 533 1152 588 dici
1192 537 1261 592 ab
1284 553 1350 593 eo
1373 539 1897 614 demonstrabimus,
1928 554 2074 620 quod

503 630 521 661 r
553 611 655 678 Qui
690 631 799 670 non
848 619 1172 679 honorilicat
1225 625 1447 698 Filium,
1483 649 1660 704 neque
1700 611 1918 694 Patrem
1945 611 2075 697 Ibo»

492 984 661 1034 νοοῖτο
687 985 782 1038 καὶ⁵
809 985 837 1039 ό
858 991 1129 1062 γεννήσας
1157 996 1339 1065 αὑτὸν,
1370 1001 1614 1055 τουτέστι
1636 1003 1766 1059 Θεὸν
1789 973 2062 1077 ἀληθινὸν,
2098 1011 2163 1065 ὲκ

1487 338 1546 394 S.
1577 337 1852 398 CYKILLI
1889 345 2360 408 ALEXANDRINI
2397 353 2718 416 ARCHIEP.

3657 387 3759 442 580

2105 470 2151 527 Α
2184 482 2320 535 μονα
2346 467 2542 539 λιμένα
2571 474 2669 545 τὴν
2706 476 2986 549 ἀλήθειαν,
3019 485 3116 538 καὶ
3157 487 3343 542 εἰκόνα
3373 491 3464 544 τοῦ
3497 489 3635 550 Θεοῦ
3665 494 3758 554 καὶ

2178 557 2393 628 Πατρὸς
2419 562 2774 637 ὁμολογῶμεν
2807 570 2902 626 τὸν
2938 573 3088 641 Υἱὸν,
3123 579 3223 632 οὐκ
3248 582 3534 655 ὲπικήροις
3565 587 3758 660 ῶσπερ

2173 648 2834 729 τισζπεριπεπλασμένον
2881 664 3223 737 ἀξιώμασιν,
3264 674 3384 727 οὐδὲ
3417 677 3599 744 μόνοις
3645 684 3759 744 τοῖς

2176 737 2503 810 θεοπρεπέσι
2539 749 3008 823 κατηγλαῖσμένον
3035 757 3362 830 ἀξιώμασιν,
3407 737 3523 817 ἀλλ’
3560 737 3761 823 ovatio;

2046 855 2070 868 ο
2173 828 2277 894 δῶς
2296 833 2428 904 πρὸς
2451 836 2549 905 τὴν
2571 838 2665 892 τοῦ
2692 843 2942 908 τεκόντος
2963 828 3250 918 ἀκρίϐειαν
3269 853 3757 927 ἀπηκριϐωμένον,

2173 923 2266 975 καὶ
2291 925 2729 996 ἀπαραλλάκτως
2757 935 3072 1008 ὑπάρχοντα
3126 944 3267 997 κατὰ
3298 923 3477 1012 φύσιν,
3514 923 3654 1019 ὅπερ
3686 953 3760 1005 ἂν

2223 1015 2359 1069 Θεοῦ
2427 1021 2570 1075 κατὰ
2600 1023 2878 1096 ἀλήθειαν,
2912 1035 3348 1106 παντοκράτορα,
3397 1015 3757 1114 δημιουργὸν.

1879 1066 1890 1077 ¹
2050 1066 2060 1072 ,
2274 1066 2352 1069 _-_
2429 1066 2570 1075 ηπ-..
2600 1066 2687 1076 ...η
2713 1066 2878 1093 uno",
2920 1066 3120 1086 nun-nun
3162 1066 3257 1088 υιιιυ
3295 1066 3348 1098 α,
3397 1066 3424 1092 υ
3511 1066 3588 1094 ιου
3670 1066 3756 1097 ονο

489 1066 908 1144 δεδοξασμένον,
937 1080 1174 1148 ἀγαθὸν,
1216 1091 1588 1160 προσκυνητὸν
1613 1131 1628 1156 ,
1673 1094 1767 1146 καὶ
1796 1095 1850 1147 εῐ
1873 1115 1926 1150 τι
1987 1102 2100 1163 τοῖς
2137 1105 2448 1174 εἰρημένοις
2510 1111 2586 1174 ὡς
2629 1066 2750 1184 Θέῷ
2799 1120 3006 1188 πρέπον
3045 1066 3756 1205 παὲρέζειῖκταιῖυὲότξῖγὰρ

489 1161 550 1205 δὴ
591 1166 732 1205 γνιτᾶ
791 1169 966 1205 κρέμυς-η
1027 1180 1381 1205 -....--...-1_._
1449 1183 1558 1205 in---
1610 1185 1648 1205 οῖ
1862 1189 1888 1202 ’⁸
1943 1191 1979 1205 τι
2024 1192 2048 1204 η’
2170 1196 2181 1205 ·
2227 1198 2267 1205 ’-
2376 1201 2386 1205 ⁸
2538 1204 2544 1205 ⁷

2081 1161 2092 1163 _
2190 1161 2201 1173 '
2246 1161 2278 1174 η
2427 1161 2445 1171 _
2518 1161 2583 1174 _'
2638 1161 2745 1184 --τ
2804 1161 3002 1188 ..Γ-..νγ
3053 1161 3435 1193 ..μγςτςυῆυυιδο
3489 1161 3612 1184 ινιτ.

487 1161 551 1232 δὴ
591 1166 732 1220 κατά
791 1169 969 1225 πάντα
1027 1180 1385 1244 προσεοικότα
1444 1183 1779 1252 δεικνύοντες
1820 1189 1898 1260 τῷ
1939 1191 2058 1262 Θεῴ
2097 1196 2192 1247 καὶ
2222 1198 2418 1270 Πατρὶ,
2466 1204 2559 1257 καὶ
2590 1205 2923 1278 ἀληθεύοντα
2967 1217 3413 1288 παραστήσομεν,
3479 1222 3556 1285 ὡς
3630 1242 3649 1275 ι
3686 1227 3752 1278 Ei

495 1258 566 1288 ...t.
634 1277 717 1288 -.-
786 1265 1013 1288 a--!\_,-,
1178 1275 1202 1288 αι
1301 1275 1314 1288 ε
1403 1277 1488 1288 υ·-
1644 1283 1713 1288 -υ
1807 1284 1816 1288 ·

1870 1258 1879 1260 ν
2030 1258 2041 1262 _
2343 1258 2353 1270 '
2405 1258 2417 1266 ,
2667 1258 2922 1278 ..__-_.-_
2975 1258 3413 1288 uvwrwv-v‘vvrth',
3479 1258 3552 1285 ws,
3630 1258 3649 1275 ι
3686 1258 3752 1278 ut.

492 1258 567 1328 μή
633 1277 717 1324 τις
783 1265 1024 1334 βούλοιτο
1071 1275 1234 1342 τιμᾷν
1266 1275 1357 1328 τὸν
1403 1277 1565 1344 Υίὸν,
1604 1283 1726 1336 οὐδὲ
1771 1284 1863 1338 τὸν
1911 1288 2131 1358 Πατέρα
2169 1295 2306 1364 τιμᾷ
2342 1296 2434 1348 τὸν
2479 1299 2874 1359 ἀποστείλαντα
2928 1307 3109 1362 αὐτόν.
3162 1328 3180 1361 ι
3229 1312 3366 1383 Περὶ
3404 1315 3593 1368 τούτου
3641 1319 3752 1389 γὰρ

492 1351 622 1389 {Mdu
669 1355 702 1389 ᾖ
745 1355 972 1389 νηί---.-
1048 1366 1136 1389 ..-ι
1183 1369 1211 1389 ,ι
1272 1368 1377 1389 __-,__
1448 1372 1460 1389 ι
1549 1373 1560 1388 ι
1684 1376 1739 1389 ...
1943 1381 1956 1389 .
2219 1387 2227 1389 ,

490 1351 622 1420 ἡμῖν
669 1355 702 1425 ή
745 1355 1005 1430 ζήτησις,
1048 1366 1142 1417 καὶ
1183 1369 1214 1436 ή
1269 1368 1378 1422 τῶν
1436 1372 1638 1441 ἀρτίως
1679 1351 2074 1451 ὲξητασμένων-
2106 1351 2387 1458 κεκίνηται
2422 1391 2672 1460 βάσανος.

560 1445 624 1512 ν,
665 1449 755 1504 24.
798 1453 985 1519 Amen,
1020 1476 1172 1513 amen
1216 1461 1332 1517 dico
1365 1465 1530 1529 vobis,
1564 1470 1691 1537 quia
1719 1474 1813 1541 qui
1847 1445 2059 1530 verbum

487 1553 658 1591 meum
699 1542 869 1610 audit,
905 1558 952 1599 et
983 1551 1148 1603 credit
1185 1554 1233 1606 ei
1268 1557 1360 1622 qui
1391 1559 1536 1611 misit
1569 1577 1670 1627 me,
1704 1561 1856 1617 habet
1895 1567 2058 1620 vitam

482 1638 754 1696 aeternam,
787 1645 837 1688 et
888 1639 942 1691 iu
965 1710 970 1716 Ι
993 1641 1264 1710 judicium
1293 1663 1397 1702 non
1438 1652 1596 1719 venit,
1628 1654 1720 1707 sed
1763 1659 1978 1712 transiit
2023 1676 2058 1714 a

480 1730 648 1776 morte
676 1723 746 1776 ad
779 1728 941 1781 vitam
951 1710 970 1783 .l

548 1809 850 1885 Postquam
896 1821 951 1874 in
996 1828 1383 1894 superioribus
1421 1834 1640 1891 abunde
1678 1840 1922 1895 ostendit
1954 1845 2058 1898 mi-

477 1919 631 1960 seros
664 1905 885 1966 Iudaeos
927 1930 1036 1969 non
1093 1919 1146 1972 in
1184 1923 1361 1976 solum
1396 1922 1594 1981 Filium
1645 1945 1894 1999 peccare,
1927 1950 2053 1989 cum

474 1995 681 2050 audent
709 2004 1114 2070 reprehendere
1154 2027 1276 2079 qua:
1303 2014 1554 2072 docendo
1584 2021 1928 2092 loqueretur,
1958 2035 2054 2082 aut

473 2087 618 2154 apud
649 2088 798 2158 ipsos
823 2109 1166 2166 operaretur,
1197 2103 1296 2159 sed
1328 2105 1384 2160 in
1413 2109 1592 2178 ipsum
1631 2087 1797 2168 etiam
1833 2087 2051 2173 Patrem

472 2177 643 2234 stulte
675 2196 930 2252 peccare,
965 2201 1038 2254 et,
1083 2193 1128 2246 si
1184 2194 1252 2250 ad
1299 2198 1408 2252 vim
1435 2177 1728 2259 idictorum
1760 2209 2047 2278 respicias,

469 2283 665 2325 eorum
699 2273 989 2334 audaciam
1019 2287 1286 2355 coercuit,
1319 2304 1383 2344 ac
1413 2295 1698 2364 proposita
1733 2298 2047 2357 luturorum

470 2372 569 2426 spe
607 2363 807 2420 melius
834 2368 1017 2427 vivere
1050 2379 1345 2445 persuasit,
1375 2383 1443 2438 ad
1469 2363 1798 2456 obsequium
1825 2393 2046 2448 tandem

467 2463 566 2504 eos
597 2452 785 2524 adigit.
810 2456 1126 2519 Artiﬁciosa
1151 2483 1279 2523 vero
1302 2470 1391 2525 hic
1413 2452 1670 2531 oratione
1705 2493 1900 2537 rursus
1933 2485 2045 2538 uti-

467 2548 578 2594 tur.
605 2541 742 2600 Nam
777 2563 900 2603 cum
933 2551 1153 2612 Judteos
1191 2559 1374 2616 adhuc
1411 2564 1665 2623 laborare
1695 2583 1904 2641 nosset,
1941 2576 2044 2632 hoc

463 2637 552 2686 est
589 2634 658 2690 de
703 2653 763 2693 se
815 2645 1206 2714 scandalizari,
1245 2651 1407 2708 [idem
1462 2671 1659 2714 rursus
1717 2664 1785 2716 ad
1835 2634 1929 2721 Dei
1978 2682 2042 2723 ac

466 2721 650 2782 Patris
681 2743 974 2798 personam
1005 2739 1196 2807 refert,
1226 2759 1337 2799 non
1373 2749 1533 2817 quasi
1576 2753 1818 2823 seipsum
1850 2761 2040 2814 exclu-

461 2811 586 2878 dat,
638 2818 734 2873 sed
812 2825 960 2890 quod
1020 2837 1250 2899 propter
1316 2811 1678 2892 identitatem'
1719 2811 2040 2902 substantia

460 2902 625 2959 etiam
674 2907 728 2962 in
761 2907 922 2969 Patre
972 2916 1396 2991 houorilicetur.
1429 2925 1729 2985 Credentes
1757 2948 1887 2988 vero
1925 2950 2034 2990 non

462 2993 639 3049 solum
669 3007 900 3061 aeternae,
928 3007 1052 3061 vitae
1088 3008 1205 3064 fore
1231 3013 1553 3084 participes,
1590 3020 1686 3074 sed
1735 3032 1792 3076 et
1840 3023 2035 3092 judicii
2063 3033 2106 3091 α

458 3084 733 3146 vitaturos
764 3095 1097 3162 periculum,
1128 3101 1468 3168 justiticatos
1489 3109 1751 3165 nimirum
1775 3113 2032 3181 afﬁrmat,

456 3181 662 3231 metum
703 3195 802 3250 spe
853 3184 1078 3239 mistum
1113 3185 1386 3259 injiciens.
1425 3193 1520 3250 Sic
1563 3200 1709 3253 enim
1759 3201 2034 3260 ellicacior

452 3277 508 3320 et
543 3273 861 3340 expressior
911 3276 968 3332 in
1034 3282 1350 3340 auditorum
1411 3288 1610 3344 animis
1673 3290 1856 3349 futura
1910 3307 2030 3354 erat

2248 1483 2443 1552 Ἀμὴν,
2481 1488 2645 1556 ἀμὴν
2669 1490 2823 1560 λέγω
2859 1493 3016 1561 ὑμῖν,
3059 1493 3148 1548 ὅτι
3194 1497 3226 1548 ὁ
3272 1496 3379 1550 τὸν
3625 1520 3741 1571 μου

2163 1573 2416 1641 ἀκούων,
2446 1579 2543 1632 καί
2573 1583 2873 1637 πιστεύων
2899 1582 2978 1650 τῷ
3006 1586 3312 1656 πέμψαντί
3326 1591 3555 1659 με,ἐχει
3589 1593 3744 1661 ζωὴν

2090 1697 2135 1753 Β
2161 1667 2419 1734 αἰώνιον,
2453 1672 2553 1726 καί
2585 1675 2674 1739 εἰς
2702 1675 2907 1742 κρίσιν
2938 1679 3049 1731 οὐκ
3083 1679 3333 1748 ἔρχεται,
3363 1681 3525 1736 ἀλλὰ
3563 1702 3744 1752 μετα-

2160 1757 2413 1826 ϐέϐηκεν
2434 1761 2502 1815 ἑιι
2535 1763 2644 1816 τοῦ
2676 1766 2937 1821 θανάτου
2963 1771 3051 1834 είς
3082 1769 3198 1838 τὴν
3226 1769 3396 1837 ζωήν.

2227 1850 2540 1916 Ἀποδείξας
2567 1854 2668 1924 ήδη
2701 1855 2789 1910 διὰ
2835 1857 2944 1911 τῶν
2977 1860 3355 1931 προλαϐόντων
3402 1865 3738 1934 ἀρκούντως,

2154 1940 2231 2004 ὡς
2272 1943 2372 1996 οὐκ
2417 1947 2497 2009 εἰς
2543 1947 2704 2017 μόνον
2743 1951 3117 2021 ἁμαρτάνουσι
3153 1944 3244 2006 τὸν
3269 1955 3396 2008 Υἰὸν
3429 1957 3476 2008 oi
3510 1957 3742 2021 τάλανες

2167 2032 2422 2099 Ἰουδαῖοι,
2454 2037 2759 2108 τολμῶντες
2791 2043 3053 2115 ἐπιτιμᾷν
3099 2039 3294 2117 οἷσπερ
3321 2047 3388 2101 ἂν
3419 2047 3554 2121 λέγῃ
3590 2050 3740 2104 διδά-

2153 2128 2384 2199 σκων,ῆ
2435 2130 2528 2183 καὶ
2572 2133 2871 2203 ἐργάζηται
2921 2137 3053 2207 παρ’
3091 2138 3293 2201 αὐτοῖς,
3341 2139 3478 2193 ἀλλὰ
3516 2140 3610 2193 καὶ
3659 2145 3742 2205 εἰς

2149 2216 2312 2270 αὐτὸν
2353 2219 2746 2288 ἀμαθαίνοντες
2793 2225 3171 2295 πλημμελοῦσι
3211 2231 3300 2280 τὸν
3360 2230 3598 2300 Πατέρα,
3644 2231 3742 2285 καὶ

2147 2309 2270 2362 ὅσον
2297 2306 2432 2382 ἦκεν
2478 2315 2557 2376 εἰς
2603 2315 2702 2386 τὴν
2752 2317 2861 2370 τῶν
2891 2317 3193 2389 εἰρημένων
3247 2321 3550 2392 ἐνέργειαν,
3580 2340 3740 2392 περι-

2149 2401 2362 2466 στείλας
2385 2403 2462 2474 τῷ
2491 2405 2638 2476 φόϐῳ
2666 2407 2728 2460 τδ
2753 2407 2972 2480 θράσος,
3021 2414 3114 2465 καὶ
3148 2412 3246 2483 ζῇν
3281 2414 3586 2478 ἀναπείσας
3611 2416 3738 2468 ὲπι-

2143 2491 2452 2566 εικέστερον
2502 2499 2568 2567 τῇ
2621 2497 2732 2551 τῶν
2778 2501 3052 2571 ἐσομένων
3094 2502 3291 2565 ἐλπίδι,
3335 2505 3518 2559 λοιπὸν
3553 2523 3732 2578 σαγη-

2143 2580 2287 2634 νεύει
2332 2583 2469 2653 πρὸς
2518 2587 2848 2644 εὐπείθειαν.
2893 2592 3006 2644 Οὐκ
3053 2593 3290 2663 ἀτέχνως
3330 2595 3388 2648 δὲ
3435 2596 3598 2650 πάλιν
3640 2597 3736 2650 τὸν

2141 2671 2233 2724 ἐπὶ
2276 2673 2485 2738 τούτοις
2521 2677 2814 2750 ἐποιήσατο
2851 2680 3028 2750 λόγον.
3073 2684 3289 2754 Ἐπειδὴ
3324 2685 3433 2757 γὰρ
3469 2683 3615 2741 οἶδεν
3649 2690 3732 2742 ἔτι

2140 2763 2426 2829 νοσοῦντας
2453 2769 2579 2833 τοὺς
2605 2770 2914 2837 Ἰουδαίους,
2943 2772 3458 2846 σκανδαλιξομένους
3480 2780 3730 2834 τουτέστι

2139 2855 2268 2926 περὶ
2303 2857 2490 2923 αὐτοῦ,
2525 2861 2686 2916 πάλιν
2714 2864 2974 2936 ἀναφέρει
3019 2865 3118 2937 τὴν
3151 2866 3334 2920 πίστιν
3368 2871 3448 2932 είς
3473 2870 3534 2922 τὸ
3560 2871 3728 2944 πρόσ-

2137 2963 2284 3002 ωπον
2311 2949 2405 3003 τοῦ
2428 2950 2564 3005 Θεοῦ
2593 2954 2688 3008 καὶ
2713 2955 2947 3025 Πατρὸς,
2971 2957 3069 3027 οὐχ
3092 2959 3166 3023 ὡς
3192 2960 3382 3013 ἑαυτὸν
3407 2960 3512 3025 ἔξω
3532 2961 3725 3028 τιθεὶς,

2140 3036 2252 3089 ἀλλ’
2280 3040 2354 3104 ὡς
2385 3041 2472 3094 διὰ
2510 3043 2608 3115 τὴν
2643 3045 2946 3118 ταυτότητά
2970 3049 3068 3119 τῆς
3096 3051 3282 3116 οὐσίας
3313 3051 3409 3105 καὶ
3452 3055 3509 3106 ἐν
3547 3054 3724 3126 Πατρί

2139 3127 2463 3199 τιμώμενος.
2510 3133 2648 3197 Τοὺς
2698 3133 2755 3188 δέ
2796 3153 2862 3204 γε
2920 3139 3293 3202 πιστεύοντας,
3342 3141 3404 3193 οὐ
3461 3141 3722 3213 μετόχους

2138 3217 2356 3274 ἔσεσθαι
2389 3222 2549 3292 μόνον
2583 3229 2684 3296 τῆς
2721 3228 2939 3282 αἰωνίου
2976 3228 3141 3301 ζωῆς,
3200 3233 3334 3287 ἀλλὰ
3381 3235 3477 3287 καὶ
3521 3235 3614 3289 τὸν
3659 3238 3721 3290 ἐκ

2133 3307 2236 3377 τῆς
2289 3312 2520 3379 κρίσεως
2563 3314 2943 3384 διαφεύξεσθαι
2990 3321 3265 3386 κίνδυνον,
3307 3324 3719 3396 δικαιουμένους

2132 3395 2374 3468 δηλονότι
2422 3402 2828 3476 διισχυρίζεται,
2875 3413 3280 3482 κεκερασμένον
3333 3395 3535 3468 ἐλπίδι
3585 3433 3718 3488 προ-

2143 3448 2373 3468 ,..,--._--
2425 3448 2828 3476 ---νΑνΓ-τυνυιυ,
2877 3448 3280 3482 ,νεηθνυυυμςνυν
3333 3448 3508 3468 ειμι-θυι
3585 3448 3715 3488 Ὶιρυ·

449 3448 640 3505 τείνων
683 3454 775 3508 τὸν
825 3457 1010 3526 φόϐον.
1057 3462 1216 3518 Οὕτω
1244 3465 1351 3539 γὰρ
1401 3463 1469 3540 ἦν
1510 3473 1890 3549 ὲνεργέστερόν
1954 3498 2070 3547 πως
2106 3488 2201 3541 καὶ
2253 3491 2666 3566 δεικτικώτερον
2705 3499 2817 3562 τοῖς
2859 3500 3229 3574 ἀκροωμένοις
3299 3504 3715 3578 ἀπεργάσασθαι

449 3540 714 3578 ηιλυῖλνηυ

448 3739 587 3777 nunc
623 3735 722 3792 est,
757 3732 973 3802 quando
1004 3738 1202 3791 mortui
1248 3741 1465 3798 audient
1497 3762 1671 3803 vocem
1702 3749 1836 3808 Filii
1871 3755 1968 3810 Dei
2003 3774 2022 3811 .'

443 3823 494 3868 et
521 3817 612 3885 qui
639 3818 929 3889 audierint,
961 3826 1152 3885 vivent.

512 3906 648 3963 Cum
684 3909 920 3969 dixisset
965 3919 1257 3979 credentes
1288 3938 1319 3978 a
1351 3936 1533 3984 morte
1583 3935 1923 3992 transituros
1953 3939 2023 3993 ad

438 3997 629 4066 vitam,
673 4003 837 4059 modo
889 4008 1134 4080 seipsum
1194 4010 1577 4085 promissionis
1606 4025 1756 4082 illius
1799 4027 2021 4085 eﬂ‘ecto-

437 4104 576 4155 rem,
600 4094 885 4168 totiusque
908 4101 986 4156 rei
1011 4117 1512 4168 consummatorem
1535 4115 1829 4187 signiﬁcat,
1852 4121 2018 4190 simul

435 4187 604 4241 etiam
635 4187 845 4247 Judaais
877 4193 1130 4253 indicans
1161 4201 1469 4262 mirabilem
1509 4224 1701 4266 revera
1739 4228 1860 4268 eam
1893 4231 2015 4286 quae

435 4285 682 4346 spectata
729 4292 816 4338 est
871 4285 927 4340 in
975 4289 1279 4361 paralytico
1323 4298 1604 4367 virtutem,
1634 4285 2010 4362 verumtamen

434 4369 778 4427 mirabiliora
805 4374 892 4430 his
924 4391 953 4430 a
989 4378 1129 4435 Filio
1155 4394 1432 4453 patratum
1459 4393 1550 4457 iri,
1575 4396 1670 4463 qui
1711 4410 1825 4450 non
1864 4412 2010 4452 mor-

431 4458 562 4514 bum
593 4461 866 4520 duntaxat
910 4477 965 4523 et
1017 4475 1197 4531 morbi
1249 4458 1607 4538 inﬁrmitates
1637 4501 1704 4540 ex
1748 4486 2006 4545 humanis

428 4552 760 4622 corporibus
809 4557 1066 4631 depellat,
1094 4570 1188 4624 sed
1233 4581 1288 4627 et
1339 4575 1513 4644 ipsam
1549 4576 1714 4648 234
1747 4586 2000 4649 mortem,

421 4822 599 4894 diligit
645 4827 866 4899 Filium,
897 4847 952 4892 et
1002 4844 1190 4897 omnia
1233 4845 1574 4904 demonstrat
1623 4851 1672 4906 ei
1707 4868 1832 4923 qua
1882 4857 2000 4926 ipse

420 4912 586 4985 facit;
613 4928 668 4974 et
699 4925 908 4996 majora
940 4931 1027 4988 his
1060 4934 1472 4993 demonstrabit
1507 4939 1556 4994 ei
1589 4912 1777 5012 opera,
1807 4954 1868 5000 ut
1896 4912 1995 5004 vos

419 5007 716 5067 miremini.
757 5034 776 5067 ι
807 5019 1116 5078 Admiratio
1148 5025 1294 5078 enim
1346 5027 1434 5082 illa
1479 5032 1660 5103 major
1706 5035 1762 5089 in
1810 5052 1999 5094 resur-

417 5102 662 5160 rectione
712 5121 1056 5168 mortuorum
1099 5123 1405 5184 spectatur.
1440 5102 1614 5178 Simul
1650 5128 1814 5182 etiam
1857 5130 1993 5186 illud

415 5201 766 5264 astruens,cx
792 5218 903 5272 quo
924 5205 1230 5261 verisimile
1259 5218 1377 5262 erat
1407 5227 1514 5267 non
1547 5217 1874 5275 mediocrem
1894 5238 1992 5277 au-

412 5282 683 5346 ditoribus
718 5294 946 5348 allatum
982 5295 1048 5348 iri
1077 5295 1522 5371 admirationem,
1543 5308 1802 5366 nimirum
1830 5316 1987 5370 exci-

411 5380 652 5434 taturum
683 5398 744 5438 se
771 5393 1047 5448 mortuos,
1081 5393 1136 5441 et
1165 5403 1261 5445 eos
1303 5391 1357 5446 in
1403 5395 1677 5464 judicium
1713 5403 1982 5461 adductu-

407 5475 556 5537 rum,
581 5472 869 5528 manifeste
898 5475 1181 5544 prmdicat,
1215 5488 1275 5534 ut
1303 5495 1369 5537 ex
1414 5502 1480 5542 eo
1505 5491 1650 5558 quod
1681 5507 1740 5547 se
1793 5511 1980 5553 coram

405 5567 472 5608 eo
503 5559 733 5620 stituros
760 5565 1088 5633 aliquando,
1113 5580 1165 5626 et
1197 5575 1464 5633 rationem
1493 5579 1561 5637 de
1595 5583 1825 5655 singulis
1859 5590 1980 5646 red-

477 5736 520 5767 ⁶³
559 5740 756 5812 Supra,
787 5761 925 5802 vers.
978 5747 1066 5802 20.

2197 3668 2402 3738 Ἀμὴν,
2425 3671 2590 3740 ἀμὴν
2629 3671 2785 3743 λέγω
2831 3676 2996 3745 ὑμῖν,
3035 3678 3125 3731 ὅτι
3157 3678 3393 3749 ἔρχεται
3438 3683 3582 3753 ὥρα,
3615 3689 3711 3742 καὶ

2125 3760 2244 3814 νῦν
2269 3761 2460 3827 ἐστιν,
2487 3763 2586 3817 ὅτε
2621 3767 2677 3819 οι
2724 3768 2922 3834 νεκροὶ
2965 3770 3302 3826 ἁκούσουσι
3349 3774 3461 3844 τῆς
3503 3777 3709 3848 φωνῆς

2124 3850 2232 3904 τοῦ
2267 3851 2403 3905 Υίοῦ
2441 3853 2548 3908 τοῦ
2575 3855 2743 3922 Θεοῦ,
2779 3858 2876 3911 καί
2909 3861 2964 3912 οἱ
2988 3859 3364 3933 ἀκούσαντες
3402 3864 3706 3932 (domat.

2193 3942 2290 3996 Ἐκ
2325 3944 2569 4022 ,θανάτου
2618 3947 2755 4018 πρὸς
2798 3946 2946 4019 ζωὴν
2993 3955 3396 4023 μεταδήσεσθαι
3439 3959 3568 4024 τοὺς
3621 3981 3712 4017 πι-

2125 4013 2413 4100 στεύοντας
2464 4013 2674 4105 είπιῖυν,⁷
2697 4013 2913 4094 ἑαυτὸν·
2939 4013 3200 4116 εἰσφέρει.
3225 4047 3324 4117 τῆς
3374 4013 3708 4120 ἐπαγγελίας

2123 4127 2379 4200 ἐργάτην,
2398 4129 2492 4182 καὶ
2521 4130 2642 4183 ὅλου
2677 4131 2770 4185 τοῦ
2802 4133 3126 4204 πράγματος
3156 4139 3539 4213 ἀποτελεστὴν,
3567 4145 3706 4216 ὁμοῦ

2123 4220 2222 4289 μὲν
2268 4223 2444 4276 ἐκεῖνο
2478 4225 2590 4287 τοῖς
2639 4223 2912 4290 Ἰουδαίοις
2959 4229 3421 4301 ὑπαινιττόμενος,
3455 4234 3539 4286 δτι
3573 4236 3705 4291 θαυ-

2121 4312 2297 4383 μαστὴ
2331 4313 2428 4384 μὲν
2455 4313 2621 4378 ὅντως
2643 4316 2792 4369 ἐστὶν
2816 4318 2848 4387 ή
2873 4318 2968 4370 ἐπὶ
2993 4319 3072 4389 τῷ
3096 4323 3520 4395 παραλελυμένῳ
3537 4327 3703 4380 δύνα-

2117 4419 2232 4470 μις,
2267 4403 2701 4477 ἀξιολογωτὲρων
2727 4407 2771 4460 δ’
2805 4405 2898 4462 οὖν
2929 4410 3077 4479 ὅμως
3125 4413 3571 4485 ἀναδειχθήσεται
3601 4419 3700 4490 δη·

2039 4474 2084 4533 ί)
2114 4496 2373 4566 μιουργὸς
2399 4499 2428 4550 ὁ
2447 4474 2716 4563 Υίδς,ὀύκ
2731 4474 3070 4571 ἀρρώστημα
3093 4474 3511 4574 μόνον,οῦδὲ’τάς
3531 4513 3595 4564 ἐκ
3614 4474 3704 4565 νό-

2113 4604 2207 4640 σου
2250 4588 2520 4658 μαλακίας
2552 4591 2660 4644 τῶν
2691 4592 3046 4662 ἀνθρωπίνων
3078 4597 3376 4666 ἐξελαύνων
3400 4603 3696 4672 σωμάτων,

2102 4878 2159 4913 τε
2170 4878 2260 4931 ρον
2281 4864 2568 4934 εἰρημένον
2586 4882 2600 4896 ·
2627 4885 2645 4917 ι
2668 4865 2724 4920 '0
2745 4869 2931 4941 Πατὴρ
2954 4872 3097 4939 φιλεί
3113 4875 3206 4926 τὸν
3229 4875 3375 4938 Υίὸν,
3397 4878 3489 4930 καὶ
3509 4880 3689 4934 πάντα

2099 4951 2388 5020 δείκνυσιν,
2405 4955 2442 5008 ἃ
2461 4956 2624 5020 αὐτὸς
2642 4962 2804 5021 ποιεῖ,
2829 4961 2921 5013 καὶ⁴
2944 4963 3164 5033 μείζονα
3183 4965 3386 5020 τούτων
3409 4968 3573 5035 δείξει
3597 4973 3690 5024 αύ-

2094 5045 2174 5114 τῷ
2190 5043 2348 5115 ἔργα,
2374 5047 2459 5101 ἵνα
2483 5049 2643 5119 ὑμεῖς
2664 5049 3001 5124 θαυμάζητε.
3033 5074 3052 5106 ι
3076 5055 3148 5109 Τὸ
3168 5057 3274 5126 γὰρ
3289 5059 3345 5109 ὲν
3370 5059 3449 5128 τῷ
3465 5061 3681 5130 θαυμά-

2094 5135 2282 5199 ζεσθαι
2307 5137 2573 5205 μεῖζον,ὲν
2600 5143 2659 5212 τῇ
2688 5142 2797 5194 τῶν
2819 5144 3029 5215 νεκρῶν
3045 5147 3338 5201 ἀναστάσει
3372 5151 3626 5218 φαίνεται
3642 5154 3678 5223 ·)

2089 5227 2226 5296 ὁμοῦ
2284 5230 2342 5282 δὲ
2384 5231 2548 5285 πάλιν
2577 5232 2753 5287 ἐκεῖνο
2779 5237 3229 5304 κατασκευάζων,
3259 5241 3396 5311 ὅπερ
3425 5239 3492 5313 ἦν
3531 5245 3680 5308 εῐκδς

2089 5320 2189 5374 οὐκ
2216 5321 2275 5374 ὲν
2297 5322 2462 5394 ὀλίγῳ
2485 5323 2670 5396 μέτρῳ
2691 5328 3089 5396 καταπτοήσειν
3113 5332 3238 5394 τοὺς
3266 5333 3673 5405 ἀκροωμένους·

2088 5408 2299 5481 ὅτιγὰρ
2320 5413 2411 5464 καὶ
2433 5412 2725 5484 ἀναστήσει
2755 5416 2882 5480 τοὺς
2916 5421 3160 5491 νεκροὺς,
3197 5423 3289 5474 καὶ
3326 5424 3463 5494 πρὸς
3491 5427 3675 5496 κρίσιν

2088 5498 2206 5564 ἄξει
2230 5501 2290 5553 τὸ
2321 5501 2554 5572 ποίημα,
2569 5503 2872 5576 διαγορεύει
2907 5511 3113 5579 σαφῶς,
3147 5512 3234 5567 ἵνα
3259 5513 3336 5584 τῷ
3365 5516 3671 5587 προσδοκᾷν

2089 5591 2232 5664 αὐτῷ
2276 5596 2722 5667 παραστήσεσθαί
2775 5618 2922 5665 ποτε,
2980 5604 3070 5656 καὶ
3127 5603 3215 5659 τὸν
3273 5608 3357 5676 ἐφ’
3418 5608 3669 5673 ἑκάστοις
