4052 6518
320 348 426 408 331

1376 319 1753 410 INJOAuNIs
1784 310 2236 413 evasurum
2279 356 2405 417 ua.
2446 357 2512 416 ιι.

3508 360 3616 417 ὅὸι

314 464 630 521 ἀποδώσειν
660 465 841 536 λόγον,
867 467 1221 541 ὀκνηρότεροι
1265 469 1367 540 μέν
1410 486 1530 535 πως
1570 471 1652 535 είς
1690 469 1790 542 τὴν
1832 471 1925 524 ἐπὶ

2031 473 2245 531 dituros
2289 477 2607 546 sperabant,
2647 475 3011 550 persequendi
3043 476 3273 533 audacia
3309 475 3613 540 retardata,

313 557 380 611 τὸ
426 556 646 612 διώκειν
691 558 857 614 αὑτὸν
905 560 1251 632 εὑρίσκοιντο
1295 560 1501 632 τόλμαν
1524 604 1541 629 ,
1585 562 1825 633 δέχοιντο
1865 561 1925 616 δὲ

312 648 737 722 προθυμότερον
798 652 902 722 ήδη
943 651 1038 705 τὸν
1073 654 1174 725 τῆς
1223 652 1574 717 διδασκαλίας
1601 670 1662 707 τε
1702 654 1798 707 καὶ
1824 653 1927 721 ὐφ-

308 742 579 814 ηγήσεως
622 741 803 812 λόγον.
830 744 925 807 Ei;
948 742 1120 798 ταῦτα
1166 745 1266 815 μὲν
1308 740 1401 799 οὖν
1443 746 1472 799 6
1500 744 1593 798 τοῦ
1628 744 1925 815 κεφαλαίου

311 834 524 898 σκοπὸς
561 837 754 907 ὁρᾶται
789 836 884 890 καὶ
936 835 1295 892 συντείνεται.
1350 837 1425 891 T6
1475 836 1530 890 δὲ
1569 837 1708 909 πρὸς
1746 836 1921 902 λέξιν,

311 926 472 997 ἡμᾶς
519 928 821 996 ἀναγκαῖον
875 927 1245 984 ἀπολευκὸωαι
1302 928 1507 985 λοιπόν.
1550 930 1611 983 ὐ
1682 929 1781 1001 μὲν
1831 925 1926 984 οὖν

310 1017 521 1082 κοινὸς,
553 1018 631 1083 ὡς
661 1018 861 1088 ἔοικεν,
887 1021 1001 1092 ἔχει
1048 1020 1205 1091 λόγος
1225 1063 1240 1086 ,
1283 1023 1359 1088 ὼς
1390 1022 1511 1094 ἥξει
1546 1022 1677 1077 ποτὲ
1711 1020 1922 1094 καιρὸς,

309 1110 438 1165 καθ’
480 1111 541 1164 ὃν
575 1112 903 1168 ἀκούσονται
950 1114 1053 1186 τῆς
1088 1114 1182 1169 τοῦ
1233 1115 1614 1179 διανιστῶντος
1652 1115 1836 1186 φωνῆς
1874 1115 1923 1169 οί

309 1204 546 1275 νεκροί·
590 1209 847 1276 παρεῖναι
883 1206 941 1260 δὲ
969 1207 1065 1260 καὶ
1095 1205 1191 1261 νῦν
1229 1207 1383 1262 οὐδὲν
1416 1202 1579 1280 ἧττον
1607 1207 1925 1278 ὑπολαμϐά-

310 1316 505 1354 νουσιν
536 1299 723 1363 αὑτὸν,
753 1299 885 1371 ἢὼς
920 1301 1179 1373 Λαζάρου
1210 1301 1372 1372 τυχὸν
1402 1301 1505 1371 τῆς
1542 1300 1639 1355 τοῦ
1670 1302 1924 1373 Στωτῆρος

310 1391 696 1460 ἁκουσομένου
747 1392 954 1462 φωνῆς,
995 1391 1028 1464 ἢ
1081 1393 1175 1447 καὶ⁵
1214 1395 1445 1465 νεκροὺς
1491 1389 1631 1447 εἶναι
1672 1394 1924 1463 λέγοντες

307 1482 444 1545 τοὺς
468 1480 628 1536 οῠπω
655 1480 744 1536 διὰ
777 1485 878 1554 τῆς
908 1484 1145 1548 πίστεως
1177 1486 1258 1549 εἰς
1290 1484 1507 1539 αἰώνιον
1539 1484 1923 1557 ἀνακεκλημέ-

304 1590 439 1636 νους
479 1573 651 1646 ζωὴν,
698 1574 748 1629 οἳ
806 1574 872 1648 δὴ
930 1577 1027 1631 καὶ
1079 1577 1301 1642 πάντως
1350 1578 1431 1642 είς
1475 1577 1648 1649 αὐτὴν
1698 1576 1923 1647 ἔμελλον

305 1665 712 1736 ἀναϐήσεσθαι,
745 1667 842 1739 τὴν
902 1669 999 1723 τοῦ
1032 1669 1287 1741 Σωτῆρος
1333 1669 1683 1726 διδασκαλίαν
1741 1687 1924 1743 παρα-

2030 567 2279 626 alacrius
2310 570 2531 626 tandem
2579 570 2851 626 doctrinae
2897 579 2951 627 et
2983 562 3355 628 institutionis
3405 585 3619 627 sermo-

2031 674 2156 714 nem
2194 661 2474 717 audirent.
2499 662 2578 717 Eo
2608 662 2796 734 itaque
2824 663 3024 734 capitis
3063 663 3215 718 illius
3249 677 3459 733 scopus
3491 677 3617 733 per-

2029 749 2189 804 tinet.
2221 748 2382 817 Quod
2424 762 2609 809 autem
2656 753 2726 808 ad
2757 755 2926 811 verba
2957 761 3192 825 spectat,
3222 752 3615 824 explicandum

2029 842 2190 898 nobis
2218 853 2496 914 superest.
2524 844 2847 903 Communis
2876 847 3150 918 expositio
3179 854 3287 912 est,
3319 856 3616 901 venturum

2029 933 2333 1004 aliquando
2377 942 2595 1006 tempus
2644 952 2758 1008 quo
2795 937 3002 993 mortui
3047 937 3374 994 suscitantis
3421 950 3615 991 vocem

2027 1027 2257 1083 audient
2288 1045 2304 1087 :
2335 1028 2432 1085 sed
2472 1036 2529 1084 et
2568 1044 2719 1086 nunc
2761 1029 2961 1087 adesse
3007 1030 3368 1085 nihilominus
3434 1028 3615 1097 ipsum

2026 1119 2370 1196 existimant,
2394 1126 2491 1175 aut
2531 1120 2695 1192 quasi
2732 1120 2966 1187 Lazaro,
2990 1119 3231 1191 exempli
3264 1119 3464 1190 gratia,
3494 1117 3618 1172 Sal.

2026 1211 2239 1268 vatoris
2279 1226 2473 1267 vocem
2515 1210 2799 1280 audituro,
2854 1220 2951 1268 aut
3005 1211 3174 1268 etiam
3211 1209 3359 1280 quod
3412 1206 3617 1262 mortui

2026 1304 2284 1359 dicantur
2309 1303 2345 1358 ii
2377 1304 2475 1374 qui
2506 1304 2755 1360 nondum
2784 1319 2883 1375 per
2915 1304 3077 1359 ﬁdem
3116 1302 3186 1359 ad
3215 1311 3480 1358 aeternam
3521 1314 3619 1354 vo-

2025 1395 2137 1451 cati
2165 1395 2280 1452 sint
2312 1394 2508 1462 vitam,
2533 1394 2740 1465 quique
2765 1395 2832 1451 ad
2858 1409 2979 1451 eam
3015 1401 3276 1464 suscepta
3311 1389 3617 1448 Salvatoris

2026 1485 2282 1540 doctrina
2308 1492 2467 1541 erant
2489 1485 2783 1541 evehendi.
2806 1484 2872 1539 Et
2902 1485 3019 1540 haec
3048 1485 3272 1555 quidem
3303 1479 3617 1553 explicandi

2025 1579 2169 1635 ratio
2207 1593 2321 1650 pra:
2366 1593 2428 1634 se
2468 1578 2576 1634 fert
2620 1579 2866 1650 aliquam
2918 1577 3485 1642 verisimilitudinem,
3517 1573 3615 1631 sed

2024 1671 2313 1727 veritatem
2365 1670 2716 1741 neutiquam.
2748 1669 2933 1738 Quare
2978 1670 3254 1726 dictorum
3286 1670 3394 1725 vim
3430 1667 3614 1723 revol-

305 1752 622 1848 δεξάμενοι.
664 1757 775 1811 Καὶ
811 1757 981 1848 σώζει
1009 1758 1109 1830 μὲν
1146 1759 1316 1825 ὅντως
1340 1759 1442 1830 τῆς
1468 1760 1703 1834 θεωρίας
1736 1762 1766 1814 6
1794 1761 1924 1830 τρό-

2029 1766 2218 1847 ventes
2245 1762 2456 1830 animo,
2482 1762 2987 1820 convenientiorem
3030 1764 3113 1818 eis
3134 1776 3357 1818 sensum
3401 1757 3614 1830 aptabi—

303 1863 410 1911 πος
444 1846 511 1900 τὸ
547 1848 609 1901 έν
638 1842 1200 1924 πιθανότητισχῆμα,
1226 1852 1289 1907 τὸ
1323 1852 1383 1907 δὲ
1408 1852 1638 1925 ἀκριϐὲς
1657 1853 1719 1908 οὐ
1746 1853 1911 1912 πάνυ.

2029 1842 2170 1920 mus,
2216 1862 2273 1910 et
2311 1854 2609 1911 lectionem
2645 1854 2794 1910 hunc
2841 1854 2898 1910 in
2932 1853 3156 1910 modum
3192 1852 3612 1924 patelaciemus.

305 1941 400 1996 Διὸ
446 1942 514 2015 δὴ
562 1944 731 2001 πάλιν
780 1947 882 2019 τὴν
925 1947 1035 2003 τῶν
1086 1946 1398 2018 λεγομένων
1446 1946 1907 2020 ἀναμασσώμενοι
1944 1946 2195 2021 δύναμιν,
2236 1948 2331 2003 τὸν
2402 1945 2853 2020 πρεπωδέστερόν
2926 1964 3046 2011 πως
3087 1947 3269 2011 αὐτοῖς
3307 1943 3616 2016 ἐφαρμόσο-

314 2053 418 2107 μεν
452 2036 602 2099 νοῦν,
636 2036 1102 2110 διας-τελοῦμενδὲ
1137 2038 1282 2094 οὕτω
1316 2039 1381 2094 τὸ
1409 2040 1771 2112 ἀνάγνωσμα.

388 2151 409 2185 ‹
451 2133 654 2204 Ἀμὴν,
691 2131 841 2204 ἀμὴν
878 2132 1022 2204 λέγω
1068 2132 1221 2205 ὑμῖν,
1256 2134 1340 2188 δτι
1386 2132 1607 2206 ἔρχεται
1651 2134 1792 2208 ὥρα,
1826 2132 1924 2190 καὶ

304 2224 407 2279 νῦν
431 2228 611 2289 ἐστιν,
652 2225 742 2280 ὅτε
787 2227 871 2302 οἱ,
895 2226 1082 2299 νεκροί⁵
1129 2225 1428 2281 ἀκούσουσι
1463 2228 1562 2298 τῆς
1604 2227 1789 2299 φωνῆς
1825 2222 1933 2281 τοῦ

306 2318 445 2372 Υίοῦ
488 2317 586 2373 τοῦ
618 2318 777 2372 Θεοῦ.
830 2338 851 2372 ι
889 2319 1032 2391 Ὦρα
1073 2318 1329 2392 δηλονότιι
1365 2319 1550 2385 πάλιν,
1599 2319 1689 2374 ὅτε
1732 2320 1829 2374 καὶ
1870 2321 1923 2376 οἱ

306 2409 655 2473 ἀκούσαντες
692 2409 970 2480 ζήσονται.
1000 2410 1099 2465 Διὰ
1141 2411 1243 2482 μὲν
1270 2405 1367 2465 οὖν
1394 2410 1505 2465 τῶν
1542 2412 1601 2465 ὲν
1629 2411 1795 2484 ἀρχῇ,
1830 2412 1924 2467 τὸν

305 2501 417 2573 τῆς
465 2501 823 2566 ἀναστάσεως
871 2502 1129 2574 σημαίνει
1169 2502 1382 2574 καιρὸν,
1418 2503 1543 2558 καθ’
1576 2503 1637 2557 ὃν
1669 2505 1752 2567 είς
1787 2504 1924 2559 ἀπο-

305 2590 506 2661 λογίαν
543 2591 646 2661 τῆς
671 2593 730 2645 ὲν
757 2591 950 2664 κόσμῳ
972 2590 1119 2663 ζωῆς
1156 2592 1560 2664 ἀναστήσεσθαι
1590 2594 1718 2659 τοὺς
1748 2612 1927 2650 κεκοι-

311 2682 603 2755 μημένους
632 2682 721 2737 διά
744 2683 847 2754 τῆς
873 2684 970 2738 τοῦ
999 2683 1344 2750 διδάσκοντος
1372 2685 1683 2740 ἐκδιδάσκει
1713 2687 1920 2758 φωνῆς,

308 2776 403 2830 ἴνα
440 2775 697 2848 καθάπερ
727 2776 830 2848 ἤδη
863 2778 1149 2849 προεῖπον,
1189 2775 1380 2848 ὥσπερ
1407 2777 1533 2832 τινὰ
1578 2778 1791 2849 χαλινὸν
1830 2778 1925 2833 τὸν

307 2867 573 2923 ἐντεῦθεν
604 2868 788 2932 αὐτοῖς
816 2870 1117 2941 ἐπινοήσας
1148 2869 1333 2940 φόϐον,
1366 2868 1550 2934 καλῶς
1608 2869 1675 2943 δὴ
1719 2870 1927 2943 σφόδρα

308 2960 415 3014 καὶ
471 2958 857 3030 ἐπιστημόνως
898 2958 1170 3031 ἀναπείσῃ
1221 2957 1393 3030 βιοῦν.
1444 2959 1544 3014 Διά
1600 2960 1658 3014 δὲ
1703 2960 1813 3015 τῶν
1865 2962 1925 3014 ὲν

307 3052 572 3124 ὑστέροις
616 3052 708 3106 τὸν
748 3051 845 3106 τοῦ
904 3055 1106 3125 χρῆναι
1156 3052 1438 3107 πιστεύειν
1492 3053 1643 3124 αὐτῷ
1683 3052 1923 3107 δείκνυσι

307 3145 568 3216 παρόντα
600 3143 814 3217 καιρὸν,
847 3144 985 3199 ἀλλά
1010 3145 1109 3199 καὶ
1133 3144 1235 3215 τῆς
1263 3143 1578 3209 εὐπειθείας
1603 3143 1794 3215 μισθὸν
1820 3143 1922 3214 τὴν
1948 3186 1992 3246 c

307 3238 536 3293 αἰώνιον
575 3237 797 3291 ἔσεσθαί
850 3254 986 3309 φησι
1029 3236 1205 3307 ζωὴν,
1248 3237 1536 3308 μονονουχὶ
1586 3236 1827 3291 τοιοῦτόν
1865 3252 1919 3289 τι

304 3330 522 3401 δηλῶν·
554 3331 756 3397 Ἦξετε
792 3332 992 3394 πάντες
1022 3330 1103 3393 είς
1135 3327 1338 3400 κρίσιν,
1366 3323 1412 3383 ὦ
1446 3321 1616 3394 οὗτοι,
1646 3328 1791 3383 κατά
1829 3327 1921 3382 τὸν

306 3425 412 3494 τῆς
443 3423 800 3487 ἀναστάσεως
820 3421 1065 3494 δηλονότι
1099 3422 1312 3492 καιρὸν,
1337 3421 1455 3476 ἀλλ’
1479 3422 1530 3475 εί
1560 3421 1756 3492 πικρὸν
1791 3421 1923 3490 ὑμῖν

306 3517 372 3571 τὸ
409 3514 743 3581 κολάζεσθαι
775 3514 942 3580 δοκεῖ,
977 3514 1071 3568 καὶ
1093 3514 1434 3585 ἀπεράντους
1460 3513 1822 3585 λελυπημένῳ
1844 3510 1923 3583 τῷ

306 3608 560 3681 κρίνοντι
603 3606 704 3671 τὰς
745 3607 903 3671 δίκας
952 3606 1197 3678 ὑπέχειν,
1245 3606 1321 3678 μὴ
1371 3607 1743 3679 παρατρέχειν
1790 3606 1922 3659 ἐᾶτε

303 3702 405 3757 τὸν
440 3703 543 3772 τῆς
589 3700 907 3764 εὐπειθείας
955 3700 1169 3772 καιρὸν,
1214 3700 1332 3755 ἀλλ’
1369 3699 1451 3753 ἔτι
1492 3698 1763 3770 παρόντος
1802 3698 1925 3751 ὲπι-

304 3794 694 3867 δραττόμενοι,
719 3793 859 3867 πρὸς
886 3793 985 3866 τὴν
1007 3793 1226 3850 αἰώνιον
1254 3792 1399 3865 ζωὴν
1430 3791 1748 3846 ἀναϐαίνειν
1775 3789 1927 3844 ἐπεί-

308 3888 505 3959 γεσθε.

385 3982 626 4050 Ὠσπερ
655 3979 769 4050 γὰρ
797 3982 832 4034 ό
877 3979 1083 4049 Πατὴρ
1119 3982 1245 4050 ἔχει
1279 3978 1435 4048 ζωὴν
1474 3978 1547 4033 ἐν
1575 3975 1791 4044 ἐαυτῷ,
1824 3975 1928 4031 οὔ·

306 4089 431 4138 τως
479 4071 581 4126 καί
605 4069 687 4137 τῷ
728 4070 842 4137 Υἱῷ
867 4070 1090 4125 δέδωκε
1114 4069 1268 4140 ζωὴν
1291 4071 1456 4141 ἔχειν
1485 4070 1554 4125 ὲν
1581 4068 1800 4137 ἐαυτῷ,
1822 4066 1927 4123 καί

307 4168 615 4235 ἐξουσίαν
655 4166 886 4221 ἔδωκεν
933 4165 1096 4232 αὐτῷ
1158 4166 1260 4221 καὶ
1312 4166 1517 4236 κρίσιν
1558 4162 1786 4230 ποιεῖν,
1836 4162 1928 4220 ὅτι

319 4260 461 4327 Υἱὸς
486 4257 807 4328 ἀνθρώπου
840 4258 1035 4313 ἐστίν.

389 4352 539 4424 Ὅρα
567 4352 631 4422 δή
658 4368 751 4422 μοι
781 4350 942 4404 πάλιν
983 4350 1077 4404 καὶ
1126 4350 1227 4422 τὴν
1266 4350 1325 4404 ὲν
1347 4350 1560 4414 τούτοις
1589 4345 1926 4417 οίκονομίαν,

312 4444 408 4498 ῐνα
444 4442 544 4497 τοῦ
595 4441 755 4511 λόγου
792 4439 1085 4513 θαυμάσῃς
1111 4439 1171 4493 τὸ
1218 4440 1426 4512 σχῆμα.
1463 4440 1559 4495 καὶ
1594 4438 1670 4511 μὴ
1717 4439 1830 4501 τοῖς
1867 4437 1930 4507 ἐξ

2101 2148 2121 2183 ι
2157 2129 2357 2196 Amen,
2386 2143 2549 2186 amen
2602 2130 2732 2188 dico
2780 2130 2960 2198 vobis,
2987 2129 3122 2203 quia
3178 2130 3330 2186 venit
3357 2129 3517 2198 hora,
3562 2137 3618 2186 ct

2024 2239 2175 2280 nunc
2225 2230 2346 2290 est,
2389 2223 2616 2295 quando
2687 2224 2891 2281 mortui
2952 2222 3183 2279 audient
3239 2236 3435 2277 vocem
3490 2220 3616 2276 Filii

2026 2315 2147 2372 Dei.
2197 2337 2216 2370 ι
2254 2316 2400 2372 Hora
2451 2317 2710 2374 videlicet
2759 2331 2984 2373 rursum
3036 2323 3140 2379 est,
3180 2313 3404 2386 quando
3432 2322 3487 2369 et
3519 2312 3617 2385 qui
3678 2332 3683 2343 ι

2025 2409 2327 2478 audierint,
2368 2398 2593 2467 vivent.‘
2627 2409 2919 2467 Prioribus
2981 2408 3153 2481 igitur
3182 2407 3371 2463 verbis
3429 2422 3620 2464 resur-

2024 2499 2289 2557 rectionis
2319 2508 2537 2572 tempus
2574 2500 2875 2572 signiﬁcat,
2902 2513 3012 2570 quo
3045 2498 3115 2553 ad
3150 2497 3486 2554 reddendam
3522 2512 3615 2552 ra-

2022 2593 2230 2649 tionem
2264 2593 2395 2649 vita:
2434 2592 2492 2649 in
2522 2592 2630 2650 hoc
2665 2592 2875 2648 mundo
2901 2599 3141 2663 peracta:
3182 2591 3513 2647 suscitatum
3546 2589 3614 2645 iri

2025 2696 2277 2741 mortuos
2309 2685 2524 2753 edocet,
2561 2693 2622 2741 ut
2647 2700 2764 2749 eos,
2795 2682 3266 2756 quemadmodum
3299 2683 3452 2756 prius
3498 2681 3614 2751 jam

2024 2776 2165 2843 dixi,
2198 2777 2367 2849 hujus
2406 2780 2488 2835 rei
2536 2777 2836 2835 formidine
2876 2775 3035 2848 quasi
3093 2774 3252 2832 freno
3274 2774 3512 2846 quodam
3559 2774 3614 2829 in

2023 2877 2178 2926 recta
2205 2877 2262 2926 et
2296 2871 2533 2925 honesta
2563 2869 2788 2926 vivendi
2833 2869 3050 2924 ratione
3082 2866 3386 2923 contineat.
3425 2864 3618 2921 Poste-

2022 2961 2266 3018 rioribus
2313 2969 2495 3017 autem
2544 2961 2729 3017 verbis
2776 2968 3000 3030 tempus
3051 2958 3101 3014 ei
3153 2956 3412 3014 credendi
3462 2970 3616 3011 nunc

2021 3050 2219 3108 adesse
2255 3050 2523 3117 declarat,
2548 3049 2644 3106 sed
2669 3057 2725 3105 et
2769 3049 3099 3123 obedientiz'e
3132 3047 3417 3116 praemium
3453 3055 3617 3101 mter-

2025 3158 2150 3199 nam
2179 3144 2350 3198 vitam
2376 3142 2496 3199 fore
2528 3143 2627 3209 ait,
2653 3140 2763 3197 tale
2791 3140 3075 3212 quidpiam
3108 3136 3507 3211 propemodum
3538 3135 3623 3194 sic

2025 3239 2297 3312 gniﬁcans
2343 3237 2635 3296 :Venietis
2680 3253 2871 3295 omnes
2924 3236 2993 3292 ad
3043 3235 3340 3307 judicium,
3368 3241 3619 3305 tempore

2023 3329 2458 3389 resurrectionis
2491 3329 2767 3397 videlicet,
2811 3327 2910 3385 sed
2942 3328 2992 3385 si
3031 3328 3191 3384 vobis
3239 3326 3502 3382 acerbum
3536 3325 3620 3379 vi-

2025 3425 2189 3481 detur
2237 3421 2507 3479 oll‘ensum
2570 3421 2815 3492 judicem
2869 3435 2901 3475 a
2958 3419 3121 3477 vobis
3178 3416 3619 3474 interminabiles

2025 3531 2225 3589 plenas
2256 3522 2524 3588 repetere,
2542 3515 2713 3570 nolite
2729 3513 2890 3586 235
2915 3511 3210 3570 obediendi
3241 3519 3458 3582 tempus
3480 3525 3621 3581 pra:-

2027 3610 2356 3677 termiltere,
2402 3607 2498 3664 sed
2547 3608 2684 3662 illud
2714 3606 2826 3676 jam
2857 3621 3107 3676 praesens
3143 3604 3507 3676 arripientes,
3549 3600 3619 3658 ad

2026 3710 2291 3758 aeternam
2331 3703 2501 3757 vitam
2537 3698 2842 3756 ascendere
2879 3697 3143 3754 nitimini.

2100 3968 2169 4035 ν,
2190 3967 2284 4035 26,
2302 3967 2395 4025 27.
2427 3966 2582 4024 Sicut
2610 3967 2748 4022 enim
2769 3966 2937 4022 Pater
2967 3965 3122 4019 habet
3151 3964 3314 4018 vitam
3338 3962 3393 4017 in
3425 3968 3619 4016 semct-

2029 4063 2144 4134 ipao
2171 4102 2187 4128 ,
2226 4061 2305 4116 sic
2330 4059 2477 4115 dedit
2506 4067 2558 4114 et
2593 4057 2740 4114 Filio
2789 4058 2983 4112 habere
3010 4058 3176 4111 vitam
3205 4055 3261 4108 in
3304 4053 3619 4121 semetipso;

2028 4164 2080 4211 et
2120 4160 2435 4222 potestatem
2464 4150 2611 4208 dedit
2642 4151 2693 4207 ei
2724 4149 2990 4221 judicium
3033 4149 3228 4218 facere.
3268 4147 3395 4216 Quia
3433 4144 3618 4201 Filius

2032 4246 2260 4302 hominis
2291 4253 2392 4302 est.

2100 4337 2496 4395 Animadverte
2545 4351 2746 4393 rursus
2783 4335 2983 4391 horum
3018 4337 3318 4391 verborum
3369 4332 3617 4403 disposi-

2032 4430 2276 4495 tionem,
2324 4437 2385 4485 ut
2431 4428 2656 4485 dicendi
2699 4428 2939 4484 formam
2991 4427 3246 4494 mireris,
3293 4436 3348 4482 et
3395 4442 3465 4481 ne
3507 4441 3622 4497 pra:

314 4534 567 4607 ἀμαθίας
608 4532 961 4603 περιπίπτων
1001 4531 1341 4598 σκανδάλοις,
1378 4532 1542 4596 αὐτὸς
1576 4532 1670 4586 ἐπὶ
1713 4532 1925 4605 σεαυτῷ

2034 4525 2312 4597 imperitia
2354 4524 2412 4579 in
2445 4521 2783 4580 oll'ensiones
2830 4522 3156 4586 incurrens,
3197 4521 3318 4591 ipse
3363 4519 3463 4574 tibi
3503 4517 3622 4574 exi-

313 4626 575 4691 καλέσεις
611 4627 711 4696 τὴν
768 4624 1068 4681 ἀπώλειαν.
1103 4623 1427 4695 Ἀνθρωπος
1470 4624 1757 4699 ὑπάρχων,
1797 4625 1923 4680 ὅσον

313 4722 399 4792 εἰς
430 4718 534 4792 τὴν
565 4717 729 4789 φύσιν
755 4717 850 4772 τοῦ
885 4718 1162 4789 σώματος,
1190 4718 1221 4772 6
1253 4717 1590 4789 Μονογενὴς,
1612 4719 1718 4775 καὶ
1741 4719 1819 4783 ώς
1842 4715 1925 4786 εἷς

314 4814 380 4880 ἐξ
410 4812 577 4885 ἡμῶν
612 4811 707 4865 ἐπὶ
741 4811 842 4883 τῆς
868 4811 972 4881 γῆς
1002 4808 1084 4864 ἔτι
1117 4809 1258 4881 μετά
1286 4810 1490 4882 σαρκὸς
1512 4798 1811 4883 ὁρώμενος,
1830 4813 1928 4868 καὶ

313 4909 435 4970 τοῖς
477 4903 757 4967 Ἰουδαίοις
796 4901 1156 4976 πολυτρόπως
1201 4901 1272 4956 τά
1315 4902 1452 4972 πρὸς
1491 4903 1771 4975 σωτηρίαν
1812 4905 1928 4959 εισ..

315 4996 653 5069 ηγούμενος,
682 4995 778 5051 δύο
804 4994 1148 5067 πραγμάτων
1184 4993 1506 5066 θεοπρεπῶν
1535 4995 1717 5067 ἑαυτῷ
1763 5014 1926 5067 περι-

316 5089 543 5143 τέθεικε
584 5087 688 5161 τὴν
740 5087 1125 5160 λαμπρότητα.
1159 5086 1284 5141 Ὅτι
1331 5089 1443 5159 γὰρ
1488 5087 1583 5141 καὶ
1626 5089 1926 5159 ἀναστήσει

316 5184 452 5248 τους
500 5180 918 5253 νεκροὺςγκαὶ
972 5178 1410 5253 κριθησομένους
1456 5181 1804 5252 παραστήσει
1846 5180 1928 5253 τῷ

318 5268 1149 5342 οἰκείῳ.βήματι,διε6ε6αιοῧτο
1177 5270 1365 5339 σαφῶς
1388 5285 1401 5298 ·
1430 5269 1546 5325 ἀλλ’
1579 5267 1648 5344 ἦν
1670 5270 1764 5325 καὶ
1798 5272 1930 5342 σφό-

318 5361 426 5433 δρα
458 5361 609 5427 είκὺς
634 5361 1011 5433 δυσχεραίνειν
1038 5362 1132 5416 ἐπὶ
1157 5363 1333 5435 τούτῳ
1358 5362 1486 5427 τοὺς
1517 5364 1930 5436 ἀκροωμένους,

320 5450 702 5523 ἐγκαλοῦντας
749 5450 887 5522 ἤδη,
924 5450 1018 5506 καὶ
1062 5451 1279 5507 διώκειν
1323 5453 1557 5523 εὐλόγως
1597 5454 1764 5508 αὐτὸν
1795 5453 1930 5509 ὑπο-

321 5544 654 5611 πτεύοντας,
684 5544 771 5598 ὅτι
824 5544 1049 5618 Πατέρα
1098 5546 1231 5602 ίδιον
1285 5545 1439 5617 ἔλεγε
1482 5547 1573 5601 τὸν
1618 5546 1753 5602 Θεὸν
1773 5588 1786 5611 ,
1818 5546 1932 5600 ἴσον

256 5630 265 5636 ’
321 5639 525 5696 ἑαυτὸν
572 5637 746 5693 ποιῶν
793 5636 872 5709 τῷ
899 5638 1038 5711 Θεῷ.
1070 5640 1440 5714 Ἀνακεράσας
1480 5643 1657 5697 τοίνυν
1711 5641 1933 5712 ἐξουσίᾳ

408 5812 454 5841 ⁸⁸
494 5818 697 5889 Supra,
726 5834 780 5885 ι’,
819 5818 900 5873 l8.

2032 4618 2172 4675 tium
2200 4632 2482 4675 arcessas.
2508 4616 2684 4672 llomo
2707 4631 2835 4671 cum
2860 4620 3008 4671 esset
3042 4613 3403 4685 Uuigenitus,
3440 4611 3623 4682 quoad

2033 4709 2292 4782 corporis
2317 4718 2603 4773 naturam,
2644 4715 2701 4763 et
2729 4706 2873 4763 sicut
2904 4721 3051 4761 unus
3085 4721 3150 4760 ex
3177 4704 3338 4759 nobis
3374 4703 3430 4757 in
3473 4710 3623 4758 terra

2034 4816 2161 4858 cum
2202 4816 2372 4858 carne
2402 4800 2587 4857 adhuc
2615 4805 2930 4871 appareret,
2976 4811 3041 4851 ac
3089 4794 3299 4852 Iudaeis
3332 4795 3623 4864 multiplici

2032 4893 2254 4949 ratione
2288 4900 2596 4962 exponeret
2623 4904 2688 4946 ea
2734 4904 2862 4961 quae
2912 4886 2984 4946 ad
3027 4887 3265 4943 salutem
3319 4886 3623 4958 pertinent,

2035 4982 2274 5038 duarum
2314 4995 2640 5053 magnarum
2680 4994 2866 5035 rerum
2912 4985 2970 5034 et
3014 4975 3126 5032 Deo
3167 4975 3625 5033 convenientium

2033 5078 2343 5136 claritatem
2384 5075 2493 5132 sibi
2541 5072 2888 5130 conciliavit.
2949 5070 3086 5127 Nam
3126 5079 3182 5127 et
3213 5086 3244 5125 a
3277 5087 3338 5127 se
3371 5079 3626 5127 mortuos

2034 5172 2373 5230 suscitatam
2400 5168 2491 5231 iri,
2515 5176 2571 5222 et
2595 5164 2935 5238 judicandos
2960 5165 3030 5221 ad
3061 5156 3225 5222 suum
3254 5164 3497 5220 tribunal
3525 5176 3628 5220 au-

2035 5263 2264 5320 ductum
2298 5260 2367 5315 iri
2407 5258 2587 5330 palam
2652 5256 3003 5314 allirmabat:
3034 5257 3131 5314 sed
3168 5258 3458 5328 probabile
3503 5264 3625 5312 erat

2037 5355 2325 5412 auditores
2355 5368 2478 5408 eam
2514 5365 2631 5408 rem
2685 5364 2832 5420 aegre
2870 5349 3170 5406 admodum
3229 5349 3463 5413 laturos,
3498 5362 3623 5401 cum

2032 5451 2149 5524 jam
2191 5464 2317 5506 eum
2366 5447 2876 5520 reprehenderent,
2923 5451 2980 5500 et
3024 5444 3152 5515 jure
3196 5439 3463 5498 insectari
3517 5440 3624 5495 sibi

2036 5541 2459 5617 persuaderent,
2478 5539 2740 5611 quoniam
2759 5536 2979 5592 Patrem
3001 5548 3164 5592 suum
3186 5530 3407 5588 dicebat
3428 5527 3622 5593 Deum,

2041 5637 2312 5711 aequalem
2346 5651 2404 5693 sc
2430 5629 2876 5692 l‘aciensDco“.
2915 5625 3111 5683 Divina
3152 5623 3338 5694 itaque
3376 5626 3619 5692 potesta-
