4052 6510
513 345 622 402 583

1503 325 1563 382 S.
1599 324 1879 382 CYRILLI
1915 323 2392 385 ALEXANDRINI
2428 328 2750 388 ARCHIEP.

3666 336 3768 396 σει

513 457 568 502 te
600 456 657 503 et
697 444 990 517 splendore
1035 458 1347 500 sermonem
1381 450 1700 515 temperans
1749 442 2074 498 humanitati

2192 445 2292 499 καὶ
2327 445 2671 520 λαμπρότητι
2696 450 2764 519 τῇ
2813 446 3109 521 θεοπρεπιῖ
3135 450 3227 503 τὸν
3250 450 3557 523 ἁρμόζοντα
3586 454 3653 522 τῇ
3680 453 3771 505 ἀν-

513 537 956 601 convenientem,
992 536 1087 591 iraa
1139 534 1496 606 asperitatem
1549 531 1840 598 subducit,
1892 533 2090 589 mitius

513 626 918 697 quodammodo
965 640 1031 680 ac
1075 625 1415 682 submissius
1454 639 1622 695 quam
1678 622 1970 693 oportebat
2006 622 2091 678 di-

512 732 646 774 cens
670 734 685 771 :
708 736 727 767 ι
758 715 914 771 Sicut
938 717 1089 772 enim
1118 717 1281 772 Pater
1304 715 1470 771 habet
1490 716 1661 770 vitam
1679 715 1736 775 in
1763 714 2088 785 semetipso,

511 806 594 862 sic
628 818 683 863 et
712 805 851 862 Filio
877 806 1029 863 dedit
1063 806 1271 864 habere
1293 807 1462 862 vitam
1491 805 1547 861 in
1579 806 1902 877 semetipso.
1935 823 1955 858 ι
1982 804 2091 860 Νο-

509 899 606 955 lite
635 901 848 967 mirari,
882 901 1085 971 inquit,
1113 902 1161 957 si
1199 917 1328 957 cum
1352 901 1524 957 vestri
1545 914 1698 956 nunc
1729 900 1930 958 similis
1958 901 2086 967 sim,

508 1006 574 1045 ac
604 992 794 1047 videar
830 994 1017 1058 homo.
1048 1003 1301 1051 mortuos
1319 1009 1409 1049 me
1435 994 1835 1051 suscitaturum
1854 991 2089 1063 promit-

508 1091 594 1148 to,
639 1090 689 1137 et
741 1083 799 1138 in
855 1083 1130 1153 judicium
1183 1085 1551 1140 adducturum
1617 1083 1848 1137 minitor
1884 1102 1897 1137 :
1938 1082 2089 1138 dedit

507 1173 714 1242 quippe
770 1174 908 1229 mihi
960 1174 1123 1231 Pater
1156 1182 1486 1245 potestatem
1542 1173 1889 1239 viviﬁcandi,
1937 1173 2090 1229 dedit

508 1264 647 1319 mihi
696 1264 986 1333 judicandi
1031 1273 1385 1337 patestatem.
1420 1264 1720 1337 Postquam
1777 1274 1960 1322 autem
1990 1264 2089 1321 Ju-

506 1355 749 1410 dzeorum
801 1357 1046 1413 lubricas
1089 1372 1255 1412 aures
1304 1357 1392 1413 his
1422 1358 1608 1413 verbis
1661 1358 1899 1422 curavit,
1937 1358 2087 1412 illico

506 1462 567 1502 se
603 1446 670 1502 ad
704 1448 990 1518 sequentia
1027 1449 1328 1512 convertit,
1360 1456 1418 1504 et
1445 1463 1673 1504 causam
1702 1449 1892 1505 statim
1913 1465 2087 1520 expo-

504 1553 664 1604 nens,
698 1540 770 1595 ob
801 1553 967 1609 quam
1008 1539 1089 1593 ait
1121 1555 1181 1595 se
1230 1546 1556 1609 potestatem
1588 1540 1743 1594 illam
1774 1541 2083 1609 accepisse,

504 1626 767 1681 nimirum
801 1626 1233 1691 humanitatem,
1266 1642 1388 1698 qua).
1426 1642 1458 1681 a
1502 1626 1684 1697 seipsa
1725 1625 1867 1680 nihil
1893 1624 2082 1691 habet,

2195 534 2508 606 θρωπότητι
2548 538 3075 606 λόγον,ΰποκλέπτει
3108 540 3170 593 τὸ
3221 540 3361 612 βαρὺ
3413 541 3513 612 τῆς
3561 542 3730 611 ὀργῆς
3751 580 3769 606 ο

2192 626 2596 697 ἐπιεικέστερόν
2642 644 2759 692 πως
2816 627 2912 683 καὶ
2942 628 3250 700 ὑφειμένως
3276 669 3291 694 ,
3320 630 3354 700 ἢ
3386 622 3533 703 ᾗπερ
3583 632 3770 701 ἐχρῆν,

2191 715 2366 786 λέγων
2397 734 2411 747 ·
2441 736 2461 768 ι
2498 718 2708 789 Ὠσπερ
2753 717 2860 788 γάρ
2886 721 2916 772 ὁ
2940 719 3128 792 Πατὴρ
3157 720 3268 791 ἔχει
3309 720 3456 792 ζωὴν
3481 722 3539 775 ἐν
3571 721 3774 791 ἐαυτῷ,

2190 806 2336 861 οὕτω
2357 809 2451 861 καὶ
2471 807 2550 879 τῷ
2587 808 2705 878 Υίῷ
2734 808 2935 862 δέδωκε
2963 810 3107 883 ζωὴν
3128 811 3271 881 ἔχειν
3292 812 3352 865 ἐν
3387 810 3589 882 ἐαυτῷ.
3624 830 3643 861 ι
3681 811 3774 879 Μὴ

2193 894 2526 966 θαυμάζετε,
2555 897 2721 967 φησιν
2744 937 2760 962 ,
2796 897 2845 950 εἰ
2899 897 3023 951 καθ’
3060 898 3204 970 ὑμᾶς
3233 898 3330 952 νῦν
3365 898 3647 970 ὑπάρχων,
3683 899 3779 950 καί

2192 986 2471 1058 ὁρώμενος
2499 985 2785 1058 ἄνθρωπος
2807 1027 2822 1050 ,
2850 988 3175 1060 ἀναστήσειν
3227 988 3594 1059 ὑπισχνοῦμαι
3648 988 3780 1050 τοὺς

2189 1079 2439 1150 νεκροὺς,
2469 1079 2567 1132 καὶ
2599 1081 2677 1143 εἰς
2707 1079 2888 1151 κρίσιν
2913 1081 3067 1149 ἀγειν
3098 1080 3308 1135 ἀπειλῶ
3331 1098 3343 1110 ·
3374 1078 3578 1134 δέδωκέ
3604 1097 3697 1149 μοι
3720 1078 3780 1132 τὸ

2188 1168 2447 1252 δύνασθαι
2488 1168 2775 1239 ζωογονεῖν
2797 1172 2826 1224 ὁ
2860 1172 3074 1243 Πατὴρ,
3104 1171 3304 1225 δέδωκέ
3342 1189 3433 1242 μοι
3470 1170 3529 1223 τὸ
3568 1172 3780 1241 κρίνειν

2189 1261 2279 1315 ἐπ’
2315 1261 2585 1329 ἐξουσίας.
2630 1262 2851 1333 Ἐπειδὴ
2898 1263 2957 1317 δέ
2988 1263 3076 1317 διὰ
3114 1263 3320 1316 τούτων
3363 1263 3463 1333 τὴν
3503 1262 3776 1315 εὐόλισθον

2187 1352 2296 1406 τῶν
2323 1352 2591 1408 Ἰουδαίων
2616 1353 3021 1426 τεθεράπευκεν
3046 1355 3235 1424 ἀκοὴν,
3254 1354 3512 1425 φροντίδι
3533 1356 3770 1419 ποιεῖται

2187 1444 2392 1516 γοργὴν
2440 1445 2534 1499 καὶ
2563 1445 2664 1513 τῆς
2690 1445 2799 1498 τῶν
2820 1445 3018 1517 ἐφεξῆς
3047 1445 3334 1515 ὠφελείας,
3354 1447 3447 1499 καὶ
3470 1447 3571 1517 τὴν
3592 1447 3771 1501 αἰτίαν

2187 1539 2348 1602 εὐθὺς
2376 1538 2470 1592 τοῦ
2518 1537 2763 1608 δεδέχθαι
2797 1538 2977 1607 λέγειν
3015 1538 3207 1591 ἐαυτὸν
3242 1537 3607 1610 ἐξηγούμενος
3671 1537 3769 1606 τὴν

2185 1629 2338 1682 ούδέν
2391 1627 2619 1699 ἔχουσαν
2660 1628 2720 1693 ἐξ
2762 1628 2962 1699 ἐαυτῆς
3006 1627 3424 1698 ἀνθρωπότητα,
3454 1628 3771 1699 προϊσχεται

501 1716 728 1787 subjicit
758 1735 770 1772 :
806 1736 825 1768 ι
864 1715 1004 1783 Quia
1050 1715 1227 1773 Filius
1273 1716 1517 1772 hominis
1551 1726 1657 1772 est.
1689 1735 1709 1768 ι
1745 1714 1902 1783 Quod
1933 1717 2074 1771 enim

2186 1720 2378 1789 λέγων’
2427 1740 2444 1772 ι
2486 1721 2604 1774 Ὅτι
2634 1719 2763 1784 Υἰός
2784 1719 3074 1791 ἀνθρώπου
3121 1719 3287 1772 ἐστίν.
3326 1738 3346 1770 ι
3379 1720 3501 1773 ’Ότι
3543 1720 3651 1788 γάρ
3682 1720 3777 1773 καὶ

501 1810 613 1862 vita
663 1808 736 1862 sit
767 1807 1076 1864 secundum
1112 1815 1369 1862 naturam
1412 1822 1569 1863 suam
1606 1808 1957 1878 Unigenitus,
1992 1823 2074 1861 ne-

2192 1812 2304 1884 ζωὴ
2333 1812 2475 1867 κατὰ
2497 1812 2660 1881 φύσιν
2686 1812 2838 1864 ἐστὶν
2861 1813 2888 1864 ὁ
2918 1809 3251 1882 Μονογενὴς,
3279 1811 3372 1864 καὶ
3407 1811 3469 1863 ού
3500 1810 3647 1880 ζωῆς
3675 1812 3774 1881 τῆς

497 1914 608 1967 que
635 1902 806 1954 vitam
851 1898 921 1954 ab
957 1899 1068 1953 alio
1108 1898 1438 1969 participet,
1491 1898 1589 1954 sed
1638 1913 1703 1954 co
1757 1897 1921 1953 modo
1970 1914 2080 1968 quo

497 1991 665 2047 Pater
695 1991 967 2056 viviﬁcet,
998 1991 1341 2063 superﬂuum
1364 1999 1472 2057 est,
1502 1992 1724 2061 Opinor,
1760 1991 2083 2062 impraesena

498 2083 702 2136 tiarum
751 2083 960 2146 dicere,
1007 2099 1133 2138 cum
1184 2084 1244 2138 in
1286 2084 1413 2139 libri
1454 2083 1624 2153 hujus
1657 2084 1814 2138 initio
1851 2082 1973 2140 fuse
2014 2083 2082 2139 de

500 2174 599 2228 illo
633 2174 979 2245 disputatum
1009 2175 1082 2231 sit
1109 2175 1176 2229 ad
1204 2191 1329 2231 eum
1369 2176 1551 2232 locum
1582 2194 1598 2231 :
1632 2194 1651 2227 ι
1678 2175 1837 2243 Quod
1874 2174 2079 2229 factum

496 2273 584 2319 cst
621 2265 675 2318 in
711 2265 834 2335 ipso
866 2265 975 2319 vita
1006 2273 1125 2320 erat
1155 2266 1222 2321 ⁸⁷.
1261 2285 1282 2320 ι

566 2353 636 2419 ν,
668 2355 760 2416 28,
784 2356 874 2411 29.
906 2358 1085 2411 Nolite
1130 2358 1323 2412 mirari
1353 2358 1473 2424 hoc,
1504 2358 1629 2428 quia
1662 2359 1799 2413 venit
1853 2357 1986 2411 hora
2024 2359 2077 2412 in

494 2464 601 2513 qua
640 2462 820 2501 omnes
854 2449 944 2517 qui
985 2449 1038 2502 in
1084 2450 1433 2504 monumentis
1477 2458 1623 2512 sunt,
1654 2448 1867 2502 audient
1905 2465 2078 2503 vocem

496 2536 628 2591 Filii
662 2536 780 2599 Dei,
815 2549 865 2594 et
913 2540 1194 2608 procedant
1224 2541 1314 2610 qui
1360 2539 1527 2612 236
1561 2538 1697 2594 bona
1732 2540 1992 2609 fecerunt,
2024 2544 2080 2596 in

492 2632 923 2686 resurrectionem
975 2634 1096 2688 vita
1137 2650 1156 2688 :
1217 2633 1308 2704 qui
1355 2649 1475 2688 vero
1530 2633 1677 2687 mala
1725 2643 1971 2706 egerunt,
2023 2637 2078 2689 in

495 2723 926 2776 resurrectionem
956 2724 1176 2794 judicii.

565 2812 661 2870 His
702 2814 922 2886 quidem
967 2817 1152 2873 verbis
1207 2813 1638 2889 resurrectionis
1692 2815 2075 2873 universorum

491 2918 709 2979 tempus
740 2909 1040 2980 signiﬁcat,
1075 2924 1212 2979 quo,
1246 2917 1306 2963 ut
1338 2909 1562 2964 divinus
1593 2908 1687 2964 ille
1718 2916 1905 2964 noster
1927 2908 2075 2963 Pau-

488 2998 571 3053 lus
600 3000 822 3065 scribit,
872 3020 891 3053 ι
937 3000 1061 3071 ipse
1100 2999 1370 3057 Dominus
1416 3000 1471 3054 in
1504 2999 1695 3070 jussu,
1736 3000 1791 3054 in
1824 3016 1957 3056 voce
1986 3018 2077 3056 ar-

485 3088 769 3159 changeli,
797 3089 853 3144 in
893 3076 1501 3145 tuba'Dei'desecndet
1521 3089 1588 3144 de
1620 3090 1783 3154 coelo,
1815 3108 1834 3142 ι
1851 3088 2073 3159 judica-

2191 1906 2321 1977 παρ’
2344 1905 2531 1975 ἐτέρου
2563 1904 2812 1975 μέτοχος,
2838 1903 3126 1970 ζωογονεῖν
3153 1920 3210 1956 τε
3234 1901 3427 1966 οὕτως,
3460 1901 3649 1974 ῶσπερ
3681 1906 3775 1956 καὶ

2187 1996 2217 2047 ὁ
2243 1998 2466 2067 Πατὴρ,
2500 1995 2753 2067 περιττὸν
2789 1989 2945 2064 οἶμαι
2974 1993 3153 2062 λέγειν
3198 1993 3332 2062 πρὸς
3364 1994 3426 2046 τὸ
3460 1993 3656 2063 παρὸν,
3680 1995 3779 2046 ἐπ·
3820 1994 3833 2001 ”

2189 2086 2348 2158 εἰπερ
2386 2087 2517 2157 ἡμῖν
2557 2087 2616 2140 οὐ
2656 2085 2866 2158 βραχὺς
2899 2087 2956 2139 ἐν
3005 2084 3179 2156 τούτῳ
3220 2084 3585 2155 δεδαπάνηται
3617 2084 3775 2154 λόγος

2188 2178 2246 2229 ἐν
2275 2178 2416 2249 ἀρχῇ
2450 2178 2545 2232 τοῦ
2603 2176 2811 2247 βιϐλίου
2836 2218 2850 2243 ,
2888 2176 3251 2248 προκειμένου
3299 2175 3487 2246 ῥητοῦ,
3529 2196 3545 2226 ι
3589 2178 3655 2229 Ὀ
3682 2193 3775 2245 γεο

2188 2284 2344 2336 γονεν
2384 2270 2440 2322 ἐν
2475 2267 2623 2337 αὐτῷ
2652 2266 2767 2337 ζωὴ
2799 2261 2887 2337 ἧν.
2921 2284 2940 2317 ι

2257 2359 2355 2427 Μὴ
2404 2358 2726 2428 θαυμάζετε
2775 2358 2989 2421 τοῦτο,
3044 2357 3134 2411 ὅτι
3183 2358 3414 2427 ἔρχεται
3453 2357 3595 2428 ῶρα,
3639 2358 3708 2412 ἐν
3740 2354 3778 2431 ᾗ

2185 2450 2406 2517 πάντες
2438 2452 2495 2505 οἱ
2531 2451 2613 2504 ἐν.
2644 2451 2770 2518 τοῖς
2797 2450 3107 2521 μνημείοις
3145 2451 3481 2505 ἁκούσουσι
3511 2449 3622 2517 τῆς
3661 2468 3776 2519 φω-

2185 2541 2301 2609 νῆς
2347 2541 2554 2606 αὑτοῦ,
2584 2540 2683 2595 καί
2727 2540 3157 2604 ἐξελεύσονται
3204 2542 3257 2593 οἱ
3283 2538 3354 2592 τὰ
3382 2539 3574 2607 ἀγαθὰ
3600 2539 3773 2605 :t'onj-

2184 2649 2405 2699 σαντες
2426 2635 2513 2698 εἰς
2549 2631 2893 2687 ἀνάστασιν
2915 2624 3089 2699 ζωῆςί
3118 2633 3172 2684 οἱ
3196 2630 3263 2683 δὲ
3292 2630 3363 2685 τὰ
3390 2629 3594 2700 φαῦλα
3629 2629 3775 2699 πρά·

2184 2725 2421 2792 ξαντες,
2443 2726 2531 2792 εἰς
2561 2722 2903 2779 ἀνάστασιν
2931 2724 3208 2790 κρίσεως.

2257 2815 2521 2887 Σημαξνει
2559 2814 2658 2883 μὲν
2709 2812 2795 2866 διὰ
2830 2811 3034 2865 τούτων
3089 2808 3190 2875 τῆς
3235 2805 3492 2860 ἁπάντων
3541 2805 3772 2860 ἀναστά-

2185 2925 2322 2971 σεως
2384 2905 2474 2961 τὸν
2530 2904 2722 2976 καιρὸν
2746 2946 2760 2972 ,
2789 2904 2877 2957 ὅτε
2905 2945 2917 2967 ,
2951 2900 3200 2973 καθάπερ
3250 2901 3379 2972 ἡμῖν
3419 2899 3446 2951 δ
3489 2897 3771 2961 Θεσπέσιος

2182 2999 2459 3054 ἐπέστειλε
2486 2997 2701 3060 Παῦλος
2724 3036 2740 3063 ,
2764 3016 2781 3046 ι
2817 2993 2988 3058 Αὐτὸς
3016 2996 3045 3047 ὁ
3088 2994 3293 3064 Κύριος
3322 2994 3377 3045 ει
3407 2989 3767 3060 κελεύσματι,

2183 3096 2242 3147 ἐν
2273 3094 2425 3163 φωνῇ
2457 3089 2823 3163 ἀρχαγγέλου,
2853 3089 2908 3140 ἐν
2946 3087 3207 3154 σάλπιγγι
3230 3084 3365 3138 Θεοῦ
3399 3082 3768 3153 καταϐήσεται

488 3189 650 3236 turus
696 3184 887 3235 orbem
937 3181 994 3235 in
1026 3180 1249 3252 justitia
1276 3180 1344 3247 ⁸⁸,
1387 3191 1443 3237 et
1493 3180 1813 3236 redditurus
1854 3181 2074 3237 unicui-

2181 3185 2277 3240 ἀπ’
2301 3184 2550 3256 οὐρανοῦ,
2587 3203 2606 3236 ι
2632 3184 2814 3254 κρῖναι
2854 3180 2952 3253 τὴν
2977 3178 3305 3251 οἰκουμένην
3340 3178 3396 3233 ἐν
3436 3174 3768 3248 δικαιοσύνῃ,

485 3286 593 3339 que
656 3271 960 3325 secundum
1025 3286 1193 3341 opera
1256 3285 1379 3326 sua.
1465 3269 1820 3340 Repetitione
1892 3279 2075 3329 tamen

485 3359 806 3414 eorumdem
841 3360 1130 3431 imperitos
1160 3359 1479 3429 Judgeorum
1516 3362 1735 3418 animos
1766 3364 1926 3434 quasi
1961 3380 2076 3419 ma-

487 3451 754 3517 nuducit,
800 3460 861 3506 ut
909 3452 1062 3507 clare
1110 3451 1329 3508 discere
1371 3460 1580 3522 queant
1633 3454 1846 3522 majora
1890 3455 1964 3510 ab
2007 3471 2073 3513 eo

486 3543 752 3597 miracula
789 3553 1065 3613 patratum
1096 3544 1163 3599 iri
1195 3561 1361 3616 quam
1417 3544 1563 3616 quod
1618 3545 1824 3601 factum
1873 3555 1961 3604 est
2012 3548 2070 3604 in

489 3634 814 3704 paralytico,
837 3644 892 3689 et
922 3651 983 3691 se
1013 3636 1188 3692 totius
1211 3637 1365 3693 orbis
1401 3637 1767 3692 constitutum
1805 3638 1870 3693 iri
1922 3639 2072 3711 judi—

487 3741 629 3780 cem.
672 3726 1014 3797 Comparans
1065 3740 1249 3785 autem
1285 3736 1634 3785 mortuorum
1668 3732 2067 3787 resurrectioni

483 3818 648 3874 unius
683 3820 1063 3886 curationem,
1112 3821 1376 3890 majorem
1439 3830 1494 3877 et
1538 3821 1842 3893 digniorem
1879 3829 2067 3878 osten-

483 3910 564 3964 dit
586 3924 713 3967 esse
741 3915 854 3964 vim
890 3910 1043 3965 illam
1075 3911 1355 3968 solvendae
1392 3913 1609 3978 mortis,
1649 3920 1709 3968 et
1750 3914 2068 3985 corruptio-

480 4002 570 4063 nis
596 4003 845 4059 omnium
881 4004 1160 4069 tollendae,
1205 4004 1456 4076 adeoque
1506 4004 1632 4075 jure
1663 4013 1719 4061 et
1742 4008 2068 4063 necessario

479 4093 640 4164 quasi
693 4094 767 4149 de
828 4095 1044 4151 minore
1096 4096 1367 4151 miraculo
1410 4096 1534 4152 ait:
1581 4114 1600 4148 ι
1641 4094 1824 4153 ΝοΙίιο
1876 4097 2067 4153 mirari

480 4185 605 4242 hoc.
648 4204 666 4238 ι
702 4184 894 4257 Neque
946 4202 1078 4243 vero
1142 4187 1463 4257 putabimus
1520 4188 1697 4259 ipsum
1736 4188 1825 4245 his
1881 4189 2066 4247 verbis

477 4293 710 4349 operum
739 4294 977 4334 suorum
1004 4278 1251 4335 claritati
1288 4278 1601 4346 detrahere,
1642 4291 1737 4338 aut
1771 4290 1925 4338 certe
1958 4296 2064 4338 au-

2178 3278 2271 3331 καί
2305 3275 2599 3331 ἀποδώσων
2623 3274 2722 3348 [αι.
2755 3270 3078 3344 ἀποδώσειν]
3111 3271 3327 3339 ἑκάστῳ
3366 3270 3505 3323 κατὰ
3533 3272 3603 3323 τὰ
3632 3269 3771 3339 ἔργα

2176 3368 2361 3423 αὐτοῦ.
2395 3366 2743 3440 Χειραγωγεῖ
2775 3364 2819 3417 δ’
2865 3359 2958 3418 οῦν
2997 3363 3147 3433 ὅμως
3194 3360 3283 3413 διὰ
3317 3359 3415 3428 τῆς
3445 3357 3553 3410 τῶν
3589 3357 3769 3411 αὐτῶν

2175 3459 2568 3532 ἐπαναλήψεως
2615 3456 2714 3528 τὴν
2761 3454 3149 3526 ἀμαθεστάτην
3196 3448 3304 3503 τῶν
3346 3446 3617 3502 Ἰουδαίων
3651 3444 3766 3500 διά-

2173 3567 2324 3607 νοιαν
2376 3553 2456 3613 εἰς
2487 3548 2548 3603 τὸ
2588 3547 2847 3602 δύνασθαι
2873 3544 3109 3598 συνιέναι
3140 3539 3327 3609 σαφῶς
3348 3581 3364 3604 ,
3396 3540 3477 3592 ὅτι
3527 3537 3622 3590 καὶ
3658 3555 3769 3609 μειο

2173 3644 2341 3708 ζόνων
2361 3641 2514 3696 ἔσται
2536 3640 2926 3712 τερατουργδς,
2957 3638 3015 3689 ἐν
3045 3629 3127 3700 οἷς
3165 3637 3193 3688 ὁ
3223 3631 3536 3704 παράλυτος
3678 3629 3769 3683 καὶ

2172 3729 2271 3799 τῆς
2298 3728 2626 3800 οἰκουμένης
2673 3725 3126 3797 ἀναδειχθήσεται
3171 3722 3388 3794 κριτής.
3442 3720 3765 3789 Ἀντιπαρα-

2168 3820 2340 3885 τιθεὶς
2372 3820 2430 3873 δέ
2486 3817 2777 3891 χρησίμως
2812 3820 2880 3888 τῇ
2930 3814 3037 3869 τῶν
3066 3812 3276 3884 νεκρῶν
3322 3809 3620 3865 ἀναστάσει
3670 3810 3766 3881 τὴν

2174 3911 2257 3984 ἐφ’
2280 3912 2359 3964 ἐνὶ
2379 3911 2487 3966 τῶν
2509 3909 2808 3965 νοσούντων
2825 3905 3141 3981 θεραπείαν,
3164 3903 3388 3977 μείζονά
3419 3919 3479 3955 τε
3503 3902 3599 3955 καὶ
3621 3898 3766 3967 ἀξιο-

2170 4004 2481 4076 λογωτέραν
2535 3999 2865 4055 ἐπιδεικνύει
2896 4001 2994 4070 τὴν
3052 3996 3286 4052 θανάτου
3333 3993 3561 4062 λυτικὴν
3608 3992 3766 4063 ἐνέρ-

2170 4114 2348 4166 γειαν,
2366 4095 2460 4150 καὶ
2490 4095 2699 4166 φθορᾶς
2726 4092 2823 4164 τῆς
2862 4092 3119 4146 ἁπάντων
3146 4085 3522 4158 ἀναιρετικὴν,
3541 4085 3764 4147 εἰκότως

2168 4204 2228 4241 τε
2282 4186 2378 4240 καί
2422 4184 2760 4255 ἀναγκαίως,
2797 4183 2873 4247 ὼς
2929 4180 3017 4236 ἐπ’
3049 4178 3294 4235 ἐλάττονι
3350 4176 3427 4248 τῷ
3479 4175 3765 4246 παραδόξῳ

2170 4278 2345 4351 φησί’
2384 4296 2403 4329 ι
2433 4276 2526 4347 Μὴ
2560 4274 2870 4346 θαυμάζετε
2902 4271 3080 4328 τοῦτο.
3118 4292 3135 4323 ι
3175 4271 3286 4326 Καὶ
3330 4269 3389 4323 οὐ
3419 4269 3595 4339 δήπου
3634 4269 3766 4321 πάν-

479 4368 757 4425 ditoribus
819 4371 1124 4439 pracipere
1188 4384 1259 4424 ne
1307 4370 1579 4426 mirentur
1629 4387 1753 4443 qua:
1816 4373 2063 4445 alioquin

2181 4387 2267 4433 τας
2301 4368 2413 4441 [ῑσ.
2444 4363 2687 4438 πάντως]
2733 4364 3030 4436 νομιοῦμεν
3062 4362 3225 4417 αὑτὸν
3256 4362 3354 4432 τῆς
3395 4358 3505 4413 τῶν
3548 4359 3767 4411 οἰκείων

479 4457 849 4513 admiratione
911 4466 1045 4512 sunt
1092 4456 1452 4528 dignissima;
1496 4462 1591 4516 sed
1650 4462 1756 4517 hoc
1807 4461 1953 4529 scire
2010 4469 2065 4517 et

2181 4463 2352 4533 ἔργων
2399 4460 2787 4534 λαμπρότητος
2834 4456 2927 4511 διά
2972 4457 3180 4510 τούτων
3226 4455 3573 4524 κατηγορεῖν,
3611 4451 3765 4522 ﬁmi.

479 4548 707 4604 credere
731 4548 851 4602 vult
885 4562 981 4604 eos
1024 4547 1121 4618 qui
1168 4550 1387 4606 attoniti
1426 4560 1587 4607 erant
1626 4552 1722 4607 illo
1770 4550 2060 4615 miraculo,

2181 4556 2283 4618 τοῖς
2330 4552 2703 4626 ἀκροωμένοις
2754 4549 3101 4614 ἐπιτάττειν,
3138 4547 3213 4619 μὴ
3262 4545 3457 4619 χρῆναι
3487 4542 3763 4612 θαύματος

481 4653 674 4709 parum
708 4632 845 4694 illud
883 4655 1007 4697 esse
1038 4642 1330 4698 hactenus.
1361 4641 1539 4700 Verbo
1562 4643 1709 4698 enim
1745 4657 1809 4697 ac
1856 4643 2064 4700 virtute

2181 4642 2457 4711 ἀξιοῦν,τά
2489 4643 2573 4710 ἐφ’
2615 4636 2696 4704 οἷς
2718 4643 2783 4696 ἂν
2808 4638 3034 4703 εἰκότως
3061 4634 3546 4708 θαυμάξοιεν,ἀλλ’
3565 4634 3762 4687 εἰδέναι

478 4731 686 4798 divina,
720 4746 832 4786 non
862 4738 1076 4787 tantum
1107 4733 1392 4790 diuturnis
1418 4734 1627 4790 morbis
1653 4740 1879 4791 vexatos
1912 4735 2065 4790 exci-

2181 4753 2227 4788 ιε
2247 4735 2341 4788 καὶ
2361 4731 2639 4788 πιστεύειν
2668 4732 2918 4803 βούλεται
2941 4732 3067 4794 τοὺς
3087 4730 3173 4783 ἐπ’
3191 4728 3383 4797 ἐκείνῳ
3411 4724 3763 4794 καταπεπλη-

479 4831 582 4889 tat,
609 4824 705 4880 sed
726 4831 784 4881 et
813 4824 918 4896 ipsi
951 4826 1116 4881 morti
1150 4826 1465 4891 immersos,
1501 4834 1557 4882 et
1600 4826 1905 4883 inevitabili
1938 4842 2062 4883 cor-

479 4915 735 4985 ruptione
776 4923 1096 4986 superatos.
1134 4916 1372 4986 Ideoque
1404 4913 1580 4985 majus
1614 4915 1877 4988 quiddam
1924 4916 2064 4974 inie-

478 5021 607 5064 rens
630 5007 748 5062 ait:
779 5025 797 5059 ι
823 5007 965 5074 Quia
994 5009 1182 5065 veniet
1211 5007 1370 5072 hora,
1408 5006 1465 5061 in
1503 5023 1613 5079 qua
1639 5024 1834 5065 omnes
1867 5009 1961 5080 qui
1996 5009 2054 5066 in

478 5100 849 5158 monumentis
877 5108 1009 5157 sunt
1038 5101 1269 5157 audient
1303 5114 1494 5156 vocem
1517 5100 1663 5171 ejus.
1684 5120 1703 5155 ι
1738 5100 1846 5169 Qui
1883 5102 2057 5159 verbo

476 5192 626 5247 enim
653 5200 852 5249 cuncta
874 5208 906 5250 e
932 5192 1112 5248 nihilo
1133 5190 1419 5263 produxit,
1449 5192 1728 5261 quomodo
1760 5208 1870 5249 non
1900 5202 2058 5266 pote‘

475 5280 549 5335 rit
570 5278 786 5339 edicere
806 5291 868 5338 ut
890 5282 1042 5352 quod
1076 5281 1195 5350 jam
1213 5279 1424 5335 factum
1467 5289 1553 5338 est
1573 5283 1631 5339 in
1657 5291 1843 5338 ortum
1875 5285 2058 5343 denuo

474 5374 823 5429 revertatur?
853 5374 1169 5444 Utrumque
1204 5372 1351 5427 enim
1395 5372 1645 5441 ejusdem
1690 5381 1776 5431 est
1812 5375 2057 5443 virtutis,

473 5472 531 5517 et
569 5464 737 5524 unius
770 5463 1068 5537 potestatis
1115 5463 1372 5519 mirabile
1405 5472 1489 5520 est
1513 5480 1651 5537 opus
1698 5467 1753 5522 in
1805 5476 2061 5537 utroque.

477 5550 698 5614 Utiliter
720 5561 910 5611 autem
932 5553 1185 5624 subjicit,
1209 5569 1570 5626 processuros
1602 5573 1632 5611 e
1662 5558 2064 5615 monumentis.

543 5739 587 5775 "
631 5740 909 5812 Supra,1,
950 5741 1000 5796 ί.
1081 5741 1126 5774 ⁸⁸
1165 5739 1408 5797 l'l'hcss.
1446 5756 1521 5811 xv,
1556 5742 1638 5797 lii.

2170 4825 2428 4896 γμένους,
2454 4825 2538 4878 δτι
2571 4824 2772 4895 μικρὸν
2804 4820 2955 4894 αὐτῷ
2993 4821 3055 4875 τὺ
3090 4820 3251 4893 μέχρι
3269 4818 3460 4872 τούτου
3487 4815 3763 4885 θαυμάζε-

2170 4916 2317 4972 σθαι.
2343 4915 2578 4987 Ἐγείρει
2610 4915 2719 4988 γὰρ
2741 4915 2885 4985 λόγῳ
2920 4913 3014 4968 καὶ
3048 4910 3298 4984 ἐνεργείᾳ
3320 4909 3636 4979 θεοπρεπεῖ,
3668 4907 3763 4975 οὔχ

2163 5011 2312 5075 ὅπως
2354 5011 2418 5064 ἐκ
2465 5006 2693 5081 μακρῶν
2752 5003 3209 5080 ἀρρωστημάτων
3253 5000 3380 5064 τοὺς
3432 4989 3762 5070 κάμνοντας,

2166 5105 2301 5161 ἀλλά
2322 5106 2416 5161 καὶ
2437 5102 2635 5169 αὐτοὺς
2660 5102 2759 5173 ἤδη
2787 5100 2915 5164 τοὺς
2931 5098 3010 5170 τῷ
3029 5095 3245 5168 θανάτῳ
3272 5092 3760 5165 βεϐαπτισμένους,

2166 5199 2261 5253 καί
2285 5199 2511 5269 ἀκράτῳ
2539 5193 2924 5264 νενικημένους
2950 5189 3144 5261 φθορᾷ.
3172 5187 3284 5241 Καὶ
3311 5185 3399 5239 διὰ
3425 5182 3584 5237 τοῦτό
3599 5200 3759 5254 φησι,

2166 5290 2227 5344 τὸ
2250 5268 2434 5362 μεῖζον
2467 5286 2736 5356 εἰσφέρων
2759 5301 2773 5317 ·
2806 5303 2824 5334 ι
2862 5283 2983 5335 ’Ότι
3010 5279 3228 5353 ἔρχεται
3252 5277 3391 5349 ὥρα,
3411 5277 3468 5330 ἐν
3563 5274 3764 5335 πάν-,τῖς

2167 5381 2219 5435 οἰ
2250 5381 2306 5432 ἐν
2323 5381 2434 5441 τοῖς
2455 5374 2743 5449 μνημείοις
2774 5370 3100 5428 ἀκούσονται
3129 5368 3227 5440 τῆς
3250 5367 3433 5437 φωνῆς
3463 5362 3649 5418 αὐτοῦ.
3666 5384 3681 5414 ι
3704 5364 3763 5414 ’0

2158 5466 2268 5539 γάρ
2301 5468 2445 5539 λόγῳ
2472 5467 2541 5521 τὰ
2563 5466 2661 5519 ούκ
2684 5464 2813 5519 ὄντα
2844 5462 2974 5516 ποτέ
2996 5461 3131 5532 πρὸς
3153 5459 3214 5512 τὸ
3232 5454 3370 5511 εἶναι
3397 5452 3759 5525 παραγαγὼν,

2174 5576 2289 5621 πως
2313 5558 2413 5610 ούκ
2438 5555 2503 5612 ἂν
2532 5553 2747 5626 ἰσχύσαι
2780 5552 2837 5606 τὸ
2860 5550 2955 5624 ἤδη
2986 5545 3353 5617 πεποιημένον
3376 5543 3761 5614 παλινδρομεῖν
