4052 6500
255 406 371 463 385
420 378 423 383 λ

1330 397 1400 453 ιΝ
1427 395 1716 453 JOANXIS
1757 393 2211 451 EVANGELIUM
2275 394 2406 451 LIB.
2447 394 2514 449 ll.
2554 414 2583 431 δ

3454 397 3561 453 586

252 519 559 575 ἀυαπεῖσαι
596 512 730 587 πρδς
757 512 1008 583 γένεσιν;
1043 508 1163 566 Εἶεν
1204 515 1312 583 γὰρ
1347 509 1414 565 ἂν
1464 508 1609 562 οὕτω
1646 507 1745 577 τῆς
1774 506 1866 560 αὖ.

1976 514 2299 577 peccatores
2328 505 2572 574 quidem,
2606 511 2661 558 et
2697 511 2968 577 quotquot
2995 503 3246 575 improbe
3293 506 3557 569 vixerint.

174 636 179 641 -
249 612 363 682 τῆς
412 609 701 680 ἐνεργείας
733 607 1001 676 ἑκάτερα,
1039 604 1132 658 καὶ
1183 605 1313 673 μιᾶς
1368 600 1619 669 ἔξουσίας
1672 599 1734 653 τὸ
1790 601 1877 652 ἐπ’

252 704 471 772 ἀμφοῖν
504 701 841 769 ἀξιάγαστον
866 697 1238 769 ἀποτέλεσμα.
1277 694 1559 764 Ἐπιλέγει
1590 693 1648 748 δὲ
1679 693 1878 766 χρησί-

254 812 402 867 μως,
443 795 528 847 ὅτι
581 791 1009 864 προελεύσονται
1037 788 1148 843 τῶν
1206 788 1534 861 μνημάτων,
1563 788 1613 841 οἱ
1645 786 1745 858 μὲν
1786 787 1874 839 ἐπ’

249 872 513 957 αἰσχροῖς
542 883 787 949 ἁλόντες,
821 883 915 937 καὶ
947 881 1183 953 πονηρίᾳ
1226 879 1741 952 συμϐιοτεύσαντες,
1769 878 1870 950 τὴν

247 976 621 1047 ἀτελεύτητον
649 974 939 1045 ὑφέξονται
966 971 1305 1045 [ὑφέξοντεςῖ
1327 971 1504 1043 δίκηψ
1547 971 1596 1024 oi
1640 970 1697 1023 δὲ
1748 970 1865 1024 δια-

246 1071 496 1143 πρεπεῖς
524 1070 584 1121 ἐν
602 1067 952 1139 ἀρεταῖς,τῆς
970 1064 1275 1128 ἐπιεικείας
1299 1064 1494 1135 μισθὸν
1519 1061 1866 1134 ἀντικομιοό-

250 1176 411 1230 μενοι
470 1157 574 1229 τὴν
621 1154 841 1210 αἰώνιον
886 1154 1070 1224 ζωήν·
1101 1153 1238 1224 ὁμοῦ
1288 1151 1422 1224 μὲν,
1475 1149 1727 1221 καθάπερ
1760 1148 1865 1220 ἤδη

245 1238 623 1322 προείπομεν,
656 1246 853 1300 ἑαυτὸν
891 1244 1152 1314 διαωμέα
1196 1242 1306 1296 τῶν
1355 1241 1571 1312 ἑκάστῳ
1626 1239 1865 1313 πρεπόν-

243 1361 360 1396 των
410 1343 511 1395 καὶ
542 1339 631 1394 διὰ
670 1338 879 1392 τούτων
923 1336 1229 1407 είσφέρων,
1268 1334 1406 1406 ὁμοῦ
1447 1334 1505 1387 δὲ
1533 1331 1864 1394 ἀναπείθων,

1977 604 2038 651 ιιι
2067 604 2307 651 αξιοι-ηαδ
2343 609 2536 665 poenas
2557 595 2734 659 luant,
2760 596 2921 652 bonis
2960 606 3143 652 autem
3174 606 3228 653 et
3254 598 3562 655 virtutibus

1973 688 2319 759 conspicuis,
2363 696 2423 741 ut
2454 688 2847 757 sempiternam
2888 689 3056 742 vitam
3094 690 3393 759 probitatis
3421 705 3564 761 prae-

1970 780 2145 832 mium
2189 777 2456 840 referant,
2495 775 2796 844 simulque,
2832 786 2892 829 ut
2936 776 3049 845 jam
3092 777 3253 847 prius
3292 777 3559 844 diximus,

1970 872 2223 940 seipsum
2253 869 2497 940 judicem
2530 883 2723 922 eorum
2765 883 2889 937 quae
2920 868 3122 938 cuique
3156 868 3429 925 debentur
3474 871 3562 926 his

1971 976 2197 1033 quoque
2241 958 2432 1017 verbis
2480 958 2828 1031 signiﬁcans,
2873 974 2938 1015 ac
2993 970 3258 1031 praeterea
3318 964 3561 1020 suadens

1973 1062 2066 1107 aut
2099 1061 2249 1109 metu
2284 1053 2556 1107 malorum
2591 1051 3001 1122 improbitatem
3030 1053 3222 1125 fugere
3273 1063 3327 1109 et
3351 1056 3415 1110 ad
3446 1072 3561 1111 me-

1974 1145 2167 1200 liorem
2210 1143 2424 1215 l‘rugem
2456 1158 2518 1199 se
2551 1141 2882 1205 transferre,
2914 1150 3010 1197 aut
3060 1153 3285 1200 aeternae
3306 1146 3432 1201 vitae
3459 1146 3560 1200 de-

1975 1237 2181 1293 sidcrio
2235 1233 2653 1307 quodammodo
2699 1234 3018 1291 stimulatos
3077 1236 3342 1292 virtutem
3394 1238 3562 1294 vehe-

1973 1328 2219 1383 mentius
2247 1340 2470 1398 cupere.

243 1437 280 1508 ἢ
321 1435 407 1507 τῷ
443 1433 604 1505 φόϐῳ
630 1431 723 1485 τοῦ
762 1430 953 1485 παθεῖν
985 1430 1054 1482 τὰ
1083 1428 1252 1493 δεινὰ,
1287 1427 1673 1499 παραιτεῖσθαι
1698 1425 1761 1479 τὸ
1793 1422 2020 1494 φαῦλον,
2054 1422 2149 1477 καὶ
2182 1419 2603 1475 συνελαύνεσθαί
2637 1434 2757 1483 πως
2784 1419 2864 1482 είς
2920 1417 2983 1472 τὺ
3013 1416 3165 1489 βιοῦν
3227 1418 3432 1472 ἐθέλειν
3460 1417 3563 1490 ήδη

245 1527 728 1599 σιικρρονέστερον,
776 1526 811 1596 ἢ
862 1525 1047 1594 ὲφέσει
1095 1523 1456 1593 νυττομὲνους
1484 1521 1689 1594 τρόπον
1732 1519 1856 1574 τινὰ
1893 1520 1960 1590 τῇ
2006 1518 2135 1590 περὶ
2165 1515 2267 1587 τὴν
2297 1510 2519 1571 αίώνιον
2562 1514 2710 1587 ζωὴν
2736 1553 2752 1580 ,
2821 1512 3227 1585 συντονωτέραν
3292 1512 3562 1567 ποιεῖσθαι

246 1619 593 1684 σπουδάζειν
618 1619 717 1690 τὴν
743 1618 831 1671 ἐπ’
866 1616 1095 1685 ἀγαθοῖς
1129 1615 1461 1688 προθυμίαν.

867 1711 1119 1764 ΚΕΦΑΛ.
1173 1709 1253 1763 Θ’.

2512 1695 2675 1767 237
2709 1693 2866 1749 CAP.
2909 1690 3003 1748 Ix.
3544 1726 3577 1745 .

246 1826 386 1879 ὀτι
414 1824 547 1878 κατ’
576 1822 761 1877 οὐδὲν
797 1821 1064 1877 ἐλάττων
1100 1822 1207 1876 τοῦ
1247 1821 1396 1876 Θεοῦ
1440 1820 1537 1875 καὶ
1569 1819 1803 1889 Πατρὸς
1830 1821 1864 1874 ὀ

1975 1808 2119 1878 Quod
2168 1807 2337 1889 nihilo
2365 1810 2546 1889 min‘or
2585 1808 2653 1861 sit
2678 1806 2805 1889 _Deo
2835 1822 2898 1889 ac
2937 1804 3106 1889 _Patre
3139 1804 3332 1889 filius,
3367 1806 3461 1889 sed
3502 1809 3560 1862 in

330 1896 494 1961 Υἱὸς,
537 1894 680 1948 ἀλλ’
715 1892 1045 1961 ὶσοσθενὴς
1094 1894 1225 1964 κατ’
1262 1893 1571 1964 ἐνέργειαν
1616 1892 1732 1959 τὴν
1769 1890 1862 1960 ἐφ’

325 1965 572 2022 ἅπασίν
602 1964 796 2027 ἐστιν,
824 1965 906 2029 ὡς
939 1966 1083 2030 Θεὸς
1108 1963 1179 2018 ἐκ
1215 1964 1385 2019 Θεοῦ.

334 2060 418 2111 Oi;
468 2056 734 2127 δύναμαι
780 2055 897 2126 ἐγὼ
955 2054 1151 2110 ποιεῖν
1187 2056 1289 2109 ἀπ’
1348 2053 1611 2124 ἐμαυτοῦ
1658 2051 1861 2111 οὐδέν.

251 2149 470 2216 Καθὼς
503 2149 728 2212 ἀκούω,
770 2149 973 2217 κρίνω,
1005 2148 1114 2202 ’καὶ
1152 2147 1188 2215 ἠ
1223 2149 1424 2217 κρίσις
1449 2148 1489 2215 ἡ
1521 2146 1633 2217 ἐμὴ
1665 2146 1866 2202 δικαία

246 2241 454 2297 ἐστίν·
485 2240 578 2295 ὅτι
612 2242 686 2295 οὐ
735 2238 885 2308 ζητῶ
921 2239 987 2293 τὸ
1024 2240 1258 2308 θέλημα
1301 2239 1367 2293 τὸ
1403 2238 1570 2309 ἐμόν,
1602 2238 1766 2294 ἀλλὰ
1797 2236 1865 2291 τὸ

249 2333 494 2404 θέλημα
524 2334 631 2388 τοῦ
661 2333 1017 2402 πέμψαντός
1042 2349 1121 2402 με
1147 2333 1400 2399 Πατρός.

340 2423 674 2493 Ἐπίστησον
724 2421 888 2476 πάλιν
928 2424 1042 2486 τοῖς
1078 2420 1399 2494 λεγομένοις
1443 2420 1862 2494 ἀκριϐέστερον,

244 2517 354 2572 καὶ
386 2516 553 2588 δέχου
585 2512 680 2570 τοῦ
717 2514 1076 2587 θεωρήματος
1097 2515 1174 2581 ὼς
1204 2518 1263 2570 ὲν
1291 2515 1541 2587 περινοίᾳ
1572 2516 1672 2586 τὴν
1705 2514 1866 2569 δύνα-

250 2630 378 2683 μιν.
418 2611 541 2664 υύκ
575 2610 776 2673 εἰδότες
810 2609 1052 2663 Ἰουδαῖοι
1093 2608 1195 2679 τῆς
1236 2607 1375 2680 μετά
1413 2608 1616 2678 σαρκὸς
1662 2608 1866 2660 οίκονοο

249 2705 394 2776 μίας
425 2684 490 2756 τό
529 2700 667 2773 βαθὺ
701 2702 1023 2773 μυστήριον,
1075 2700 1191 2755 ἀλλ’
1239 2700 1364 2754 οὐδὲ
1410 2701 1504 2755 τὸν
1551 2698 1866 2754 ἐνοικοῦντα

246 2793 337 2862 τῷ
374 2796 447 2847 ὲκ
482 2792 763 2862 Παρθένου
815 2791 928 2863 ναῷ
980 2791 1114 2845 Θεὸν
1165 2791 1339 2860 Λόγον
1389 2792 1862 2859 ἐπιγινώσκοντες,

247 2885 408 2958 ζήλῳ
444 2883 711 2946 πολλάκις
760 2872 1185 2954 πεπλανημένῳ,
1230 2883 1327 2935 καὶ
1372 2880 1435 2934 οὐ
1467 2880 1545 2952 τῷ
1593 2880 1715 2935 κατ’
1746 2879 1866 2932 ὲπί-

246 2993 489 3047 γνωσιν,
522 2975 597 3039 ὠς
631 2977 660 3030 ὁ
703 2973 916 3039 Παῦλός
947 2990 1137 3044 φησιν,
1168 2974 1247 3038 εἰς
1290 2971 1593 3044 ἀγριότητα
1644 2971 1867 3043 τρόπων

248 3072 357 3127 καὶ
386 3069 705 3141 ἀνημέρους
743 3067 913 3141 ὀργὰς
944 3067 1254 3132 ἐξεκαίοντο
1274 3082 1287 3095 °
1319 3067 1415 3120 καὶ
1456 3065 1523 3136 δὴ
1563 3065 1657 3119 καὶ
1698 3080 1867 3119 κατα-

2037 1880 2284 2005 zmnDibus
2316 1880 2537 1950 agendis
2566 1879 2689 1948 pari
2717 1886 2979 1947 potestate
3006 1876 3292 1943 prwditus,
3321 1887 3380 1930 ut
3415 1877 3560 1933 Deus

2076 1968 2105 2005 ο
2180 1967 2262 2005 eo.

1952 1992 1961 2001 .
2037 1967 2105 2007 ae
2129 1967 2262 2005 υεο.

2023 2042 2115 2110 ν,
2164 2042 2256 2099 50.
2298 2040 2425 2097 Non
2468 2057 2686 2113 possum
2732 2056 2827 2111 ego
2871 2056 2904 2094 α
2955 2040 3154 2102 meipso
3189 2040 3365 2108 facere
3408 2039 3564 2109 quid-

1962 2153 2146 2209 quam.
2208 2133 2363 2190 Sicut
2417 2135 2615 2197 audio,
2660 2133 2849 2204 judico
2898 2148 2916 2189 :
2960 2141 3012 2187 et
3059 2131 3334 2201 judicium
3387 2146 3561 2186 meum

1955 2229 2167 2299 justum
2197 2237 2308 2291 est;
2336 2229 2467 2299 quia
2501 2243 2607 2281 non
2639 2241 2823 2297 (μιαν-ο
2858 2224 3188 2280 voluntatem
3236 2240 3432 2289 meum,
3469 2225 3561 2280 sed

1964 2323 2300 2380 uoluntatem
2321 2320 2440 2392 ejus
2470 2320 2561 2392 qui
2592 2319 2740 2374 misit
2774 2334 2857 2373 me
2891 2316 3099 2373 Patris.

2039 2438 2276 2494 Attende
2309 2449 2535 2492 rursum
2570 2434 2760 2489 acrius
2799 2433 2858 2487 in
2902 2447 2966 2487 ea
3001 2447 3126 2511 quae
3174 2430 3466 2497 dicuntur,
3508 2439 3563 2486 et

1965 2532 2075 2587 vim
2117 2531 2314 2587 borum
2346 2528 2644 2584 verborum
2681 2526 2962 2582 intellectu
3009 2525 3255 2596 percipe.
3289 2524 3428 2579 Cum
3463 2522 3562 2579 Ju-

1967 2623 2267 2679 dai-altum
2294 2618 2698 2676 incarnationis
2726 2619 3051 2690 mysterium
3099 2617 3441 2688 ignorarent,
3467 2617 3562 2672 sed

1969 2729 2154 2784 neque
2190 2713 2403 2768 scirent
2448 2709 2621 2765 Deum
2646 2707 2887 2763 Verbum
2919 2706 3233 2762 inhabitare
3276 2708 3330 2760 in
3360 2705 3563 2775 templo

1966 2805 2238 2877 Virginis,
2279 2816 2521 2859 erroneo
2564 2801 2891 2869 plerumque
2936 2799 3075 2861 zelo,
3105 2805 3163 2852 et
3204 2811 3313 2851 non
3361 2811 3563 2851 secun-

1966 2898 2098 2953 dum
2134 2896 2451 2958 scientiam,
2487 2903 2549 2947 ut
2586 2891 2795 2947 Paulus
2828 2891 2904 2945 ait
2925 2894 2992 2959 ",
3032 2892 3091 2946 in
3127 2905 3343 2945 morum
3373 2890 3565 2947 ferila-
3620 2926 3623 2927 ν

1964 2998 2080 3046 tem
2109 2995 2167 3044 et
2198 2988 2470 3043 immanes
2509 2985 2625 3041 iras
2656 2983 3099 3039 etardescebant
3132 2999 3147 3036 :
3187 2982 3441 3052 adeoque
3483 2983 3565 3036 la-

1966 3081 2190 3153 pidibus
2207 3080 2386 3149 ipsum
2410 3078 2646 3132 obruere
2674 3075 3017 3138 nitebantur,
3043 3072 3217 3146 quod,
3247 3074 3412 3129 homo
3435 3087 3563 3129 cum

249 3163 443 3218 λεύειν
465 3162 787 3233 ἐπεχείρουν
825 3160 1010 3226 αὑτὸν,
1045 3160 1238 3229 ὅτιπερ
1271 3158 1554 3229 ἄνθρωπος
1576 3210 1585 3219 ,
1607 3155 1706 3223 ὢν,
1738 3158 1865 3210 ἑαυ-

1975 3181 2143 3237 esset,
2192 3171 2438 3242 seipsqu
2494 3168 2666 3223 Deum
2699 3166 2936 3237 faceret,
2967 3180 3035 3221 ac
3075 3174 3367 3236 praeterea,
3415 3163 3565 3235 quod

250 3256 352 3310 τὸν
377 3254 561 3309 ἐποίει
594 3253 752 3319 Θεὸν,
786 3253 901 3314 ,καὶ
945 3251 1130 3317 πάλιν,
1162 3252 1242 3304 ὅτι
1282 3250 1504 3322 Πατέρα
1547 3250 1679 3304 ἴδιον
1713 3249 1866 3319 ἔλεγε

250 3350 351 3403 τὸν
395 3348 555 3413 Θεὸν,
613 3346 730 3400 ἴσον
775 3346 968 3401 ἑαυτὸν
1018 3345 1187 3400 ποιῶν
1233 3343 1312 3415 τῷ
1357 3342 1496 3415 Θεῷ.
1541 3343 1757 3416 Ἐπειδὴ
1807 3343 1866 3397 δὲ

248 3436 403 3515 ἦσαν
436 3439 585 3494 οὕτω
612 3436 932 3510 δυσμαθεῖς,
979 3438 1075 3492 καὶ
1116 3436 1438 3508 θεοπρεπῶν
1476 3436 1573 3507 μὲν
1600 3436 1738 3501 ὅλως
1767 3434 1868 3489 οὐκ

251 3536 590 3608 ἀνεχόμενοι
640 3533 842 3603 λόγων,
887 3532 1061 3605 μικρά
1106 3533 1164 3586 δὲ
1214 3533 1343 3604 περὶ
1397 3531 1565 3585 αὐτοῦ
1619 3532 1712 3587 καὶ
1737 3548 1869 3604 φρο-

246 3629 486 3693 νοῦντες
547 3627 645 3681 καὶ
700 3625 888 3695 λέγετε
928 3625 1038 3701 [Ion
1094 3623 1391 3698 λέγοντεςι,
1440 3625 1798 3698 οἰκονομικῶς
1839 3625 1868 3679 ὁ

255 3718 461 3789 Σωτὴρ
509 3716 867 3788 συννηπιάζει
926 3715 1027 3788 μὲν
1074 3718 1280 3783 αὐτοῖς,
1315 3717 1663 3788 κεκραμένην
1699 3716 1744 3770 δ’
1773 3713 1868 3771 οὖν

256 3813 417 3880 ὅμως
448 3810 688 3863 ἐποιεῖτο
716 3808 816 3881 τὴν
847 3808 1124 3881 ἐξήγησιν,
1148 3808 1272 3863 οὔτε
1316 3810 1444 3872 τοὺς
1474 3808 1553 3879 τῷ
1579 3806 1699 3878 Θεῷ
1732 3808 1869 3880 πρέ-

258 3917 472 3963 ποντας
520 3900 714 3969 λόγους
760 3900 1022 3965 ὁλοτελῶς
1070 3898 1531 3972 παραιτούμενος,
1589 3898 1715 3955 οὔτε
1761 3898 1869 3970 μὴν

259 3995 344 4056 εἰς
376 3992 676 4064 ὁλόκληρον
699 3992 809 4045 τῶν
835 3992 1192 4064 ἀνθρωπίνων
1224 3992 1487 4065 ῥημάτων
1515 3992 1831 4062 ἀποφοιτῶν
1852 4007 1866 4021 ’

258 4082 442 4138 εἰπὼν
477 4083 534 4136 δέ
564 4100 618 4136 τι
661 4085 763 4153 τῆς
794 4083 986 4151 θεῖκῆς
1030 4083 1281 4150 ἐξουσίας
1313 4083 1482 4148 ἄξιον,
1524 4081 1870 4155 παραχρῆμα

258 4176 491 4240 κολάζει
542 4174 635 4228 τὸν
691 4176 1025 4244 ἀπαίδευτον,
1072 4176 1179 4230 τῶν
1238 4176 1606 4248 ἀκροωμένων
1663 4170 1867 4246 θυμὸν,

234 4267 573 4336 ,ἐπαγαγών
603 4284 657 4320 τι
684 4267 777 4322 καὶ
806 4265 1166 4340 ἀνθρώπινον,
1205 4271 1300 4325 καὶ
1342 4268 1503 4323 πάλιν
1525 4267 1871 4339 ἀνθρώπινόν

260 4377 315 4415 τι
337 4358 432 4413 διὰ
462 4357 565 4430 τὴν
592 4358 904 4428 οἰκονομίαν
931 4358 1123 4423 είπὼν,
1148 4358 1253 4413 οὐκ
1298 4360 1357 4412 ἐν
1393 4360 1608 4430 μικροῖς
1638 4355 1870 4429 ὁρᾶσθαι

263 4451 456 4522 μόνοις
485 4452 554 4504 τὰ
604 4450 728 4506 καθ’
760 4451 975 4518 ἑαυτὸν,
1004 4450 1137 4505 Θεὸν
1184 4451 1312 4505 ὄντα
1357 4451 1499 4506 κατὰ
1544 4449 1708 4520 φύσιν
1752 4451 1872 4503 ἐπι-

258 4543 530 4599 δεικνύων
557 4544 645 4599 διά
679 4544 780 4615 τῆς
816 4545 958 4618 ὑπὲρ
995 4544 1283 4617 ἄνθρωπον
1331 4544 1517 4616 ίσχύος
1571 4544 1666 4598 καὶ
1692 4544 1869 4613 λόγων

261 4633 554 4699 πολλάκις.
585 4636 856 4707 Τοιαύτην
881 4636 1006 4690 τινὰ
1033 4636 1129 4692 καὶ
1159 4635 1256 4691 νῦν
1284 4638 1341 4690 ὲν
1366 4639 1480 4702 τοῖς
1506 4636 1710 4708 ἀρτίως
1737 4639 1869 4709 ἡμῖν

262 4728 658 4800 προκειμένοις
687 4728 945 4800 εὑρήσεις
974 4728 1074 4802 τὴν
1096 4728 1314 4801 τέχνην.
1348 4729 1415 4782 Τί
1447 4730 1559 4801 γὰρ
1593 4728 1700 4801 ἔφη
1735 4729 1873 4800 φθά-

263 4839 402 4889 σας;
440 4841 461 4873 ε
505 4821 720 4894 Ὠσπερ
750 4820 861 4893 γὰρ
897 4823 926 4876 ὁ
969 4820 1160 4894 Πατὴρ
1211 4822 1417 4894 ἐγείρει
1448 4822 1574 4887 τοὺς
1619 4823 1872 4894 νεκροὺς,

262 4916 358 4969 καὶ
391 4914 687 4976 ζωοποιεῖο
721 4933 741 4968 ι
785 4909 907 4968 εἶτα
943 4914 1128 4980 πάλιν,
1164 4932 1183 4967 ι
1226 4914 1351 4969 Ὅτι
1399 4914 1617 4987 ἔρχεται
1647 4913 1787 4987 ὥρα,
1816 4916 1875 4969 ἐν

265 5000 298 5077 ᾖ
336 5006 545 5068 πάντες
576 5006 627 5058 οἱ
653 5006 712 5057 ἐν
745 5006 858 5069 τοῖς
896 5006 1182 5077 μνημείοις
1213 5005 1537 5059 ἀκούσονται
1565 5005 1665 5076 τῆς
1692 5007 1877 5076 φωνῆς

265 5095 461 5150 αὑτοῦ·
507 5117 526 5149 ι
564 5096 821 5168 καὶπρὸς
861 5097 1090 5165 τούτοις,
1124 5098 1207 5152 ὅτι
1235 5098 1330 5152 καὶ
1353 5096 1728 5164 ἐξελεύσονται
1762 5115 1878 5170 κρι-

267 5186 588 5259 θησόμενοι,
643 5190 742 5242 καὶ
792 5189 1076 5259 ἀναλόγως
1128 5190 1441 5260 ὡσπερανεὶ
1495 5190 1725 5261 ἐργάται
1777 5189 1877 5260 τὴν

268 5279 623 5349 ἀντιμισθίαν
670 5280 1099 5353 ἀποληψόμενοι.
1173 5284 1230 5338 ’0
1278 5283 1338 5337 δὲ
1392 5282 1650 5338 δύνασθαι
1701 5280 1876 5352 λέγων

269 5371 484 5444 οὕσπερ
512 5371 578 5426 ἂν
600 5371 781 5450 ἐθέλει
810 5370 1117 5444 ζωογονεῖν,
1153 5374 1249 5429 καὶ
1275 5373 1450 5439 οὕτως
1474 5375 1553 5439 ὡς
1579 5376 1608 5429 ὁ
1640 5375 1834 5446 Πατήρ
1857 5389 1871 5404 ⁶

266 5462 393 5528 πῶς
432 5461 502 5516 ἂν
545 5463 668 5534 οὐχὶ
720 5463 819 5536 τὴν
873 5464 995 5536 Θεῷ
1048 5464 1367 5538 πρέπουσαν
1414 5465 1646 5538 δύναμιν
1696 5465 1875 5541 ἐαυτῷ

265 5556 449 5609 νοοῖτο
477 5553 780 5626 περιτιθείς
807 5570 823 5623 ;
855 5555 1050 5633 Ἔσται
1087 5556 1143 5610 δὲ
1172 5556 1255 5610 ὅτι
1299 5558 1393 5613 καὶ
1432 5557 1649 5614 πάντων
1682 5558 1876 5629 κριτὴς

267 5649 297 5699 ὁ
325 5645 631 5719 διαρρήδην
662 5644 857 5715 εἰπὼν,
884 5646 1001 5713 πῶς
1042 5649 1143 5702 οὐκ
1177 5648 1245 5702 ἂν
1295 5649 1596 5721 ὲκταράξαι
1646 5648 1873 5713 δικαίως

265 5739 401 5802 τοὺς
421 5737 714 5809 ἄνθρωπον
735 5736 815 5792 ἔτι
837 5740 1043 5813 γυμνὸν
1069 5741 1357 5815 οἰομένους.
1374 5743 1643 5822 ὑπάρχειν
1674 5743 1873 5817 αὑτόνς

341 5856 390 5888 ⁶⁹
426 5852 594 5913 Rom.
624 5871 659 5911 ι
680 5894 696 5921 ,
723 5856 782 5913 2.

1968 3264 2191 3320 Patrem
2219 3277 2380 3318 suum
2413 3259 2588 3315 Deum
2619 3267 2861 3323 vocaret,
2888 3258 3153 3328 aequalem
3202 3259 3446 3327 seipsum
3480 3256 3564 3311 ία-

1971 3354 2126 3411 ciens
2166 3352 2303 3408 Deo.
2343 3349 2484 3406 Cum
2531 3357 2713 3405 autem
2767 3356 2958 3405 essent
3010 3348 3150 3404 adeo
3190 3348 3444 3415 hebetes,
3499 3361 3568 3402 ac

1968 3447 2192 3504 divinos
2237 3459 2526 3502 sermones
2560 3444 2754 3515 utique
2792 3457 2905 3498 non
2934 3441 3169 3504 ferrent,
3206 3442 3387 3513 deque
3436 3442 3564 3513 ipso

1968 3541 2212 3597 tenuiter
2249 3535 2548 3593 admodum
2591 3537 2868 3592 sentirent
2902 3550 2968 3591 ac
3016 3536 3402 3608 loquerentur,
3453 3537 3570 3591 sin-

1944 3634 2149 3707 .gulari
2183 3631 2426 3688 consilio
2467 3628 2723 3686 Salvator
2754 3628 2827 3684 ad
2857 3644 3053 3685 eorum
3091 3629 3391 3700 pueritiam
3441 3644 3571 3686 sese

1962 3729 2240 3794 demittit,
2286 3732 2595 3796 temperata
2651 3723 3020 3778 nihilominus
3075 3723 3426 3793 expositione
3460 3724 3570 3777 uti-

1971 3828 2083 3884 tur,
2125 3834 2254 3876 cum
2300 3831 2406 3873 nec
2442 3816 2841 3872 convenientes
2894 3813 3008 3870 Deo
3066 3830 3354 3871 sermones
3405 3816 3570 3885 plane

1970 3912 2243 3983 repudiet,
2271 3925 2380 3965 nec
2419 3908 2491 3963 ab
2518 3907 2779 3963 humanis
2809 3907 3102 3963 vocabulis
3126 3938 3129 3943 -
3152 3907 3207 3961 in
3243 3914 3418 3962 totum
3473 3921 3568 3961 re-

1972 4004 2147 4076 fugiat
2186 4021 2199 4057 :
2228 4002 2329 4058 sed
2361 4000 2553 4056 divina
2591 4005 2870 4068 potestate
2900 4000 3133 4070 dignum
3163 3996 3377 4068 aliquid
3414 3999 3568 4053 locu—

1971 4107 2099 4157 tus,
2148 4091 2339 4149 statim
2389 4090 2600 4161 aliquid
2640 4091 2947 4146 humanum
2993 4088 3219 4159 subjicit
3253 4104 3366 4159 quo
3414 4090 3569 4144 inso-

1968 4191 2175 4247 lentem
2214 4202 2409 4243 eorum
2465 4187 2711 4241 animum
2767 4184 3076 4262 reprimat;
3131 4191 3187 4237 et
3230 4196 3431 4236 rursus
3472 4181 3565 4237 ubi

1975 4290 2206 4352 propter
2240 4277 2650 4335 incarnationis
2688 4274 3167 4348 dispensationem
3220 4273 3429 4344 aliquid
3465 4273 3568 4328 hu-

1970 4386 2198 4428 manum
2243 4370 2498 4441 protulit,
2533 4369 2743 4424 virtute
2790 4376 2846 4425 et
2876 4381 3010 4422 voce
3063 4366 3306 4420 humana
3366 4362 3566 4432 majori

1976 4479 2122 4536 saepe
2156 4462 2404 4519 ostendit
2443 4478 2524 4525 se,
2569 4461 2718 4518 Deus
2748 4476 2877 4516 cum
2922 4460 2996 4516 sit
3045 4458 3351 4514 secundum
3403 4466 3569 4513 natu.-

1975 4572 2120 4626 ram,
2168 4558 2225 4613 in
2257 4572 2324 4612 eo
2364 4564 2583 4611 tantum
2630 4554 2971 4619 humilitatis
3001 4559 3148 4608 statu
3182 4567 3292 4607 non
3331 4553 3563 4607 versari.

1974 4649 2297 4707 istiusmodi
2323 4648 2621 4721 quamdam
2645 4657 2821 4704 artem
2855 4646 3021 4703 etiam
3059 4646 3115 4701 in
3147 4646 3216 4700 iis
3247 4660 3374 4716 qua
3402 4646 3568 4702 modo

1974 4742 2261 4814 proposita
2308 4748 2443 4797 sunt
2481 4740 2751 4811 reperies.
2804 4738 2919 4796 Cur
2957 4738 3108 4794 enim
3167 4747 3329 4792 antea
3370 4736 3510 4792 dixit
3549 4756 3563 4792 :

1985 4853 2007 4893 ι
2038 4832 2197 4891 Sicut
2227 4833 2375 4889 enim
2404 4832 2566 4887 Pater
2597 4831 2833 4893 suscitat
2864 4837 3135 4894 mortuos,
3155 4836 3211 4883 et
3231 4827 3515 4895 viviﬁcat;
3544 4846 3562 4880 ι

1978 4930 2111 4985 item
2152 4946 2167 4983 :
2216 4946 2236 4979 ι
2281 4926 2421 4994 Quia
2457 4925 2611 4981 venit
2657 4925 2820 4988 hora,
2854 4924 2910 4979 in
2963 4938 3073 4994 qua
3121 4936 3314 4977 omnes
3365 4920 3567 4975 mortui

1979 5035 2171 5076 vocem
2215 5018 2340 5088 ejus
2380 5017 2652 5083 audient;
2691 5035 2710 5069 ι
2744 5024 3043 5087 praeterea,
3093 5024 3150 5070 et
3187 5012 3337 5083 quod
3378 5027 3572 5083 prece.

1981 5111 2116 5167 dent
2153 5108 2429 5179 judicium
2467 5108 2736 5172 subituri,
2772 5116 2827 5165 et
2879 5121 2982 5179 pro
3024 5106 3144 5162 suis
3180 5103 3393 5162 meritis
3429 5120 3573 5161 mero

1979 5201 2172 5258 cedem
2203 5202 2530 5272 recepturi?
2563 5200 2636 5256 At
2669 5199 2764 5271 qui
2799 5199 2935 5256 dicit
2973 5213 3142 5270 posse
3172 5213 3232 5254 se
3266 5211 3407 5269 quos
3436 5196 3571 5253 velit

1977 5292 2284 5356 viviﬁcare,
2314 5309 2425 5349 non
2452 5308 2616 5350 secus
2653 5306 2719 5348 ac
2746 5290 2915 5347 Pater
2945 5309 2959 5345 :
2986 5288 3265 5362 quomodo
3298 5303 3408 5343 non
3440 5302 3571 5342 cen-

1983 5387 2196 5443 sebitur
2239 5386 2490 5442 divinam
2535 5387 2644 5443 sibi
2688 5387 2926 5459 gloriam
2957 5383 3261 5455 arrogaret
3290 5381 3397 5449 Qui
3438 5396 3571 5437 vero

1986 5479 2166 5550 palam
2203 5479 2409 5535 asserit
2439 5494 2503 5536 se
2528 5480 2920 5537 universorum
2959 5478 3077 5533 lore
3126 5473 3394 5546 iudicem,
3426 5486 3568 5543 quo.

1986 5568 2150 5625 modo
2171 5583 2280 5629 non
2318 5568 2446 5639 jure
2481 5570 2744 5641 perceliet
2774 5584 2874 5626 eos
2911 5568 3007 5639 qui
3042 5578 3255 5623 merum
3287 5561 3567 5618 hominem

1983 5661 2152 5732 238
2192 5662 2375 5731 ipsum
2411 5675 2535 5718 esse
2569 5662 2806 5734 putant?
2848 5662 2989 5717 Cum
3029 5660 3179 5716 enim
3220 5655 3436 5712 Hebmi
3481 5668 3571 5708 es-
3657 5653 3680 5670 ‘

1980 5763 2129 5823 sent,
2160 5770 2225 5811 ac
2259 5753 2464 5812 divinis
2496 5756 2702 5812 eruditi
2737 5753 2989 5820 Litteris,
3017 5750 3307 5824 probabile
3331 5754 3567 5806 cratem
