4052 6510
531 370 638 428 587

1494 360 1552 416 S.
1591 356 1874 416 CYRILLI
1914 352 2389 412 ALEXANDRINI
2424 351 2746 410 ARCIIIEP.

3703 351 3796 413 588

533 503 646 543 non
670 486 929 556 ignorare
961 474 1272 534 Deunrfore
1298 475 1472 530 totius
1494 472 1933 542 orbisjudicem,
1966 469 2112 540 apud

2229 462 2329 520 Ἦν
2357 467 2465 536 γὰρ
2491 465 2577 536 δὴ,
2609 463 2750 518 κατά
2785 463 2846 516 τὸ
2875 459 3041 525 εἰκὸς,
3079 462 3363 534 Ἐϐραίους
3400 461 3559 526 ὄντας
3591 462 3797 529 αὐτοὺς,

534 576 684 646 quos
722 572 856 627 illud
924 579 1302 638 saepenumero
1351 564 1656 618 canebatur
1699 581 1712 615 :
1759 580 1778 612 ι
1836 562 2109 628 Exsurge,

534 668 713 729 Deus,
756 662 941 733 judica
975 666 1182 712 terram
1203 656 1272 711 7°.
1302 676 1320 708 ι
1360 655 1430 709 Ει
1465 669 1684 708 rursum
1727 668 1742 704 :
1773 670 1792 704 ι
1835 651 2113 716 Quoniam

534 756 680 811 Deus
725 751 899 824 judex
934 750 1111 805 est“.
1143 769 1160 800 ι
1194 747 1333 814 Quia
1375 761 1508 817 ergo
1560 744 1762 800 stultos
1814 743 1988 797 hosce
2017 740 2115 794 Ju-

532 847 775 900 daeorum
810 843 1046 914 populos
1078 841 1291 896 sciebat
1315 853 1435 894 eam
1466 837 1538 892 ob
1565 851 1680 891 rem
1710 833 2011 904 indignari,
2045 833 2115 888 ab

531 939 612 993 ira
648 937 812 990 solita
839 950 936 990 eos
964 932 1424 988 avocathumano
1449 943 1625 991 more,
1653 927 1846 982 dicens
1884 943 1898 979 :
1934 942 1953 975 ι
1994 922 2114 978 Non

533 1043 760 1098 possum
791 1043 894 1097 ego
927 1041 956 1079 a
992 1027 1205 1096 meipso
1240 1023 1424 1077 facere
1463 1020 1786 1092 quidquam.
1823 1015 1980 1071 Sicut
2019 1029 2116 1069 au-

534 1122 648 1181 dio,
673 1119 887 1188 judico.
937 1136 956 1168 »
990 1115 1174 1170 Prima
1215 1113 1381 1184 igitur
1432 1110 1619 1166 fronte
1649 1109 1865 1163 videtur
1896 1105 2116 1161 Judaao-

539 1229 660 1266 rum
715 1218 956 1264 mentem
1017 1208 1287 1271 irridere;
1357 1201 1754 1258 imbecillitatis
1813 1198 1959 1254 enim
2017 1211 2118 1250 cu-

531 1303 791 1375 jusdam,
841 1316 951 1354 non
993 1307 1174 1353 autem
1220 1297 1405 1349 liberae
1453 1291 1743 1364 potestatis
1799 1289 2115 1356 opinionem

538 1409 651 1464 pra:
705 1409 764 1447 se
812 1393 919 1446 fert
965 1389 1166 1450 oratio,
1215 1387 1472 1457 quamvis
1510 1385 1587 1438 ita
1628 1397 1736 1435 non
1773 1380 1845 1435 sit
1889 1393 2115 1442 revera;

539 1487 741 1556 quippe
790 1499 914 1538 cum
965 1480 1194 1552 aequalis
1224 1479 1296 1534 sit
1335 1493 1434 1547 per
1482 1474 1666 1529 omnia
1712 1471 1862 1526 Patri
1920 1468 2116 1534 Filius,

538 1576 727 1631 eadem
781 1574 983 1627 virtute
1027 1585 1091 1624 ac
1137 1577 1410 1639 potestate
1441 1565 1704 1636 praeditus
1732 1570 1816 1617 est
1852 1559 2120 1615 naturali-

537 1677 640 1722 ter.
692 1667 784 1719 Ait
831 1672 1014 1718 autem
1055 1676 1167 1716 non
1217 1675 1379 1730 posse
1434 1657 1622 1712 facere
1649 1672 1709 1711 se
1741 1653 2048 1724 quidquam
2086 1663 2118 1702 a

539 1761 743 1826 seipse,
783 1755 881 1810 sed
923 1757 1066 1811 sicut
1120 1753 1361 1806 audierit
1411 1749 1700 1819 judicare,
1762 1747 1872 1800 alio
1921 1757 2119 1798 rursus

2222 559 2316 613 ml.
2361 560 2475 621 τοῖς
2515 559 2682 628 ἱεροῖς
2730 556 3281 628 παιδαγωγουμένους
3324 554 3798 625 Γράμμασιν,ὀύν

2219 650 2485 720 ἀγνοῆσαι
2528 648 2828 713 παντελῶς,
2876 650 2958 702 ὅτι
3001 649 3132 712 Θεὸς
3161 648 3314 700 ἔσται
3363 649 3462 718 τῆς
3486 647 3802 717 οἰκουμένης

2221 741 2436 813 κριτὴς,
2487 741 2610 794 ἐπεὶ
2662 741 2757 794 καὶ
2800 743 2929 812 παρ’
2964 741 3146 802 αὐτοῖς
3200 738 3460 801 πολλάκις
3517 738 3802 807 gemm-

2229 851 2248 885 ι
2297 833 2550 896 Ἀνάστα,
2599 834 2628 886 ὁ
2669 832 2821 897 Θεὸς,
2871 836 3052 904 κρῖνον
3102 831 3200 902 τὴν
3241 832 3365 902 γῆν.
3399 833 3565 885 »Καὶ
3615 831 3803 885 πάλιν·

2229 942 2248 976 ι
2289 925 2410 978 Ὀτι
2460 926 2489 978 6
2543 923 2675 988 Θεὸς
2724 926 2916 996 κριτής
2972 927 3138 978 ἐστιν.
3186 943 3205 976 ι
3251 923 3405 976 Ἐπεὶ
3459 921 3552 978 οὖν
3601 923 3807 987 τούτοις

2222 1014 2588 1085 ἀσχάλλοντας
2611 1014 2727 1085 ᾔδει
2756 1016 2883 1078 τοὺς
2905 1016 3164 1086 ἀνοήτους
3184 1014 3295 1067 τῶν
3327 1014 3594 1068 Ἰουδαίων
3628 1013 3808 1079 λαοὺς,

2222 1110 2322 1178 τῆς
2355 1106 2526 1176 αὐτῆς
2555 1104 2817 1176 συνήθους
2845 1107 3015 1178 ὀργῆς
3044 1105 3287 1176 ἐξίστησι
3329 1104 3502 1174 λέγων
3531 1105 3808 1176 ἀνθρωπι-

2224 1195 2495 1267 νώτερον·
2543 1213 2562 1246 ι
2614 1197 2689 1248 Οὐ
2743 1195 2981 1267 δύναμαι
3040 1197 3151 1265 ἐγὼ
3197 1199 3368 1249 ποιεῖν
3427 1195 3521 1248 ἀπ’
3571 1197 3808 1266 ἐμαυτοῦ

2223 1288 2396 1342 οὐδέν.
2434 1286 2633 1352 Καθὼς
2665 1287 2869 1352 ἀκούω,
2903 1289 3091 1360 κρίνω.
3137 1308 3154 1339 ›
3192 1289 3356 1341 Ὅσον
3387 1290 3485 1358 μὲν
3517 1285 3611 1341 οὖν
3641 1288 3805 1351 ἔστιν,

2225 1381 2291 1434 ὲκ
2328 1380 2423 1433 τοῦ
2483 1381 2774 1450 προχείρου
2828 1380 3113 1446 λαϐόντας,
3143 1383 3318 1434 εἰπεῖν
3343 1422 3358 1447 ,
3421 1380 3648 1452 διαγελᾷ
3707 1381 3810 1433 τῶν

2238 1471 2504 1525 Ἰουδαίων
2527 1473 2618 1525 τὸν
2648 1472 2772 1525 νοῦν
2789 1489 2802 1502 ·
2827 1473 3110 1537 ἀσθενείας
3131 1475 3238 1544 γάρ
3261 1490 3428 1539 τινος,
3460 1475 3554 1526 καὶ
3581 1475 3641 1526 ού
3674 1475 3810 1526 πάν-

2224 1580 2325 1626 τας
2350 1562 2462 1636 [γρ.
2493 1563 2734 1636 πάντως]
2765 1564 3055 1640 ἐλευθέρας
3083 1565 3327 1631 ἐξουσίας
3350 1565 3619 1635 ὑπόληψιν
3647 1564 3814 1618 πλάτ-

2225 1675 2376 1712 τεται
2424 1658 2518 1712 τοῦ
2565 1659 2726 1728 λόγου
2772 1659 2834 1712 τὸ
2883 1660 3087 1730 σχῆμα,
3119 1659 3231 1730 ἔχει
3278 1660 3332 1713 δὲ
3369 1661 3468 1730 οὐχ
3504 1659 3646 1712 οὕτω
3689 1658 3810 1710 κατ’

2228 1751 2504 1821 ἀλήθειανο
2536 1751 2769 1823 ἐπείπερ
2809 1751 2923 1815 ῐσος
2955 1751 3030 1804 ῶν
3076 1754 3103 1806 6
3149 1751 3279 1815 Υἱὸς
3323 1753 3464 1805 κατά
3511 1751 3689 1804 πάντα
3741 1750 3814 1820 τῷ

538 1848 703 1901 modo
755 1845 970 1916 sibiipsi
1023 1843 1273 1900 eamdem
1325 1842 1666 1896 voluntatem
1725 1851 1790 1891 ac
1859 1835 2116 1890 virtutem

2229 1845 2421 1916 Πατρὶ,
2462 1845 2561 1918 τὴν
2598 1846 2768 1918 αὐτὴν
2805 1847 3086 1916 ὲνέργειάν
3138 1863 3199 1900 τε
3259 1845 3352 1898 καὶ
3407 1843 3656 1910 ἐξουσίαν
3703 1842 3816 1913 ἔχει

539 1938 845 1995 ostendens
877 1951 1000 1992 esse
1034 1947 1153 2007 quae
1177 1933 1288 1989 Deo
1314 1947 1379 1987 ac
1415 1930 1587 1985 Patri.
1610 1928 1805 2000 Neque
1829 1928 1978 1984 enim
2005 1925 2119 1979 ulla

541 2032 598 2085 in
636 2045 694 2083 re
740 2027 964 2098 operari
1005 2025 1328 2082 censebitur
1374 2023 1527 2079 solus
1572 2036 1637 2076 ac
1675 2020 1908 2076 seorsim
1959 2016 2122 2072 Pater

542 2123 754 2192 absque
788 2119 948 2184 Filio,
1001 2132 1126 2172 cum
1163 2117 1344 2186 ipsum
1378 2115 1580 2170 habeat
1617 2115 1788 2169 robur
1826 2128 1892 2168 ac
1938 2112 2122 2166 virtu-

541 2222 674 2269 tem.
707 2212 1059 2282 Quapropter
1087 2227 1106 2259 ι
1140 2206 1345 2263 Omnia
1380 2217 1532 2262 certe
1561 2205 1702 2260 facta
1736 2211 1869 2260 sunt
1899 2218 1996 2276 per
2027 2204 2121 2273 ip-

542 2321 688 2369 sum,
718 2314 774 2359 et
805 2305 925 2358 sine
952 2303 1074 2372 ipso
1108 2301 1315 2356 factum
1347 2308 1433 2356 est
1466 2299 1604 2353 nihil
1625 2299 1706 2365 ";
1741 2316 1760 2350 ι
1791 2311 1970 2366 neque
1996 2310 2123 2350 rur-

543 2419 640 2459 sus
682 2399 890 2471 aliqnid
929 2414 1026 2470 per
1063 2397 1308 2468 seipsum
1348 2394 1512 2450 faciet
1544 2393 1742 2457 Filius,
1772 2393 1848 2447 ita
1887 2399 1949 2446 ut
1997 2406 2123 2447 eum

542 2510 609 2550 eo
634 2509 742 2547 non
773 2493 842 2548 sit
868 2490 1054 2545 Pater.
1085 2488 1302 2544 Idcirco
1330 2488 1478 2542 enim
1507 2486 1583 2540 ait
1614 2503 1628 2540 :
1659 2504 1678 2536 ι
1716 2483 1829 2556 Ego
1855 2498 1886 2537 a
1911 2482 2148 2553 meipso,

544 2586 690 2640 facio
730 2584 903 2639 nihil:
938 2582 1102 2636 Pater
1139 2591 1323 2634 autem
1362 2581 1414 2632 in
1449 2593 1536 2633 me
1565 2591 1818 2640 manens,
1847 2576 1963 2646 ipse
1990 2573 2126 2628 facit

545 2675 796 2746 opera”.
833 2693 852 2726 ι
885 2672 1073 2743 Neque
1121 2686 1287 2741 porro
1317 2670 1670 2726 censebimus
1715 2667 1917 2722 Filium
1963 2665 2124 2737 quasi

545 2782 613 2820 ex
654 2765 973 2818 infirmitate
1021 2779 1050 2816 a
1092 2761 1256 2817 Patre
1291 2761 1667 2824 corroborari,
1705 2759 1804 2814 sed
1830 2759 1880 2814 ei
1929 2772 2127 2814 rursus

545 2859 790 2912 omnium
833 2863 1162 2928 potestatem
1207 2855 1413 2921 tribui;
1446 2869 1557 2908 non
1595 2853 1740 2907 enim
1779 2857 1930 2908 esset
1982 2850 2126 2905 ultra

545 2959 742 3005 natura
772 2950 917 3006 Deus
951 2949 998 3005 si
1037 2947 1404 3003 adventitiam
1432 2946 1661 3000 haberet
1693 2944 1748 2998 in
1798 2957 1857 2998 se
1901 2941 2126 2998 deitatis

546 3043 1033 3114 pulchritudinem.
1072 3040 1182 3095 Sed
1217 3055 1322 3095 nec
1351 3039 1468 3110 ipse
1517 3037 1684 3092 Pater
1728 3036 1989 3092 absoluta
2029 3035 2128 3090 bo-

545 3150 742 3190 norum
779 3133 1079 3189 eminentia
1118 3129 1487 3202 pr-zefulgebit.
1511 3128 1559 3184 si
1589 3135 1804 3182 naturae
1842 3140 1956 3181 suae
1986 3123 2126 3178 cha-

2222 1937 2487 2006 φυσικῶς.
2515 1937 2680 2007 Λέγει
2708 1937 2764 1992 δὲ
2795 1939 2869 2011 μὴ
2890 1939 3148 1994 δύνασθαί
3177 1956 3228 1992 τι
3260 1941 3434 1992 ποιεῖν
3468 1937 3559 2006 ἀφ’
3590 1935 3816 1994 ἑαυτοῦ.

2223 2029 2429 2102 κρίνειν
2457 2029 2514 2083 δὲ
2555 2029 2749 2094 οὕτως,
2783 2029 2972 2103 ὥσπερ
3023 2031 3090 2085 ἂν
3127 2030 3390 2084 ἀκούσαι·
3431 2030 3619 2100 τρόπῳ
3653 2028 3819 2081 πάλιν

2223 2119 2416 2191 ἑτέρῳ,
2448 2119 2543 2174 καὶ
2574 2119 2912 2191 ίσογνώμονα
2968 2123 3063 2174 καὶ
3098 2121 3346 2191 ἰσοσθενῆ
3389 2119 3653 2174 δεικνύων
3689 2121 3820 2172 ἐαυ-

2221 2211 2314 2266 τδν
2339 2212 2418 2284 τῷ
2461 2212 2584 2284 Θεῷ
2630 2214 2724 2267 καί⁴
2764 2215 2958 2285 Πατρί.
3010 2213 3146 2267 Οὐδὲ
3181 2213 3289 2284 γὰρ
3327 2214 3551 2286 ἐνεργὸς
3596 2214 3732 2284 περί
3771 2231 3816 2267 τι

2225 2303 2332 2357 τῶν
2356 2303 2528 2358 ὅντων
2565 2305 2689 2376 δίχα
2734 2305 2829 2359 τοῦ
2872 2305 3005 2359 Υἱοῦ
3047 2308 3202 2360 νοοῖτ’
3246 2305 3312 2359 ἂν
3343 2306 3502 2376 μόνος
3562 2307 3659 2360 καὶ
3694 2307 3820 2360 καθ’

2225 2395 2416 2450 ἑαυτὸν
2446 2397 2476 2450 6
2513 2397 2723 2470 Πατὴρ,
2764 2399 2915 2468 ἰσχὺν
2948 2398 3087 2469 ἔχων
3122 2397 3284 2451 αὑτὸν
3322 2399 3414 2451 καὶ
3441 2398 3693 2468 δύναμιν.
3730 2399 3822 2452 Διδ

2225 2489 2291 2562 δὴ
2315 2508 2334 2541 ι
2373 2491 2556 2546 Πάντα
2584 2491 2651 2544 δι’
2672 2491 2858 2554 αὑτοῦ,
2898 2493 2992 2545 καὶ
3026 2493 3192 2563 χωρίς
3225 2492 3391 2546 αὑτοῦ
3433 2492 3653 2562 ἐγένετο
3697 2493 3823 2546 οὐδὲ

2226 2581 2319 2635 ἕν’
2381 2602 2399 2634 ι
2453 2583 2558 2636 οὐδ’
2605 2579 2672 2638 αὖ
2719 2585 2881 2639 πάλιν
2922 2585 3277 2656 ἐξεργάσεται
3323 2603 3375 2638 τι
3417 2584 3540 2638 καθ’
3570 2587 3824 2639 ἑαυτὸνό

2229 2672 2376 2736 Υἱὸς,
2411 2672 2486 2744 μὴ
2523 2674 2644 2744 ούχλ⁵
2687 2675 2939 2738 συνόντος
2981 2675 3131 2745 αύτῷ
3177 2675 3272 2728 τοῦ
3306 2659 3537 2747 Πατρός.
3583 2677 3682 2729 Διά
3710 2677 3824 2748 γάρ

2226 2781 2309 2816 τοι
2338 2763 2495 2816 τοῦτο
2534 2766 2628 2818 καί
2671 2781 2864 2837 φησιν·
2896 2785 2914 2817 ι
2963 2767 3082 2819 ’Δπ⁹
3125 2766 3363 2837 ἐμαυτοῦ
3410 2768 3548 2820 ποιῶ
3572 2768 3727 2821 οὐδέν
3752 2785 3768 2796 °
3799 2770 3825 2820 6

2227 2856 2283 2909 δὲ
2324 2856 2514 2927 Πατὴρ
2552 2859 2582 2910 6
2628 2859 2686 2910 ὲν
2732 2858 2855 2928 ἐμοὶ
2886 2858 3063 2929 μένων
3112 2861 3256 2911 ποιεῖ
3306 2859 3374 2912 τὰ
3401 2858 3536 2930 ἔργα
3581 2861 3775 2923 αὑτός.
3805 2879 3823 2912 ι

2230 2949 2340 3002 Καὶ
2373 2950 2432 3005 ού
2463 2949 2634 3022 δήπου
2666 2949 3052 3022 διακεισόμεθα
3097 2951 3464 3022 δυναμοῦσθαι
3517 2953 3616 3022 μὲν
3659 2952 3734 3016 ὡς
3774 2952 3829 3017 ἐξ

2229 3043 2513 3106 ἀσθενείας
2539 3042 2697 3114 παρὰ
2719 3043 2812 3096 τοῦ
2846 3043 3060 3114 Πατρὸς
3083 3042 3174 3095 τὸν
3200 3043 3348 3108 Υἱδν,
3373 3043 3728 3114 χορηγεῖσθαι
3778 3045 3830 3097 δὲ

2232 3134 2395 3188 πάλιν
2438 3133 2588 3203 αύτῷ
2629 3133 2726 3187 καὶ
2777 3133 2876 3204 τὴν
2926 3135 3010 3202 ἐφ’
3046 3135 3250 3189 ἅπασιν
3301 3134 3566 3199 ἐξουσίαν·
3608 3135 3670 3188 οὐ
3713 3136 3829 3206 γὰρ

545 3235 814 3284 racterem
848 3227 1048 3280 habeat
1075 3197 1282 3278 virtute
1320 3197 1384 3276 ac
1419 3228 1693 3292 potestate
1718 3220 1902 3274 aliena
1929 3233 2125 3274 careo-

2232 3227 2297 3282 ἂν
2325 3226 2507 3281 οὐκέτι
2533 3197 2601 3297 ἦν
2631 3224 2772 3279 κατά
2813 3197 2980 3295 (ῥύσιν
3001 3225 3155 3292 Θεὸς,
3198 3197 3436 3281 ἐπακτὸν
3467 3227 3658 3298 ὥσπερ
3687 3197 3827 3298 ἔχων

547 3329 682 3376 tem.
723 3319 1017 3385 Quaeretur
1056 3315 1207 3370 enim
1245 3329 1348 3384 pro
1376 3312 1596 3368 ratione
1643 3311 1904 3382 imaginis
1940 3316 1996 3365 et
2042 3324 2131 3364 ar-

546 3403 804 3480 chetypi,
851 3405 945 3476 qui
1013 3419 1101 3460 res
1154 3403 1464 3458 antedictas
1519 3400 1808 3472 largiatur,
1846 3409 2011 3470 atque
2057 3399 2131 3454 ita

547 3501 772 3557 demum
806 3499 861 3552 in
909 3497 1269 3568 quae-stionem
1310 3493 1583 3550 infinitam
1618 3508 1807 3550 sermo
1841 3492 2034 3558 abibit,
2077 3502 2132 3548 et

549 3595 605 3648 in
647 3591 982 3662 profundum
1037 3587 1509 3658 blasphemiarum
1565 3587 1798 3657 pelagus
1844 3593 2128 3642 excurret.

551 3686 659 3741 Sed
699 3685 987 3756 quoniam,
1029 3698 1097 3737 ex
1128 3680 1445 3736 substantia
1471 3678 1658 3735 Patris
1687 3694 1812 3734 cum
1839 3679 1912 3734 sit
1935 3678 2129 3747 Filius,

549 3775 734 3828 onmia
770 3772 1054 3829 Genitoris
1088 3771 1396 3828 secundum
1447 3778 1706 3825 naturam
1762 3769 1985 3840 propria
2021 3769 2130 3825 sibi

549 3867 793 3932 asciscit,
827 3873 884 3922 et
916 3865 1362 3922 substantialiter
1398 3863 1452 3919 in
1486 3877 1652 3918 unam
1685 3877 1811 3918 cum
1855 3863 1976 3933 ipso
2014 3861 2132 3917 dei-

556 3965 740 4026 tatem,
771 3965 996 4029 propter
1041 3965 1254 4012 naturae
1287 3955 1658 4022 identitatem,
1691 3955 2004 4023 concurrit,
2043 3961 2131 4010 est

549 4054 672 4122 ipse
706 4052 929 4124 quidem
961 4053 1014 4106 in
1051 4050 1238 4114 Patre,
1270 4064 1336 4104 ac
1375 4064 1598 4103 rursum
1627 4047 1794 4104 habet
1816 4047 2039 4102 Patrem
2072 4047 2130 4102 in

549 4147 733 4217 seipse
771 4165 784 4200 :
819 4145 1030 4201 idcirco
1083 4158 1229 4214 saepe
1279 4142 1561 4212 inculpate
1613 4157 1680 4197 ac
1716 4156 1850 4198 vere
1898 4154 2128 4197 suorum

549 4253 777 4307 operum
799 4246 1127 4308 potestatem
1153 4235 1350 4289 tribuit
1371 4232 1544 4301 Patri,
1571 4249 1681 4290 non
1707 4233 1856 4306 quod
1882 4234 2127 4302 seipsum

551 4330 604 4385 id
628 4347 790 4401 posse
808 4339 986 4402 neget,
1010 4329 1104 4383 sed
1124 4329 1269 4399 quod
1291 4331 1357 4383 ad
1377 4329 1544 4384 unius
1564 4329 1944 4398 operationem
1964 4326 2135 4380 deita-

553 4423 624 4476 tis
654 4420 836 4476 omnia
875 4420 1094 4474 referat.
1122 4419 1286 4490 239
1312 4419 1428 4475 Una
1462 4427 1643 4475 autem
1665 4418 1844 4475 deitas
1879 4417 1934 4471 in
1969 4416 2134 4472 Patre

550 4521 658 4574 est,
689 4526 753 4564 ac
787 4508 954 4576 Filio,
988 4522 1294 4581 sanctoque
1324 4510 1557 4582 Spiritu.
1595 4509 1756 4575 Quod
1802 4516 1986 4563 autem
2019 4523 2132 4563 non

551 4601 782 4657 inferior
815 4603 888 4656 sit
923 4601 1089 4658 Patre
1142 4603 1318 4658 Filius
1368 4603 1598 4665 virtute,
1641 4607 1735 4654 aut
1786 4598 2130 4669 operatione,

551 4695 647 4752 sed
697 4708 796 4764 per
848 4694 1034 4749 omnia
1095 4695 1290 4750 similis
1337 4703 1394 4749 et
1434 4693 1801 4763 arquipotens,
1835 4697 1997 4745 antea
2030 4691 2128 4745 de-

550 4788 1008 4853 monstravimus,
1045 4786 1112 4841 ad
1146 4786 1304 4843 illum
1352 4787 1536 4840 locum
1570 4798 1583 4834 :
1619 4802 1638 4834 ε
1667 4781 1787 4838 Non
1824 4789 2009 4853 potest
2035 4779 2132 4836 Fi-

550 4880 658 4935 lius
688 4895 717 4933 a
748 4896 807 4935 se
839 4878 1025 4934 facere
1085 4881 1411 4950 quidquam,
1450 4875 1555 4932 nisi
1588 4875 1734 4946 quod
1784 4874 1988 4929 viderit
2024 4871 2130 4927 Pa-

551 4981 687 5026 trem
722 4971 1047 5025 facientem:
1081 4983 1431 5040 qnaecunque
1459 4969 1611 5023 enim
1643 4969 1733 5023 ille
1765 4967 1979 5032 fecerit,
2013 4966 2132 5020 haec

551 5071 600 5116 ct
632 5062 806 5118 Filius
830 5063 1084 5117 similiter
1115 5061 1267 5116 facit.
1303 5080 1322 5113 ι

2232 3318 2293 3372 τὸ
2318 3319 2419 3388 τῆς
2448 3317 2700 3388 θεότητος
2729 3317 2943 3382 κάλλος.
2981 3318 3120 3371 Ἀλλ’
3147 3319 3266 3372 οὐδὲ
3293 3319 3455 3383 αὐτὸς
3483 3321 3512 3374 6
3540 3321 3740 3392 Πατὴρ
3775 3322 3829 3374 ἐν

2232 3409 2492 3482 ἀκράτοις
2515 3407 2626 3462 τῶν
2655 3408 2878 3477 ἀγαθῶν
2927 3410 3223 3482 ὑπεροχαῖς
3259 3410 3339 3465 ἔτι
3381 3412 3646 3476 κείσεται,
3675 3412 3829 3468 δυνά-

2236 3520 2384 3573 μεως
2423 3501 2525 3573 τῆς
2551 3504 2681 3572 παρ’
2712 3501 2902 3574 ἑτέρου
2958 3503 3054 3556 καὶ
3107 3503 3359 3580 ἐξουσίας
3395 3505 3652 3575 δεόμενον
3689 3506 3829 3578 ἔχων

2231 3598 2324 3652 τὸν
2361 3597 2463 3667 τῆς
2493 3596 2631 3661 ἰδίας
2663 3595 2880 3665 φύσεως
2929 3597 3254 3668 χαρακτῆρα
3291 3597 3468 3666 λόγον.
3511 3598 3831 3670 Ζητηθήσε-

2230 3706 2322 3744 ται
2345 3687 2453 3760 γὰρ
2483 3686 2762 3756 ἀναλόγως
2792 3689 2859 3758 τῇ
2900 3689 3069 3741 εἰκόνι
3100 3689 3194 3740 καὶ
3243 3687 3321 3758 τῷ
3371 3689 3671 3761 ἀρχετύπῳ
3723 3692 3832 3745 τῶν

2233 3780 2536 3854 εἰρημένων
2565 3780 2594 3833 6
2632 3779 2888 3850 χορηγὸς,
2919 3779 3062 3833 οὕτω
3097 3798 3156 3834 τε
3201 3781 3387 3836 λοιπὸν
3416 3784 3492 3846 εἰς
3517 3783 3831 3852 ἀπέραντον

2233 3871 2458 3944 ζήτησιν
2489 3872 2518 3924 6
2540 3870 2696 3940 λόγος
2740 3872 2871 3941 ἡμῖν
2901 3873 3200 3943 οἰχήσεται,
3243 3873 3340 3926 καὶ
3379 3875 3458 3937 είς
3494 3875 3631 3944 βαθὺ
3666 3877 3834 3946 βλασ-

2233 3964 2454 4034 φημιῶν
2499 3961 2854 4035 ὲκδραμεῖται
2897 3963 3152 4033 πέλαγος.
3194 3964 3334 4018 Ἀλλ’
3361 3965 3591 4038 ἐπείπερ
3625 3969 3694 4021 ἐκ
3731 3967 3833 4038 τῆς

2230 4054 2326 4108 τοῦ
2355 4053 2570 4124 Πατρὸς
2607 4053 2800 4116 οὐσίας
2844 4054 3106 4127 ὑπάρχων
3149 4057 3178 4108 ὁ
3222 4055 3369 4122 Υίδς,
3405 4057 3583 4111 πάντα
3625 4059 3696 4113 τὰ
3739 4061 3832 4114 τοῦ

2232 4147 2596 4216 γεννήσαντος
2646 4144 2754 4197 ι’δια
2801 4145 2944 4199 κατὰ
2975 4146 3138 4214 φύσιν
3179 4147 3462 4214 ἐπάγεται,
3495 4150 3587 4202 καλ⁸
3628 4151 3823 4205 οὑσιω⁹

2233 4238 2338 4303 δῶς
2368 4236 2661 4309 ἀνατρέχει
2690 4236 2827 4308 πρὸς
2865 4237 2995 4308 μίαν
3022 4238 3171 4309 αὐτῷ
3201 4238 3453 4309 θεότητα,
3490 4240 3577 4294 διὰ
3622 4242 3686 4295 τὸ
3731 4243 3836 4315 τῆς

2233 4329 2450 4400 φύσεως
2489 4327 2908 4398 ἀπαράλλακτον
2941 4327 3097 4398 (ἔστι
3151 4331 3248 4398 μὲν
3299 4331 3461 4396 αὐτὸς
3510 4335 3568 4386 ὲν
3626 4335 3829 4407 Πατρὶ,

2234 4423 2344 4492 ἔχει
2381 4421 2426 4474 δ’
2453 4418 2520 4476 αὖ
2550 4420 2712 4474 πάλιν
2735 4421 2793 4473 ὲν
2827 4421 3005 4492 ἐαυτῷ
3028 4421 3116 4475 τὸν
3145 4423 3406 4496 Πατέρα)⁶
3439 4425 3529 4480 διά
3553 4443 3638 4481 τοι
3669 4427 3836 4481 τοῦτο

2236 4513 2499 4576 πολλάκις
2527 4511 2962 4582 ἀκατηγορήτως
2983 4529 3045 4564 τε
3069 4513 3164 4565 καὶ
3186 4513 3403 4585 ἀληθῶς
3430 4517 3722 4588 ἀνατίθησι
3753 4518 3835 4588 τῷ

2239 4605 2418 4676 ῐῐατρὶ
2444 4605 2552 4657 τῶν
2577 4603 2794 4657 οίκείων
2834 4603 3011 4673 ἔργων
3039 4605 3140 4675 τὴν
3166 4605 3415 4676 δύναμιν,
3444 4608 3546 4661 ούκ
3583 4607 3691 4673 ἔξω
3733 4610 3832 4663 τοῦ

2234 4694 2493 4753 δύνασθαι
2511 4692 2680 4756 τιθεὶς
2702 4693 2912 4757 ἑαυτὸν,
2930 4694 3064 4747 ἀλλὰ
3083 4698 3149 4766 τῇ
3177 4695 3423 4768 ἐνεργείᾳ
3439 4698 3536 4766 τῆς
3558 4700 3687 4763 μιᾶς
3715 4699 3835 4753 Θεό-

2235 4805 2395 4856 τητος
2415 4785 2485 4838 τὰ
2513 4783 2691 4838 πάντα
2711 4785 3053 4856 προσνέμων.
3072 4787 3186 4839 Μία
3199 4785 3254 4839 δὲ
3278 4789 3311 4858 ή
3339 4787 3527 4859 θεότης
3552 4789 3608 4842 ἐν
3625 4790 3832 4861 Πατρὶ,

2239 4881 2331 4934 καὶ
2351 4876 2488 4947 Υἰῷ,
2516 4875 2611 4930 καὶ
2629 4877 2768 4946 ἁγίῳ
2788 4876 3087 4946 Πνεύματι.
3107 4878 3228 4931 Ὀτι
3259 4878 3314 4932 δὲ
3334 4880 3434 4932 οὑκ
3453 4879 3692 4934 ἐλάττων
3712 4883 3835 4934 ἐστὶ

2237 4967 2332 5022 τοῦ
2356 4967 2568 5036 Πατρδς
2598 4965 2627 5016 6
2649 4965 2794 5029 Υἱὸς,
2825 4964 2858 5035 ἢ
2891 4966 3032 5019 κατά
3067 4965 3311 5038 δύναμιν,
3338 4969 3372 5039 ἢ
3401 4970 3519 5022 κατ’
3546 4971 3833 5042 ἐνέργειαν

2238 5059 2337 5129 τὴν
2371 5056 2462 5110 ὲπί
2494 5072 2657 5117 τισιν,
2687 5055 2801 5108 ἀλλ’
2833 5055 3018 5125 ὅμοιος
3058 5057 3201 5110 κατὰ
3245 5059 3422 5112 πάντα
3487 5061 3582 5114 καὶ
3618 5062 3833 5115 ἰσοσθε-

555 5150 668 5219 νὴς,
703 5151 796 5203 καὶ
837 5151 904 5204 δι’
964 5150 1167 5221 ἑτέρων
1198 5149 1332 5217 ἡμῖν
1379 5146 1772 5213 ἀποδέδεικται,
1813 5143 2176 5216 προκειμένου
2217 5145 2383 5218 ῥητοῦ
2406 5161 2421 5176 ο
2459 5165 2477 5198 ι
2513 5145 2590 5198 Οὐ
2617 5144 2839 5200 δύναται
2867 5147 2895 5197 6
2927 5145 3054 5210 Υἱὸς
3095 5151 3269 5201 ποιεῖν
3313 5149 3406 5220 ἀφ’
3429 5150 3623 5204 ἑαυτοῦ
3649 5155 3830 5211 οὐδὲν,

554 5244 644 5297 ἐὰν
694 5245 768 5314 μή
800 5262 852 5298 τι
894 5243 1065 5314 βλέπῃ
1120 5242 1210 5294 τὸν
1263 5242 1483 5312 Πατέρα
1537 5239 1808 5294 ποιοῦντα·
1850 5239 1888 5294 ἀ
1917 5239 2027 5310 γὰρ
2071 5239 2138 5293 ἂν
2175 5240 2381 5302 ἐκεῖνος
2417 5242 2564 5310 ποιῇ,
2593 5238 2765 5292 ταῦτα
2793 5239 2886 5290 καὶ
2915 5241 2942 5292 6
2973 5239 3102 5304 Υἰὸς
3127 5240 3328 5311 ὁμοίως
3361 5245 3522 5295 ποιεῖ.
3557 5263 3575 5295 ι

623 5334 730 5390 Sed
775 5335 1036 5405 quoniam
1076 5332 1280 5388 divinis
1314 5332 1662 5401 dogmatibus
1685 5333 1822 5387 citra
1856 5333 2020 5386 ullam
2048 5344 2136 5386 se-

554 5427 776 5497 gnitiem
810 5425 1126 5482 incumbere
1144 5440 1358 5494 acquum
1376 5440 1499 5480 esse
1519 5433 1702 5479 statuo
1721 5467 1736 5491 ,
1761 5440 1860 5494 age
1888 5437 2132 5486 rursum,

555 5529 846 5574 nautarum
867 5531 1044 5581 more,
1070 5523 1238 5570 totam
1261 5518 1458 5588 capitis
1487 5518 1758 5571 rationem
1791 5515 1964 5570 instar
1983 5514 2134 5568 funis

556 5611 901 5682 colligamus.
928 5606 1021 5663 Sic
1045 5607 1192 5663 enim
1221 5607 1406 5663 videre
1439 5608 1566 5662 licet
1596 5606 1795 5662 Filium
1831 5621 1988 5662 suam
2021 5621 2129 5660 non

555 5708 810 5762 incusare
849 5709 1128 5768 naturam,
1159 5701 1289 5758 dum
1319 5701 1395 5755 ait
1427 5717 1534 5756 non
1567 5717 1730 5772 posse
1761 5716 1790 5754 a
1822 5702 2009 5769 seipse
2048 5698 2131 5751 fa-

2324 5329 2541 5399 Ἐπειδὴ
2573 5329 2628 5382 δὲ
2655 5331 2755 5400 τὴν
2785 5332 2844 5383 ὲν
2873 5333 2984 5392 τοῖς
3021 5329 3186 5393 θείοις
3215 5330 3481 5402 δόγμασιν
3506 5332 3834 5405 ἀξιεραστο-

2236 5423 2407 5491 τάτην
2448 5420 2705 5491 σπουδὴν,
2737 5422 2898 5474 ὄκνου
2950 5421 3155 5484 παντὸς
3201 5422 3592 5492 ἀναφαίνεσθαι
3639 5426 3833 5496 κρείτ-

2234 5531 2385 5576 τονα,
2429 5511 2635 5566 δίκαιόν
2670 5529 2730 5565 τε
2771 5514 2868 5566 καὶ
2909 5514 3117 5584 πρέπον
3152 5514 3520 5585 ὑπολαμϐάνω
3543 5533 3556 5545 ν
3592 5515 3720 5585 φέρε
3755 5516 3830 5584 δὴ

2236 5605 2398 5658 πάλιν
2447 5606 2560 5667 τοῖς
2606 5605 2664 5656 ὲν
2719 5606 2786 5675 τῇ
2837 5603 3078 5678 θαλάττῃ
3127 5607 3395 5670 ναυτίλοις
3424 5608 3701 5672 ποιοῦντες
3753 5611 3832 5662 τὰ

2236 5695 2611 5768 παραπλήσια,
2643 5696 2877 5766 σχοινίου
2916 5697 3060 5761 τινὸς
3091 5698 3265 5770 δίκην,
3296 5698 3416 5752 ὅλον
3457 5699 3696 5763 εἰσαῦθις
3728 5699 3832 5752 τὸν

624 5815 670 5846 ⁷ο
710 5812 1073 5880 Psal.1.xxxr,
1107 5815 1160 5870 8.
1238 5813 1280 5843 ⁷¹
1324 5812 1468 5869 Psal.
1506 5831 1684 5878 Luiv,
1725 5814 1776 5868 8.
1855 5813 1898 5842 ⁷¹
1942 5813 2120 5882 Supra

2229 5812 2277 5866 5.
2356 5810 2401 5840 ⁷³
2431 5807 2588 5862 Juan-
2629 5825 2739 5876 xw,
2781 5808 2864 5864 10.
