4052 6500
258 391 370 449 380

1295 383 1359 438 lN
1396 379 1688 439 .lOANNlS
1729 378 2187 436 EVANGELIUM
2256 380 2387 437 LIB.
2424 379 2488 435 11.

3461 389 3567 447 390

255 499 358 554 σευῦ
411 497 708 568 κεφαλαίου
767 495 924 564 λόγον
988 493 1494 566 ἀναμηρυσώμεθα.
1549 495 1706 547 Ἔστι
1761 490 1870 561 γὰρ

1976 504 2100 545 cere
2131 490 2460 562 quidquam,
2493 489 2590 548 sed
2647 491 2836 564 potius
2898 492 3221 550 Iudaeorum
3272 497 3567 568 reprehen-

255 592 439 656 οὕτως
489 592 638 654 ἰδεῖν,
679 591 740 642 ού
797 589 894 659 τῆς
948 586 1144 641 ἑαυτοῦ
1191 587 1407 656 φύσεως
1457 584 1867 658 κατηγοροῦντα

255 683 355 737 τὸν
389 682 518 737 my
552 681 620 735 δι’
659 665 826 734 αὐτού
861 679 956 734 τοῦ
992 679 1173 748 λέγειν
1200 679 1276 750 μὴ
1309 677 1574 734 δύνασθαί
1607 695 1660 730 τι
1693 680 1868 730 ποιεῖν

235 771 354 836 ἀφ’
407 771 626 837 ἑαυτοῦ,
682 771 820 826 ἀλλά
861 771 1065 842 μᾶλλον
1115 770 1215 842 τὴν
1265 770 1376 826 τῶν
1417 770 1688 825 Ἰουδαίων
1731 770 1868 824 ἀπό-

256 883 414 920 νοιαν
462 865 838 935 ἐξελέγχοντα,
893 864 991 918 καὶ
1043 863 1206 918 αὑτὸν
1250 863 1308 916 δὲ
1356 863 1448 917 τὸν
1489 862 1578 916 διά
1623 863 1870 926 Μωσέως

257 959 619 1030 πατήσαντας
652 955 816 1028 νόμον
845 955 1148 1028 διαρρήδην
1186 955 1607 1010 ἐπιδεικνύοντα.
1653 955 1727 1008 Τὸ
1761 954 1869 1026 γὰρ

256 1049 426 1113 εὐθὺς
472 1047 864 1117 ἐπεισάγεσθαι
921 1046 1020 1118 τῷ,
1057 1065 1076 1099 ι
1126 1047 1201 1100 Οὐ
1249 1045 1484 1116 δύναμαι
1531 1046 1642 1114 ἐγὼ
1698 1047 1870 1098 ποιεῖν

255 1143 358 1196 ἀπ’
387 1140 630 1212 ἐμαυτοῦ
671 1139 858 1205 οὐδὲν,
895 1159 914 1191 ι
945 1138 1007 1192 τὺ
1045 1159 1063 1191 ‹
1097 1136 1301 1202 Καθὼς
1347 1137 1551 1202 ἀκούω,
1589 1137 1761 1209 κρίνω
1785 1179 1801 1205 ,
1843 1156 1862 1190 ι

255 1233 536 1306 λοιδορίας
579 1233 678 1305 μὲν
706 1231 926 1304 ἁπάσης
954 1232 1052 1304 τῆς
1084 1231 1178 1290 ἐπὶΙ
1220 1231 1281 1284 τὸ
1321 1230 1396 1301 μὴ
1439 1228 1695 1283 δύνασθαι
1736 1229 1870 1300 δρᾷν

256 1325 317 1391 ἐξ
351 1326 567 1389 οἰκείας
596 1323 878 1396 δυνάμεως
913 1322 1193 1395 ἐλευθεροί
1216 1321 1308 1376 τὸν
1343 1322 1492 1376 Υἱόν·
1531 1320 1870 1392 φιλοπάτορα

254 1419 312 1471 δέ
375 1417 474 1472 καὶ
509 1415 872 1486 συνεθελητὴν
901 1415 980 1486 τῷ
1005 1415 1332 1486 γεννήσαντι
1385 1413 1529 1468 κατὰ
1570 1413 1748 1467 πάντα
1774 1430 1869 1467 σα-

256 1511 380 1580 φῶς
421 1508 737 1578 ἀποφαίνει.
771 1507 835 1562 Εἰ
874 1508 982 1580 γὰρ
1011 1506 1254 1579 ὡσπερεὶ
1283 1505 1444 1577 τυχὸν
1474 1507 1744 1578 ἀτονήσας
1770 1504 1870 1577 τὴν
1903 1526 1916 1531 '

252 1606 322 1657 ἐκ
354 1602 579 1676 Πατρὸς
625 1601 929 1667 ἐδανείζετο
974 1599 1231 1670 δύναμιν,
1269 1599 1346 1663 ὡς
1392 1599 1492 1652 οὐκ
1533 1597 1870 1670 ἐξαρκοῦσαν

253 1699 403 1768 ἔχων
442 1698 540 1767 ἀφ’
577 1693 795 1760 ἑαυτοῦ,
830 1694 946 1756 πῶς
979 1695 1080 1748 ούκ
1114 1693 1220 1746 ἔδει
1286 1691 1487 1765 μᾶλλον
1520 1692 1728 1755 εἰπεῖν,
1794 1690 1868 1744 Οὐ

252 1789 501 1860 δύναμαι
530 1790 642 1859 ἐγὼ
676 1790 849 1842 ποιεῖν
882 1787 976 1840 ἀπ’
1007 1783 1250 1858 ἐμαυτοῦ
1285 1785 1460 1852 οὐδὲν,
1513 1783 1776 1856 λαμϐάνω
1812 1783 1870 1836 δὲ

252 1881 315 1934 τὸ
358 1879 630 1933 δύνασθαι
673 1879 824 1952 παρά
854 1877 948 1932 τοῦ
989 1877 1243 1949 Πατρός;
1298 1876 1435 1930 Νυνὶ
1463 1875 1520 1929 δὲ
1579 1875 1738 1929 τοῦτο
1770 1874 1871 1947 μὲν

255 1974 360 2027 οὐκ
399 1972 592 2039 εἰπὼν,
621 1971 934 2042 ἐπενεγκὼν
978 1972 1034 2026 δὲ
1065 1971 1267 2042 μᾶλλον
1298 1970 1377 2042 τῷ
1411 1970 1486 2043 μὴ
1521 1969 1784 2024 δύνασθαί
1816 1987 1871 2023 τι

260 2064 394 2135 δρᾷν
439 2063 534 2133 ἀφ’
585 2061 802 2127 ἑαυτοῦ,
855 2062 917 2115 τὸ
963 2064 1170 2134 κρίνειν
1203 2061 1398 2128 οὕτως,
1429 2063 1620 2132 ὥσπερ
1666 2062 1734 2116 ἂν
1777 2063 1872 2117 καὶ

259 2155 516 2219 ἀκούσαι,
548 2155 710 2226 δῆλος
744 2155 809 2210 ἂν
841 2154 928 2226 εἴη
975 2156 1162 2210 λοιπὸν
1189 2197 1204 2221 ,
1233 2157 1358 2228 ,οὐκ
1393 2157 1478 2209 ἐπ’
1515 2154 1774 2227 ἀσθενείᾳ
1802 2158 1870 2228 τῇ

254 2251 380 2302 κατ’
416 2249 706 2320 ἐνέργειαν
735 2248 833 2320 τὴν
881 2248 974 2302 ἐπί
1005 2267 1118 2303 τισι
1170 2249 1234 2303 τὸ
1263 2251 1337 2322 μὴ
1381 2249 1642 2305 δύνασθαι
1685 2267 1873 2306 συντε-

250 2340 482 2404 θεικὼς,
513 2339 630 2394 ἀλλ’
664 2340 758 2393 ἐπὶ
790 2339 868 2410 τῷ
905 2339 980 2411 μὴ
1028 2341 1342 2412 ἐνδέχεσθαι
1387 2341 1747 2415 παραϐαίνειν
1777 2342 1873 2396 αύ-

251 2434 348 2486 τον
382 2433 533 2486 κατά
555 2451 610 2486 τι
642 2433 772 2501 γοῦν
801 2433 862 2486 τὸ
901 2432 1118 2504 θέλημα
1165 2433 1260 2487 τοῦ
1309 2436 1544 2508 Πατρός.
1579 2436 1728 2499 Μιᾶς
1762 2434 1871 2506 γὰρ

254 2525 522 2596 θεότητος
552 2525 650 2596 τῆς
681 2528 738 2578 ἐν
771 2525 946 2594 Πατρί
977 2525 1070 2578 καὶ
1101 2525 1215 2597 Υίῴ
1242 2527 1558 2600 νοουμένης,
1591 2527 1745 2581 ἔσται
1773 2527 1872 2599 δή·

252 2634 364 2669 που
403 2620 626 2680 πάντως
661 2618 754 2671 καὶ
803 2617 1018 2688 θέλημα
1053 2618 1276 2682 ταυτὸν,
1302 2616 1426 2672 οὗτε
1469 2619 1526 2672 δὲ
1573 2620 1630 2673 ἐν
1669 2619 1870 2690 Πατρί,

252 2709 384 2763 οὒτε
425 2711 534 2780 μὴν
564 2711 621 2762 ἐν
648 2709 845 2782 Υἰῷ,ῆ
884 2713 978 2763 καὶ
1015 2711 1094 2782 τῷ
1144 2711 1283 2784 ἁγίῳ
1333 2711 1614 2783 Πνεύματι
1646 2711 1872 2766 στασιά-

252 2803 436 2865 ζουσά
484 2819 615 2854 ποτε
661 2801 782 2854 καθ’
821 2803 1019 2872 ἑαυτῆς
1059 2805 1092 2872 ή
1148 2802 1268 2859 θεία
1315 2802 1476 2872 φύσις
1524 2803 1868 2876 νοηθήσεται,

252 2895 379 2949 ἀλλ’
411 2884 554 2965 ὅπερ
606 2893 679 2954 ειν⁴
712 2894 860 2961 δόξαι
913 2893 990 2965 τῷ
1043 2895 1219 2966 Πατρὶ
1272 2895 1452 2965 τυχὸν,
1495 2895 1654 2949 τοῦτο
1691 2897 1871 2966 πάσης

253 2993 382 3044 ἐστὶ
417 2991 520 3061 τῆς
554 2990 808 3062 θεότητος
843 2990 1074 3060 θέλημα.
1126 2991 1468 3061 Ἀναγκαίως
1507 2990 1798 3062 τοιγαροῦν
1843 2993 1872 3044 ὁ

257 3082 415 3147 Υἱὸς,
457 3083 855 3152 συνευδοκητὴν
881 3082 1072 3154 ὥσπερ
1097 3083 1218 3136 τινὰ
1271 3083 1366 3136 καὶ
1396 3083 1868 3152 συγκατανεύοντα

250 3173 340 3245 τῷ
363 3175 565 3245 Πατρὶ,
593 3174 728 3245 πρὸς
753 3175 851 3247 τὴν
881 3175 965 3244 ἐφ’
996 3169 1151 3247 ᾧπερ
1180 3175 1247 3230 ἂν
1270 3174 1437 3240 δόξειε
1467 3174 1650 3246 ψῆφον
1673 3176 1865 3230 ἑαυτὸν
1894 3182 1936 3241 ι]

253 3267 535 3339 εἰσφέρει,
576 3269 652 3339 μὴ
699 3267 956 3322 δύνασθαί
1004 3285 1057 3321 τι
1102 3268 1234 3340 δρᾷν
1281 3268 1682 3342 ἐξηγούμενος,
1730 3269 1757 3322 ὃ
1792 3269 1866 3341 μὴ

253 3361 487 3425 πάντως
520 3362 638 3415 ἐστὶ
672 3363 811 3415 κατὰ
857 3361 1083 3434 γνώμην
1129 3361 1224 3416 τοῦ
1274 3363 1509 3433 Πατρός.
1558 3360 1730 3417 Τοῦτο
1760 3364 1866 3435 γὰρ

252 3457 400 3525 ἡμῖν
445 3453 704 3524 σημαίνει
737 3454 816 3518 τὸ,
845 3473 863 3506 c
904 3457 1000 3508 ἀπ’
1036 3454 1298 3526 ἐμαυτοῦ
1332 3475 1350 3508 ι
1386 3455 1576 3528 ὥσπερ
1605 3456 1672 3511 ἂν
1699 3457 1747 3509 εἰ
1778 3457 1868 3510 λέ-

254 3565 350 3610 γοι
391 3547 471 3618 μὴ
501 3546 761 3600 δύνασθαι
809 3547 942 3618 δρᾷν
985 3547 1284 3620 ἁμαρτίαν,
1331 3548 1433 3602 οὐκ
1476 3547 1542 3603 ἀν
1589 3566 1668 3620 τῳ
1719 3549 1869 3617 δόξαι

252 3639 493 3703 δικαίως
522 3639 808 3702 ἀσθενείας
855 3639 1147 3710 ὑπομεῖναι
1197 3639 1434 3712 γραφὴν,
1471 3639 1784 3710 ἐξηγεῖσθαι
1812 3639 1870 3692 δὲ

255 3732 477 3804 μᾶλλον
527 3731 859 3801 ἀξιάγαστόν
914 3749 968 3786 τι
1021 3733 1118 3786 καὶ
1168 3731 1472 3803 θεοπρεπὲς
1521 3732 1627 3802 τῆς
1665 3733 1872 3798 οἰκείας

257 3825 489 3895 φύσεως
523 3823 747 3894 ἰδίωμα·
781 3824 863 3878 ὅτι
895 3823 1005 3896 γάρ
1034 3823 1303 3896 ἀτρεπτός
1332 3841 1395 3877 τε
1439 3825 1533 3877 καὶ
1579 3823 1874 3878 ἀναλλοίωο

255 3935 356 3982 τος
391 3916 831 3989 ὑπάρχει,δηλοῖ.
867 3916 1056 3982 Οὕτως
1087 3918 1217 3971 ὅταν
1243 3917 1338 3987 ἀφ’
1373 3917 1568 3971 ἑαυτοῦ
1605 3917 1680 3990 μὴ
1714 3917 1874 3972 δύνα-

261 4006 397 4062 σθαί
443 4026 498 4060 τι
546 4011 719 4061 ποιεῖν
765 4007 999 4079 ὁμολογῇ
1024 4048 1040 4073 ,
1085 4007 1623 4080 καταπλαγησόμεθα
1648 4009 1872 4080 μᾶλλον,

261 4101 490 4172 φύσεως
520 4100 793 4172 άτρέπτου
822 4101 1034 4171 καρπὸν
1063 4097 1299 4171 ὁρῶντες
1323 4098 1382 4153 τὸ
1410 4099 1702 4171 ἄτρεπτον,
1728 4103 1876 4173 ἢπερ

258 4193 366 4245 οὐκ
417 4192 698 4264 εὐκαίρως
760 4191 835 4254 ὡς
882 4189 1170 4256 ἀσθενείας
1228 4191 1567 4264 σημαντικὸν
1611 4193 1674 4247 τὸ
1715 4211 1735 4247 σ
1800 4193 1876 4266 μὴ

258 4282 536 4338 δύνασθαι
578 4304 595 4336 ι
635 4282 987 4354 λογιούμεθα.
1025 4283 1214 4336 Ταῦτα
1256 4284 1315 4338 δὲ
1362 4284 1528 4340 πάλιν
1572 4287 1706 4356 ἡμῖν
1745 4286 1878 4340 ἀνα.-

259 4376 442 4444 λόγως
495 4376 594 4446 μὲν
639 4377 752 4438 τοῖς
806 4375 1119 4447 εἰρημένοις
1151 4375 1394 4447 εἰρήσθω
1439 4375 1692 4446 μέτροιςο
1719 4377 1879 4448 ἐρευ-

260 4469 419 4522 νάτω
451 4467 510 4521 δὲ
536 4470 565 4522 ὁ
603 4467 909 4539 φιλομαθὴς
935 4466 1006 4521 τὰ
1033 4467 1297 4538 βελτίονα.
1331 4468 1736 4538 Διερμηνεῦσαι
1768 4469 1877 4540 μὴν

1971 580 2104 636 dere
2145 582 2462 648 stultitiam,
2506 591 2563 637 et
2597 593 2783 654 aperte
2818 585 3112 642 ostendere
3143 586 3212 643 ab
3250 588 3319 644 iis
3341 590 3571 644 concul-

1971 675 2087 730 cari
2114 675 2287 744 legem
2312 675 2488 745 ipsam
2520 674 2843 732 Mosaieam.
2869 677 3027 746 Quod
3055 680 3201 735 enim
3228 681 3315 735 his
3341 683 3523 738 verbis
3549 723 3566 748 ,

1937 786 1995 845 _¢
2037 765 2158 821 Non
2207 781 2436 838 possum
2476 783 2578 839 ego
2635 767 2818 825 facere
2854 786 2884 825 a
2914 772 3129 842 meipso
3173 773 3498 844 quidquam,
3544 795 3564 828 ι

1971 859 2160 915 statim
2191 860 2550 932 subjungitur
2581 861 2740 928 illud,
2771 880 2789 913 ι
2816 860 2972 919 Sicut
3001 864 3416 936 audio,judieo,
3444 886 3462 918 ι
3498 866 3568 921 ab

1971 954 2121 1008 omni
2155 954 2410 1010 convicio
2453 952 2650 1010 Filium
2700 955 2900 1012 liberat
2947 970 3057 1028 quo
3108 957 3248 1012 nihil
3285 973 3350 1013 ex
3386 974 3487 1014 sua
3515 959 3568 1014 vi

1971 1058 2136 1115 posse
2191 1043 2373 1101 facere
2420 1045 2626 1102 dicitur
2667 1064 2680 1101 :
2726 1045 2877 1103 Patri
2931 1064 3064 1104 vero
3124 1050 3564 1122 obsequentem,

1970 1136 2134 1206 eique
2218 1136 2273 1190 in
2361 1137 2622 1193 omnibus
2705 1139 2874 1194 rebus
2948 1140 3367 1211 astipulatorem
3446 1157 3571 1198 esse

1973 1237 2162 1300 aperte
2187 1230 2547 1286 demonstrat.
2569 1231 2702 1286 Nam
2727 1233 2772 1288 si
2805 1249 2916 1304 pra:
2948 1234 3269 1290 inlirmilate
3295 1235 3566 1306 quodam-

1973 1326 2137 1378 modo
2188 1339 2218 1377 a
2270 1323 2436 1379 Patre
2469 1325 2730 1380 virtutem
2781 1328 3082 1399 acciperet,
3118 1330 3276 1398 quasi
3318 1344 3348 1382 a
3384 1329 3569 1398 seipso

1973 1416 2336 1472 Sullicientem
2375 1433 2487 1472 non
2525 1417 2747 1484 habeat,
2777 1420 2872 1491 qui
2913 1436 3021 1474 non
3053 1422 3234 1491 potius
3257 1421 3443 1477 dicere
3475 1420 3572 1477 de-

1973 1508 2156 1573 bebat,
2209 1506 2333 1562 Non
2388 1523 2616 1579 possum
2673 1525 2776 1582 ego
2834 1510 3014 1566 facere
3073 1526 3104 1564 a
3151 1513 3364 1583 meipso
3403 1511 3572 1584 quid-

1973 1616 2164 1670 quam;
2207 1601 2304 1656 sed
2337 1603 2553 1674 accipio
2588 1611 2919 1676 potestatem
2977 1618 3007 1657 a
3039 1603 3242 1658 Patre?
3292 1603 3412 1658 Jam
3439 1620 3571 1660 vero

1974 1707 2100 1746 eum
2143 1692 2294 1748 istud
2328 1709 2436 1750 non
2465 1694 2691 1758 dixerit,
2720 1695 2816 1751 sed
2847 1703 3204 1766 posteaquam
3239 1696 3571 1768 signiﬁcavit

1975 1799 2085 1838 non
2119 1799 2283 1854 posse
2315 1801 2346 1840 a
2371 1788 2556 1857 seipso
2582 1785 2766 1842 facere
2795 1787 3120 1858 quidquam,
3153 1789 3407 1843 intulerit
3465 1805 3570 1860 po-

1975 1879 2087 1934 tius
2134 1878 2385 1948 judicare
2447 1896 2508 1936 se
2562 1880 2712 1937 sicut
2759 1881 3021 1946 audierit,
3075 1881 3432 1938 manifestum
3485 1893 3572 1937 est

1974 1987 2085 2026 non
2119 1971 2191 2026 ob
2223 1972 2598 2028 inﬁrmitatem
2632 1973 2686 2028 in
2717 1974 3000 2029 nonnullis
3052 1973 3319 2031 faciendis
3360 1975 3571 2030 dixisse

1974 2079 2036 2120 se
2075 2079 2185 2120 non
2226 2079 2412 2135 posse,
2447 2065 2546 2121 sed
2576 2067 2723 2136 quod
2773 2082 2843 2120 ne
2875 2066 2984 2121 ulla
3019 2067 3241 2137 quidem
3275 2067 3330 2122 in
3365 2083 3425 2123 re
3465 2066 3571 2121 Pa-

1974 2156 2078 2211 tris
2129 2156 2466 2212 voluntatem
2505 2158 2682 2228 possit
2721 2159 3100 2230 praetergredi.
3137 2158 3272 2214 Nam
3299 2175 3426 2214 cum
3460 2175 3570 2215 una

1973 2247 2029 2302 in
2078 2247 2241 2304 Patre
2281 2255 2337 2304 et
2387 2247 2529 2304 Filio
2582 2251 2760 2306 deitas
2797 2251 3163 2321 intelligatur,
3215 2251 3323 2306 erit
3380 2251 3571 2322 utique

1973 2340 2163 2395 eadem
2197 2341 2363 2396 etiam
2392 2341 2676 2409 voluntas,
2711 2359 2890 2411 neque
2936 2358 3064 2398 vero
3093 2345 3148 2398 in
3179 2342 3360 2408 Patre,
3389 2358 3570 2414 neque

1974 2430 2114 2487 adeo
2149 2433 2203 2486 in
2240 2432 2377 2487 Filio
2407 2441 2713 2504 sanctoque
2745 2433 2957 2506 Spiritu
2988 2435 3288 2491 dissentire
3321 2450 3570 2506 unquam

1975 2538 2004 2576 a
2032 2537 2092 2578 se
2120 2530 2320 2576 natura
2363 2522 2548 2579 divina
2580 2523 2927 2588 censebitur,
2961 2523 3060 2579 sed
3091 2522 3241 2593 quod
3277 2521 3429 2576 Patri
3456 2521 3571 2592 pla-

1973 2615 2174 2680 cuerit,
2201 2615 2306 2670 hoc
2340 2622 2451 2670 tota
2498 2616 2609 2670 vult
2633 2616 2835 2670 deitas.
2878 2614 3210 2671 Necessario
3263 2614 3451 2685 itaque
3481 2612 3570 2670 Fi-

1974 2709 2083 2764 lius
2109 2709 2427 2764 consentire
2464 2725 2524 2765 se
2556 2719 2611 2764 et
2638 2724 2884 2765 aunuere
2915 2708 3066 2764 Patri
3093 2724 3440 2780 quaecunque
3478 2723 3569 2764 res

1971 2802 2021 2857 ei
2076 2800 2349 2871 placuerit
2398 2800 2700 2871 signiﬁcat,
2753 2801 2964 2856 docens
3007 2814 3117 2854 non
3178 2814 3341 2870 posse
3391 2798 3574 2854 facere

1974 2889 2275 2960 quidquam
2325 2889 2470 2960 quod
2521 2891 2714 2960 utique
2755 2905 2868 2944 non
2909 2889 2982 2946 sit
3027 2890 3186 2959 juxta
3217 2888 3400 2945 Patris
3442 2904 3572 2944 sen-

1974 2983 2225 3037 tentiam.
2259 2979 2376 3037 Hoc
2422 2983 2572 3037 enim
2623 2981 2902 3053 signiﬁcat
2952 2981 3088 3036 illud
3130 3000 3148 3033 ι
3201 2994 3230 3034 a
3263 2979 3499 3050 meipso,
3547 2999 3567 3032 ι

1975 3083 2035 3126 ιιι
2068 3071 2111 3124 si
2169 3071 2382 3126 diceret
2435 3085 2547 3124 non
2595 3085 2760 3140 posse
2809 3069 2976 3142 240
3011 3068 3196 3126 facere
3254 3077 3570 3141 peccatum,

1975 3179 2137 3219 nemo
2170 3162 2575 3217 existimaverit
2618 3177 2744 3216 eum
2781 3161 3183 3216 imbecillitatis
3237 3162 3364 3232 jure
3401 3177 3572 3216 accu-

1969 3257 2106 3320 sari,
2143 3256 2239 3312 sed
2292 3255 2599 3310 mirabilem
2639 3241 2937 3326 quamdam
2985 3268 3049 3308 ac
3092 3255 3337 3308 divinam
3385 3255 3576 3324 potius

1969 3359 2184 3404 naturae
2211 3363 2325 3404 suae
2343 3347 2620 3418 explicare
2642 3345 3039 3416 proprietatem
3060 3367 3072 3400 :
3089 3345 3410 3401 ostenderet
3425 3345 3574 3400 enim

1971 3455 2032 3495 se
2069 3438 2397 3494 mutationis
2425 3446 2480 3493 et
2527 3437 2876 3494 alterationis
2933 3437 3237 3494 immunem
3279 3439 3572 3494 exsistere.

1974 3530 2050 3586 Ita
2085 3545 2211 3586 cum
2243 3545 2276 3586 a
2327 3531 2516 3600 seipso
2568 3544 2681 3584 non
2727 3525 2896 3594 posse
2941 3527 3126 3584 facere
3168 3543 3229 3583 se
3269 3527 3576 3599 quidquam

1973 3623 2286 3695 proﬁtetur,
2329 3621 2663 3678 mirabimttr
2709 3622 2897 3692 potius
2945 3619 3312 3675 immutabilis
3363 3627 3580 3673 naturae

1974 3715 2217 3771 fructum
2249 3714 2652 3769 immutabilem
2676 3721 2996 3780 cernentes,
3020 3727 3187 3783 quam
3220 3711 3379 3776 illud,
3413 3731 3431 3763 ι
3466 3726 3578 3766 non

1975 3823 2164 3878 posse,
2205 3827 2223 3859 ι
2259 3807 2637 3862 inﬁrmitatem
2686 3806 3003 3876 signiﬁcare
3045 3804 3439 3875 intempestive
3469 3820 3578 3874 pu-

1978 3901 2244 3956 tabimus.
2298 3899 2426 3955 llaec
2472 3909 2655 3954 autem
2706 3915 2933 3954 rursum
2989 3897 3153 3953 nobis
3209 3912 3310 3968 pro
3363 3896 3580 3952 ratione

1976 4009 2173 4050 eorum
2227 4009 2351 4064 qua:
2402 4000 2530 4047 ante
2587 3991 2734 4046 dicta
2777 3999 2908 4046 sunt
2951 3991 3251 4057 suﬁiciaut;
3296 3995 3580 4043 scrutetur

1978 4101 2146 4160 porro
2179 4084 2428 4142 discendi
2467 4083 2754 4140 studiosus
2789 4083 3043 4138 meliora.
3073 4081 3366 4152 Explieare
3392 4089 3577 4136 tamen

1978 4181 2184 4236 dictum
2215 4177 2351 4234 illud
2383 4178 2492 4232 alio
2525 4175 2688 4231 modo
2724 4191 2837 4231 non
2887 4176 3259 4251 gravabuntur,
3293 4174 3576 4245 paululum

1979 4272 2244 4346 quiddam
2289 4271 2359 4327 de
2388 4269 2611 4325 deitatis
2651 4269 2961 4324 rationibus
2991 4279 3046 4324 et
3075 4267 3356 4339 Unigeniti
3391 4267 3579 4322 excel-

1980 4364 2150 4419 lentia
2176 4363 2411 4418 dieendo
2441 4361 2781 4424 minuentes,
2813 4370 2868 4416 et
2896 4361 3158 4430 quoniam
3192 4360 3357 4415 homo
3385 4374 3580 4414 revera

1983 4455 2164 4513 factus
2195 4465 2300 4521 est,
2333 4453 2622 4525 Filiusque
2649 4462 2900 4519 vocatus,
2934 4454 3041 4508 vim
3075 4453 3478 4509 theorematum
3511 4453 3580 4507 ad

262 4561 359 4614 καὶ
401 4532 698 4631 ἐτέρωςντδ
731 4532 901 4631 ρητὺν
942 4532 1045 4616 οὐκ
1083 4532 1625 4631 ὀκνήσομενίεθραχύ
1669 4578 1720 4614 τι
1764 4532 1874 4614 τῶν

1983 4548 2461 4621 dispensationem
2495 4564 2620 4603 cum
2663 4563 2830 4602 carne
2863 4545 3288 4612 transferentes,
3317 4553 3582 4618 cognata-

259 4653 368 4721 τῆς
403 4650 662 4722 θεότητος
706 4651 848 4724 ὅρων
911 4650 1006 4703 καὶ
1049 4649 1149 4721 τῆς
1187 4648 1284 4703 τοῦ
1323 4649 1665 4718 Μονογενοῦς
1707 4650 1877 4721 ὑπερ-

261 4745 403 4815 οχῆς
428 4742 524 4797 τὸν
545 4742 705 4813 λόγον
737 4740 1181 4807 ύποϐιὸἁζοντες,
1214 4742 1308 4796 καὶ
1337 4741 1567 4815 ἐπείπερ
1590 4743 1876 4816 ἄνθρωπος

1985 4661 2093 4718 que
2138 4653 2192 4699 et
2227 4643 2528 4712 conjuncta
2579 4641 2963 4712 superioribus
3011 4640 3299 4711 sequentia
3349 4639 3580 4694 demon-

1985 4748 2248 4799 strantes.

196 4889 209 4900 .
263 4841 468 4915 γέγονέ
501 4857 559 4893 τε
603 4839 772 4902 ὅντως
815 4839 909 4891 καὶ
946 4836 1358 4908 κεχρημάτικεν
1394 4839 1422 4892 ὁ
1453 4839 1602 4904 Υἱὸς,
1650 4842 1745 4894 ἐπὶ
1774 4845 1875 4914 τὴν
1917 4838 2060 4914 μετὰ
2081 4831 2282 4906 σαρκὸς
2308 4825 2624 4898 οἰκονομίαν
2645 4825 2742 4898 τὴν
2766 4825 2875 4878 τῶν
2941 4823 3314 4896 θεωρημάτων
3373 4829 3580 4899 μεταρο

269 4938 636 5014 ρυθμίζοντες
662 4935 913 5006 δύναμιν,
946 4933 1187 5003 συγγενῆ
1208 4951 1267 4988 τε
1292 4937 1388 4990 καὶ
1416 4939 1740 5008 συνημμένα
1763 4941 1878 5003 τοῖς
1913 4926 2434 5011 προαποδεδομένοις
2465 4924 2558 4978 καὶ
2584 4923 2653 4977 τὰ
2689 4923 2888 4992 ἐφεξῆς
2935 4922 3402 4988 ἀποδεικνύοντες.

342 5029 563 5087 υύκοῦν
596 5030 678 5084 ὅτι
710 5029 806 5084 καὶ
839 5027 1167 5084 ἀκούσονται
1189 5028 1290 5100 τῆς
1323 5028 1510 5100 φωνῆς
1547 5031 1715 5084 αὑτοῦ
1747 5031 1884 5085 πάν-

268 5143 366 5189 τες
392 5124 443 5178 οἰ
471 5123 531 5176 ἐν
581 5125 694 5184 τοῖς
735 5121 1046 5193 μνημείοις,
1094 5122 1189 5175 καὶ
1231 5121 1316 5176 ὄτι
1358 5120 1453 5174 καὶ
1491 5121 1882 5194 κριθησόμενοι

273 5215 702 5290 προελεύσονται
725 5213 1128 5284 διεμαρτύρατο
1167 5211 1373 5282 σαφῶς.
1409 5212 1627 5282 Ἐπειδὴ
1649 5215 1708 5266 δὲ
1734 5213 1884 5280 ἅπαξ

269 5311 355 5372 εἰς
411 5307 505 5360 τὸν
545 5304 677 5377 περὶ
705 5303 816 5370 ,τοῦ
854 5304 1059 5368 κρίνειν
1102 5303 1266 5356 αὐτὸν
1293 5302 1392 5371 τὴν
1429 5302 1756 5373 οἰκουμένην
1784 5303 1883 5356 ἐκ-

273 5400 488 5471 ϐέϐηκε
515 5398 696 5468 λόγον,
723 5397 785 5450 ού
819 5396 981 5467 μόνον
1009 5396 1094 5449 ὅτι
1135 5397 1256 5450 κατ’
1286 5397 1464 5449 ἐκεῖνο
1511 5394 1728 5466 καιροῦ,
1760 5395 1884 5450 καθ’

270 5494 302 5549 ὃ
350 5491 576 5545 ἔσεσθαί
625 5507 760 5561 φησι
791 5489 890 5562 τὴν
921 5488 1031 5542 τῶν
1079 5487 1290 5558 νεκρῶν
1328 5487 1650 5551 ἀναϐίωσιν,
1680 5488 1885 5552 δίκαιος

273 5587 436 5642 ἔσται
468 5585 660 5657 κριτὴς
684 5581 1114 5651 ἐπαγγέλλεται,
1140 5580 1279 5635 ἀλλὰ
1320 5581 1426 5652 γὰρ
1459 5580 1558 5652 ήδη
1583 5581 1679 5634 καὶ
1717 5581 1789 5636 τὰ
1827 5583 1888 5634 ἐν

270 5680 420 5751 »τῷδε
458 5677 536 5747 τῷ
567 5677 670 5747 βίῳ
704 5675 1008 5746 πράγματα
1053 5673 1258 5744 κρίνειν
1303 5669 1478 5734 ὀρθῶς
1522 5671 1616 5724 καὶ
1664 5669 1888 5735 δικαίως

210 5757 214 5760 ”
275 5769 702 5842 ὃιισχυρίζεται.
737 5767 804 5820 Τί
834 5767 892 5820 δὲ
929 5761 998 5836 ἦν
1030 5765 1092 5818 τὸ
1131 5763 1471 5835 κρινόμενον,
1509 5764 1603 5816 καὶ
1628 5763 1721 5816 ἐπὶ
1745 5762 1886 5816 τίσιν

282 5864 307 5916 ὁ
330 5861 518 5932 λόγος.
549 5859 714 5915 ἄκουε
749 5857 949 5914 λοιπόν·
997 5853 1292 5925 Ἐγεννήθη
1323 5853 1387 5906 δι’
1417 5853 1564 5925 ἡμᾶς
1608 5853 1670 5906 ἐκ
1703 5869 1892 5923 γυναι.

2070 5027 2241 5098 Igitur
2272 5021 2424 5076 clare
2459 5017 2786 5074 testiﬁcatus
2815 5027 2898 5072 est
2945 5025 3195 5073 mortuos
3233 5034 3428 5076 omnes
3463 5020 3584 5091 ejus

1989 5133 2182 5176 vocem
2211 5113 2525 5176 audituros,
2549 5119 2603 5166 et
2634 5108 2702 5164 ad
2724 5108 2998 5180 judicium
3026 5125 3410 5180 processuros.
3434 5111 3584 5179 Quo-

1991 5214 2138 5268 niam
2186 5217 2368 5264 autem
2405 5203 2574 5260 semel
2609 5217 2675 5259 eo
2715 5211 3014 5276 provectus
3059 5210 3145 5260 est
3188 5211 3249 5258 ut
3286 5204 3487 5260 dixerit
3525 5221 3587 5261 se

1989 5304 2181 5359 orbem
2229 5299 2634 5372 judicaturum,
2677 5312 2789 5352 non
2831 5296 3010 5354 solum
3045 5295 3338 5366 proﬁtetur
3390 5311 3451 5351 se
3492 5295 3586 5365 ju-

1989 5402 2138 5448 stum
2169 5391 2413 5461 judicem
2447 5387 2567 5444 fore
2599 5402 2666 5444 eo
2700 5397 2947 5457 tempore
2968 5401 3078 5456 quo
3107 5385 3347 5441 futuram
3381 5396 3456 5439 att
3498 5401 3584 5440 re-

1990 5486 2434 5545 surrectionem,
2487 5497 2680 5537 verum
2736 5481 2902 5535 etiam
2953 5481 3121 5548 hujus
3164 5479 3292 5533 vitae
3334 5481 3583 5533 actiones

1991 5585 2142 5632 recte
2189 5592 2254 5632 ac
2303 5577 2451 5647 juste
2507 5574 2888 5644 judicaturum
2945 5575 3256 5628 conﬁrmat.
3294 5571 3582 5636 Quodnam

1994 5679 2177 5724 autem
2225 5667 2590 5739 judicandum
2651 5668 2744 5731 sit,
2785 5675 2840 5720 et
2886 5665 2956 5721 de
2997 5665 3202 5736 quibus
3256 5677 3442 5718 sermo
3489 5664 3584 5729 sit,

1995 5762 2219 5816 attende
2259 5761 2448 5815 modo.
2490 5759 2664 5814 Natus
2706 5766 2792 5813 est
2821 5765 3046 5828 propter
3091 5771 3195 5811 nos
3223 5771 3288 5810 ex
3319 5755 3584 5819 muliere;

2000 5863 2058 5910 ut
2097 5855 2244 5910 enim
2279 5853 2482 5910 Paulus
2528 5853 2604 5908 ait
2644 5870 2655 5906 :
2697 5871 2716 5903 ι
2758 5850 2877 5906 Νοη
2931 5848 3294 5916 apprehendit
3338 5847 3584 5924 angelus,
