4052 6502
499 388 597 450 '59!

1461 388 1521 442 S.
1546 383 1825 441 CYRILLI
1866 381 2341 439 ALEXANDRINl
2381 381 2703 437 ARCHIEP.

3674 381 3779 438 39?.

505 505 603 562 sed
656 512 843 560 semen
881 503 1134 571 Abrahae,
1174 501 1319 558 unde
1370 501 1562 558 debuit
1602 516 1700 573 per
1732 501 1918 567 omnia
1974 498 2090 553 l‘ra-

2200 497 2313 562 κός’
2348 497 2424 561 ὡς
2457 500 2565 569 γὰρ
2591 494 2619 546 ὁ
2646 492 2857 557 Παῦλός
2901 509 3063 564 φησιν
3084 530 3099 557 ,
3158 511 3177 543 ι
3231 492 3344 545 Οὐκ
3388 491 3636 561 ἀγγέλων
3667 495 3781 548 ἐπι-

504 596 685 652 tribus
713 595 1009 651 assimilari
1031 592 1097 649 ".
1135 613 1154 648 ι
1193 592 1332 650 Cum
1366 602 1549 650 autem
1586 593 1766 649 factus
1799 593 1873 649 sit
1903 592 2089 658 homo,

504 695 560 743 et
583 689 638 742 in
665 686 810 742 servi
837 684 1037 750 forma,
1065 685 1249 742 factus
1275 700 1497 758 quoque
1529 692 1614 741 est
1648 683 1753 741 sub
1784 685 1902 755 lege
1929 684 1974 739 is
1996 682 2092 753 qui

509 778 791 850 legislator
812 784 919 843 est,
941 786 999 831 ut
1021 776 1168 835 Deus
1185 791 1251 833 ac
1271 776 1535 834 Dominus
1558 777 1699 829 7"".
1720 775 1901 842 Quare
1926 776 2093 829 inter-

506 869 636 924 dum
669 871 941 940 loquitur,
971 880 1033 926 nt
1057 871 1151 941 qui
1183 872 1288 928 sub
1318 870 1436 942 lege
1471 877 1577 939 est,
1602 870 1876 925 interdum
1910 876 1970 922 ut
1997 867 2094 938 qui

506 978 674 1033 supra
708 965 905 1032 legem,
932 972 989 1018 et
1010 964 1148 1019 citra
1172 963 1656 1035 reprehensionem
1688 962 1854 1017 habet
1888 961 2095 1017 utrius-

506 1069 614 1124 que
651 1054 886 1108 faciendi
919 1060 1269 1133 potestatem.
1294 1053 1528 1110 Disserit
1562 1063 1743 1110 autem
1781 1068 1929 1109 nunc
1967 1068 2093 1108 cum

505 1143 734 1209 Judaais,
764 1154 825 1199 ut
861 1146 998 1217 legis
1045 1154 1235 1203 custos
1273 1154 1328 1202 et
1372 1146 1560 1211 homo,
1602 1158 1663 1201 ut
1720 1146 1816 1216 qui
1873 1152 2095 1216 praeter-

508 1235 664 1304 gredi
722 1237 939 1288 nesciat
987 1236 1244 1290 mandata
1281 1234 1491 1300 divina,
1544 1235 1794 1305 nihilque
1853 1250 1918 1289 ex
1968 1249 2097 1289 sen-

510 1325 682 1378 tentia
739 1340 840 1379 sua
893 1325 1076 1381 facere
1129 1334 1317 1397 queat,
1363 1325 1514 1395 quod
1570 1341 1682 1381 non
1740 1325 1939 1380 divina:
1991 1323 2098 1395 legi

510 1427 801 1486 congruat.
844 1417 1081 1491 ideoque
1120 1419 1198 1473 ait
1239 1436 1253 1473 :
1301 1436 1321 1470 ι
1367 1417 1489 1474 Non
1511 1432 1734 1488 possum
1782 1432 1885 1490 ego
1936 1430 1965 1470 a
2010 1430 2097 1472 me

514 1510 640 1578 ipso
674 1507 856 1564 facere
885 1511 1219 1582 quidquam;
1260 1511 1407 1567 sicut
1436 1510 1626 1575 audio,
1654 1509 1863 1580 judico.
1902 1526 1921 1561 ι
1959 1508 2096 1563 Cum

512 1613 645 1653 vero
689 1599 1019 1655 testiﬁcatur
1059 1616 1172 1656 non
1220 1615 1386 1672 posse
1433 1614 1463 1655 a
1496 1601 1681 1671 seipso
1718 1598 1902 1654 facere
1937 1595 2098 1668 quid-

511 1704 698 1759 quam,
731 1691 881 1761 quod
914 1692 1105 1762 utique
1136 1707 1247 1746 non
1281 1692 1353 1749 sit
1390 1692 1555 1747 etiam
1602 1691 1708 1762 legi
1733 1688 2018 1761 placitum,
2042 1692 2100 1743 et

510 1798 572 1838 re
629 1781 877 1924 jujicare
932 1782 1081 1838 sicut
1130 1783 1397 1848 audierit,
1446 1789 1773 1854 suggerente
1833 1779 2097 1834 nimirum

513 1872 650 1924 lege.
735 1872 1016 1924 udmorum
1063 1872 1499 1924 inobedientiam
1551 1870 1754 1924 arguit.
1800 1882 2097 1924 eorumque

513 1872 650 1941 lege,

513 1961 835 2032 praetr-actos
880 1977 1066 2018 mores
1114 1963 1332 2034 retegit.
1368 1961 1528 2034 241
1582 1960 1698 2016 Ηοο
1745 1961 1894 2017 enim
1946 1967 2097 2016 recte

513 2050 862 2107 subinnuunt
917 2051 1010 2106 illa
1051 2052 1222 2108 verba
1255 2069 1268 2105 :
1303 2069 1324 2103 ‹
1363 2050 1485 2107 Non
1534 2065 1763 2122 possum
1806 2065 1836 2105 a
1883 2050 2094 2121 meipso

514 2144 695 2201 facere
721 2143 1045 2214 quidquam,
1083 2162 1103 2197 ι
1146 2143 1250 2198 hoc
1279 2151 1403 2199 est:
1438 2142 1551 2200 Vos
1589 2143 1714 2197 data
1753 2142 1907 2198 vobis
1938 2158 2095 2198 man—

517 2236 639 2290 data
671 2244 876 2291 temere
897 2236 1429 2307 praetergredientes,
1470 2253 1497 2290 a
1541 2236 1698 2292 vobis
1732 2235 1867 2307 ipsis
1897 2246 2095 2291 cuncta

514 2324 696 2379 facere
725 2326 965 2393 audetis,
1003 2334 1058 2381 et
1090 2324 1158 2381 de
1189 2327 1426 2397 singulis
1450 2327 1615 2382 rebus
1654 2325 1867 2397 judicia
1894 2325 2095 2384 divinis

509 2418 689 2489 jussis
737 2420 965 2476 minime
1003 2430 1377 2477 consentanea
1426 2420 1632 2478 facitis.
1679 2419 1902 2478 Docetis
1950 2422 2095 2478 enim

514 2511 829 2566 doctrinam
864 2511 1117 2567 mandata
1163 2512 1475 2580 hominum,
1504 2524 1557 2569 et
1618 2514 1958 2570 voluntatem
2005 2530 2099 2569 ve-

515 2615 688 2661 stram
714 2620 813 2675 pro
838 2605 953 2674 lege
980 2605 1137 2661 vobis
1169 2605 1551 2677 prascribitis.
1571 2604 1835 2671 Quasnam
1865 2619 1996 2677 ergo
2030 2605 2101 2661 sit

515 2693 711 2748 horum
740 2694 1024 2749 verborum
1058 2696 1340 2760 ratio,‘aut
1370 2695 1649 2766 quomodo
1679 2696 1922 2766 seipsum
1947 2696 2101 2767 juste

514 2784 851 2855 jndicantem
903 2786 1197 2857 signiﬁcet,
1243 2803 1466 2842 rursum
1506 2788 1742 2843 dicetur.
1775 2787 2001 2843 Curavit
2043 2787 2100 2842 in

489 2873 763 2931 'Sahbato
820 2878 1206 2950 paralyticum,
1242 2879 1503 2932 misertus
1549 2884 1635 2932 est
1682 2877 1925 2934 hominis
1976 2877 2101 2933 diu-

516 2978 677 3023 turna
710 2970 1037 3040 aegritudine
1082 2970 1412 3033 laborantis,
1445 2978 1656 3025 rectum
1702 2971 1965 3025 nimirum
2006 2970 2103 3027 b0-

517 3077 759 3132 numque
798 3063 865 3119 de
906 3063 1035 3135 ipso
1093 3062 1281 3119 ferens
1341 3062 1639 3133 judicium.
1677 3063 1914 3118 Decehat
1954 3062 2102 3118 enim

515 3156 679 3210 etiam
729 3155 787 3211 in
843 3154 1089 3211 Sabbato
1136 3155 1385 3211 misereri
1420 3155 1680 3225 jacentis,
1730 3170 1907 3225 neque
1947 3170 2105 3210 vere-

517 3249 720 3303 cundia
749 3248 974 3304 Sabbati
1006 3247 1448 3304 misericordiam
1480 3261 1758 3313 coercere,
1785 3246 2102 3304 vanissima:

516 3341 799 3411 religionis
830 3342 1086 3395 obtentu.
1116 3338 1589 3406 Quemadmodum
1627 3348 1809 3394 autem
1849 3337 2013 3395 Pater
2046 3340 2101 3396 in

520 3432 764 3499 Sabbato
808 3448 936 3505 erga
988 3435 1286 3487 creaturas’
1322 3442 1600 3502 operatur,
1633 3432 1825 3503 utique
1871 3449 1971 3503 per
2014 3432 2102 3489 Fi-

516 3526 651 3580 lium
694 3543 707 3580 :
748 3526 822 3579 ita
856 3515 929 3581 ‘ct
965 3525 1159 3581 Filius.
1212 3523 1403 3597 Neque
1439 3526 1586 3580 enim
1628 3526 1835 3597 placuit
1879 3527 2102 3582 miseri-

523 3617 713 3672 cordia
755 3632 945 3673 carere
996 3619 1049 3673 iu
1099 3617 1338 3673 Sabbato
1367 3624 1591 3689 propter
1621 3616 1940 3685 Sabbatnm,
1975 3635 2101 3674 cum

519 3708 687 3762 sciret
744 3706 1037 3762 Dominum
1094 3722 1220 3763 esse
1253 3705 1451 3762 Filium
1498 3707 1764 3763 hominis.
1801 3706 1923 3763 Non
1953 3708 2098 3763 enim

518 3799 684 3850 homo
716 3804 938 3867 propter
969 3794 1272 3861 Salibatum
1310 3795 1488 3852 factus
1526 3804 1634 3863 est,
1668 3797 1763 3853 sed
1798 3797 2099 3854 Sabhatum

515 3896 744 3959 propter
781 3887 1085 3943 hominem.
1139 3885 1326 3959 Itaque
1376 3898 1587 3945 rectum
1628 3889 1850 3960 quidem
1902 3896 1987 3945 est
2038 3905 2103 3947 ac

520 3983 721 4035 lzonuin
774 3978 1081 4037 Salvatoris
1134 3981 1203 4037 de
1257 3981 1345 4038 his
1398 3981 1700 4053 judicium,
1733 3982 1828 4053 qui
1879 3991 2104 4054 propter

521 4069 822 4127 Sabbatum
883 4072 1321 4129 misericordiam
1369 4088 1498 4144 erga
1536 4073 1813 4143 jacentem
1861 4088 1971 4129 non
2019 4075 2103 4130 in-

519 4162 718 4231 liihuit,
769 4162 862 4219 sed
914 4163 1061 4235 quod
1111 4162 1327 4220 edicere
1381 4169 1617 4232 poterat,
1660 4171 1723 4217 ut
1776 4161 1942 4231 Deus,
1977 4163 2102 4221 fons

520 4254 723 4323 quippe
767 4236 1035 4309 bo'nitatis
1068 4259 1155 4309 est
1198 4244 1399 4307 natura
1427 4253 1638 4321 divina,
1672 4254 1805 4310 illud
1850 4256 2013 4312 etiam
2047 4256 2103 4311 in

519 4341 761 4397 sabbato
792 4343 1071 4413 praestitit.
1101 4342 1377 4397 Iudicium
1403 4352 1583 4398 autem
1610 4361 1801 4401 eorum
1830 4348 1923 4418 qui
1956 4363 2018 4403 ea
2044 4363 2104 4403 re

520 4432 943 4489 oﬂ‘endebantur
1001 4443 1225 4505 propter
1274 4434 1577 4490 Sabbatum
1612 4478 1627 4503 ,
1680 4447 1846 4510 atque
1895 4437 2103 4494 ideirco

2190 589 2544 660 λαμϐάνεται,
2572 586 2705 641 ἀλλὰ
2751 587 3065 657 σπέρματος
3112 583 3368 655 Ἀϐραάμ
3388 601 3403 615 θ
3432 585 3554 639 ὅθεν
3584 585 3781 654 ὤφειλε

2190 680 2335 735 κατά
2364 680 2542 734 πάντα
2585 680 2697 742 τοῖς
2736 676 2985 747 ἀδελφοῖς
3012 676 3367 747 ὁμοιωθῆναι.
3407 697 3426 728 ι
3474 677 3693 748 Ἐπειδὴ
3727 678 3785 732 δὲ

2190 773 2415 842 γέγονεν
2462 769 2772 844 ἄνθρωπος,
2825 770 2917 822 καὶ
2968 769 3027 822 ἐν
3073 770 3139 839 τῇ
3173 767 3269 821 τοῦ
3319 768 3512 821 δούλου
3574 773 3785 841 μορφῇ,

2191 866 2383 936 γέγονε
2409 864 2505 917 καὶ
2537 863 2642 916 ὑπὸ
2668 865 2831 933 νόμον
2867 861 2896 912 ὁ
2933 858 3230 930 νομοθέτης
3270 859 3345 924 ὼς
3387 860 3518 924 Θεὸς
3550 861 3645 915 καὶ
3672 862 3790 916 ιω-

2196 973 2328 1029 ριος.
2359 954 2530 1009 Λαλεῖ
2551 950 2840 1023 τοιγαροῦν
2873 950 3007 1005 ποτέ
3040 952 3140 1023 μὲν
3181 952 3256 1015 ὡς
3301 951 3406 1005 ὑπὸ
3432 953 3622 1024 νόμον,
3653 955 3790 1008 ποτέ

2192 1048 2250 1102 δέ
2271 1042 2337 1102 αὗ
2373 1046 2536 1100 πάλιν
2562 1045 2638 1108 ὡς
2683 1043 2825 1116 ὑπὲρ
2872 1047 3055 1115 νόμον,
3103 1044 3197 1098 καὶ
3245 1044 3657 1118 ἀκατηγόρητον
3700 1048 3790 1100 ἐπ’

2195 1137 2397 1209 ἀμφοῖν
2431 1138 2543 1209 ἔχει
2579 1136 2677 1208 τὴν
2709 1134 2979 1201 ἐξουσίαν.
3029 1136 3349 1207 Διαλέγεται
3394 1138 3450 1193 δὲ
3490 1139 3608 1193 νυνὶ
3650 1138 3789 1210 πρὸς

2207 1228 2514 1295 Ἰουδαίους,
2564 1227 2639 1293 ὠς
2687 1227 3003 1299 νομοφύλαξ
3053 1230 3147 1283 καὶ
3198 1229 3508 1300 ἄνθρωπος,
3557 1232 3634 1295 ὡς
3686 1232 3789 1284 οὐκ

2196 1320 2353 1384 εἰδὼς
2389 1321 2750 1392 παραϐαίνειν
2799 1321 2898 1384 τάς
2940 1321 3152 1376 ἀνωθεν
3182 1322 3495 1394 ὁρισθείσας
3543 1323 3788 1386 ἐντολάς,

2196 1414 2318 1468 οὐδὲ
2348 1413 2457 1468 ἀπὸ
2484 1413 2710 1485 γνώμης
2740 1412 2947 1477 οἰκείας
2981 1413 3304 1484 ἀνεχόμενός
3341 1432 3394 1467 τι
3431 1417 3623 1481 ποιεῖν,
3653 1417 3682 1468 ὃ
3709 1418 3788 1486 μὴ

2196 1505 2275 1576 τῷ
2304 1503 2433 1575 θείῳ
2458 1505 2608 1576 νόμῳ
2640 1505 2903 1559 συνδοκεῖ.
2935 1505 3034 1560 Διά
3063 1506 3220 1559 τοῦτό
3243 1524 3438 1578 φησιν·
3470 1525 3489 1559 ι
3526 1508 3601 1562 Οὐ
3630 1509 3801 1564 δύνα-

2201 1615 2301 1668 μαι
2343 1596 2456 1667 ἐγὼ
2499 1598 2675 1651 ποιεῖν
2717 1598 2812 1653 ἀπ’
2856 1599 3093 1669 ἐμαυτοῦ
3137 1599 3290 1653 οὐδέν
3318 1616 3331 1629 ⁸
3356 1600 3540 1665 καθὼς
3582 1602 3787 1665 ἀκούω,

2199 1689 2389 1760 κρίνω.
2422 1707 2441 1740 ι
2482 1689 2693 1760 Ἐαυτῷ
2739 1689 2795 1743 δὲ
2843 1690 2904 1744 τὸ
2956 1689 3030 1762 μὴ
3073 1690 3335 1746 δύνασθαί
3386 1709 3439 1745 τι
3482 1696 3655 1747 ποιεῖν
3695 1684 3793 1763 ἀφ’

2200 1778 2396 1834 ἑαυτοῦ
2428 1781 2745 1853 μαρτυρῶν,
2773 1780 2803 1834 ὃ
2834 1780 2909 1853 μὴ
2942 1781 3160 1846 πάντως
3193 1784 3309 1837 ἐστὶ
3338 1785 3431 1837 καὶ
3458 1784 3680 1856 θελητδν
3712 1784 3789 1857 τῷ

735 1872 1016 1927 udmorum
1063 1872 1499 1927 inobedientiam
1551 1870 1754 1941 arguit,
1800 1882 2099 1939 eorumque

2204 1869 2393 1942 νόμῳ,
2447 1871 2650 1942 κρίνειν
2695 1888 2755 1924 τε
2809 1870 2953 1925 οὕτω
3007 1872 3105 1925 καὶ
3163 1872 3403 1937 δικάζειν
3430 1879 3542 1939 τοῖς
3598 1877 3780 1947 πράγ-

2199 1978 2385 2034 μασιν,
2418 1960 2611 2034 ὥσπερ
2675 1960 2743 2016 ἂν
2789 1962 3044 2028 ἀκούσαι,
3099 1962 3509 2036 διαγορεύοντος
3548 1964 3800 2036 δηλονότι

2193 2050 2290 2106 τοῦ
2350 2050 2564 2122 νόμου,
2637 2051 2738 2115 τὰς
2789 2052 2899 2106 τῶν
2950 2051 3233 2107 Ἰουδαίων
3322 2056 3610 2121 ἀπειθείας
3692 2056 3782 2121 ἐξ-

2194 2143 2429 2214 ελέγχει,
2455 2144 2924 2217 καὶ[τῶν]τρόπων
2954 2146 3133 2202 αὐτῶν
3148 2149 3458 2221 άπογυμνοῖ
3479 2149 3537 2202 τὸ
3561 2149 3794 2219 ἐξήνιον.

2195 2234 2366 2289 Τοῦτο
2404 2235 2513 2306 γάρ
2552 2234 2616 2307 δὴ
2643 2238 2736 2291 καὶ
2770 2237 3103 2308 ύπεμφαίνει
3132 2239 3315 2303 καλῶς
3342 2239 3656 2311 τεθειμένον
3688 2241 3751 2294 τὸ
3773 2280 3790 2305 ,

2203 2349 2222 2382 ι
2242 2330 2317 2384 Οὐ
2347 2328 2584 2399 δύναμαι
2630 2327 2742 2398 ἐγὼ
2791 2332 2965 2383 ποιεῖν
3001 2332 3095 2402 ἀπ’
3125 2332 3363 2402 ἐμαυτοῦ
3393 2332 3564 2394 οὐδὲν,
3597 2353 3615 2385 ι
3669 2335 3797 2389 ἀντὶ

2197 2419 2314 2487 τοῦ,
2354 2392 2543 2492 Ὑμεῖς
2575 2392 2904 2490 ἀφυλάκτως
2934 2392 3312 2485 τάςχδοθείσας
3355 2423 3484 2493 ὑμῖν
3516 2392 3797 2496 παραϐαί-

2200 2530 2383 2578 νοντες
2411 2512 2653 2579 ἐντολὰς,
2692 2513 2871 2567 πάντα
2903 2514 3166 2585 πράττειν
3197 2514 3292 2583 ἀφ’
3336 2515 3566 2579 ἑαυτῶν,
3615 2517 3692 2580 ὡς
3732 2515 3791 2583 ἐξ

2200 2605 2485 2660 ἀκινδύνου
2529 2605 2713 2660 λοιπὸν
2762 2604 3124 2679 ἐθαρσήοατε,
3175 2606 3269 2659 καὶ
3310 2606 3409 2671 τὰς
3448 2607 3534 2675 ἐφ’
3575 2607 3792 2679 ἑκάστῳ

2199 2695 2310 2750 τῶν
2338 2697 2678 2769 πραγμάτων
2713 2696 3060 2769 κρίσεις,ούκ
3096 2696 3495 2759 ἀκολουθούσας
3522 2700 3636 2762 τοῖς
3674 2698 3794 2751 Θεό-

2202 2787 2295 2842 θεν
2337 2786 2781 2859 διατεταγμένοις
2813 2789 3084 2843 ποιεῖσθαι
3117 2789 3465 2854 σπουδάζετε.
3501 2789 3791 2843 Διδάσκετε

2202 2878 2310 2952 γὰρ
2352 2880 2704 2935 διδασκαλίαν
2754 2880 3064 2952 ἐντάλματα
3105 2881 3442 2954 ἀνθρώπων,
3489 2883 3584 2937 καὶ
3628 2884 3791 2954 νόμον

2203 2970 2477 3044 ύιρίσασθε
2504 2971 2565 3025 τὸ
2591 2974 2789 3027 οίκεῖον
2819 2973 2947 3045 θέλη
2958 2957 3053 3045 μα.
3081 2974 3179 3038 Τίς
3203 2971 3296 3027 οὖν
3322 2976 3350 3028 ό
3376 2974 3474 3045 τῆς
3499 2974 3792 3046 διασκευῆς

2203 3064 2305 3135 τῆς
2350 3064 2408 3117 ἐν
2454 3063 2630 3135 τούτῳ
2681 3066 2905 3137 τρόπος,
2952 3066 2985 3137 ἢ
3032 3065 3149 3129 πῶς
3199 3066 3391 3120 ἑαυτὸν
3434 3066 3534 3135 μὲν
3580 3066 3791 3134 εἰσάγει

2208 3155 2462 3227 κρίνοντα
2508 3156 2753 3223 δικαίως,
2805 3157 3046 3220 ἐκείνους
3089 3157 3146 3211 δὲ
3193 3155 3465 3226 οὐδαμῶς,
3510 3157 3790 3228 εἰρήσεται

2206 3248 2386 3302 πάλιν.
2440 3248 2858 3320 Τεθεράπευκεν
2905 3250 2963 3302 ἐν
3017 3249 3281 3321 Σαϐϐάτῳ
3324 3248 3417 3301 τὸν
3459 3248 3789 3318 παράλυτον,

2203 3340 2435 3414 ἠλέησεν
2469 3340 2757 3413 ἄνθρωπον
2810 3343 3055 3413 μακροὺς
3105 3343 3162 3394 ἐν
3211 3341 3480 3411 νοσήματι
3530 3340 3789 3411 κατατρί-

2202 3431 2383 3502 ψαντα
2410 3432 2656 3504 χρόνους,
2683 3432 2849 3504 ὀρθὴν
2877 3434 3119 3502 δηλονότι
3176 3434 3270 3486 καὶ
3298 3431 3506 3502 ἀγαθὴν
3534 3434 3621 3485 ἐπ’
3644 3431 3791 3501 αὐτῷ

2204 3526 2304 3597 τὴν
2335 3526 2519 3598 κρίσιν
2548 3525 2867 3596 ἐξενεγκὼν.
2906 3526 3055 3581 Ἔδει
3088 3525 3197 3598 γάρ
3225 3524 3585 3596 ἐποικτείρειν
3614 3525 3709 3579 καὶ
3735 3527 3792 3579 ἐν

2192 3616 2469 3687 Σαϐϐάτῳ
2498 3619 2587 3671 τὸν
2633 3617 2906 3688 κείμενον,
2954 3618 3048 3672 καὶ
3078 3618 3352 3671 συστεῖλαι
3391 3614 3489 3688 μὶν
3524 3615 3792 3670 τδν”ἕλεον

2201 3707 2453 3779 οὐδαμῶς
2505 3707 2644 3761 αἰδοῖ
2694 3710 2758 3780 τῇ
2811 3708 2941 3778 περὶ
2985 3706 3047 3760 τὸ
3095 3707 3393 3774 Σάϐϐατον,
3446 3707 3792 3776 είκαιοτάτην

2146 3866 2157 3875 '
2203 3799 2617 3871 ἐπιτηδεύοντας
2647 3800 2746 3871 τὴν
2773 3798 3081 3853 εὐλάϐειαν.
3119 3798 3329 3869 Ὠσπερ
3355 3797 3410 3851 δὲ
3442 3792 3498 3851 ἐν
3531 3796 3792 3868 Σαϐϐάτῳ

2206 3893 2302 3947 καὶ
2334 3895 2363 3946 ό
2395 3893 2587 3966 Πατὴρ
2617 3892 2838 3964 ἐνεργὸς
2866 3891 2995 3965 περὶ
3020 3892 3119 3964 τὴν
3148 3892 3255 3945 τῶν
3297 3892 3614 3961 κτισμάτων
3645 3891 3792 3961 ἐνέρ-

2202 3986 2358 4055 γειάν
2384 3988 2521 4051 ἐστι,
2540 3985 2757 4047 πάντως
2786 3983 2844 4037 δὲ
2872 3983 2940 4043 δι’
2965 3982 3120 4051 Υίοῦ,
3147 3981 3289 4036 οὕτω
3315 3982 3408 4035 καὶ
3433 3982 3618 4045 αὑτός.
3660 3982 3791 4034 Οὐδὲ

2204 4078 2314 4150 γὰρ
2344 4077 2771 4149 ἀποστερεῖσθαι
2822 4078 2933 4130 δεῖν
2972 4077 3064 4130 τὸν
3102 4075 3250 4131 ἐλέου
3287 4076 3539 4148 δεόμενον
3567 4077 3627 4128 ἐν
3658 4076 3794 4129 Σαϐ-

2203 4171 2355 4241 ϐάτῳ
2386 4169 2474 4223 διὰ
2499 4169 2558 4223 τὸ
2588 4168 2866 4224 Σάϐϐατον
2896 4166 3241 4239 ἐδοκίμαζεν,
3279 4168 3403 4221 ἐπεὶ
3446 4165 3651 4240 Κύριον
3679 4164 3793 4239 ⁴ᾔδει

2202 4265 2293 4318 τὸν
2323 4263 2453 4317 Υίδν
2482 4261 2577 4316 τοῦ
2609 4260 2900 4334 ἀνθρώπου
2928 4277 2943 4291 ’
3000 4261 3060 4314 οὐ
3100 4260 3207 4334 γὰρ
3246 4262 3275 4314 ὁ
3304 4259 3590 4331 ἄνθρωπος
3619 4259 3709 4313 διά
3736 4259 3794 4312 τὸ

2205 4356 2479 4412 Σάϐϐατον
2511 4356 2749 4424 ἐγένετο,
2782 4353 2919 4408 ἀλλά
2951 4353 3013 4407 τὸ
3039 4352 3317 4407 Σάϐϐατον
3342 4351 3432 4405 διὰ
3458 4352 3550 4405 τὸν
3579 4351 3793 4422 ἄνθρω-

2205 4465 2326 4503 πον.
2380 4449 2589 4502 Οὐκοῦν
2635 4445 2768 4518 ὀρθὴ
2804 4447 2903 4517 μὲν
2936 4445 3031 4498 ἐπὶ
3060 4444 3274 4508 τούτοις
3334 4444 3431 4499 καὶ
3484 4443 3666 4515 ἀγαθὴ
3701 4442 3792 4496 τοῦ

523 4534 757 4579 mortem
783 4527 1104 4594 quaerebant
1132 4527 1251 4596 ejus
1281 4541 1309 4579 a
1341 4542 1449 4598 quo
1479 4529 1632 4585 nulla
1662 4529 1715 4585 in
1752 4545 1811 4585 re
1839 4529 2099 4584 violatum

2210 4540 2460 4611 Σωτῆρος
2490 4540 2522 4610 ὴ
2566 4540 2746 4610 κρίσις
2770 4577 2785 4602 ,
2833 4537 2894 4591 οὗ
2924 4537 3011 4592 διά
3041 4537 3104 4591 τὸ
3128 4537 3411 4605 ,Σάϐϐατον
3444 4537 3544 4607 τὴν
3589 4539 3683 4590 ἐπὶ
3721 4534 3795 4606 τῷ

522 4622 664 4676 erat,
690 4617 967 4686 quomodo
1002 4633 1111 4673 non
1139 4610 1344 4675 divinis
1377 4620 1589 4692 legibus
1649 4622 1808 4678 valde
1833 4628 2104 4694 repugnat

528 4709 826 4780 (scriptum
861 4718 947 4766 est
987 4711 1167 4765 enim:
1206 4729 1226 4763 ι
1263 4709 1612 4769 Ιιιηοοειιιειιι
1647 4722 1701 4767 et
1738 4721 1951 4767 rectum
1991 4725 2102 4767 non

521 4799 825 4855 interlicies
851 4800 897 4831 ⁷⁷
936 4818 956 4853 ι
992 4800 1034 4870 ),
1081 4809 1135 4856 et
1179 4803 1246 4856 ab
1296 4818 1487 4858 eorum
1543 4804 1869 4860 crudelitate
1923 4805 2105 4873 porius

523 4907 687 4963 quam
731 4907 800 4945 ex
848 4906 1024 4946 sacris
1066 4892 1292 4951 Litteris
1323 4895 1632 4967 profectum
1671 4894 1792 4949 est?
1816 4895 1959 4950 Audi
1999 4895 2103 4950 ita-

521 4998 630 5054 que
656 4981 846 5037 Jesum
888 4985 1203 5054 emphatice
1235 4987 1508 5043 dicentem
1536 4985 1603 5039 ad
1633 5000 1729 5041 eos
1764 4987 1859 5056 qui
1884 4986 1955 5042 ob
1986 4987 2107 5057 ejus

523 5073 792 5129 beneficia
824 5076 1203 5147 indignantur,
1234 5087 1293 5145 et
1333 5087 1526 5134 sancta
1561 5077 1682 5150 ejus
1711 5078 1970 5135 incusant
2009 5081 2104 5150 ju-

522 5164 690 5230 dicia,
734 5165 851 5221 suis
910 5168 1179 5225 duntaxat
1230 5171 1584 5234 insistentes,
1630 5170 1795 5241 idque
1843 5185 1945 5242 pro
1988 5172 2104 5243 lege

524 5256 727 5313 habent
757 5260 900 5329 quod
941 5262 1044 5317 sibi
1073 5264 1345 5333 placuerit
1370 5261 1626 5332 quamvis
1656 5263 1759 5335 legi
1791 5273 2060 5337 repugnet
2088 5282 2101 5319 :

529 5365 561 5426 «ἠ
587 5346 706 5403 Non
727 5365 949 5420 possum
980 5368 1083 5424 ego
1107 5368 1135 5406 a
1163 5354 1374 5421 meipso
1407 5354 1586 5410 facere
1611 5357 1930 5426 quidquam,
1957 5373 1976 5409 ι
2003 5359 2106 5411 Ιιοο

524 5420 628 5505 est,
661 5439 818 5509 juxta
863 5420 1038 5516 legem
1090 5420 1388 5499 Mosaicam
1441 5420 1644 5502 cuncta
1697 5420 1863 5516 facio,
1893 5448 2031 5503 nihil
2075 5461 2105 5502 a

524 5529 738 5600 meipso
785 5532 971 5589 facere
1034 5548 1297 5603 possum;
1338 5555 1356 5588 ι
1399 5538 1546 5594 sicut
1594 5539 1790 5606 audio,
1826 5539 2038 5609 judico.
2082 5559 2100 5591 ι

523 5614 665 5684 Quid
691 5622 843 5678 enim
888 5625 971 5679 lex
1012 5624 1116 5679 sibi
1141 5624 1297 5680 vult:
1336 5645 1355 5680 ι
1392 5626 1510 5683 Non
1544 5630 1786 5701 accipies
1813 5644 2105 5701 personam

2211 4631 2449 4703 κειμένῳ
2502 4630 2912 4701 φιλανθρωπίαν
2960 4629 3446 4697 ἀποκωλύσαντος,
3502 4630 3616 4683 ἀλλ’
3659 4630 3795 4702 ὅπερ

2211 4717 2350 4774 οἶδεν
2379 4722 2453 4785 ὡς
2484 4722 2615 4785 Θεὸς
2643 4723 2885 4794 ἐνεργεῖν
2920 4722 3094 4795 (πηγὴ
3119 4723 3229 4794 γὰρ
3251 4723 3584 4792 ἀγαθότητος
3614 4724 3648 4795 ἡ
3677 4721 3795 4775 θεία

2213 4810 2374 4879 φύσις
2403 4811 2564 4882 ἐστὶ),
2599 4810 2754 4864 τοῦτο
2780 4815 2875 4865 καὶ
2906 4813 2965 4867 ἐν
2991 4812 3253 4884 Σαϐϐάτῳ
3280 4813 3624 4883 ποιήσαντος.
3643 4813 3711 4867 Ἠ
3739 4812 3793 4865 δέ

2211 4906 2275 4968 γε
2312 4900 2493 4970 κρίσις
2527 4901 2560 4969 ἡ
2596 4900 2684 4954 ἐπ’
2709 4901 2856 4973 αὐτῷ
2891 4903 3244 4972 λυπουμένων
3278 4902 3366 4955 διά
3393 4902 3455 4954 τὸ
3498 4902 3793 4964 Σάϐϐατον,

2210 4988 2306 5042 καὶ
2331 4988 2418 5042 διὰ
2439 4987 2595 5042 τοῦτο
2622 4987 2906 5059 φονώντων
2936 4991 3078 5044 κατὰ
3096 4990 3190 5044 τοῦ
3219 4991 3385 5063 μηδὲν
3416 4991 3793 5064 ἀδικήσαντος,

2209 5080 2327 5144 πῶς
2371 5080 2433 5134 ού
2466 5078 2586 5136 λίαν
2626 5082 2742 5136 ἐστί
2784 5085 2899 5145 τοῖς
2945 5082 3045 5154 μὲν
3077 5062 3241 5147 θείοις
3274 5062 3572 5155 emam:
3613 5084 3794 5153 νόμοις

2208 5170 2543 5243 (γέγραπται
2594 5173 2743 5243 γάρ·
2787 5191 2806 5224 ι
2858 5172 3059 5227 Ἀθῶον
3106 5173 3201 5226 καὶ
3248 5170 3455 5226 δίκαιον
3510 5172 3612 5225 οὐκ
3662 5174 3797 5226 ἁπο-

2207 5265 2414 5326 κτενεῖς
2443 5262 2513 5331 ι),
2561 5262 2620 5330 ἐξ
2663 5261 2946 5335 ὠμότητος
2991 5263 3046 5317 δὲ
3097 5262 3295 5334 μᾶλλον
3324 5263 3423 5334 τῆς
3468 5264 3563 5317 ἀπ’
3593 5263 3793 5327 αὐτῶν,

2207 5353 2303 5404 καὶ
2337 5352 2439 5405 οὐκ
2469 5351 2534 5406 ἐκ
2566 5351 2673 5405 τῶν
2707 5354 2867 5424 ἱερῶν
2892 5348 3182 5425 ηὑρημένη
3212 5353 3592 5425 Γραμμάτων;
3627 5354 3796 5425 Δέχου

2207 5442 2388 5496 τοίνυν
2419 5443 2512 5496 τὸν
2542 5443 2637 5496 ἐπὶ
2670 5443 2881 5508 τούτοις
2914 5446 3031 5517 μετ’
3056 5444 3348 5516 ἐμφάσεώς
3394 5462 3537 5510 τινος
3566 5445 3796 5514 λέγοντα

2207 5535 2299 5588 τὸν
2338 5533 2546 5604 Ἰησοῦν
2590 5536 2726 5608 πρὸς
2773 5539 2898 5602 τοὺς
2950 5538 3036 5608 ἐφ’
3084 5533 3166 5602 οἷς
3217 5539 3497 5610 εὐεργετεῖ
3535 5538 3796 5609 χαλεπαί-

2209 5641 2420 5693 νοντας,
2457 5625 2552 5681 καὶ
2584 5629 2696 5692 τοῖς
2729 5627 2828 5698 μὲν
2860 5628 3027 5695 ὁσίοις
3057 5629 3221 5684 αὐτοῦ
3262 5630 3525 5703 κρίμασιν
3565 5628 3798 5698 ἐπισκή-

593 5791 641 5825 ’δ
682 5791 846 5849 Hebr.
881 5811 958 5865 ιι,
993 5798 1082 5855 16.
1158 5801 1280 5835 "-"
1312 5798 1550 5875 Philipp.
1576 5816 1647 5874 ιιι,
1677 5802 1747 5872 7;
1787 5800 1964 5858 Galat.
1999 5818 2074 5870 tv,

2200 5805 2280 5877 ,⁷⁷
2319 5804 2490 5862 Exod.
2525 5822 2677 5875 χχιιι,
2718 5807 2790 5875 7;
2826 5808 2964 5865 Dan.
3003 5826 3122 5880 xui,
3154 5810 3244 5865 53.
