4052 6500
334 421 451 480 593

1411 423 1477 475 IN
1509 423 1796 482 JOANNIS
1838 425 2283 487 EVANGELIUM
2324 431 2452 487 LIB.
2494 432 2560 489 ll.

3526 444 3627 501 395

340 559 603 607 πτοντας,
646 541 1081 607 ἀκολουθοῦντας
1123 542 1180 596 δὲ
1217 542 1400 614 μόνοις
1428 547 1541 607 τοῖς
1573 544 1805 610 ἑαυτῶν,
1850 544 1927 600 κα¹

2049 546 2102 602 iu
2153 547 2387 619 judicio,
2437 553 2699 623 quoniam
2750 552 3022 624 judicium
3074 553 3169 611 Dei
3219 564 3307 613 est
3351 558 3415 615 ".
3461 578 3480 612 ι
3519 561 3627 616 Cur

338 636 405 689 τὸ
434 635 598 699 δόξαν
623 634 769 706 ἔχειν
797 634 976 707 ὀρθῶς
1002 636 1165 708 νόμον
1205 634 1395 708 ὥσπερ
1426 636 1801 709 ὁριζομένους,
1837 638 1942 693 κᾶν

337 728 531 800 ἀπᾴδῃ
557 727 638 798 τῷ
663 727 835 799 νόμῳ·
881 747 900 779 ι
950 728 1026 782 Οὐ
1052 728 1286 799 δύναμαι
1315 728 1429 798 ὲγὼ
1450 732 1624 784 ποιεῖν
1649 732 1746 785 ἀπ’
1770 731 1943 802 ἐμαυ-

335 821 441 874 τοῦ
470 821 649 886 οὐδὲν,
696 839 716 871 ι
768 820 890 875 ἀντὶ
935 821 1055 884 τοῦ,
1091 821 1281 876 Πάντα
1321 820 1466 875 κατά
1496 822 1662 893 νόμον
1692 823 1939 894 πράττω,

336 913 434 967 τὸν
459 912 755 984 ὁρισθέντα
783 913 874 967 διὰ
897 912 1168 979 Μωσέως,
1201 913 1351 967 οὐδὲν
1371 915 1467 967 ἀπ’
1500 914 1740 983 ἐμαυτοῦ
1767 915 1943 969 ποιεῖν

334 1004 634 1075 ἀνέχομαι,
679 1022 703 1056 ι
727 1005 911 1069 καθὼς
959 1004 1163 1070 ἀκούω,
1194 1006 1386 1076 κρίνω.
1421 1022 1442 1056 ι
1496 1004 1561 1057 Τί
1588 1004 1696 1075 γὰρ
1718 1008 1748 1060 6
1780 1006 1942 1077 νόμος

336 1096 598 1167 βούλεται
618 1114 633 1161 ;
658 1115 677 1147 ι
705 1098 779 1152 06
803 1096 953 1169 λήψῃ
976 1097 1271 1168 πρόσωπον
1294 1097 1354 1151 ἐν
1376 1096 1577 1167 κρίσει,
1597 1098 1682 1151 ὅτι
1706 1099 1738 1168 ή
1758 1099 1942 1169 κρίσις

332 1190 432 1244 τοῦ
460 1189 600 1245 Θεοῦ
630 1192 771 1245 ἐστι.
802 1211 822 1243 ι
867 1191 934 1243 Τί
969 1189 1065 1243 νῦν
1092 1190 1219 1260 ἐμοὶ⁸
1251 1188 1468 1258 χολᾶτε,
1500 1189 1688 1260 φησὶν,
1712 1191 1794 1245 ὅτι
1819 1193 1941 1246 ὅλον

330 1280 632 1352 ἄνθρωπον
655 1281 784 1350 ὑγιῆ
814 1280 1048 1350 ἐποίησα
1076 1280 1134 1333 ὲν
1166 1279 1454 1350 Σαϐϐάτῳ,
1481 1280 1688 1335 Μωσέα
1715 1282 1789 1352 μὴ
1820 1282 1941 1353 κρί-

326 1389 544 1436 νοντες,
576 1373 669 1425 καὶ
690 1373 749 1425 ὲν
772 1370 1040 1441 Σαϐϐάτῳ
1068 1370 1501 1441 περιτέμνεσθαι
1528 1371 1640 1425 δεῖν
1654 1373 1736 1426 ’τά
1764 1373 1940 1445 βρέφη

324 1462 772 1535 διαταξάμενον;
827 1482 846 1517 ι
878 1462 971 1534 Μὴ
1017 1462 1235 1534 κρίνετε
1286 1464 1410 1516 κατ’
1465 1463 1611 1533 ὄψιν,
1660 1463 1798 1518 ἀλλά
1840 1447 1941 1536 τὴν

329 1552 557 1608 δικαίαν
582 1555 764 1626 κρίσιν
792 1553 1029 1625 κρίνετε.
1060 1571 1079 1605 ι
1124 1552 1187 1605 Εἰ
1217 1553 1521 1625 περιτομὴν
1547 1554 1816 1626 λαμϐάνει
1845 1555 1940 1610 ἀν-

326 1645 561 1718 θρωπος
595 1650 654 1701 ὲν
688 1646 977 1716 Σαϐϐάτῳ,
1009 1645 1098 1698 ἵνα
1126 1644 1203 1716 μὴ
1235 1644 1371 1717 λυθῇ
1405 1647 1434 1699 6
1464 1646 1629 1717 νόμος
1671 1646 1937 1714 Μωσέως,

325 1737 763 1810 ἀπερισκέπτως
821 1735 1120 1807 ἀσχάλλετε
1174 1733 1650 1808 τεθεραπευμένον
1708 1738 1829 1792 ὅλον
1879 1740 1938 1793 ὲν

2044 639 2173 693 mihi
2233 655 2386 696 nunc
2415 641 2603 712 itaque
2649 646 3015 712 succcnsetis,
3051 646 3253 718 inquit,
3289 648 3421 718 quia
3456 658 3629 707 totum

2043 730 2207 803 242
2255 732 2534 790 hominem
2580 736 2638 790 in
2688 734 2932 794 Sabbato
2975 739 3188 805 curavi,
3225 755 3350 796 cum
3383 741 3629 815 Moysem

2042 840 2152 878 non
2204 826 2625 896 reprehendatis
2680 829 2777 900 qui
2830 831 2998 901 jussit
3052 831 3294 889 infantes
3350 835 3515 890 etiam
3573 835 3630 890 in

2044 914 2288 973 Sabbato
2331 918 2691 976 circumcidi?
2729 941 2746 973 ι
2784 921 2967 979 Nolite
3023 923 3274 993 judicare
3322 927 3628 982 secundum

2044 1005 2272 1073 faciem,
2311 1010 2644 1080 sedjustum
2673 1014 2946 1084 judicium
3000 1016 3326 1085 iudicate”.
3368 1038 3385 1072 ι
3425 1020 3480 1074 Si
3517 1020 3632 1075 cir-

2043 1101 2380 1156 cumciditur
2412 1102 2577 1158 homo
2615 1104 2672 1158 in
2707 1104 2973 1172 Sabbato,
3004 1123 3073 1164 ne
3107 1107 3349 1164 Mosaica’
3396 1110 3483 1167 lex
3516 1113 3630 1168 sol-

2045 1202 2226 1259 vatur,
2251 1203 2461 1254 temere
2498 1198 2933 1266 excandescitis,
2959 1200 3107 1271 quod
3142 1209 3318 1257 totum
3352 1202 3630 1260 hominem

2045 1284 2098 1339 iu
2132 1286 2377 1342 Sabbato
2411 1298 2665 1346 curatum
2699 1291 2955 1348 videatis.
2983 1292 3329 1375 Quapropter
3362 1311 3464 1367 ego
3484 1296 3634 1365 juste

2042 1376 2263 1446 quidem
2286 1379 2556 1448 judicavi,
2589 1398 2687 1438 vos
2712 1398 2845 1438 vero
2868 1399 2980 1440 non
3014 1387 3146 1442 item
3177 1402 3192 1440 :
3221 1387 3404 1443 omnia
3430 1390 3634 1460 quippe
3687 1421 3697 1430 -

2041 1481 2074 1521 a
2098 1469 2255 1524 vobis
2279 1471 2483 1529 facitis.
2510 1493 2548 1525 .‹
2588 1473 2698 1544 Ego
2731 1491 2840 1529 non
2874 1490 3099 1546 possum
3139 1492 3167 1531 a
3203 1479 3415 1549 meipso
3451 1479 3634 1537 facere

2042 1559 2347 1631 quidquam
2384 1582 2399 1618 :
2435 1565 2578 1620 sicut
2610 1566 2776 1621 audio
2803 1567 3019 1636 judiCo,
3052 1578 3106 1625 et
3129 1569 3401 1639 judicium
3447 1587 3633 1627 meum

2038 1644 2247 1714 justum
2304 1656 2409 1704 est.
2441 1650 2562 1705 Non
2625 1654 2773 1709 enim
2809 1671 2998 1725 quer
3043 1658 3383 1715 voluntatem
3429 1675 3631 1722 meam.

2022 1738 2207 1793 sicuti
2238 1755 2357 1805 vos,
2378 1742 2474 1797 sed
2506 1743 2630 1814 ejus
2657 1745 2751 1815 qui
2780 1747 2934 1802 misit
2967 1764 3053 1804 me
3085 1746 3320 1805 Patris.)
3363 1752 3498 1817 Quis
3532 1766 3633 1806 ους

324 1829 604 1901 Σαϐϐάτῳ
631 1829 919 1899 θεώμενοι.
950 1825 1163 1881 Οὐκοῦν
1190 1826 1303 1897 ἐγὼ
1342 1828 1440 1899 μὲν
1473 1828 1665 1901 ἔκρινα
1683 1829 1927 1895 δικαίως,

2042 1836 2147 1883 tem
2199 1830 2397 1888 modus
2428 1834 2737 1903 missionis,
2766 1844 2821 1891 et
2861 1852 2982 1907 quae
3015 1839 3156 1893 ratio
3192 1840 3262 1894 sit
3296 1854 3395 1893 cur
3426 1840 3633 1897 missus

322 1923 490 1993 ὑμεῖς
538 1922 597 1976 δὲ
642 1922 863 1975 οὐκέτι·
924 1920 1103 1976 πάντα
1157 1920 1268 1994 γὰρ
1314 1921 1408 1990 ἀφ’
1448 1921 1662 1975 ἑαυτῶν
1704 1925 1929 1977 ποιεῖτε.

332 2035 355 2066 ι
385 2015 534 2085 Ἐγὼ
571 2015 633 2069 οὐ
663 2014 899 2085 δύναμαι
932 2015 1107 2067 ποιεῖν
1136 2014 1233 2067 ἀπ’
1263 2012 1504 2082 ἐμαυτοῦ
1536 2013 1713 2067 οὐδέν·
1749 2012 1929 2077 καθὼς

328 2107 551 2175 ἀκούω,
590 2107 786 2179 κρίνω,
838 2107 935 2160 καὶ
980 2108 1014 2177 ἡ
1065 2104 1250 2178 κρίσις
1289 2106 1325 2176 ἡ
1368 2103 1477 2175 ὲμὴ
1523 2104 1707 2161 δικαία
1753 2104 1923 2159 ἐστίν.

322 2204 401 2256 Οὐ
436 2202 550 2274 γὰρ
576 2200 727 2272 ζητῶ
751 2200 812 2255 τὸ
846 2200 980 2271 ὲμδν
1004 2198 1240 2271 θέλημα,
1287 2197 1541 2268 καθάπερ
1576 2200 1758 2268 ὑμεῖς,
1795 2198 1935 2254 ἀλλά

2038 1919 2275 1985 dicatur,
2300 1938 2426 1977 cum
2459 1925 2709 1993 pluribus
2737 1934 2898 1982 antea
2929 1929 3251 1995 dixerimus,
3285 1930 3373 1984 hic
3408 1939 3632 1999 praeter-

2040 2014 2357 2081 mittemus;
2388 2027 2767 2074 verumtamen
2792 2018 3198 2075 observandum
3227 2030 3312 2077 est
3336 2022 3629 2092 imprimis,

2040 2102 2137 2157 Dei
2164 2118 2229 2160 ac
2274 2103 2456 2163 Patris
2494 2108 2778 2166 voluntate
2827 2110 3003 2182 legem
3052 2112 3145 2168 hic
3191 2114 3261 2169 ab
3296 2128 3363 2169 eo
3417 2112 3631 2185 signiﬁ-

2042 2211 2180 2252 can.

319 2299 383 2352 τὸ
419 2297 522 2352 τοῦ
556 2295 880 2368 πέμψαντός
912 2312 980 2364 με
1012 2294 1251 2364 Πατρός.
1288 2312 1307 2346 ι
1352 2294 1447 2357 Τίς
1482 2293 1541 2347 δὲ
1581 2294 1609 2346 6
1657 2294 1860 2363 τρόπος
1902 2294 2003 2365 τῆς
2043 2294 2372 2366 ἀποστολῆς,
2427 2297 2524 2351 καὶ
2555 2298 2584 2350 6
2612 2298 2705 2354 τοῦ
2738 2300 3058 2373 πεπέμφθαι
3104 2301 3286 2372 λόγος,
3308 2302 3395 2358 διὰ
3425 2303 3640 2360 πολλῶν

310 2389 423 2461 ἤδη
459 2388 732 2460 πρότερον
762 2387 1085 2468 εἰρηκότες,
1129 2385 1191 2439 τὸ
1224 2386 1404 2455 λέγειν
1438 2384 1518 2439 ἔτι
1566 2387 1696 2458 περὶ
1728 2386 1934 2441 τούτων
1967 2388 2313 2461 παρήσομεν.
2358 2388 2506 2461 Πλὴν
2540 2392 2715 2449 έκεῖνο
2743 2395 3033 2466 χρησίμως
3102 2396 3487 2469 ὲπιτηρητέον,
3553 2399 3633 2454 ὅτι

317 2482 555 2552 θέλημα
584 2481 679 2535 τοῦ
707 2464 847 2535 Θεοῦ
877 2482 970 2535 καὶ
1000 2478 1214 2551 Πατερδς
1243 2479 1335 2533 τὸν
1375 2480 1541 2550 νόμον
1574 2473 1716 2534 εἷναί
1750 2498 1936 2552 φησιν.

401 2575 552 2631 Ἐὰν
586 2574 705 2645 ἐγὼ
734 2574 1018 2645 μαρτυρῶ
1062 2575 1197 2643 περὶ
1225 2572 1515 2643 ἐμαυτοῦ,
1556 2573 1596 2641 ἠ
1636 2574 1935 2644 μαρτυρία

2111 2566 2288 2634 V,51,
2313 2567 2405 2625 52.
2431 2568 2492 2625 Si
2512 2586 2608 2642 ego
2640 2573 3003 2627 testimonium
3022 2572 3268 2644 perhibeo
3301 2573 3366 2629 de
3403 2575 3632 2643 meipso.

308 2686 435 2739 μου
468 2671 586 2723 οὐκ
608 2667 782 2724 ἔστιν
796 2668 1059 2737 ἀληθής.
1095 2668 1315 2733 ’Ἄλλος
1348 2666 1521 2721 ἐστὶν
1550 2670 1584 2723 ό
1611 2667 1927 2739 μαρτειοῶν

2042 2663 2406 2718 testimonium
2441 2680 2613 2717 meum
2649 2681 2753 2719 non
2783 2675 2861 2720 est
2893 2682 3095 2721 verum.
3119 2665 3273 2721 Alius
3310 2675 3388 2721 est
3421 2667 3511 2737 qui
3560 2677 3627 2723 te-

313 2761 456 2830 περὶ
473 2761 665 2830 ἐμοῦ,
698 2760 809 2815 καὶ
834 2756 972 2815 οῖδα
997 2760 1088 2814 ὅτι
1111 2759 1345 2829 ἀληθής
1369 2760 1543 2815 ἐστιν
1575 2762 1615 2831 ἠ
1635 2762 1927 2832 μαρτυρία

2039 2753 2352 2809 alimonium
2397 2754 2633 2823 perhibet
2684 2756 2748 2810 de
2779 2773 2859 2811 me
2888 2774 2908 2811 :
2941 2769 2991 2812 et
3016 2759 3127 2812 scio
3164 2758 3291 2829 quia
3338 2774 3517 2814 verum
3556 2770 3631 2814 est

311 2851 397 2920 ῆν
428 2853 731 2923 μαρτυρεῖ
766 2853 907 2923 περὶ,
933 2853 1102 2923 ἐμοῦ.

2039 2847 2401 2902 testimonium
2430 2847 2569 2918 quod
2603 2848 2840 2918 perhibet
2859 2850 2925 2905 de
2957 2866 3057 2905 me.

499 2939 814 3015 σοφώτατος
865 2922 1144 3017 Σολομὼν,
1191 2944 1261 2999 τά
1290 2946 1377 3016 ἐφ’
1407 2939 1601 3018 οἷσπερ
1634 2945 1701 3000 ἄν
1724 2962 1806 3010 τις
1836 2944 1927 3000 καὶ

2109 2938 2572 3011 Sapientissimus
2608 2940 2899 3008 Salomon,
2921 2958 2984 2998 ea
3020 2943 3289 3015 colligens
3322 2962 3387 3003 ex
3429 2949 3631 3021 quibus

318 3037 475 3109 μάλα
520 3037 752 3102 εἰκότως
784 3037 1224 3109 ὲπισεμνύνοιτο,
1280 3038 1377 3093 καὶ
1426 3036 1797 3108 ἀξιοζήλωτον,
1836 3036 1927 3091 τὸν

2036 3030 2254 3086 laudem
2290 3029 2397 3085 sibi
2449 3030 2686 3101 quisque
2720 3046 2920 3101 parare
2969 3040 3024 3088 et
3071 3048 3256 3088 mores
3306 3052 3440 3095 suos
3483 3049 3632 3095 recte

312 3132 525 3185 οἰκεῖον
573 3130 868 3199 ἀποφαίνει
921 3130 1160 3202 τρόπον,
1213 3130 1489 3199 συλλέγων
1563 3146 1622 3182 τε
1668 3128 1788 3200 ἅμα
1838 3130 1927 3184 καὶ

2035 3121 2429 3178 commendare
2474 3123 2674 3193 possit,
2717 3138 2893 3193 eaque
2950 3124 3111 3181 bonis
3168 3126 3236 3181 ad
3301 3127 3633 3187 discendmn

312 3222 607 3293 προτιθεὶς
636 3224 750 3286 τοῖς
799 3223 1232 3295 ὲπιεικεστέροις
1273 3225 1355 3288 είς
1397 3221 1460 3275 τὸ
1497 3220 1691 3292 μαθεῖν
1719 3261 1735 3286 ,
1792 3239 1811 3273 ι
1841 3221 1932 3275 Δί-

310 3329 498 3378 καιος,
523 3312 683 3382 φησὶ,
710 3314 1020 3386 κατήγορος
1045 3315 1243 3368 ἑαυτοῦ
1275 3314 1334 3370 ὲν
1360 3312 1727 3385 πρωτολογίᾳ.
1762 3333 1780 3366 ι
1817 3312 1930 3368 Καὶ

309 3405 485 3459 πάλιν
521 3423 535 3437 ’
578 3424 599 3458 ι
641 3405 1076 3477 Ἐγκωμιαζέτω
1110 3425 1172 3461 σε
1198 3409 1229 3461 6
1266 3407 1461 3472 πέλας,
1506 3406 1601 3461 καὶ⁷
1640 3406 1802 3478 μὴτὸ
1837 3405 1929 3460 σὺν

311 3500 499 3571 στόμα
527 3517 541 3531 υ
590 3498 893 3571 ἀλλότριος,
946 3501 1042 3555 καὶ
1069 3501 1145 3573 μὴ
1171 3501 1239 3555 τὰ
1272 3502 1342 3556 σά
1367 3499 1541 3572 χείλη.
1568 3518 1588 3551 ι
1632 3498 1790 3553 Ἐστι
1819 3499 1926 3572 γὰρ

308 3594 489 3656 ὅντως
520 3591 801 3663 φορτικὸν,
850 3591 945 3645 καὶ
993 3592 1184 3663 χρῆμα
1229 3594 1344 3657 τοῖς
1388 3592 1766 3665 ἀκροωμένοις
1797 3593 1925 3646 δυσ-

308 3684 714 3755 φορητότατον,
733 3682 796 3736 τδ
822 3683 897 3754 μὴ
918 3683 1011 3739 διὰ
1021 3684 1120 3753 τῆς
1142 3683 1347 3755 ἑτέρων
1371 3683 1713 3738 ἐπαινεῖσθαι
1741 3684 1927 3755 φωνῆς

306 3775 578 3846 ἐθελῆσαί
608 3791 781 3839 τινας,
810 3774 925 3828 ἀλλ’
957 3776 1171 3838 ἑαυτοῖς
1201 3774 1398 3846 ἀνέδην
1427 3777 1825 3847 ἐπιμαρτυρεῖν
1856 3777 1926 3830 τὰ

307 3866 584 3921 κάλλιστα
626 3866 722 3920 καὶ
765 3865 1043 3938 ἐξαίρετα.
1103 3866 1409 3920 ’Δπιστοῖτο
1449 3865 1495 3920 δ’
1542 3866 1610 3921 ἂν
1640 3866 1866 3931 εἰκότως
1892 3869 1922 3921 6

306 3956 561 4019 τοιοῦτος
592 3955 772 4023 λόγος.
805 3955 1142 4027 Πεφύκαμεν
1170 3954 1277 4026 γὰρ
1302 3955 1497 4027 ὥσπερ
1528 3955 1641 4010 τισὶ
1671 3958 1919 4026 φυσικοῖς

305 4065 367 4101 τε
408 4047 509 4102 καὶ
534 4047 862 4117 ἀναγκαίοις
900 4046 1188 4117 φιλαυτίας
1218 4046 1400 4113 ὁλκοῖς
1434 4046 1720 4103 καλεῖσθαι
1757 4064 1926 4102 σπου-

304 4140 477 4203 δαίως
530 4141 613 4203 είς
643 4139 734 4204 τὸ,
770 4137 976 4208 φαῦλον
1010 4138 1109 4209 μὲν
1143 4139 1358 4202 ἑαυτοῖς
1386 4139 1715 4210 ἐπιγράφειν
1749 4139 1920 4202 οὐδὲν,

304 4231 399 4283 ἀεὶ
429 4230 488 4282 δὲ
535 4228 900 4299 περιτιθέναι,
934 4229 1029 4282 καὶ
1069 4229 1129 4282 οὐ
1172 4228 1391 4293 πάντως
1429 4227 1819 4301 ἀληθεύοντας,
1854 4229 1925 4281 τὰ

304 4320 394 4388 ἐφ’
418 4314 502 4383 οἷς
535 4318 602 4373 ἂν
631 4318 812 4390 οἴηταί
838 4337 921 4383 τις
963 4319 1194 4390 ὁρᾶσθαι
1226 4319 1453 4391 κόσμιός
1479 4338 1539 4374 τε
1574 4320 1670 4375 καὶ
1695 4318 1919 4384 ἀγαθός.

318 4411 548 4481 Ἐπειδὴ
604 4411 789 4466 τοίνυν
840 4413 868 4464 6
923 4410 1128 4481 Κύριος
1192 4411 1350 4483 ἡμῶν
1414 4411 1622 4483 Ἰησοῦς
1685 4411 1920 4484 Χριστὸς

304 4499 490 4571 ἑαυτῷ
516 4501 578 4555 τὸ
601 4500 673 4554 τά
700 4500 889 4555 δίκαια
917 4500 1124 4572 κρίνειν
1144 4482 1533 4573 ἐπεψηφίζετο,
1560 4502 1636 4573 μὴ
1657 4482 1919 4557 δύνασθαί
1956 4482 1998 4535 υ

303 4609 353 4643 τι
382 4590 523 4662 δρᾷν
544 4592 636 4661 ἀφ’
660 4590 857 4645 ἑαυτοῦ
881 4591 1181 4664 διαρρήδην
1202 4591 1395 4656 εἰπὼν,
1420 4594 1623 4649 κανόνα
1646 4594 1703 4648 δὲ
1728 4593 1917 4666 ὥσπερ

304 4681 394 4752 ἐφ’
444 4683 624 4738 ἅπασι
673 4686 790 4747 τοῖς
844 4684 1142 4755 πρακτέοις
1191 4684 1463 4739 ποιεῖσθαι
1511 4685 1610 4757 τὴν
1655 4684 1749 4739 τοῦ
1781 4685 1917 4739 Θεοῦ

306 4774 598 4846 βούλησιν,
630 4775 727 4829 καὶ
768 4775 928 4829 τοῦτο
956 4776 1153 4845 λέγων,
1187 4778 1349 4841 αὐτὸς
1378 4779 1466 4847 ἐφ’
1498 4777 1677 4850 ἑαυτῷ
1706 4778 1920 4850 μάρτυς

305 4867 660 4940 είσϐέϐηκεν,
704 4870 752 4922 εί
787 4869 884 4924 καὶ
924 4864 994 4940 ἦν
1023 4868 1251 4939 ἀληθὴς,
1300 4870 1616 4937 ἀναγκαίως
1662 4871 1759 4925 καὶ
1819 4873 1919 4942 τῆς

304 4959 465 5032 παρά
506 4959 621 5013 τῶν
652 4959 962 5033 Φαρισαίων
1003 4959 1380 5031 εὑρεσιλογίας
1420 4960 1736 5031 φροντίσας,
1777 4962 1916 5033 ὅπερ

300 5051 537 5123 ἔμελλον
563 5054 712 5124 ἐρεῖν
737 5052 1138 5124 ἀμαθαίνοντες
1164 5053 1246 5124 (οὐ
1271 5053 1381 5122 γάρ
1404 5053 1600 5124 ᾔδεσάν
1631 5072 1749 5119 πως
1773 5051 1935 5110 κατόι1

300 5145 470 5215 φύσιν
491 5146 623 5200 ὄντα
648 5146 829 5210 Θεὸν),
846 5148 925 5211 είς
948 5147 1113 5219 μέσον
1134 5147 1256 5216 ἄγει
1279 5144 1585 5218 προλαϐὼν,
1612 5145 1706 5200 καί
1727 5163 1914 5218 φησιν’

314 5235 529 5305 Ἐρεῖτε
581 5234 648 5305 δὴ
701 5235 944 5300 πάντως,
981 5238 1103 5300 ταῖς
1167 5236 1277 5289 τῶν
1328 5234 1542 5289 πολλῶν
1605 5237 1917 5305 συνηθείαις

301 5327 593 5396 ἑπόμενοι,
620 5327 714 5380 καὶ
744 5326 844 5398 τὴν
880 5327 1158 5391 Ἰουδαίοις
1188 5327 1504 5399 πρέπουσαν
1531 5327 1788 5407 ὑπόνοιαν
1812 5329 1914 5382 οὐκ

297 5417 658 5483 ἐκϐαίνοντες
687 5436 701 5449 ο
748 5438 766 5471 ι
796 5420 869 5474 Σὺ
903 5421 1033 5493 περὶ
1066 5419 1295 5473 σεαυτοῦ
1327 5422 1626 5493 μαρτυρεῖς
1650 5437 1664 5451 ·
1702 5421 1736 5492 ἡ
1769 5438 1913 5493 μαρ-

296 5510 463 5579 τυρία
488 5527 584 5563 σου
606 5511 708 5564 οὐκ
733 5510 882 5566 ἐστιν
905 5512 1115 5583 ἀληθής
1141 5529 1156 5543 ο
1187 5531 1207 5564 ι
1247 5512 1384 5567 ἀλλά
1408 5513 1544 5586 πρὸς
1565 5511 1726 5567 τοῦτο
1750 5513 1913 5567 πάλιν

294 5600 730 5666 ἀντακούσεσθε,
762 5602 949 5672 φησιν·
999 5602 1310 5674 Ἀνέχομαι,
1360 5605 1516 5676 φησὶ,
1562 5596 1910 5675 δυσφημοῦν-

294 5709 407 5748 των
435 5692 539 5760 ἔτι,
574 5695 889 5765 χαλεπαίνω
920 5696 977 5751 δὲ
1010 5696 1131 5751 λίαν
1158 5697 1438 5771 οὐδαμῶς,
1472 5697 1539 5752 τά
1574 5697 1633 5763 ἐξ
1664 5696 1908 5768 ἀμαθίας

372 5882 419 5918 ’⁸
459 5883 622 5940 Deut.
664 5900 776 5953 ιιι,
816 5884 903 5941 l9.
978 5884 1025 5919 ⁷³
1068 5884 1228 5940 Deut.
1267 5902 1307 5949 ι,
1340 5885 1632 5943 16:10am
1660 5901 1757 5955 vn,
1794 5885 1886 5942 9.6.
1963 5888 2007 5920 ⁸ο
2052 5885 2209 5941 Prov.
2250 5903 2403 5955 xvnt,
2456 5887 2542 5943 l7.
2623 5888 2664 5921 "
2704 5887 2868 5945 Prov.
2904 5902 3048 5943 xxvu
3076 5928 3087 5952 ,
3120 5885 3174 5940 9..

590 5977 870 6039 Ρηιιοι..
925 5977 1049 6037 Gn.
1100 5976 1354 6037 LXXIII

2033 3232 2355 3290 proponens
2398 3235 2412 3273 :
2450 3236 2470 3269 ι
2518 3215 2735 3284 Justus,
2765 3217 2963 3286 inquit,
2992 3218 3086 3274 'sui
3127 3204 3301 3291 ipsius
3337 3237 3634 3280 accusator

2029 3320 2116 3368 est
2143 3312 2198 3365 iu
2231 3309 2505 3381 principio
2537 3311 2811 3366 sermonis
2832 3307 2935 3367 ⁸ο.»
2964 3311 3097 3366 Item
3135 3330 3149 3367 :
3186 3331 3205 3365 ι
3235 3312 3441 3370 Laudet
3466 3324 3520 3371 te
3553 3318 3635 3371 vi—

2029 3403 2213 3469 cinus,
2267 3409 2323 3456 et
2376 3416 2489 3456 non
2540 3416 2605 3458 os
2659 3407 2816 3455 tuum
2852 3419 2865 3455 :
2897 3401 3133 3470 alienus,
3196 3414 3251 3459 et
3305 3420 3416 3460 nou
3484 3405 3628 3462 labia

2028 3500 2123 3549 tua
2145 3493 2212 3546 ⁸³.
2252 3512 2272 3543 »
2308 3490 2510 3548 Gravis
2540 3491 2691 3548 enim
2719 3494 2972 3564 profecto
3003 3494 3376 3562 auditoribus,
3411 3512 3475 3553 ac
3504 3513 3630 3568 per-

2028 3586 2263 3643 molesta
2300 3601 2392 3641 res
2418 3593 2524 3650 est,
2551 3599 2676 3640 cum
2708 3600 2767 3641 se
2797 3586 3022 3656 quidam
3057 3586 3298 3643 aliorum
3324 3604 3461 3645 voce
3512 3591 3630 3645 lau-

2028 3676 2145 3732 dari
2195 3677 2416 3744 uolunt,
2447 3676 2545 3733 sed
2597 3676 2801 3732 eximia
2847 3692 3085 3748 quaeque
3126 3679 3474 3749 impudenter
3524 3680 3630 3736 sibi

2030 3774 2314 3835 arrogant.
2356 3765 2462 3822 Sed
2501 3766 2687 3822 minus
2717 3782 2846 3822 vera
2874 3767 3050 3823 videri
3075 3778 3270 3839 ,potest
3304 3770 3624 3827 istiusmodi

2026 3857 2230 3914 oratio.
2278 3854 2536 3912 Solemus
2582 3856 2729 3912 enim
2786 3858 3138 3914 naturalibus
3192 3875 3257 3914 ac
3294 3862 3630 3916 necessariis

2026 3950 2196 4006 veluti
2227 3947 2559 4021 quibusdam
2593 3949 2805 4019 proprii
2861 3950 3068 4006 amoris
3101 3951 3330 4007 funibus
3362 3951 3530 4015 trahi,
3567 3963 3628 4006 ut

2026 4040 2165 4095 nihil
2198 4040 2351 4110 pravi
2386 4038 2548 4093 nobis
2600 4038 2885 4094 ascribere
2914 4039 3172 4103 velimus,
3201 4040 3296 4094 sed
3328 4056 3391 4096 ea
3440 4042 3626 4111 potius

2025 4133 2280 4204 quamvis
2301 4130 2440 4187 falso
2460 4144 2783 4202 arrogemus
2806 4129 3010 4201 quibus
3028 4131 3188 4202 probi
3209 4130 3627 4203 bonestiquevi-

2024 4225 2279 4281 deamur.
2305 4223 2579 4292 Quoniam
2602 4238 2734 4293 ergo
2753 4221 3024 4279 Dominus
3054 4230 3243 4280 noster
3262 4223 3426 4280 Jesus
3472 4224 3629 4281 Chri-

2026 4326 2146 4373 stus
2181 4317 2393 4387 justqu
2414 4313 2691 4384 judicium
2711 4313 2817 4370 sibi
2849 4315 3270 4386 tribt'tit,aperte
3290 4314 3480 4372 dicens
3512 4332 3622 4373 non

2028 4423 2189 4479 posse
2241 4424 2271 4462 a
2322 4408 2509 4479 seipso
2561 4406 2744 4465 facere
2775 4409 3100 4481 quidquam,
3134 4409 3229 4467 sed
3271 4411 3328 4465 in
3365 4412 3625 4469 omnibus

2026 4504 2190 4558 rebus
2233 4500 2464 4574 agendis
2509 4501 2602 4557 Dei
2654 4503 2998 4560 voluntatem
3055 4511 3317 4576 tanquam
3373 4507 3622 4578 regulam

2027 4594 2129 4650 sibi
2171 4600 2518 4666 proponere;
2547 4603 2600 4651 et
2641 4611 2764 4651 cum
2798 4595 2901 4651 hoc
2932 4596 3159 4662 diceret,
3193 4597 3311 4669 ipse
3337 4598 3404 4653 de
3438 4599 3623 4668 Scipsn

2026 4686 2409 4742 testimonium
2451 4685 2598 4750 iniit,
2630 4680 2848 4742 tametsi
2895 4703 3061 4743 verax
3094 4696 3234 4755 erat,
3271 4691 3622 4761 prospiciens

2026 4787 2209 4834 tamen
2259 4778 2393 4849 quid
2449 4779 2603 4833 stulti
2658 4776 2924 4833 Pharisaei
2976 4780 3237 4851 uugaturi
3277 4788 3488 4847 essent,
3521 4797 3622 4837 nec

2026 4871 2174 4926 enim
2207 4878 2478 4926 noverant
2508 4870 2687 4940 ipsum
2721 4884 2843 4925 esse
2878 4877 3080 4924 natura
3108 4869 3301 4937 Deum,
3323 4873 3621 4928 antevertit

2024 4979 2122 5020 eos
2153 4971 2207 5018 et
2240 4962 2318 5018 ait
2352 4981 2364 5014 :
2406 4959 2605 5017 Dicetis
2647 4961 2839 5031 utique
2869 4960 3032 5033 243
3065 4960 3210 5033 vulgi
3261 4965 3622 5019 consuetudi-

2025 5071 2151 5110 nem
2176 5054 2372 5114 secuti.
2393 5069 2494 5109 nec
2514 5044 2663 5108 ultra
2690 5052 3003 5121 Iudaeorum
3026 5055 3374 5126 suspiciones
3397 5058 3572 5113 evecti
3603 5077 3617 5112 :

2031 5165 2050 5197 ι
2089 5143 2170 5201 Tu
2216 5146 2283 5201 de
2329 5145 2508 5217 teipso
2562 5145 2831 5202 testaris:
2868 5146 3254 5203 testimonium
3304 5156 3463 5203 tuum
3508 5165 3620 5205 non

2024 5245 2109 5292 est
2139 5253 2364 5305 verum;
2405 5255 2422 5288 ι
2458 5236 2555 5292 sed
2588 5237 2831 5295 vicissim
2877 5239 3137 5302 audietis,
3168 5242 3386 5312 inquit:
3426 5240 3619 5296 Vestra

2023 5327 2320 5383 maledicta
2365 5326 2570 5398 patior,
2617 5329 2815 5400 inquit,
2865 5346 2967 5390 nec
3005 5347 3314 5388 succenseo
3348 5333 3507 5388 vobis
3547 5333 3617 5388 ob

2022 5434 2087 5472 ea
2114 5417 2280 5474 verba
2315 5435 2436 5489 quae
2467 5435 2579 5492 pra:
2628 5418 2886 5475 familiari
2918 5432 3102 5477 vestra
3145 5422 3412 5477 ernctatis
3446 5422 3615 5477 insci-

2023 5511 2119 5564 tia.
2155 5510 2419 5581 Suppono
2463 5521 2616 5569 recte
2661 5514 2766 5570 hoc
2825 5531 2855 5570 ιι
2908 5516 3065 5570 vobis
3094 5514 3226 5570 dici.
3258 5512 3421 5577 Esto;
3452 5528 3609 5585 repu-

2020 5600 2169 5659 diate
2224 5619 2407 5659 meum
2468 5607 2854 5664 testimonium
2894 5608 3079 5663 :alius
3127 5615 3212 5661 est
3265 5606 3359 5676 qui
3405 5606 3475 5662 de
3527 5624 3611 5665 me

2021 5704 2279 5753 testatur.
2316 5696 2605 5770 Signiﬁcat
2640 5711 2823 5754 autem
2855 5698 2941 5753 his
2985 5696 3167 5753 verbis
3202 5694 3370 5751 Deum
3418 5712 3483 5754 ac
3512 5696 3610 5778 Pa;

3204 5977 3275 6037 l3
