4052 6556
528 457 631 511 595

1483 448 1536 503 S.
1580 446 1858 503 CYRILLI
1895 446 2364 503 ALEXANDRINI
2403 450 2720 509 ARCHIEP.

3686 466 3783 521 596

529 581 666 625 trem
694 569 994 632 etciestetn,
1022 566 1114 637 qui
1150 563 1338 619 multis
1367 561 1478 632 jam
1509 564 1688 619 modis
1720 561 1914 618 Filium
1945 578 2089 618 suun

2209 563 2308 634 τῆς
2330 566 2483 634 ὑμῶν
2507 567 2603 639 [ιιι.
2628 568 2779 641 ὑμῖν]
2808 569 3127 641 φιλαιτάτης
3148 570 3520 643 ὲρευγομὲνων
3543 577 3781 647 ρήματας

526 663 630 720 sibi
650 657 1178 717 consubstantialem
1200 669 1325 711 esse
1346 654 1675 710 testiﬁcatus
1697 661 1805 722 est,
1823 653 1985 724 cujus
2033 662 2103 707 te-

527 754 847 809 stimonium
871 746 1061 807 verum
1079 763 1203 805 esse
1224 747 1368 803 scire
1395 760 1455 802 se
1480 760 1645 817 porro
1667 748 1888 811 asserit,
1915 753 2103 800 osten-

525 846 660 902 dens
684 844 873 915 utique
898 856 1059 899 suum
1105 840 1268 895 etiam
1310 838 1584 894 calculum
1610 838 1986 893 certissimum
2036 851 2102 892 ac

523 936 872 991 verissimum
912 948 1057 988 esse.
1092 929 1170 986 Ne
1195 944 1394 985 rursus
1439 928 1586 984 enim
1622 942 1826 985 ansam
1861 928 2101 998 aliquam

524 1025 797 1082 haereticis
815 1024 956 1079 male
973 1020 1249 1093 cogitandi
1268 1020 1555 1092 praeberet,
1571 1030 1665 1076 aut
1688 1034 1877 1076 eorum
1900 1022 2104 1075 calum-

522 1119 626 1173 nia:
660 1123 897 1188 pateret,
929 1114 1087 1186 quasi
1121 1112 1259 1170 falsa
1295 1112 1363 1168 de
1386 1113 1570 1182 seipse
1607 1112 1790 1167 dicere
1817 1127 1877 1169 se
1903 1110 2103 1167 fatere-

522 1218 636 1274 tur,
666 1213 1024 1278 posteaquam
1050 1204 1256 1260 decoro
1290 1214 1344 1258 et
1373 1201 1763 1259 consuetudini
1786 1217 1848 1258 se
1881 1215 2102 1257 accom-

524 1298 760 1354 modans
789 1295 1026 1353 asseruit
1071 1293 1229 1350 ﬁdem
1261 1303 1318 1348 ut
1362 1292 1560 1348 idoneo
1606 1292 1736 1349 testi
1790 1291 2100 1348 habendam

522 1404 634 1445 non
655 1403 781 1445 esse
801 1387 849 1442 ei
870 1386 963 1457 qui
987 1386 1226 1457 seipsum
1247 1384 1433 1439 laudat
1455 1392 1512 1439 et
1533 1383 1903 1450 commendat,
1919 1383 2102 1440 denuo

522 1482 688 1548 redit,
722 1489 780 1535 ut
806 1479 970 1544 Deus,
997 1478 1066 1533 ad
1091 1478 1415 1549 dignitatem
1444 1477 1548 1533 sibi
1576 1477 1843 1542 debitam,
1871 1486 1925 1533 et
1956 1478 2100 1535 scire

521 1589 583 1631 se
648 1576 724 1628 ait
776 1571 1155 1627 testimonium
1204 1567 1388 1625 Patris
1440 1583 1633 1623 verum
1689 1582 1836 1634 esse,
1871 1569 2101 1639 perinde

519 1682 583 1724 ac
629 1667 676 1724 si
720 1667 974 1722 diceret:
1008 1663 1124 1734 Ego
1176 1662 1321 1719 Deus
1370 1676 1539 1717 verus
1586 1676 1711 1717 cum
1752 1663 1892 1725 sim,
1949 1662 2094 1727 nori,

519 1760 719 1831 inquit,
750 1759 1046 1829 meipsum,
1082 1754 1245 1810 Pater
1282 1766 1464 1810 autem
1491 1753 1631 1811 nihil
1666 1753 1732 1808 ad
1767 1755 2000 1823 gratiam
2031 1753 2099 1808 de

517 1863 606 1906 me
652 1849 822 1904 dicet.
880 1845 993 1918 Ego
1031 1846 1179 1901 enim
1232 1844 1280 1899 is
1331 1859 1451 1898 sum
1502 1851 1722 1907 natura,
1764 1856 1928 1912 quem
1980 1842 2096 1912 ipse

514 1958 684 1999 verax
736 1955 955 2012 quoque
999 1938 1396 2008 comprobarit.
1422 1937 1773 2006 Quapmpter
1817 1935 1929 1989 illic
1955 1950 2093 1991 con-

513 2035 701 2093 sensio
725 2032 973 2105 qurrdam
1001 2039 1122 2086 erat
1144 2031 1301 2101 quasi
1334 2044 1430 2101 per
1462 2027 2013 2095 condescensionem,
2041 2038 2096 2084 et

515 2141 582 2181 ex
641 2124 996 2199 bypothetica
1042 2122 1218 2194 magis
1270 2135 1435 2191 quam
1493 2134 1623 2176 vera
1668 2119 1976 2177 oratio:in
2027 2133 2094 2174 eo

513 2232 647 2276 vero
675 2216 824 2289 quod
853 2217 928 2272 ait
952 2216 1098 2272 scire
1131 2229 1192 2271 se
1219 2212 1595 2268 testimonium
1640 2210 1820 2267 Patris
1853 2224 1979 2268 esse
2001 2226 2095 2266 ve-

514 2329 658 2379 rum,
689 2311 1041 2369 auctoritatis
1068 2323 1133 2364 ac
1176 2305 1301 2362 fidei
1334 2305 1447 2361 Deo
1494 2303 1879 2360 convenientis
1908 2302 2093 2359 decla-

513 2408 676 2464 ratio.
732 2402 1147 2461 Observandum
1212 2404 1298 2454 est
1355 2405 1542 2451 autem
1603 2409 1804 2451 rursus
1872 2394 2091 2451 Patrem

510 2497 694 2569 quoad
733 2494 1014 2568 propriam
1069 2489 1407 2563 hypostasim
1455 2487 1623 2542 alium
1674 2501 1800 2543 esse
1849 2500 1878 2541 a
1925 2486 2090 2552 Filio,

508 2605 620 2645 non
648 2596 854 2654 autem,
875 2594 933 2642 ut
958 2583 1241 2641 nonnullis
1267 2581 1537 2652 imperitis
1564 2579 1838 2653 hatreticis
1860 2579 2087 2651 placuit,

507 2680 862 2752 Filiopatrem
893 2693 1016 2734 esse
1050 2673 1426 2733 statuendum.

2205 659 2413 729 Δίδωμι
2437 660 2558 714 καθ’
2586 660 2846 716 ὑπόθεσιν
2876 663 3057 726 καλῶς
3086 665 3217 736 παρ’
3247 664 3403 736 ὑμῶν
3427 666 3786 737 εἰρῆσθαικαὶ

2204 750 2383 806 τοῦτο.
2418 753 2619 819 Ἔστω,
2659 754 2757 826 τὴν
2797 755 2936 827 ἐμὴν
2972 756 3385 829 παρακρούεσθε
3403 760 3608 832 φωνὴν,
3631 760 3786 827 ἀλλος

2205 844 2352 897 ἐστὶν
2380 847 2409 898 6
2437 845 2731 915 μαρτυρῶν
2758 847 2887 918 περὶ
2915 848 3071 918 ἐμοῦ.
3107 849 3370 920 Σημαίνει
3397 850 3453 904 δὲ
3482 851 3573 906 διὰ
3596 852 3787 908 τούτου

2203 932 2296 985 τὸν
2324 933 2382 986 ἐν
2413 937 2527 997 τοῖς
2568 934 2817 1003 οὐρανοῖς
2861 935 2992 990 ὅντα
3039 936 3173 991 Θεὸν
3218 937 3314 1004 καὶ
3358 938 3598 1011 Πατέρα,
3644 943 3790 996 κατά

2205 1019 2434 1083 πολλοὺς
2471 1022 2572 1091 ἤδη
2622 1023 2860 1093 τρόπους
2904 1024 2966 1077 τὸ
3008 1026 3233 1097 γνήσιον
3282 1028 3382 1099 τῆς
3428 1029 3618 1094 οὐσίας
3663 1032 3789 1085 ἑπι-

2209 1115 2636 1185 μαρτυρήσαντα
2682 1116 2761 1187 τῷ
2803 1117 2917 1189 ίδίῳ
2962 1120 3298 1191 γεννήματι,
3336 1113 3398 1175 οὗ
3445 1122 3544 1177 καὶ
3586 1125 3791 1180 εἰδέναι

2203 1204 2303 1275 τὴν
2338 1207 2642 1277 μαρτυρίαν
2671 1209 2855 1277 φησὶν,
2898 1209 2975 1274 ὡς
3012 1210 3161 1264 ἐστιν
3202 1212 3433 1284 ἀληθὴς,
3478 1215 3790 1280 ἀξιοπιστο-

2203 1296 2371 1366 τάτην
2425 1295 2595 1361 ὅντως
2654 1300 2750 1352 καὶ
2798 1301 2998 1373 ἀληθῆ,
3051 1303 3146 1357 καὶ
3206 1305 3307 1376 τὴν
3357 1307 3553 1362 ἑαυτοῦ
3604 1309 3789 1381 ψῆφον

2202 1386 2531 1452 ἐπιδεικνύς.
2582 1390 2701 1443 Ἵνα
2744 1392 2854 1463 γὰρ
2896 1393 2971 1465 μὴ
3016 1395 3445 1467 καταδεξάμενος
3486 1398 3677 1473 ὥσπερ
3726 1403 3792 1457 τὸ

2200 1476 2372 1548 ψευδῆ
2404 1477 2584 1548 λέγειν
2611 1482 2804 1543 ἐαυτὸν
2832 1484 2971 1556 ὑπὲρ
2999 1485 3216 1551 ἑαυτοῦ,
3248 1487 3432 1560 χώραν
3468 1491 3593 1544 τινά
3621 1493 3789 1548 πάλιν

2202 1569 2514 1637 κακονοίας,
2543 1574 2640 1626 καὶ
2665 1575 3021 1645 παρείσδυσιν
3041 1581 3156 1642 τοῖς
3188 1580 3516 1650 ἐτεροδοξεῖν
3539 1584 3788 1653 εἰθισμέ-

2202 1678 2312 1727 νοις
2345 1666 2618 1737 παράσχοι
2649 1666 2774 1721 καθ’
2822 1669 3040 1731 ἑαυτοῦ,
3083 1671 3395 1741 ἀναγκαίως
3449 1674 3664 1742 ἐπιδοὺς
3706 1678 3789 1749 τῷ

2201 1753 2467 1825 πρέποντι
2498 1755 2594 1809 καὶ
2626 1757 2694 1827 τῇ
2723 1756 2980 1829 συνηθείᾳ
3012 1758 3072 1811 τὺ
3099 1759 3173 1830 μὴ
3220 1760 3420 1830 χρῆναι
3459 1761 3677 1826 πάντως
3708 1764 3788 1827 ὡς

2199 1844 2375 1916 ἀληθῆ
2411 1845 2765 1901 πιστεύεσθαι
2799 1847 2891 1902 τὸν
2926 1849 3116 1903 ἑαυτὸν
3147 1850 3471 1906 ἐπαινοῦντα
3512 1855 3606 1907 καὶ
3642 1854 3786 1907 ἀπο-

2200 1934 2510 2006 δεχόμενον,
2533 1935 2823 2008 ἀνατρέχει
2850 1936 3032 2003 πάλιν,
3063 1939 3140 2002 ὼς
3168 1939 3321 2007 Θεὸς,
3352 1941 3448 1995 ἐπὶ
3478 1942 3576 2013 τὴν
3604 1943 3789 2016 ἐαυτῷ

2204 2029 2657 2101 χρεωστουμένην
2680 2030 2860 2097 ἀξίαν,
2893 2031 2989 2084 καὶ
3015 2031 3215 2086 εἰδέναι
3244 2034 3379 2103 φησὶ
3408 2033 3506 2105 τὴν
3531 2034 3627 2089 τοῦ
3667 2036 3790 2091 Πα-

2203 2120 2333 2191 τρδς
2368 2122 2695 2194 μαρτυρίαν,
2718 2122 2795 2187 ὡς
2843 2121 2989 2177 ἐστιν
3026 2123 3257 2196 ἀληθὴς,
3295 2128 3576 2197 μονονουχὶ
3624 2129 3791 2184 τοῦτο

2202 2211 2489 2279 διδάσκων,
2539 2215 2619 2268 ὄτι
2652 2214 2786 2279 Θεὸς
2810 2213 2887 2270 ὢν
2924 2215 3196 2286 ἀληθινὸς,
3225 2212 3361 2282 οῖδα,
3398 2220 3583 2288 φησιν,
3605 2219 3789 2290 ἐμαυ-

2199 2307 2313 2371 τὸν,
2339 2308 2739 2379 κεχαρισμένον
2768 2308 2827 2362 δέ
2852 2308 3006 2363 οὐδὲν
3036 2311 3066 2362 6
3094 2310 3287 2381 Πατὴρ
3316 2312 3431 2381 ἐρεῖ
3458 2312 3586 2383 περὶ
3608 2314 3757 2382 ἐμοῦ

2201 2397 2311 2470 ἔχω
2342 2399 2452 2471 γὰρ
2482 2399 2625 2453 οὕτω
2658 2399 2801 2454 κατά
2829 2400 3012 2471 φύσιν,
3048 2401 3239 2473 ὥσπερ
3266 2401 3332 2456 ἀν
3357 2397 3449 2457 οὖν
3481 2403 3577 2457 καὶ
3618 2404 3791 2469 αὐτὸς

2201 2492 2406 2565 ἀληθὴς
2428 2491 2505 2546 ὢν
2526 2491 2938 2562 ἐπιψηφίσαιτο.
2971 2492 3183 2547 Οὐκοῦν
3209 2494 3268 2547 ἐν
3297 2494 3491 2565 ἐκείνῳ
3522 2494 3623 2564 μὲν
3651 2512 3788 2564 συγ-

2196 2584 2536 2656 καταδατική
2571 2602 2651 2648 τις
2681 2583 2870 2657 ὥσπερ
2904 2584 3208 2650 συναίνεσις
3234 2579 3322 2657 ἦν,
3344 2586 3437 2639 καὶ
3459 2585 3789 2651 ύωθετικές

2198 2674 2397 2745 μᾶλλον
2441 2675 2586 2745 ἢπερ
2610 2674 2817 2746 ἀληθὴς
2839 2677 2870 2728 6
2893 2675 3050 2744 λόγος
3066 2691 3078 2705 ⁸
3114 2675 3173 2729 ἐν
3194 2675 3253 2729 δὲ
3279 2675 3356 2747 τῷ
3377 2676 3577 2731 εἰδέναι
3598 2675 3797 2747 λέγειν

504 2776 604 2849 τὴν
633 2774 727 2830 τοῦ
761 2772 974 2845 Πατρδς
1006 2770 1307 2844 μαρτυρίαν
1338 2768 1533 2841 ἀληθῆ,
1563 2768 1663 2839 τῆς
1692 2768 1811 2839 Θεῷ
1845 2770 2163 2843 πρεπούσης
2223 2769 2563 2835 ἀξιοπιστίας
2624 2770 2902 2835 ἐπίδειξις.
2936 2769 3281 2841 Σημειωτέον
3322 2769 3382 2823 δὲ
3446 2770 3631 2835 πάλιν,
3695 2771 3789 2826 ὅτι

505 2871 626 2925 κατ’
670 2868 805 2924 ίδίαν
838 2867 1132 2923 ὑπόστασιν
1160 2866 1319 2930 ἄλλος
1350 2865 1498 2919 ἐστὶν
1526 2865 1554 2916 6
1584 2864 1773 2936 Πατὴρ
1815 2865 1966 2935 παρά
1990 2866 2081 2920 τὸν
2120 2865 2269 2932 Υίὺν,
2294 2866 2390 2919 καὶ
2418 2867 2515 2937 οὐχ
2539 2866 2728 2937 ὥσπερ
2752 2864 2897 2930 ἔδοξέ
2928 2883 3037 2919 τισι
3058 2865 3168 2920 τῶν
3224 2865 3569 2921 ἀπαιδεύτων
3626 2867 3789 2938 αἱρε-

509 2962 692 3029 τικῶν,
725 2964 1019 3035 Υίοπάτωρ
1051 2961 1390 3034 εἰσφέρεται,

574 3055 644 3122 ν,
674 3057 764 3113 53.
795 3055 895 3112 Vos
934 3055 1153 3111 misistis
1193 3054 1263 3109 ad
1299 3053 1580 3120 Joannem,
1634 3063 1683 3107 et
1717 3054 2077 3110 testimonium

499 3148 765 3220 perhibuit
796 3147 1028 3205 veritati.

573 3236 1050 3306 Quemadmodum
1075 3248 1232 3292 antea
1267 3245 1426 3304 turpe
1454 3244 1508 3291 et
1538 3228 1929 3293 stultissimum
1959 3252 2082 3292 esse
2110 3273 2150 3329 ο

2273 3051 2457 3123 Ὑμεῖς
2505 3048 2924 3105 ἀπεστάλκατε
2967 3048 3117 3117 πρὸς
3161 3050 3478 3120 Ἰωάννην,
3526 3051 3628 3105 καί
3675 3068 3785 3119 μοι

2185 3147 2530 3219 μαρτύρηκε
2561 3140 2638 3211 τῇ
2666 3142 2940 3210 ἀληθείᾳ.

2266 3238 2475 3309 Ὥσπερ
2501 3233 2704 3307 ἀρτίως
2737 3233 2962 3305 αίσχρδν
3007 3228 3147 3287 εἶναι
3177 3232 3647 3306 διεδεὸαιούμεθα,
3681 3239 3787 3292 καὶ

500 3331 842 3393 dicebamus,
904 3342 1131 3385 suarum
1191 3327 1429 3397 aliquem
1485 3325 1708 3381 laudum
1775 3343 2080 3400 praeconem

2195 3332 2282 3401 τῆς
2309 3308 2546 3398 ἐσχάτης
2576 3323 2830 3396 εὐηθείας
2859 3324 2960 3378 οὐκ
3006 3324 3256 3396 ἀμοιρεῖν
3302 3324 3362 3378 τὺ
3403 3324 3513 3379 τῶν
3554 3328 3785 3382 οἰκείων

498 3402 696 3487 videri,
728 3421 856 3477 licet
887 3420 957 3476 ob
991 3421 1221 3476 multam
1249 3419 1509 3476 virtutem
1550 3420 1771 3477 mentiri
1813 3420 1975 3490 nolit,
2003 3421 2084 3479 sic

499 3525 556 3571 et
606 3528 717 3569 non
776 3520 1030 3568 vocatum
1096 3511 1164 3567 ad
1225 3511 1633 3568 testiﬁcandum
1686 3513 1972 3579 accedere,
2029 3522 2083 3569 et

499 3605 891 3677 quaesitoribus
925 3606 1070 3659 ultro
1119 3619 1182 3660 se
1231 3603 1451 3672 oﬁerre,
1505 3619 1614 3661 non
1665 3604 1954 3662 dissimilis
1999 3616 2084 3663 est

501 3698 745 3753 insaniae.
769 3695 998 3753 Videtur
1029 3697 1178 3751 enim
1201 3710 1303 3751 nec
1332 3696 1430 3752 abs
1455 3711 1534 3762 re,
1569 3696 1884 3753 istiusmodi
1914 3698 2083 3753 homo

498 3789 642 3845 haud
696 3787 927 3845 multum
981 3800 1179 3842 curare
1222 3786 1531 3853 veritatem,
1584 3786 1679 3844 sed
1725 3786 1872 3859 quod
1922 3795 2079 3843 tanto

496 3880 684 3937 studio
712 3878 878 3954 2M
907 3895 966 3936 se
1010 3878 1075 3934 ad
1118 3876 1523 3935 testificandum
1586 3879 1815 3949 ingerit,
1848 3893 1958 3935 non
1998 3880 2076 3935 rei

493 3982 771 4040 naturam,
809 3972 907 4028 sed
942 3971 1109 4027 animi
1140 3972 1224 4028 sui
1259 3970 1592 4027 sententiam
1627 3970 1864 4041 aperire.
1894 3970 2079 4024 Artiﬁ-

491 4066 800 4122 eiosissime
834 4065 1019 4135 itaque
1066 4061 1334 4120 Dominus
1371 4069 1558 4117 uoster
1601 4059 1764 4117 Jesus
1790 4060 2073 4129 Christus,

489 4156 604 4210 imo
653 4169 789 4212 vero
845 4162 905 4210 ut
958 4153 1125 4219 Deus,
1188 4152 1591 4209 Pharisaeorum
1626 4154 2075 4209 criminationem

489 4254 850 4317 praeverteris,
882 4246 959 4300 ait
985 4265 998 4301 :
1037 4265 1055 4298 ι
1089 4243 1203 4301 Vos
1231 4245 1462 4300 misistis
1486 4245 1550 4299 ad
1576 4242 1883 4310 Joannem;
1918 4261 1937 4293 ι
1964 4257 2074 4297 non

490 4339 634 4392 ultro
660 4352 721 4393 se
758 4336 992 4406 ingessit
1034 4337 1101 4390 atl
1161 4338 1492 4393 sententiam
1534 4336 1603 4392 de
1662 4351 1750 4391 me
1794 4333 2073 4389 ferendam

491 4429 751 4500 Baptista.
798 4428 921 4483 Non
960 4436 1141 4499 potest
1190 4428 1243 4485 id
1286 4431 1334 4485 ei
1367 4429 1581 4500 objici;
1635 4429 1867 4484 liberum
1923 4429 2075 4485 testi-

489 4519 734 4573 monium
767 4519 913 4576 tulit.
966 4516 1074 4575 Vos
1110 4519 1337 4575 misistis
1377 4520 1471 4590 qui
1505 4526 1785 4589 rogarent,
1820 4525 1874 4571 et
1916 4519 2072 4574 testi-

2186 3418 2680 3490 πλεονεκτημάτων
2724 3415 3048 3489 θαυμαστὴν
3099 3415 3330 3488 ὁρᾶσθαί
3379 3434 3535 3482 τινα,
3583 3419 3688 3473 καὶ
3729 3423 3784 3473 εἰ

2185 3513 2505 3583 παραιτοῖτο
2547 3510 2608 3563 τὸ
2651 3508 2945 3580 ψεύδεσθαι
2977 3507 3065 3563 διὰ
3097 3506 3296 3580 πολλὴν
3328 3509 3549 3581 ἀρετήν⁹
3596 3512 3785 3578 οὕτως

2184 3604 2419 3676 ἀδελφὴν
2442 3603 2632 3674 ὥσπερ
2659 3601 2773 3674 ἔχει
2807 3602 2901 3656 καὶ
2926 3602 3140 3670 γείτονα
3166 3600 3264 3673 τὴν
3296 3603 3525 3658 ἀτοπίαν
3547 3604 3779 3677 ἐκείνῳ,

2181 3696 2243 3750 τὸ
2272 3695 2349 3769 μὴ
2376 3694 2746 3767 κεκλημένους
2770 3695 2863 3748 ἐπὶ
2896 3694 2997 3767 τὴν
3020 3693 3113 3747 ἐπί
3145 3711 3254 3748 τισι
3283 3695 3591 3765 μαρτυρίαν
3634 3697 3783 3752 ἰέναι

2179 3787 2352 3853 τινὰς,
2398 3785 2731 3857 αὐτομόλους
2780 3785 2837 3838 δὲ
2885 3785 2993 3849 τοῖς
3045 3783 3390 3850 δικάζουσιν,
3440 3787 3609 3858 ἡγουν
3654 3790 3784 3853 τοῖς

2181 3878 2445 3950 διερωτᾷν
2497 3875 2774 3931 ἐθέλουσιν
2819 3875 3227 3930 ἀναπείθεσθαι.
3280 3876 3440 3941 Δόξαι
3479 3876 3592 3949 γὰρ
3639 3878 3715 3934 ἂν
3746 3878 3782 3931 6

2177 3969 2442 4034 τοιοῦτος,
2470 3969 2565 4023 καὶ
2584 3970 2683 4023 οὐκ
2711 3968 2818 4022 ἀπὸ
2849 3967 3077 4032 σκοποῦ,
3106 3968 3180 4039 μὴ
3208 3968 3417 4034 πάντας
3443 3970 3779 4039 ἐπείγεσθαι

2177 4061 2359 4131 λέγειν
2406 4060 2467 4114 τὺ
2513 4060 2733 4131 ἀληθὲς,
2780 4059 2842 4113 τὸ
2884 4060 2940 4112 δὲ
2988 4059 3107 4113 λίαν
3151 4059 3451 4130 προθύμως
3503 4060 3786 4132 ἐθελῆσαι

2180 4152 2501 4223 μαρτυρεῖν,
2546 4150 2646 4222 οὐχ
2675 4151 2813 4222 ὅπερ
2858 4150 2972 4222 ἔχει
3012 4149 3108 4205 τοῦ
3150 4151 3477 4223 πράγματος
3506 4154 3540 4224 ἡ
3576 4153 3776 4223 φύσις,

2176 4241 2354 4314 ἐαυτῷ
2380 4242 2437 4296 δέ
2464 4242 2664 4313 μᾶλλον
2690 4242 2753 4296 τὸ
2782 4241 2974 4297 δοκοῦν
3021 4241 3438 4312 ἀποφαίνεσθαι.
3482 4244 3779 4317 Ἐντεχνέ-

2177 4349 2343 4387 στατα
2387 4334 2566 4387 τοίνυν
2613 4334 2643 4387 6
2691 4335 2895 4406 Κύριος
2948 4334 3109 4406 ἡμῶν
3169 4335 3381 4406 Ἰησοῦς
3426 4338 3455 4390 6
3497 4337 3777 4409 Χριστὸς,

2179 4425 2376 4495 μᾶλλον
2403 4427 2460 4480 δὲ
2505 4425 2581 4490 ὡς
2631 4425 2782 4489 Θεὸς,
2818 4424 2915 4479 καὶ
2941 4426 3039 4496 τὴν
3069 4426 3161 4479 ἐπὶ
3192 4425 3406 4491 τούτοις
3448 4428 3559 4481 τῶν
3588 4429 3775 4500 Φαρι-

2176 4516 2344 4570 σαίων
2379 4516 2808 4588 προανατρέπων
2851 4515 3052 4581 αἰτίαν,
3085 4517 3249 4587 φησίν
3275 4534 3289 4546 ·
3350 4537 3369 4569 ι
3399 4518 3590 4589 Ὑμεῖς
3647 4521 3777 4574 ἀπ-

486 4610 732 4666 monium
769 4610 1047 4681 perhibuit
1074 4611 1308 4667 veritati.
1340 4611 1423 4667 Ab
1451 4611 1520 4665 iis
1541 4609 1688 4665 enim
1719 4616 1945 4679 rogatus
1976 4609 2069 4680 qui

2195 4606 2477 4661 εστάλκατε
2521 4607 2658 4679 πρὸς
2702 4606 2972 4678 Ἰωάννην·
3018 4625 3036 4658 ι
3081 4607 3180 4661 οὐκ
3209 4608 3559 4676 αὐτόκλητος,
3600 4612 3773 4681 φησι,

485 4701 556 4756 ad
590 4703 771 4774 ipsum
801 4701 958 4758 missi
987 4701 1226 4767 fuerant,
1262 4710 1451 4757 utrum
1469 4707 1617 4756 esset
1643 4700 1760 4770 ipse
1786 4698 2066 4767 Christus,

2170 4699 2308 4770 πρὸς
2339 4701 2436 4770 τὴν
2466 4700 2553 4751 ἐπ’
2583 4699 2706 4770 ἐμοὶ
2728 4699 2908 4769 ψῆφον
2934 4700 2965 4752 6
2994 4699 3324 4771 Βαπτιστής.
3359 4700 3508 4767 Ἔξω
3532 4701 3633 4770 τῆς
3665 4703 3777 4756 ἐπὶ

482 4792 775 4850 confessus
835 4801 939 4857 est,
981 4800 1037 4849 et
1103 4810 1213 4850 non
1268 4790 1576 4864 negarit”.
1618 4790 1921 4848 Confessus
1984 4800 2069 4848 est

2195 4788 2345 4861 ὀύτῳ
2382 4787 2621 4843 κείσεται
2668 4788 2909 4861 γραφῆς,
2962 4789 3255 4861 ἐλευθέραν
3306 4791 3603 4863 ἐποιήσατο
3654 4792 3775 4864 τὴν

480 4901 592 4940 non
615 4901 737 4943 esse
756 4885 1063 4952 Christum,
1090 4886 1186 4944 sed
1210 4885 1439 4940 missum
1466 4899 1551 4940 me
1567 4899 1690 4942 esse
1709 4891 1838 4940 ante
1863 4883 2063 4955 ipsum.

2172 4879 2498 4952 μαρτυρίαν.
2550 4880 2739 4952 Ὑμεῖς
2771 4880 3081 4952 ἐρωτῶντες
3105 4881 3488 4948 ἀπεστείλατε,
3532 4884 3629 4936 καὶ
3662 4900 3779 4951 με·

480 4977 884 5034 Testimonium
906 4993 1039 5051 ergo
1063 4977 1344 5050 perhibuit
1371 4977 1609 5045 veritati,
1633 4975 1889 5033 Christus
1916 4976 2065 5031 enim

2195 4971 2491 5045 ιαρτύρηκε
2546 4974 2613 5044 τῇ
2687 4972 2931 5045 ἀληθείᾳ.
3010 4972 3395 5046 Ἐρωτώμενος
3453 4974 3564 5044 γὰρ
3623 4975 3778 5045 παρ’

478 5074 565 5121 est
593 5069 801 5125 veritas
824 5069 891 5122 ⁸³.

2168 5065 2411 5133 ἐκείνων,
2459 5065 2619 5137 οἵπερ
2666 5060 2806 5136 ἦσαν
2854 5065 2992 5137 πρὸς
3028 5066 3192 5121 αὑτὸν
3224 5066 3660 5138 ἀπεσταλμένοι,
3713 5068 3777 5119 εί

478 5162 641 5225 αὑτός
663 5163 808 5216 ἐστιν
834 5164 863 5216 6
885 5161 1140 5229 Χριστὸς,
1161 5159 1498 5229 ὡμολόγησε,
1524 5160 1619 5213 καὶ
1638 5162 1737 5214 οὐκ
1757 5160 2053 5232 ἠρνήσατο.
2106 5156 2491 5229 Ὦμολόγησεν,
2537 5159 2620 5212 ὅτι
2661 5156 2802 5226 Ἐγὼ
2829 5156 2931 5212 οὔκ
2960 5159 3077 5229 εἰμι
3135 5160 3166 5212 6
3208 5159 3465 5230 Χριστὸς,
3511 5159 3630 5214 ἀλλ’
3668 5161 3783 5217 ὅτι

489 5253 929 5339 Ἀπεσταλμένος
957 5252 1076 5324 εἰμὶ
1107 5251 1415 5323 ἔμπροσθεν
1440 5253 1671 5310 ἐκείνου.
1702 5254 2144 5325 Μεμαρτύρηκεν
2171 5248 2263 5308 οὖν
2290 5256 2356 5325 τῇ
2399 5253 2650 5324 ἀληθείᾳ·
2684 5253 2912 5324 ἀλήθεια
2938 5254 3044 5325 γὰρ
3075 5256 3104 5308 6
3135 5255 3394 5326 Χριστός.
3855 5242 3864 5252 ’

547 5346 616 5414 ν,
657 5351 747 5406 54.
781 5347 891 5420 Ego
937 5358 1111 5402 autem
1173 5364 1274 5402 non
1332 5348 1396 5402 ab
1434 5350 1644 5404 homine
1696 5351 2053 5405 testimonium

476 5439 675 5506 accipio
702 5456 719 5493 :
744 5438 833 5493 sed
860 5440 971 5491 hwc
999 5436 1116 5493 dico
1145 5446 1202 5492 ut
1233 5456 1321 5494 vos
1350 5440 1487 5495 salvi
1517 5441 1655 5496 sitis.

544 5529 665 5586 Non
692 5531 871 5600 rejicit
892 5527 1124 5586 Joannis
1148 5532 1524 5587 testimonium
1548 5540 1809 5603 tanquam
1838 5532 2050 5598 inutile,

2244 5348 2392 5419 Ἐγὼ
2413 5348 2480 5402 δὲ
2534 5351 2606 5403 οὐ
2663 5348 2823 5417 παρὰ
2872 5350 3189 5418 ἀνθρώπου
3252 5351 3368 5420 τὴν
3416 5354 3779 5422 μαρτυρίαν

2159 5440 2461 5511 λαμϐάνω,
2502 5440 2659 5495 ἀλλὰ
2697 5441 2884 5496 ταῦτα
2921 5441 3098 5511 λέγω,
3150 5443 3252 5496 ἵνα
3282 5443 3452 5512 ὑμεῖς
3490 5445 3773 5513 σωθῆτε.

2244 5532 2357 5603 Οὐχ
2412 5531 2487 5596 ὡς
2543 5532 2816 5604 ἄχρηστον
2877 5533 3270 5605 ἀποπέμπεται
3334 5536 3433 5607 τὴν
3498 5537 3773 5592 Ἰωάννου

474 5638 654 5694 neque
685 5622 892 5677 frustra
918 5634 1043 5678 esse
1065 5623 1311 5680 veritatis
1346 5632 1545 5682 testem
1576 5625 1797 5681 asserit.
1832 5623 2046 5695 Alioqui

2195 5624 2376 5694 ιωνὴν,
2430 5623 2551 5677 οὐδέ
2603 5625 2773 5698 ἀργὸν
2833 5627 3123 5696 ἀποφαίνει
3184 5627 3286 5699 τῆς
3340 5628 3595 5695 ἀληθείας
3650 5630 3775 5684 τὸν

473 5714 615 5769 enim
643 5712 881 5769 absurde
922 5711 1103 5770 facere
1130 5713 1285 5770 visus
1316 5722 1485 5779 esset,
1518 5715 1565 5771 si
1602 5714 1761 5771 fidem
1800 5714 1849 5771 ei
1884 5715 2047 5772 dero-

542 5891 587 5922 "
626 5887 782 5944 Joan.
816 5906 855 5959 ι,
883 5891 975 5947 20.
1049 5893 1095 5925 ⁸³
1131 5890 1291 5949 Joan.
1323 5909 1438 5960 xw,
1471 5895 1523 5948 6.

2158 5716 2432 5788 μάρτυρα.
2467 5715 2540 5770 Ἦ
2575 5717 2684 5788 γὰρ
2722 5716 2789 5771 ἀν
2842 5716 2988 5783 ἔδοξε

3036 5718 3261 5787 δικαίως
3293 5721 3458 5786 αὑτός
3509 5738 3562 5775 τι
3614 5721 3781 5776 καθ’
