4052 6528
257 475 369 529 897

1302 482 1370 537 IN
1398 483 1689 541 IOANNIS
1733 484 2192 546 EVANGELIUM
2230 486 2360 543 LIB.
2396 488 2462 544 ll.

3442 491 3551 549 398

258 591 464 644 ἑαυτοῦ
496 591 607 646 τῶν
631 592 849 649 ἀτόπων
877 594 1229 667 ἐργάξεσθαι,
1258 598 1352 652 τοῦ
1377 600 1574 670 χρῆναι
1605 600 1860 656 πιστεύε-

1968 608 2171 673 gassct,
2197 617 2360 674 quem
2392 602 2620 659 miserat
2649 610 2710 658 ut
2736 603 3040 662 clamaret:
3095 625 3113 657 ι
3156 604 3357 662 Parate
3404 606 3549 662 viam

258 683 390 737 σθαι
417 684 750 758 παραλόγως
773 687 1077 757 ἐκπέμπων
1123 688 1183 741 ὃν
1213 689 1397 755 αὐτοῖς
1430 690 1646 763 ἔπεμψε
1687 692 1815 766 βοᾷν
1838 711 1851 724 ’

256 796 280 828 ι
316 776 685 848 Ἑτοιμάσατε
734 778 834 849 τὴν
874 778 991 833 ὁδὸν
1028 779 1261 850 Κυρίου,
1285 782 1502 848 εὐθείας
1529 787 1732 839 ποιεῖτε
1759 786 1859 850 τὰς

253 868 485 938 τρίϐους
512 868 609 922 τοῦ
644 868 783 923 Θεοῦ
810 869 986 941 ἡμῶν
1021 889 1040 922 ι
1092 871 1207 925 ἀλλ’
1242 872 1318 937 ὡς
1346 872 1570 945 ἀμέτρῳ
1594 875 1859 946 δυσηκοΐᾳ

251 958 371 1012 τῶν
412 960 691 1015 Ἰουδαίων
719 961 1049 1033 μαχόμενος,
1084 962 1179 1017 ἐπὶ
1205 962 1276 1017 τὰ
1307 964 1481 1031 μείζω
1508 982 1568 1018 τε
1595 966 1687 1019 καὶ
1713 965 1862 1033 ἀξιο-

253 1049 547 1125 λογώτερα
591 1056 797 1126 χωρεῖ,
841 1056 941 1109 οὐκ
972 1056 1288 1126 ἀναγκαίως
1322 1058 1421 1128 μὲν
1468 1059 1529 1124 ἐξ
1571 1059 1861 1131 ἀνθρώπου

251 1144 452 1213 φωνῆς
503 1144 605 1217 τὴν
652 1147 739 1215 ἐφ’
771 1147 953 1218 ἑαυτῷ
1001 1147 1257 1219 δέχεσθαι
1305 1150 1617 1221 μαρτυρίαν
1665 1150 1859 1215 εἰπὼν,

252 1236 470 1307 μᾶλλον
505 1237 566 1291 δὲ
616 1236 729 1292 ἀπὸ
774 1239 875 1310 τῆς
920 1239 1241 1311 πρεπούσης
1287 1239 1539 1307 ἐξουσίας
1586 1240 1664 1313 τῷ
1717 1243 1862 1299 κατὰ

249 1328 429 1398 φύσιν
481 1329 598 1384 ὄντι
654 1329 796 1402 Θεῷ,
848 1332 945 1386 καὶ
987 1332 1098 1386 ἀπὸ
1125 1332 1227 1403 τῆς
1256 1334 1314 1386 ὲν
1346 1334 1468 1397 ταῖς
1508 1331 1863 1406 θεοσημείαις

248 1421 566 1493 ὕπεῳχῆς,
610 1418 998 1495 λαμπροτέραν
1042 1423 1379 1495 ποιήσασθαι
1424 1426 1525 1496 τὴν
1563 1426 1858 1493 ἀπόδειξιν.

259 1512 599 1584 ’Δνθρὼπου
650 1515 750 1585 μὲν
794 1515 906 1586 γὰρ
937 1514 1051 1570 ἔσθ’
1087 1517 1178 1571 ὅτε
1213 1520 1653 1591 παρακρούσαιτ’
1681 1520 1748 1576 ἄν
1779 1539 1863 1587 τις

248 1607 473 1681 φωνὴν,
500 1608 577 1673 ὡς
603 1609 706 1663 οὐκ
727 1609 1121 1681 άληθεύουσαν,
1151 1615 1200 1668 sl
1228 1612 1322 1668 καί
1348 1630 1433 1678 τις
1460 1614 1545 1687 εἴη
1569 1614 1731 1686 τυχὸν
1752 1615 1863 1670 τῶν

251 1703 314 1754 ὲν
368 1702 555 1772 ἁγίοις
604 1705 1128 1777 κατατεταγμένων.
1193 1709 1260 1760 ὐ
1310 1706 1376 1779 δὴ
1433 1709 1528 1762 καὶ
1574 1711 1749 1763 ποιεῖν
1799 1710 1862 1764 οὐ

251 1793 660 1858 κατοκνοῦντές
689 1812 857 1863 τινες,
887 1798 1001 1861 τοῖς
1029 1796 1140 1851 τῶν
1170 1796 1470 1869 προφητῶν
1495 1799 1864 1872 ἀντέπραττον

250 1882 463 1953 λόγοις,
505 1884 677 1938 Ἀλλα
704 1885 840 1957 ἡμῖν
869 1885 1104 1952 λαλεῖτε,
1156 1886 1409 1958 βοῶντες,
1452 1890 1550 1943 καὶ
1594 1890 1866 1961 ἀναγγέλο

250 1975 378 2030 λετε
424 1977 563 2048 ἡμῖν
604 1977 801 2050 ἑτέραν
846 1978 1137 2051 πλάνησιν.
1181 1982 1303 2036 Ἔτι
1350 1998 1413 2035 τε
1459 1980 1598 2053 πρὸς
1630 1958 1863 2050 τούτοις,
1895 1958 1939 2013 Β

258 2066 355 2122 καὶ
384 2068 501 2121 τῶν
529 2066 593 2134 ἐξ
634 2069 1049 2143 Ἱεροσολύμων,
1081 2073 1201 2144 ἦτοι
1225 2072 1328 2143 τῆς
1367 2073 1639 2129 Ἰουδαίων
1657 2073 1863 2146 χώρας,

254 2163 339 2226 εἰς
373 2160 479 2232 τὴν
506 2162 822 2232 Αἰγυπτίων
850 2165 1336 2235 καταπεφευγότες
1375 2166 1521 2231 τινὲς
1555 2167 1575 2238 (
1606 2166 1866 2240 Ἀζαρίας

252 2251 313 2306 δὲ
345 2247 419 2324 ἦν
459 2254 580 2317 υἱὸς
636 2254 820 2327 Ὠσηὲ,
871 2256 967 2310 καὶ
1025 2256 1280 2328 Ἰωάννης
1331 2258 1446 2322 υίὸς
1495 2258 1712 2332 Καρηὲ,
1770 2259 1866 2313 καὶ

252 2346 467 2410 πάντες
499 2347 550 2400 οἱ
597 2345 796 2419 ἄνδρες
829 2349 882 2402 οί
921 2348 1286 2421 ὑπερήφανοι,
1325 2349 1472 2405 καθὰ
1502 2351 1862 2425 γέγραπται),

250 2436 567 2509 διαρρήδην
609 2441 731 2504 ταῖς
773 2439 1042 2513 Ἱερεμίου
1085 2443 1447 2515 προφητείαις
1485 2442 1864 2512 ἀπειθοῦντες,

252 2530 546 2601 ἔφασκον·
600 2533 842 2607 «Ψεύδῃ,
890 2534 993 2588 οὐκ
1034 2535 1331 2591 ἀπέστειλέ
1374 2553 1435 2590 σε
1475 2538 1684 2610 Κύριος
1729 2539 1868 2611 πρὸς

253 2618 410 2697 ἡμᾶς
437 2626 619 2680 εἰπεῖν
642 2642 656 2658 ·
684 2626 779 2696 Μὴ
799 2628 1079 2698 εἰσέλθητε
1109 2630 1190 2693 είς
1208 2630 1508 2698 Αἴγυπτον.
1537 2648 1558 2682 ι
1604 2630 1671 2684 Ἦ
1695 2630 1752 2684 δὲ
1779 2631 1869 2685 διὰ

251 2715 369 2769 τῶν
396 2715 702 2788 θαυμάτων
729 2714 1030 2785 ἀπόδειξις,
1079 2719 1241 2773 ποίαν
1269 2720 1337 2775 ἂν
1373 2720 1532 2775 λάδοι
1573 2720 1674 2794 τὴν
1715 2723 1868 2776 ἀντι-

254 2806 496 2875 λογίαν;
555 2808 651 2862 καὶ
694 2808 758 2862 τὺ
789 2811 901 2874 τοῖς
938 2808 1036 2864 τοῦ
1069 2809 1207 2864 Θεοῦ
1236 2812 1332 2867 καὶ⁵
1364 2812 1579 2884 Πατρδς
1624 2814 1867 2887 ἐπιμαρ-

253 2898 547 2970 τυρεῖσθαι
568 2899 1032 2973 πλεονεκτήμασι,
1065 2904 1221 2957 ποῖον
1246 2902 1329 2958 ἔτι
1356 2905 1515 2959 δώσει
1545 2907 1658 2971 τοῖς
1687 2906 1870 2977 φιλεγ-

255 2991 501 3063 κλήμοσι
551 2992 656 3064 τῆς
701 2993 1034 3067 δυστροπίας
1082 2996 1176 3051 τὸν
1217 2999 1464 3070 τρόπον;
1515 2999 1626 3054 Καὶ
1671 3000 1804 3070 γοῦν
1839 3003 1870 3055 ὁ

252 3084 307 3137 Ν
311 3084 469 3155 ικόῑη
479 3101 581 3155 μος
594 3079 701 3157 (εἷς
720 3085 781 3140 δὲ
796 3081 864 3158 ἦν
881 3079 1039 3151 οὗτος
1054 3086 1164 3143 τῶν
1189 3091 1320 3161 παρ’
1346 3091 1580 3155 ἐκείνοις
1609 3091 1868 3165 καθηγη-

253 3173 393 3241 τῶν,
420 3176 518 3229 καὶ
544 3176 604 3229 ἐν
634 3178 747 3240 τοῖς
765 3176 830 3230 τὸ
850 3176 1038 3248 ἄρχειν
1071 3176 1299 3250 λαχοῦσι
1331 3181 1865 3252 κατατεταγμένος),

1968 691 2207 763 Domini,
2248 704 2431 750 rectas
2467 692 2633 751 facite
2675 698 2904 753 semitas
2940 697 3035 752 Dei
3065 699 3242 753 nostri
3269 698 3356 762 3‘;
3396 716 3416 749 ι
3457 699 3555 753 sed

1965 800 2223 857 pugnans
2248 801 2378 842 cum
2396 786 2778 845 obstinatione
2801 787 3141 855 Iudaeorum,
3161 789 3228 844 ad
3256 788 3471 860 majora
3500 794 3591 845 et‘~

1963 877 2213 951 digniora
2245 882 2524 952 procedit,
2563 882 2877 954 asseritque
2918 898 3028 938 non
3061 899 3127 939 ex
3160 899 3295 940 voce
3328 885 3553 955 quidem

1964 972 2209 1030 hominis
2243 974 2311 1029 de
2354 973 2537 1044 scipso
2578 976 2952 1030 testimonium
2985 977 3260 1046 accipere,
3309 975 3406 1032 sed
3452 990 3554 1047 po-

1965 1072 2164 1121 testate
2188 1067 2375 1136 potius
2415 1068 2654 1122 naturali
2696 1067 2810 1123 Deo
2855 1070 3234 1134 convenienti,
3292 1077 3348 1124 et
3383 1070 3555 1124 mira-

1964 1157 2216 1211 culorum
2247 1158 2568 1227 praestantia
2625 1158 2837 1214 clarius
2893 1174 2954 1215 se
2985 1158 3421 1217 demonstrasse.
3462 1160 3554 1215 ln-

1964 1248 2182 1303 terdum
2207 1250 2411 1319 quippe
2440 1250 2684 1307 hominis
2730 1250 3109 1307 testimonium
3155 1253 3554 1323 repudiaveris,

1965 1343 2097 1400 licet
2127 1344 2182 1399 in
2213 1356 2445 1401 numero
2475 1354 2798 1402 sanctorum
2819 1347 3095 1402 collocati.
3127 1345 3284 1413 Quod
3306 1346 3557 1402 nonnulli

1967 1434 2150 1492 facere
2180 1452 2291 1491 non
2317 1436 2476 1493 veriti
2500 1438 2897 1508 prophetarum
2922 1438 3108 1494 verbis
3129 1438 3562 1494 obluctabantur

1965 1528 2312 1584 clamantes:
2368 1527 2562 1582 Aliena
2616 1528 2780 1584 nobis
2840 1528 3167 1599 loquimini,
3225 1535 3280 1584 et
3317 1529 3561 1585 alienum

1965 1636 2213 1677 errorem
2243 1619 2405 1676 nobis
2434 1621 2725 1678 nuntiatis.
2755 1618 2987 1678 Azarias
3019 1621 3148 1676 item
3200 1618 3341 1677 Osce
3387 1620 3555 1687 ﬁlius,

1965 1720 2021 1766 et
2054 1709 2269 1765 Ioanan
2299 1709 2449 1767 ﬁlius
2477 1710 2671 1774 Caree.
2701 1711 2796 1782 qui
2825 1725 2894 1766 cx
2921 1707 3111 1765 Iudaea
3139 1710 3199 1765 in
3253 1708 3556 1782 Egyptum

1967 1800 2249 1873 fugerunt,
2289 1816 2482 1859 omnes
2507 1802 2730 1874 quidem
2764 1800 2866 1856 viri
2917 1801 3167 1873 superbi,
3227 1802 3376 1857 sicut
3415 1802 3561 1857 scri-

1966 1902 2121 1967 ptum
2150 1902 2237 1950 est
2256 1893 2326 1961 ⁸⁶,
2350 1889 2602 1949 Ieremia;
2630 1892 2942 1965 prophetiis
2964 1893 3146 1964 palam
3178 1891 3555 1966 refragantes.

1968 1987 2232 2043 aiebant:
2261 2004 2280 2039 ι
2312 1983 2585 2051 Mentiris,
2616 2000 2724 2040 non
2754 1985 2908 2042 misit
2954 1991 3010 2040 te
3048 1982 3321 2041 Dominus
3360 1985 3427 2041 ad
3455 2000 3559 2042 nos

1969 2087 2030 2135 ut
2068 2079 2322 2136 diceres:
2354 2076 2538 2135 Nolite
2568 2077 2625 2133 in
2689 2077 2988 2150 Egyptum
3020 2077 3236 2150 ingredi
3257 2078 3326 2136 ⁸⁸.
3370 2096 3391 2131 ι
3452 2078 3562 2136 De-

1966 2171 2300 2228 monstratio
2333 2184 2468 2226 vero
2512 2184 2637 2242 quas
2688 2184 2788 2240 per
2840 2168 3111 2225 miracula
3142 2169 3225 2233 lit,
3280 2170 3563 2241 quomodo

1968 2264 2144 2320 refelli
2176 2264 2404 2335 poterit,
2449 2271 2503 2320 et
2531 2260 2630 2319 Dei
2677 2276 2743 2317 ac
2793 2259 2976 2317 Patris
3015 2262 3395 2333 praerogativis
3429 2277 3561 2333 pro-

1968 2357 2113 2423 bari,
2143 2371 2312 2428 quam
2340 2354 2704 2428 malignitatis
2748 2352 2913 2426 255
2965 2354 3238 2410 rationem
3297 2354 3562 2425 praebebit

1969 2447 2407 2522 reprehendendi
2450 2446 2714 2519 cupidis?
2769 2444 3112 2502 Nicodemus
3144 2446 3380 2518 quippe,
3415 2462 3562 2502 unus

1968 2559 2034 2601 ex
2064 2542 2392 2600 doctoribus
2416 2547 2471 2599 et
2509 2540 2855 2613 principibus
2881 2537 3225 2605 Iudaeorum,
3262 2539 3563 2595 miraculo-

1971 2648 2092 2690 rum
2120 2633 2503 2691 testimonium
2537 2632 2913 2688 certissimum
2937 2638 2991 2687 et
3026 2630 3398 2687 indubitatum
3439 2644 3563 2687 esse

1970 2727 2249 2793 credebat,
2282 2724 2474 2781 dicens
2504 2742 2518 2779 :
2556 2744 2575 2776 ι
2609 2722 2806 2788 Rabbi,
2842 2722 3050 2778 scimus
3092 2723 3221 2794 quia
3257 2737 3289 2777 a
3318 2721 3432 2778 Deo
3464 2736 3562 2776 vc-

1969 2819 2100 2877 nisti
2129 2817 2431 2887 magister;
2462 2830 2627 2871 nemo
2648 2816 2793 2871 enim
2821 2821 3003 2884 potest
3045 2814 3161 2870 haec
3190 2813 3348 2885 signa
3382 2813 3562 2870 facere

1969 2925 2092 2982 qua:
2125 2917 2184 2964 tu
2219 2908 2395 2973 facis,
2436 2908 2545 2964 nisi
2577 2909 2741 2964 fuerit
2780 2905 2925 2962 Deus
2956 2920 3082 2961 cum
3133 2920 3203 2960 eo
3223 2905 3290 2960 ⁸⁷.
3335 2924 3353 2957 ι
3390 2902 3561 2971 Quasi

1969 3016 2102 3072 ergo
2127 3012 2198 3057 ne
2233 3001 2353 3072 ipse
2380 2999 2602 3071 quidem
2628 2999 2876 3071 Baptista
2906 2996 3302 3052 malevolorum
3343 2994 3563 3051 Iudaeo-

1968 3108 2093 3149 rum
2124 3088 2832 3159 incredulitatemeffugiat,
2865 3084 2959 3155 qui
2993 3085 3175 3142 verbis
3208 3091 3373 3142 tenus
3404 3086 3564 3143 testi-

1969 3182 2214 3239 monium
2269 3180 2522 3253 protulit,
2570 3194 2795 3236 rursum
2827 3192 3020 3235 eorum
3059 3192 3244 3235 mores
3293 3176 3563 3248 quodam-

249 3268 666 3341 ἀναντίρῤητον
700 3270 802 3341 τὴν
829 3271 941 3326 ἀπὸ
972 3274 1085 3325 τῶν
1112 3273 1412 3345 θαυμάτων
1457 3273 1696 3341 ἐποιεῖτο
1727 3291 1866 3347 μαρ-

1973 3273 2142 3330 modo
2198 3271 2528 3345 perstringit
2590 3271 2824 3328 dicens:
2881 3264 3284 3325 Testimonium
3341 3268 3562 3338 quidem

250 3359 460 3431 τυρίαν
488 3360 669 3430 λέγων
695 3377 711 3393 ο
746 3379 768 3413 ι
803 3361 1016 3428 Ῥαϐσὶ,
1045 3364 1271 3436 οῐδαμεν
1304 3364 1386 3419 ὅτι
1429 3366 1539 3421 ἀπὸ
1569 3366 1704 3421 Θεοῦ
1744 3365 1871 3440 ἐλή-

252 3450 434 3518 λυθας
478 3452 805 3519 διδάσκαλος
830 3471 845 3485 ο
896 3454 1074 3522 οὐδεὶς
1121 3458 1235 3530 γὰρ
1280 3457 1507 3513 δύναται
1552 3458 1621 3513 τὰ
1667 3462 1870 3532 σημεῖα

255 3542 444 3597 ταῦτα
500 3547 677 3598 ποιεῖν
710 3546 747 3601 ἃ.
786 3547 852 3603 σὺ
878 3550 1074 3615 ποιεῖς,
1107 3550 1202 3605 ἐὰν
1230 3544 1361 3624 μὴῇ
1395 3552 1424 3605 ό
1453 3551 1587 3616 Θεὸς
1621 3553 1740 3623 μετ’
1767 3554 1870 3608 αὐ-

258 3633 385 3692 τοῦ.
417 3654 439 3689 ι
494 3637 584 3702 Ὠς
610 3633 706 3694 οὖν
735 3638 838 3693 οὐκ
865 3640 1212 3706 ἐπιϐαίνοντος
1243 3643 1346 3715 τὴν
1390 3643 1660 3699 Ἰουδαίων
1698 3647 1871 3701 κακό-

249 3745 416 3782 νοιαν
461 3728 559 3783 τοῦ
606 3730 708 3785 καὶ
739 3730 903 3787 αὐτὸν
938 3733 1289 3788 ἀπιστεῖσθαι
1330 3733 1426 3788 τὸν
1474 3733 1631 3803 ἅγιον
1661 3735 1869 3791 Βαπτι-

253 3821 420 3887 οτὴν,
449 3821 577 3875 ὅσον
603 3816 710 3893 ἧκε
738 3822 840 3895 τὴν
866 3825 947 3890 εἰς
981 3823 1176 3895 λόγους
1210 3820 1522 3898 βαρτυρίαν
1552 3827 1870 3897 εἰσάγοντα,

250 3912 448 3980 πάλιν,
497 3911 576 3977 ὡς
619 3916 680 3968 ὲν
724 3914 866 3987 ἧθει,
902 3916 1076 3989 φησί’
1138 3934 1158 3968 ι
1185 3918 1603 3991 Μεμαρτύρηκε
1653 3920 1754 3991 μὲν

246 4005 522 4078 ἀληθείᾳ,
555 4006 736 4063 καίτοι
771 4009 904 4079 παρ’
939 4009 1097 4080 ὑμῶν
1121 4010 1502 4083 ὶρωτώμενος,
1535 4014 1565 4067 ό
1594 4012 1873 4085 μακάριος

252 4097 581 4170 θαπτιστής
600 4115 615 4129 ο
659 4099 775 4153 ἀλλ’
815 4101 1052 4172 ἐπείπερ
1079 4101 1208 4172 ὑμῖν
1247 4102 1670 4177 ἀνεπιχείρητον
1694 4102 1870 4168 οὐδὲν,

250 4183 356 4242 καὶ
402 4189 801 4259 ῥιψοκινδύνως
839 4192 935 4245 ἐπὶ
977 4193 1160 4247 πᾶσαν
1196 4193 1335 4249 ἰέναι
1375 4193 1647 4269 λοιδορίαν
1684 4195 1873 4250 κατεί-

246 4276 469 4341 θισται,
487 4280 584 4332 καὶ
601 4279 701 4351 τὴν
728 4281 967 4345 ἐκείνου,
987 4283 1128 4338 κατὰ
1146 4282 1209 4337 τὺ
1227 4284 1396 4353 εἰκὸς,
1416 4285 1873 4359 παρεκρούσασθε

252 4371 469 4440 φωνήν.
506 4370 727 4444 Ἐπειδὴ
757 4372 816 4427 δὲ
845 4373 1024 4447 ὀρθῶς
1054 4376 1184 4448 ὑμῖν
1214 4375 1362 4448 ἔχειν
1393 4378 1674 4433 καὶτοῦτο
1700 4378 1868 4448 δοκεῖ,

248 4460 403 4515 ἔστω
420 4462 513 4534 δὴ,
530 4463 792 4538 πείθομαι
813 4468 996 4539 τυχὸν,
1021 4473 1311 4525 κατανεύω
1335 4471 1435 4525 σὺν
1460 4471 1611 4542 ὑμῖν,
1637 4471 1876 4544 ἀποστή-

251 4567 426 4622 σομαι
474 4553 544 4609 δι’
603 4555 748 4629 ὑμᾶς
794 4558 891 4611 καὶ
933 4561 1034 4631 τῆς
1076 4559 1326 4615 Ἰωάννου
1378 4559 1602 4631 φωνῆς,
1648 4560 1745 4615 καὶ
1773 4560 1873 4633 τὴν

1972 3362 2251 3435 perhibuit
2288 3360 2504 3417 veritati
2526 3361 2595 3431 ⁸⁸,
2628 3360 2758 3416 licet
2780 3374 2811 3415 a
2836 3358 2998 3416 vobis
3018 3359 3397 3431 interrogatus
3434 3356 3564 3413 bea-

1972 3462 2065 3511 tus
2099 3452 2381 3525 Baptista;
2422 3450 2520 3509 sed
2544 3452 2675 3525 quia
2708 3448 2845 3506 nihil
2890 3448 3222 3505 intentatum
3258 3447 3412 3504 vobis
3453 3459 3563 3517 est,

1971 3555 2028 3604 et
2052 3549 2108 3603 in
2134 3561 2299 3603 omne
2326 3560 2500 3618 genus
2537 3544 2774 3600 convicii
2801 3556 2966 3599 ruere
2995 3539 3184 3598 soletis
3202 3583 3217 3608 ,
3246 3540 3396 3597 illius
3425 3555 3565 3612 quo-

1973 3654 2085 3711 que
2104 3653 2322 3703 vocem,
2355 3645 2414 3692 ut
2440 3637 2725 3709 probabile
2752 3645 2838 3693 est
2854 3635 3149 3707 rejecistis.
3174 3633 3283 3690 Sed
3305 3634 3565 3707 quoniam

1971 3738 2185 3787 rectum
2206 3730 2351 3786 istud
2378 3744 2503 3786 esse
2535 3743 2756 3801 quoque
2784 3727 3014 3798 putatis.
3040 3734 3161 3783 esto
3188 3736 3371 3781 certe:
3397 3739 3567 3797 pareo

1971 3823 2190 3886 lubens,
2225 3836 2412 3878 annuo
2440 3822 2749 3884 vobiscum.
2791 3817 3026 3875 lamnis
3066 3831 3254 3874 vocem
3299 3817 3354 3873 in
3390 3816 3566 3872 vestri

1973 3914 2209 3986 gratiam
2246 3913 2515 3986 rejieiam,
2543 3920 2599 3967 et
2650 3912 2800 3969 illius
2843 3910 3221 3969 testimonium
3274 3908 3566 3965 vobiscum

1972 4004 2296 4077 repudiabo.
2342 4002 2535 4061 Habeo
2562 4016 2864 4073 supernum
2899 4008 3116 4066 testem,
3149 3997 3366 4054 Patrem
3395 3998 3566 4054 nimi-

1974 4111 2118 4150 rum.
2149 4094 2368 4149 Rursus
2396 4100 2580 4148 atatem
2604 4092 2905 4148 ostendens
2936 4092 3197 4148 assentiri
3232 4104 3292 4145 se
3326 4104 3394 4144 ex
3421 4103 3564 4144 con-

1972 4186 2204 4250 ditione,
2240 4186 2451 4240 utiliter
2494 4182 2778 4254 subiungit
2815 4198 2832 4237 :
2863 4180 2970 4237 Sed
3003 4182 3121 4237 haec
3151 4180 3311 4247 dico,
3365 4187 3426 4234 ut
3463 4195 3567 4239 vos

1973 4280 2115 4337 salvi
2142 4278 2286 4345 sitis,
2322 4277 2375 4332 id
2406 4285 2511 4342 est,
2539 4275 2856 4333 istiusmodi
2882 4274 3050 4330 verba
3080 4275 3146 4330 ad
3172 4288 3271 4330 vos
3300 4270 3430 4337 feci,
3455 4285 3565 4326 non

1974 4370 2122 4444 quod
2162 4371 2237 4427 ita
2265 4385 2326 4426 se
2357 4370 2561 4427 veritas
2584 4368 2829 4447 ihabeat,
2864 4367 2962 4425 sed
2989 4383 3058 4424 ex
3120 4366 3463 4429 conditione,
3507 4372 3569 4419 ut

1975 4463 2365 4520 vosnimirum
2395 4461 2546 4517 omni
2599 4461 2816 4516 ratione
2869 4460 3009 4516 salvi
3066 4459 3214 4516 sitis.
3269 4459 3574 4531 Atquohic

1977 4565 2128 4613 certe
2161 4553 2390 4612 secundi
2426 4554 2555 4609 libri
2584 4552 2746 4608 nobis
2775 4551 2901 4609 ilnis
2931 4553 3059 4609 erit.

245 4665 474 4720 ἐκείνου
526 4668 838 4740 μαρτυρίαν
869 4670 987 4742 μεθ’
1018 4670 1174 4742 ὑμῶν
1202 4670 1662 4744 παραγράψομαι.
1706 4672 1858 4744 Ἔχω
1894 4672 1988 4727 τὸν
2014 4669 2222 4727 ἄνωθεν
2248 4666 2640 4742 μαρτυροῦντα
2658 4666 2902 4738 Πατέρα.
2933 4664 3211 4720 Διδάσκων
3265 4663 3323 4718 δὲ
3384 4662 3572 4724 πάλιν,

245 4760 333 4814 ὅτι
360 4759 672 4814 συναίνεσιν
702 4760 1031 4836 ὑποθετικὴν
1059 4767 1090 4819 ό
1124 4765 1283 4836 λόγος
1314 4765 1516 4831 ὠδίνει,
1550 4764 1858 4838 χρησίμως,
1900 4767 2175 4837 ἐπήνεγκε
2200 4779 2213 4793 ·
2258 4781 2275 4812 ι
2304 4761 2491 4815 Ταῦτα
2538 4758 2595 4814 δὲ
2620 4758 2785 4828 λέγω,
2817 4756 2906 4811 ἵνα
2938 4756 3094 4827 ὑμεῖς
3129 4753 3365 4825 σωθῆτε
3397 4775 3416 4807 ι
3449 4758 3572 4814 ἀντὶ

246 4852 372 4918 τοῦ,
409 4853 555 4918 Τοὺς
579 4854 860 4921 τοιούτους
892 4857 1031 4930 πρὸς
1076 4857 1222 4930 ὑμᾶς
1270 4860 1627 4932 ἐποιησάμηῖ
1659 4859 1873 4928 λόγους,
1912 4859 2014 4929 οὐχ
2041 4857 2217 4920 οὕτως
2279 4853 2514 4925 ἐχούσης
2554 4852 2658 4923 τῆς
2708 4848 2990 4921 ἀληθείας,
3034 4849 3152 4903 ἀλλ’
3209 4847 3571 4917 ὑποθετικῶς,

245 4949 343 5003 ἶνα
396 4947 565 5019 ὑμεῖς
609 4947 701 5002 διὰ
747 4949 953 5015 παντὸς
985 4950 1233 5023 σώζησθε
1266 4950 1497 5023 τρόπου.
1541 4950 1655 5006 Καὶ
1702 4952 1866 5023 μέχρι
1902 4950 1969 5025 δὴ
1997 4950 2192 5005 τούτου
2217 4950 2278 5003 τὸ
2303 4946 2557 5018 δεύτερον
2588 4946 2721 5017 ἡμῖν
2751 4941 2958 5015 βιϐλίον
2983 4943 3267 5015 στήσεται.

323 5123 379 5157 ⁸⁸
419 5123 619 5180 Matth.
657 5138 745 5190 ιιι,
786 5124 843 5184 5.
917 5125 967 5160 ⁸⁸
994 5123 1206 5184 'Ierem.
1247 5142 1404 5195 XLIII,
1436 5127 1493 5183 2.
1572 5126 1619 5160 "
1655 5125 1800 5183 lbid.

1968 5124 2125 5185 Joan.
2154 5142 2239 5193 ιιι,
2275 5126 2327 5179 l.
2412 5120 2462 5157 ⁸³
2499 5119 2662 5179 Ioan.
2696 5137 2739 5190 ι,
2771 5120 2864 5178 ⁵52.
