4052 6500
263 341 378 397 ὄυῐ

1270 346 1341 402 ΙΝ
1387 344 1681 404 JOANNIS
1719 342 2176 405 EVANGELIUM
2217 347 2343 404 LIB.
2388 350 2472 406 lli.

3455 350 3558 407 402

256 456 372 510 ὑπό
410 473 508 510 του
550 456 874 529 λεγόμενον·
912 477 930 512 ι
985 459 1234 530 Ἀγαθῶν
1275 462 1385 533 γὰρ
1425 463 1608 517 πόνων
1651 461 1858 533 καρπὸς

1971 475 2196 518 rursum
2233 467 2438 532 ferecti,
2483 467 2629 524 bono
2668 477 2723 525 et
2757 469 3112 526 misericordi
3145 468 3259 526 Deo
3293 486 3398 528 nos
3454 485 3558 541 gu-

252 547 518 618 εὐκλεής.
561 567 583 602 ι
614 550 754 622 Φέρε
784 551 848 624 δὴ
875 548 972 608 οὖν
999 555 1080 617 είς
1109 552 1371 626 εὔτολμον
1420 554 1584 609 πάλιν
1631 553 1861 609 ἀναϐαίο

250 655 456 704 νοντες
495 642 786 714 φρόνημα,
826 645 902 717 τῷ
960 648 1061 718 μὲν
1105 647 1297 717 ἀγαθῷ
1345 648 1443 702 καὶ
1492 648 1869 720 φιλανθρώπῳ

247 729 380 802 Θεῷ
408 733 478 786 τὰ
505 734 630 789 καθ’
661 739 811 808 ἡμᾶς
835 740 1248 813 οίακοστροφεῖν
1277 742 1666 814 ὲπιτρέπωμεν
1688 756 1702 772 ·
1729 745 1863 797 ἀνα-

247 825 608 892 πετάσαντες
658 831 767 902 γὰρ
822 833 1079 906 καθάπερ
1133 835 1303 888 ίστίον
1351 835 1452 905 τῆς
1508 836 1748 899 διανοίας
1799 835 1862 889 τὸ

244 917 489 982 πλάτος,
520 921 616 974 καὶ
637 923 738 993 τὴν
757 925 852 978 τοῦ
885 926 1205 997 Πνεύματος
1236 929 1400 1002 χάριν
1428 928 1699 997 ὲγκολπού
1710 945 1862 999 μενοι

244 1009 517 1082 καθάπερ
543 1015 608 1067 ὲκ
647 1015 910 1087 πρύμνης
953 1019 1145 1087 οὐρίαν
1175 1020 1318 1092 ἠχὴν
1342 1061 1356 1084 ,
1395 1022 1476 1084 είς
1508 1021 1730 1092 βαθεῖαν
1765 1023 1861 1075 ὲκ-

241 1099 552 1172 τρέχωμεν
602 1103 850 1178 ζήτησιν.
895 1109 1131 1180 Χριστὸς
1168 1110 1278 1180 γάρ
1326 1112 1474 1164 ἐστιν
1519 1113 1549 1165 6
1595 1112 1772 1176 διδοὺς
1803 1115 1862 1167 ἐν

243 1189 507 1263 θαλάσσῃ
548 1194 705 1259 ὁδὸν,
757 1197 853 1251 καὶ
895 1199 954 1252 ἐν
985 1198 1138 1253 ὕδατι
1177 1200 1386 1270 τρίϐον.
1429 1201 1712 1271 Κατέληξε
1763 1204 1862 1272 μὲν

241 1279 349 1337 οὖν
383 1283 450 1337 τὸ
478 1285 736 1359 δεύτερον
773 1291 910 1360 ἡμῖν
958 1290 1184 1361 βιϐλίον,
1222 1293 1283 1346 ἐν
1327 1292 1423 1364 τῷ,
1467 1311 1487 1345 ι
1541 1294 1684 1362 Ἐγὼ
1711 1294 1769 1349 δὲ
1799 1294 1861 1349 οὐ

243 1376 414 1447 παρὰ
438 1377 735 1450 ἀνθρώπου
762 1381 863 1454 τὴν
891 1385 1200 1456 μαρτυρίαν
1225 1385 1509 1456 λαμϐάνω,
1533 1386 1672 1441 ἀλλά
1688 1387 1864 1442 ταῦτα

241 1467 428 1538 λέγω,
465 1471 556 1523 ἵνα
583 1471 743 1542 ὑμεῖς
773 1474 1005 1545 σωθῆτε.
1039 1496 1057 1529 ι
1086 1478 1412 1550 Ἀρξώμεθα
1442 1479 1499 1533 δὲ
1524 1479 1620 1533 τοῦ
1650 1479 1860 1553 τρίτου,

241 1562 547 1633 στοιχηδὸν
575 1565 1042 1633 ὲπισυνάπτοντες
1066 1570 1135 1624 τὰ
1179 1571 1384 1643 ὲφεξῆς
1424 1574 1553 1645 περὶ
1577 1571 1673 1626 τοῦ
1701 1573 1860 1643 ἁγίου

240 1651 598 1722 Βαπτιστοῦ,
630 1656 884 1727 λέγοντος
916 1660 1010 1715 τοῦ
1044 1663 1287 1734 Χριστοῦ
1309 1681 1326 1697 ο

338 1745 614 1812 Ἐκεῖνος
661 1745 746 1819 ἦν
794 1753 828 1805 δ
865 1753 1100 1822 λύχνος
1141 1757 1174 1809 ό
1219 1756 1538 1826 καιόμενος
1583 1757 1682 1812 καὶ
1725 1755 1863 1828 φαί-

241 1854 398 1891 νων·
440 1839 613 1907 ἡυεῖς
644 1841 716 1894 δὲ
755 1842 1104 1912 ἠθελήσατε
1157 1847 1648 1920 ἁγαλλιασθῆναι
1708 1850 1862 1919 πρὸς

239 1928 416 1998 ὥραν
461 1932 536 1985 ἐν
568 1931 649 1998 τῷ
677 1935 824 2003 φωτὶ
864 1937 1075 1995 αὐτοῦ.

325 2020 529 2093 Λύχνῳ
568 2027 902 2095 παρεικάζει
933 2028 1024 2082 τὸν
1079 2029 1236 2100 ἅγιον
1285 2033 1633 2106 Βαπτιστὴν,
1671 2033 1768 2090 ἅτε
1795 2035 1860 2108 δὴ

248 2113 398 2166 κατά
426 2113 491 2167 τὸ
529 2119 814 2187 προσεῖναι
837 2122 1083 2190 πεφυκὸς
1127 2123 1414 2197 ἀνθρώπῳ
1452 2125 1677 2200 μέτρον,
1725 2144 1864 2200 προ-

245 2206 660 2277 αναλάμψαντα
703 2212 802 2282 μὲν
845 2214 943 2284 τῆς
987 2215 1295 2286 παρουσίας
1337 2218 1536 2283 αὐτοῦ,
1581 2218 1722 2292 πλὴν
1756 2219 1862 2277 οὐκ

247 2297 371 2367 ιδίῳ
405 2300 756 2372 κεχρημένον
783 2305 922 2374 φωτί
948 2320 962 2336 ’
991 2307 1053 2360 οὐ
1089 2307 1199 2380 γὰρ
1231 2307 1362 2362 ἴδιον
1391 2309 1449 2364 ὲν
1481 2309 1560 2380 τῷ
1588 2310 1771 2385 λύχνῳ
1795 2310 1862 2367 τὸ

244 2389 390 2456 φῶς,
421 2389 558 2444 ἀλλ’
589 2391 791 2457 ἔξωθέν
827 2412 889 2449 τε
928 2397 1024 2451 καὶ
1059 2399 1298 2453 ἐπακτὸν
1340 2401 1434 2455 καὶ
1465 2403 1861 2476 προστεθειμέ-

243 2498 366 2534 νον·
405 2482 564 2537 οὕτω
577 2484 624 2538 δ’
648 2485 722 2540 ἂν
745 2486 878 2552 ἴδοις
900 2489 996 2543 καὶ
1027 2490 1120 2545 τὸν
1145 2493 1202 2546 ὲν
1228 2492 1406 2562 ἁγίοις
1432 2495 1587 2566 παρά
1614 2495 1857 2566 Χριστοῦ

245 2574 545 2644 φωτισμὸν
574 2575 633 2630 ὲν
663 2576 964 2648 Πνεύματι.
1000 2581 1095 2634 Διὸ
1124 2582 1187 2652 δὴ
1223 2584 1318 2637 καὶ
1361 2584 1480 2640 λίαν
1512 2588 1858 2659 εὐγνωμονέ-

246 2679 428 2717 στατα
473 2664 572 2719 καὶ
617 2668 944 2737 φρονοῦντες
976 2672 1073 2726 καὶ
1101 2675 1457 2743 πράττοντες,
1497 2679 1652 2733 αὐτοὶ
1683 2679 1750 2734 δι’
1777 2683 1860 2736 ol-

244 2756 406 2820 κείας
440 2757 775 2828 ὁμολογοῦσι
803 2764 1013 2834 φωνῆς·
1055 2785 1074 2819 ι
1117 2768 1239 2822 Ὅτι
1269 2771 1335 2824 ὲκ
1361 2769 1456 2824 τοῦ
1486 2772 1858 2845 πληρώματος

245 2845 416 2937 αὑτοῦ
465 2848 635 2918 ἡμεῖς
679 2850 884 2916 πάντες
923 2855 1216 2927 ἐλάϐομεν.
1257 2877 1276 2911 t
1324 2859 1446 2924 Φῶς
1473 2862 1573 2932 μὲν
1599 2865 1708 2937 γάρ
1738 2867 1856 2921 ἐστι

246 2936 393 2989 κατὰ
433 2937 603 3006 φύσιν
628 2942 658 2995 6
677 2943 998 3016 Μονογενὴς
1020 2988 1035 3012 ,
1087 2947 1185 3004 ἅτε
1209 2950 1274 3024 δὴ
1303 2953 1396 3006 καὶ
1421 2955 1485 3007 ἐκ
1514 2936 1694 3024 φωτὸς
1721 2957 1858 3012 ἀνα-

245 3027 496 3119 λάμψας,
539 3033 643 3103 τῆς
688 3034 784 3088 τοῦ
841 3037 1056 3110 Πατρδς
1098 3041 1290 3106 οὐσίας
1339 3045 1510 3116 φημί·
1545 3048 1764 3119 μετέχει
1795 3049 1856 3104 δὲ

1964 552 2281 611 bernandos
2331 557 2641 615 tradamus.
2675 559 2889 618 Nostra:
2935 562 3138 634 quippe
3172 563 3377 620 mentis
3428 563 3557 617 lati-

1964 646 2212 701 tudinem
2234 663 2334 702 ceu
2364 649 2544 703 velum
2579 652 2944 720 explicantes,
2990 660 3046 709 et
3095 655 3277 726 gratia
3313 653 3556 725 Spiritus

1963 756 2073 796 non
2113 757 2274 799 secus
2303 757 2366 799 ac
2394 759 2423 798 a
2454 760 2616 813 prora
2648 747 2894 802 secundo
2927 757 3093 804 vento
3129 749 3183 804 in
3211 749 3394 805 sinum
3431 765 3560 805 sus-

1963 848 2162 908 cepto,
2238 837 2292 892 in
2353 840 2688 909 profundam
2748 842 3106 912 quaestionem
3167 859 3554 900 excurramus.

1964 929 2221 985 Christus
2250 931 2396 986 enim
2432 939 2517 987 est
2547 932 2641 1002 qui
2689 931 2836 985 viam
2871 932 2926 987 in
2977 932 3124 987 mari
3173 934 3460 1000 ostendit,
3500 941 3558 990 et

1965 1022 2219 1075 semitam
2247 1022 2300 1076 in
2341 1037 2484 1093 aqua
2541 1021 2709 1094 2&8
2758 1022 2908 1077 forti.
2959 1022 3132 1078 Desiit
3181 1023 3370 1094 itaque
3415 1025 3558 1080 liber

1965 1112 2246 1170 secundus
2274 1115 2329 1168 in
2372 1114 2483 1170 illis
2523 1115 2710 1171 verbis
2750 1132 2764 1169 :
2801 1133 2820 1166 ι
2851 1113 2964 1186 Ego
2990 1124 3177 1171 autem
3203 1131 3317 1171 non
3357 1118 3426 1172 ab
3458 1117 3559 1174 ho—

1966 1205 2112 1261 mine
2159 1206 2541 1263 testimonium
2595 1207 2829 1278 accipio,
2893 1207 2989 1263 sed
3020 1207 3138 1263 haec
3171 1208 3297 1264 dico
3344 1216 3405 1264 ut
3458 1224 3558 1266 vos

1965 1297 2104 1352 salvi
2139 1298 2351 1354 sitis".
2387 1317 2406 1350 ι
2432 1299 2839 1370 Aggrediamur
2869 1314 3000 1354 vero
3044 1299 3290 1364 tertium,
3324 1300 3561 1370 conjun-

1964 1396 2157 1460 gentes
2186 1391 2382 1446 ordine
2410 1407 2533 1462 qua:
2580 1398 2900 1463 sequuntur
2932 1390 3001 1447 de
3028 1399 3227 1447 sancto
3284 1391 3558 1464 Baptista,

1964 1479 2184 1536 dicente
2213 1479 2438 1537 Christo
2468 1501 2484 1536 :

2037 1747 2106 1812 ν,
2167 1749 2260 1804 55.
2323 1749 2425 1804 Ille
2489 1758 2607 1805 erat
2669 1750 2884 1808 lucerna
2951 1749 3148 1804 ardens
3215 1757 3267 1803 et
3317 1748 3498 1803 lucens
3536 1762 3558 1801 :

1966 1857 2054 1896 vos
2100 1850 2276 1896 autem
2336 1841 2582 1897 voluistis
2638 1842 2708 1896 ad
2773 1842 2964 1896 horam
3009 1840 3281 1896 exsultare
3330 1840 3386 1894 in
3442 1839 3560 1894 luce

1962 1933 2100 2003 ejus.

2034 2024 2300 2080 Lucerna:
2340 2031 2630 2096 comparat
2684 2032 2942 2080 sanctum
2988 2021 3317 2093 Baptistam,
3353 2021 3560 2093 quippe

1961 2118 2081 2190 qui,
2130 2126 2401 2189 quantum
2455 2117 2512 2172 in
2557 2117 2836 2174 hominem
2875 2115 3076 2171 cadere
3104 2121 3308 2186 potest,
3345 2113 3558 2170 Christi

1961 2209 2221 2266 adventui
2264 2209 2608 2277 praeluserit,
2654 2213 3036 2263 verumtamen
3072 2207 3301 2278 proprio
3349 2205 3561 2260 lumine

1961 2317 2100 2358 usus
2133 2317 2250 2357 non
2272 2313 2400 2358 est:
2436 2315 2547 2356 non
2593 2300 2743 2357 enim
2775 2299 3060 2371 preprium
3100 2306 3186 2355 est
3241 2298 3299 2353 in
3329 2297 3558 2353 lucerna

1961 2395 2184 2457 lumen,
2239 2394 2338 2451 sed
2387 2394 2742 2450 extrinsecus
2795 2392 3052 2459 advenit,
3111 2397 3168 2446 et
3214 2388 3554 2446 asciscitur:

1960 2483 2280 2540 istiusmodi
2304 2498 2528 2554 quoque
2559 2483 2754 2539 videre
2787 2483 2915 2539 licet
2948 2483 3002 2538 in
3034 2481 3244 2537 sanctis
3276 2480 3560 2536 illumina-

1962 2578 2168 2633 tionem
2206 2591 2236 2631 a
2276 2577 2503 2632 Christo
2555 2577 2610 2632 in
2661 2575 2892 2647 Spiritu.
2927 2575 3085 2634 Unde
3112 2575 3218 2646 ipsi
3245 2573 3556 2646 gratissimi

1959 2670 2132 2724 animi
2162 2685 2333 2726 sensu
2379 2669 2559 2740 palam
2613 2667 3126 2740 istud-proﬁtentur
3177 2685 3191 2722 :
3234 2686 3252 2718 ι
3301 2665 3437 2734 Quia
3487 2665 3558 2722 de

1959 2763 2310 2833 plenitudine
2335 2763 2459 2833 ejus
2481 2777 2588 2818 nos
2602 2776 2796 2817 omnes
2816 2760 3138 2831 accepimus
3156 2758 3386 2814 ⁹¹.ιιιιι
3405 2758 3557 2814 enim

1957 2865 2044 2914 est
2079 2856 2383 2913 secundum
2409 2862 2669 2909 naturam
2718 2853 3047 2925 Unigenitus
3067 2891 3082 2916 ,
3127 2853 3334 2924 quippe
3359 2852 3454 2922 qui
3484 2866 3556 2907 ex

1960 2949 2086 3005 luce
2122 2963 2367 3020 quoque,
2393 2947 2577 3004 Patris
2608 2946 2872 3002 nimirum
2901 2945 3172 3001 etlulserit
3195 2945 3508 3002 substantia
3538 2966 3550 3000 :

1957 3044 2080 3115 ejus
2135 3052 2323 3100 autem
2381 3043 2664 3114 particeps
2707 3049 2967 3098 creatura
3025 3052 3133 3106 est,
3191 3048 3247 3096 et
3295 3040 3554 3112 quisquis

245 3118 278 3188 ἡ
308 3119 495 3183 κτίσις
526 3121 721 3176 αὐτοῦ’
762 3125 858 3179 καὶ
895 3128 1006 3181 πᾶν
1035 3128 1092 3182 ετ
1122 3147 1177 3184 τι
1212 3132 1312 3204 τὴν
1341 3133 1435 3187 τοῦ
1467 3118 1848 3205 λογικεύεσθαι

1961 3137 2322 3193 ratiocinandi
2360 3135 2722 3207 sapiendique
2755 3136 2807 3188 vi
2839 3134 3107 3206 praeditus
3140 3141 3249 3201 est,
3281 3148 3379 3189 vas
3415 3148 3558 3204 quo-

246 3213 342 3264 xa‘t
382 3216 611 3282 φρονεῖν
644 3216 914 3286 ἐπάγεται
943 3219 1197 3292 δύναμιν,
1247 3224 1443 3290 σκεῦος
1475 3225 1669 3301 ὥσπερ
1705 3230 1856 3285 ἐστὶν

244 3303 326 3396 είς
375 3304 441 3357 τὸ
494 3304 761 3364 δύνασθαι
823 3311 972 3366 θείου
1019 3316 1360 3388 πληροῦσθαι
1396 3321 1594 3389 φωτὸς,
1654 3324 1856 3396 ἄριστα

241 3393 641 3468 διηρτισμένον
684 3399 792 3454 ὑπὸ
832 3403 928 3456 τοῦ
971 3407 1190 3461 πάντων
1256 3409 1642 3484 ἀριστοτέχνου
1693 3393 1856 3476 Θεοῦ.

242 3487 463 3582 Λύχνος
483 3486 580 3545 οὖν
605 3494 635 3546 6
662 3494 932 3567 μακάριος
955 3497 1234 3574 Βαπτιστή
1245 3520 1290 3568 ς,
1318 3505 1460 3558 κατὰ
1479 3505 1571 3560 τὸν
1597 3507 1699 3579 ἢδη
1724 3526 1858 3582 προ-

240 3580 593 3638 αποδοθέντα
638 3583 821 3654 λόγον.
856 3588 1030 3643 Τοῦτο
1076 3590 1135 3645 δὲ
1165 3592 1343 3662 λέγων
1371 3597 1400 3649 6
1424 3596 1618 3668 Σωτὴρ
1648 3580 1855 3654 οἰκονο-

244 3673 434 3742 μικῶς
487 3674 617 3739 τοὺς
674 3677 939 3750 ἀνοήτους
981 3682 1308 3753 Φαρισαίους
1352 3686 1513 3742 καλεῖ
1551 3689 1690 3761 πρὸς
1725 3691 1859 3746 ὑπό-

242 3782 456 3838 μνησιν
472 3768 575 3839 τῆς
591 3769 686 3823 τοῦ
707 3770 844 3825 Θεοῦ
877 3773 972 3827 καὶ
995 3776 1210 3848 Πατρδς
1245 3781 1429 3850 φωνῆς
1464 3780 1718 3851 λέγοντός
1747 3801 1854 3840 που

238 3860 380 3929 περὶ
412 3859 622 3914 αὐτοῦ’
663 3881 683 3914 ι
721 3863 1028 3937 Ἣτοίμασα
1065 3867 1259 3940 λύχνον
1282 3869 1362 3942 τῷ
1391 3873 1616 3945 Χριστῷ
1653 3893 1778 3946 μου.
1826 3896 1848 3931 ι

237 3948 470 4022 Σφόδρα
516 3951 577 4004 δὲ
625 3953 918 4026 χρησίμως
963 3974 1023 4011 τε
1071 3961 1168 4013 καὶ
1212 3961 1528 4032 ἀναγκαίως
1583 3969 1699 4030 τοῖς
1751 3967 1852 4039 ἤδη

237 4043 684 4115 προειρημένοις
736 4048 933 4118 ἐπάγει
1000 4053 1120 4106 νυνὶ
1185 4054 1255 4108 τά
1303 4055 1533 4110 τοιαῦτα
1591 4059 1848 4130 Χριστός.

251 4133 484 4207 Ἐπειδὴ
522 4136 634 4208 γὰρ
675 4139 861 4193 πᾶσαν
885 4140 1194 4198 ἀποκλείων
1221 4147 1337 4211 τοῖς
1380 4147 1654 4213 Ἰουδαίοις
1681 4151 1854 4223 ἀφορ-

239 4226 355 4299 μὴν
394 4229 706 4296 ἀπειθείας,
744 4234 839 4287 καὶ
871 4237 1214 4307 πανταχόθεν
1260 4240 1462 4306 αὐτοὺς
1507 4244 1853 4300 συνελαύνων

235 4322 321 4384 είς
350 4321 414 4375 τὸ
453 4323 660 4393 χρῆναι
701 4326 1197 4401 πιστεύειν-αὑτῷ,
1246 4336 1519 4388 συναινεῖν
1555 4335 1700 4403 ἔδοξέ
1733 4355 1852 4402 πως

237 4415 322 4477 είς
378 4414 442 4467 τὸ
504 4415 581 4487 μὴ
634 4416 890 4488 δέχεσθαι
940 4419 1042 4491 τὴν
1104 4425 1235 4494 παρ’
1291 4424 1458 4479 αὑτοῦ
1515 4428 1847 4499 μαρτυρίαν,

1958 3228 2254 3285 dammodo
2304 3236 2392 3284 est
2439 3228 2513 3283 ab
2566 3227 2985 3298 sapientissimo
3033 3227 3130 3281 illo
3161 3225 3408 3282 universi
3472 3239 3559 3278 ar-

1958 3319 2209 3375 chitecto
2276 3318 2389 3375 Deo
2438 3318 2709 3389 praeclare
2754 3316 3050 3372 formatum
3096 3325 3158 3371 ut
3192 3314 3380 3370 divina
3431 3314 3556 3370 luce

1958 3408 2176 3480 impleri
2196 3417 2386 3480 queat.
2432 3407 2683 3464 Lucerna
2711 3406 2898 3477 itaque
2928 3413 3014 3461 est
3047 3405 3252 3461 beatus
3279 3403 3552 3474 Baptista,

1958 3512 2021 3559 ut
2053 3504 2167 3573 jam
2205 3503 2360 3574 prius
2393 3501 2603 3557 dictum
2642 3508 2750 3556 est.
2789 3498 2905 3555 Hoc
2932 3505 3118 3554 autem
3154 3496 3390 3552 dicendo
3427 3494 3554 3550 Sal-

1957 3602 2114 3649 vator
2157 3593 2426 3665 singulari
2449 3593 2690 3664 quodam
2725 3590 2964 3647 consilio
2988 3589 3194 3646 stultos
3237 3587 3554 3644 Pharisaaos

1958 3685 2028 3739 ad
2057 3684 2380 3741 memoriam
2416 3691 2644 3739 revocat
2694 3682 2816 3754 eius
2855 3681 3005 3752 quod
3063 3679 3269 3736 alicubi
3305 3678 3454 3734 Deus
3488 3693 3556 3734 ac

1957 3777 2128 3832 Pater
2172 3777 2241 3834 de
2286 3778 2408 3849 ipso
2458 3777 2536 3833 ait
2587 3797 2601 3834 :
2663 3794 2682 3830 ι
2743 3774 2944 3830 Paravi
2997 3773 3280 3829 lucernam
3332 3771 3554 3828 Christo

1957 3871 2167 3926 meo".
2209 3888 2228 3923 ι
2271 3868 2450 3925 Valde
2505 3878 2690 3925 autem
2736 3868 2950 3922 utiliter
3007 3880 3071 3921 ac
3108 3865 3432 3921 necessario
3483 3865 3555 3920 iis

1957 3977 2080 4032 quae
2105 3962 2220 4031 jam
2260 3961 2413 4032 prius
2446 3960 2595 4017 dicta
2627 3968 2760 4015 sunt
2802 3961 2916 4016 llaec
2952 3958 3240 4029 subjungit
3268 3954 3551 4012 Christus.

1955 4053 2093 4108 Nam
2138 4069 2264 4109 cum
2308 4053 2495 4108 visum
2543 4063 2696 4110 esset
2741 4061 2803 4108 ut
2852 4068 3075 4108 omnem
3135 4049 3553 4107 incredulitatis

1955 4148 2306 4203 occasionem
2330 4144 2540 4202 ludatis
2573 4145 2995 4209 intercluderet,
3036 4151 3092 4201 et
3120 4144 3190 4200 ad
3217 4144 3268 4201 ei
3307 4143 3543 4199 creden-

1956 4237 2084 4293 dum
2112 4237 2239 4294 illos
2272 4237 2522 4307 undique
2552 4245 2797 4310 cogeret,
2838 4235 3252 4308 quodammodo
3286 4235 3552 4293 assentiri

1956 4344 2020 4385 ac
2045 4327 2235 4383 dicere
2286 4342 2347 4382 se
2385 4327 2456 4382 ab
2489 4327 2614 4398 ipso
2647 4327 3035 4382 testimoniqu
3084 4341 3196 4382 non
3242 4327 3549 4397 accipere':

1962 4443 1980 4476 ι
2024 4419 2136 4494 Ego
2160 4435 2296 4476 vero
2333 4421 2404 4475 ab
2431 4421 2654 4476 homine
2677 4419 3061 4476 testimonium
3094 4435 3206 4476 non
3241 4419 3496 4490 accipio;
3529 4439 3548 4472 ι

235 4505 436 4560 εἰπών·
471 4525 492 4560 ι
539 4508 682 4578 Ἐγὼ
704 4509 763 4564 δὲ
792 4511 853 4565 οὺ
893 4513 1048 4586 παρά
1084 4513 1376 4587 ἀνθρώπου
1409 4517 1510 4588 τὴν
1542 4521 1850 4592 μαρτυρίαν

1961 4531 2026 4570 ne
2063 4519 2324 4586 putarent
2351 4513 2646 4567 Dominum
2697 4527 2897 4584 reapse
2935 4528 3001 4568 ac
3057 4527 3190 4568 vere
3236 4526 3369 4583 erga
3413 4526 3556 4583 prae-

234 4595 551 4668 λαμϐάνω,
607 4617 627 4652 ι
678 4600 766 4657 ἵνα
802 4603 876 4675 μὴ
907 4604 1115 4660 δοκοῖεν
1159 4605 1331 4672 ὅντως
1374 4626 1434 4662 τε
1479 4611 1576 4664 καὶ
1629 4613 1849 4684 άληθῶς

233 4690 385 4744 οὕτω
429 4691 743 4748 διακεῖσθαι
805 4696 938 4769 περὶ
991 4697 1088 4752 τοῦ
1119 4700 1439 4773 Προδρ6μου
1478 4703 1570 4758 τὸν
1616 4706 1847 4778 Κύριον,

1936 4623 2244 4665 σουτεοινειη
2279 4622 2348 4663 eo
2386 4607 2550 4663 modo
2583 4604 2725 4661 allici
2765 4621 2877 4676 quo
2918 4606 3068 4675 loqui
3101 4605 3420 4668 videbatur,
3449 4605 3558 4658 uti—

1953 4699 2596 4769 literimpraesentiarum
2629 4696 2910 4766 signiﬁcat
2939 4696 3081 4750 nihil
3132 4711 3163 4748 a
3210 4711 3271 4749 se
3303 4695 3455 4764 loqui
3487 4695 3557 4750 de

233 4781 436 4854 ὥσπερ
461 4779 558 4839 οὖν
592 4784 708 4858 ἔχει
746 4787 842 4842 τοῦ
881 4789 1043 4860 λόγου
1073 4791 1136 4846 τὸ
1176 4794 1396 4865 σχῆμα,
1435 4797 1724 4868 χρησίμως
1765 4801 1849 4864 είς

1961 4796 2097 4864 ipso,
2142 4790 2240 4846 sed
2275 4805 2408 4846 voce
2447 4789 2653 4844 Patris.
2696 4788 2934 4842 Putabat
2970 4789 3116 4843 enim
3147 4786 3241 4843 Dei
3275 4801 3341 4842 ac
3371 4786 3554 4842 Patris

233 4873 297 4925 τὺ
325 4875 533 4944 παρὸν,
561 4877 663 4949 οὐχ
693 4879 886 4934 ἑαυτόν
928 4899 981 4935 τι
1019 4882 1250 4952 λέγοντα
1293 4888 1424 4956 περὶ
1452 4887 1645 4951 αὐτοῦ,
1675 4888 1764 4944 διὰ
1789 4891 1847 4944 δὲ

1961 4893 2097 4940 netu
2139 4883 2492 4954 potissimum
2525 4895 2855 4951 persuasum
2888 4879 2957 4933 iri
3010 4894 3109 4934 eos
3141 4877 3553 4949 quieontradi-

233 4963 339 5036 τῆς
365 4965 461 5020 τοῦ
483 4967 698 5040 Πατρὸς
726 4972 912 5044 φωνῆς
932 4975 1180 5046 εἰσφέρει
1213 4976 1510 5048 βοώμενον.
1547 4982 1711 5052 ᾭετο
1737 4984 1847 5054 γὰρ

237 5055 350 5110 δεῖν
374 5058 526 5114 αἰδοῖ
554 5061 794 5132 μάλιστα
839 5069 906 5137 τῇ
959 5067 1096 5140 πρὸς
1131 5067 1266 5123 Θεὸν
1310 5071 1407 5124 καὶ
1451 5072 1707 5146 Πατέρα,
1754 5077 1847 5130 τὸν

237 5150 615 5208 ἀντιτείνοντα
646 5153 941 5224 δυσωπεῖν,
979 5161 1148 5232 ἤγουν
1194 5161 1295 5234 ἤδη
1343 5163 1680 5237 γυμνότερον
1727 5165 1846 5220 θεο-

237 5247 530 5320 μαχοῦντα
553 5248 844 5320 δεικνύειν,
882 5255 960 5320 ὡς
983 5257 1076 5310 καὶ
1109 5259 1295 5322 αὐτοῖς
1323 5261 1436 5322 τοῖς
1466 5257 1561 5312 τοῦ
1587 5257 1724 5312 Θεοῦ
1752 5260 1844 5312 καὶ

231 5341 462 5415 [ἰατρὸς
517 5344 716 5419 ἀνέδην
762 5347 1165 5414 ὑπαντιάζοντα
1222 5351 1422 5421 λόγοις.
1497 5370 1514 5403 ι
1569 5345 1682 5404 Ἦν
1727 5347 1842 5416 οὖν,

228 5437 429 5508 φησὶν,
465 5438 675 5502 ἐκεῖνος
713 5440 743 5493 6
773 5439 988 5511 λύχνος·
1021 5441 1181 5514 ὑμεῖς
1221 5443 1278 5497 δὲ
1317 5443 1624 5516 ἠθελήσατε
1670 5445 1844 5513 ἀγαλ-

227 5525 531 5598 λιασθῆναι
562 5528 703 5598 πρὸς
734 5529 886 5601 ὥραν
915 5533 973 5586 ὲν
1004 5531 1083 5604 τῷ
1109 5535 1248 5602 φωτὶ
1274 5533 1463 5589 αὐτοῦ.
1503 5553 1520 5586 ι
1561 5535 1712 5589 Ἔδει
1737 5536 1845 5606 γὰρ

228 5627 292 5680 οὐ
320 5625 490 5699 μόνον
518 5623 613 5678 τοῦ
631 5623 954 5695 ,πρέποντος
998 5624 1412 5695 ἀποφοιτῶντας
1449 5624 1714 5692 εὐκόλως,
1754 5628 1849 5680 καὶ

1953 4984 2166 5040 cerent,
2224 4982 2320 5028 aut
2361 4981 2518 5027 certe
2566 4972 2822 5042 apertius
2873 4970 3098 5026 demum
3149 4970 3432 5043 proditum
3485 4973 3556 5026 iri

1957 5065 2050 5121 Dei
2079 5071 2292 5130 hostes,
2325 5073 2385 5120 ut
2409 5065 2503 5134 qui
2540 5063 2634 5120 Dei
2673 5079 2738 5119 ac
2769 5063 2949 5120 Patris
2983 5064 3344 5120 sermonibus
3372 5066 3556 5137 impu-

1952 5159 2144 5214 denter
2177 5158 2619 5229 rel‘ragarentur.
2659 5175 2677 5209 ι
2735 5154 2866 5212 Erat
2911 5156 3084 5230 249
3113 5157 3300 5231 igitur,
3349 5158 3555 5230 inquit,

1953 5251 2040 5306 ille
2063 5251 2293 5307 lucerna
2323 5270 2338 5305 :
2365 5266 2468 5306 vos
2486 5243 2671 5307 autem
2686 5250 2943 5307 voluistis
2967 5251 3036 5306 ad
3060 5253 3256 5308 horam
3275 5252 3556 5308 exsultare

1955 5345 2010 5399 in
2042 5346 2163 5400 luce
2188 5345 2329 5414 ejus.
2347 5363 2363 5396 ι
2386 5343 2696 5400 Ostendere
2725 5343 2934 5416 quippe
2962 5343 3196 5400 decebat
3225 5359 3336 5398 non
3369 5343 3553 5398 solum

1954 5453 1982 5491 a
2014 5437 2149 5492 recti
2187 5436 2375 5491 studio
2432 5434 2747 5491 Pharisaeos
2803 5436 2968 5492 facile
3021 5437 3299 5499 deerrare,
3335 5439 3391 5487 et
3440 5447 3555 5503 prae

1954 5530 2122 5587 multa
2172 5529 2456 5600 impietate
2500 5529 2630 5586 lldei.
2661 5530 3005 5586 voluntatem
3027 5537 3308 5589 excutere,
3340 5525 3440 5581 sed
3494 5531 3553 5578 et

1958 5639 2053 5681 eos
2086 5623 2231 5680 leves
2275 5638 2338 5679 ac
2383 5622 2704 5680 fastidiosos
2740 5638 2883 5690 esse,
2917 5637 3019 5678 nec
3052 5620 3330 5676 ullatenus
3362 5617 3554 5675 studio

298 5800 346 5830 ⁹⁰
390 5801 556 5859 Joan.
591 5821 643 5870 ν,
679 5802 767 5859 54.
849 5805 889 5837 ⁹¹
931 5803 1091 5862 Joan.
1128 5820 1166 5872 ι,
1206 5807 1290 5862 16.
1369 5808 1412 5839 ’³
1454 5805 1602 5864 ιιδυι.
1641 5823 1842 5874 cxxxt,
1886 5808 1972 5863 i7.
