4052 6496
282 328 398 386 8οὸ

1293 330 1359 386 IN
1394 329 1684 387 JOANNIS
1721 329 2175 388 EVANGELIUM
2214 333 2344 389 LIB.
2389 334 2472 389 Ili.

3477 332 3581 390 406

276 441 378 494 τόν
409 458 470 495 τε
500 441 709 512 Ἀαρὼν
733 441 824 497 τὸν
857 439 1085 512 ἀδελφόν
1110 459 1226 508 σου,
1260 443 1353 498 καὶ
1384 445 1508 508 τοὺς
1539 445 1688 509 υἱοὺς
1713 444 1877 498 αὐτοῦ

1985 451 2157 512 tra-ns,
2187 446 2379 513 nutrit,
2416 452 2729 511 conservat,
2782 452 2836 502 et
2893 451 3082 517 auget,
3126 461 3235 502 non
3289 460 3452 502 secus
3514 459 3579 500 ac

277 535 350 586 ἐκ
384 534 498 588 τῶν
545 533 682 588 υῑῶν
727 535 945 606 Ἰσραὴλ
987 534 1290 607 ἱερατεύειν
1323 553 1436 607 μοι.
1490 556 1508 588 ι
1549 537 1624 590 Τὸ
1654 537 1753 608 μὲν
1790 533 1882 590 οὖν

273 624 434 678 Θεῖον
464 624 648 695 λόγιον
689 627 748 679 ὲν
795 626 1008 691 τούτοις
1054 628 1188 698 ἡμῖν
1225 628 1436 682 ἑστάτω
1461 670 1474 693 ,
1517 630 1798 701 χωρητέον
1826 630 1884 682 δὲ

272 715 386 786 ἤδη
443 717 582 788 πρὸς
638 717 740 788 τὴν
795 716 1155 789 ἐνδεχομένην
1213 720 1516 788 σαφήνειαν
1568 719 1757 773 αὐτοῦ.
1811 721 1884 773 Τὸ

271 810 470 865 ἔλαιον
506 811 569 865 τὸ
599 812 838 882 ἄτρυγὸν
867 829 928 866 τε
963 813 1059 865 καὶ
1087 812 1346 884 καθαρὸν,
1378 813 1554 867 ἔοικεν
1582 813 1884 883 ὑποδηλοῦν

271 906 383 976 τὴν
409 903 816 976 καθαρωτάτην
847 906 942 960 καὶ
963 903 1231 958 ἀθόλωτον
1249 905 1344 958 τοῦ
1371 905 1534 970 ἁγίου
1563 906 1883 977 Πνεύματος

270 995 475 1065 φύσιν,
493 996 619 1067 ἥτις
645 995 704 1048 ὲν
731 996 864 1067 ἡμῖν
889 993 1070 1048 ἐλαίου
1099 992 1257 1064 δίκην
1282 993 1658 1065 ἁπερινοήτως
1679 993 1885 1063 εἱστρέ-

269 1103 464 1158 χουσα
497 1086 822 1160 ἀποτρέψει,
852 1086 947 1139 καὶ
981 1084 1195 1156 συνέχει
1225 1085 1318 1138 καὶ
1345 1083 1499 1152 αὔξει
1525 1083 1616 1138 τὸν
1650 1085 1710 1138 ἐν
1736 1084 1880 1155 ψυχῇ

267 1180 594 1250 φωτισμὸν,
626 1179 882 1249 καθάπερ
910 1179 968 1231 ὲν
997 1176 1176 1248 λύχνῳ
1204 1177 1480 1247 κείμενον.
1515 1175 1673 1230 Οὕτω
1699 1175 1754 1229 δὲ
1789 1177 1883 1230 καὶ

266 1273 369 1328 τὸν
427 1271 719 1326 Θεσπέσιον
775 1270 1094 1342 Βαπτιστὴν
1151 1272 1252 1342 τῆς
1306 1270 1436 1343 περὶ
1487 1270 1579 1324 τοῦ
1629 1270 1883 1341 Σωτῆρος

267 1365 444 1435 ἡμῶν
475 1363 792 1437 μαρτυρίας
817 1364 879 1417 τὸ
913 1362 1030 1440 ςρῶς
1063 1362 1344 1434 ἐκλάμψαι
1393 1363 1745 1434 πιστεύομεν,
1783 1364 1883 1416 οὐκ

266 1458 557 1531 ἑτέρωθεν
585 1458 688 1530 τὴν
711 1457 807 1512 τοῦ
833 1456 1097 1510 δύνασθαι
1130 1459 1490 1526 φωαγωγείν
1510 1455 1882 1525 κομισάμενον

263 1557 540 1626 δύναμιν,
570 1553 602 1624 ἢ
632 1551 722 1606 διὰ
740 1550 836 1605 τοῦ
860 1549 1042 1604 ἐλαίου
1068 1549 1164 1603 τοῦ
1193 1548 1409 1622 νοητοῦ,
1438 1548 1681 1612 δυνατῶς
1704 1565 1764 1601 τε
1786 1549 1880 1601 καὶ

266 1645 615 1718 ἐπιτηδείως
659 1643 876 1714 ἔχοντος
930 1642 1012 1705 είς
1048 1639 1111 1693 τὸ
1153 1638 1273 1709 φῶς
1311 1639 1514 1693 καῦσαι
1561 1638 1622 1692 τὸ
1655 1637 1798 1692 θεῖον
1824 1641 1881 1690 ὲν

267 1743 438 1812 ἡμῖν,
470 1739 500 1793 6
523 1738 592 1809 δὴ
623 1737 719 1791 καὶ
743 1734 905 1798 αὐτὸς
934 1737 962 1789 6
991 1731 1184 1804 Σωτὴρ
1237 1730 1314 1794 ὡς
1348 1732 1407 1784 ὲν
1435 1730 1722 1802 αἰνίγματι
1748 1747 1881 1784 κατ-

269 1800 498 1902 εμήνυε
528 1800 728 1898 λέγων’
767 1847 788 1879 ι
809 1827 938 1899 ’Πῦρ
961 1800 1332 1897 ἦλθοννβαλεῖν
1361 1824 1455 1876 ἐπὶ
1497 1800 1602 1894 τὴν.
1627 1823 1756 1895 γῆν,
1789 1824 1884 1877 καὶ
1917 1800 1956 1856 Β

267 1924 326 1978 τί
369 1924 520 1978 θέλω
558 1925 608 1976 εί
645 1921 747 1994 ἥδη
780 1919 1036 1992 ἀνήφθη;
1079 1938 1096 1970 ι
1147 1915 1354 1988 Λύχνος
1392 1911 1486 1970 οῦν
1515 1915 1592 1980 ὡς
1623 1915 1682 1968 ὲν
1726 1913 1883 1985 τύπῳ

273 2019 446 2073 πάλιν
484 2019 514 2071 6
551 2016 884 2086 καιόμενος,
937 2013 1032 2066 καὶ
1081 2011 1290 2081 φαίνων
1334 2009 1422 2064 διὰ
1467 2008 1669 2074 παντὸς
1720 2010 1779 2062 ὲν
1810 2011 1880 2079 τῇ

275 2115 454 2184 σκηνῇ
487 2110 586 2165 τοῦ
622 2107 924 2180 μαρτυρίου
952 2107 981 2161 6
1018 2104 1288 2176 μακάριος
1318 2099 1387 2174 ἦν
1409 2102 1739 2173 Βαπτιστής.
1772 2101 1883 2156 Καὶ

268 2205 332 2260 τὸ
377 2205 485 2276 μὲν
517 2206 580 2258 ὲν
614 2184 788 2273 σκηνῇ
824 2199 920 2253 τοῦ
953 2198 1254 2270 μαρτυρίου
1291 2195 1505 2266 φαίνειν
1545 2195 1744 2259 αὐτὸν,
1783 2211 1883 2266 ση-

269 2296 469 2368 μαίνει
511 2291 614 2348 καὶ
657 2291 862 2356 καλῶς,
892 2291 975 2344 ὅτι
1008 2289 1197 2352 δεκτὸς
1232 2289 1290 2341 ὲν
1322 2286 1645 2358 ἐκκλησίαις
1673 2287 1701 2339 6
1745 2285 1879 2358 παρ’

265 2389 441 2446 αὐτοῦ
469 2385 787 2458 φωτισμὸς,
829 2383 922 2438 καὶ
956 2385 1058 2436 οὐκ
1087 2380 1194 2447 ἔξω
1227 2381 1470 2436 κείσεται
1503 2379 1604 2450 τῆς
1639 2381 1790 2450 ίερᾶς
1818 2395 1880 2433 τε

266 2483 364 2538 καὶ
399 2480 563 2543 θείας
600 2477 697 2531 τοῦ
738 2477 994 2547 Σωτῆρος
1041 2473 1234 2544 αὐλῆς.
1284 2472 1359 2527 Τό
1386 2489 1451 2543 γε
1496 2473 1602 2544 μὴν
1650 2471 1756 2538 ἔξω
1782 2470 1878 2526 τοῦ

266 2572 778 2641 καταπετάσματος
814 2567 1047 2641 ὁρᾶσθαι
1087 2566 1182 2620 τὸν
1215 2566 1428 2636 λύχνον,
1465 2565 1645 2619 ἔοικεν
1675 2566 1880 2634 ὑποδη-

264 2663 419 2728 λοῦν,
443 2663 534 2717 ὅτι
557 2661 652 2716 τὸν
673 2659 1047 2730 ἁπλούστερόν
1066 2675 1126 2713 τε
1152 2658 1248 2712 καί⁵
1263 2657 1628 2728 εἰσαγωγικδν
1651 2657 1878 2711 εἰσοίσει

267 2755 599 2829 φωτισμὸν,
667 2773 686 2808 ι
741 2755 1073 2809 Μετανοεῖτε
1099 2793 1113 2816 ,
1159 2753 1335 2822 λέγων
1361 2769 1376 2785 ο
1422 2753 1624 2824 ἦγγικε
1672 2753 1782 2824 γὰρ
1845 2754 1877 2825 ή

268 2850 530 2923 βασιλεία
555 2847 668 2902 τῶν
693 2847 964 2919 οὐρανῶν.
995 2837 1027 2898 ἰ
1060 2845 1184 2899 Τῶν
1208 2845 1269 2898 δὲ
1302 2844 1412 2898 ἔσω
1430 2837 1526 2898 τοῦ
1556 2846 1877 2898 καταπετά-

267 2959 485 3016 σματος
509 2938 1052 3010 άποκεκρυμμὲνων,
1073 2936 1276 3008 δηλαδὴ
1298 2935 1394 2990 τοῦ
1435 2936 1691 3008 Σωτῆρος
1716 2937 1877 3008 ήμῶν

268 3035 637 3107 μυστηρίων,
689 3031 841 3086 οὐδὲν
893 3031 1032 3093 ὅλως
1093 3029 1443 3084 ἐπιδεικνύει.
1479 3029 1555 3084 Oti
1599 3031 1710 3101 γάρ
1747 3029 1877 3084 ἐϐά-

265 3145 472 3182 πτισεν
529 3128 616 3191 είς
658 3123 953 3196 μετουσίαν
1005 3122 1161 3192 ἁγίου
1192 3122 1547 3194 Πνεύματος,
1597 3123 1722 3178 οὐδὲ
1755 3124 1872 3178 εῑσ-
1902 3147 1946 3206 c

263 3220 510 3288 ήνεγκεν
564 3218 596 3269 6
649 3214 780 3285 παρ’
832 3212 998 3267 αὐτοῦ
1055 3213 1338 3282 φωτισμὺς
1389 3216 1469 3277 εἰς
1519 3214 1592 3267 τὸ-
1619 3213 1728 3268 ἔσω
1777 3213 1875 3269 τοῦ

263 3307 796 3379 καταπετάσματος.
848 3300 959 3361 Ἶίν
1012 3305 1124 3375 γὰρ
1169 3307 1262 3359 ἐπὶ
1322 3305 1424 3377 τῆς
1481 3305 1587 3372 ἔξω
1645 3307 1873 3378 σκηνῆςε

266 3421 290 3456 ι
348 3402 456 3473 τῆς
511 3398 752 3472 ἐχούσης
807 3397 890 3453 ἔτι
927 3398 1028 3470 τὴν
1089 3399 1300 3466 στάσιν,
1358 3418 1377 3452 ι
1427 3399 1572 3454 κατὰ
1622 3399 1724 3471 τὴν
1781 3399 1876 3454 τοῦ

261 3492 494 3548 Παύλου
535 3492 748 3564 φωνήν.
814 3489 1036 3562 Ἐπειδὴ
1083 3490 1140 3544 δέ
1183 3507 1383 3562 φησιν,
1431 3492 1514 3544 ὅτι
1551 3509 1571 3542 ι
1612 3492 1706 3546 καὶ
1735 3491 1875 3545 καύ-

260 3605 352 3643 σει
385 3587 556 3642 αὐτὸν
601 3583 836 3657 Ἀαρὼν,
865 3585 962 3638 καὶ
983 3584 1092 3639 υἱοὶ
1127 3583 1319 3648 αὐτοῦ,
1356 3584 1468 3638 ἀπὸ
1496 3585 1741 3654 ἑσπέρας
1769 3585 1879 3650 ἕως

258 3679 416 3752 πρωῒ
462 3677 710 3734 ἐναντίον
748 3677 983 3749 Κυρίου,
1016 3677 1250 3749 νόμιμον
1279 3677 1498 3732 αἰώνιον
1535 3680 1614 3742 εἰς
1652 3679 1750 3743 τὰς
1780 3696 1876 3748 γε-

258 3771 398 3835 νεὰς
424 3768 606 3840 ὑμῶν,
638 3790 656 3820 ο
692 3767 920 3823 τοιῶσδε
963 3768 1126 3823 πάλιν
1166 3769 1357 3839 νοῆσαι
1389 3770 1693 3841 προσήκειν
1721 3771 1877 3842 οἶμαι

257 3867 326 3922 τὸ
358 3863 678 3938 είρημένον.
711 3861 926 3934 Ἀαρὼν
956 3863 1049 3917 καὶ
1081 3865 1130 3916 oi
1163 3862 1270 3917 uiol
1299 3862 1491 3928 αὐτοῦ,
1521 3864 1644 3928 τοὺς
1670 3865 1729 3919 ὲν
1755 3869 1878 3932 ταῖς

256 3959 598 4034 ἐκκλησίαις
641 3956 787 4011 κατὰ
832 3957 1024 4028 καιρὸν
1089 3956 1511 4028 ίερουργοῦντας
1563 3957 1877 4030 ὑποσημαί-

257 4068 442 4117 νουσι,
469 4049 724 4105 τουτέστι
751 4048 878 4112 τοὺς
906 4049 965 4101 ὲν
994 4047 1186 4111 αὐταῖς
1217 4047 1598 4113 διδασκάλους,
1633 4049 1730 4103 καὶ
1767 4047 1878 4104 τῶν

256 4145 435 4200 θείων
466 4141 875 4214 θυσιαστηρίων
920 4138 1269 4211 λειτουργούς
1305 4157 1318 4172 ο
1347 4133 1494 4194 οῦτοι
1553 4141 1646 4196 τὸν
1685 4142 1877 4214 λύχνον

257 4239 355 4291 τὸν
406 4235 635 4306 νοητὸν,
661 4234 912 4288 τουτέστι
949 4233 1043 4286 τὸν
1087 4231 1342 4304 Ἰωάννην
1385 4233 1473 4288 ἀεὶ
1502 4233 1877 4304 διαλάμποντα

257 4332 456 4403 τηρεῖν
492 4329 898 4384 ὲπιτάττονται’
925 4327 1081 4383 τοῦτο
1108 4329 1218 4398 γάρ
1252 4327 1368 4381 ἐστι
1395 4325 1479 4394 τὸ,
1510 4346 1529 4378 ι
1559 4327 1874 4382 Καύσουσιν

256 4422 433 4476 αὐτὸν
500 4421 611 4474 άπὸ
668 4421 907 4491 ἑσπέρας
955 4420 1060 4484 ἕως
1120 4421 1288 4491 πρωῒ.
1331 4439 1350 4473 ι
1394 4422 1453 4474 '0
1491 4420 1600 4492 γὰρ
1650 4421 1875 4492 σύμπας

1985 539 2167 592 oleum
2207 539 2264 592 in
2291 539 2519 593 lucerna
2552 539 2819 608 positum,
2853 537 3325 593 illuminationem
3364 538 3418 592 in
3450 539 3573 593 ani-

1986 644 2094 684 ma.
2130 629 2222 686 Sic
2259 638 2443 685 autem
2475 629 2724 685 divinum
2785 629 3088 700 Baptistam
3147 631 3451 686 testimonii
3506 630 3576 686 de

1987 721 2275 778 Salvatore
2327 731 2520 779 nostro
2551 722 2730 778 lucem
2760 723 3003 779 eluxisse
3043 722 3344 788 credimus,
3371 732 3430 778 ut
3461 738 3574 779 non

1985 814 2203 870 aliunde
2230 814 2582 870 illuminandi
2619 815 2730 869 vim
2761 816 3094 885 susceperit,
3129 823 3222 870 aut
3252 831 3347 888 per
3384 816 3569 872 oleum

1986 907 2118 962 illud
2153 907 2499 978 intelligibile
2539 909 2721 978 possit
2755 907 2810 962 in
2835 907 2998 963 nobis
3042 908 3228 964 lumen
3294 908 3430 964 illud
3481 923 3572 964 ac-

1984 999 2406 1070 cendere,quod
2447 999 2710 1056 Salvator
2747 1001 2865 1070 ipse
2919 1002 3262 1072 a-nigmatice
3293 1001 3574 1072 signiﬁca-

1987 1089 2079 1144 bat
2111 1090 2198 1146 bis
2221 1089 2410 1146 verbis
2447 1109 2460 1146 :
2498 1110 2517 1144 ‹
2557 1091 2744 1162 Ignem
2809 1091 2934 1146 veni
2985 1091 3203 1146 mittere
3234 1092 3288 1146 in
3343 1100 3572 1156 terram,

1983 1189 2038 1235 et
2061 1181 2193 1250 quid
2214 1182 2338 1238 volo
2367 1181 2476 1238 nisi
2500 1191 2560 1237 ut
2585 1182 2872 1237 ardeat”?
2896 1202 2916 1234 υ
2946 1179 3197 1237 Lucerna
3215 1196 3346 1252 ergo
3380 1187 3576 1237 rursus

1985 1272 2078 1328 illa
2097 1272 2302 1330 ardens
2351 1288 2418 1328 ac
2458 1273 2653 1330 lucens
2683 1273 2896 1344 ing-iter
2915 1274 2972 1328 in
3023 1272 3387 1328 tabernaculo
3420 1272 3577 1328 testi-

1987 1367 2160 1422 monii
2181 1375 2303 1423 erat
2321 1369 2516 1424 beatus
2548 1365 2818 1437 Baptista.
2836 1364 2901 1420 Et
2927 1365 3152 1436 quidem
3179 1363 3327 1436 quod
3351 1365 3469 1435 ipsa
3491 1365 3575 1419 lu-

1987 1469 2080 1514 cet
2114 1460 2168 1514 in
2202 1460 2564 1516 tabernaculo
2581 1459 2914 1524 testimonii,
2941 1465 3092 1515 recte
3121 1473 3343 1529 quoq-ue
3367 1457 3579 1529 signiti-

1985 1560 2078 1606 cat
2095 1561 2378 1624 receptam
2403 1565 2528 1607 esse
2545 1551 2601 1606 in
2637 1549 2892 1606 ecclesiis
2925 1549 3049 1620 ejus
3083 1549 3576 1612 illuminationem,

1987 1659 2089 1700 nec
2110 1653 2266 1700 extra
2295 1658 2515 1700 sacram
2553 1651 2608 1698 et
2628 1641 2872 1698 divinam
2897 1640 3204 1697 Salvaturis
3225 1642 3408 1696 aulam
3436 1641 3580 1710 posi-

1986 1740 2101 1788 tum
2120 1733 2212 1789 iri.
2228 1731 2383 1801 Quod
2405 1743 2588 1789 tamen
2607 1732 2836 1788 lucerna
2853 1740 3009 1788 extra
3023 1731 3202 1787 velum
3226 1739 3518 1788 cerneretu
3529 1746 3575 1797 r,

1985 1823 2307 1895 signiﬁcare
2344 1824 2561 1882 videtur
2607 1824 3002 1894 simpliciorem
3029 1831 3085 1881 et
3119 1823 3574 1895 praeparatoriam

1984 1920 2283 1976 allaturum
2325 1933 2450 1976 esse
2481 1918 2978 1984 illuminationem,
3019 1918 3260 1974 dicendo
3290 1937 3302 1974 :
3333 1937 3352 1971 ι
3393 1917 3579 1974 1⁵ωηὶ-

1986 2011 2214 2066 tentiam
2245 2011 2428 2084 agite:
2459 2008 3090 2082 appropinquavitenim
3124 2022 3358 2078 regnum
3394 2008 3571 2062 cmlo-

1986 2117 2108 2158 rum
2127 2102 2196 2160 ".
2225 2121 2244 2155 ι
2287 2101 2396 2159 Sed
2422 2117 2618 2159 eorum
2653 2117 2778 2173 quae
2807 2110 2936 2158 sum
2959 2103 3106 2156 intra
3137 2102 3316 2155 velum
3343 2100 3582 2155 abscon-

1984 2196 2123 2264 dita,
2154 2197 2546 2270 mysteriorum
2579 2195 2788 2252 Christi
2825 2195 3116 2260 nimirum,
3161 2195 3375 2249 nullum
3415 2194 3578 2265 plane

1983 2287 2251 2344 ostendit.
2302 2286 2422 2343 Non
2479 2288 2631 2344 enim
2667 2287 2970 2359 baptizavit
2993 2287 3048 2341 in
3099 2285 3577 2357 participationem

1984 2381 2162 2436 sancti
2190 2379 2436 2452 Spiritus
2460 2421 2475 2446 ,
2498 2395 2600 2435 nec
2623 2381 2750 2450 ejus
2780 2381 3118 2436 illuminut‘io
3149 2381 3205 2435 in
3235 2381 3577 2437 tabernaculi

1983 2470 2249 2525 interiora
2302 2470 2512 2526 intulit.
2545 2469 2676 2528 Erat
2722 2472 2870 2526 enim
2923 2472 2976 2526 in
3004 2471 3268 2527 exteriori
3322 2473 3580 2527 taberna-

1981 2562 2149 2627 culo,
2203 2577 2224 2614 ι
2281 2560 2432 2632 quod
2486 2567 2694 2617 statum
2744 2561 2944 2616 adhuc"
3004 2561 3321 2629 habebat",
3363 2582 3381 2614 ι
3419 2561 3577 2632 juxta

1981 2654 2138 2711 Pauli
2175 2655 2409 2711 dictum.
2465 2653 2626 2720 Quod
2679 2664 2865 2710 autem
2910 2654 3048 2711 dicit
3106 2673 3120 2709 :
3182 2673 3200 2706 ι
3270 2654 3337 2709 Et
3381 2670 3578 2709 accen-

1981 2747 2074 2803 det
2123 2759 2256 2801 eam‘
2299 2745 2510 2811 Aaron,
2561 2750 2618 2798 et
2674 2743 2776 2798 illii-
2828 2743 2971 2815 ejus,
3031 2759 3067 2798 a
3109 2758 3343 2814 vespera
3401 2757 3581 2813 usque

1980 2835 2140 2906 εει
2169 2835 2237 2889 ad
2267 2849 2428 2889 mane
2448 2875 2464 2901 ,
2493 2845 2680 2888 coram
2721 2833 2981 2899 Domino;
3016 2833 3326 2903 legitimum
3371 2832 3581 2901 sempi—

1980 2935 2201 2983 ternum
2230 2925 2286 2980 in
2329 2925 2621 2995 progenies
2647 2933 2904 2990 vestras,
2945 2943 2970 2976 δ
3011 2925 3120 2979 hoe
3161 2924 3328 2978 modo
3382 2938 3580 2979 rursus

1979 3019 2394 3091 intelligendum
2428 3026 2584 3088 puto.
2617 3017 2806 3071 Aaron
2857 3023 2911 3072 et
2946 3016 3045 3072 lilii
3107 3017 3238 3087 ejus
3264 3014 3580 3085 signiﬁcant

1980 3128 2076 3169 eos
2121 3112 2216 3183 qui
2248 3125 2410 3167 sacro
2439 3125 2667 3166 munere
2697 3110 3003 3180 funguntur
3042 3109 3098 3164 in
3136 3108 3394 3165 ecclesiis
3417 3149 3432 3173 ,
3474 3108 3580 3163 hoc

1980 3214 2088 3274 est,
2111 3205 2369 3261 doctores
2399 3211 2456 3263 et
2488 3203 2805 3258 divinorum
2831 3201 3234 3258 sacriﬁciorum
3261 3200 3576 3256 ministros.

1981 3297 2050 3352 Hi
2091 3299 2376 3354 lucernam
2415 3294 2822 3368 intelligibilem
2843 3293 3000 3358 ,‘hoc
3030 3301 3116 3348 est
3144 3291 3415 3347 Joannem
3450 3305 3580 3363 per-

1981 3400 2148 3463 petuo
2177 3390 2516 3446 relucentem
2549 3402 2778 3445 servare
2801 3385 3109 3457 jubentur;
3159 3385 3268 3441 hoc
3310 3385 3458 3440 enim
3495 3393 3585 3440 est

1980 3484 2130 3556 quod
2170 3484 2377 3539 dicitur
2419 3498 2432 3533 :
2496 3498 2515 3532 ι
2549 3479 2870 3536 Accendent
2900 3492 3023 3534 eam
3061 3491 3093 3532 a
3125 3491 3362 3548 vespera
3400 3490 3581 3546 usque

1980 3578 2048 3633 ad
2095 3591 2280 3632 niane.
2326 3594 2347 3628 ι
2380 3572 2582 3628 Totum
2627 3571 2774 3628 enim
2819 3579 3040 3641 tempus
3079 3570 3135 3625 in
3181 3583 3294 3640 quo
3345 3567 3584 3624 debebat

1980 3672 2222 3727 lucerna:
2256 3670 2447 3723 lumen
2500 3666 2752 3737 fulgere.
2807 3671 3142 3718 nocturnum
3180 3673 3266 3719 est
3317 3661 3580 3732 spatium,

1979 3780 2089 3836 quo
2110 3761 2400 3835 praesentis
2422 3759 2610 3816 satculi
2629 3755 2974 3828 signiﬁcatur
3006 3755 3382 3810 intervallum.
3417 3754 3586 3810 Lucis

1979 3857 2182 3928 quippe
2212 3856 2436 3910 nomine
2468 3852 2716 3907 futurum
2747 3850 3018 3906 saeculum
3046 3848 3446 3920 intelligimus;
3481 3862 3582 3902 ac-

1979 3950 2234 4006 cenditur
2262 3961 2396 4003 vero
2419 3984 2436 4011 ,
2477 3945 2596 4000 sive
2634 3943 2839 4000 ardens
2871 3944 3099 3998 lucerna
3131 3949 3418 4005 servatur,
3450 3937 3582 3992 dum

1980 4042 2113 4098 facit
2143 4048 2202 4096 ut
2229 4046 2457 4109 accepta
2488 4038 2560 4093 sit
2586 4049 2808 4106 semper
2829 4033 3191 4090 credentibus
3213 4035 3270 4087 in
3296 4032 3582 4088 Christum

1979 4135 2074 4192 illa
2099 4134 2222 4206 ejus
2250 4129 2648 4202 pratlustratio,
2678 4137 2734 4184 et
2756 4141 2884 4183 vero
2907 4125 3024 4182 haec
3050 4125 3118 4180 de
3140 4124 3364 4181 Clu-isto
3391 4123 3581 4178 dicere

1981 4225 2339 4281 sacerdotum
2383 4235 2523 4277 voce
2556 4217 2977 4288 comprobatur.
3030 4214 3102 4270 Ut
3131 4223 3313 4270 autem
3361 4213 3586 4268 doceret

1980 4326 2034 4376 te
2072 4317 2220 4374 Deus
2245 4313 2555 4370 Salvatoris
2574 4310 2950 4383 praeuuntium
2989 4319 3090 4379 per
3119 4308 3264 4362 hanc
3296 4306 3586 4362 lucernam

1980 4410 2323 4484 signiﬁcari,
2358 4409 2690 4466 electionem
2718 4403 3076 4461 sacerdotum
3109 4402 3298 4460 statim
3329 4400 3581 4470 subiicit.

257 4515 461 4589 καιρὸς
495 4515 554 4568 ὲν
585 4505 630 4583 ᾧ
662 4514 909 4592 προσῆκε
950 4512 1014 4566 τὸ
1049 4511 1147 4566 τοῦ
1184 4511 1380 4583 λύχνου
1414 4512 1702 4583 φαίνεσθαι
1729 4513 1868 4583 φῶς,

1982 4504 2151 4562 Porro
2182 4504 2228 4560 si
2254 4510 2429 4560 totam
2463 4499 2666 4571 capitis
2698 4497 2971 4554 rationem
3017 4493 3433 4552 consideratius
3481 4506 3583 4546 ca-

255 4607 320 4660 τὺ
345 4606 530 4677 μῆκός
559 4606 678 4659 ἐστι
705 4605 809 4677 τῆς
841 4604 1056 4668 νυκτὸς,
1082 4603 1150 4658 δι’
1171 4598 1233 4658 οὗ
1276 4604 1599 4676 σημαίνεται
1626 4607 1721 4660 τοῦ
1745 4625 1882 4680 παρη

1991 4597 2250 4670 ponderis
2277 4636 2292 4662 ,
2329 4594 2398 4650 ad
2432 4590 2754 4650 istiusmodi
2785 4589 3316 4660 contemplationem
3349 4600 3463 4642 non
3494 4584 3586 4641 in-

253 4699 419 4762 ὄντος
455 4698 656 4762 αἰῶνος
687 4697 748 4751 τὸ
782 4697 1139 4768 μέτρον.Φῶς
1169 4697 1298 4769 γάρ,
1317 4697 1410 4753 τὸν
1444 4698 1708 4769 μέλλοντα
1729 4677 1880 4755 νοοῦ-

1989 4695 2187 4752 scitam
2231 4695 2291 4745 ut
2313 4703 2438 4743 reor
2477 4683 2767 4741 ascendes.
2802 4681 2936 4738 Post
2958 4680 3369 4737 ordinationem
3403 4677 3589 4734 taber-

259 4811 366 4864 μεν
401 4791 583 4846 αἰῶνα
611 4809 624 4824 ·
663 4792 879 4846 καίεται
911 4808 976 4861 γε
1009 4790 1147 4863 μὴν,
1175 4791 1293 4862 ἦτοι
1339 4791 1595 4865 λαμπρὸς
1625 4797 1654 4848 6
1683 4792 1877 4866 λύχνος

1982 4788 2164 4848 naculi
2195 4784 2437 4857 positum
2480 4786 2566 4834 est
2607 4777 2676 4832 de
2710 4775 2934 4830 lucerna
2967 4779 3302 4844 praeceptum
3324 4808 3340 4834 ,
3371 4779 3428 4824 et
3457 4779 3587 4838 post

256 4885 710 4957 διαφυλάττεται,
743 4885 942 4958 δεκτὴν
963 4886 1052 4941 ἀεὶ
1080 4889 1195 4950 τοῖς
1247 4887 1603 4941 πιστεύουσιν
1628 4891 1709 4953 είς
1744 4891 1878 4960 Χρι-

1977 4883 2118 4942 illud
2165 4876 2357 4936 statim
2405 4868 2758 4928 sacerdotum
2804 4863 3116 4920 nominatio
3157 4870 3215 4918 et
3253 4860 3484 4915 functio.
3526 4861 3586 4914 in

259 4955 390 5033 στὸν
421 4979 527 5050 τὴν
558 4979 648 5032 ἐπ’
678 4979 830 5051 αὐτῷ
866 4955 1155 5050 δαδουχίαν
1185 4979 1532 5050 ποιούμενος,
1557 4981 1654 5034 καὶ
1681 4955 1876 5053 ὅτιπερ

1982 4978 2092 5034 [ine
2119 4963 2328 5046 quippe
2359 4965 2500 5037 legis
2534 4970 2600 5020 ct-
2635 4959 3034 5032 prophetarum
3073 4955 3444 5028 pmcursoris
3480 4969 3587 5021 vox

258 5073 415 5126 ἐστιν
463 5071 678 5144 ἀληθὴς
720 5050 1050 5127 τὰτοιαῦτα
1099 5071 1276 5140 λέγων
1311 5073 1442 5142 περὶ
1483 5073 1745 5144 Χριστοῦ,
1782 5050 1874 5128 διά

1982 5068 2188 5129 effulsit
2220 5066 2276 5120 in
2322 5061 2588 5122 deserto,
2640 5062 2702 5111 ut
2738 5053 3014 5125 scriptum
3063 5059 3190 5116 est,
3237 5050 3584 5106 clamantis:

259 5164 456 5233 φωνῆς
486 5163 599 5219 τῶν
642 5164 789 5218 κατὰ
816 5166 1047 5238 καιροὺς
1077 5164 1268 5236 ἱερέων
1297 5164 1866 5237 ἐπιμαρτυρούμενος,

259 5257 382 5310 Ἰνα
403 5255 464 5308 δέ
494 5271 556 5308 σε
581 5254 771 5328 διδάξῃ
793 5253 950 5320 Θεὸς,
976 5256 1060 5309 ὅτι
1085 5255 1177 5309 διὰ
1201 5254 1394 5308 τούτου
1425 5254 1516 5308 τὸν
1545 5254 1640 5310 τοῦ
1689 5256 1872 5328 Σωτῆ-

255 5369 358 5424 ρος
385 5350 664 5405 ἀνετύπου
716 5348 1062 5421 προάγγελον
1090 5391 1105 5416 ,
1137 5350 1302 5413 εὐθὺς
1354 5350 1716 5405 ὲπισυνάπτει
1771 5351 1872 5423 τὴν

1985 5183 2006 5218 ι
2053 5161 2253 5217 Parate
2292 5155 2444 5212 viam
2487 5148 2754 5213 Domini,
2791 5153 2974 5203 rectas
3020 5142 3190 5198 facite
3224 5143 3452 5198 semitas
3491 5140 3588 5198 Dei

1979 5254 2160 5314 nostri
2187 5251 2235 5286 ’⁸
2262 5268 2278 5319 ;
2321 5267 2340 5301 ι
2382 5253 2508 5319 post
2533 5257 2699 5315 quem
2731 5240 2930 5297 statim
2960 5238 3109 5294 facta
3142 5245 3230 5294 est
3264 5244 3586 5294 sanctorum

1982 5347 2368 5422 apostolorum
2411 5337 2694 5397 ordinatio
2726 5343 2784 5392 et
2819 5333 3098 5391 institutio
3119 5345 3220 5402 per
3255 5329 3570 5422 Ghristum.

247 5416 367 5496 τῶν
401 5416 800 5510 ίερατευόντων
826 5416 1108 5509 tenam.
1149 5438 1424 5511 Ἀναϐήσῃ
1453 5439 1511 5494 δὲ
1537 5440 1724 5505 πάλιν,
1757 5416 1880 5495 ελὸν

1986 5416 2165 5513 Elegit
2195 5438 2346 5496 enim
2373 5433 2642 5492 Christus
2669 5428 2968 5486 duodecim
2991 5469 3006 5494 ,
3037 5438 3191 5496 'quos
3217 5430 3272 5478 et
3303 5416 3586 5513 apostolos

247 5534 348 5589 τοῦ
381 5505 690 5604 κειραλαίου
715 5533 810 5587 τὸν
830 5505 1496 5604 λόγοντάναμασσὼμενος,
1521 5535 1602 5598 είς
1619 5534 1878 5604 τοιαύτην

1983 5505 2312 5591 nominavit.
2333 5528 2602 5585 Absoluta
2630 5523 2722 5579 hic
2753 5523 2994 5578 lucerna:
3021 5512 3435 5604 observatione,
3463 5505 3580 5562 Salv-

248 5627 380 5682 τινὰ
413 5625 673 5697 Θεωρίαν,
709 5626 804 5680 καὶ
822 5625 923 5680 οὐκ
949 5625 1218 5696 ἄκομψον,
1244 5625 1320 5690 ὥς
1343 5626 1406 5696 γέ
1432 5644 1521 5698 μοι
1543 5627 1711 5681 δοκεῖ·
1750 5629 1873 5680 Ἐπὶ

1985 5625 2194 5683 vatoris
2228 5637 2418 5688 vocem
2455 5632 2678 5674 rursum
2711 5613 3039 5670 videamus:
3078 5626 3096 5662 ι
3134 5607 3232 5662 ille
3254 5601 3583 5660 crat-lucer-

327 5815 380 5849 "
424 5813 562 5871 Luc.
606 5831 704 5882 xu,
734 5815 822 5871 i9.
902 5816 947 5849 "
990 5813 1183 5869 Matth.
1221 5831 1294 5881 iv,
1333 5815 1412 5869 l7.
1495 5816 1536 5845 οτ
1587 5813 1752 5870 11ι.·ι)ι·.
1791 5830 1880 5880 Ix,

2055 5813 2096 5848 at
2138 5811 2240 5868 ιδῃ,
2275 5823 2363 5876 χι,
2399 5805 2466 5873 5;
2500 5799 2691 5856 Matth.
2726 5812 2810 5863 ut,
2848 5795 2900 5848 3-
