4052 6498
391 328 503 382 409

1458 337 1524 395 ἕΝ
1547 339 1833 397 JOANNIS
1868 338 2319 397 EVANGELIUM
2352 341 2481 398 LIB.
2525 340 2613 399 Ill.

3568 341 3683 396 MO

388 441 457 495 τὸ
493 443 676 509 εἰκὸς,
706 447 886 517 ἐρεῖτε
923 450 1086 504 πάλιν
1125 451 1300 521 οὐδὲν,
1330 454 1464 511 αὐτὸ
1493 458 1594 528 τῆς
1632 457 1895 529 ἀληθείας
1932 458 1996 513 τὸ

2105 458 2345 515 tudinem
2393 460 2576 515 veriti.
2609 459 2727 515 Non
2762 459 2879 531 jam
2920 460 3064 517 enim
3087 505 3100 529 ,
3136 454 3351 532 inquit,
3388 461 3674 516 hominum

394 534 595 600 κάλλος
632 537 787 609 παρὰ
814 539 1070 613 βούλησιν
1096 545 1198 617 τὴν
1219 546 1425 600 ἑαυτῶν
1452 547 1884 620 δυσωπούμενοι.
1913 551 1989 604 Οὐ

391 625 508 695 γὰρ
529 626 710 697 λόγοις
742 629 939 687 ἔτικαὶ
964 637 1082 699 ταῖς
1120 636 1180 702 ἐξ
1223 637 1529 709 ἀνθρώπων
1566 638 1770 710 ψήφοις
1814 642 1990 694 επιστ

397 717 696 788 μνύνομαι,
731 722 854 776 οὐδὲ
886 724 986 788 τὰς
1013 726 1080 779 ἐκ
1114 728 1376 797 ῥημάτων
1398 727 1572 799 ψιλῶν
1598 730 1876 800 συλλέγειν
1904 732 1990 785 ἐπ’

394 811 628 882 ἐμαυτῷ
665 816 972 887 μαρτυρίας
1001 819 1261 891 οἰήσομαι
1285 820 1416 888 δεῖν,
1438 822 1888 894 ἀξιολογωτέρας
1934 823 1992 877 δὲ

392 902 495 956 καὶ
533 905 667 959 πολὺ
709 907 921 977 μείζοσι
957 909 1067 964 τῶν
1106 913 1414 983 εἰρημένων
1462 914 1741 987 ἐπιτρέψω
1768 914 1839 969 τὰ
1871 917 1991 969 κατ’

389 996 660 1066 ἐμαυτὸν,
688 998 783 1053 καὶ
832 1000 893 1067 ἐξ
949 1003 1121 1073 αὐτῆς
1180 1004 1281 1075 ἤδη
1316 1005 1766 1079 καταλαμπρύνω
1794 999 1894 1081 τῆς
1933 1010 1992 1061 ἐν

389 1086 588 1158 ἔργοις
619 1091 1061 1164 μεγαλειότητος,
1095 1095 1177 1148 ὅτι
1216 1094 1350 1158 Θεὸς
1381 1096 1526 1151 κατά
1546 1097 1709 1166 φύσιν
1732 1100 1870 1170 εἰμὶ,
1898 1099 1993 1153 καὶ

392 1182 466 1234 ἐκ
504 1181 642 1236 Θεοῦ
668 1184 891 1255 πέφηνα
918 1187 1153 1258 Πατρὸς,
1179 1188 1352 1243 ἀδικῶ
1367 1188 1424 1243 δὲ
1443 1189 1596 1243 οὐδὲν
1622 1190 1749 1255 τοὺς
1788 1192 1957 1261 ἐμοὺς
1975 1233 1990 1257 ,

391 1272 488 1341 ἐφ’
520 1273 660 1343 ὅπερ
703 1273 770 1329 ἂν
810 1275 1092 1348 βούλωμαι
1145 1280 1606 1353 μεταρρυθμίζων
1651 1282 1867 1353 νόμους,
1900 1285 1995 1338 καὶ

390 1367 465 1419 ἐκ
492 1366 597 1437 τῆς
621 1367 767 1422 κατά
799 1368 862 1421 τὸ
890 1369 1129 1441 γράμμα
1155 1373 1471 1445 παχύτητος
1505 1375 1588 1439 εἰς
1617 1375 1994 1449 πνευματικὴν

392 1460 641 1531 θεωρίαν
672 1463 1095 1534 μεταστοιχειῶν
1126 1463 1196 1518 τὰ
1214 1467 1327 1530 τοῖς
1344 1466 1721 1538 ἀρχαιοτέροις
1745 1470 1996 1539 αἰνιγμα·

390 1552 591 1616 τωδῶς
620 1554 911 1625 εἰρημένα.
943 1556 1296 1610 Κατανοείτω
1332 1557 1389 1611 δὲ
1414 1558 1576 1612 πάλιν
1602 1561 1631 1613 ὁ
1664 1559 1990 1631 φιλομαθὴς,

388 1647 485 1700 ὅτι
520 1647 696 1717 λέγων
723 1650 753 1702 ὁ
792 1648 984 1720 Σωτὴρ
1017 1649 1105 1703 διά
1149 1650 1263 1704 τῶν
1293 1649 1473 1723 ἔργων
1523 1652 1995 1725 ἐπιμαρτύρεσθαι

393 1738 589 1804 καλῶς
618 1741 699 1804 εἰς
730 1740 793 1795 τὸ
810 1736 951 1795 εἶναι
981 1741 1125 1796 κατὰ
1164 1741 1329 1813 φύσιν
1371 1742 1525 1810 Θεὸς,
1554 1743 1862 1798 ἐκδιδάσκει
1908 1761 1995 1798 σα-

391 1832 545 1900 φῶς,
576 1832 654 1897 ὡς
692 1833 791 1886 οὐκ
810 1832 877 1887 ἂν
909 1833 995 1905 εἴη
1023 1833 1133 1887 τῶν
1163 1834 1532 1906 ἐνδεχομένων
1557 1835 1996 1907 ἀπαραλλάκτως

388 1926 736 1998 ἐνυπάρχειν
760 1927 870 1980 rtvl.
905 1926 1004 1998 τὴν
1027 1926 1149 1999 Θεῷ
1181 1926 1502 1999 πρέπουσαν
1519 1927 1802 1998 ἐνάργειάν
1826 1945 1887 1982 τε
1899 1930 1997 1983 καί

387 2014 655 2087 δύναμιν,
721 2017 772 2069 εἰ
830 2015 906 2087 μὴ
946 2016 1110 2080 αὐτὸς
1170 2016 1316 2070 κατὰ
1362 2016 1528 2087 φύσιν
1565 2018 1802 2089 ὑπάρχοι
1839 2019 1995 2084 Θεός.

389 2109 783 2180 Μαρτυρεῖ-θαι
798 2109 905 2179 γὰρ
918 2107 1007 2162 διὰ
1026 2108 1345 2179 τῶνέργων,
1360 2109 1424 2163 ού
1443 2109 1667 2164 καθ’ἐτε
1676 2127 1790 2181 ρον,
1814 2106 1993 2183 οἶμαι,

390 2206 629 2275 τρόπον,
659 2203 797 2258 ἀλλά
846 2204 991 2258 κατά
1043 2202 1234 2258 τοῦτον
1285 2205 1472 2261 αὐτόν.
1522 2206 1586 2259 Εἰ
1625 2205 1736 2276 γὰρ
1770 2207 1875 2261 τῶν
1902 2206 1997 2261 τοῦ

392 2297 773 2366 γεννήσαντος
811 2295 990 2368 ἔργων
1040 2297 1236 2368 ὁρᾶται
1275 2282 1592 2370 τελειωτὴς,
1620 2301 1715 2354 καὶ
1763 2301 1908 2371 ειπερ
1932 2299 1999 2354 ἂν

391 2392 605 2458 ἐκείνῳ
631 2389 729 2443 καὶ
764 2390 912 2462 μόνῳ
940 2392 1183 2462 φαίνοιτο
1214 2395 1665 2468 πρεπωδέστερα,
1696 2397 1873 2450 ταῦτα
1904 2397 2000 2451 καὶ

394 2481 571 2544 αὐτος
591 2479 652 2546 ἐξ
670 2481 880 2546 οἰκείας
899 2482 1082 2555 ἰσχύος
1100 2485 1445 2558 ἀποπληροῖ·
1460 2487 1579 2551 πῶς
1596 2488 1695 2542 οὐκ
1708 2488 1774 2542 ἂν
1789 2489 2002 2557 γένοιτο

395 2575 575 2629 παντί
596 2592 672 2646 τῳ
704 2575 897 2646 σαφὲς,
923 2576 1006 2631 ὅτι
1026 2578 1127 2649 τὴν
1144 2579 1318 2651 αὐτὴν
1350 2582 1544 2652 ἐκεινῳ
1570 2581 1732 2651 φύσιν
1759 2582 2003 2654 ἀπεκλη-

397 2666 647 2740 ρώσατο,
684 2668 916 2732 καὶτοῖς
943 2667 1037 2722 τοῦ
1066 2670 1317 2734 τεκόντος
1344 2670 1598 2743 ἰδιώμασι
1651 2673 1999 2745 διαλάμπων,

394 2761 483 2822 ὡς
504 2758 567 2826 ἐξ
597 2758 764 2813 αὐτοῦ
789 2760 890 2831 τὴν
919 2761 1044 2830 ἴσην
1093 2760 1245 2833 αὐτῷ
1267 2761 1500 2832 δύναμιν
1522 2781 1582 2817 τε
1607 2766 1701 2818 καὶ
1719 2765 2002 2838 ἐνέργειαν

395 2850 555 2921 Exn;
590 2849 886 2920 Εἰληφέναι
913 2868 977 2920 γε
1012 2851 1120 2922 μὴν
1140 2852 1272 2924 παρ’
1297 2851 1463 2906 αὐτοῦ
1483 2853 1552 2907 τά
1577 2853 1717 2926 ἔργα
1748 2858 1934 2927 φησὶν,
1965 2859 2000 2922 ἢ

395 2942 497 2998 διὰ
530 2944 593 2997 τὸ
618 2943 718 3015 τῆς
737 2942 1162 3017 ἀνθρωπότητος
1193 2947 1405 3017 σχῆμα,
1443 2947 1541 2999 καὶ
1571 2947 1670 3018 τὴν
1698 2948 1792 3003 τοῦ
1815 2950 2001 3005 δούλου

403 3036 656 3110 μορφὴν,
683 3035 1067 3111 ταπεινότερόν
1112 3051 1232 3102 πως
1277 3038 1425 3110 ἥπερ
1470 3039 1661 3110 ἐχρῆν.
1715 3042 1810 3095 καὶ
1845 3041 2004 3097 τοῦτο

398 3129 591 3185 λαλῶν
620 3128 1004 3201 οἰκονομικῶς,
1036 3129 1069 3202 ἢ
1095 3130 1195 3201 τὴν
1229 3131 1295 3184 ἐκ
1318 3130 1453 3185 Θεοῦ
1488 3132 1579 3187 καὶ
1618 3134 1829 3207 Πατρδς
1848 3135 2002 3189 εὐδο-

400 3222 539 3276 κίαν
578 3239 639 3276 τε
669 3221 762 3277 καὶ
784 3222 1116 3289 συναινεσιν,
1147 3224 1247 3295 τὴν
1273 3224 1359 3294 ἐφ’
1391 3224 1566 3280 ἅπασι
1597 3230 1713 3290 τοῖς
1770 3230 2007 3300 παραδό-

400 3316 520 3380 ξως
581 3313 1041 3386 ἐπιτελουμένοις,
1087 3315 1166 3387 τῷ
1212 3318 1318 3388 τῆς
1366 3317 1569 3381 δόσεως
1609 3321 2008 3391 ἀποσεμνύνων

397 3405 658 3475 ὀνόματι.
695 3403 854 3458 Οὕτω
902 3405 1013 3477 γὰρ
1070 3406 1165 3459 καὶ
1217 3407 1556 3462 ἀπεστάλθαι
1594 3410 2007 3483 διισχυρίζεται,

401 3496 510 3551 ἅτε
549 3495 619 3566 δὴ
677 3496 737 3550 αὶ
768 3494 1018 3560 κενώσας
1070 3497 1284 3565 ἑαυτὸν,
1332 3497 1476 3552 καθὰ
1531 3499 1868 3571 γέγραπται,
1910 3503 2009 3574 τῆς

402 3592 676 3661 ἀκράτως
706 3589 1026 3662 πρεπούσης
1052 3590 1213 3657 ἀξίας
1241 3591 1321 3663 τῷ
1348 3591 1490 3663 Θεῷ,
1512 3593 1603 3647 διὰ
1626 3593 1727 3665 τὴν
1748 3597 1829 3660 εἰς
1862 3597 2011 3667 ἡμᾶς

405 3681 709 3736 ἀγάπησιν
788 3679 1154 3736 Ἐταπείνωσε
1216 3681 1327 3754 γὰρ
1375 3683 1592 3750 ἐαυτὸν,
1633 3685 1730 3738 καὶ
1769 3686 1871 3758 τὴν
1915 3685 2009 3740 τοῦ

404 3771 852 3826 τεταπεινῶσθαι
888 3774 1367 3846 σμικροπρέπειαν
1386 3775 1487 3829 οὐκ
1514 3776 1572 3828 ἐν
1607 3777 1816 3849 ἑτέροις
1848 3779 2013 3850 εὑρή-

410 3883 588 3938 σομεν
606 3866 856 3937 τρόποις,
879 3867 913 3938 ἢ
939 3868 1024 3937 ἐφ’
1052 3863 1251 3939 οἷσπερ
1283 3868 1351 3923 ἂν
1374 3869 1451 3931 ὡς
1479 3869 1576 3923 ἀνθ
1584 3888 1770 3941 ρωπος
1793 3869 1903 3924 ἔσθ’
1922 3871 2012 3926 ὅτε

407 3958 576 4029 λαλῇ.
610 3959 802 4030 Τούτῳ
822 3960 1040 4032 συνᾴδει
1066 3959 1130 4014 τὸ
1152 3960 1241 4014 διὰ
1277 3959 1372 4014 τοῦ
1398 3961 1710 4034 Ψαλμῳδοῦ
1735 3962 1899 4017 πάλιν
1936 3964 2011 4028 ὡς

408 4049 475 4114 ἐξ
504 4047 677 4102 αὐτοῦ
695 4048 760 4103 δι’
786 4051 936 4121 ἡμᾶς
951 4050 1442 4123 ἀνθρωποπρεπῶς
1460 4053 1753 4124 εἰρημένον
1773 4070 1787 4084 ⁶
1826 4073 1846 4106 ι
1871 4054 2013 4123 Ἐγὼ

409 4143 470 4196 δὲ
506 4142 851 4215 κατεστάθην
884 4142 1138 4213 βασιλεὺς,
1172 4143 1265 4197 ὑπ’
1292 4143 1459 4198 αὐτοῦ
1498 4145 1596 4199 ἐπὶ
1642 4138 1784 4201 Σὶὼν
1803 4146 1927 4219 ὅρος
1952 4147 2014 4200 τὸ

2034 3183 2076 3241 C

2100 553 2450 609 Sermonibus
2478 567 2542 609 ac
2573 552 2848 625 suffragiis
2873 554 3080 627 glorior
3103 597 3118 621 ,
3152 569 3331 628 neque
3363 553 3430 609 de
3467 554 3682 622 meipso

2098 643 2475 717 testimonium
2517 660 2583 700 ex
2623 646 2785 702 nudis
2815 647 3101 703 vocabulis
3151 645 3518 717 colligendum
3557 661 3683 701 esse

2098 741 2255 806 puto,
2284 734 2381 790 sed
2407 735 2759 807 dignioribus
2790 752 2855 791 ac
2884 738 3045 809 longe
3078 738 3381 809 majoribus
3412 751 3507 792 res
3533 749 3683 791 meas

2098 829 2465 893 commendo,
2515 830 2677 902 253
2716 838 2770 886 et
2797 846 2864 886 ex
2899 831 3018 902 ipsa
3048 833 3264 887 tandem
3300 846 3529 900 operum
3566 845 3684 885 ma-

2097 922 2410 992 gnificentia
2444 924 2674 977 ostendo
2702 938 2787 977 me
2811 920 2981 978 Deum
3023 938 3145 979 esse
3176 924 3479 979 secundum
3516 930 3683 977 natu-

2098 1030 2237 1081 ram,
2273 1024 2328 1072 et
2356 1031 2421 1071 ex
2455 1014 2566 1071 Deo
2595 1014 2755 1071 Patre
2788 1018 3031 1088 genitum
3065 1032 3189 1071 esse
3219 1033 3233 1070 :
3269 1032 3369 1072 nec
3392 1017 3534 1072 facio
3561 1017 3684 1071 cui-

2097 1124 2262 1179 quam
2332 1109 2615 1179 injnriam,
2673 1108 2802 1164 dum
2845 1124 2998 1165 meas
3052 1109 3201 1180 leges
3234 1108 3290 1163 in
3318 1109 3685 1179 quodcunque

2090 1203 2364 1274 placuerit
2392 1210 2725 1268 transmuto,
2757 1212 2812 1259 et
2839 1217 2869 1256 a
2893 1201 3123 1257 litterali
3160 1202 3412 1258 crassitie
3438 1202 3505 1257 ad
3529 1202 3686 1272 spiri-

2098 1296 2260 1349 talem
2290 1294 2808 1366 contemplationem
2857 1310 2983 1365 qua:
3015 1294 3295 1350 veteribus
3338 1295 3686 1365 aanigmatice

2096 1389 2241 1443 dicta
2268 1394 2397 1442 sunt
2418 1385 2715 1442 transfero.
2747 1384 3014 1442 Observet
3043 1402 3211 1457 porro
3237 1387 3418 1442 denuo
3452 1387 3687 1457 quicun-

2097 1497 2205 1554 que
2220 1489 2303 1537 est
2325 1480 2574 1535 discendi
2592 1478 2848 1549 cupidus,
2872 1477 3241 1543 Salvatorem,
3268 1494 3390 1535 cum
3409 1480 3483 1533 ait
3504 1478 3687 1549 operi-

2098 1575 2203 1629 bus
2247 1571 2462 1642 egregie
2493 1571 2715 1641 probari
2758 1586 2817 1626 se
2855 1568 3024 1626 Deum
3076 1568 3379 1624 secundum
3428 1576 3686 1623 naturam

2097 1678 2252 1728 esse,
2288 1662 2439 1716 clare
2470 1660 2669 1716 docere
2708 1658 2823 1714 ﬁeri
2856 1674 2966 1713 non
3010 1674 3174 1729 posse
3213 1667 3273 1713 ut
3302 1658 3486 1713 divina
3519 1658 3604 1714 vis
3634 1664 3689 1714 et

2100 1755 2346 1825 operatio
2380 1767 2479 1825 per
2528 1751 2719 1809 eadem
2760 1752 2958 1808 similis
2996 1750 3129 1806 insit
3163 1749 3351 1815 alicui,
3390 1749 3500 1805 nisi
3542 1747 3690 1804 Deus

2103 1849 2223 1920 ipse
2252 1847 2325 1904 sit
2348 1844 2651 1903 secundum
2674 1851 2954 1900 naturam.
2976 1842 3384 1913 Comprobatur
3405 1840 3553 1895 enim
3593 1853 3692 1909 per

2102 1954 2293 2012 opera,
2322 1952 2433 1993 non
2460 1938 2591 2002 alio,
2646 1945 2706 1991 ut
2742 1937 2961 2006 opinor,
3012 1934 3195 1999 modo,
3247 1946 3410 2002 quam
3456 1931 3587 1985 isto.
3629 1927 3691 1983 Si

2103 2033 2251 2089 enim
2289 2029 2470 2086 Patris
2527 2042 2697 2099 opera
2752 2026 2932 2081 facere
2978 2025 3230 2090 videtur,
3263 2024 3309 2077 si
3349 2034 3692 2092 quascunque

2106 2125 2185 2181 illi
2220 2139 2287 2180 ac
2322 2124 2427 2180 soli
2478 2117 2843 2183 conveniunt,
2884 2118 3003 2174 haec
3043 2117 3162 2186 ipse
3219 2127 3439 2185 quoque
3470 2110 3694 2182 propria

2104 2218 2309 2273 virtute
2363 2213 2621 2284 adimplet
2652 2230 2668 2267 :
2699 2210 2979 2282 quomodo
3030 2208 3211 2264 cuivis
3257 2222 3369 2262 non
3393 2201 3689 2259 manifeste

2109 2311 2335 2382 patebit,
2394 2307 2642 2363 eamdem
2700 2320 2825 2361 cum
2863 2305 2958 2359 illo
2979 2304 3239 2360 sortitum
3267 2315 3391 2356 esse
3416 2305 3693 2361 naturam,

2106 2411 2164 2459 et
2196 2400 2379 2469 Patris
2411 2398 2844 2472 proprietatibus
2874 2395 3220 2468 pmfulgere,
3262 2400 3323 2447 ut
3352 2390 3445 2461 qui
3478 2404 3545 2444 ex
3575 2389 3696 2457 ipso

2108 2506 2272 2553 natus
2298 2496 2547 2553 eamdem
2607 2511 2731 2551 cum
2782 2495 2903 2566 ipso
2954 2493 3064 2547 vim
3096 2498 3151 2546 et
3195 2488 3569 2561 operationem
3602 2484 3698 2539 ha-

2108 2588 2243 2642 bet?
2279 2586 2668 2643 Verumtamen
2708 2585 2777 2641 ab
2823 2599 2889 2640 eo
2918 2599 2979 2639 se
3015 2596 3184 2653 opera
3213 2581 3346 2636 dicit
3388 2576 3693 2648 accepisse,

2109 2687 2205 2733 aut
2234 2686 2457 2750 propter
2492 2679 2890 2733 humanitatem
2949 2684 3004 2732 et
3043 2675 3186 2732 servi
3222 2673 3479 2737 formam,
3509 2670 3695 2724 Immi-

2109 2769 2219 2825 lius
2258 2768 2665 2840 quodammodo
2715 2782 2880 2838 quam
2921 2781 3024 2837 par
3056 2772 3211 2832 erat,
3271 2762 3437 2832 idque
3484 2761 3701 2815 ratione

2109 2859 2544 2932 dispensationis
2577 2858 2646 2914 de
2672 2874 2733 2914 se
2750 2858 3004 2928 loquens,
3036 2866 3132 2909 aut
3164 2853 3348 2909 Patris
3368 2850 3700 2922 comproba-

2110 2954 2317 3009 tionem
2348 2960 2403 3008 et
2438 2965 2728 3008 assensum
2775 2951 2832 3005 in
2878 2947 3154 3005 faciundis
3202 2945 3489 3001 miraculis
3527 2943 3703 2998 dona-

2109 3046 2280 3102 tionis
2311 3045 2538 3100 nomine
2558 3043 2860 3100 adornans.
2889 3041 2984 3096 Sic
3031 3040 3177 3096 enim
3218 3038 3450 3093 missum
3481 3048 3702 3106 quoque

2112 3155 2171 3195 se
2204 3138 2404 3196 asserit
2432 3135 2673 3193 maxime
2705 3149 2831 3190 cum
2866 3133 3199 3190 exinanierit
3246 3124 3516 3201 seipsum,
3558 3126 3704 3183 sicut

2110 3232 2378 3303 scriptum
2438 3238 2524 3284 est
2577 3228 2619 3294 ³,
2664 3225 2932 3299 dignitate
2970 3224 3062 3280 illa
3095 3240 3218 3295 qua;
3254 3224 3362 3278 Deo
3406 3220 3702 3276 admodum

2110 3325 2392 3385 convenit.
2447 3327 2673 3394 propter
2724 3319 3082 3376 dilectionem
3134 3317 3190 3372 in
3223 3331 3344 3373 nos.
3384 3313 3703 3369 llumiliavit

2110 3419 2258 3474 enim
2292 3416 2701 3486 semetipsum,
2754 3421 2807 3468 et
2849 3411 3252 3467 humiliationis
3294 3410 3563 3464 vilitatem
3595 3407 3702 3460 alia

2110 3512 2326 3567 ratione
2373 3518 2631 3566 constare
2657 3520 2764 3563 non
2793 3508 3217 3578 comperiemns,
3244 3519 3408 3576 quam
3436 3501 3582 3573 quod
3624 3503 3708 3556 in-
3766 3564 3771 3567 1

2111 3603 2327 3659 terdum
2370 3610 2431 3658 ut
2475 3602 2643 3656 homo
2698 3602 2977 3670 loquatur.
3016 3598 3152 3654 Huic
3186 3598 3520 3668 suffragatur
3560 3594 3707 3665 quod

2111 3711 2211 3766 per
2269 3694 2618 3751 Psalmistam
2676 3708 2875 3749 rursus
2924 3692 3028 3749 sub
3071 3693 3192 3762 ejus
3217 3704 3451 3761 persona
3481 3696 3708 3759 pr0pter

2114 3801 2216 3842 nos
2279 3785 2522 3841 humano
2560 3800 2714 3840 more
2743 3785 2952 3841 dictum
2991 3791 3076 3839 est
3110 3799 3126 3836 :
3175 3801 3194 3835 ι
3224 3784 3336 3852 Ego
3361 3789 3548 3835 autem
3577 3793 3709 3834 cou-

2113 3880 2342 3933 stitutus
2374 3892 2494 3932 sum
2516 3892 2609 3933 rex
2632 3877 2701 3932 ab
2734 3892 2800 3932 eo
2832 3890 3000 3947 super
3028 3875 3159 3930 Sion
3189 3883 3427 3929 montem
3454 3877 3706 3926 sanctum

2112 3970 2254 4040 ejus,
2304 3969 2617 4040 praedicans
2659 3977 2989 4039 praeceptum
3035 3967 3253 4022 Domini
3287 3967 3330 4024 ⁵.
3369 3984 3389 4017 ι
3429 3965 3564 4019 Nam
3611 3965 3707 4034 qui

2113 4076 2239 4117 cum
2267 4061 2379 4116 Deo
2403 4059 2567 4114 Patre
2595 4074 2814 4131 semper
2847 4058 3171 4130 regnat,qui
3200 4059 3255 4112 in
3289 4058 3481 4112 eodem
3510 4056 3709 4109 throno

2115 4152 2386 4216 considet,
2429 4159 2489 4208 ut
2521 4150 2663 4208 Deus
2704 4165 2830 4206 cum
2869 4149 2979 4205 Deo
3014 4150 3194 4214 Patre,
3249 4163 3435 4219 regem
3483 4163 3543 4204 se
3576 4162 3710 4201 con-

410 4234 574 4304 ᾶγιον
621 4232 810 4299 αὐτοῦ,
852 4235 1192 4304 διαγγέλλων
1231 4235 1298 4290 τὸ
1343 4237 1678 4310 πρόσταγμα
1718 4239 1949 4311 Κυρίου.
1988 4259 2000 4292 ι

2117 4249 2370 4304 Stitntum
2392 4245 2602 4301 fatetur
2620 4260 2683 4300 ac
2704 4245 3012 4309 dominum,
3033 4258 3155 4313 quae
3182 4242 3418 4297 habebat
3452 4248 3511 4295 ut
3540 4240 3707 4302 Dens,

424 4326 490 4378 ὐ
514 4326 624 4397 γὰρ
651 4325 953 4396 βασιλεύων
982 4328 1069 4381 ἀεὶ¹
1103 4326 1242 4399 μετὰ
1265 4327 1361 4381 τοῦ
1387 4329 1622 4399 Πατρὸς,
1659 4331 1687 4382 ὁ
1722 4328 2000 4401 σύνθρονός

2117 4340 2367 4410 accipere
2398 4354 2457 4395 se
2484 4339 2698 4402 dicens,
2749 4352 2874 4392 cum
2925 4335 3107 4391 factus
3140 4344 3226 4391 est
3258 4334 3449 4401 homo,
3492 4333 3579 4387 cui
3613 4332 3713 4385 ho-

412 4434 478 4470 τε
506 4418 606 4471 καὶ
636 4416 912 4487 σύνεδρος,
939 4418 1013 4483 ὡς
1046 4418 1179 4483 Θεὸς
1215 4416 1335 4489 Θεῷ
1354 4418 1434 4488 τῷ
1458 4421 1809 4490 γεννήσαντι,
1836 4438 2000 4491 κεχει-

2120 4432 2254 4486 mini
2291 4432 2559 4502 regnandi
2591 4438 2835 4502 potestas
2863 4438 3063 4484 natura
3098 4443 3206 4483 non
3247 4429 3411 4491 inest,
3445 4425 3541 4481 sed
3589 4440 3710 4479 cum

416 4508 751 4581 ροτονῆσθαί
777 4526 944 4580 φησιν
966 4512 1048 4575 εἰς
1078 4510 1304 4582 βασιλέα
1334 4513 1430 4566 καὶ
1459 4511 1670 4583 κύριον,
1693 4513 1839 4585 ἆπερ
1868 4510 2000 4587 εἷχει

2116 4523 2298 4594 ipsum
2348 4524 2742 4581 dominationis
2803 4537 3027 4588 nomen,
3091 4529 3207 4576 tum
3233 4536 3324 4577 res
3365 4519 3485 4591 ipsa
3518 4518 3714 4587 utique

413 4603 500 4664 ὡς
539 4602 672 4666 Θεὸς
714 4603 1018 4687 λαμϐάνειν
1053 4605 1246 4670 εἰπὼν,
1281 4606 1372 4660 ὅτε
1415 4605 1660 4679 πέφηνεν
1706 4607 2000 4678 ἄνθρωπος

2126 4617 2370 4673 ascititia
2400 4625 2504 4674 est.

412 4689 463 4765 ᾧ
499 4695 563 4749 τὸ
592 4695 897 4842 βόασιλεύειν
953 4698 1096 4753 κατά
1148 4697 1312 4769 φύσιν
1342 4700 1444 4754 οὐκ
1476 4700 1708 4769 ἔνεστιν,
1739 4701 1878 4757 ἀλλὰ
1903 4703 2012 4777 γὰρ
2053 4710 2146 4763 καὶ
2166 4712 2227 4766 τὸ
2255 4714 2355 4784 τῆς
2385 4712 2714 4785 κυριότητος
2740 4711 2915 4781 ὄνομά
2944 4728 3005 4765 τε
3039 4711 3135 4765 καὶ
3197 4708 3433 4780 πρᾶγμα
3497 4706 3716 4771 πάντως

416 4794 605 4842 ἐπακτ
640 4804 688 4842 ν.

416 4794 688 4844 ἐπακτόν.

1037 4903 1287 4960 ΚΕΦΑΛ.
1338 4906 1415 4962 B'.

421 5022 559 5089 Ὄξι
583 5017 761 5073 εἰκών
782 5018 917 5073 ἐστι
941 5017 1049 5089 τοῦ
1081 5017 1229 5073 Θεοῦ
1253 5019 1351 5073 καὶ
1394 5022 1624 5089 Πατρός
1653 5025 1686 5076 ό
1725 5024 1876 5089 Υἱός.
1926 5025 2020 5079 Ἐν

495 5084 545 5157 ᾧ
577 5090 678 5162 καὶ
691 5089 840 5162 πρὸς
870 5088 1204 5162 Ἰουδαίους
1222 5089 1495 5162 ἔλεγχος,
1514 5084 1705 5162 ὦς’μὴ
1727 5084 2021 5161 νοοῦντας

496 5164 572 5217 τὰ
633 5160 734 5216 διὰ
782 5157 1045 5226 Μωσέως
1092 5157 1536 5231 αἰνιγματωδῶς
1577 5157 1661 5231 μὀῑ

1453 5160 1536 5229 ὥς
1577 5160 1823 5232 μᾶλλον
1874 5160 2026 5235 clpa?

490 5232 674 5303 μένα.
1698 5262 1704 5275 .
1778 5266 1785 5272 .

500 5343 653 5399 οὔτε
681 5342 897 5413 φωνὴν
915 5342 1105 5399 αὐτοῦ
1150 5342 1391 5400 πώποτε
1433 5346 1753 5417 ἀκηκόατε,
1786 5348 1927 5404 οὔτε
1946 5346 2000 5406 εἰ

2204 5349 2270 5416 ν,
2297 5350 2388 5416 57,
2412 5348 2504 5405 58.
2537 5346 2722 5418 Neque
2755 5359 2930 5401 vocem
2957 5341 3073 5413 ejus
3089 5355 3325 5411 unquam
3341 5334 3594 5397 audistis,
3625 5347 3715 5386 ue-

421 5439 535 5504 δος
589 5435 781 5493 αὐτοῦ
826 5434 1145 5506 ἑωράκατε,
1174 5436 1279 5493 καί
1299 5438 1409 5494 τὸν
1461 5440 1661 5511 Λόγον
1683 5441 1874 5496 αὑτοῦ
1911 5443 2000 5497 oin

2131 5462 2231 5517 que
2266 5444 2491 5512 speciem
2518 5441 2634 5512 ejus
2670 5440 2924 5503 vidistis;
2959 5444 3011 5493 et
3049 5435 3275 5490 Verbum
3296 5431 3413 5502 ejus
3433 5424 3722 5517 multaba-

422 5530 600 5601 ἔχετε
612 5528 687 5584 ἐν
712 5527 859 5598 ὑμῖν
873 5526 1162 5597 μένοντα.
1183 5527 1273 5582 ὅτι
1286 5528 1360 5585 ὃν
1371 5531 1764 5589 ἀπέσταλκεν
1780 5535 2000 5602 ἐκεῖνος

2145 5516 2218 5591 tis
2242 5536 2299 5590 in
2318 5535 2462 5590 vobis
2488 5549 2705 5588 manem
2730 5546 2747 5585 :
2773 5530 2899 5601 quia
2933 5540 3083 5599 quem
3122 5523 3270 5580 misit
3314 5520 3426 5584 ille,
3468 5516 3591 5571 huic
3629 5530 3722 5571 vos

424 5623 621 5689 τούτῳ
646 5621 821 5692 ὑμεῖς
848 5623 920 5676 οὐ
935 5622 1280 5677 πιστεύετε.

2136 5646 2237 5684 ηοη
2272 5625 2511 5683 creditis.
2624 5648 2627 5653 ί

2671 4908 2835 4981 254
2870 4904 3024 4962 CAP.
3055 4904 3117 4960 ιι.

2129 5028 2286 5099 Quod
2313 5029 2488 5099 imago
2508 5026 2601 5081 Dei
2626 5041 2687 5079 ac
2715 5023 2901 5099 Patris
2915 5023 2985 5077 sit
3007 5020 3200 5099 Filius.
3232 5018 3332 5076 Ubi
3355 5017 3717 5099 Iudicis-liam

2201 5089 2679 5169 reprehenduntur,
2699 5095 2839 5166 quod
2874 5111 2978 5150 non
3007 5093 3307 5165 intelligant
3332 5107 3450 5163 qua:
3475 5107 3507 5145 a
3531 5089 3717 5160 Moyse

2203 5172 2431 5243 ﬁgurate
2455 5169 2658 5239 scripta
2676 5177 2823 5221 sunt.

508 5803 528 5836 ‘
563 5802 804 5875 Philipp.
838 5819 898 5871 ll,
937 5804 984 5858 7.
1062 5806 1082 5839 ⁸
1119 5806 1270 5864 l‘sal.
1304 5820 1366 5874 ιι,
1399 5806 1453 5861 6.
