4052 6512
473 307 572 363 ιιι

1393 353 1406 362 ι
1471 320 1530 376 S.
1557 318 1834 378 CYRILLI
1875 323 2346 382 ALEXANDRINI
2388 331 2714 390 ARClllEl’.

3649 344 3748 398 412

542 421 714 479 Nemo
733 425 1040 498 simplicem
1073 431 1176 486 loci
1205 432 1370 504 hujus
1400 449 1625 493 sensum
1661 455 1785 497 esse
1824 442 2029 499 videbit

2232 446 2341 517 Οὐχ
2404 448 2585 520 ἁπλῆν
2633 450 2698 503 ἀν
2748 467 2833 514 τις
2882 450 2981 504 ἴδοι
3023 452 3315 523 νοημάτων
3341 453 3634 528 διασκευὴν
3677 459 3747 528 τῷ

470 512 568 567 sed
599 515 800 574 multos
825 535 1030 590 eosque
1075 525 1368 582 abstrusos
1421 527 1757 597 intellectus,
1797 537 1892 604 qui
1923 537 2056 591 sim-

473 606 696 674 plicium
713 609 1023 666 auditorum
1047 624 1258 673 mentes
1282 617 1442 676 facile
1456 621 1750 680 admodum
1769 626 2050 698 effugiant,

469 704 527 749 et
581 699 888 756 acrioribus
958 710 1169 760 tantum
1237 709 1474 780 ingeniis
1526 714 1844 783 capiuntur.
1909 717 2051 784 Quid

468 787 616 842 enim
648 804 828 846 causa:
861 801 966 861 est,
997 797 1210 867 inquiet
1239 799 1428 857 forsan
1467 803 1688 874 aliquis,
1726 815 1786 861 ut
1809 825 1933 864 cum
1958 808 2051 866 Je-

470 895 566 934 sns
597 880 742 935 dicat
801 885 869 939 ab
918 891 1238 956 operatione
1275 892 1381 949 Deo
1416 901 1740 968 congruenti
1772 918 1830 957 se
1851 903 2051 962 habere

469 970 872 1046 testimonium,
906 979 974 1033 ad
997 996 1111 1035 rem
1141 991 1322 1041 tamen
1358 1003 1388 1042 a
1416 993 1698 1060 proposito
1729 994 1884 1066 longe
1915 998 2049 1053 alie-

467 1075 592 1115 nam
651 1079 711 1120 se
764 1078 1072 1138 convertat,
1113 1089 1240 1130 cum
1283 1077 1359 1130 ait
1409 1078 1718 1139 Pharisaeos
1745 1101 1924 1156 neque
1952 1087 2046 1143 Dei

464 1167 531 1207 ac
559 1153 739 1213 Patris
779 1174 969 1217 vocem
1031 1181 1271 1237 unquam
1327 1172 1570 1239 audisse,
1603 1192 1784 1246 neque
1807 1180 2045 1242 speciem

461 1244 585 1312 ejus
609 1249 830 1314 vidisse,
865 1254 958 1308 sed
1012 1272 1186 1328 neque
1217 1261 1456 1319 Verbum
1486 1266 1632 1323 illius
1674 1244 1874 1326 habere
1931 1289 2043 1328 ma-

463 1354 601 1396 nens
623 1344 676 1396 in
703 1343 873 1413 ipsis?
896 1346 1008 1418 Ego
1057 1361 1206 1407 certe
1243 1364 1296 1410 et
1331 1357 1517 1426 quivis
1570 1361 1712 1416 alius
1748 1362 2046 1418 dubitatio-

462 1444 586 1484 nem
619 1432 928 1491 istiusmodi
971 1455 1078 1495 non
1116 1441 1213 1497 abs
1246 1459 1303 1499 re
1333 1444 1450 1501 fore
1481 1447 1704 1504 dixerit.
1741 1451 1915 1517 Quem
1945 1455 2044 1524 igi—

347 1589 351 1594 ς
459 1523 793 1576 tursensum
849 1528 1133 1594 proposito
1177 1531 1298 1587 loco
1330 1537 1566 1604 aptaturi
1601 1539 1796 1607 simus,
1821 1549 1876 1596 et
1907 1523 2041 1612 quid

459 1609 584 1661 novi
608 1613 998 1683 excogitaturi,
1031 1621 1249 1677 veritati
1273 1641 1502 1695 prorsus
1533 1629 1876 1697 insistentes,
1913 1609 2040 1706 Spi-

459 1698 596 1754 ritus
632 1701 830 1764 virtute
861 1714 913 1761 et
953 1712 1134 1780 gratia
1162 1729 1437 1786 exponere
1459 1723 1722 1780 conabor.
1754 1725 1911 1784 Solet
1930 1698 2040 1785 Sal-

2160 537 2478 605 προτεθέντι
2506 539 2667 594 πάλιν
2691 542 3117 614 ἐπεισχεομένην
3149 544 3323 615 ῥητῷ,
3353 546 3490 600 ἀλλά
3517 564 3749 619 κεκρυμ-

2159 630 2339 698 μένων
2375 629 2747 702 θεωρημάτων
2796 633 2998 704 ὲσμὸν,
3057 636 3193 690 πολὺ
3251 635 3317 707 δὴ
3359 637 3480 692 λίαν
3517 640 3748 704 εὐκόλως

2154 718 2245 771 τὸν
2259 719 2368 772 τῶν
2387 720 2675 792 άξητήτως
2692 724 3133 795 ἐπακροωμένων
3156 728 3578 799 παριππεύοντα
3601 730 3744 795 νοῦν,

2156 809 2338 878 μόνοις
2359 810 2417 863 δέ
2453 811 2594 882 τάχα
2631 815 2741 876 τοῖς
2780 815 3108 886 πικρότερον
3137 817 3485 884 ἐξετάζουσιν
3519 823 3747 892 ὁρᾶσθαι

2152 901 2603 972 καταδεχόμενον.
2629 904 2693 956 Τί
2724 903 2833 975 γὰρ
2859 906 2923 975 δὴ
2963 905 3026 959 τὸ
3068 909 3354 973 πεπεικὸς,
3409 911 3529 980 ἐρεῖ
3543 928 3625 974 τις
3652 929 3746 964 τυ-

2150 994 2263 1063 χὸν,
2318 995 2429 1047 ἀπὸ
2481 997 2581 1065 τῆς
2621 996 2960 1068 θεοπρεποῦς
3009 1001 3292 1070 ἐνεργείας
3347 1003 3745 1074 μαρτυρεῖσθαι

2149 1085 2375 1154 λέγοντα
2413 1086 2502 1140 τὸν
2542 1088 2770 1158 Ἰησοῦν,
2821 1089 2897 1153 ὡς
2933 1090 3025 1144 ἐπί
3074 1109 3128 1146 τι
3167 1094 3277 1147 τῶν
3321 1096 3746 1166 παρακειμένων

2147 1176 2323 1230 ἐλθεῖν
2357 1176 2417 1230 τὸ
2443 1177 2576 1231 πολὺ
2606 1178 2726 1234 λίαν
2766 1182 3275 1253 ἀπεσχοινισμένον,
3317 1185 3377 1238 τὸ
3425 1187 3562 1256 μήτε
3605 1188 3742 1258 ἀκη-

2147 1269 2352 1336 κοέναι,
2391 1271 2555 1342 φημὶ,
2591 1273 2718 1337 τοὺς
2747 1275 3077 1346 Φαρισαίους
3100 1276 3319 1330 πώποτε
3361 1278 3460 1348 τῆς
3483 1278 3580 1331 τοῦ
3606 1279 3741 1333 Θεοῦ

2145 1361 2240 1414 καὶ
2264 1361 2477 1432 [ἰατρὸς
2498 1362 2704 1432 φωνῆς,
2736 1364 2875 1433 μήτε
2917 1364 3025 1436 μὴν
3056 1365 3348 1420 τεθεᾶσθαι
3369 1366 3430 1419 τὸ
3467 1363 3607 1428 εἶδος
3648 1369 3741 1420 αὕ-

2144 1453 2260 1519 τοῦ,
2294 1453 2430 1508 ἀλλά
2470 1454 2605 1525 μηδέ
2661 1455 2755 1508 τὸν
2791 1455 2962 1524 Λόγον
3008 1456 3153 1526 ἔχειν
3201 1458 3514 1512 ἐνοικοῦντα
3558 1461 3739 1523 αὐτοῖς

2145 1544 2237 1598 τὸν
2263 1545 2492 1599 ἐκείνου.
2516 1547 2628 1600 Katl.
2656 1547 2996 1618 συνθήσομαί
3024 1565 3109 1615 γε,
3161 1551 3256 1603 καὶ
3291 1553 3399 1614 πᾶς
3426 1568 3528 1614 τις,
3560 1550 3736 1620 οἶμαι,

2145 1637 2254 1691 τῶν
2279 1639 2474 1704 ἄλλων,
2510 1639 2586 1702 ὡς
2631 1640 2732 1694 οὐκ
2765 1640 2868 1708 ἔξω
2898 1639 2991 1695 τοῦ
3032 1642 3337 1713 πρέποντος
3371 1644 3571 1712 γένοιτ’
3598 1644 3666 1698 ἂν
3702 1648 3734 1716 ἡ

2146 1730 2368 1801 τοιαύτη
2399 1731 2550 1802 παρά
2587 1749 2750 1786 τινων
2781 1733 3144 1805 ἐπαπόρησις.
3177 1736 3337 1788 Ποῖον
3365 1731 3460 1788 οὗν
3486 1737 3593 1808 ἄρα
3629 1740 3738 1800 τοῖς

457 1802 611 1848 valor
645 1796 898 1856 Christus
951 1818 1095 1874 Stepe
1140 1807 1420 1868 disserens
1468 1814 1674 1870 utiliter
1699 1834 1824 1873 cum
1854 1823 2029 1879 stultis

2144 1796 2529 1892 προκειμένοις
2567 1796 3121 1896 ἐφαρμόσομενΙνοῦν,
3161 1825 3296 1879 τίδὲ
3327 1827 3492 1880 πάλιν
3523 1796 3734 1898 εὑρεσιἐ

453 1886 766 1958 l’harisaeis,
818 1896 873 1949 in
928 1912 1117 1954 eorum
1159 1905 1326 1959 corda
1366 1909 1586 1976 penitus
1616 1912 1838 1981 iutueri,
1868 1925 1922 1972 et
1940 1934 2037 1989 pro

450 1994 517 2035 eo
552 1996 616 2037 ac
672 1982 843 2040 Deum
867 1986 1028 2046 decet
1049 2009 1170 2062 qua!
1197 1997 1348 2052 taciti
1375 2001 1601 2057 volvunt
1618 2008 1804 2062 animo
1828 1982 2039 2081 perspi-

449 2085 598 2138 cere,
627 2073 825 2146 bisque
859 2081 1206 2148 potissimum
1249 2092 1607 2160 respondere,
1647 2104 1702 2150 et
1753 2099 1916 2155 verba
1970 2101 2038 2158 tle

449 2161 519 2217 iis
547 2163 747 2230 facere,
777 2176 957 2226 tamen
995 2173 1315 2246 increpare;
1367 2184 1660 2240 verborum
1686 2191 1882 2245 seriem
1916 2207 2036 2247 om-

450 2255 584 2309 nino
606 2273 712 2312 non
740 2262 1044 2330 egreditur,
1077 2268 1174 2322 sed
1208 2270 1426 2328 illorum
1471 2279 1714 2336 consiliis
1737 2289 1792 2334 et
1825 2285 2036 2354 cogita-

449 2347 692 2406 tionibus
727 2355 910 2410 statim
946 2362 1210 2427 oecurrit,
1249 2365 1378 2420 hinc
1416 2368 1580 2424 etiam
1631 2347 1930 2433 ostendens
1974 2393 2036 2433 se

449 2436 618 2494 Deum
643 2443 944 2499 secundum
977 2458 1230 2506 naturam
1253 2469 1398 2519 esse,
1442 2466 1500 2511 ut
1528 2460 1623 2529 qui
1649 2474 1911 2532 agnoscat
1942 2481 2036 2522 oc-

444 2531 618 2594 culta,
660 2543 715 2588 et
767 2537 935 2592 corda
992 2551 1273 2599 scrutetur
1316 2556 1371 2601 et
1388 2563 1567 2604 renes.
1603 2552 1659 2606 Si
1691 2531 1817 2623 quis
1850 2565 2033 2613 autem

441 2625 597 2689 velit,
636 2629 1139 2688 manifestissimam
1157 2638 1388 2706 hujusce
1407 2643 1484 2698 rei
1506 2643 2032 2707 demonstrationem

437 2713 513 2770 ab
544 2715 666 2772 aliis
716 2723 1085 2791 evangelistis,
1141 2725 1292 2784 Luca
1346 2731 1630 2798 nimirum,
1677 2744 1731 2791 et
1758 2739 2036 2796 aliisacci-

439 2805 574 2873 piet.
600 2804 878 2879 Scriptum
900 2825 985 2869 est
1020 2815 1074 2870 in
1102 2817 1226 2874 aliis
1263 2818 1599 2893 Evangeliis,
1642 2825 1953 2886 Pharisaeos
1979 2844 2034 2887 et

446 2897 587 2968 legis
605 2900 862 2960 doctores
892 2921 956 2962 ex
998 2910 1149 2964 omni
1203 2911 1640 2986 circumquaque
1675 2917 1862 2976 Judrea
1895 2937 2032 2978 con-

435 3001 689 3063 gregatos
721 2995 910 3054 fuisse.
947 3019 966 3051 ι
1003 2999 1069 3055 Et
1091 3018 1223 3059 ecce
1246 3006 1374 3070 viri,
1429 3007 1632 3076 inquit,
1665 3021 1950 3081 portantes
1974 3018 2030 3074 in

440 3087 584 3142 lecto
606 3089 768 3160 25.5
794 3091 1092 3160 hominem,
1127 3097 1221 3165 qui
1250 3103 1725 3173 eratparalyticus
1760 3123 1772 3158 :
1801 3117 1854 3163 et
1883 3126 2031 3180 quae-

435 3179 632 3234 rebant
691 3197 816 3237 eum
868 3184 1094 3248 inferre,
1135 3195 1190 3243 et
1239 3206 1443 3258 ponere
1495 3203 1622 3250 ante
1648 3214 1793 3252 eum.
1827 3179 2026 3260 Etnon

435 3271 780 3330 invenientes
830 3291 937 3346 qua
979 3287 1136 3348 parte
1200 3281 1354 3336 illum
1405 3284 1675 3343 inferrent
1708 3307 1818 3361 prie
1839 3296 2022 3362 turba,

434 3363 806 3420 ascenderunt
831 3382 1001 3438 super
1044 3379 1274 3437 tectum,
1315 3382 1369 3429 et
1425 3392 1523 3446 per
1568 3382 1781 3450 tegulas
1823 3387 2026 3443 submi-

433 3463 626 3512 serunt
655 3471 779 3511 eum
809 3473 933 3513 cum
964 3461 1106 3517 lecto
1128 3464 1183 3518 in
1218 3466 1455 3523 medium
1491 3478 1616 3526 ante
1634 3471 1842 3531 Jesum.
1872 3478 2022 3545 Quo-

433 3561 556 3599 rum
591 3546 749 3601 fidem
776 3551 1009 3618 utvidit,
1041 3552 1179 3609 dixit
1226 3559 1532 3631 paralytico
1567 3580 1580 3616 :
1609 3561 1800 3632 Ilonto,
1836 3571 2025 3625 remit-

433 3644 628 3692 tuntur
652 3639 746 3694 tibi
777 3654 994 3710 peccata
1024 3654 1136 3700 tua.
1161 3647 1227 3700 Et
1247 3662 1536 3722 coeperunt
1553 3658 1797 3729 cogitare
1817 3660 2023 3719 Scribze

431 3737 487 3781 et
518 3727 779 3786 Pharisaei
832 3733 1080 3793 dicentes
1127 3757 1140 3792 :
1183 3738 1319 3806 Quis
1380 3754 1464 3799 est
1502 3746 1593 3802 hic
1631 3727 1743 3820 qui
1777 3753 2021 3824 loquitur

435 3819 839 3892 blasphemias?
880 3825 1016 3898 Quis
1070 3839 1253 3900 potest
1308 3832 1586 3893 dimittere
1635 3819 1882 3910 peccata,
1913 3847 2020 3904 nisi

429 3913 584 3969 solus
612 3914 790 3972 Deus?
819 3917 886 3974 Ut
915 3924 1174 3992 cognovit
1194 3935 1376 3981 autem
1423 3927 1587 3987 Iesus
1651 3937 2019 4007 cogitationes

427 4018 645 4072 eorum,
684 4011 1027 4079 respondens
1049 4013 1190 4067 dixit
1214 4015 1282 4070 ad
1313 4017 1436 4077 illos
1469 4039 1481 4075 :
1509 4021 1651 4089 Quid
1678 4030 1936 4100 cegitatis
1961 4033 2018 4088 in

427 4095 688 4154 cordibus
712 4101 958 4157 vestris?
1003 4103 1147 4170 Quid
1187 4115 1272 4162 est
1318 4109 1538 4170 facilius
1579 4095 1787 4185 dicere,
1827 4119 2018 4177 Dimit-

429 4196 624 4245 tuntur
650 4191 748 4248 tibi
799 4203 1023 4263 peccata
1067 4206 1160 4252 tua
1189 4217 1202 4253 :
1235 4216 1304 4258 an
1340 4204 1525 4263 dicere
1558 4227 1568 4262 :
1607 4210 1783 4281 Surge
1811 4224 1868 4269 et
1895 4230 2017 4271 am—

429 4279 558 4335 bula
588 4283 608 4314 ⁸
639 4283 663 4336 ?
701 4302 718 4334 ι
753 4283 920 4342 Vides
957 4297 1015 4342 ut
1050 4305 1160 4346 non
1193 4304 1522 4366 exspectans
1577 4279 2017 4375 dum—loquendo

427 4373 827 4441 responderent
854 4384 947 4432 aut
981 4380 1488 4456 admurmurarent,
1522 4406 1714 4448 eorum
1732 4373 2019 4467 cogitatio-

2140 1915 2422 1984 λογοῦντες
2461 1918 2850 1990 ἐξαρτύσομεν,
2881 1919 2982 1990 τῆς
3007 1919 3269 1989 ἀληθείας
3306 1920 3558 1990 ἐχόμενοι
3609 1937 3739 1974 παν·

2138 2009 2296 2080 ταχῆ,
2324 2009 2413 2065 διὰ
2441 2010 2540 2081 τῆς
2565 2011 2660 2064 τοῦ
2697 2011 3013 2081 Πνεύματος
3043 2011 3329 2081 ἐνεργείας
3361 2029 3420 2065 τε
3453 2013 3548 2066 καὶ
3572 2013 3731 2082 χάρι-

2136 2115 2228 2163 τος
2265 2100 2500 2166 ἐξειπεῖν
2528 2102 2892 2173 πειράσομαι·
2935 2103 3097 2164 Ἐθος
3129 2101 3209 2172 τῷ
3243 2102 3458 2173 Σωτῆρι
3486 2103 3730 2174 Χριστῷ,

2138 2193 2446 2264 ποιουμένῳ
2494 2193 2758 2266 πολλάκις
2812 2195 2912 2258 τὰς
2959 2193 3264 2262 ἐπωφελεῖς
3288 2193 3550 2259 διαλέξεις
3595 2193 3734 2266 πρὸς

2135 2285 2262 2347 τοὺς
2295 2284 2587 2348 ἀσυνέτους
2612 2265 2846 2356 μάλιστα
2883 2283 3236 2357 Φαρισαίους,
3262 2283 3342 2347 εἰς
3366 2284 3428 2336 τὸ
3469 2284 3566 2353 τῆς
3599 2299 3736 2355 καρ-

2135 2373 2252 2438 δίας
2277 2374 2459 2428 αὐτῶν
2496 2375 2763 2440 ἀτενίζειν
2790 2374 2974 2445 βάθος,
2995 2375 3090 2428 καί⁸
3121 2372 3587 2444 περισκέπτεσθαι
3616 2371 3735 2425 θεοι

2136 2467 2363 2538 πρεπῶς
2394 2467 2464 2522 τά
2493 2469 2551 2522 ἐν
2575 2468 2858 2538 λογισμοῖς
2892 2467 3126 2537 ἀφώνως
3186 2465 3269 2519 ἐτι
3305 2465 3446 2520 κατὰ
3479 2465 3572 2518 τὸν
3605 2463 3732 2517 νοῦν

2138 2561 2482 2632 στρεφόμενά
2527 2578 2588 2615 τε
2654 2562 2748 2614 καὶ
2797 2561 3221 2630 άνακινούμενα,
3258 2559 3522 2629 καὶπρὸς
3557 2557 3732 2611 ταῦτα

2139 2650 2374 2722 μάλιστα
2411 2652 2506 2704 καὶ
2535 2650 2636 2715 τὰς
2663 2652 2988 2722 ἀποκρίσεις
3039 2649 3332 2710 ποιεῖσθαι,
3373 2651 3470 2703 καὶ
3495 2651 3622 2712 τοὺς
3647 2648 3734 2702 λό-

2135 2760 2264 2812 γους
2301 2743 2412 2797 εσθ’
2435 2745 2546 2807 ὅτε,
2569 2744 2668 2796 καῖ
2690 2744 2820 2807 τοὺς
2849 2743 3108 2813 ἐλέγχους
3133 2743 3259 2805 τοὺς
3291 2741 3377 2793 ἐπ’
3401 2741 3604 2805 αὐτοῖς,
3636 2742 3733 2794 καὶ

2134 2835 2194 2888 οὐ
2229 2835 2446 2898 πάντως
2475 2835 2582 2887 τῶν
2609 2835 2826 2888 οἰκείων
2849 2835 3110 2906 ῥημάτων
3135 2834 3448 2904 ἀνεξίτητον
3478 2833 3732 2903 διατηρεῖ

2133 2925 2224 2978 τὸν
2254 2926 2466 2997 εἰρμόν·
2496 2924 2634 2979 ἀλλὰ
2666 2925 2803 2997 πρὸς
2832 2926 2970 2996 ὅπερ
3008 2925 3075 2978 ἂν
3098 2925 3294 2978 ἐκεῖνοι
3342 2922 3727 2993 βουλεύωνται,

2135 3017 2230 3071 καλ⁸
2251 3017 2371 3071 καθ’
2394 3017 2622 3080 ἑαυτοὺς
2662 3016 2907 3079 ἐννοῶσι,
2955 3016 3155 3086 δριμὺς
3203 3017 3438 3086 ὑπαντᾷ,
3488 3016 3584 3069 καὶ
3640 3015 3731 3069 διὰ

2134 3109 2322 3163 τούτου
2385 3110 2620 3173 δεικνὺς,
2682 3109 2874 3179 ὅτιπέρ
2922 3111 3040 3162 ἐστι
3088 3108 3230 3162 κατὰ
3278 3107 3442 3177 φύσιν
3471 3107 3729 3172 Θεὸς.ὡς

2132 3200 2418 3269 γινώσκων
2443 3201 2512 3254 τὰ
2530 3201 2588 3253 ἐν
2613 3200 2691 3271 τῷ
2717 3199 2869 3269 βάθει
2891 3201 3142 3269 κείμενα,
3178 3201 3272 3252 καὶ
3306 3199 3535 3270 καρδίας
3565 3201 3723 3269 ἐρευ-

2126 3290 2233 3345 νῶν
2275 3291 2371 3346 καὶ
2401 3290 2654 3362 νεφρούς.
2702 3290 2951 3360 Δεχέσθω
2985 3290 3062 3355 δέ,
3105 3290 3158 3343 εῐ
3191 3307 3268 3360 τῳ
3301 3291 3470 3355 δοκεῖ,
3501 3290 3604 3360 τὴν
3632 3290 3728 3342 ἐπὶ

2122 3383 2235 3445 τοῖς
2280 3379 2593 3452 εἰρημένοις
2645 3381 3053 3453 ἐναργεστάτην
3109 3381 3384 3447 ἀπόδειξιν
3414 3382 3568 3452 παρά
3615 3382 3726 3433 τῶν

2122 3472 2327 3543 ἐτέρων
2347 3471 2770 3540 εὑαγγελιστῶν,
2815 3473 3003 3526 Λουκᾶ
3043 3471 3130 3543 δὴ,
3166 3472 3329 3543 φημὶ,
3354 3473 3447 3526 καὶ
3473 3471 3585 3524 τῶν
3625 3471 3725 3525 σὺν

2122 3565 2295 3637 αὐτῷ.
2333 3565 2651 3637 Γέγραπται
2682 3565 2876 3620 τοίνυν·
2898 3566 2956 3618 ἐν
2988 3565 3196 3636 ἐτέροις
3235 3565 3614 3634 Εὑαγγελίοις,
3644 3565 3724 3628 ὡς

2120 3654 2264 3729 ἦσάν
2287 3674 2422 3711 ποτε
2456 3657 2880 3727 συνεληλυθότες
2917 3657 3026 3714 ἀπὸ
3053 3657 3236 3727 πάσης
3271 3658 3373 3726 τῆς
3406 3655 3720 3728 περιχώρου

2119 3750 2220 3821 τῆς
2252 3749 2516 3814 Ἰουδαίας
2567 3750 2848 3820 Φαρισαῖοι
2883 3749 2977 3803 καὶ
3013 3748 3499 3818 νομοδιδάσκαλοι·
3549 3768 3567 3799 ι
3609 3749 3724 3803 Καὶ

2123 3843 2232 3896 ἰδοὺ
2255 3841 2468 3910 ἄνδρες,
2505 3843 2660 3911 φησὶ,
2688 3841 2948 3912 φέροντες
2980 3840 3072 3892 ἐπὶ
3097 3839 3289 3911 κλίνης
3310 3839 3624 3910 ἄνθρωπον,
3657 3839 3720 3902 ὃς

2117 3929 2187 4005 ἦν
2213 3932 2680 4004 παραλελυμένος,
2706 3932 2800 3985 καὶ
2822 3930 3047 4002 ἐζήτουν
3069 3930 3230 3984 αὑτὸν
3257 3931 3592 3998 εἰσενεγκεῖν
3620 3928 3720 3982 καὶ⁸

2118 4027 2292 4081 θεῖναι
2319 4024 2552 4079 ἐνώπιον
2613 4023 2799 4078 αὑτοῦ.
2863 4024 2974 4077 Καὶ
3026 4022 3100 4094 μὴ
3147 4022 3398 4093 εὑρόντες
3435 4021 3524 4075 διὰ
3554 4021 3723 4090 ποίας

2119 4119 2506 4187 εἰσενέγκωσιν
2525 4116 2690 4170 αὐτὸν
2726 4113 2816 4169 διὰ
2839 4114 2930 4168 τὺν
2966 4114 3143 4185 ὖχλον,
3200 4112 3504 4175 ἀναϐάντες
3539 4112 3637 4164 ἐπὶ
3658 4113 3721 4165 τὸ

2118 4210 2296 4281 δῶμα,
2320 4209 2408 4265 διὰ
2430 4209 2541 4264 τῶν
2572 4207 2838 4280 κεράμων
2867 4206 3121 4276 καθῆκαν
3140 4205 3302 4260 αὐτὸν
3325 4206 3422 4258 σὺν
3439 4204 3518 4275 τῷ
3541 4203 3716 4258 κλινι-

2117 4303 2215 4374 δίῳ
2239 4304 2320 4367 εἰς
2351 4303 2412 4357 τὸ
2472 4302 2660 4374 μέσον,
2707 4299 3016 4372 ἔμπροσθεν
3051 4298 3145 4352 τοῦ
3204 4296 3401 4368 Ἰησοῦ.
3438 4296 3548 4350 Καὶ
3593 4294 3717 4349 ἰδὼν

2117 4395 2219 4468 τὴν
2251 4395 2438 4449 πίστιν
2480 4394 2683 4460 αὐτῶν,
2716 4390 2838 4447 εἷπε
2867 4391 2946 4463 τῷ
2980 4391 3364 4463 παραλυτικῷ·
3399 4389 3719 4460 Ἄνθρωπε,

427 4464 594 4533 nilus
611 4478 888 4536 occurrat,
906 4480 966 4528 ut
989 4473 1148 4532 Deus.
1186 4477 1348 4534 Aliud
1369 4484 1680 4552 exemplum
1697 4464 2012 4548 istiusmodi

2132 4464 2398 4559 άιρέωνταί
2431 4505 2512 4542 σοι
2541 4489 2598 4542 αἰ
2629 4485 2900 4557 ἁμαρτίαι
2937 4502 3052 4538 σου.
3082 4483 3192 4538 Καὶ
3221 4481 3720 4574 ἣρξαντοδιαλογί-

425 4558 572 4626 apud
602 4561 854 4618 eumdem
881 4569 1147 4638 reperies.
1187 4568 1281 4625 Sic
1304 4573 1450 4627 enim
1478 4574 1674 4633 beatus
1706 4578 1884 4640 Lucas
1918 4587 2021 4641 ait:

428 4666 452 4702 ι
482 4648 710 4707 Factum
769 4664 854 4712 est
891 4669 1074 4717 autem
1111 4671 1166 4719 et
1195 4663 1251 4718 in
1282 4665 1392 4720 alio
1425 4665 1669 4726 Sabbato
1703 4681 1760 4728 ut
1786 4675 2025 4736 intraret

425 4743 481 4798 in
533 4760 894 4818 svttagogam,
957 4762 1013 4810 et
1073 4755 1317 4811 doceret.
1353 4756 1420 4812 Et
1477 4771 1596 4816 erat
1626 4763 1699 4818 ibi
1729 4767 1913 4834 homo,
1970 4784 2026 4829 et

425 4850 622 4894 manus
648 4840 768 4909 ejus
795 4841 1021 4901 dextera
1073 4853 1192 4901 erat
1216 4847 1388 4905 arida.
1421 4848 1801 4912 Observabant
1831 4871 2020 4918 autern

426 4925 634 4985 Scriba:
654 4942 710 4987 et
736 4932 996 4992 Pharisaei
1019 4938 1067 4992 si
1099 4939 1153 4993 in
1180 4937 1420 4996 Sabbato
1447 4957 1689 5014 curaret,
1713 4959 1770 5005 ut
1799 4952 2012 5009 inveni-

424 5027 550 5074 rent
583 5023 728 5080 unde
750 5037 1082 5084 accusarent
1113 5045 1261 5086 eum.
1298 5031 1418 5103 Ipse
1447 5051 1579 5091 vero
1621 5040 1833 5097 sciebat
1861 5045 2015 5116 cogi-

423 5110 660 5167 tationes
691 5129 882 5170 eorum
917 5124 1012 5171 :et
1039 5117 1117 5171 ait
1148 5118 1362 5176 homini
1391 5124 1485 5192 qui
1513 5124 1748 5182 habebat
1787 5110 2010 5185 Inantim

421 5201 670 5259 aridam:
698 5205 894 5277 Surge,
924 5216 978 5263 et
1024 5215 1109 5263 sta
1144 5209 1198 5264 in
1244 5214 1505 5270 medium.
1530 5215 1597 5271 Et
1625 5234 1881 5289 surgens,
1904 5230 2016 5277 ste-

422 5293 505 5347 tit.
535 5295 822 5353 Aitautem
885 5299 954 5354 ad
1007 5299 1137 5358 illos
1183 5299 1767 5380 Jesus:lnterrogabo
1812 5329 1930 5378 vos,
1965 5315 2012 5371 si

421 5383 546 5440 licet
574 5385 812 5444 Sabbato
830 5389 1178 5456 benefacere,
1214 5410 1283 5450 an
1308 5397 1451 5452 male
1466 5398 1487 5429 ³
1511 5398 1534 5451 ἳ
1561 5417 1580 5449 ι
1599 5398 1768 5456 Vides
1786 5418 2007 5458 rursum

419 5477 509 5534 hic
543 5489 604 5535 ut
630 5493 925 5553 perspecto
955 5486 1122 5542 corde
1142 5503 1332 5544 eorum
1365 5490 1642 5558 quistulte
1675 5493 1857 5563 ipsum
1896 5496 2006 5550 cri-

421 5571 618 5628 tninari
648 5575 985 5644 nitebantur,
1017 5579 1120 5635 ista
1156 5582 1397 5637 dixerit?
1439 5581 1569 5638 Tale
1597 5585 1726 5653 quid
1763 5602 1929 5655 porro
1954 5605 2005 5646 .a

491 5749 509 5780 '
545 5747 676 5804 Luc.
715 5767 763 5818 v,
799 5753 978 5813 18-26.
1058 5757 1076 5788 ⁸
1119 5757 1253 5812 Luc.
1289 5772 1361 5824 γι,
1399 5756 1510 5812 6-9.

2123 4581 2309 4646 ζεσθαι
2359 4581 2409 4633 οἰ
2440 4579 2797 4651 Γραμματεῖς
2853 4577 2950 4630 καὶ
2989 4576 3042 4630 οῖ
3079 4576 3390 4646 Φαρισαῖοι,
3419 4573 3673 4642 λέγοντες
3700 4587 3714 4601 ·

2123 4674 2218 4739 Τίς
2248 4675 2398 4726 ἐστιν
2418 4665 2595 4734 οὗτος,
2635 4671 2696 4733 ὃς
2737 4669 2890 4723 λαλεί
2932 4668 3318 4740 βλασφημίας;
3368 4667 3466 4730 Τίς
3487 4665 3715 4719 δύναται

2122 4764 2397 4837 ἁμαρτίας
2441 4761 2683 4831 ἀφιέναι,
2732 4760 2781 4812 εί
2821 4760 2896 4830 μὴ
2918 4754 2998 4822 εἷς
3032 4761 3061 4812 ὁ
3083 4757 3250 4821 Θεό;;
3289 4755 3575 4824 Ἐπιγνοὺς
3596 4752 3653 4806 δὲ
3686 4752 3717 4803 ό

2134 4851 2362 4922 Ἰησοῦς,
2399 4849 2553 4920 φησι,
2585 4847 2710 4912 τοὺς
2732 4847 3120 4917 διαλογισμοὺς
3150 4846 3351 4910 αὐτῶν,
3387 4843 3715 4914 ἀποκριθεὶς

2115 4940 2234 4998 εἷπε
2267 4941 2407 5014 πρὸς
2435 4939 2632 5002 αὐτούς
2663 4953 2678 4968 ο
2714 4939 2780 4993 Τί
2817 4938 3188 5008 διαλογίζεσθε
3215 4939 3274 4989 ἐν
3303 4939 3426 5001 ταῖς
3461 4935 3714 5006 καρδίαις

2117 5033 2391 5106 ὑμῶνςΤί
2420 5034 2568 5087 ἐστιν
2590 5030 2968 5104 εὐκοπώτερον
3016 5031 3224 5095 εἰπεῖν,
3279 5027 3584 5096 Ἀφέωνταί
3627 5043 3712 5080 σοι

2115 5129 2173 5182 αἰ
2197 5126 2466 5199 ἁμαρτίαι
2502 5144 2618 5190 σου,
2653 5125 2686 5197 ἢ
2709 5127 2914 5189 εἰπεῖν,
2940 5125 3192 5194 Ἔγειραι
3218 5122 3314 5175 καί
3335 5120 3629 5192 περιπάτει
3655 5136 3704 5184 ;ι

2132 5220 2295 5291 Ὁρᾷς
2327 5221 2475 5283 ὅπως
2495 5220 2556 5272 οὐ
2587 5219 2913 5290 περιμείνας
2936 5217 3037 5287 τὴν
3071 5218 3130 5269 ἐν
3154 5215 3410 5286 προφορᾷ
3444 5212 3710 5283 ῥημάτων

2120 5313 2432 5382 ἀπόκρισιν,
2458 5315 2580 5383 ἦτοι
2613 5308 2949 5381 γογγυσμὸν,
2990 5307 3129 5380 πρὸς
3164 5307 3265 5371 τὰς
3304 5308 3362 5359 ἐν
3404 5306 3589 5362 αὐτοῖς
3616 5307 3710 5357 ἐν-

2119 5405 2266 5468 νοίας
2303 5405 2379 5468 ὡς
2416 5405 2556 5467 Θεὸς.
2603 5403 2980 5473 ἀποκρίνεται.
3012 5400 3282 5471 Εὑρήσεις
3321 5398 3379 5452 δὲ
3420 5398 3583 5452 πάλιν
3612 5394 3711 5448 καὶ

2115 5497 2305 5567 ἑτέραν
2341 5495 2664 5566 πράγματος
2688 5495 2894 5555 εἰκόνα,
2929 5492 3070 5546 κατὰ
3112 5491 3272 5594 τοῦτο
3315 5487 3710 5594 διηρτισμὲδην

2113 5588 2172 5642 τὸ
2200 5589 2403 5660 σχῆμα.
2451 5589 2609 5657 Λέγει
2667 5587 2773 5659 γὰρ
2817 5586 2989 5650 οὕτως
3033 5587 3059 5639 ὁ
3120 5583 3390 5654 μακάριος
3439 5582 3654 5642 Λουκᾶς
3688 5589 3704 5602 ⁶
