4052 6500
311 298 422 356 415

1347 309 1414 363 IN
1452 308 1742 366 JOANNIS
1786 297 2244 369 EVANGELIUM
2295 313 2426 369 LIB.
2469 314 2559 369 Ill.

3499 314 3607 372 4M

316 439 336 474 ι
382 422 634 492 Ἐγένετο
649 424 707 478 δὲ
731 426 788 478 ἐν
811 425 986 498 ἑτέρῳ
1035 427 1298 500 Σαϐϐάτῳ
1327 431 1592 484 εἰσελθεῖν
1635 431 1797 485 αὑτὸν
1834 432 1909 495 εἰς

2026 433 2311 489 Salvatore
2337 435 2392 488 in
2421 433 2826 488 Pharisaeorum
2857 430 3135 488 mentibus
3165 429 3514 487 observatum
3547 433 3609 486 in.

183 503 200 530 ⁵
309 516 418 584 τὴν
467 515 820 588 Συναγωγὴν,
881 519 977 574 καὶ
1035 519 1330 576 διδάσκειν.
1367 524 1478 576 Καὶ
1514 520 1582 596 ἦν
1627 523 1914 593 ἄνθρωπος

307 607 451 670 ἐκεῖ,
479 607 574 659 καὶ
603 608 636 678 ἡ
658 608 786 679 χεὶρ
801 609 970 663 αὐτοῦ
988 611 1020 681 ἡ
1041 609 1192 676 δεξιὰ
1205 607 1276 684 ἦν
1302 614 1462 685 ξηρά.
1496 613 1915 686 Παρετηροῠντο

301 697 582 778 δὲιαύτὸν
637 702 688 753 οἱ
724 701 1082 772 Γραμματεῖς
1121 706 1218 757 καὶ
1259 706 1311 758 οἱ
1336 707 1643 778 Φαρισαῖοι,
1664 707 1712 759 εί
1745 708 1802 758 ὲν
1834 704 1914 775 τῷ

209 807 246 840 κ
304 789 580 862 Σαϐϐάτῳ
618 791 972 862 θεραπεύσει,
1017 795 1104 848 ἵνα
1170 795 1374 869 εὕρωσι
1427 797 1761 868 κατηγορίαν
1791 798 1910 849 κατ’

302 881 502 938 αὑτοῦ.
535 884 708 948 Αὐτὸς
739 885 795 939 δὲ
822 886 944 957 ⁴ᾔδει
962 889 1089 953 τοὺς
1117 889 1507 962 διαλογισμοὺς
1543 890 1722 944 αὐτῶν
1752 907 1766 923 ο
1815 889 1912 944 καὶ

303 969 435 1028 εἷπε
456 974 538 1046 τῷ
569 976 727 1046 ἀνδρὶ
751 976 831 1048 τῷ
859 977 1031 1050 ξηρὰν
1065 980 1244 1049 ἔχοντι
1281 982 1382 1052 τὴν
1406 985 1563 1053 χεῖρα
1584 997 1596 1010 ⁸
1633 983 1909 1053 Ἔγειραι,

303 1067 404 1122 καὶ
446 1068 608 1138 στῆθι
629 1072 712 1134 εἰς
747 1070 808 1124 τὸ
836 1071 1022 1142 μέσον.
1052 1074 1160 1126 Καὶ
1186 1075 1428 1138 αναστὰς
1447 1117 1462 1141 ,
1502 1075 1656 1146 ἔστη.
1689 1071 1826 1128 Eine
1852 1075 1911 1129 δὲ

316 1159 532 1230 Ἰησοῦς
565 1162 711 1233 πρὸς
756 1163 991 1227 αύτούς·
1038 1165 1408 1237 Ἐπερωτήσω
1447 1168 1615 1237 ὑμᾶς,
1639 1169 1688 1220 εί
1731 1165 1911 1233 ἔξεστι

299 1253 385 1324 τῷ
414 1254 686 1326 Σαϐϐάτῳ
703 1257 1128 1326 ἀγαθοποιῆσαι,
1169 1258 1202 1329 ἦ
1244 1259 1634 1328 κακοποιῆσαι.
1688 1279 1707 1311 ι
1746 1260 1911 1332 Ὁρᾷς

298 1347 368 1418 δὴ
403 1347 569 1402 πάλιν
600 1348 1148 1419 ἅνακεκαλυμμένως
1179 1353 1238 1405 ὲν
1261 1351 1494 1417 τούτοις,
1517 1352 1594 1415 ὡς
1627 1351 1708 1415 είς
1737 1350 1910 1422 αὐτὴν

296 1441 448 1515 ὁρῶν
468 1441 570 1513 τὴν
596 1438 826 1514 καρδίαν
845 1443 955 1496 τῶν
977 1445 1222 1515 ἀνοήτως
1237 1444 1518 1499 αἰτιᾶσθαι
1544 1445 1910 1517 πειρωμένων

297 1533 498 1597 αὐτὸν,
521 1535 823 1604 ἐποιήσατο
843 1535 970 1598 τοὺς
989 1535 1205 1604 λόγους.
1252 1535 1509 1600 Τοιοῦτόν
1536 1554 1588 1589 τι
1619 1536 1781 1591 πάλιν
1811 1535 1910 1589 καὶ

297 1626 398 1679 ἐπὶ
420 1625 870 1698 τῷπροκειμένῳ
898 1628 1050 1699 ῥητῷ
1085 1629 1460 1701 τεθεωρῆσθαι
1483 1629 1637 1700 παρὰ
1657 1628 1751 1682 τοῦ
1791 1629 1909 1683 Σωο

296 1717 471 1790 τῆρος
494 1719 553 1770 ὲν
576 1721 698 1782 ταῖς
719 1717 829 1771 τῶν
848 1720 1160 1790 Φαρισαίων
1178 1721 1440 1785 διανοίαις
1466 1722 1905 1793 ύποτοπήσομεν.

303 1807 469 1878 Ὄψει
496 1809 555 1863 δὲ
583 1809 684 1880 τὴν
702 1810 920 1864 εὐθεῖαν
966 1810 999 1882 ἢ
1031 1811 1132 1883 τὴν
1167 1811 1260 1866 τοῦ
1289 1813 1616 1883 πράγματος
1635 1812 1785 1867 θέσιν
1808 1814 1911 1867 οὐκ

296 1903 752 1958 ἀπολακτίσαντα
780 1904 875 1958 τὸν
911 1904 1097 1974 λόγον,
1133 1906 1344 1961 ἕκαστα
1363 1909 1474 1960 τῶν
1504 1908 1606 1979 ήδη
1649 1925 1910 1980 προειρη-

300 1998 484 2068 μένων
509 1997 980 2070 ἁναμηρύσασθαι
1025 2000 1374 2070 κατοκνήσας
1399 1999 1676 2072 οὐδαμῶς.
1712 1999 1909 2068 Γέγονε

297 2091 483 2144 τοίνυν
516 2093 576 2144 ἐν
601 2091 746 2162 ἀρχῇ
785 2090 925 2162 πρὸς
955 2090 1201 2156 ἐκείνους
1231 2094 1261 2146 6
1299 2091 1467 2156 πολύς
1487 2111 1547 2146 τε
1572 2094 1668 2146 καὶ
1699 2093 1911 2165 μακρὸς

297 2183 485 2238 οὑτοσὶ
507 2183 688 2252 λόγος,
716 2185 810 2238 ἐπὶ
830 2183 910 2255 τῷ
955 2183 1421 2257 τεθεραπευμένῳ
1442 2185 1585 2240 κατὰ
1608 2185 1670 2239 τὸ
1697 2185 1909 2240 Σάϐϐα-

297 2293 414 2342 τον,
457 2276 556 2330 καὶ⁸
588 2275 681 2330 διὰ
733 2275 1001 2330 ποικίλων
1031 2275 1372 2347 εὑρημάτων
1399 2277 1498 2331 καὶ
1527 2277 1910 2350 συλλογισμῶν

294 2368 631 2437 ἀναπείθειν
663 2371 927 2442 ἐπειρᾶτο
980 2370 1218 2442 Χριστὸς
1247 2370 1400 2437 τοὺς,
1446 2371 1607 2444 οἵπερ
1642 2368 1781 2443 ἦσαν
1817 2373 1911 2428 ἐπὶ

295 2464 366 2533 τῇ
400 2458 502 2516 τοῦ
535 2460 820 2516 Σαϐϐάτου
863 2460 1013 2515 λύσει
1057 2462 1378 2535 δυστρόπως
1424 2463 1809 2534 ἀσχάλλοντες,
1835 2465 1912 2530 ὡς

297 2552 484 2619 ἔξεστι
511 2555 609 2606 καὶ
635 2553 808 2609 ἐλεεῖν
853 2555 912 2608 ὲν
949 2554 1241 2626 Σαόὁάτῳ,
1275 2555 1372 2610 καὶ
1399 2555 1478 2620 είς
1507 2555 1717 2620 πάντας
1739 2556 1910 2628 ἐργά-

297 2645 498 2711 ζεσθαι
544 2645 609 2700 τὺ
637 2645 867 2715 ἀγαθὸν,
895 2647 990 2701 καὶ
1044 2647 1183 2719 πρὸς
1214 2649 1447 2711 τούτοις.
1477 2649 1560 2702 ὅτι
1586 2649 1912 2718 πράγματος

294 2737 736 2809 ἀξιολογωτάτου
784 2739 945 2793 σκιὰν
979 2740 1009 2792 ό
1045 2740 1212 2812 νόμος
1257 2743 1499 2796 ὲποιεῖτο
1536 2740 1636 2811 τὴν
1678 2741 1826 2794 κατὰ.
1851 2741 1913 2796 τὸ

295 2831 584 2888 Σάῦὅατσν
635 2832 857 2904 ἀργίαν,
903 2832 1082 2898 ἄλλως
1113 2850 1172 2886 τε
1222 2834 1342 2897 καὶ,
1373 2835 1496 2887 ὅσον
1529 2828 1664 2904 ἧκεν
1695 2834 1776 2896 εἰς
1814 2833 1912 2904 τὴν

296 2924 530 2979 ἐκείνων
551 2925 756 2996 ψῆφον,
795 2925 1118 2994 παραλύσας
1151 2926 1250 2997 τὴν
1282 2925 1378 2980 τοῦ
1402 2925 1688 2980 Σαδδάτου
1715 2925 1911 2997 τιμὴν,

296 3018 330 3090 ἢ
365 3018 581 3074 καὶτὸν
615 3018 782 3089 νόμον
807 3018 886 3082 ὡς
924 3018 1016 3073 διὰ
1063 3017 1261 3074 τούτου
1291 3018 1356 3090 δὴ
1395 3020 1634 3090 μάλιστα
1665 3019 1913 3091 παρασε-

2017 526 2304 596 proposito
2333 525 2484 580 dicto
2522 526 2889 596 suspicamur.
2924 522 3082 589 Quod
3124 523 3171 578 si
3199 537 3261 577 ea
3298 538 3418 592 qua:
3451 523 3605 592 prius

2015 617 2162 672 dicta
2189 624 2320 672 sunt
2347 626 2594 686 repetere
2626 630 2734 669 non
2781 614 3348 687 gravaberis,videbis
3389 627 3419 667 a
3456 624 3607 668 recta

2015 711 2181 772 linea,
2217 716 2312 762 aut
2336 709 2416 763 rei
2446 707 2643 762 ordine
2676 721 2987 762 sermonem
3011 721 3118 760 non
3146 705 3424 761 recedere.
3466 703 3608 760 Lou-

2012 803 2220 873 giorem
2275 801 2461 871 itaque
2512 799 2670 853 initio
2719 815 2845 853 cum
2891 799 3027 867 ipsis
3061 798 3128 853 de
3146 813 3212 852 eo
3233 799 3326 868 qui
3361 797 3608 852 Sabbato

2012 902 2244 948 curatus
2272 892 2452 948 fuerat
2486 892 2914 962 disputationem
2935 891 3198 960 suscepit,
3223 891 3500 960 variisque
3517 905 3610 944 ra-

2014 985 2258 1040 tionibus
2279 993 2335 1040 et
2363 983 2704 1056 argumentis
2733 983 2968 1053 probare
2993 980 3254 1037 Christus
3301 982 3611 1037 conabatur

2012 1079 2080 1133 iis
2103 1077 2196 1147 qui
2231 1075 2536 1132 Sabbatum
2574 1091 2700 1132 esse
2732 1075 2996 1130 violatum
3043 1087 3328 1143 perperam
3367 1072 3612 1142 indigna.

2011 1170 2238 1236 bantur,
2283 1170 2451 1224 licere
2509 1168 2762 1223 misereri
2812 1166 2882 1220 in'
2911 1163 3174 1228 Sabbato,
3247 1172 3302 1220 et
3352 1166 3611 1220 omnibus

2012 1261 2356 1330 benefacere,
2388 1269 2444 1317 et
2494 1249 2786 1332 praeterea,
2822 1258 3002 1328 legem
3059 1256 3404 1313 sabbaticum
3434 1255 3610 1310 otium

2012 1356 2260 1411 umbram
2289 1355 2560 1411 statuisse
2607 1353 2684 1407 rei
2714 1350 3076 1421 dignissimae,
3131 1347 3439 1418 praesertim
3485 1361 3612 1399 cum

2010 1447 2213 1511 soluto,
2239 1445 2406 1517 256
2426 1452 2486 1500 ut
2508 1445 2584 1499 illi
2612 1443 2825 1507 volunt,
2843 1439 3102 1504 Sabbato,
3133 1439 3375 1509 sivelege
3392 1453 3489 1508 per
3510 1438 3615 1493 hoc

2009 1541 2250 1595 maxime
2286 1540 2510 1600 violata.
2536 1551 2661 1594 sese
2692 1535 2926 1590 missum
2958 1533 3126 1589 etiam
3178 1547 3207 1586 a
3269 1531 3433 1588 Patre
3478 1547 3615 1586 con-

2010 1633 2280 1698 ﬁrmaret,
2311 1639 2366 1688 et
2393 1631 2770 1686 testimonium
2811 1627 2882 1682 ab
2923 1629 3046 1695 ipso
3071 1625 3301 1690 habere,
3343 1632 3397 1679 et
3425 1623 3615 1678 omnia

2009 1742 2178 1798 opera
2210 1723 2592 1780 consentiente
2620 1721 2786 1776 Patre
2831 1719 3035 1784 facere,
3088 1718 3240 1773 clare
3286 1722 3614 1786 exponeret.

2011 1819 2298 1874 Adversus
2332 1817 2468 1884 haec,
2510 1824 2572 1869 ut
2622 1813 2908 1884 probabile
2958 1819 3075 1878 est,
3113 1811 3250 1866 illud
3271 1809 3612 1880 excogitant,

2012 1911 2251 1966 maxime
2298 1923 2424 1964 cum
2478 1908 2616 1979 legis
2651 1907 2849 1962 litterae
2892 1905 3250 1970 inhaererent,
3281 1910 3337 1958 et
3371 1901 3614 1957 Mosaica

2013 2012 2284 2074 lirzecepta
2341 2016 2562 2073 semper
2601 2000 2926 2070 allegarent,
2960 2007 3016 2052 et
3049 1999 3104 2052 in
3133 2012 3327 2052 eorum
3377 1995 3616 2050 lectione

2011 2097 2348 2152 exercitatos
2375 2109 2436 2149 se
2457 2092 2811 2149 venditarent
2839 2110 2852 2145 :
2881 2089 3156 2157 Quidnam
3193 2086 3330 2142 illud
3355 2095 3441 2142 est
3463 2086 3614 2157 quod

2013 2189 2084 2244 ab
2113 2203 2180 2244 eo
2215 2186 2460 2243 dicitur?
2488 2192 2543 2240 et
2563 2183 2846 2256 quomodo
2871 2196 3253 2238 consensurus
3278 2179 3327 2234 ei
3352 2188 3436 2235 est
3472 2178 3616 2234 Deus

2013 2298 2077 2340 ac
2100 2281 2264 2338 Pater
2287 2281 2461 2353 legem
2483 2277 2759 2336 solventi?
2778 2275 3078 2346 Ecquando
3096 2287 3224 2329 vero
3240 2271 3616 2327 testimonium

2013 2372 2321 2446 perhibuit,
2336 2380 2433 2427 aut
2453 2385 2617 2440 quam
2644 2368 2974 2425 sententiam
2993 2365 3063 2420 de
3084 2365 3202 2436 ipso
3225 2362 3384 2418 tulit?
3403 2360 3479 2414 Ex
3498 2360 3616 2416 Illo-

2017 2467 2185 2524 saicis
2207 2465 2355 2519 enim
2381 2463 2610 2534 scriptis
2630 2461 2958 2534 agnovimus
2983 2455 3334 2513 descendisse
3363 2452 3531 2507 Deum
3559 2452 3616 2507 in

2017 2569 2263 2616 montem
2293 2554 2451 2620 Sina,
2477 2556 2655 2610 visam
2685 2567 2813 2609 esse
2843 2549 3097 2621 patribus
3128 2547 3337 2603 nostris
3376 2544 3617 2615 speciem

2015 2653 2063 2722 ej
2073 2647 2280 2707 us.Vox
2295 2647 2651 2718 ejus,inquit,
2667 2646 2734 2700 ad
2751 2644 2997 2698 auditum
3015 2641 3287 2712 pervenit,
3301 2640 3521 2694 locutus
3531 2643 3620 2694 est

2013 2747 2117 2801 toti
2134 2740 2549 2814 congegrationi
2578 2757 2590 2794 :
2611 2752 2834 2795 servare
2844 2736 3012 2807 jussit
3027 2735 3174 2789 diem
3201 2733 3452 2797 Sabbati,
3470 2733 3622 2788 clare

2016 2837 2348 2909 praecipiens
2386 2835 2442 2889 in
2469 2833 2618 2888 hunc
2641 2831 2862 2885 modum
2897 2847 2912 2884 :
2945 2847 2964 2880 ι
2995 2827 3271 2882 Memento
3303 2826 3447 2880 diem
3478 2825 3618 2881 Sab-

2017 2931 2274 2987 batorum
2324 2927 2676 2983 sanctiﬁcare
2715 2937 2861 2978 eam.
2899 2920 3007 2976 Sex
3044 2921 3244 2976 diebus
3271 2919 3616 2989 operaberis,

2018 3031 2075 3080 et
2118 3022 2292 3078 facies
2355 3020 2542 3074 omnia
2579 3031 2748 3089 opera
2799 3025 2893 3071 tua
2924 3034 2939 3071 :
2969 3013 3203 3083 septima
3246 3018 3430 3066 autem
3495 3010 3617 3078 die,

295 3111 509 3182 ὁηκὼς,
536 3112 634 3166 καὶ
679 3111 1021 3167 ἀπεστάλθαι
1071 3111 1227 3184 παρὰ
1252 3110 1348 3166 τοῦ
1378 3112 1514 3166 Θεοῦ
1548 3115 1642 3166 καὶ
1665 3112 1898 3183 Πατρὺς,

2013 3116 2250 3172 Sabbata
2283 3120 2478 3169 sancta
2531 3110 2762 3165 Domino
2802 3107 2912 3162 Deo
2945 3117 3062 3160 tuo.
3105 3103 3226 3158 Non
3260 3101 3430 3158 facies
3467 3101 3522 3156 in
3555 3115 3620 3155 ea

293 3206 394 3259 καὶ
419 3204 542 3259 λίαν
565 3205 802 3269 εὐτόνως
822 3201 1209 3277 διισχυρίζετο,
1235 3206 1334 3261 καὶ
1358 3206 1582 3276 προσέτι
1608 3209 1908 3278 μαρτυρεῖ-

296 3298 425 3353 σθαι
466 3297 601 3368 παρ’
629 3296 824 3362 αὐτοῦ,
849 3298 948 3352 καὶ
971 3299 1392 3370 συνευδοκήσειν
1424 3300 1511 3366 ἐφ’
1531 3299 1760 3362 ἅπασιν,
1792 3296 1908 3353 οἴσ-

294 3405 404 3460 περ
420 3389 491 3444 ἂν
522 3388 845 3460 ἐργάσαιτο,
871 3388 1110 3445 διελάλει
1143 3389 1352 3459 σαφῶς.
1375 3389 1522 3461 Πρὸς
1544 3390 1741 3458 ταῦτα,
1763 3391 1908 3446 κατά

291 3496 356 3548 γε
391 3480 454 3532 τὸ
493 3481 554 3534 ἐν
597 3479 883 3551 λογισμοῖς
933 3481 1186 3547 πιθανὸν,
1221 3480 1638 3554 διενθυμοῦνται
1673 3483 1836 3538 πάλιν
1854 3485 1906 3538 οί

291 3571 586 3655 Φαρισαῖοι
617 3569 742 3623 καθ’
777 3571 1026 3637 ἑαυτοὺς,
1064 3571 1161 3625 ἆτε
1195 3571 1260 3642 δὴ
1291 3572 1404 3634 τοῖς
1448 3574 1696 3642 νομικοῖς
1733 3590 1905 3645 προσ-

294 3662 614 3736 εδρεύοντες
638 3664 986 3734 γράμμασιν,
1006 3662 1094 3718 ἀεί
1115 3680 1174 3717 τε
1189 3664 1288 3726 τὰς
1313 3662 1402 3717 διὰ
1417 3664 1661 3729 Μωσέως
1685 3665 1906 3731 ἐντολὰς

296 3756 716 3828 προϊσχόμενοι,
751 3757 848 3810 καὶ
883 3756 1254 3825 ἀνεγνωκέναι
1286 3756 1560 3826 λέγοντες,
1586 3758 1671 3822 τίς
1695 3759 1724 3812 ό
1753 3757 1907 3830 παρὰ

293 3845 492 3901 τούτου
525 3846 685 3915 λόγος
711 3862 726 3876 ο
762 3845 880 3910 πῶς
901 3845 959 3899 δὲ
983 3845 1135 3918 αὐτῷ
1165 3847 1552 3920 συνευδοκήσει
1570 3848 1906 3919 παραλύοντι

291 3937 386 3993 τὸν
410 3937 578 4010 νόμον
609 3940 638 3992 6
667 3938 803 4002 Θεὸς
841 3939 938 3992 καὶ
958 3939 1149 4010 Πατήρ
1169 3957 1184 4006 ;
1208 3939 1342 3992 πότε
1365 3938 1422 3994 δὲ
1453 3940 1903 4012 μεμαρτύρηκεν,

291 4033 328 4104 ἢ
375 4031 508 4087 τινα
563 4032 748 4103 ψῆφον
781 4032 1080 4103 ἐποιήσατο
1131 4032 1261 4102 περὶ
1299 4032 1504 4100 αὑτοῦ;
1550 4033 1648 4090 Ἐκ
1681 4033 1906 4105 μὲνγὰρ

292 4124 404 4178 τῶν
442 4124 760 4179 Minaciasth
807 4125 1207 4195 συνταγμάτων
1239 4123 1589 4196 ἐγνώκαμεν,
1620 4127 1702 4180 ὅτι
1732 4143 1906 4180 κατα-

292 4218 536 4291 ϐέϐηκεν
567 4218 598 4272 6
633 4217 770 4281 Θεὸς
813 4217 909 4269 ἐπὶ
936 4217 998 4270 τὸ
1037 4217 1163 4288 ὅρος
1198 4217 1258 4271 τὸ
1280 4218 1431 4284 Σινᾶ,
1465 4217 1624 4290 ὤφθη
1655 4222 1769 4282 τοῖς
1803 4237 1907 4274 πα-

291 4313 458 4381 τράσι
505 4310 574 4364 τὸ
635 4304 778 4374 είδος
827 4308 1016 4364 αὐτοῦ.
1083 4310 1374 4382 Ἀκουστὴ,
1415 4311 1570 4382 φησι,
1621 4311 1844 4381 γέγονεν
1867 4315 1902 4384 ή

293 4401 452 4473 φωνὴ
472 4399 661 4456 αὐτοῦ’
679 4399 980 4472 λελάληκεν
998 4400 1096 4472 ὅλῃ
1122 4404 1188 4473 τῇ
1214 4403 1542 4473 Συναγωγῇ,
1567 4404 1756 4474 τηρεῖν
1779 4403 1906 4457 ἐκέ-

290 4493 460 4548 λευσε
510 4493 617 4564 τὴν
645 4492 866 4564 ἡμέραν
896 4491 992 4546 τοῦ
1024 4493 1342 4555 Σαῦϐάτου,
1373 4493 1563 4562 σαφῶς
1602 4493 1910 4560 διαστείλας
1943 4491 1987 4547 D

290 4588 393 4643 ὡδί
415 4604 434 4621 ο
466 4607 488 4642 ε
521 4586 813 4660 Μνήσθητι
833 4586 935 4657 τὴν
961 4585 1179 4658 ἡμέραν
1205 4585 1314 4640 τῶν
1341 4585 1639 4641 Σαϐϐάτων
1657 4587 1910 4655 ἁγιάζειν

289 4681 490 4741 αὑτήν.
523 4679 622 4747 Ἓξ
659 4678 876 4751 ἡμέρας
935 4681 1097 4752 ὲργᾷ,
1166 4681 1262 4734 καὶ
1319 4679 1570 4751 ποιήσεις
1617 4680 1797 4734 πάντα
1840 4682 1912 4737 τὰ

289 4775 438 4846 ἔργα
491 4790 588 4828 σου
609 4789 626 4807 ο
660 4775 728 4845 τῇ
769 4773 830 4828 δὲ
876 4774 1061 4846 ἡμέρα
1102 4775 1170 4845 τῇ
1209 4774 1441 4847 ἑϐδόμῃ,
1478 4775 1736 4833 Σάὸϐατα
1775 4779 1910 4846 ἅγια

291 4865 496 4938 Κυρίῳ
531 4865 610 4938 τῷ
631 4866 752 4937 Θεῷ
777 4883 894 4922 σου.
933 4868 1010 4920 Οὐ
1042 4868 1290 4939 ποιήσεις
1327 4871 1386 4922 ὲν
1422 4870 1562 4943 αὐτῇ
1585 4873 1698 4925 πᾶν
1719 4871 1903 4943 ἔργον.

292 4959 410 5012 Καὶ
453 4957 562 5028 οὐχ⁹
603 4958 822 5031 ἑτέρου,
865 4957 1023 5031 φησι,
1059 4958 1240 5014 ταῦτα
1275 4960 1529 5030 λέγοντος
1562 4963 1902 5036 ἠκούσαμεν,

291 5051 568 5122 αὐτήκοος
601 5046 672 5124 ἦν
695 5053 797 5124 τῆς
830 5051 1019 5106 θεόθεν
1055 5052 1242 5124 φωνῆς
1265 5053 1300 5123 ἠ
1327 5052 1438 5108 τῶν
1473 5057 1728 5129 πατέρων
1769 5058 1909 5130 πλη-

293 5143 420 5208 θὺς,
450 5143 549 5197 καὶ
583 5142 704 5214 μετ’
765 5142 1010 5208 ἐκείνους
1056 5145 1116 5200 ὲν
1166 5145 1300 5214 ἡμῖν
1333 5145 1362 5198 6
1413 5147 1586 5217 Λόγος
1618 5148 1714 5202 τοῦ
1749 5150 1905 5206 Θεοῦ.

295 5235 403 5300 Τίς
425 5235 485 5290 δὲ
512 5229 671 5300 οὗτός
697 5236 883 5302 estw;
913 5234 1103 5290 Ταῦτα
1122 5235 1286 5290 πάλιν
1305 5238 1540 5310 ἐπείπερ
1572 5241 1916 5314 ἐνθυμουμέ-

293 5344 430 5392 νους
458 5325 748 5392 ἐθεάσατο,
775 5325 993 5398 πικρῶς
1024 5325 1435 5397 ἀμαθαίνοντας
1483 5329 1782 5401 ἐξελέγχει,
1825 5333 1915 5386 λέ-

294 5432 454 5488 γωνο
485 5435 505 5470 ι
548 5415 690 5472 Οὔτε
735 5417 925 5488 φωνῆς
973 5415 1145 5470 αὐτοῦ
1193 5416 1415 5474 πώποτε
1468 5420 1772 5492 ἀκηκόατε,
1802 5423 1914 5477 οὔτ’

293 5507 444 5574 εἶδος
469 5509 640 5567 αὐτοῦ
665 5507 973 5581 ἑωράκατε,
993 5509 1194 5565 καὶτὸν
1215 5511 1390 5580 Λόγον
1414 5513 1583 5569 αὐτοῦ
1613 5516 1715 5569 οὐκ
1758 5515 1914 5587 ἔχετε

291 5604 359 5656 ιν
385 5603 520 5675 ὑμῖν
555 5600 810 5672 μένοντα,
853 5601 936 5654 ὅτι
981 5601 1039 5654 6v
1091 5602 1414 5657 ἀπέστειλεν
1450 5607 1678 5672 ἐκεῖνος,
1725 5608 1903 5681 τούτῳ

381 5775 400 5808 τ
441 5779 613 5836 Exod.
655 5795 746 5845 xx,
786 5779 839 5833 8.
919 5780 939 5810 "
977 5777 1136 5834 Joan.
1176 5798 1224 5846 v,
1263 5781 1349 5851 57,
1390 5783 1476 5838 3-8.

2017 3208 2190 3264 ullum
2209 3219 2349 3276 opus
2381 3204 2424 3255 ⁷.
2453 3221 2471 3253 ι
2512 3201 2702 3271 Neque
2751 3199 2822 3254 ab
2871 3197 3004 3262 alio,
3043 3196 3326 3266 inquiunt,
3369 3194 3486 3247 haec
3521 3207 3622 3247 au-

2015 3301 2258 3356 divimus
2290 3315 2304 3351 :
2336 3309 2526 3351 vocem
2572 3293 2843 3348 divinitus
2877 3290 3143 3347 emissam
3189 3287 3291 3358 ipsi
3321 3293 3508 3356 patres
3531 3299 3622 3338 au-

2014 3393 2332 3454 dierunt,et
2358 3395 2484 3456 post
2513 3385 2638 3439 illos
2672 3383 2852 3438 factus
2876 3389 2960 3437 est
2991 3381 3046 3434 in
3083 3377 3244 3434 nobis
3277 3375 3370 3431 Dei
3397 3390 3612 3431 sermo.

2015 3483 2119 3539 Hic
2149 3490 2335 3537 autem
2361 3479 2592 3550 quinam
2622 3475 2746 3532 est?
2770 3473 2923 3528 Talia
2953 3471 3240 3527 volventes
3275 3469 3462 3523 animo
3495 3481 3621 3520 cum

2012 3578 2278 3641 vidisset,
2342 3573 2541 3629 acerbe
2582 3570 2692 3625 illis
2746 3567 3019 3625 insaniam
3085 3563 3314 3634 objicit,
3375 3560 3620 3617 dicens:

2019 3687 2038 3721 ι
2079 3667 2269 3738 Neque
2296 3678 2484 3719 vocem
2538 3661 2659 3732 ejus
2698 3673 2940 3728 unquam
2979 3654 3236 3718 audistis,
3279 3667 3457 3722 neque
3494 3666 3624 3721 spe-

2011 3763 2153 3816 ciem
2179 3757 2299 3827 ejus
2327 3754 2546 3810 vidistis
2578 3771 2590 3807 :
2621 3760 2676 3807 et
2721 3749 2962 3806 Verbum
2994 3746 3117 3815 ejus
3169 3760 3278 3799 non
3315 3741 3533 3796 habetis
3566 3740 3624 3795 in

2011 3853 2172 3908 vobis
2206 3863 2442 3905 manens
2477 3865 2491 3901 :
2528 3844 2659 3916 quia
2691 3857 2855 3915 quem
2891 3839 3045 3894 misit
3081 3838 3195 3902 ille,
3222 3835 3352 3890 huic
3378 3850 3477 3888 vos
3512 3849 3623 3888 non

2013 3943 2240 4000 creditis
2257 3943 2300 3995 ⁸.
2329 3960 2346 3994 ι
2384 3940 2516 4007 Quae
2537 3939 2684 3993 enim
2721 3951 2816 4006 per
2839 3933 2892 3988 id
2927 3931 3190 4000 temporis
3222 3928 3454 4000 ﬁgurate
3476 3924 3623 3980 facta

2013 4043 2167 4102 sunt,
2201 4043 2260 4090 et
2310 4048 2408 4104 per
2454 4044 2578 4100 quas
2611 4027 2707 4083 Dei
2744 4026 2800 4080 in
2850 4032 3091 4080 montem
3135 4022 3270 4076 Sina
3317 4019 3622 4074 descensus

2013 4129 2150 4201 ipsis
2201 4124 2570 4189 formabatur,
2633 4120 2711 4173 illi
2742 4117 2989 4172 omnium
3022 4129 3256 4185 prorsus
3291 4109 3474 4180 ignari
3517 4123 3622 4181 pro

2012 4199 2348 4293 imaginibus
2381 4230 2568 4272 rerum
2618 4210 2953 4283 spiritaiium
2993 4223 3103 4262 non
3163 4205 3480 4276 capiebant,
3524 4199 3623 4257 sed

2011 4325 2068 4375 et
2087 4314 2338 4386 corporis
2367 4311 2546 4367 oculis
2573 4307 2726 4364 cerni
2765 4320 2929 4378 posse
2974 4309 3228 4358 naturam
3267 4299 3514 4354 divinam
3554 4303 3618 4350 et

2014 4423 2149 4466 voce
2206 4419 2474 4477 corporea
2525 4403 2604 4457 uti
2638 4400 2747 4457 sibi
2777 4400 3190 4472 persuaserant.
3238 4390 3399 4460 Quod
3421 4395 3612 4444 autem

2016 4517 2208 4558 verum
2244 4500 2318 4556 sit
2351 4497 2406 4552 id
2445 4493 2594 4566 quod
2635 4495 2701 4549 de
2726 4492 2864 4563 ipsis
2896 4505 2927 4544 a
2963 4487 3251 4543 Salvatore
3281 4483 3490 4538 dictum
3512 4489 3622 4547 est,

2015 4603 2074 4651 et
2105 4592 2257 4666 quod
2286 4605 2468 4662 neque
2501 4589 2689 4644 Deiac
2726 4583 2912 4640 Patris
2935 4597 3124 4639 vocem
3163 4591 3408 4649 unquam
3437 4573 3624 4629 audie-

2014 4690 2150 4753 rint,
2203 4700 2382 4757 neque
2437 4683 2577 4738 adeo
2618 4677 2910 4750 corporeis
2967 4673 3148 4729 oculis
3202 4670 3442 4742 speciem
3499 4667 3623 4735 ejus

2014 4781 2316 4854 quisquam
2367 4776 2595 4839 viderit,
2655 4772 2763 4826 hoc
2796 4778 2885 4826 est
2931 4767 3104 4822 ullum
3135 4764 3186 4819 ei
3215 4761 3368 4818 omni
3405 4761 3625 4814 ratione

2017 4852 2284 4938 similem,
2313 4883 2496 4940 operae
2527 4866 2771 4936 pretium
2795 4863 2938 4917 duco
2959 4860 3026 4914 ad
3059 4855 3374 4929 spiritalem
3401 4852 3624 4922 indaga-

2012 4968 2217 5021 tionem
2244 4978 2308 5018 ea
2327 4977 2450 5032 qum
2472 4962 2526 5013 in
2562 4957 2752 5012 Exodo
2773 4955 2981 5024 scripta
3021 4958 3154 5008 sunt
3182 4948 3453 5022 proferre.
3480 4946 3624 5006 Sunt

2016 5065 2197 5113 autem
2231 5052 2550 5112 istiusmodi
2583 5069 2596 5106 :
2636 5070 2654 5102 ι
2704 5048 2772 5104 Ει
2804 5046 2998 5104 eduxit
3027 5044 3247 5117 Moyses
3277 5043 3542 5116 populum
3567 5042 3624 5096 in

2014 5165 2314 5206 occursum
2375 5145 2472 5202 Dei
2526 5161 2559 5201 e
2605 5142 2809 5200 castris
2839 5159 2854 5196 :
2879 5151 2934 5197 et
2963 5142 3266 5196 astiterunt
3295 5137 3402 5194 sub
3436 5143 3625 5191 monte

2015 5241 2169 5298 Sin.
2205 5240 2362 5296 Mons
2393 5247 2576 5294 autem
2606 5237 2738 5292 Sina
2777 5218 3027 5290 fumabat
3063 5240 3236 5296 totus,
3264 5246 3332 5286 eo
3353 5228 3502 5300 quod
3527 5227 3624 5281 de-

2015 5334 2309 5392 scenderat
2337 5333 2500 5404 257
2526 5347 2694 5402 super
2723 5342 2851 5385 eum
2890 5327 3034 5383 Deus
3064 5328 3116 5382 in
3151 5325 3298 5396 igne.
3328 5321 3392 5375 Et
3421 5333 3620 5374 ascen-

2017 5428 2179 5484 debat
2207 5427 2416 5492 fumus,
2441 5435 2706 5496 tanquam
2731 5422 2918 5478 fumus
2939 5417 3207 5476 fornacis.
3234 5416 3301 5469 Et
3325 5409 3620 5479 obstupuit

2017 5522 2199 5577 omnis
2228 5519 2468 5591 populus
2495 5513 2877 5574 valde.Fact;e
2903 5521 3034 5569 sunt
3063 5518 3248 5564 autem
3274 5519 3442 5560 voces
3471 5501 3620 5556 tubae

2013 5613 2410 5686 praecedentes,
2432 5611 2602 5669 fortes
2628 5608 2804 5665 valde.
2830 5605 3046 5676 Moyses
3070 5598 3401 5672 loquebatur
3437 5593 3618 5650 :Deus
