4052 6504
493 305 603 360 “5
1455 307 1514 363 S.
1553 307 1832 366 CYRILLI
1870 305 2340 364 ALEXANDRINI
2377 307 2700 365 ARCHIEP.
3643 306 3750 364 4Ιῦ

493 427 672 473 autem
706 419 1072 489 respondebat
1103 419 1151 475 ei
1173 421 1396 476 voce’.»
1426 421 1491 476 Et
1519 422 2052 494 istiusmodiquiden

2173 423 2331 491 ὑμεῖς
2357 423 2420 476 οὑ
2449 439 2759 477 πιστευετε.
2801 439 2820 474 ι
2852 421 2932 475 Τὰ
2958 421 3066 492 γὰρ
3081 421 3138 474 ἐν
3155 420 3312 492 τύπῳ
3340 420 3600 490 γεγονότα
3627 426 3744 477 κατ’

490 519 575 564 est
594 511 983 576 sapientissimi
996 510 1193 581 Moysis
1211 513 1518 568 oraculum.
1536 514 1644 570 Sed
1663 528 1831 578 nunc,
1846 514 2052 582 Opinor1

2167 515 2344 567 ἐκεῖνο
2380 512 2476 568 τοῦ
2535 514 2752 586 καιροῦ,
2788 514 2882 568 καὶ
2924 514 2992 567 δι’
3033 509 3110 566 ῶν
3138 514 3322 577 αὐτοῖς
3354 515 3386 584 ἠ
3422 512 3516 566 ἐπὶ
3540 513 3602 567 τὸ
3630 514 3750 586 ὄρος

489 597 887 653 ostendendum
913 600 1071 654 nobis
1089 609 1172 655 est
1191 599 1409 656 Judaaos
1438 602 1492 656 in
1520 603 1839 670 opinionem
1863 604 1930 658 de
1957 602 2052 658 Det

2166 605 2228 658 τὸ
2262 607 2395 659 Σινά
2423 605 2647 670 κάθοδος
2689 608 2822 676 ἐσχη
2832 602 3088 676 ματίζετο
3103 605 3197 658 τοῦ
3219 604 3380 670 Θεοῦ,
3399 605 3571 660 ταῦτα
3592 605 3750 660 πάλιν

489 689 646 742 valde
670 687 956 743 ridiculam
1016 706 1139 746 esse
1186 691 1464 762 delapsos,
1520 694 1613 764 qui
1664 695 1912 765 putarint
1942 711 2052 750 eun

2169 697 2371 761 εἰδότες
2403 697 2574 763 οὐδὲν,
2619 698 2721 751 οὑκ
2753 699 2836 760 είς
2873 698 3089 760 εἰκόνας
3130 697 3474 768 πραγμάτων
3512 695 3754 766 ἐδέχοντο

488 778 608 847 ejus
657 781 896 850 speciem
961 797 1020 835 se
1058 781 1284 849 vidisse,
1345 791 1460 836 tum
1491 799 1681 839 vocem
1724 802 1832 856 qua
1865 794 2052 841 natura

2169 788 2395 858 νοητῶν,
2430 787 2542 841 ἀλλ’
2566 788 2720 851 ὄντες
2759 787 2858 859 [aL
2893 786 3084 856 ὅντως]
3122 790 3352 850 καὶτοῖς
3373 787 3467 840 τοῦ
3504 786 3754 857 σώματος

487 871 671 926 divina
711 872 937 942 praedita
963 874 1034 930 sit
1062 890 1122 929 re
1153 891 1279 930 vera
1304 876 1544 934 audisse.
1577 878 1686 947 Age
1717 879 1921 946 itaque,
1943 878 2052 934 Sal-

2170 879 2470 949 ὀφθαλμοῖς
2523 880 2726 950 όρατὴν
2775 875 2913 932 εἶναι
2961 878 3221 932 δύνασθαι
3271 879 3370 949 τὴν
3413 878 3564 930 Θείαν
3588 876 3754 948 ᾤοντο

485 962 692 1016 vatoris
731 964 905 1032 gratia
927 971 981 1017 et
1019 965 1358 1035 benignitate
1395 968 1611 1029 contisi,
1653 969 1848 1024 litterae
1873 969 2052 1038 legalis

2173 969 2354 1039 φύσιν,
2388 971 2482 1022 καὶ
2517 974 2666 1041 φωνῇ
2707 973 2995 1041 σωματικῇ
3037 971 3337 1040 κεχρῆσθαι
3367 969 3754 1022 πεπιστεύκειο

484 1053 787 1107 crassiticm
818 1054 883 1108 ad
931 1056 1232 1124 spiritalem
1261 1058 1780 1126 contemplationem
1809 1059 2052 1115 subtilius

2174 1078 2294 1116 σαν.
2341 1063 2460 1114 Ὅτι
2485 1061 2538 1114 δὲ
2569 1061 2774 1132 ἀληθὴς
2804 1063 2889 1115 ἐπ’
2920 1063 3104 1125 αὑτοῖς
3132 1062 3227 1116 τοῦ
3258 1063 3509 1132 Σωτῆρος
3543 1063 3571 1113 ὁ
3600 1060 3755 1128 λόγος

482 1145 906 1201 transferamus.
973 1147 1063 1200 Sic
1099 1147 1244 1201 enim
1292 1149 1577 1218 apparebit
1618 1165 1836 1219 quoque
1873 1166 2052 1205 verum

2173 1147 2262 1222 ἦν,
2291 1152 2386 1205 καὶ
2407 1150 2530 1204 οὔτε
2563 1153 2746 1223 φωνῆς
2767 1154 3038 1224 ἀκηκόασί
3077 1171 3208 1207 ποτε
3230 1153 3322 1206 τοῦ
3355 1153 3490 1205 Θεοῦ
3512 1153 3610 1206 καὶ
3647 1155 3755 1206 Πα-

482 1235 614 1288 illud
646 1252 769 1292 esse
815 1237 961 1306 quod
1001 1239 1066 1292 ad
1100 1238 1404 1294 Pharisazos
1432 1240 1499 1294 de
1538 1240 1649 1294 Deo
1685 1241 1890 1296 dictum
1929 1249 2013 1296 est
2045 1261 2052 1296 :

2170 1243 2315 1314 τρὸς,
2342 1241 2465 1295 οῦτε
2499 1243 2596 1312 μὲν
2617 1243 2738 1312 ὄψει
2781 1247 2847 1315 τῇ
2875 1244 2964 1298 διὰ
3008 1243 3260 1314 σώματος
3285 1244 3535 1298 τεθέαταί
3559 1262 3642 1308 τις
3679 1241 3755 1298 εἴ·

489 1343 508 1375 ι
546 1323 734 1394 Neque
785 1343 974 1382 vocem
1015 1328 1134 1398 ejus
1173 1344 1410 1398 unquam
1453 1329 1711 1395 audistis,
1737 1345 1916 1399 neque
1941 1346 2052 1400 spe-

2167 1333 2254 1396 δος
2270 1333 2457 1397 αὑτοῦ,
2471 1333 2716 1386 τουτέστι
2739 1335 2830 1387 τὸν
2847 1337 3031 1405 ὅμοιον
3054 1335 3202 1405 αὑτῷ
3220 1335 3360 1388 κατὰ
3379 1336 3554 1389 πάντα
3578 1336 3753 1404 λόγον,

482 1416 621 1469 ciem
653 1417 773 1486 ejus
797 1419 1029 1474 vidistis.
1074 1438 1094 1470 ι

2166 1426 2363 1495 χρῆναι
2392 1426 2550 1479 πάλιν
2583 1425 2844 1490 ἐπιδεῖξαι
2874 1426 3060 1496 σαφῶς
3094 1427 3464 1498 ὑπολαμϐάνω
3496 1428 3566 1480 τά
3595 1428 3652 1480 ἐν
3689 1431 3752 1500 τῇ

495 1507 690 1577 Ἐξόδῳ
710 1508 1070 1579 γεγραμμένα
1105 1511 1418 1581 παραθέντα
1450 1512 1587 1583 πρὸς
1616 1510 1843 1582 ἔρευνάν
1876 1530 1935 1565 τε
1967 1513 2060 1566 καὶ
2099 1513 2333 1584 βάσανον
2362 1519 2764 1589 πνευματικήν.
2802 1519 2955 1587 Ἕχει
2984 1518 3042 1570 δὲ
3069 1518 3241 1582 οὕτως
3267 1536 3280 1550 ο
3329 1537 3348 1571 ι
3373 1519 3484 1573 Καὶ
3522 1520 3755 1590 ἐξήγαγε

480 1604 684 1672 Μωσῆς
707 1605 797 1657 τὸν
823 1606 948 1658 λαὸν
972 1609 1049 1670 είς
1088 1609 1188 1677 τὴν
1217 1609 1540 1678 συνάντησιν
1561 1607 1656 1662 τοῦ
1695 1608 1832 1661 Θεοῦ
1863 1610 1927 1663 ἐκ
1994 1613 2093 1680 τῆς
2134 1613 2507 1684 παρεμϐολῆς,
2577 1613 2672 1667 καὶ
2707 1614 3061 1685 παρέστησαν
3109 1615 3212 1668 ὑπὸ
3240 1615 3365 1687 ὅρος
3411 1617 3471 1670 τὸ
3504 1617 3651 1670 Σινᾶ.
3685 1617 3754 1671 Τὸ

479 1695 536 1748 δέ
563 1696 687 1766 ὅρος
721 1699 782 1750 τὸ
812 1700 943 1752 Σινᾶ
975 1701 1298 1766 ἐκαπνίζετο
1322 1703 1440 1756 ὅλον
1462 1703 1550 1756 διὰ
1589 1704 1650 1757 τὸ
1677 1705 2118 1776 καταϐεϐηκέναι
2155 1708 2245 1763 τὸν
2267 1709 2400 1762 Θεὸν
2434 1709 2520 1762 ἐπ’
2545 1709 2711 1762 αὐτοῦ
2772 1713 2831 1763 ἐν
2877 1711 3030 1780 πυρί.
3090 1711 3199 1765 Καὶ
3233 1711 3518 1765 ἀνέϐαινεν
3574 1713 3602 1764 ό
3657 1729 3756 1766 κα-

479 1786 630 1850 πνδς,
658 1788 734 1852 ὡς
783 1792 988 1856 καπνὸς
1045 1794 1299 1863 καμίνου.
1358 1796 1469 1848 Καὶ
1523 1795 1720 1864 ἐξέστη
1754 1800 1862 1860 πᾶς
1889 1799 2067 1864 ὀλαὸς
2108 1801 2332 1872 σφόδρα.
2372 1801 2644 1870 Ἐγίνοντο
2676 1801 2735 1854 δὲ
2795 1802 2852 1855 αἰ
2890 1801 3067 1871 φωναὶ
3111 1805 3209 1872 τῆς
3251 1803 3554 1872 σάλπιγγος
3620 1819 3753 1874 προ·

477 1878 785 1958 ϐαίνουσαι,
809 1886 1026 1954 ἰσχυραὶ
1065 1886 1292 1956 σφόδρα.
1317 1889 1525 1958 Μωσῆς
1559 1888 1759 1952 ἐλάλει,
1795 1893 1823 1942 ό
1881 1891 1939 1944 δὲ
2003 1893 2137 1956 Θεὸς
2175 1893 2512 1964 ἀπεκρίνατο
2546 1893 2696 1964 αὐτῷ
2725 1897 2898 1964 φωνῇ.
2920 1914 2937 1946 ι
2987 1888 3116 1947 Ὧδε
3160 1895 3259 1966 μὲν
3291 1891 3386 1949 οῦν
3412 1897 3543 1966 ἡμῖν
3572 1897 3634 1950 τὸ
3665 1897 3754 1951 τοῦ

477 1969 753 2038 πανσόφου
803 1973 1044 2036 Μωσέως
1087 1974 1268 2042 λόγιον
1324 1975 1456 2046 ἔχει.
1513 1979 1633 2030 Δεῖν
1659 1978 1713 2030 δέ
1752 1974 1925 2049 οἶμαι,
1960 1983 2055 2034 καὶ
2091 1985 2186 2036 νῦν
2214 1985 2293 2046 εἰς
2314 1983 2662 2052 γελοιοτάτην
2686 1984 3194 2050 κατολισθαίνοντας
3233 1987 3363 2056 περὶ
3400 1986 3536 2039 Θεοῦ
3602 1987 3757 2054 δόξαν

474 2065 600 2128 τοὺς
639 2065 927 2129 Ἰουδαίους
957 2067 1220 2138 ἐλέγχειν,
1254 2071 1348 2123 καί
1365 2069 1496 2123 αὑτὸ
1522 2071 1812 2126 τεθεᾶσθαι
1869 2074 1931 2127 τὸ
1994 2073 2132 2141 εἶδος
2169 2077 2455 2146 οἰηθέντας
2486 2075 2673 2141 αὐτοῦ,
2707 2077 2800 2131 καὶ
2827 2079 3058 2134 ἀκοῦσαι
3089 2084 3190 2152 τῆς
3229 2081 3396 2145 ὅντως
3430 2081 3656 2152 ἐνούσης
3693 2083 3755 2152 τῇ

476 2155 596 2226 θείᾳ
624 2157 783 2224 φύσει
825 2157 1032 2227 φωνῆς.
1076 2159 1210 2226 Ἀγε
1241 2159 1304 2230 δὴ
1349 2159 1530 2213 τοίνυν
1565 2163 1631 2232 τῇ
1674 2161 1766 2214 τοῦ
1809 2163 2059 2235 Σωτῆρος
2099 2167 2523 2238 ὲπιθαρσοῦντες
2543 2173 2779 2245 χορηγία
2819 2172 2915 2224 καὶ
2946 2171 3152 2240 χάριτι,
3213 2170 3313 2242 τὴν
3366 2172 3461 2226 τοῦ
3533 2175 3754 2244 νομικοῦ

474 2251 762 2322 παχύτητα
793 2253 1120 2323 γράμματος
1143 2255 1222 2316 εἰς
1280 2256 1657 2327 πνευματικὴν
1718 2256 1950 2328 θεωρίαν
2018 2260 2502 2336 ἀπολεπτύνωμεν.
2536 2268 2692 2322 Οὕτω
2719 2266 2830 2337 γὰρ
2886 2265 3123 2335 μάλιστα
3162 2267 3407 2333 φανεῖται
3439 2267 3534 2320 καὶ
3561 2265 3757 2333 ἀληθὲς

471 2344 534 2396 τὸ
575 2345 711 2414 πρὸς
765 2345 1092 2415 Φαρισαίους
1134 2346 1423 2417 εἰρημένον
1477 2348 1607 2419 περί
1656 2349 1824 2402 Θεοῦ’
1861 2369 1878 2402 ι
1913 2348 2052 2403 Οῦτε
2095 2355 2279 2425 φωνὴν
2333 2358 2498 2412 αὑτοῦ
2555 2357 2778 2413 πώποτε
2833 2357 3132 2428 ἀκηκόατε,
3188 2356 3316 2411 οῦτε
3387 2355 3528 2423 εἶδος
3593 2358 3756 2414 αὑτοῦ

473 2439 776 2508 ἑωράκατε.
815 2456 834 2489 ι

543 2531 700 2600 Quod
736 2535 901 2604 igitur
934 2536 1172 2605 pepulus
1220 2536 1274 2590 in
1317 2551 1611 2592 occursum
1643 2536 1736 2594 llei
1778 2538 2052 2605 educitur,

2231 2539 2304 2592 Τὸ
2359 2540 2455 2610 μὲν
2489 2535 2584 2593 οὖν
2617 2539 2706 2592 διά
2753 2537 2996 2602 Μωσέως
3042 2537 3334 2606 ἐξάγεσθαι
3376 2539 3469 2592 τὸν
3509 2539 3638 2594 λαὸν
3679 2543 3755 2604 εἰς

471 2630 616 2684 sicut
651 2630 919 2700 scriptum
966 2640 1068 2693 est,
1117 2630 1470 2685 manifestum
1516 2633 1734 2703 signum
1780 2631 1967 2694 fuerit,
2007 2639 2064 2688 et

471 2721 644 2791 ﬁgura
685 2738 793 2776 non
830 2737 992 2792 posse
1029 2723 1248 2792 aliquos
1288 2723 1354 2778 ad
1393 2722 1564 2777 Deum
1599 2724 1808 2794 absque
1843 2723 2066 2779 institu-

469 2816 620 2867 tione
649 2822 705 2868 et
738 2813 970 2867 scientia
1003 2814 1212 2876 venire,
1251 2813 1346 2868 sed
1373 2814 1490 2884 lege
1528 2815 1716 2883 potius
1747 2815 1910 2883 quasi
1941 2829 2060 2868 ma-

469 2921 542 2959 nu
575 2905 641 2958 ad
682 2906 1020 2974 agnitionem
1065 2920 1256 2960 eorum
1299 2921 1425 2975 quae
1474 2907 1712 2977 cupiunt
1767 2907 2060 2972 deductos,

468 2996 804 3066 perdiscere.
839 2997 1044 3052 Mosem
1079 2999 1284 3068 quippe
1307 3013 1408 3068 pro
1436 2999 1554 3068 lege
1573 3000 1878 3068 capiemus,
1907 2997 2061 3068 iuxta

465 3087 598 3141 illud
623 3087 768 3156 quod
790 3102 820 3140 a
848 3087 1085 3156 quodam
1125 3087 1335 3141 dictum
1367 3096 1452 3142 est
1481 3107 1492 3142 :
1524 3105 1544 3140 ι
1587 3087 1802 3143 Habent
1833 3089 2060 3160 Moysen

463 3187 518 3234 et
559 3180 856 3249 prophetas
898 3181 964 3234 ‘°.
1011 3199 1031 3231 ι
1075 3178 1237 3244 Quod
1281 3187 1467 3233 autem
1504 3181 1742 3249 populus
1766 3191 1916 3236 astat
1957 3181 2060 3237 sub

463 3280 674 3332 monte,
709 3286 833 3324 cum
861 3271 972 3338 jam
1010 3267 1395 3324 descendisset
1441 3269 1583 3325 Deus
1615 3278 1670 3324 et
1721 3271 1777 3325 in
1814 3272 1934 3341 ipso
1975 3288 2062 3328 es-

459 3372 565 3426 set,
602 3363 768 3415 animi
792 3361 1040 3416 studium
1068 3361 1482 3415 etalacritatem
1514 3376 1706 3416 eorum
1729 3364 1826 3432 qui
1854 3378 2059 3418 vocan-

461 3459 555 3507 tur
590 3453 642 3506 in
687 3452 1009 3508 servitutem
1048 3451 1348 3521 signiﬁcat,
1385 3453 1480 3520 qui
1521 3468 1627 3507 non
1665 3462 1907 3508 renuunt
1947 3455 2058 3509 ullo

462 3546 630 3598 modo
678 3559 765 3599 res
805 3559 971 3614 supra
1007 3543 1154 3598 vires
1193 3551 1288 3598 aut
1334 3545 1562 3599 altiores
1592 3553 1791 3599 natura
1837 3563 1937 3601 sua
1973 3563 2059 3618 ag-

461 3636 618 3704 gredi
654 3635 962 3705 opitulante
998 3635 1134 3705 ipsis
1169 3634 1301 3691 Dco.
1345 3634 1676 3705 llujusmodi
1723 3647 1853 3693 sunt
1885 3639 2054 3692 nimi-

461 3743 608 3793 rum,
640 3727 733 3796 qui
771 3727 1078 3782 Salvatoris
1118 3736 1247 3782 sunt
1301 3731 1624 3799 participes.
1681 3731 1918 3800 Ideoque
1960 3732 2054 3801 qui

458 3819 720 3873 virtutem
747 3820 938 3872 colunt
973 3819 1210 3874 humana
1248 3821 1511 3888 majorem
1541 3841 1554 3876 :
1601 3840 1620 3873 ι
1658 3820 1792 3887 Quis
1827 3838 1928 3878 nos
1962 3838 2052 3878 se-

459 3909 697 3977 parabit,
748 3909 1026 3978 inquiunt,
1067 3925 1095 3964 a
1137 3911 1412 3966 charilatc
1441 3912 1684 3967 Christi?
1712 3912 2047 3978 Tribulatio,

459 4014 526 4052 an
566 3999 839 4067 angustia,
877 4014 944 4051 an
982 4000 1320 4067 persecutio,
1350 4016 1419 4054 an
1453 4001 1652 4066 fames,
1692 4017 1761 4056 an
1804 4003 2048 4070 nuditas,

459 4106 527 4143 an
563 4091 889 4157 periculum,
923 4105 988 4144 an
1025 4092 1242 4160 gladius
1269 4092 1356 4144 “?
1395 4111 1412 4144 ι
1446 4090 1644 4147 Omnia
1673 4092 1876 4163 quippe
1904 4095 2048 4149 mala

456 4183 764 4236 tolerabilia
796 4191 926 4236 sunt
957 4184 1065 4251 piis
1092 4184 1414 4238 hominibus
1444 4191 1666 4252 prepter
1693 4185 2046 4240 dilectionem

454 4274 685 4334 Christi,
713 4284 768 4328 et
799 4274 931 4327 licet
957 4274 1243 4328 tribulatio
1283 4282 1342 4327 ut
1378 4289 1537 4328 mons
1581 4275 1848 4345 erigatur,
1881 4291 2048 4332 omne

457 4362 762 4431 perieulum
793 4362 1042 4416 animose
1090 4363 1168 4416 illi
1204 4364 1571 4433 superabunt,
1613 4375 1716 4419 eta
1752 4364 2048 4422 dilectione

460 4454 551 4508 Dei
588 4469 696 4508 non
730 4457 1012 4508 recedent.
1048 4453 1186 4508 Cum
1232 4465 1416 4510 autem
1454 4455 1794 4514 descendere
1827 4458 2048 4514 dicatur

456 4542 622 4606 Deus,
674 4551 990 4597 tamennon
1042 4544 1095 4598 in
1129 4545 1376 4615 planitie,
1414 4548 1510 4602 sed
1541 4564 1708 4619 supra
1754 4551 2028 4620 quodam-

455 4633 640 4699 modo,
667 4643 723 4688 et
762 4635 816 4688 iu
851 4642 1035 4688 monte
1067 4644 1314 4705 apparet,
1347 4645 1404 4690 ut
1434 4638 1542 4692 tale
1589 4640 1854 4709 quiddam
1899 4641 2045 4710 apud

447 4733 508 4782 te
551 4728 782 4798 cegites,
846 4727 1108 4782 nimirum
1163 4728 1292 4783 licet
1345 4738 1540 4783 natura
1595 4732 1779 4785 divina
1836 4731 2044 4786 nostris

454 4821 730 4875 mentibus
758 4820 1236 4886 condescendens,
1259 4822 1496 4892 seipsam
1529 4824 1691 4878 nobis
1727 4824 2041 4894 intelligeno

2165 2632 2471 2702 ἀπάντησιν
2500 2631 2593 2685 τοῦ
2645 2631 2803 2694 Θεοῦ,
2847 2629 2990 2684 καθά
3042 2631 3376 2702 γέγραπται,
3427 2635 3654 2701 σημεῖον
3692 2633 3757 2687 ἂν

2164 2723 2375 2788 γένοιτο
2431 2721 2620 2788 σαφὲς,
2652 2721 2748 2772 καὶ
2808 2719 2966 2787 λόγος
2993 2720 3070 2784 ὼς
3106 2722 3165 2773 ἐν
3205 2722 3513 2791 αἰνίγματι,
3544 2721 3642 2774 τοῦ
3681 2723 3753 2794 μὴ

2163 2810 2424 2865 δύνασθαί
2457 2828 2609 2875 τινας
2647 2812 3118 2882 άπαιδαγωγήτως
3163 2831 3223 2865 τε
3257 2814 3349 2867 καὶ
3379 2814 3755 2886 ἀνεπιστήτως

2167 2903 2302 2955 ἰέναι
2334 2903 2469 2974 πρὸς
2505 2903 2659 2964 Θεὸν.
2701 2903 2851 2974 νόμῳ
2888 2904 2944 2958 δὲ
2981 2903 3180 2974 μᾶλλον
3208 2907 3753 2977 χειραγωγουμένους

2162 2994 2242 3057 εἰς
2281 2994 2578 3062 ἐπίγνωσιν
2615 2989 2689 3048 ὧν
2715 2996 2961 3066 ζητοῦσι,
3010 2994 3223 3066 μαθεῖν.
3274 2998 3482 3068 Μωσῆς
3532 2999 3643 3070 γάρ
3674 3001 3752 3064 εἰς

2162 3086 2323 3150 νόμον
2355 3087 2488 3154 ἡμῖν
2527 3085 2874 3157 νοηθήσεται,
2898 3087 3040 3140 κατά
3060 3087 3119 3138 τὸ
3135 3087 3424 3157 εἰρημένον
3455 3088 3559 3142 ὑπό
3579 3107 3750 3154 τινος·

2167 3196 2184 3228 ι
2225 3178 2447 3246 Ἔχουσι
2512 3177 2738 3241 Μωσέα,
2769 3179 2863 3232 καὶ
2910 3179 3036 3242 τοὺς
3083 3180 3389 3250 προφήτας.
3424 3197 3444 3232 ι
3494 3181 3558 3234 Ἡ
3599 3182 3656 3235 δέ
3690 3200 3752 3250 γε

2162 3269 2504 3338 παράστασις
2537 3269 2568 3338 ἠ
2601 3268 2706 3321 ὑπὸ
2759 3269 2822 3321 τὸ
2853 3268 2998 3339 ὅρος,
3027 3270 3465 3342 καταϐεϐηκότος
3512 3273 3615 3344 ἤδη
3660 3277 3752 3329 καὶ

2159 3359 2310 3422 ὄντος
2353 3360 2410 3411 ἐν
2445 3359 2595 3430 αὑτῷ
2639 3359 2732 3413 τοῦ
2779 3360 2935 3426 Θεοῦ,
2995 3361 3092 3431 τὴν
3122 3363 3450 3434 ἑτοιμότητα
3488 3369 3590 3436 τῆς
3613 3366 3754 3434 γνώ-

2164 3466 2272 3520 μης
2310 3450 2404 3503 καὶ
2461 3450 2523 3502 τὸ
2570 3450 2769 3520 γοργὸν
2821 3452 2900 3514 εἰς
2955 3450 3200 3505 δουλείαν
3238 3452 3348 3512 τῶν
3397 3454 3753 3526 καλουμένων

2159 3540 2434 3611 ὑποδηλοῖ,
2487 3541 2588 3594 οὑκ
2635 3541 3004 3595 ἀνανευόντων
3058 3543 3259 3612 τρόπον
3294 3542 3441 3608 τινὰ,
3493 3545 3591 3598 καὶ
3639 3548 3752 3610 τοῖς

2158 3630 2296 3700 ὑπὲρ
2354 3630 2584 3701 δύναμιν
2633 3631 2727 3684 καὶ
2773 3629 3126 3702 ὑψηλοτέροις
3178 3632 3210 3702 ἢ
3263 3633 3405 3686 κατά
3443 3633 3544 3704 τὴν
3589 3634 3752 3704 φύσιν

2157 3725 2505 3794 προσϐαλεῖν,
2544 3724 2924 3796 συμπαρόντος
2955 3725 3142 3790 αὑτοῖς
3175 3726 3270 3779 τοῦ
3315 3725 3473 3781 Θεοῦ.
3504 3728 3750 3782 Τοιοῦτοι

2157 3815 2220 3886 δὴ
2249 3816 2464 3879 πάντως
2498 3815 2592 3868 τοῦ
2642 3816 2896 3886 Σωτῆρος
2924 3817 2973 3868 οἰ
3026 3817 3266 3887 μέτοχοι.
3297 3818 3386 3870 Διὸ
3420 3819 3484 3890 δὴ
3517 3820 3612 3872 καὶ
3651 3821 3750 3891 τὴν

2157 3907 2296 3977 ὑπὲρ
2320 3907 2607 3977 ἄνθρωπον
2642 3906 2974 3976 μελετῶντες
3008 3907 3286 3978 ἀνδρείαν,
3320 3928 3339 3962 ι
3377 3910 3474 3972 Τίς
3506 3910 3572 3964 ἂν
3600 3912 3750 3981 ἡμᾶς

2154 3998 2410 4068 χωρίσαι,
2441 3999 2626 4066 φασὶν,
2667 3997 2776 4050 ἀπὸ
2806 3999 2908 4067 τῆς
2942 3998 3161 4068 ἀγάπης
3184 3999 3278 4052 τοῦ
3307 3999 3551 4070 Χριστοῦ
3579 4019 3595 4066 ;
3624 4001 3748 4054 Θλί-

2149 4089 2263 4160 ψις,
2297 4088 2329 4160 ἢ
2363 4089 2714 4160 στενοχωρία,
2741 4089 2773 4160 ἢ
2804 4089 3065 4159 διωγμὸς,
3091 4090 3320 4160 ἢλιμὸς,
3361 4091 3393 4161 ἢ
3429 4092 3743 4164 γυμνότης,

2147 4182 2180 4252 ἢ
2215 4181 2476 4245 κίνδυνος,
2507 4181 2540 4251 ἢ
2570 4181 2815 4252 μάχαιρα
2841 4197 2855 4246 ;
2893 4200 2910 4232 ι
2945 4180 3130 4234 Πάντα
3151 4182 3386 4254 γὰρτοῖς
3419 4183 3746 4238 εὐσεϐοῦσιν

2147 4274 2302 4327 οἰστά
2332 4273 2402 4328 τά
2460 4274 2611 4327 δεινά
2653 4274 2742 4327 διὰ
2769 4273 2866 4344 τὴν
2898 4275 2978 4338 είς
3025 4275 3260 4346 Χριστὸν
3294 4277 3598 4348 ἀγάπησιν·
3638 4277 3747 4332 κᾶν

2147 4366 2223 4429 ὼς
2258 4366 2383 4437 ὅρος
2415 4367 2446 4437 ἡ
2480 4365 2660 4436 θλίψις
2686 4365 2990 4435 ἐγείρηται,
3022 4366 3228 4429 παντὸς
3256 4368 3456 4422 ἐκεῖνοι
3492 4369 3744 4423 κινδύνου

2147 4454 2708 4525 κατανεανιεύσονται,
2770 4459 3001 4529 καὶτῆς
3061 4459 3198 4529 πρὸς
3250 4460 3382 4512 Θεὸν
3408 4461 3593 4530 φιλίας
3638 4461 3745 4533 τὴν

2145 4549 2370 4620 γνώμην
2399 4550 2500 4602 οὑκ
2554 4550 2946 4620 ἀποστήσουσι.
2990 4550 3289 4603 Κατελθεῖν
3322 4551 3378 4604 δέ
3416 4551 3741 4622 λεγόμενος,

2143 4642 2243 4694 οὑκ
2275 4643 2354 4704 εἰς
2423 4639 2694 4710 χθαμαλόν
2745 4658 2865 4693 τινα
2894 4640 3094 4710 χῶρον,
3120 4641 3235 4693 ἀλλ’
3265 4641 3388 4696 ἄνως
3418 4643 3584 4697 πάλιν
3631 4661 3742 4697 που

2144 4735 2238 4788 καὶ
2263 4735 2319 4786 ἐν
2351 4732 2466 4802 ὄρει
2506 4731 2755 4800 φαίνεται
2778 4733 2929 4799 Θεὸς,
2965 4736 3051 4786 ἵνα
3084 4735 3148 4806 δή
3185 4753 3236 4786 τι
3265 4733 3509 4787 τοιοῦτον
3541 4736 3736 4806 ἐννοή-

2144 4841 2244 4897 σῃς
2273 4824 2414 4878 κατά
2438 4823 2653 4888 σαυτὸν,
2684 4825 2768 4878 ὄτι
2815 4825 2918 4878 κᾶν
2957 4831 3076 4890 ταῖς
3128 4828 3431 4899 ἡμετέραις
3469 4829 3740 4890 διανοίαις

452 4910 579 4964 dam
612 4913 872 4980 praebeat,
909 4913 1160 4968 altiorem
1207 4922 1391 4968 tamen
1439 4931 1564 4970 esse
1617 4931 1785 4984 quam
1821 4923 1882 4968 ut
1919 4930 2042 4970 eam

2155 4916 2174 4986 ἡ
2207 4914 2325 4968 θεία
2353 4913 2515 4982 φύσις
2549 4914 3083 4984 συγκαταϐαίνουσα,
3115 4918 3464 4987 ἐαυτὴνὴμῖν
3478 4917 3740 4990 προσάγῃ

449 5001 756 5070 exprimere
784 5002 1018 5058 dicendo
1048 5013 1142 5057 aut
1164 5005 1382 5074 assequi
1413 5005 1708 5075 cogitando
1739 5007 2037 5075 possimus.

2155 5006 2278 5076 πρὸς
2312 5005 2664 5076 κατανόησιν,
2709 5005 2824 5059 ἀλλ’
2871 5006 2987 5061 ἐστι
3019 5007 3180 5061 πάλιν
3213 5008 3270 5059 ἐν
3302 5010 3416 5070 τοῖς
3450 5007 3589 5060 πολὺ
3611 5007 3736 5060 λίαν

453 5093 772 5148 Sublimitas
797 5095 941 5150 enim
973 5105 1027 5150 et
1053 5097 1352 5152 eminentia
1373 5097 1690 5151 divinorum
1717 5097 2039 5169 dogmatum

2155 5096 2283 5168 ὒπέρ
2310 5098 2476 5167 ἡμᾶς,
2500 5097 2592 5150 καὶ
2627 5097 2828 5164 λόγοις,
2860 5099 2954 5151 καὶ
2988 5099 3327 5170 Οεωρήμασι.
3355 5099 3429 5151 Τὸ
3449 5099 3559 5170 γάρ
3587 5099 3734 5169 ὑψη·

451 5199 548 5254 per
580 5192 820 5238 montem
876 5174 1246 5256 significatur,
1301 5204 1464 5258 quem
1514 5187 1669 5242 fumo
1716 5197 1889 5244 totum
1935 5206 2036 5260 0p-

2155 5188 2229 5240 ‘tév
2255 5205 2315 5240 τε
2342 5187 2436 5240 καὶ
2465 5187 2758 5258 ὑπέρτονον
2788 5188 2896 5243 τῶν
2930 5190 3059 5261 περί
3103 5191 3275 5258 αὑτῆς
3325 5190 3617 5260 δογμάτων
3643 5189 3734 5243 διὰ

449 5278 651 5346 pletum
682 5277 847 5348 258
877 5279 1030 5334 dicit.
1073 5281 1246 5336 Acres
1269 5281 1414 5336 enim
1455 5286 1585 5335 sunt
1621 5279 1900 5348 profecto,
1933 5296 2037 5336 nec

2155 5276 2234 5332 ςοῦ
2273 5278 2432 5350 ὅρους
2462 5280 2809 5349 σημαίνεται,
2837 5280 2864 5334 ὃ
2893 5282 2989 5335 καὶ
3021 5282 3241 5353 σύμπαν
3266 5283 3398 5353 ἡμῖν
3419 5279 3500 5350 τῷ
3537 5280 3734 5350 καπνῷ

448 5369 743 5424 admodum
774 5372 908 5426 clari
942 5372 1086 5442 apud
1119 5388 1221 5428 nos
1251 5371 1319 5427 de
1356 5371 1566 5425 deitate
1595 5387 1906 5437 sermones,
1939 5373 2034 5441 qui

2155 5369 2636 5440 ιαταμελαίνεσθαι
2666 5369 2832 5439 λέγει.
2885 5374 3108 5443 Δριμεῖς
3147 5372 3254 5442 γάρ
3309 5373 3478 5435 ὅντως
3536 5371 3633 5424 καὶ
3665 5371 3729 5422 οὑ

449 5462 647 5516 mentis
676 5462 894 5516 oculum
941 5462 1091 5516 [υιιιο
1119 5463 1399 5517 vellicant.
1439 5461 1786 5532 Quapropter
1826 5463 2031 5521 Paulus

2155 5461 2350 5532 τφόδρα
2375 5461 2625 5531 λαμπροὶ
2644 5465 2772 5534 παρ’
2787 5465 2919 5533 ἡμῖν
2941 5467 2988 5517 oi
3013 5482 3079 5516 πε
3089 5466 3144 5535 ρί
3161 5464 3415 5534 θεότητος
3432 5462 3603 5532 λόγοι,
3637 5461 3726 5513 τὸν

450 5551 540 5608 ille
569 5554 1035 5622 sapientissimus,
1070 5556 1124 5608 in
1180 5554 1411 5622 speculo
1444 5563 1498 5608 et
1524 5554 1817 5624 aenigmate
1847 5556 2031 5612 videre

2155 5551 2233 5620 τῆς
2247 5550 2483 5614 διανοίας
2509 5550 2784 5624 ὀφθαλμὸν
2811 5555 3018 5609 καπνοῦ
3038 5554 3235 5628 [δίκην]
3256 5553 3609 5626 ἀμύττοντές.
3627 5549 3724 5603 Διὰ

522 5729 542 5759 ⁹
583 5728 752 5786 Exod.
792 5749 902 5803 XIX,
942 5733 1129 5789 17-19.
1208 5733 1249 5764 ‘°
1283 5731 1418 5789 Luc.
1453 5749 1562 5803 xw,
1599 5733 1686 5789 29.
1771 5737 1805 5765 ”
1852 5732 2010 5789 lion].
2049 5748 2163 5799 vm,
2202 5733 2290 5786 55.
