4052 6492
271 434 382 495 ΗἹ

1277 437 1344 492 ΙΝ
1379 434 1668 497 JOANNIS
1713 437 2180 496 EVANGELIUM
2219 439 2459 495 LlBJll.

3480 449 3582 504 “8

269 550 456 616 τοῦτο,
506 549 718 614 Παῦλος
767 549 867 622 μὲν
918 552 947 604 6
989 551 1305 621 σοφώτατος
1362 555 1422 607 ὲν
1478 555 1733 627 ἐσόπτρῳ
1795 556 1889 609 καὶ

1996 569 2098 609 nos
2127 563 2366 610 testatus
2403 564 2490 610 est
2533 555 2596 609 η.
2637 554 2702 609 Ει
2752 555 2956 612 alicubi
2996 555 3291 616 Psalmista
3317 560 3379 592 "'
3411 560 3582 619 Deum

269 643 639 714 ἑναίνίγματι
673 643 892 714 βλέπειν
935 645 1084 715 ἡμᾶς
1142 645 1568 719 διεμαρτύρατο.
1626 651 1879 704 Τεθεικέ-

270 751 361 788 ναι
389 733 448 788 δὲ
473 734 665 798 σκότος
693 736 1027 806 ἀποκρυφὴν
1074 736 1262 804 αὐτοῦ,
1314 738 1406 792 τὸν
1439 739 1572 793 Θεὸν
1613 740 1875 810 δηλονότι,

268 826 410 896 φησί
442 843 547 880 που
579 826 744 881 πάλιν
771 829 799 882 6
831 828 1107 899 Μελῳδὸς,
1139 827 1218 899 τῷ
1244 828 1339 882 τοῦ
1397 832 1623 896 σκότους
1652 832 1878 904 ὀνόματι

269 917 374 986 τὴν
403 919 538 985 περὶ
569 918 736 972 αὑτὸν
769 919 1152 991 ἀκαταληψίαν
1181 921 1484 992 ὑποδηλῶν,
1505 917 1686 994 ἧσπερ
1709 923 1773 977 ἂν
1799 925 1879 988 είς

269 1006 449 1062 τύπον
509 1008 743 1082 ληφθείη
814 1010 996 1075 καλῶς
1045 1014 1073 1065 6
1120 1012 1250 1083 περὶ
1297 1014 1358 1066 τὸ
1388 1014 1498 1086 πῦρ
1550 1017 1607 1068 ὲν
1641 1015 1719 1086 τῷ
1762 1016 1880 1087 ὄρει

272 1101 508 1163 καπνός.
551 1101 639 1158 ΤΕν
663 1101 835 1172 πυρὸς
865 1101 920 1154 δὲ
950 1103 1189 1174 σχήματι
1216 1102 1430 1156 κάτεισι
1455 1104 1514 1157 τὸ
1541 1104 1696 1158 Θεῖον
1725 1106 1877 1172 αὐτὸ,

271 1193 400 1247 κατ’
444 1195 624 1246 ἐκεῖνο
661 1193 726 1264 δὴ
762 1193 1001 1264 μάλιστα
1048 1194 1270 1266 καιροῦ,
1321 1197 1644 1268 πρεπόντως
1680 1215 1741 1251 τε
1787 1199 1880 1252 καὶ

269 1285 597 1354 ἀναγκαίως
625 1287 691 1357 τῇ
725 1285 820 1338 τοῦ
845 1286 1170 1358 πράγματος
1199 1288 1382 1357 φύσει.
1420 1289 1567 1342 Ἔδει
1590 1289 1720 1358 γὰρ,
1749 1291 1875 1358 ἔδει,

269 1379 365 1432 τὸν
394 1379 476 1442 εις
507 1378 756 1432 δουλείαν
783 1380 881 1432 καὶ
932 1379 1148 1433 σύνεσιν
1179 1380 1265 1434 διὰ
1309 1381 1405 1434 τοῦ
1438 1381 1725 1452 μέλλοντος
1761 1385 1878 1455 ὁρι-

271 1472 582 1542 σθήσεσθαι
642 1471 810 1542 νόμου
866 1473 1140 1526 καλοῦντα
1175 1473 1266 1526 τὸν
1327 1473 1572 1544 Ἰσραὴλ,
1605 1475 1880 1544 φωτιστὴν

271 1563 513 1635 ὁρᾶσθαι
549 1564 644 1616 καὶ
668 1563 975 1634 κολαστήν*
1019 1564 1188 1634 ἄμφω
1243 1565 1300 1618 δὲ
1324 1564 1498 1618 ταῦτα
1527 1565 1762 1619 τελεῖται
1791 1564 1882 1620 διὰ

275 1655 477 1724 πυρός.
528 1672 551 1708 ι
595 1654 759 1707 Ἀλλὰ
790 1655 885 1708 καὶ
919 1658 1116 1725 φωναὶ,
1139 1657 1327 1726 φησὶν,
1369 1659 1426 1708 al.
1448 1657 1550 1728 τῆς
1584 1658 1884 1728 σάλπιγγος

274 1749 524 1814 ἐγίνοντο
577 1747 970 1820 προϐαίνουσαι
1034 1751 1384 1822 ἰσχυρότεραι
1437 1751 1666 1821 σφόδρα,
1723 1769 1744 1804 ι
1794 1751 1884 1806 ἵνα

273 1841 439 1896 πάλιν
465 1843 603 1912 ἡμῖν
631 1842 857 1914 τοιαύτη
889 1859 974 1907 τις
1021 1846 1312 1914 νοημάτων
1338 1843 1694 1915 ὲξυφαίνηται
1723 1843 1882 1897 δύνα-

274 1953 402 2004 μις·
455 1936 778 2008 ὲξεφωνήθη
845 1936 944 2006 μὲν
1002 1935 1112 2005 γὰρ
1151 1935 1244 1989 καὶ
1295 1935 1324 1987 6
1364 1935 1524 2006 νόμος
1550 1936 1699 2006 παρά
1721 1935 1876 2002 Θεοῦ,

273 2029 416 2100 πλὴν
439 2029 504 2082 οὐ
529 2029 801 2092 συντόνως
842 2029 900 2082 ὲν
933 2029 1075 2099 ἀρχῇ
1112 2028 1199 2082 διὰ
1225 2027 1324 2100 τὴν
1360 2027 1471 2082 τῶν
1498 2028 1882 2097 παιδαγωγου-

278 2125 459 2193 μένων
497 2120 808 2184 ἀσθένειαν,
857 2121 972 2174 ἀλλ’
1009 2120 1374 2191 ίσχνοφὼνως,
1404 2120 1473 2173 ἵν’
1517 2118 1686 2184 οὕτως
1719 2120 1880 2184 είπω,

271 2214 368 2266 καὶ
394 2213 499 2284 οὐχ
523 2213 654 2283 ὅλην
682 2211 822 2283 ἔχων
850 2213 947 2284 τὴν
982 2212 1078 2266 τοῦ
1109 2211 1468 2276 σαλπίζοντος
1497 2211 1750 2282 δύναμιν.
1793 2211 1884 2266 Διὸ

275 2305 338 2376 δὴ
387 2306 489 2359 καὶ
530 2304 954 2377 βραδύγλωσσον
1013 2305 1207 2358 ἑαυτὸν
1249 2305 1530 2376 ὠνόμαζεν
1579 2306 1608 2357 6
1656 2305 1882 2376 Μωσῆς.

277 2397 688 2468 Προὸαίνοντος
753 2397 812 2451 δὲ
860 2397 956 2452 τοῦ
1004 2397 1221 2470 καιροῦ,
1260 2398 1354 2451 καὶ
1413 2399 1478 2451 ὲκ
1505 2397 1604 2468 τῆς
1642 2397 1784 2452 κατά
1823 2397 1886 2451 τὸ

275 2487 520 2558 γράμμα
547 2488 708 2550 σκιᾶς
729 2487 810 2550 είς
837 2487 1221 2557 πνευματικὴν
1247 2485 1610 2556 ἀναφέροντος
1631 2486 1886 2557 λατρείαν

275 2581 408 2643 τοὺς
441 2577 804 2642 πιστεύοντας
834 2578 916 2642 είς
951 2578 1194 2649 Χριστὸν
1217 2620 1232 2645 ,
1284 2578 1631 2650 ἰσχυρότεραι
1679 2579 1886 2649 σφόδρα

275 2671 380 2742 τῆς
404 2669 560 2734 θείας
587 2670 892 2738 σάλπιγγος
924 2669 1222 2742 ἐξέδραμον
1253 2672 1308 2724 αί
1341 2671 1536 2740 φωναὶ,
1579 2672 1673 2726 τοῦ
1699 2678 1887 2742 ’σωτηο

283 2763 402 2835 ρίου
432 2780 495 2816 τε
526 2763 623 2816 καὶ
662 2762 1024 2831 εὐαγγελικοῦ
1071 2763 1434 2834 κηρύγματος
1477 2765 1662 2819 πᾶσαν
1688 2766 1888 2836 τρόπον

281 2857 407 2911 τινὰ
436 2855 830 2928 περιηχοῦντος
852 2855 949 2927 τὴν
987 2856 1334 2926 οἰκουμένην.
1369 2857 1445 2909 Οὐ
1476 2856 1606 2927 γὰρ,
1634 2857 1888 2927 καθάπερ

282 2951 312 3002 6
343 2947 650 3018 λεπτοϐόης
681 2965 740 3000 τε
774 2949 868 3000 καὶ
889 2947 1269 3018 σμικροκῆρυξ
1289 2948 1453 3018 νόμος
1486 2951 1564 3013 είς
1595 2949 1765 3021 μόνην
1789 2951 1889 3022 τὴν

297 3039 576 3094 Ἰουδαίων
611 3036 856 3111 ἠκούσθη
903 3039 1107 3110 χώραν,
1145 3040 1298 3110 ἢκαὶ
1344 3041 1452 3094 ἀπὸ
1476 3041 1584 3094 Δάν
1609 3042 1713 3105 ἕως
1749 3043 1892 3113 Βηρ-

288 3133 462 3188 σαὸεὲ
489 3133 915 3204 κατηγγέλλετο,
949 3134 1151 3204 μᾶλλον
1178 3134 1234 3187 δὲ
1257 3135 1337 3198 είς
1365 3136 1548 3188 πᾶσαν
1570 3134 1762 3204 ἐξῆλθε
1791 3136 1890 3207 τὴν

1981 647 2240 702 tenebras
2283 647 2538 716 posuisse
2572 647 2861 702 latibulum
2891 665 3052 704 suum
3096 651 3193 715 ait,
3228 653 3584 707 tenebrarum

1982 735 2207 790 nomine
2233 737 2630 804 comprehendi
2667 752 2727 790 se
2765 753 2873 791 non
2907 754 3073 808 posse
3107 739 3457 810 significans,
3495 758 3588 797 cu-

1977 828 2070 898 jus
2099 829 2781 898 incomprehensibilitatis
2816 837 3003 900 typum
3030 847 3154 886 esse
3184 832 3392 887 fumum
3426 833 3583 888 illum

1982 919 2127 989 ignis
2179 919 2232 973 in
2289 927 2496 986 monte,
2533 928 2684 975 recte
2733 921 3004 977 dicemus.
3050 922 3108 976 In
3169 923 3346 978 forma
3395 935 3582 980 autem

1983 1011 2132 1082 ignis
2179 1010 2328 1066 Deus
2369 1013 2488 1082 ipse
2522 1012 2810 1066 descendit
2841 1029 2856 1066 :
2908 1014 3051 1081 quod
3086 1029 3152 1068 eo
3183 1023 3432 1085 tempore
3484 1032 3585 1085 po-

1984 1104 2261 1158 tissimum
2295 1106 2674 1158 necessarium
2707 1114 2826 1158 erat
2864 1112 2918 1159 et
2950 1106 3029 1159 rei
3070 1115 3285 1159 naturae
3311 1123 3584 1176 congrue-

1983 1193 2096 1248 bat.
2133 1193 2374 1248 Decebat
2409 1194 2578 1256 enim,
2622 1192 2854 1247 decebat
2881 1209 3006 1248 eum
3045 1196 3136 1264 qui
3166 1211 3260 1264 per
3293 1196 3466 1266 legem
3501 1196 3585 1250 fu-

1984 1293 2164 1338 turam
2185 1285 2444 1339 lsraelem
2479 1285 2543 1338 ad
2568 1285 2894 1340 servitutem
2927 1297 2980 1341 et
3007 1288 3298 1342 scientiam
3323 1291 3581 1356 vocabat,

1986 1378 2322 1444 illuminare,
2371 1387 2425 1433 et
2458 1378 2744 1448 dirigere:
2803 1394 2926 1447 qua:
2974 1381 3085 1434 duo
3122 1361 3438 1436 efﬁciuntur
3487 1399 3588 1453 per

1987 1470 2252 1541 ignemh
2286 1472 2391 1526 Sed
2456 1482 2509 1526 et
2563 1487 2750 1538 voces,
2790 1473 2999 1542 inquit,
3066 1474 3214 1528 tubae
3255 1474 3414 1529 facta:
3454 1484 3584 1531 sunt

1987 1564 2381 1634 praecedentes,
2434 1562 2691 1618 fortiores
2744 1564 2904 1619 valde
2934 1565 3012 1630 ";
3063 1585 3083 1616 ι
3120 1573 3180 1619 ut
3214 1567 3343 1621 hinc
3390 1583 3586 1624 rursus

1985 1657 2246 1710 nimirum
2285 1657 2596 1726 intelligas,
2640 1657 2810 1727 legem
2865 1657 3092 1726 quidem
3139 1659 3408 1727 prolatam
3463 1675 3588 1716 esse

1985 1764 2206 1820 quoque
2235 1763 2265 1801 a
2307 1747 2434 1810 Deo,
2471 1761 2580 1801 non
2620 1758 2802 1802 tamen
2838 1758 3096 1802 contenta
3134 1765 3267 1804 voce
3301 1751 3479 1817 initio,
3513 1753 3586 1807 ob

1985 1855 2176 1895 eorum
2199 1841 2292 1910 qui
2316 1838 2712 1894 erudiebantur
2731 1840 3192 1903 imbecillitatem,
3222 1842 3317 1896 sed
3343 1845 3494 1906 exili,
3527 1853 3588 1898 ut

1983 1936 2058 1990 ita
2096 1933 2298 1998 dicam,
2333 1948 2435 1987 nec
2474 1931 2610 1986 totis
2649 1931 2862 1987 viribus
2895 1932 3188 1988 tubicinis.
3234 1933 3586 2004 Proindeque

1985 2026 2232 2096 seipsum
2303 2025 2471 2079 etiam
2543 2025 2916 2094 tardiloquum
2979 2024 3157 2080 Moses
3238 2027 3579 2082 nominabat.

1984 2116 2258 2173 Processu
2281 2132 2413 2172 vero
2444 2117 2728 2187 temporis,
2760 2117 3017 2173 fidelibus
3044 2135 3110 2172 ex
3137 2119 3359 2174 litterali
3388 2121 3584 2175 umbra

1987 2209 2054 2264 ad
2095 2209 2398 2279 spiritalem
2427 2207 2636 2263 cultum
2670 2210 2965 2276 revocatis,
3017 2211 3179 2280 longe
3211 2211 3591 2266 vehementiu-

1986 2316 2077 2357 res
2109 2317 2172 2356 ex
2222 2302 2350 2356 tuba
2401 2301 2589 2356 divina
2626 2317 2792 2358 voces
2852 2313 3181 2374 eruperunt,
3245 2305 3474 2360 salutari
3532 2312 3588 2360 et

1985 2395 2307 2465 evangelico
2338 2395 2620 2465 praeconio
2651 2396 2975 2451 universum
3004 2397 3196 2452 orbem
3223 2399 3588 2469 quodammo-

1987 2489 2059 2544 do
2088 2497 2440 2558 personante.
2472 2487 2591 2543 Non
2623 2489 2770 2544 enim
2803 2491 2966 2545 siculi
3004 2490 3092 2544 lex
3134 2491 3357 2561 gracilis
3401 2491 3490 2545 illa
3523 2506 3590 2546 ac

1987 2581 2171 2635 tenuis
2199 2595 2379 2650 praeco
2409 2581 2463 2634 in
2483 2581 2597 2635 sola
2623 2579 2809 2635 Judaaa
2839 2581 3132 2638 exauditus
3155 2591 3261 2646 est,
3296 2589 3393 2635 aut
3421 2583 3586 2636 etiam

1987 2686 2018 2724 a
2051 2671 2163 2725 Dan
2184 2687 2357 2742 usque
2384 2673 2454 2726 ad
2489 2672 2758 2728 Bersabee
2796 2674 3087 2728 nuntiatus
3109 2683 3215 2736 est,
3245 2675 3341 2730 sed
3383 2675 3436 2731 in
3467 2689 3586 2728 om-

1989 2780 2114 2819 nem
2145 2773 2349 2819 terram
2376 2765 2544 2819 exivit
2573 2779 2744 2820 sonus
2776 2781 2992 2831 eorum,
3025 2775 3085 2819 ut
3108 2768 3375 2836 scriptum
3408 2776 3489 2822 est
3527 2766 3586 2820 “.

1990 2856 2133 2922 Quid
2158 2871 2328 2926 porro
2351 2856 2439 2910 his
2463 2855 2725 2911 additur?
2748 2876 2764 2909 ι
2789 2856 2971 2913 Moses
2999 2859 3350 2929 loquebatur,
3381 2861 3588 2929 inquit,

1991 2948 2140 3006 Deus
2184 2958 2366 3004 autem
2418 2951 2708 3019 respondit
2753 2951 2805 3006 ei
2863 2966 2999 3006 voce
3049 2953 3114 3008 ".
3149 2969 3168 3003 ι
3207 2951 3308 3008 Hic
3367 2968 3591 3008 rursum

1994 3043 2180 3099 acrius
2247 3043 2540 3099 attendant
2585 3043 2858 3107 studiosi,
2897 3051 2952 3098 et
2997 3053 3256 3098 accurate
3295 3045 3591 3100 observent

1995 3136 2308 3191 divinorum
2358 3137 2714 3192 oraculorum
2746 3135 3108 3192 soliditatem.
3143 3137 3414 3208 Loquitur
3441 3141 3589 3194 enim

287 3225 397 3296 γῆν
425 3227 454 3280 6
472 3224 712 3295 φθόγγος
731 3224 917 3288 αὑτοῦ,
937 3225 1082 3278 καθὰ
1115 3225 1450 3296 γέγραπται.
1472 3225 1537 3279 Τί
1563 3227 1619 3280 δὲ
1643 3227 1708 3298 δὴ
1728 3229 1891 3283 πάλιν

1997 3228 2211 3285 Moses:
2234 3229 2364 3284 huic
2390 3231 2689 3301 respondet
2720 3228 2867 3286 Deus
2895 3246 3063 3297 voce;
3089 3246 3198 3285 non
3242 3233 3467 3302 propria
3493 3233 3597 3287 uti-

287 3319 384 3373 επὶ
444 3316 702 3384 τούτοις;
748 3335 769 3378 ι
808 3317 1016 3388 Μωσῆς
1067 3317 1266 3382 ἐλάλει,
1333 3318 1519 3388 φησὶν,
1576 3319 1606 3371 6
1653 3320 1709 3373 δὲ
1762 3320 1895 3386 Θεὸς

287 3409 632 3481 ἀπεκρίνατο
662 3407 816 3479 αὐτῷ
854 3411 1028 3480 φωνῇ.
1082 3427 1101 3459 ι
1138 3411 1347 3480 Δριμὺς
1399 3410 1541 3464 ἔστω
1583 3412 1747 3466 πάλιν
1787 3414 1896 3468 τῶν

290 3499 722 3571 εὖμαθεστέρων
785 3501 814 3553 6
863 3498 1008 3564 νοῦς,
1059 3501 1394 3571 ὲπιτηρείτω
1430 3501 1488 3555 δὲ
1528 3502 1773 3573 ἀκριϐῶς
1799 3505 1898 3576 τὴν

289 3597 406 3657 τοῖς
432 3591 604 3656 θείοις
634 3590 839 3660 λογίοις
861 3590 1090 3645 ἐνοῦσαν
1109 3592 1433 3661 ἀσφάλειαν.
1455 3594 1626 3648 Δαλεῖ
1663 3596 1763 3666 μὲν
1786 3596 1896 3668 γὰρ

289 3687 321 3740 6
353 3686 587 3756 Μωσῆς,
641 3679 1004 3754 ἀποκρίνεται
1049 3682 1107 3737 δὲ
1149 3684 1282 3748 Θεὸς
1327 3685 1504 3756 τούτῳ
1549 3690 1744 3758 φωνῇ,
1797 3689 1899 3742 οὐκ

295 3777 404 3849 ίδίᾳ
433 3777 658 3839 πάντως
691 3778 842 3846 φωνῇ
869 3773 1050 3843 (τοῦτο
1079 3775 1188 3847 γὰρ
1237 3775 1300 3829 οὔ
1331 3777 1541 3849 φησιν),
1568 3779 1684 3832 ἀλλ’
1712 3780 1900 3845 ἁπλῶς

291 3888 353 3926 τε
389 3870 487 3924 καὶ
513 3869 936 3940 ἀπολελυμένως
964 3871 1138 3940 φωνῇ,
1163 3871 1228 3940 τῇ
1269 3869 1361 3924 διὰ
1393 3871 1603 3926 κτύπου
1635 3873 1900 3946 ῥημάτων

289 3960 787 4036 ἀνθρωπινώτερον
833 3961 1156 4033 παραδόξως
1201 3963 1640 4039 ἀποτελουμένῇ.
1678 3968 1815 4038 Περὶ
1848 3968 1902 4021 τί

290 4056 404 4128 γὰρ
425 4055 495 4109 ἂν
522 4053 630 4108 τῶν
660 4052 839 4126 ἔργων
876 4054 1137 4124 ἀτονήσαι
1181 4053 1351 4122 Θεός;
1385 4055 1441 4109 τί
1471 4056 1516 4109 δ’
1561 4057 1661 4112 οὑκ
1705 4059 1772 4114 ἂν
1816 4060 1902 4125 ἐξ·

290 4147 470 4218 ανύσῃ
503 4145 761 4218 θελήσας,
801 4146 896 4201 καὶ
915 4145 1038 4200 λίαν
1068 4146 1340 4214 εὐκόλως;
1377 4147 1588 4204 Ἐλάλει
1611 4153 1902 4223 τοιγαροῦν

291 4243 324 4294 6
353 4239 592 4310 Μωσῆς,
633 4239 662 4292 6
708 4238 766 4292 δὲ
820 4237 954 4302 Θεὸς
985 4239 1325 4310 ἀπεκρίνατο
1354 4241 1504 4313 αὐτῷ
1526 4245 1701 4315 φωνῇ.
1736 4245 1847 4298 Καὶ
1871 4245 1902 4297 6

297 4334 398 4404 μὲν
446 4331 620 4396 τύπος
689 4332 749 4386 ὲν
808 4331 1044 4397 τούτοις.
1096 4332 1325 4406 Ἰδωμεν
1359 4333 1418 4388 δὲ
1465 4334 1565 4407 τὴν
1617 4335 1898 4408 ἀλήθειαν.

298 4427 492 4498 Ἔχεις
526 4421 818 4495 τοιγαροῦν
844 4425 902 4477 ὲν
924 4424 1103 4493 ἁγίοις
1129 4423 1486 4495 Εὐαγγελίοις
1520 4426 1790 4482 λαλοῦντα
1811 4429 1903 4482 τὸν

294 4519 509 4592 Κύριον
529 4534 545 4550 ⁸
573 4537 594 4572 ι
630 4517 837 4590 Πάτερ,
863 4516 1090 4582 δόξασόν
1130 4534 1224 4571 σου
1249 4518 1344 4573 τὸν
1383 4519 1532 4573 Υίόν·
1564 4539 1583 4573 ι
1617 4521 1904 4594 ἀποκρινό-

1996 3338 2104 3394 que
2135 3338 2272 3378 voce
2306 3321 2457 3394 (non
2483 3323 2588 3378 hoc
2637 3325 2784 3380 enim
2813 3324 3010 3397 dicit),
3038 3325 3131 3381 sed
3161 3325 3507 3396 simpliciter,
3538 3337 3596 3382 et

1997 3415 2467 3481 absolute,rvoce,
2501 3429 2654 3486 »ηοω
2680 3416 2978 3471 verborum
3007 3431 3147 3472 sono
3172 3417 3416 3471 humano
3442 3433 3594 3472 more

1997 3509 2324 3564 mirabiliter
2350 3516 2435 3564 est
2463 3507 2636 3564 edita.
2679 3507 2823 3574 Quid
2855 3509 3004 3564 enim
3046 3509 3273 3566 difﬁcile
3320 3516 3407 3564 est
3439 3508 3550 3564 Deo
3572 3510 3598 3563 ?

1997 3599 2114 3654 imo
2147 3599 2280 3669 quid
2312 3598 2526 3654 efﬁcere
2561 3613 2670 3652 non
2705 3605 2883 3668 potest
2918 3597 3081 3653 facile
3103 3639 3118 3662 ,
3154 3600 3200 3654 si
3229 3597 3396 3654 modo
3429 3599 3598 3654 velit?

1999 3687 2354 3758 Loquebatur
2380 3690 2567 3758 itaque
2598 3688 2802 3751 Moses,
2837 3687 2981 3744 Deus
3015 3699 3198 3745 autem
3233 3692 3518 3761 respondit
3546 3692 3597 3746 ei

2002 3795 2152 3835 voce.
2183 3779 2296 3834 Sed
2322 3780 2434 3834 haec
2462 3779 2683 3850 quidem
2710 3780 2939 3850 figurate
2965 3797 2980 3833 :
3004 3779 3288 3836 videamus
3313 3796 3478 3851 porro
3499 3797 3592 3838 ve-

2000 3868 2242 3924 ritatem.
2272 3866 2455 3924 Habes
2486 3868 2539 3921 in
2569 3867 2880 3939 Evangeliis
2908 3869 3222 3938 loquentem
3253 3869 3546 3926 Dominum
3578 3891 3593 3929 :

2006 3978 2024 4012 ι
2050 3958 2240 4024 Pater,
2265 3959 2507 4013 clarifica
2526 3957 2729 4013 Filium
2757 3967 2914 4013 tuum
2937 3960 3014 4025 ¹⁶;
3039 3980 3057 4012 ι
3089 3960 3386 4029 respondet
3413 3966 3597 4018 autem

2001 4051 2168 4122 259
2199 4066 2333 4106 voce
2369 4049 2566 4104 Pater:
2612 4069 2630 4102 ι
2675 4049 2741 4104 Et
2765 4050 3097 4116 clarificavi,
3138 4061 3195 4107 et
3247 4053 3442 4108 iterum
3479 4055 3596 4108 cla-

2001 4145 2233 4200 rilicabo
2256 4145 2319 4198 ’⁷.
2369 4161 2388 4195 ›
2431 4141 2537 4199 Sed
2572 4157 2680 4198 non
2711 4158 2834 4199 esse
2862 4158 3051 4198 revera
3073 4159 3262 4200 vocem
3287 4145 3378 4201 Dei
3405 4160 3469 4201 ac
3497 4145 3600 4200 Pa-

2002 4238 2105 4293 tris
2133 4237 2392 4292 Salvator
2425 4235 2694 4301 ostendit,
2729 4235 2922 4291 dicens
2948 4235 3015 4290 iis
3044 4235 3138 4305 qui
3172 4245 3300 4291 tunc
3329 4237 3556 4294 aderant
3582 4257 3595 4292 :

2009 4347 2028 4380 ι
2065 4326 2185 4384 Νοη
2244 4334 2473 4398 prOpter
2525 4341 2612 4381 me
2663 4325 2780 4381 haec
2827 4341 2929 4381 vox
2982 4327 3154 4392 venit,
3217 4327 3312 4383 sed
3376 4337 3601 4398 propter

2001 4421 2185 4478 vos“.
2229 4438 2248 4471 ι
2289 4419 2453 4475 Vides
2477 4434 2588 4490 quo
2618 4425 2782 4504 pacto
2813 4432 3008 4474 vocem
3045 4417 3245 4472 factam
3301 4433 3424 4474 esse
3449 4420 3602 4476 clare

2005 4513 2283 4570 asseruit:
2352 4511 2628 4583 siquidem
2694 4511 3002 4582 putandum
3061 4525 3172 4567 non
3203 4519 3287 4567 est
3322 4527 3454 4567 voce
3481 4527 3603 4583 qua:

298 4630 463 4685 μενον
489 4611 548 4665 δὲ
574 4609 662 4665 διὰ
689 4609 876 4680 φωνῆς
909 4609 1000 4662 τὸν
1029 4609 1250 4681 Πατέρα
1269 4626 1281 4640 ο
1319 4631 1337 4664 ι
1375 4612 1487 4666 Καὶ
1513 4612 1770 4680 ἐδόξασα,
1808 4615 1891 4668 καλ

2007 4622 2146 4664 sono
2178 4607 2360 4662 editur
2391 4620 2548 4661 usam
2573 4620 2698 4661 esse
2726 4612 2984 4660 naturam
3013 4604 3281 4669 divinam,
3331 4604 3459 4660 licet
3498 4621 3602 4660 no-

295 4707 466 4762 πάλιν
486 4703 718 4771 δοξάσω.
764 4722 783 4755 ι
817 4705 933 4758 Οὐκ
955 4699 1096 4759 εἶναι
1130 4704 1304 4776 δὲτὴν
1338 4707 1522 4777 φωνὴν
1553 4705 1770 4778 ἀληθῶς
1807 4708 1901 4762 τοῦ

294 4797 439 4854 Θεοῦ
478 4797 574 4851 καὶ
611 4795 829 4868 Πατρὸς
881 4797 911 4849 6
964 4796 1157 4868 Σωτὴρ
1211 4798 1430 4865 ἔδειξεν,
1487 4799 1660 4854 είπὼν
1693 4804 1806 4865 τοῖς
1843 4802 1903 4856 τὸ

294 4889 557 4963 τηνικάδε
581 4889 853 4960 παροῦσιν
874 4907 887 4922 ⁸
921 4891 997 4944 ού
1014 4889 1082 4943 δι’
1105 4890 1208 4960 ἐμὲ
1236 4891 1270 4962 ἡ
1305 4890 1459 4963 φωνὴ
1486 4891 1624 4964 αῦτη
1656 4893 1902 4962 γέγονεν,

296 4984 441 5039 ἀλλά
498 4983 566 5037 δι’
619 4983 788 5055 ὑμᾶς.
833 5001 852 5036 ι
900 4984 1067 5055 Ὁρᾷς
1115 4983 1265 5048 ὅπως
1329 4985 1664 5056 γεγενῆσθαι
1719 4987 1907 5056 σαφῶς

295 5077 680 5150 διισχυρισατο
701 5076 802 5149 τὴν
829 5077 1035 5147 φωνὴν,
1072 5077 1196 5130 ἐπεὶ
1230 5077 1306 5149 μὴ
1339 5081 1404 5149 τῇ
1450 5077 1539 5132 διὰ
1575 5080 1784 5133 κτύπου
1818 5098 1908 5134 κε·

297 5170 542 5243 χρῆσθαι
581 5170 732 5240 φωνῇ
788 5167 887 5239 τὴν
949 5168 1102 5222 θείαν
1148 5167 1363 5222 οἴεσθαι
1395 5167 1557 5237 φύσιν
1585 5169 1902 5236 ἀκόλουθον,

299 5264 407 5318 κᾶν
438 5264 559 5325 ταῖς
615 5261 915 5333 ἡμετέραις
970 5261 1442 5332 συσχηματίζηται
1501 5260 1754 5332 χρείαις,
1813 5265 1907 5317 καὶ

300 5359 437 5428 λαλῇ
477 5355 600 5410 καθ’
646 5356 798 5426 ἡμᾶς
848 5353 1240 5426 οἰκονομικῶς.·
1297 5353 1487 5408 Ταῦτα
1545 5355 1711 5408 πάλιν
1771 5357 1903 5427 ἡμῖν

300 5447 626 5516 ἀναγκαίως
673 5443 1029 5515 εἰσεκομίσθη
1083 5444 1220 5513 πρὸς
1256 5443 1318 5497 τὸ
1359 5443 1537 5515 παρὸν
1566 5443 1644 5514 τῷ
1668 5443 1812 5515 λόγῳ
1838 5446 1906 5498 τὰ

303 5539 664 5610 θεωρήματα.
723 5536 938 5606 Χρῆναι
967 5535 1077 5605 γὰρ
1130 5534 1351 5598 πάντως
1381 5534 1772 5606 ἐλογισάμεθα,
1793 5539 1907 5599 τοῖς

303 5629 725 5701 ὲντευξαμένοις
785 5626 1121 5698 ἀληθεύοντα
1172 5628 1456 5697 φαίνεσθαι
1506 5629 1598 5681 τὸν
1671 5627 1905 5699 Ἰησοῦν,

301 5724 437 5778 ὅταν
489 5719 816 5791 εὑρίσκηται
869 5716 1044 5786 λέγων
1097 5717 1236 5789 πρὸς
1297 5717 1585 5781 Ἰουδαίους
1637 5717 1767 5788 περὶ
1813 5716 1908 5770 τοῦ

2011 4704 2143 4760 stris
2166 4701 2543 4758 conformetur
2573 4699 2786 4762 usibus,
2809 4707 2863 4753 et
2893 4697 3159 4767 singulari
3193 4698 3604 4767 dispensatione

2011 4797 2290 4866 loquatur,
2325 4793 2490 4851 sicuti
2545 4807 2665 4846 nos.
2704 4790 2833 4844 llaec
2864 4806 3058 4845 rursus
3092 4804 3121 4842 a
3178 4789 3338 4844 nobis
3385 4791 3605 4860 imprae~

2009 4889 2315 4946 sentiarum
2346 4886 2634 4940 observata
2677 4889 2824 4938 sunt.
2855 4881 3044 4936 Jesum
3097 4881 3300 4952 quippe
3349 4897 3601 4938 veracem

2009 4975 2437 5034 existimandum
2465 4989 2589 5030 esse
2618 4979 2897 5044 putamus,
2928 4987 3054 5027 cum
3080 4972 3151 5028 de
3214 4987 3318 5028 suo
3343 4971 3607 5030 Genitore

2009 5071 2079 5126 ad
2143 5067 2363 5124 Judaaos
2417 5067 2604 5121 dicere
2642 5065 3058 5135 comperiatur:
3095 5085 3115 5118 ι
3180 5064 3369 5137 Neque
3415 5081 3604 5122 vocem

2009 5160 2133 5229 ejus
2161 5173 2404 5228 unquam
2435 5155 2695 5222 audistis,
2727 5172 2907 5226 neque
2944 5157 3186 5228 speciem
3207 5157 3329 5228 ejus
3363 5157 3602 5222 vidistis,

2011 5261 2066 5307 et
2100 5250 2342 5308 Verbum
2377 5250 2499 5320 ejus
2527 5263 2637 5305 non
2670 5249 2886 5305 habetis
2913 5249 2968 5304 in
3001 5249 3159 5305 vobis
3194 5263 3445 5312 manens,
3475 5247 3605 5318 quia

2012 5360 2174 5415 quem
2210 5343 2360 5399 misit
2409 5343 2520 5408 ille,
2569 5341 2700 5398 huic
2730 5357 2828 5398 vos
2883 5357 2995 5398 non
3059 5341 3289 5396 creditis
3316 5341 3378 5392 ³⁸.
3429 5357 3448 5390 ι
3483 5337 3603 5392 Jam

2012 5453 2166 5501 vero,
2199 5435 2510 5492 Phariszeos
2561 5435 2787 5490 immani
2845 5433 2992 5490 fastu
3058 5431 3306 5502 turgidos
3355 5429 3602 5484 divinum

2016 5529 2257 5584 Verbum
2300 5529 2358 5584 in
2390 5543 2449 5584 se
2478 5535 2534 5584 et
2565 5527 2711 5597 apud
2747 5542 2806 5582 se
2836 5539 2961 5582 esse
2991 5523 3238 5586 finxisse,
3279 5519 3514 5589 ideoque
3536 5520 3604 5574 ad

2017 5621 2329 5676 mirabilem
2397 5618 2695 5690 quamdam
2756 5633 2816 5673 se
2882 5614 3203 5687 pervenisse
3275 5611 3603 5682 sapientiam

2020 5715 2352 5779 asseruisse,
2398 5712 2450 5767 id
2485 5711 2716 5783 spiritus
2755 5710 2867 5780 ipse
2895 5721 3114 5778 quoque
3145 5703 3349 5761 Christi
3379 5704 3604 5761 testabi-

380 5833 779 5895 "lCor.xm,
840 5831 940 5898 12;
991 5832 1056 5862 ¹²’
1094 5829 1245 5889 Psal.
1305 5849 1439 5895 xvn,
1493 5834 1583 5890 Μ.
1664 5833 1708 5865 ’³
1749 5831 1886 5886 Deut

1995 5849 2073 5893 'x,
2133 5833 2220 5888 19.
2303 5831 2347 5862 ¹³
2381 5829 2530 5885 Psal.
2576 5843 2744 5892 mu,
2802 5824 2856 5880 5.
2937 5823 2980 5854 ¹⁸
3020 5821 3223 5890 Deut.,
3278 5821 3532 5889 “3,19.

319 5895 550 5965 "Joan.
586 5919 660 5959 xu
685 5945 699 5971 ,
731 5904 822 5958 9.8.

927 5904 969 5934 "
1012 5901 1148 5957 Ibid.
1229 5905 1272 5936 ¹⁸
1314 5902 1449 5959 Ibid.
1484 5906 1574 5959 ‘50.
1657 5906 1698 5937 ¹⁹
1738 5903 1896 5959 Joau.
1937 5921 1988 5970 ι’,
2020 5905 2107 5957 57.
