4052 6502
471 435 571 492 ΗΟ
728 372 745 412 Ι

1423 420 1484 476 S.
1508 417 1785 475 CYRILLI
1826 414 2300 471 ALEXANDRINI
2339 414 2663 473 ARCHIEP.

3628 423 3723 480 ιε.)

463 561 574 614 tur,
639 562 734 618 per
788 545 1106 616 prophetam
1166 537 1461 594 Jeremiam
1532 537 1726 591 dicens
1785 534 1851 588 ad
1908 549 2037 588 eos:

2152 535 2287 587 ἰδίου
2316 535 2641 605 γεννήτορος
2664 544 2680 560 ⁶
2714 549 2731 582 ι
2762 529 2897 585 Οὔτε
2919 530 3101 602 φωνὴν
3130 531 3296 587 αὑτοῦ
3336 533 3559 590 πώποτε
3591 539 3727 612 ἀκη·

465 663 489 694 ‹
521 637 805 706 Quomodo
834 636 1050 700 dicetis,
1100 633 1229 704 quia
1278 629 1554 700 sapientes
1601 642 1706 682 nos
1735 641 1948 687 sumus,
1989 634 2043 680 et

463 729 700 786 Verbum
734 727 943 781 Domini
975 726 1266 778 nobiscum
1301 720 1434 774 est?
1470 717 1700 772 Frustra
1732 715 1912 770 fartus
1955 721 2044 771 est

458 821 661 892 juncus
692 819 923 872 mendax
987 815 1236 895 Scribis,
1279 809 1499 866 confusi
1563 815 1694 864 sunt
1741 808 2038 878 sapientes,

463 909 742 981 perterriti
768 916 823 963 et
857 906 1001 976 capti
1037 911 1188 967 sunt,
1223 901 1493 972 sapientia
1552 913 1803 968 quamam
1861 904 1945 951 est
1987 897 2042 949 in

461 1003 566 1065 eis,
588 1003 718 1073 quia
753 1001 995 1054 \‘erbum
1030 996 1245 1052 Domini
1284 992 1719 1062 reprobaverunt
1750 989 1818 1041 '°.
1856 1005 1875 1038 ›
1905 987 2044 1053 Quo-

461 1095 628 1150 modo
648 1095 792 1148 enim
825 1092 1041 1152 vivens,
1076 1095 1130 1142 et
1176 1085 1489 1141 subsistens
1517 1081 1610 1136 Dei
1664 1079 1902 1136 Verbum
1933 1093 2044 1132 non

460 1188 794 1258 reprobasse
828 1180 1333 1252 deprchendemur,
1380 1175 1476 1244 qui
1509 1173 1670 1229 tidem
1706 1188 1818 1227 non
1850 1186 2044 1227 susce-

465 1284 682 1348 perunt,
709 1273 806 1329 sed
842 1274 935 1328 Dei
986 1287 1050 1327 ac
1103 1270 1288 1324 Patris
1343 1267 1717 1321 characterem
1770 1263 2044 1318 dedecore

465 1370 790 1429 affecerunt.
812 1375 867 1421 et
894 1349 1240 1419 verissimam
1268 1360 1390 1429 ejus
1415 1357 1654 1427 speciem
1681 1371 1777 1426 per
1799 1355 2042 1409 divinam

464 1460 764 1530 potentiam
803 1473 867 1512 ac
890 1458 1150 1511 virtu-tem
1186 1449 1545 1521 contemplari
1576 1448 1853 1518 dedignati
1875 1447 2045 1503 sunt?

461 1551 636 1605 Aliter
663 1551 810 1603 enim
846 1544 1314 1616 comprehendere
1345 1542 1585 1596 divinam
1623 1547 1678 1594 et
1715 1538 2042 1594 ineﬂ‘abilem

463 1653 716 1697 naturam
750 1654 856 1694 non
893 1652 1209 1707 possumus,
1245 1649 1409 1707 quam
1451 1649 1550 1704 per
1587 1647 1652 1688 ea
1685 1647 1808 1702 quae
1831 1629 2045 1702 perlicit

459 1744 515 1790 et
543 1740 821 1803 operatur.
856 1729 1204 1799 Quapropter
1235 1743 1265 1782 a
1308 1726 1692 1797 magnitudine
1721 1733 1774 1780 et
1799 1722 2044 1794 pulchri-

469 1830 654 1883 tudine
701 1835 1080 1880 creaturarum
1139 1819 1501 1876 similitudine
1547 1816 1784 1887 quadam
1836 1814 2042 1870 Paulus

2150 626 2329 688 κόατε,
2369 623 2494 678 οὔτε
2525 618 2665 686 εἶδος
2691 621 2862 676 αὐτοῦ
2894 623 3308 692 ἑωράκατε,καὶ
3323 625 3415 678 τὸν
3448 627 3608 696 λόγον
3637 632 3730 684 αύ-

2149 716 2243 769 τοῦ
2281 717 2380 768 οὐκ
2409 714 2562 784 ἔχετε
2626 715 2684 766 ὲν
2727 713 2855 783 ὑμῖν
2887 713 3141 783 μένοντα,
3195 714 3276 766 ὅτι
3307 713 3367 768 ὃν
3412 716 3730 775 ἀπέστειλεν

2149 809 2377 872 ἐκεῖνος,
2411 805 2587 874 τούτῳ
2614 805 2772 874 ὑμεῖς
2809 804 2871 857 ού
2922 803 3232 858 πιστεύετε.
3271 825 3290 858 ι
3330 808 3452 861 ’Ότι
3479 809 3538 862 δὲ
3571 811 3730 867 πάλιν

2149 900 2199 952 οἱ
2214 900 2498 968 Φαρισαῖοι
2523 897 2659 966 πρὸς
2695 896 2957 965 ἐκτύπους
3003 896 3322 962 ἀλαζονείας
3367 901 3729 973 ἀναφυσώμε-

2150 1007 2251 1052 νοι,
2305 990 2398 1042 τὸν
2453 989 2594 1041 θεῖον
2633 981 2773 1040 εἷναι
2825 987 2922 1040 σὺν
2965 987 3152 1051 αὐτοῖς
3201 1006 3263 1042 τε
3307 990 3400 1043 καὶ
3453 993 3512 1044 ἐν
3551 993 3730 1056 αὐτοῖς

2150 1082 2480 1135 ὲπλάττοντο
2530 1080 2712 1148 λόγον,
2743 1079 2834 1133 διά
2881 1096 2943 1132 τε
2992 1078 3154 1134 τοῦτο
3210 1082 3347 1152 πρὸς
3401 1082 3731 1152 ἀξιάγαστον

2151 1175 2341 1228 ἐλάσαι
2384 1173 2577 1241 σοφίαν
2624 1173 2868 1242 ἀνοήτως
2914 1171 3338 1242 διισχυρίζοντο,
3393 1177 3733 1248 μαρτυρήσει

2151 1265 2247 1319 καὶ
2277 1264 2410 1318 αὐτὸ
2442 1264 2504 1316 τὸ
2533 1262 2751 1334 πνεῦμα
2789 1262 3053 1333 Χριστοῦ,
3079 1265 3168 1318 διὰ
3195 1264 3290 1319 τοῦ
3326 1269 3614 1338 προφήτου
3647 1268 3731 1320 λέ.

2149 1370 2246 1421 γον
2279 1352 2541 1424 Ἱερεμίου
2570 1352 2708 1424 προς
2729 1353 2928 1416 αὐτούς
2955 1371 2971 1386 δ
3008 1373 3026 1406 ι
3069 1354 3189 1420 Πῶς
3222 1359 3420 1427 ἐρεῖτε,
3448 1359 3531 1412 ὅτι
3572 1361 3732 1429 Σοφοί

2149 1447 2318 1516 ἐσμεν
2356 1447 2536 1516 ἡμεῖς,
2589 1445 2686 1499 καὶ
2752 1445 2918 1514 λόγος
2963 1447 3170 1516 Κυρίου
3216 1449 3338 1519 μεθ’
3369 1451 3526 1520 ἡμῶν
3554 1453 3728 1521 ἑστιν;

2152 1539 2248 1601 Εἰς
2280 1539 2459 1607 μάτην
2493 1538 2728 1610 ἐγενήθη
2778 1541 2986 1609 σχοῖνος
3021 1539 3222 1611 ψευδὴς
3272 1541 3727 1614 Γραμματεῦσιν,

2149 1631 2496 1703 ᾐσχύνθησαν
2527 1633 2704 1701 σοφοὶ,
2746 1633 3094 1704 ἐπτοήθησαν
3134 1635 3230 1688 καὶ
3267 1635 3537 1704 ἑάλωσαν,
3573 1639 3732 1707 σοφία

2149 1723 2234 1785 τίς
2265 1724 2414 1775 ἐστιν
2452 1725 2510 1775 ὲν
2556 1724 2762 1788 αὐτοῖς,
2811 1725 2893 1778 ὅτι
2915 1723 3006 1776 τὸν
3038 1725 3197 1794 λόγον
3245 1728 3448 1798 Κυρίου
3479 1730 3729 1783 ἀπεδοκί-

2155 1829 2352 1884 μασαν.
2398 1833 2418 1865 ι
2455 1812 2581 1877 Πῶς
2607 1813 2718 1884 γὰρ
2745 1815 2835 1868 τὸν
2883 1815 3063 1880 ζῶντα
3107 1819 3202 1870 καὶ
3233 1820 3599 1874 ὲνυπόστατον
3642 1821 3730 1876 τοῦ

459 1919 543 1974 ire
569 1933 669 1973 nos
697 1917 854 1987 jubet
885 1915 950 1967 ad
987 1911 1236 1984 parentis
1284 1924 1468 1964 rerum
1499 1907 2037 1977 contemplationem.

2148 1904 2284 1957 Θεοῦ
2345 1903 2522 1972 Λόγον
2586 1905 3094 1976 ἀποδοκιμάσαντες
3141 1909 3239 1979 οὐχ
3283 1909 3607 1977 ἁλώσονται,
3637 1914 3734 1983 τὴν

463 2010 731 2064 Praeterea
758 2006 1008 2061 Salvator
1032 2004 1100 2059 ad
1126 2003 1212 2058 sui
1232 1998 1783 2070 comprehensionem
1801 1996 2042 2062 deducit,

464 2100 551 2154 his
579 2099 807 2155 verbis:
851 2117 869 2149 ι
895 2096 953 2150 Si
979 2112 1088 2150 non
1122 2094 1270 2148 facio
1296 2105 1463 2161 opera
1496 2089 1677 2144 Patris
1714 2089 1842 2154 mei,
1877 2089 2045 2144 nolite

459 2191 687 2246 credere
712 2189 880 2243 mihi:
915 2187 963 2242 si
991 2195 1174 2240 autem
1211 2182 1377 2245 facio,
1409 2187 1464 2236 et
1495 2181 1539 2234 si
1563 2179 1697 2234 mihi
1731 2195 1842 2235 non
1875 2179 2045 2237 vultis

460 2281 709 2342 credere,
729 2277 993 2348 operibus
1016 2275 1152 2330 meis
1165 2271 1431 2328 credite“
1467 2289 1485 2321 ι
1508 2269 1642 2325 Jure
1659 2278 1840 2324 autem
1861 2284 2045 2340 repre-

463 2373 735 2428 hendebat
761 2385 923 2427 suum
952 2365 1286 2437 discipulum
1311 2363 1623 2433 (Philippus
1645 2362 1691 2416 is
1719 2361 1860 2432 erat)
1895 2360 2041 2430 quod

463 2465 810 2520 existimaret
839 2461 999 2514 aliter
1027 2471 1191 2527 posse
1217 2455 1386 2510 Deum
1421 2468 1484 2508 ac
1520 2453 1739 2507 Patrem
1777 2452 2041 2522 spectari,

463 2569 590 2608 cum
633 2553 822 2606 liceret
854 2546 1248 2602 immutabilem
1289 2544 1411 2613 ejus
1455 2540 1750 2611 imaginem
1797 2549 2045 2596 contem-

2147 1997 2227 2058 είς
2275 1993 2440 2048 αὐτὸν
2489 1995 2550 2046 ού
2601 1996 3038 2068 παραδεξάμενοι
3094 1998 3297 2064 πίστιν,
3345 2001 3484 2056 ἀλλὰ
3515 2003 3604 2057 τὸν
3639 2005 3733 2058 τοῦ

2145 2087 2281 2141 Θεοῦ
2315 2088 2408 2141 καὶ
2463 2088 2678 2157 Πατρός
2735 2088 3109 2158 ἀτιμάσαντες
3153 2093 3502 2165 χαρακτῆρα,
3544 2097 3644 2149 καὶ
3673 2097 3734 2151 τὸ

2144 2176 2513 2247 ἀληθέστατον
2542 2177 2733 2248 ὥσπερ
2763 2172 2907 2241 εἶδος
2955 2179 3118 2232 αὑτοῦ
3149 2181 3239 2234 διὰ
3263 2183 3362 2253 τῆς
3395 2183 3736 2255 θεοπρεποῦς

2144 2269 2392 2334 ἐξουσίας
2419 2285 2478 2322 τε
2508 2268 2604 2322 καὶ
2637 2268 2917 2339 δυνάμεως
2936 2270 3211 2342 θεωρῆσαι
3225 2275 3736 2346 παραιτησάμενοις

2145 2358 2484 2430 Καταληπτὴ
2511 2359 2619 2430 γὰρ
2652 2360 2782 2430 ἡμῖν
2817 2360 2917 2431 οὐχ
2945 2361 3152 2433 ἑτέρως
3187 2364 3334 2418 κατά
3357 2366 3418 2418 τὸ
3450 2367 3740 2438 ἐνδεχόμε-

2146 2468 2235 2504 νον
2270 2452 2304 2521 ἠ
2333 2450 2454 2503 Θεία
2486 2468 2544 2504 τε
2575 2450 2669 2504 καὶ
2695 2452 2934 2522 ἄρῤητος
2980 2453 3162 2522 φύσις,
3196 2455 3229 2527 ἢ
3264 2455 3331 2510 δι’
3377 2454 3454 2512 ὧν
3495 2461 3740 2515 ἐπιτελεῖ

2149 2539 2241 2592 καὶ
2262 2540 2576 2610 ἐργάζεται.
2611 2539 2711 2592 Διὰ
2743 2543 2852 2613 γάρ
2878 2560 2959 2595 τοι
2980 2543 3158 2610 τοῦτο,
3183 2548 3278 2600 καὶ
3320 2549 3428 2602 ἀπὸ
3470 2552 3739 2621 μεγέθους

464 2644 628 2713 piari,
661 2658 784 2712 qua:
809 2648 1065 2696 accurate
1089 2638 1144 2692 in
1181 2638 1362 2706 seipsa
1400 2634 1718 2690 Genitorem
1765 2633 2037 2702 exprimit.

2151 2632 2245 2685 καὶ
2270 2632 2532 2704 καλλονῆς
2562 2634 2878 2704 κτισμάτων
2915 2637 3195 2706 ἀναλόγως
3226 2642 3318 2694 ἐπὶ
3339 2641 3438 2712 τὴν
3461 2643 3557 2696 τοῦ
3579 2662 3736 2713 γενε-

465 2737 631 2806 260
667 2735 901 2803 Ideoque
930 2733 1185 2786 dicebat:
1221 2750 1240 2782 ι
1277 2728 1455 2783 Tanto
1485 2735 1732 2796 tempore
1756 2727 2037 2782 vobiscum

2155 2725 2408 2796 σιουργοῦ
2440 2725 2671 2794 θεωρίαν
2699 2728 2728 2778 ὁ
2765 2727 2862 2797 μὲν
2887 2728 3256 2802 Παῦλοςήμᾶς
3293 2733 3428 2788 ἰέναι
3459 2739 3738 2807 προστάτ-

465 2841 612 2888 sum,
642 2835 695 2882 et
724 2841 831 2880 non
867 2824 1177 2894 cognovisti
1200 2837 1308 2888 me,
1329 2817 1741 2890 Philippe?Qui
1772 2817 1907 2873 vidit
1937 2832 2037 2886 me,

2152 2833 2257 2868 τεν
2291 2817 2510 2885 ξεναγεῖ
2539 2817 2594 2870 δὲ
2628 2818 2789 2872 πάλιν
2817 2821 2897 2884 εἰς
2949 2822 3049 2893 τήν
3098 2824 3183 2893 ἐφ’
3211 2825 3390 2897 ἑαυτῷ
3431 2830 3740 2901 κατάληψιν

461 2917 600 2972 vidit
632 2926 686 2972 et
722 2916 937 2971 Patrem
967 2917 1034 2968 ¹¹.
1067 2933 1088 2967 ο

2155 2909 2184 2961 ό
2209 2908 2442 2981 Σωτὴρ,
2482 2927 2500 2960 ι
2539 2911 2602 2964 El
2640 2912 2700 2964 ού
2760 2912 2900 2966 ποιῶ
2948 2913 3020 2966 τὰ
3063 2914 3202 2987 ἔργα
3238 2917 3331 2972 τοῦ
3362 2921 3578 2993 Πατρός
3610 2941 3740 2995 μου,

461 3013 655 3082 λέγων,
693 3013 770 3083 μὴ
810 3010 1096 3066 πιστεύετέ
1161 3026 1271 3072 μοι·
1316 3009 1365 3062 εί
1395 3008 1454 3062 δὲ
1481 3007 1649 3070 ποιῶ,
1679 3006 1782 3060 κᾶν
1811 3003 1937 3076 ἐμοὶ
2008 3002 2084 3074 μὴ
2125 3004 2440 3075 πιστεύητε,
2475 3008 2588 3069 τοῖς
2657 3007 2838 3078 ἔργοις
2891 3025 2992 3078 μου
3028 3011 3334 3065 πιστεύετε.
3372 3031 3390 3066 ι
3431 3015 3744 3090 Κατῃτιᾶτο

460 3109 516 3163 δὲ
536 3110 630 3163 καὶ
657 3110 776 3162 λίαν
805 3106 1044 3174 εὐλόγως
1093 3104 1187 3158 τὸν
1238 3106 1438 3158 οἰκεῖον
1491 3100 1742 3172 μαθητὴν
1773 3098 2060 3172 (Φίλιππος
2097 3091 2250 3162 οὗτος
2271 3094 2380 3170 ἦν),
2413 3099 2489 3162 ὡς
2510 3099 2712 3172 ἑτέρως
2750 3101 3010 3155 δύνασθαι
3058 3104 3194 3174 πρὸς
3221 3106 3322 3178 τὴν
3369 3108 3465 3162 ἐπὶ
3499 3110 3578 3181 τῷ
3617 3111 3743 3182 Θεῷ

461 3204 555 3257 καὶ
581 3204 754 3274 Πατρὶ
791 3202 1025 3273 θεωρίαν
1053 3200 1226 3254 ἐλθεῖν
1269 3199 1554 3270 ἀζητήτως
1604 3197 2042 3266 ὑποτοπήσαντα,
2084 3194 2259 3248 καίτοι
2301 3196 2476 3266 παρὸν
2549 3197 2636 3250 ἐπ’
2678 3196 2925 3264 ἐξουσίας
2977 3200 3126 3270 αὐτῷ
3163 3202 3264 3274 τὴν
3317 3205 3742 3279 ἀπαραποίητον

459 3295 644 3348 εἰκόνά
701 3290 1216 3353 κατασκέπτεσθαι,
1265 3289 1619 3343 δεικνύουσαν
1687 3287 1929 3358 ἀκριϐῶς
1985 3287 2044 3340 ὲν
2081 3286 2246 3359 ἑαυτῇ
2275 3287 2367 3341 τὸν
2401 3290 2758 3360 γεννήσαντα.
2786 3291 2879 3344 Διδ
2905 3291 2968 3362 δὴ
2995 3294 3090 3346 καὶ¹
3147 3295 3350 3364 ἔφασκε
3378 3315 3391 3329 ·
3439 3318 3458 3352 ι
3484 3303 3742 3364 Τοσούτῳ

459 3387 637 3458 χρόνῳ
673 3385 790 3454 μεθ’
819 3383 973 3455 ὑμῶν
1001 3385 1139 3452 εἰμι,
1163 3383 1257 3436 καὶ
1275 3383 1377 3434 οὒκ
1403 3380 1652 3450 ἔγνωκάς
1681 3398 1772 3450 με,
1795 3379 2064 3444 Nam“;
2116 3380 2175 3432 Ὀ
2201 3381 2465 3451 ἑωρακὼς
2497 3359 2617 3452 ἐμὲ,
2637 3382 2850 3455 ἑώρακε
2875 3359 2968 3439 τὸν
3002 3359 3240 3460 Πατέρα.
3284 3409 3303 3442 ι
3710 3359 3724 3374 ⁸

535 3481 601 3543 V,
635 3479 827 3535 39-4-0.
862 3477 1192 3532 Scrutamiui
1217 3477 1552 3545 Scriptura,
1579 3477 1707 3546 quia
1729 3493 1818 3531 eos
1838 3476 2037 3546 putatis

2231 3476 2546 3545 Ἐρευνᾶτε
2579 3479 2683 3545 τὰς
2728 3479 2995 3550 Γραφὰς,
3029 3481 3118 3534 ὅτι
3139 3483 3210 3535 ἐν
3261 3482 3470 3554 αὐταῖς
3506 3489 3744 3547 δοκεῖτε

455 3574 515 3626 in
549 3571 678 3638 ipsis
725 3571 889 3623 vitam
948 3581 1204 3624 alet-nam
1235 3568 1426 3622 habere
1450 3584 1469 3621 :
1524 3576 1575 3622 et
1605 3568 1717 3622 ille
1758 3575 1884 3621 sunt
1923 3582 2037 3636 qua

2144 3567 2309 3636 ὑμεῖς
2334 3565 2492 3636 ζωὴν
2513 3569 2754 3624 αἰώνιον
2785 3571 2970 3641 ἔχειν,
3004 3571 3296 3631 καὶαῦταί
3317 3580 3478 3633 εἰσιν
3507 3585 3570 3636 al
3588 3597 3744 3654 μαρο

460 3664 829 3718 testimouium
857 3660 1131 3732 perhibent
1149 3665 1214 3716 de
1237 3677 1338 3715 me.
1372 3659 1438 3714 Et
1463 3676 1567 3715 non
1588 3660 1748 3714 vultis
1775 3660 1950 3728 mire
1970 3657 2037 3712 ad

2144 3659 2430 3728 τυροῦσαι
2455 3663 2586 3729 περὶ
2617 3662 2784 3731 ἐμοῦ.
2833 3664 2945 3717 Καὶ
2996 3669 3068 3720 οὐ
3100 3667 3305 3722 θέλετε
3346 3671 3550 3727 ἐλθεῖν
3584 3677 3742 3744 πρός

459 3770 562 3820 ine,
592 3764 646 3807 ut
678 3756 841 3809 vitam
868 3754 1130 3808 habeatis.

2144 3753 2336 3822 μεῖνα
2366 3751 2522 3823 ζωὴν
2549 3755 2748 3824 ἔχητε.

527 3848 855 3902 Communis
887 3853 942 3902 et
965 3846 1095 3900 trita
1121 3844 1289 3916 hujus
1328 3851 1516 3900 textus
1545 3843 1824 3915 expositio
1879 3843 2041 3899 docet

455 3939 762 4011 imperandi
786 3938 951 3993 modo
977 3935 1270 3993 Pharisaeis
1293 3952 1320 3990 a
1341 3934 1630 3992 Salvatore
1653 3936 1863 3990 dictum
1887 3950 2034 4000 esse,

452 4041 514 4086 ut
541 4036 925 4086 scrutarentur
965 4028 1306 4098 Scripturas,
1370 4028 1425 4082 in
1474 4027 1680 4097 quibus
1727 4025 2039 4082 testimonia

450 4125 670 4193 dcipso
703 4123 964 4193 colligant
1021 4119 1088 4174 ad
1150 4121 1361 4174 vitam:
1414 4133 1608 4173 verum
1665 4118 1925 4188 quoniam
1981 4118 2036 4171 in

451 4216 635 4270 medio
681 4214 922 4285 cupida,
975 4220 1044 4276 et,
1100 4216 1306 4281 posita,
1360 4210 1451 4264 illa
1504 4208 1672 4264 verba
1713 4207 2035 4280 conjungit:

456 4326 476 4358 ι
514 4305 634 4359 Non
664 4305 833 4359 vultis
859 4302 1048 4356 venire
1085 4303 1151 4356 ad
1181 4317 1288 4366 me,
1334 4320 1352 4352 ι
1382 4299 1736 4356 manifestum
1768 4309 1852 4356 est
1889 4300 2035 4355 aliud

448 4397 711 4469 quiddam
739 4394 1077 4467 signiﬁcare,
1121 4405 1418 4465 cognatum
1465 4392 1686 4463 quidem
1721 4391 2033 4460 antedictis,

448 4491 545 4546 sed
574 4491 627 4543 iu
658 4503 769 4560 quo
799 4486 1053 4542 nonnihil
1081 4487 1156 4541 sit
1178 4486 1404 4541 diversi.
1435 4485 1496 4540 Si
1526 4486 1672 4541 enim
1707 4485 1840 4540 illud
1871 4486 2038 4557 impe-

449 4581 610 4638 randi
642 4581 805 4636 modo
859 4579 936 4635 sit
984 4578 1421 4649 intelligendum,
1469 4577 1744 4649 quomodo
1773 4593 2036 4634 necessa-

447 4676 590 4728 rium
623 4689 730 4728 non
766 4687 888 4729 esse
927 4671 1197 4736 dicemus,
1230 4671 1332 4725 hac
1357 4671 1616 4742 loquendi
1650 4671 1848 4737 forma,
1879 4672 2033 4727 verbi

449 4768 646 4838 gratia,
699 4773 876 4820 totum
924 4764 1146 4819 dicere:
1204 4783 1223 4815 ι
1293 4761 1632 4818 Scrutamini
1695 4763 2033 4834 Scripturas,

2223 3844 2288 3899 Ἦ
2330 3846 2430 3916 μὲν
2477 3847 2598 3900 λεία
2646 3849 2740 3902 καὶ
2790 3849 3094 3922 ἱππήλατος
3128 3856 3239 3918 τοῖς
3269 3855 3487 3922 πολλοῖς
3511 3861 3605 3915 καὶ
3647 3880 3740 3916 τε-

2139 3937 2418 4010 τριμμένη
2446 3938 2655 3993 διάνοια
2677 3940 2770 3994 τοῦ
2807 3943 3000 4013 ῥητοῦ,
3031 3948 3449 4015 προστακτικῶς
3477 3953 3734 4025 εἰρῆσθαι

2140 4028 2380 4098 νομίζειν
2408 4030 2562 4101 παρὰ
2597 4032 2691 4085 τοῦ
2738 4034 2994 4106 Σωτῆρος
3038 4037 3197 4108 ήμῶν
3232 4040 3371 4112 πρὸς
3401 4043 3529 4108 τοὺς
3561 4047 3734 4118 Φαρι-

2143 4123 2327 4186 σαίους
2370 4123 2654 4178 ἀναπείθει
2707 4125 2770 4179 τὸ
2813 4128 3035 4199 χρῆναι,
3066 4130 3168 4194 τὰς
3209 4132 3363 4198 θείας
3388 4136 3734 4206 ἐρευνῶντας

2139 4214 2384 4283 Γραφὰς,
2419 4213 2518 4278 τὰς
2542 4216 2669 4288 περὶ
2687 4217 2858 4271 αὑτοῦ
2887 4222 3197 4292 μαρτυρίας
3219 4223 3356 4296 πρὸς
3377 4225 3525 4298 ζωὴν
3551 4231 3735 4302 ἐρανί-

2141 4304 2346 4368 ζεσθαι.
2366 4305 2584 4379 Ἐπειδὴ
2609 4307 2666 4360 δὲ
2695 4308 2993 4382 σύνδεσμον
3015 4313 3075 4365 ὲν
3093 4314 3173 4384 τῷ
3202 4317 3404 4386 μεταξὺ
3425 4317 3560 4384 θεὶς,
3588 4323 3733 4393 φημὶ

2139 4396 2197 4450 δὲ
2228 4397 2310 4460 τό,
2345 4399 2478 4462 Καὶ,
2510 4399 2772 4454 συνάπτει
2798 4401 2878 4466 τὸ,
2906 4400 3012 4457 ιοὺ
3034 4405 3215 4459 θέλετε
3238 4408 3411 4462 ἐλθεῖν
3437 4411 3575 4482 πρός
3604 4431 3728 4484 μεό

2138 4489 2296 4560 δῆλος
2329 4491 2396 4544 ἂν
2424 4491 2507 4562 εἴη
2541 4491 2728 4546 λοιπὸν
2768 4493 2955 4566 ἕτερόν
2993 4513 3046 4550 τι
3103 4499 3406 4570 σημαίνων,
3469 4507 3735 4574 συγγενὲς

2141 4581 2241 4650 μὲν
2270 4584 2382 4646 τοῖς
2412 4583 2746 4654 εἰρημένοις,
2779 4585 2900 4656 ἔχον
2933 4587 2991 4641 δέ
3018 4606 3068 4643 τι
3099 4589 3273 4662 βραχὺ
3304 4592 3367 4644 τὸ
3392 4595 3734 4670 ἐξηλλαγμὲ-

2139 4689 2248 4725 νον.
2279 4673 2341 4726 Εἰ
2371 4673 2479 4740 γὰρ
2508 4673 2615 4726 ἔδει
2660 4677 2901 4731 νοεῖσθαι
2955 4685 3396 4751 προστακτικῶς,
3459 4689 3580 4752 πῶς
3630 4693 3732 4745 ούκ

2139 4760 2279 4818 εἶναι
2319 4764 2566 4834 φήσομεν
2594 4767 2910 4833 ἀναγκαῖον,
2950 4773 3094 4826 κατά
3121 4775 3239 4827 τόδε
3260 4777 3329 4828 -τὸ
3351 4778 3538 4850 σχῆμα
3571 4782 3732 4846 τυχὸν

449 4834 577 4929 quia
611 4873 710 4913 vos
737 4857 943 4928 putatis
972 4858 1026 4911 in
1059 4857 1198 4926 ipsis
1231 4856 1396 4910 vitam
1422 4866 1684 4911 aeternam
1724 4856 1948 4918 habere,
1979 4861 2034 4909 et

2144 4855 2199 4908 τὸ
2228 4856 2448 4926 σύμπαν
2480 4859 2690 4911 εἰπεῖν’
2743 4878 2761 4911 ι
2805 4861 3093 4932 Ἐρευνᾶτε
3139 4867 3239 4930 τὰς
3281 4834 3527 4939 Γραιρθίς,
3561 4834 3732 4927 δτῖὲν

451 4951 554 5004 illae
588 4957 717 5004 sunt
769 4965 892 5019 quae
942 4948 1321 5003 testimonium
1379 4948 1676 5018 perhibent
1728 4947 1798 5002 de
1835 4960 1960 5012 me;
2005 4962 2024 4996 ι

452 5051 744 5112 postquam
781 5049 962 5096 autem
991 5056 1086 5096 eas
1124 5042 1458 5111 perscrutati
1509 5039 1750 5103 fueritis,
1787 5057 1807 5088 ι
1847 5037 2030 5092 venite

449 5130 517 5185 ad
578 5145 699 5196 me;
733 5147 751 5181 ι
787 5130 883 5184 sed
907 5144 1002 5184 eos
1050 5129 1252 5185 invitos
1298 5131 1510 5196 venire,
1570 5127 1824 5199 quamvis
1863 5141 2030 5180 manu

447 5223 740 5288 deductos,
788 5223 1008 5277 incusat
1041 5220 1271 5278 dicens:
1314 5242 1332 5274 ι
1373 5221 1440 5274 Et
1475 5235 1584 5274 non
1635 5219 1806 5273 vultis
1847 5219 2032 5274 venire

449 5315 517 5369 ad
553 5329 660 5369 me.
699 5333 717 5365 ι
754 5313 1024 5385 chemus
1059 5315 1244 5383 itaque
1275 5313 1469 5367 utilius
1508 5317 1564 5365 et
1600 5310 2030 5365 convenientius

449 5407 518 5461 iis
544 5421 666 5475 qua:
708 5413 836 5460 ante
891 5406 1036 5461 dicta
1083 5414 1240 5470 sunt,
1293 5418 1408 5458 non
1456 5402 1649 5472 utique
1719 5402 2025 5472 imperandi

449 5497 632 5560 modo,
662 5499 757 5554 sed
789 5499 1126 5553 assentiendi
1165 5497 1351 5566 potius
1375 5502 1542 5563 atque
1567 5493 1870 5549 indicandi.
1910 5493 2029 5548 Erit

450 5601 612 5654 porro
640 5589 746 5644 loci
779 5589 944 5660 hujus
971 5587 1244 5643 sententia
1288 5587 1412 5640 talis
1456 5603 1468 5637 :
1505 5601 1630 5640 cum
1671 5586 1880 5641 videret
1933 5601 2028 5640 eos

447 5695 513 5734 ex
545 5678 710 5736 Mosis
777 5681 1000 5750 scriptis
1053 5679 1290 5748 plurima
1325 5677 1578 5746 imperite
1633 5678 1900 5733 adversus
1932 5693 2027 5732 se-

533 5860 576 5890 "
605 5859 802 5917 Jerem.
839 5876 964 5928 vtu,
1001 5861 1054 5928 9,
1087 5859 1172 5915 10.
1250 5862 1291 5895 ’⁸
1333 5859 1489 5917 Joan.
1527 5879 1580 5928 x,
1622 5863 1711 5931 57,
1748 5864 1834 5917 58.

2140 4949 2336 5010 αὑταῖς
2363 4948 2570 5002 δοκεῖτε
2617 4949 2763 5021 ζωὴν
2808 4951 3026 5008 αἰώνιον
3059 4953 3224 5026 ἔχειν,
3267 4961 3362 5011 καὶ
3390 4951 3556 5015 αὗταί
3589 4965 3731 5017 εἰσιν

2137 5039 2194 5090 αἱ
2245 5039 2620 5111 μαρτυροῦσαι
2705 5043 2836 5115 περὶ
2891 5045 3050 5121 ἐμιοῦ·
3121 5065 3138 5098 ι
3199 5050 3596 5123 ἐρευνήσαντες
3646 5057 3724 5118 δὲ,

2145 5149 2165 5180 ι
2199 5129 2381 5184 ἔλθετε
2445 5133 2582 5203 πρός
2639 5150 2748 5203 με;
2794 5154 2811 5186 ι
2840 5135 2955 5189 ἀλλ’
2985 5136 3060 5200 ὡς
3096 5139 3169 5212 μὴ
3210 5140 3493 5208 ἐθέλοντας
3526 5147 3724 5214 ἐλθεῖν,

2139 5221 2316 5274 καίτοι
2354 5221 2444 5275 διὰ
2472 5224 2568 5294 τῆς
2595 5224 2821 5294 ἐρεύνης
2844 5226 2936 5279 ἐπὶ
2967 5226 3127 5281 τοῦτο
3155 5239 3722 5308 χειραγωγουμένους,

2139 5315 2506 5374 καταιτιᾶται,
2535 5313 2710 5381 λέγων
2729 5333 2742 5346 ·
2768 5333 2786 5366 ‹
2813 5316 2920 5368 Καὶ
2945 5318 3006 5369 οὐ
3021 5317 3203 5372 θέλετε
3219 5322 3394 5375 ἐλθεῖν
3416 5327 3553 5395 πρός
3585 5344 3674 5397 με.
3698 5347 3717 5379 ι

2151 5404 2602 5474 ’Δναγνωσόμεθα
2636 5407 2834 5473 τοίνυν,
2861 5408 2953 5460 ἐπὶ
2970 5411 3030 5462 τὸ
3053 5413 3468 5487 χρησιμώτερον
3497 5418 3724 5487 βλέπον-

2134 5509 2246 5555 τες,
2274 5493 2369 5546 καὶ
2395 5493 2456 5544 τὸ
2484 5495 2596 5559 τοῖς
2628 5496 3078 5565 προαποδοθεῖσιν
3111 5502 3461 5572 ἀκολουθοῦν,
3493 5509 3553 5560 οὐ
3583 5509 3723 5562 πάν-

2133 5602 2242 5648 τως
2266 5585 2701 5655 προστακτικῶς,
2733 5587 2846 5640 ἀλλ⁸
2898 5589 2974 5653 ὡς
3007 5593 3217 5647 συνέσει
3251 5594 3350 5666 [αι.
3395 5601 3723 5674 συναινέσει]

2139 5677 2336 5748 μᾶλλον
2363 5678 2458 5730 καὶ
2501 5679 2837 5751 ὑποστιγμῇ.
2885 5684 3077 5737 Ἔσται
3097 5685 3153 5738 δὲ
3186 5687 3348 5743 πάλιν
3379 5690 3473 5745 τοῦ
3497 5707 3721 5766 προκει-

1914 5863 1957 5894 ¹⁹
1997 5860 2157 5916 Joan.
2191 5877 2300 5922 xxv,
2331 5860 2382 5915 9.
