  <div class='ocr_page' id='page_1' title='image "/cluster/home/n/w/nwhite01/storage/ocr_20150623/73:no.6/coo.31924054869692/218.png"; bbox 0 0 4052 6502; ppageno 0'>
   <div class='ocr_carea' id='block_1_1' title="bbox 332 436 442 494">
    <p class='ocr_par' dir='ltr' id='par_1_1' title="bbox 332 436 442 494">
     <span class='ocr_line' id='line_1_1' title="bbox 332 436 442 494; baseline 0.027 -3"><span class='ocrx_word' id='word_1_1' title='bbox 332 436 442 494; x_wconf 67' lang='grc'><strong>421</strong></span> 
     </span>
    </p>
   </div>
   <div class='ocr_carea' id='block_1_2' title="bbox 1363 430 2547 492">
    <p class='ocr_par' dir='ltr' id='par_1_2' title="bbox 1363 430 2547 492">
     <span class='ocr_line' id='line_1_2' title="bbox 1363 430 2547 492; baseline 0.003 -4"><span class='ocrx_word' id='word_1_2' title='bbox 1363 434 1425 488; x_wconf 72' lang='lat' dir='ltr'><strong>IN</strong></span> <span class='ocrx_word' id='word_1_3' title='bbox 1459 431 1750 488; x_wconf 71' lang='lat' dir='ltr'><strong>JOANNIS</strong></span> <span class='ocrx_word' id='word_1_4' title='bbox 1792 430 2247 488; x_wconf 66' lang='lat' dir='ltr'><strong>EVANGE‘IJUM</strong></span> <span class='ocrx_word' id='word_1_5' title='bbox 2285 433 2413 491; x_wconf 83' lang='lat' dir='ltr'><strong>LIB.</strong></span> <span class='ocrx_word' id='word_1_6' title='bbox 2461 434 2547 492; x_wconf 88' lang='grc'><strong>111.</strong></span> 
     </span>
    </p>
   </div>
   <div class='ocr_carea' id='block_1_3' title="bbox 3537 446 3644 505">
    <p class='ocr_par' dir='ltr' id='par_1_3' title="bbox 3537 446 3644 505">
     <span class='ocr_line' id='line_1_3' title="bbox 3537 446 3644 505; baseline 0.019 -2"><span class='ocrx_word' id='word_1_7' title='bbox 3537 446 3644 505; x_wconf 63' lang='grc' dir='ltr'><strong>ζῖἐ</strong></span> 
     </span>
    </p>
   </div>
   <div class='ocr_carea' id='block_1_4' title="bbox 329 545 1933 624">
    <p class='ocr_par' dir='ltr' id='par_1_4' title="bbox 329 545 1933 622">
     <span class='ocr_line' id='line_1_4' title="bbox 329 545 1933 622; baseline -0.005 -17"><span class='ocrx_word' id='word_1_8' title='bbox 329 552 502 622; x_wconf 86' lang='grc' dir='ltr'>μένου</span> <span class='ocrx_word' id='word_1_9' title='bbox 527 546 770 613; x_wconf 89' lang='grc' dir='ltr'>τοιοῦτος</span> <span class='ocrx_word' id='word_1_10' title='bbox 802 549 830 601; x_wconf 86' lang='grc' dir='ltr'>ὁ</span> <span class='ocrx_word' id='word_1_11' title='bbox 854 548 1002 612; x_wconf 87' lang='grc' dir='ltr'>νοῦς.</span> <span class='ocrx_word' id='word_1_12' title='bbox 1046 548 1270 618; x_wconf 82' lang='grc' dir='ltr'>Ἐπειδὴ</span> <span class='ocrx_word' id='word_1_13' title='bbox 1303 547 1412 618; x_wconf 78' lang='grc' dir='ltr'>γὰρ</span> <span class='ocrx_word' id='word_1_14' title='bbox 1433 547 1700 601; x_wconf 82' lang='grc' dir='ltr'>ἐθεάσατο</span> <span class='ocrx_word' id='word_1_15' title='bbox 1720 545 1933 617; x_wconf 82' lang='grc' dir='ltr'>τρέχον‹</span> 
     </span>
    </p>
   </div>
   <div class='ocr_carea' id='block_1_5' title="bbox 2040 545 3641 624">
    <p class='ocr_par' dir='ltr' id='par_1_5' title="bbox 2051 545 3641 624">
     <span class='ocr_line' id='line_1_5' title="bbox 2051 545 3641 624; baseline 0.015 -27"><span class='ocrx_word' id='word_1_16' title='bbox 2051 545 2229 615; x_wconf 83' lang='lat' dir='ltr'><strong>ipsum</strong></span> <span class='ocrx_word' id='word_1_17' title='bbox 2260 548 2542 620; x_wconf 79' lang='lat' dir='ltr'><strong>colligere,</strong></span> <span class='ocrx_word' id='word_1_18' title='bbox 2570 549 2814 622; x_wconf 84' lang='lat' dir='ltr'><strong>nihilque</strong></span> <span class='ocrx_word' id='word_1_19' title='bbox 2840 551 2990 607; x_wconf 81' lang='lat' dir='ltr'><strong>aliud</strong></span> <span class='ocrx_word' id='word_1_20' title='bbox 3035 569 3300 624; x_wconf 55' lang='lat' dir='ltr'><strong>quaerere,</strong></span> <span class='ocrx_word' id='word_1_21' title='bbox 3339 567 3436 613; x_wconf 90' lang='lat' dir='ltr'><strong>aut</strong></span> <span class='ocrx_word' id='word_1_22' title='bbox 3473 564 3641 621; x_wconf 79' lang='lat' dir='ltr'><strong>etiam</strong></span> 
     </span>
    </p>
   </div>
   <div class='ocr_carea' id='block_1_6' title="bbox 323 638 1943 713">
    <p class='ocr_par' dir='ltr' id='par_1_6' title="bbox 323 638 1943 713">
     <span class='ocr_line' id='line_1_6' title="bbox 323 638 1943 713; baseline -0.006 -15"><span class='ocrx_word' id='word_1_23' title='bbox 323 662 430 706; x_wconf 84' lang='grc' dir='ltr'><strong>τας</strong></span> <span class='ocrx_word' id='word_1_24' title='bbox 471 643 565 697; x_wconf 84' lang='grc' dir='ltr'><strong>ὲπὶ</strong></span> <span class='ocrx_word' id='word_1_25' title='bbox 603 642 673 696; x_wconf 86' lang='grc' dir='ltr'>τὰ</span> <span class='ocrx_word' id='word_1_26' title='bbox 702 643 952 706; x_wconf 80' lang='grc' dir='ltr'><strong>Μωσέως</strong></span> <span class='ocrx_word' id='word_1_27' title='bbox 985 641 1423 713; x_wconf 88' lang='grc' dir='ltr'>συγγράμματα,</span> <span class='ocrx_word' id='word_1_28' title='bbox 1458 640 1554 693; x_wconf 74' lang='grc' dir='ltr'>καὶ</span> <span class='ocrx_word' id='word_1_29' title='bbox 1583 638 1943 708; x_wconf 77' lang='grc' dir='ltr'><strong>συλλέγοντας</strong></span> 
     </span>
    </p>
   </div>
   <div class='ocr_carea' id='block_1_7' title="bbox 323 730 1940 802">
    <p class='ocr_par' dir='ltr' id='par_1_7' title="bbox 323 730 1940 802">
     <span class='ocr_line' id='line_1_7' title="bbox 323 730 1940 802; baseline -0.004 -13"><span class='ocrx_word' id='word_1_30' title='bbox 323 735 546 790; x_wconf 71' lang='grc' dir='ltr'>ἐκεῖθεν</span> <span class='ocrx_word' id='word_1_31' title='bbox 579 733 927 798; x_wconf 75' lang='grc' dir='ltr'><strong>ἀπαιδεύτως</strong></span> <span class='ocrx_word' id='word_1_32' title='bbox 984 734 1085 798; x_wconf 82' lang='grc' dir='ltr'><strong>τάς</strong></span> <span class='ocrx_word' id='word_1_33' title='bbox 1135 733 1245 788; x_wconf 90' lang='grc' dir='ltr'><strong>τῶν</strong></span> <span class='ocrx_word' id='word_1_34' title='bbox 1290 730 1610 800; x_wconf 80' lang='grc' dir='ltr'><strong>ἀντιλογιῶν</strong></span> <span class='ocrx_word' id='word_1_35' title='bbox 1659 730 1940 802; x_wconf 82' lang='grc' dir='ltr'>ἀφορμάς,</span> 
     </span>
    </p>
   </div>
   <div class='ocr_carea' id='block_1_8' title="bbox 322 822 1944 899">
    <p class='ocr_par' dir='ltr' id='par_1_8' title="bbox 322 822 1944 899">
     <span class='ocr_line' id='line_1_8' title="bbox 322 822 1944 899; baseline -0.005 -17"><span class='ocrx_word' id='word_1_36' title='bbox 322 827 638 899; x_wconf 80' lang='grc' dir='ltr'><strong>ζητοῦντας</strong></span> <span class='ocrx_word' id='word_1_37' title='bbox 665 826 724 880; x_wconf 85' lang='grc' dir='ltr'>δὲ</span> <span class='ocrx_word' id='word_1_38' title='bbox 762 826 951 898; x_wconf 71' lang='grc' dir='ltr'>ἕτερον</span> <span class='ocrx_word' id='word_1_39' title='bbox 995 825 1173 889; x_wconf 77' lang='grc' dir='ltr'>οὐδὲν,</span> <span class='ocrx_word' id='word_1_40' title='bbox 1208 826 1242 897; x_wconf 81' lang='grc' dir='ltr'>ἢ</span> <span class='ocrx_word' id='word_1_41' title='bbox 1275 825 1371 878; x_wconf 72' lang='grc' dir='ltr'>καὶ</span> <span class='ocrx_word' id='word_1_42' title='bbox 1419 822 1766 895; x_wconf 79' lang='grc' dir='ltr'>δεχομένους,</span> <span class='ocrx_word' id='word_1_43' title='bbox 1805 823 1944 893; x_wconf 82' lang='grc' dir='ltr'>ὅπερ</span> 
     </span>
    </p>
   </div>
   <div class='ocr_carea' id='block_1_9' title="bbox 323 914 1946 992">
    <p class='ocr_par' dir='ltr' id='par_1_9' title="bbox 323 914 1946 992">
     <span class='ocr_line' id='line_1_9' title="bbox 323 914 1946 992; baseline -0.003 -19"><span class='ocrx_word' id='word_1_44' title='bbox 323 920 399 974; x_wconf 81' lang='grc' dir='ltr'>ἂν</span> <span class='ocrx_word' id='word_1_45' title='bbox 439 920 627 984; x_wconf 80' lang='grc' dir='ltr'>αὐτοῖς</span> <span class='ocrx_word' id='word_1_46' title='bbox 660 920 721 973; x_wconf 81' lang='grc' dir='ltr'>τὸ</span> <span class='ocrx_word' id='word_1_47' title='bbox 767 922 966 992; x_wconf 74' lang='grc' dir='ltr'>χρῆναι</span> <span class='ocrx_word' id='word_1_48' title='bbox 997 919 1276 972; x_wconf 72' lang='grc' dir='ltr'><strong>πιστεύειν</strong></span> <span class='ocrx_word' id='word_1_49' title='bbox 1323 919 1614 988; x_wconf 75' lang='grc' dir='ltr'>περιποιῇ’</span> <span class='ocrx_word' id='word_1_50' title='bbox 1652 915 1743 969; x_wconf 86' lang='grc' dir='ltr'>διὰ</span> <span class='ocrx_word' id='word_1_51' title='bbox 1785 914 1946 969; x_wconf 86' lang='grc' dir='ltr'>τοῦτο</span> 
     </span>
    </p>
   </div>
   <div class='ocr_carea' id='block_1_10' title="bbox 321 1008 1944 1083">
    <p class='ocr_par' dir='ltr' id='par_1_10' title="bbox 321 1008 1944 1083">
     <span class='ocr_line' id='line_1_10' title="bbox 321 1008 1944 1083; baseline -0.001 -19"><span class='ocrx_word' id='word_1_52' title='bbox 321 1013 500 1067; x_wconf 76' lang='grc' dir='ltr'>πάλιν</span> <span class='ocrx_word' id='word_1_53' title='bbox 534 1011 854 1081; x_wconf 77' lang='grc' dir='ltr'><strong>ἀναγκαίως</strong></span> <span class='ocrx_word' id='word_1_54' title='bbox 887 1012 1164 1083; x_wconf 73' lang='grc' dir='ltr'>ἄχρηστον</span> <span class='ocrx_word' id='word_1_55' title='bbox 1211 1012 1396 1074; x_wconf 84' lang='grc' dir='ltr'>αὐτοῖς</span> <span class='ocrx_word' id='word_1_56' title='bbox 1443 1011 1538 1065; x_wconf 73' lang='grc' dir='ltr'><strong>καὶ</strong></span> <span class='ocrx_word' id='word_1_57' title='bbox 1567 1010 1826 1079; x_wconf 85' lang='grc' dir='ltr'>ἀνόνητον</span> <span class='ocrx_word' id='word_1_58' title='bbox 1852 1008 1944 1062; x_wconf 85' lang='grc' dir='ltr'>τὸν</span> 
     </span>
    </p>
   </div>
   <div class='ocr_carea' id='block_1_11' title="bbox 319 1100 1944 1176">
    <p class='ocr_par' dir='ltr' id='par_1_11' title="bbox 319 1100 1944 1176">
     <span class='ocr_line' id='line_1_11' title="bbox 319 1100 1944 1176; baseline -0.005 -16"><span class='ocrx_word' id='word_1_59' title='bbox 319 1106 432 1174; x_wconf 78' lang='grc' dir='ltr'>τῆς</span> <span class='ocrx_word' id='word_1_60' title='bbox 466 1105 561 1158; x_wconf 72' lang='grc' dir='ltr'><strong>ἐπὶ</strong></span> <span class='ocrx_word' id='word_1_61' title='bbox 589 1105 804 1167; x_wconf 78' lang='grc' dir='ltr'><strong>τούτοις</strong></span> <span class='ocrx_word' id='word_1_62' title='bbox 871 1103 1102 1176; x_wconf 77' lang='grc' dir='ltr'><strong>ἐρεύνης</strong></span> <span class='ocrx_word' id='word_1_63' title='bbox 1141 1103 1436 1174; x_wconf 75' lang='grc' dir='ltr'><strong>ἀποφαίνει</strong></span> <span class='ocrx_word' id='word_1_64' title='bbox 1487 1102 1674 1166; x_wconf 81' lang='grc' dir='ltr'><strong>πόνον,</strong></span> <span class='ocrx_word' id='word_1_65' title='bbox 1727 1100 1819 1154; x_wconf 76' lang='grc' dir='ltr'>καὶ</span> <span class='ocrx_word' id='word_1_66' title='bbox 1867 1100 1944 1165; x_wconf 86' lang='grc' dir='ltr'><strong>ὡς</strong></span> 
     </span>
    </p>
   </div>
   <div class='ocr_carea' id='block_1_12' title="bbox 324 1192 1946 1268">
    <p class='ocr_par' dir='ltr' id='par_1_12' title="bbox 324 1192 1946 1268">
     <span class='ocr_line' id='line_1_12' title="bbox 324 1192 1946 1268; baseline -0.001 -18"><span class='ocrx_word' id='word_1_67' title='bbox 324 1197 562 1268; x_wconf 85' lang='grc' dir='ltr'>μεγάλῳ</span> <span class='ocrx_word' id='word_1_68' title='bbox 583 1213 643 1250; x_wconf 90' lang='grc' dir='ltr'>τε</span> <span class='ocrx_word' id='word_1_69' title='bbox 673 1197 772 1250; x_wconf 75' lang='grc' dir='ltr'>καὶ</span> <span class='ocrx_word' id='word_1_70' title='bbox 821 1197 1264 1266; x_wconf 81' lang='grc' dir='ltr'>ὲπωφελεστάτῳ</span> <span class='ocrx_word' id='word_1_71' title='bbox 1311 1195 1603 1267; x_wconf 83' lang='grc' dir='ltr'><strong>πράγματι</strong></span> <span class='ocrx_word' id='word_1_72' title='bbox 1641 1192 1946 1264; x_wconf 84' lang='grc' dir='ltr'>μεμελετή-</span> 
     </span>
    </p>
   </div>
   <div class='ocr_carea' id='block_1_13' title="bbox 322 1285 1948 1360">
    <p class='ocr_par' dir='ltr' id='par_1_13' title="bbox 322 1285 1948 1360">
     <span class='ocr_line' id='line_1_13' title="bbox 322 1285 1948 1360; baseline -0.003 -16"><span class='ocrx_word' id='word_1_73' title='bbox 322 1307 495 1344; x_wconf 83' lang='grc' dir='ltr'>κασιν</span> <span class='ocrx_word' id='word_1_74' title='bbox 537 1289 600 1344; x_wconf 82' lang='grc' dir='ltr'><strong>ού</strong></span> <span class='ocrx_word' id='word_1_75' title='bbox 648 1289 794 1343; x_wconf 86' lang='grc' dir='ltr'><strong>κατά</strong></span> <span class='ocrx_word' id='word_1_76' title='bbox 836 1289 995 1358; x_wconf 90' lang='grc' dir='ltr'>λόγον</span> <span class='ocrx_word' id='word_1_77' title='bbox 1059 1287 1365 1360; x_wconf 76' lang='grc' dir='ltr'>κεχρῆσθαι</span> <span class='ocrx_word' id='word_1_78' title='bbox 1399 1288 1491 1341; x_wconf 86' lang='grc' dir='ltr'>τὸν</span> <span class='ocrx_word' id='word_1_79' title='bbox 1533 1286 1816 1358; x_wconf 79' lang='grc' dir='ltr'>πρέποντα</span> <span class='ocrx_word' id='word_1_80' title='bbox 1865 1285 1948 1339; x_wconf 84' lang='grc' dir='ltr'><strong>δι-⁹</strong></span> 
     </span>
    </p>
   </div>
   <div class='ocr_carea' id='block_1_14' title="bbox 329 1379 1947 1453">
    <p class='ocr_par' dir='ltr' id='par_1_14' title="bbox 329 1379 1947 1453">
     <span class='ocr_line' id='line_1_14' title="bbox 329 1379 1947 1453; baseline -0.003 -17"><span class='ocrx_word' id='word_1_81' title='bbox 329 1383 563 1452; x_wconf 83' lang='grc' dir='ltr'>ελέγχει</span> <span class='ocrx_word' id='word_1_82' title='bbox 627 1383 912 1452; x_wconf 71' lang='grc' dir='ltr'>σαφῶς.Τί</span> <span class='ocrx_word' id='word_1_83' title='bbox 951 1381 1083 1453; x_wconf 83' lang='grc' dir='ltr'>γάρ,</span> <span class='ocrx_word' id='word_1_84' title='bbox 1131 1381 1252 1434; x_wconf 75' lang='grc' dir='ltr'>εἰπέ</span> <span class='ocrx_word' id='word_1_85' title='bbox 1288 1398 1400 1452; x_wconf 87' lang='grc' dir='ltr'>μοι,</span> <span class='ocrx_word' id='word_1_86' title='bbox 1443 1381 1504 1433; x_wconf 80' lang='grc' dir='ltr'>τὸ</span> <span class='ocrx_word' id='word_1_87' title='bbox 1543 1381 1832 1450; x_wconf 82' lang='grc' dir='ltr'>χρήσιμον,</span> <span class='ocrx_word' id='word_1_88' title='bbox 1863 1379 1947 1433; x_wconf 83' lang='grc' dir='ltr'>ὄτι</span> 
     </span>
    </p>
   </div>
   <div class='ocr_carea' id='block_1_15' title="bbox 317 1472 1946 1548">
    <p class='ocr_par' dir='ltr' id='par_1_15' title="bbox 317 1472 1946 1548">
     <span class='ocr_line' id='line_1_15' title="bbox 317 1472 1946 1548; baseline -0.002 -19"><span class='ocrx_word' id='word_1_89' title='bbox 317 1478 430 1541; x_wconf 87' lang='grc' dir='ltr'><strong>τάς</strong></span> <span class='ocrx_word' id='word_1_90' title='bbox 457 1477 563 1548; x_wconf 82' lang='grc' dir='ltr'>μὲν</span> <span class='ocrx_word' id='word_1_91' title='bbox 591 1477 767 1541; x_wconf 81' lang='grc' dir='ltr'><strong>Θείας,</strong></span> <span class='ocrx_word' id='word_1_92' title='bbox 806 1476 998 1547; x_wconf 69' lang='grc' dir='ltr'>φησιν,</span> <span class='ocrx_word' id='word_1_93' title='bbox 1031 1476 1293 1546; x_wconf 79' lang='grc' dir='ltr'>ἐρευνᾶτε</span> <span class='ocrx_word' id='word_1_94' title='bbox 1336 1475 1376 1527; x_wconf 92' lang='grc' dir='ltr'>Γ</span> <span class='ocrx_word' id='word_1_95' title='bbox 1381 1474 1583 1545; x_wconf 78' lang='grc' dir='ltr'>ραφάς,</span> <span class='ocrx_word' id='word_1_96' title='bbox 1613 1473 1850 1543; x_wconf 74' lang='grc' dir='ltr'>οἰόμενοι</span> <span class='ocrx_word' id='word_1_97' title='bbox 1878 1472 1946 1526; x_wconf 83' lang='grc' dir='ltr'><strong>δι’</strong></span> 
     </span>
    </p>
   </div>
   <div class='ocr_carea' id='block_1_16' title="bbox 319 1564 1947 1640">
    <p class='ocr_par' dir='ltr' id='par_1_16' title="bbox 319 1564 1947 1640">
     <span class='ocr_line' id='line_1_16' title="bbox 319 1564 1947 1640; baseline -0.003 -17"><span class='ocrx_word' id='word_1_98' title='bbox 319 1569 514 1623; x_wconf 76' lang='grc' dir='ltr'>αὐτῶν</span> <span class='ocrx_word' id='word_1_99' title='bbox 547 1571 628 1634; x_wconf 83' lang='grc' dir='ltr'><strong>εἰς</strong></span> <span class='ocrx_word' id='word_1_100' title='bbox 663 1567 881 1624; x_wconf 74' lang='grc' dir='ltr'>αἰώνιον</span> <span class='ocrx_word' id='word_1_101' title='bbox 913 1568 1286 1639; x_wconf 73' lang='grc' dir='ltr'>ἀναϐήσεσθαι</span> <span class='ocrx_word' id='word_1_102' title='bbox 1309 1568 1499 1640; x_wconf 55' lang='lat' dir='ltr'><strong>(mnu;</strong></span> <span class='ocrx_word' id='word_1_103' title='bbox 1537 1565 1709 1620; x_wconf 83' lang='grc' dir='ltr'>Ἐπὰν</span> <span class='ocrx_word' id='word_1_104' title='bbox 1733 1565 1789 1620; x_wconf 84' lang='grc' dir='ltr'>δὲ</span> <span class='ocrx_word' id='word_1_105' title='bbox 1813 1564 1947 1619; x_wconf 86' lang='grc' dir='ltr'>ταύ-</span> 
     </span>
    </p>
   </div>
   <div class='ocr_carea' id='block_1_17' title="bbox 319 1657 1946 1734">
    <p class='ocr_par' dir='ltr' id='par_1_17' title="bbox 319 1657 1946 1734">
     <span class='ocr_line' id='line_1_17' title="bbox 319 1657 1946 1734; baseline -0.002 -20"><span class='ocrx_word' id='word_1_106' title='bbox 319 1677 429 1723; x_wconf 89' lang='grc' dir='ltr'><strong>τας</strong></span> <span class='ocrx_word' id='word_1_107' title='bbox 457 1661 584 1732; x_wconf 73' lang='grc' dir='ltr'>ἐμοὶ</span> <span class='ocrx_word' id='word_1_108' title='bbox 619 1659 1010 1734; x_wconf 82' lang='grc' dir='ltr'>μαρτυρούσας</span> <span class='ocrx_word' id='word_1_109' title='bbox 1049 1660 1366 1732; x_wconf 80' lang='grc' dir='ltr'>εὑρίσκητε,</span> <span class='ocrx_word' id='word_1_110' title='bbox 1419 1659 1514 1712; x_wconf 69' lang='grc' dir='ltr'>καὶ</span> <span class='ocrx_word' id='word_1_111' title='bbox 1562 1658 1712 1731; x_wconf 75' lang='grc' dir='ltr'>ζωὴν</span> <span class='ocrx_word' id='word_1_112' title='bbox 1739 1657 1946 1729; x_wconf 86' lang='grc' dir='ltr'>ὀνομα-</span> 
     </span>
    </p>
   </div>
   <div class='ocr_carea' id='block_1_18' title="bbox 319 1752 1942 1825">
    <p class='ocr_par' dir='ltr' id='par_1_18' title="bbox 319 1752 1942 1825">
     <span class='ocr_line' id='line_1_18' title="bbox 319 1752 1942 1825; baseline -0.002 -18"><span class='ocrx_word' id='word_1_113' title='bbox 319 1753 534 1818; x_wconf 81' lang='grc' dir='ltr'>ζούσας</span> <span class='ocrx_word' id='word_1_114' title='bbox 557 1755 658 1825; x_wconf 78' lang='grc' dir='ltr'><strong>ἐμὲ</strong></span> <span class='ocrx_word' id='word_1_115' title='bbox 691 1754 791 1825; x_wconf 82' lang='grc' dir='ltr'>τὴν</span> <span class='ocrx_word' id='word_1_116' title='bbox 837 1755 1077 1816; x_wconf 82' lang='grc' dir='ltr'>αίὼνιον,</span> <span class='ocrx_word' id='word_1_117' title='bbox 1133 1753 1195 1807; x_wconf 81' lang='grc' dir='ltr'>οὐ</span> <span class='ocrx_word' id='word_1_118' title='bbox 1244 1752 1427 1806; x_wconf 85' lang='grc' dir='ltr'>θέλετε</span> <span class='ocrx_word' id='word_1_119' title='bbox 1474 1752 1651 1806; x_wconf 73' lang='grc' dir='ltr'>ἐλθεῖν</span> <span class='ocrx_word' id='word_1_120' title='bbox 1685 1752 1824 1823; x_wconf 84' lang='grc' dir='ltr'>πρός</span> <span class='ocrx_word' id='word_1_121' title='bbox 1853 1769 1942 1822; x_wconf 89' lang='grc' dir='ltr'><strong>με,</strong></span> 
     </span>
    </p>
   </div>
   <div class='ocr_carea' id='block_1_19' title="bbox 320 1844 1940 1917">
    <p class='ocr_par' dir='ltr' id='par_1_19' title="bbox 320 1844 1940 1917">
     <span class='ocr_line' id='line_1_19' title="bbox 320 1844 1940 1917; baseline 0.001 -19"><span class='ocrx_word' id='word_1_122' title='bbox 320 1845 418 1898; x_wconf 82' lang='grc' dir='ltr'>ἵνα</span> <span class='ocrx_word' id='word_1_123' title='bbox 441 1844 592 1917; x_wconf 79' lang='grc' dir='ltr'>ζωὴν</span> <span class='ocrx_word' id='word_1_124' title='bbox 624 1845 809 1916; x_wconf 82' lang='grc' dir='ltr'>ἔχητε.</span> <span class='ocrx_word' id='word_1_125' title='bbox 841 1845 1053 1901; x_wconf 80' lang='grc' dir='ltr'>Οὐκοῦν</span> <span class='ocrx_word' id='word_1_126' title='bbox 1082 1845 1205 1900; x_wconf 80' lang='grc' dir='ltr'>ὅθεν</span> <span class='ocrx_word' id='word_1_127' title='bbox 1253 1845 1363 1899; x_wconf 77' lang='grc' dir='ltr'>ἔδει</span> <span class='ocrx_word' id='word_1_128' title='bbox 1414 1844 1708 1912; x_wconf 80' lang='grc' dir='ltr'>σώζεσθαι,</span> <span class='ocrx_word' id='word_1_129' title='bbox 1754 1847 1940 1917; x_wconf 70' lang='grc' dir='ltr'>φησιν,</span> 
     </span>
    </p>
   </div>
   <div class='ocr_carea' id='block_1_20' title="bbox 315 1935 1936 2008">
    <p class='ocr_par' dir='ltr' id='par_1_20' title="bbox 315 1935 1936 2008">
     <span class='ocr_line' id='line_1_20' title="bbox 315 1935 1936 2008; baseline 0.001 -19"><span class='ocrx_word' id='word_1_130' title='bbox 315 1936 541 1990; x_wconf 78' lang='grc' dir='ltr'>ἐκεῖθεν</span> <span class='ocrx_word' id='word_1_131' title='bbox 566 1936 638 1990; x_wconf 78' lang='grc' dir='ltr'><strong>τά</strong></span> <span class='ocrx_word' id='word_1_132' title='bbox 674 1937 911 2006; x_wconf 89' lang='grc' dir='ltr'>μέγιστα</span> <span class='ocrx_word' id='word_1_133' title='bbox 942 1937 1042 2001; x_wconf 78' lang='grc' dir='ltr'><strong>τὰς</strong></span> <span class='ocrx_word' id='word_1_134' title='bbox 1073 1936 1288 1992; x_wconf 76' lang='grc' dir='ltr'>ἑαυτῶν</span> <span class='ocrx_word' id='word_1_135' title='bbox 1318 1935 1644 2008; x_wconf 81' lang='grc' dir='ltr'>ζημιοῦντες</span> <span class='ocrx_word' id='word_1_136' title='bbox 1672 1937 1733 1990; x_wconf 82' lang='grc' dir='ltr'><strong>ού</strong></span> <span class='ocrx_word' id='word_1_137' title='bbox 1765 1939 1936 1991; x_wconf 81' lang='grc' dir='ltr'>νοεῖτε</span> 
     </span>
    </p>
   </div>
   <div class='ocr_carea' id='block_1_21' title="bbox 313 2032 1937 2104">
    <p class='ocr_par' dir='ltr' id='par_1_21' title="bbox 313 2032 1937 2104">
     <span class='ocr_line' id='line_1_21' title="bbox 313 2032 1937 2104; baseline 0.002 -19"><span class='ocrx_word' id='word_1_138' title='bbox 313 2033 528 2103; x_wconf 77' lang='grc' dir='ltr'>ψυχὰς,</span> <span class='ocrx_word' id='word_1_139' title='bbox 559 2033 698 2104; x_wconf 78' lang='grc' dir='ltr'>πρὸς</span> <span class='ocrx_word' id='word_1_140' title='bbox 742 2033 841 2104; x_wconf 86' lang='grc' dir='ltr'>μὲν</span> <span class='ocrx_word' id='word_1_141' title='bbox 874 2033 1034 2104; x_wconf 86' lang='grc' dir='ltr'>μόνον</span> <span class='ocrx_word' id='word_1_142' title='bbox 1084 2032 1147 2086; x_wconf 82' lang='grc' dir='ltr'>τὸ</span> <span class='ocrx_word' id='word_1_143' title='bbox 1168 2032 1472 2101; x_wconf 80' lang='grc' dir='ltr'>ἀντιλέγειν</span> <span class='ocrx_word' id='word_1_144' title='bbox 1513 2034 1579 2087; x_wconf 81' lang='grc' dir='ltr'>ὲκ</span> <span class='ocrx_word' id='word_1_145' title='bbox 1619 2032 1937 2088; x_wconf 80' lang='grc' dir='ltr'>Μωσαῖκῶν</span> 
     </span>
    </p>
   </div>
   <div class='ocr_carea' id='block_1_22' title="bbox 314 2119 1937 2198">
    <p class='ocr_par' dir='ltr' id='par_1_22' title="bbox 314 2119 1937 2198">
     <span class='ocr_line' id='line_1_22' title="bbox 314 2119 1937 2198; baseline 0.001 -20"><span class='ocrx_word' id='word_1_146' title='bbox 314 2123 671 2194; x_wconf 80' lang='grc' dir='ltr'>ἀκονὼμενοι</span> <span class='ocrx_word' id='word_1_147' title='bbox 703 2123 902 2192; x_wconf 85' lang='grc' dir='ltr'>λόγων,</span> <span class='ocrx_word' id='word_1_148' title='bbox 924 2125 992 2178; x_wconf 89' lang='grc' dir='ltr'><strong>τά</strong></span> <span class='ocrx_word' id='word_1_149' title='bbox 1020 2123 1078 2178; x_wconf 80' lang='grc' dir='ltr'>δὲ</span> <span class='ocrx_word' id='word_1_150' title='bbox 1101 2125 1187 2193; x_wconf 76' lang='grc' dir='ltr'><strong>ἐφ’</strong></span> <span class='ocrx_word' id='word_1_151' title='bbox 1214 2119 1296 2190; x_wconf 75' lang='grc' dir='ltr'>οἷς</span> <span class='ocrx_word' id='word_1_152' title='bbox 1325 2121 1393 2196; x_wconf 78' lang='grc' dir='ltr'>ἦν</span> <span class='ocrx_word' id='word_1_153' title='bbox 1423 2126 1567 2197; x_wconf 73' lang='grc' dir='ltr'>ὑμᾶς</span> <span class='ocrx_word' id='word_1_154' title='bbox 1588 2126 1687 2198; x_wconf 80' lang='grc' dir='ltr'>τὴν</span> <span class='ocrx_word' id='word_1_155' title='bbox 1716 2125 1937 2180; x_wconf 75' lang='grc' dir='ltr'>αἰώνιον</span> 
     </span>
    </p>
   </div>
   <div class='ocr_carea' id='block_1_23' title="bbox 313 2216 1934 2288">
    <p class='ocr_par' dir='ltr' id='par_1_23' title="bbox 313 2216 1934 2288">
     <span class='ocr_line' id='line_1_23' title="bbox 313 2216 1934 2288; baseline 0.002 -18"><span class='ocrx_word' id='word_1_156' title='bbox 313 2216 748 2287; x_wconf 84' lang='grc' dir='ltr'>ἁποκερδαίνειν</span> <span class='ocrx_word' id='word_1_157' title='bbox 777 2216 945 2288; x_wconf 77' lang='grc' dir='ltr'>ζωὴν,</span> <span class='ocrx_word' id='word_1_158' title='bbox 998 2217 1111 2270; x_wconf 79' lang='grc' dir='ltr'>οὐδ’</span> <span class='ocrx_word' id='word_1_159' title='bbox 1139 2217 1265 2271; x_wconf 85' lang='grc' dir='ltr'>ὅσον</span> <span class='ocrx_word' id='word_1_160' title='bbox 1317 2219 1395 2282; x_wconf 92' lang='grc' dir='ltr'>εἰς</span> <span class='ocrx_word' id='word_1_161' title='bbox 1440 2217 1566 2272; x_wconf 92' lang='grc' dir='ltr'>νοῦν</span> <span class='ocrx_word' id='word_1_162' title='bbox 1592 2219 1684 2272; x_wconf 72' lang='grc' dir='ltr'>τὸν</span> <span class='ocrx_word' id='word_1_163' title='bbox 1723 2220 1934 2274; x_wconf 81' lang='grc' dir='ltr'>ἑαυτῶν</span> 
     </span>
    </p>
   </div>
   <div class='ocr_carea' id='block_1_24' title="bbox 2045 641 3644 714">
    <p class='ocr_par' dir='ltr' id='par_1_24' title="bbox 2045 641 3644 714">
     <span class='ocr_line' id='line_1_24' title="bbox 2045 641 3644 714; baseline 0.011 -20"><span class='ocrx_word' id='word_1_164' title='bbox 2045 642 2329 711; x_wconf 86' lang='lat' dir='ltr'><strong>suscipere</strong></span> <span class='ocrx_word' id='word_1_165' title='bbox 2366 656 2478 710; x_wconf 90' lang='lat' dir='ltr'><strong>quo</strong></span> <span class='ocrx_word' id='word_1_166' title='bbox 2502 641 2568 695; x_wconf 86' lang='lat' dir='ltr'><strong>ad</strong></span> <span class='ocrx_word' id='word_1_167' title='bbox 2603 642 2940 697; x_wconf 88' lang='lat' dir='ltr'><strong>credendum</strong></span> <span class='ocrx_word' id='word_1_168' title='bbox 2974 644 3396 714; x_wconf 78' lang='lat' dir='ltr'><strong>inducerentur,</strong></span> <span class='ocrx_word' id='word_1_169' title='bbox 3432 652 3644 711; x_wconf 88' lang='lat' dir='ltr'><strong>idcirco</strong></span> 
     </span>
    </p>
   </div>
   <div class='ocr_carea' id='block_1_25' title="bbox 2046 733 3641 803">
    <p class='ocr_par' dir='ltr' id='par_1_25' title="bbox 2046 733 3641 803">
     <span class='ocr_line' id='line_1_25' title="bbox 2046 733 3641 803; baseline 0.011 -17"><span class='ocrx_word' id='word_1_170' title='bbox 2046 733 2364 789; x_wconf 85' lang='lat' dir='ltr'><strong>necessario</strong></span> <span class='ocrx_word' id='word_1_171' title='bbox 2414 734 2528 789; x_wconf 84' lang='lat' dir='ltr'><strong>illis</strong></span> <span class='ocrx_word' id='word_1_172' title='bbox 2570 749 2790 789; x_wconf 88' lang='lat' dir='ltr'><strong>rursum</strong></span> <span class='ocrx_word' id='word_1_173' title='bbox 2847 736 3094 794; x_wconf 89' lang='lat' dir='ltr'><strong>declarat</strong></span> <span class='ocrx_word' id='word_1_174' title='bbox 3160 741 3414 798; x_wconf 90' lang='lat' dir='ltr'><strong>inutilem</strong></span> <span class='ocrx_word' id='word_1_175' title='bbox 3477 746 3641 803; x_wconf 84' lang='lat' dir='ltr'><strong>istam</strong></span> 
     </span>
    </p>
   </div>
   <div class='ocr_carea' id='block_1_26' title="bbox 2046 825 3646 906">
    <p class='ocr_par' dir='ltr' id='par_1_26' title="bbox 2046 825 3646 906">
     <span class='ocr_line' id='line_1_26' title="bbox 2046 825 3646 906; baseline 0.009 -24"><span class='ocrx_word' id='word_1_176' title='bbox 2046 827 2328 882; x_wconf 80' lang='lat' dir='ltr'><strong>scrutandi</strong></span> <span class='ocrx_word' id='word_1_177' title='bbox 2357 825 2728 897; x_wconf 90' lang='lat' dir='ltr'><strong>diligentiam,</strong></span> <span class='ocrx_word' id='word_1_178' title='bbox 2762 829 3168 903; x_wconf 79' lang='lat' dir='ltr'><strong>manifesteque</strong></span> <span class='ocrx_word' id='word_1_179' title='bbox 3201 837 3382 906; x_wconf 87' lang='lat' dir='ltr'><strong>arguit</strong></span> <span class='ocrx_word' id='word_1_180' title='bbox 3441 853 3538 896; x_wconf 91' lang='lat' dir='ltr'><strong>eos</strong></span> <span class='ocrx_word' id='word_1_181' title='bbox 3585 856 3646 897; x_wconf 90' lang='lat' dir='ltr'><strong>re</strong></span> 
     </span>
    </p>
   </div>
   <div class='ocr_carea' id='block_1_27' title="bbox 2046 920 3640 994">
    <p class='ocr_par' dir='ltr' id='par_1_27' title="bbox 2046 920 3640 994">
     <span class='ocr_line' id='line_1_27' title="bbox 2046 920 3640 994; baseline 0.009 -20"><span class='ocrx_word' id='word_1_182' title='bbox 2046 935 2242 991; x_wconf 88' lang='lat' dir='ltr'><strong>magna</strong></span> <span class='ocrx_word' id='word_1_183' title='bbox 2297 929 2358 976; x_wconf 79' lang='lat' dir='ltr'><strong>et</strong></span> <span class='ocrx_word' id='word_1_184' title='bbox 2407 920 2704 976; x_wconf 87' lang='lat' dir='ltr'><strong>utilissima</strong></span> <span class='ocrx_word' id='word_1_185' title='bbox 2754 936 2866 976; x_wconf 90' lang='lat' dir='ltr'><strong>non</strong></span> <span class='ocrx_word' id='word_1_186' title='bbox 2907 937 2974 978; x_wconf 91' lang='lat' dir='ltr'><strong>eo</strong></span> <span class='ocrx_word' id='word_1_187' title='bbox 3003 939 3114 994; x_wconf 91' lang='lat' dir='ltr'><strong>quo</strong></span> <span class='ocrx_word' id='word_1_188' title='bbox 3146 927 3303 983; x_wconf 87' lang='lat' dir='ltr'><strong>decet</strong></span> <span class='ocrx_word' id='word_1_189' title='bbox 3339 930 3504 986; x_wconf 91' lang='lat' dir='ltr'><strong>modo</strong></span> <span class='ocrx_word' id='word_1_190' title='bbox 3536 933 3640 988; x_wconf 89' lang='lat' dir='ltr'><strong>uti.</strong></span> 
     </span>
    </p>
   </div>
   <div class='ocr_carea' id='block_1_28' title="bbox 2045 1011 3643 1091">
    <p class='ocr_par' dir='ltr' id='par_1_28' title="bbox 2045 1011 3643 1091">
     <span class='ocr_line' id='line_1_28' title="bbox 2045 1011 3643 1091; baseline 0.009 -25"><span class='ocrx_word' id='word_1_191' title='bbox 2045 1011 2189 1079; x_wconf 85' lang='lat' dir='ltr'><strong>Quid</strong></span> <span class='ocrx_word' id='word_1_192' title='bbox 2239 1013 2388 1068; x_wconf 90' lang='lat' dir='ltr'><strong>enim</strong></span> <span class='ocrx_word' id='word_1_193' title='bbox 2434 1013 2684 1085; x_wconf 81' lang='lat' dir='ltr'><strong>prodest,</strong></span> <span class='ocrx_word' id='word_1_194' title='bbox 2721 1030 2936 1085; x_wconf 72' lang='lat' dir='ltr'><strong>quaeso,</strong></span> <span class='ocrx_word' id='word_1_195' title='bbox 2972 1016 3186 1088; x_wconf 87' lang='lat' dir='ltr'><strong>inquit,</strong></span> <span class='ocrx_word' id='word_1_196' title='bbox 3227 1022 3374 1091; x_wconf 91' lang='lat' dir='ltr'><strong>quod</strong></span> <span class='ocrx_word' id='word_1_197' title='bbox 3423 1024 3643 1082; x_wconf 87' lang='lat' dir='ltr'><strong>divinas</strong></span> 
     </span>
    </p>
   </div>
   <div class='ocr_carea' id='block_1_29' title="bbox 2045 1105 3641 1184">
    <p class='ocr_par' dir='ltr' id='par_1_29' title="bbox 2045 1105 3641 1184">
     <span class='ocr_line' id='line_1_29' title="bbox 2045 1105 3641 1184; baseline 0.008 -25"><span class='ocrx_word' id='word_1_198' title='bbox 2045 1105 2371 1160; x_wconf 84' lang='lat' dir='ltr'><strong>scrutamini</strong></span> <span class='ocrx_word' id='word_1_199' title='bbox 2398 1105 2739 1176; x_wconf 87' lang='lat' dir='ltr'><strong>Scripturas,</strong></span> <span class='ocrx_word' id='word_1_200' title='bbox 2773 1109 3071 1165; x_wconf 86' lang='lat' dir='ltr'><strong>credentes</strong></span> <span class='ocrx_word' id='word_1_201' title='bbox 3117 1126 3217 1182; x_wconf 90' lang='lat' dir='ltr'><strong>per</strong></span> <span class='ocrx_word' id='word_1_202' title='bbox 3255 1114 3408 1184; x_wconf 88' lang='lat' dir='ltr'><strong>ipsas</strong></span> <span class='ocrx_word' id='word_1_203' title='bbox 3438 1132 3537 1173; x_wconf 90' lang='lat' dir='ltr'><strong>vos</strong></span> <span class='ocrx_word' id='word_1_204' title='bbox 3573 1119 3641 1172; x_wconf 86' lang='lat' dir='ltr'><strong>ad</strong></span> 
     </span>
    </p>
   </div>
   <div class='ocr_carea' id='block_1_30' title="bbox 2045 1198 3643 1275">
    <p class='ocr_par' dir='ltr' id='par_1_30' title="bbox 2045 1198 3643 1275">
     <span class='ocr_line' id='line_1_30' title="bbox 2045 1198 3643 1275; baseline 0.008 -23"><span class='ocrx_word' id='word_1_205' title='bbox 2045 1207 2309 1252; x_wconf 80' lang='lat' dir='ltr'><strong>:elernam</strong></span> <span class='ocrx_word' id='word_1_206' title='bbox 2336 1198 2502 1253; x_wconf 88' lang='lat' dir='ltr'><strong>vitam</strong></span> <span class='ocrx_word' id='word_1_207' title='bbox 2546 1207 2798 1254; x_wconf 84' lang='lat' dir='ltr'><strong>evectum</strong></span> <span class='ocrx_word' id='word_1_208' title='bbox 2851 1201 2962 1254; x_wconf 88' lang='lat' dir='ltr'><strong>iri?</strong></span> <span class='ocrx_word' id='word_1_209' title='bbox 3012 1200 3230 1275; x_wconf 84' lang='lat' dir='ltr'><strong>Quippe</strong></span> <span class='ocrx_word' id='word_1_210' title='bbox 3263 1220 3390 1260; x_wconf 91' lang='lat' dir='ltr'><strong>cum</strong></span> <span class='ocrx_word' id='word_1_211' title='bbox 3441 1222 3536 1264; x_wconf 86' lang='lat' dir='ltr'><strong>eas</strong></span> <span class='ocrx_word' id='word_1_212' title='bbox 3574 1212 3643 1265; x_wconf 87' lang='lat' dir='ltr'><strong>de</strong></span> 
     </span>
    </p>
   </div>
   <div class='ocr_carea' id='block_1_31' title="bbox 2046 1289 3641 1365">
    <p class='ocr_par' dir='ltr' id='par_1_31' title="bbox 2046 1289 3641 1365">
     <span class='ocr_line' id='line_1_31' title="bbox 2046 1289 3641 1365; baseline 0.008 -22"><span class='ocrx_word' id='word_1_213' title='bbox 2046 1305 2134 1344; x_wconf 87' lang='lat' dir='ltr'><strong>me</strong></span> <span class='ocrx_word' id='word_1_214' title='bbox 2173 1289 2460 1345; x_wconf 79' lang='lat' dir='ltr'><strong>testiﬁcari</strong></span> <span class='ocrx_word' id='word_1_215' title='bbox 2494 1293 2852 1360; x_wconf 87' lang='lat' dir='ltr'><strong>comperiatis</strong></span> <span class='ocrx_word' id='word_1_216' title='bbox 2898 1308 3101 1365; x_wconf 89' lang='lat' dir='ltr'><strong>meque</strong></span> <span class='ocrx_word' id='word_1_217' title='bbox 3153 1298 3324 1352; x_wconf 86' lang='lat' dir='ltr'><strong>vitam</strong></span> <span class='ocrx_word' id='word_1_218' title='bbox 3379 1309 3641 1356; x_wconf 86' lang='lat' dir='ltr'><strong>aeternam</strong></span> 
     </span>
    </p>
   </div>
   <div class='ocr_carea' id='block_1_32' title="bbox 2047 1379 3641 1445">
    <p class='ocr_par' dir='ltr' id='par_1_32' title="bbox 2047 1379 3641 1445">
     <span class='ocr_line' id='line_1_32' title="bbox 2047 1379 3641 1445; baseline 0.008 -12"><span class='ocrx_word' id='word_1_219' title='bbox 2047 1379 2356 1443; x_wconf 88' lang='lat' dir='ltr'><strong>nominare,</strong></span> <span class='ocrx_word' id='word_1_220' title='bbox 2383 1396 2492 1435; x_wconf 91' lang='lat' dir='ltr'><strong>non</strong></span> <span class='ocrx_word' id='word_1_221' title='bbox 2527 1382 2695 1436; x_wconf 85' lang='lat' dir='ltr'><strong>vultis</strong></span> <span class='ocrx_word' id='word_1_222' title='bbox 2729 1390 2913 1438; x_wconf 89' lang='lat' dir='ltr'><strong>tamen</strong></span> <span class='ocrx_word' id='word_1_223' title='bbox 2947 1384 3014 1439; x_wconf 87' lang='lat' dir='ltr'><strong>ad</strong></span> <span class='ocrx_word' id='word_1_224' title='bbox 3045 1400 3135 1441; x_wconf 89' lang='lat' dir='ltr'><strong>me</strong></span> <span class='ocrx_word' id='word_1_225' title='bbox 3158 1388 3350 1443; x_wconf 83' lang='lat' dir='ltr'><strong>venire</strong></span> <span class='ocrx_word' id='word_1_226' title='bbox 3385 1399 3445 1444; x_wconf 92' lang='lat' dir='ltr'><strong>ut</strong></span> <span class='ocrx_word' id='word_1_227' title='bbox 3468 1392 3641 1445; x_wconf 88' lang='lat' dir='ltr'><strong>vitam</strong></span> 
     </span>
    </p>
   </div>
   <div class='ocr_carea' id='block_1_33' title="bbox 2048 1469 3642 1552">
    <p class='ocr_par' dir='ltr' id='par_1_33' title="bbox 2048 1469 3642 1552">
     <span class='ocr_line' id='line_1_33' title="bbox 2048 1469 3642 1552; baseline 0.008 -28"><span class='ocrx_word' id='word_1_228' title='bbox 2048 1470 2314 1528; x_wconf 76' lang='lat' dir='ltr'><strong>habeatis.</strong></span> <span class='ocrx_word' id='word_1_229' title='bbox 2345 1469 2537 1542; x_wconf 88' lang='lat' dir='ltr'><strong>Igitur,</strong></span> <span class='ocrx_word' id='word_1_230' title='bbox 2568 1472 2714 1529; x_wconf 91' lang='lat' dir='ltr'><strong>unde</strong></span> <span class='ocrx_word' id='word_1_231' title='bbox 2740 1489 2839 1529; x_wconf 82' lang='lat' dir='ltr'><strong>vos</strong></span> <span class='ocrx_word' id='word_1_232' title='bbox 2860 1474 3068 1530; x_wconf 88' lang='lat' dir='ltr'><strong>salvari</strong></span> <span class='ocrx_word' id='word_1_233' title='bbox 3094 1486 3403 1548; x_wconf 82' lang='lat' dir='ltr'><strong>Oporteret,</strong></span> <span class='ocrx_word' id='word_1_234' title='bbox 3440 1483 3642 1552; x_wconf 90' lang='lat' dir='ltr'><strong>inquit,</strong></span> 
     </span>
    </p>
   </div>
   <div class='ocr_carea' id='block_1_34' title="bbox 2048 1563 3648 1645">
    <p class='ocr_par' dir='ltr' id='par_1_34' title="bbox 2048 1563 3648 1645">
     <span class='ocr_line' id='line_1_34' title="bbox 2048 1563 3648 1645; baseline 0.008 -27"><span class='ocrx_word' id='word_1_235' title='bbox 2048 1563 2176 1618; x_wconf 91' lang='lat' dir='ltr'><strong>inde</strong></span> <span class='ocrx_word' id='word_1_236' title='bbox 2211 1565 2504 1619; x_wconf 73' lang='lat' dir='ltr'><strong>maximam</strong></span> <span class='ocrx_word' id='word_1_237' title='bbox 2567 1565 2880 1621; x_wconf 89' lang='lat' dir='ltr'><strong>animorum</strong></span> <span class='ocrx_word' id='word_1_238' title='bbox 2913 1567 3195 1638; x_wconf 88' lang='lat' dir='ltr'><strong>jacturam</strong></span> <span class='ocrx_word' id='word_1_239' title='bbox 3245 1586 3345 1627; x_wconf 88' lang='lat' dir='ltr'><strong>vos</strong></span> <span class='ocrx_word' id='word_1_240' title='bbox 3393 1575 3648 1645; x_wconf 88' lang='lat' dir='ltr'><strong>accipere</strong></span> 
     </span>
    </p>
   </div>
   <div class='ocr_carea' id='block_1_35' title="bbox 2047 1655 3643 1728">
    <p class='ocr_par' dir='ltr' id='par_1_35' title="bbox 2047 1655 3643 1728">
     <span class='ocr_line' id='line_1_35' title="bbox 2047 1655 3643 1728; baseline 0.008 -17"><span class='ocrx_word' id='word_1_241' title='bbox 2047 1671 2157 1711; x_wconf 87' lang='lat' dir='ltr'><strong>non</strong></span> <span class='ocrx_word' id='word_1_242' title='bbox 2202 1655 2529 1728; x_wconf 81' lang='lat' dir='ltr'><strong>intelligitis,</strong></span> <span class='ocrx_word' id='word_1_243' title='bbox 2563 1673 2706 1728; x_wconf 89' lang='lat' dir='ltr'><strong>quos</strong></span> <span class='ocrx_word' id='word_1_244' title='bbox 2740 1659 3012 1714; x_wconf 88' lang='lat' dir='ltr'><strong>librorum</strong></span> <span class='ocrx_word' id='word_1_245' title='bbox 3055 1661 3431 1718; x_wconf 84' lang='lat' dir='ltr'><strong>Mosaicorum</strong></span> <span class='ocrx_word' id='word_1_246' title='bbox 3477 1667 3643 1724; x_wconf 80' lang='lat' dir='ltr'><strong>lectio</strong></span> 
     </span>
    </p>
   </div>
   <div class='ocr_carea' id='block_1_36' title="bbox 2048 1751 3639 1826">
    <p class='ocr_par' dir='ltr' id='par_1_36' title="bbox 2048 1751 3639 1826">
     <span class='ocr_line' id='line_1_36' title="bbox 2048 1751 3639 1826; baseline 0.005 -20"><span class='ocrx_word' id='word_1_247' title='bbox 2048 1751 2115 1806; x_wconf 84' lang='lat' dir='ltr'><strong>ad</strong></span> <span class='ocrx_word' id='word_1_248' title='bbox 2155 1752 2569 1807; x_wconf 81' lang='lat' dir='ltr'><strong>contradicendi</strong></span> <span class='ocrx_word' id='word_1_249' title='bbox 2611 1751 2856 1808; x_wconf 86' lang='lat' dir='ltr'><strong>studium</strong></span> <span class='ocrx_word' id='word_1_250' title='bbox 2906 1754 3084 1809; x_wconf 85' lang='lat' dir='ltr'><strong>solum</strong></span> <span class='ocrx_word' id='word_1_251' title='bbox 3127 1756 3297 1818; x_wconf 90' lang='lat' dir='ltr'><strong>acuit,</strong></span> <span class='ocrx_word' id='word_1_252' title='bbox 3330 1772 3456 1826; x_wconf 73' lang='lat' dir='ltr'><strong>qua:</strong></span> <span class='ocrx_word' id='word_1_253' title='bbox 3503 1773 3639 1814; x_wconf 90' lang='lat' dir='ltr'><strong>vero</strong></span> 
     </span>
    </p>
   </div>
   <div class='ocr_carea' id='block_1_37' title="bbox 2049 1845 3702 1919">
    <p class='ocr_par' dir='ltr' id='par_1_37' title="bbox 2049 1845 3702 1919">
     <span class='ocr_line' id='line_1_37' title="bbox 2049 1845 3702 1919; baseline 0.003 -18"><span class='ocrx_word' id='word_1_254' title='bbox 2049 1845 2118 1901; x_wconf 88' lang='lat' dir='ltr'><strong>ad</strong></span> <span class='ocrx_word' id='word_1_255' title='bbox 2145 1853 2404 1901; x_wconf 65' lang='lat' dir='ltr'><strong>aeternam</strong></span> <span class='ocrx_word' id='word_1_256' title='bbox 2436 1845 2607 1899; x_wconf 89' lang='lat' dir='ltr'><strong>vitam</strong></span> <span class='ocrx_word' id='word_1_257' title='bbox 2637 1845 2978 1911; x_wconf 88' lang='lat' dir='ltr'><strong>conducunt,</strong></span> <span class='ocrx_word' id='word_1_258' title='bbox 3010 1847 3170 1919; x_wconf 70' lang='grc'><strong>26],</strong></span> <span class='ocrx_word' id='word_1_259' title='bbox 3199 1863 3269 1903; x_wconf 88' lang='lat' dir='ltr'><strong>ne</strong></span> <span class='ocrx_word' id='word_1_260' title='bbox 3304 1848 3360 1903; x_wconf 91' lang='lat' dir='ltr'><strong>in</strong></span> <span class='ocrx_word' id='word_1_261' title='bbox 3397 1850 3643 1906; x_wconf 89' lang='lat' dir='ltr'><strong>animum</strong></span> <span class='ocrx_word' id='word_1_262' title='bbox 3699 1861 3702 1863; x_wconf 72' lang='lat'><strong>‘</strong></span> 
     </span>
    </p>
   </div>
   <div class='ocr_carea' id='block_1_38' title="bbox 2046 1937 3646 2012">
    <p class='ocr_par' dir='ltr' id='par_1_38' title="bbox 2046 1937 3646 2012">
     <span class='ocr_line' id='line_1_38' title="bbox 2046 1937 3646 2012; baseline 0.004 -20"><span class='ocrx_word' id='word_1_263' title='bbox 2046 1938 2267 2008; x_wconf 86' lang='lat' dir='ltr'><strong>quidem</strong></span> <span class='ocrx_word' id='word_1_264' title='bbox 2301 1943 2548 1994; x_wconf 89' lang='lat' dir='ltr'><strong>vestrum</strong></span> <span class='ocrx_word' id='word_1_265' title='bbox 2583 1937 2900 1994; x_wconf 83' lang='lat' dir='ltr'><strong>admittitis.</strong></span> <span class='ocrx_word' id='word_1_266' title='bbox 2929 1937 3202 1994; x_wconf 61' lang='lat' dir='ltr'><strong>Caeterum</strong></span> <span class='ocrx_word' id='word_1_267' title='bbox 3236 1941 3409 1994; x_wconf 85' lang='lat' dir='ltr'><strong>multa</strong></span> <span class='ocrx_word' id='word_1_268' title='bbox 3440 1943 3495 1996; x_wconf 92' lang='lat' dir='ltr'><strong>in</strong></span> <span class='ocrx_word' id='word_1_269' title='bbox 3524 1942 3646 2012; x_wconf 88' lang='lat' dir='ltr'><strong>lege</strong></span> 
     </span>
    </p>
   </div>
   <div class='ocr_carea' id='block_1_39' title="bbox 2045 2027 3632 2098">
    <p class='ocr_par' dir='ltr' id='par_1_39' title="bbox 2045 2027 3632 2098">
     <span class='ocr_line' id='line_1_39' title="bbox 2045 2027 3632 2098; baseline 0.002 -14"><span class='ocrx_word' id='word_1_270' title='bbox 2045 2037 2102 2084; x_wconf 87' lang='lat' dir='ltr'><strong>et</strong></span> <span class='ocrx_word' id='word_1_271' title='bbox 2135 2028 2345 2084; x_wconf 87' lang='lat' dir='ltr'><strong>sanctis</strong></span> <span class='ocrx_word' id='word_1_272' title='bbox 2390 2027 2674 2098; x_wconf 83' lang='lat' dir='ltr'><strong>prophetis</strong></span> <span class='ocrx_word' id='word_1_273' title='bbox 2708 2027 2778 2084; x_wconf 90' lang='lat' dir='ltr'><strong>de</strong></span> <span class='ocrx_word' id='word_1_274' title='bbox 2810 2027 2924 2082; x_wconf 88' lang='lat' dir='ltr'><strong>vita</strong></span> <span class='ocrx_word' id='word_1_275' title='bbox 2983 2030 3292 2086; x_wconf 86' lang='lat' dir='ltr'><strong>secundum</strong></span> <span class='ocrx_word' id='word_1_276' title='bbox 3348 2039 3632 2096; x_wconf 87' lang='lat' dir='ltr'><strong>naturam,</strong></span> 
     </span>
    </p>
   </div>
   <div class='ocr_carea' id='block_1_40' title="bbox 2045 2119 3647 2198">
    <p class='ocr_par' dir='ltr' id='par_1_40' title="bbox 2045 2119 3647 2198">
     <span class='ocr_line' id='line_1_40' title="bbox 2045 2119 3647 2198; baseline 0.002 -22"><span class='ocrx_word' id='word_1_277' title='bbox 2045 2120 2150 2177; x_wconf 90' lang='lat' dir='ltr'><strong>hoc</strong></span> <span class='ocrx_word' id='word_1_278' title='bbox 2180 2129 2266 2177; x_wconf 89' lang='lat' dir='ltr'><strong>est</strong></span> <span class='ocrx_word' id='word_1_279' title='bbox 2295 2120 2362 2177; x_wconf 89' lang='lat' dir='ltr'><strong>de</strong></span> <span class='ocrx_word' id='word_1_280' title='bbox 2392 2119 2690 2192; x_wconf 87' lang='lat' dir='ltr'><strong>Unigenito</strong></span> <span class='ocrx_word' id='word_1_281' title='bbox 2742 2121 3038 2188; x_wconf 83' lang='lat' dir='ltr'><strong>contineri,</strong></span> <span class='ocrx_word' id='word_1_282' title='bbox 3095 2137 3280 2188; x_wconf 89' lang='lat' dir='ltr'><strong>nemo,</strong></span> <span class='ocrx_word' id='word_1_283' title='bbox 3332 2130 3394 2179; x_wconf 89' lang='lat' dir='ltr'><strong>ut</strong></span> <span class='ocrx_word' id='word_1_284' title='bbox 3422 2127 3647 2198; x_wconf 87' lang='lat' dir='ltr'><strong>opinor,</strong></span> 
     </span>
    </p>
   </div>
   <div class='ocr_carea' id='block_1_41' title="bbox 2043 2211 2894 2282">
    <p class='ocr_par' dir='ltr' id='par_1_41' title="bbox 2043 2211 2894 2282">
     <span class='ocr_line' id='line_1_41' title="bbox 2043 2211 2894 2282; baseline -0.007 -10"><span class='ocrx_word' id='word_1_285' title='bbox 2043 2212 2298 2273; x_wconf 89' lang='lat' dir='ltr'><strong>discendi</strong></span> <span class='ocrx_word' id='word_1_286' title='bbox 2327 2211 2618 2268; x_wconf 87' lang='lat' dir='ltr'><strong>studiosus</strong></span> <span class='ocrx_word' id='word_1_287' title='bbox 2653 2212 2894 2282; x_wconf 77' lang='lat' dir='ltr'><strong>ignorat.</strong></span> 
     </span>
    </p>
   </div>
   <div class='ocr_carea' id='block_1_42' title="bbox 313 2304 3644 2383">
    <p class='ocr_par' dir='ltr' id='par_1_42' title="bbox 313 2304 3644 2383">
     <span class='ocr_line' id='line_1_42' title="bbox 313 2304 3644 2383; baseline 0.003 -21"><span class='ocrx_word' id='word_1_288' title='bbox 313 2309 729 2374; x_wconf 80' lang='grc' dir='ltr'>εἰσοικίζοντες.</span> <span class='ocrx_word' id='word_1_289' title='bbox 760 2311 883 2363; x_wconf 87' lang='grc' dir='ltr'>Ὅτι</span> <span class='ocrx_word' id='word_1_290' title='bbox 929 2309 988 2363; x_wconf 77' lang='grc' dir='ltr'>δὲ</span> <span class='ocrx_word' id='word_1_291' title='bbox 1019 2310 1186 2374; x_wconf 72' lang='grc' dir='ltr'>πολὺς</span> <span class='ocrx_word' id='word_1_292' title='bbox 1213 2310 1271 2364; x_wconf 77' lang='grc' dir='ltr'>ἓν</span> <span class='ocrx_word' id='word_1_293' title='bbox 1303 2327 1363 2364; x_wconf 91' lang='grc' dir='ltr'><strong>τε</strong></span> <span class='ocrx_word' id='word_1_294' title='bbox 1388 2311 1468 2383; x_wconf 80' lang='grc' dir='ltr'>τῷ</span> <span class='ocrx_word' id='word_1_295' title='bbox 1501 2311 1650 2383; x_wconf 80' lang='grc' dir='ltr'>νόμῳ</span> <span class='ocrx_word' id='word_1_296' title='bbox 1701 2313 1796 2368; x_wconf 65' lang='grc' dir='ltr'><strong>καὶ⁵</strong></span> <span class='ocrx_word' id='word_1_297' title='bbox 1844 2315 1958 2378; x_wconf 88' lang='grc' dir='ltr'>τοῖς</span> <span class='ocrx_word' id='word_1_298' title='bbox 1997 2310 2177 2380; x_wconf 78' lang='grc' dir='ltr'>ἁγίοις</span> <span class='ocrx_word' id='word_1_299' title='bbox 2195 2305 2507 2379; x_wconf 71' lang='grc' dir='ltr'>προφήταις</span> <span class='ocrx_word' id='word_1_300' title='bbox 2535 2307 2564 2359; x_wconf 77' lang='grc'>6</span> <span class='ocrx_word' id='word_1_301' title='bbox 2593 2305 2752 2375; x_wconf 77' lang='grc' dir='ltr'>λόγος</span> <span class='ocrx_word' id='word_1_302' title='bbox 2784 2307 2914 2376; x_wconf 77' lang='grc' dir='ltr'>περὶ</span> <span class='ocrx_word' id='word_1_303' title='bbox 2939 2304 3039 2376; x_wconf 82' lang='grc' dir='ltr'><strong>τῆς</strong></span> <span class='ocrx_word' id='word_1_304' title='bbox 3064 2304 3209 2360; x_wconf 74' lang='grc' dir='ltr'><strong>κατὰ</strong></span> <span class='ocrx_word' id='word_1_305' title='bbox 3245 2305 3409 2376; x_wconf 65' lang='grc' dir='ltr'><strong>φύσιν</strong></span> <span class='ocrx_word' id='word_1_306' title='bbox 3476 2307 3644 2382; x_wconf 76' lang='grc' dir='ltr'>ζωῆς,</span> 
     </span>
    </p>
   </div>
   <div class='ocr_carea' id='block_1_43' title="bbox 311 2402 2670 2479">
    <p class='ocr_par' dir='ltr' id='par_1_43' title="bbox 311 2402 2670 2479">
     <span class='ocr_line' id='line_1_43' title="bbox 311 2402 2670 2479; baseline 0.004 -23"><span class='ocrx_word' id='word_1_307' title='bbox 311 2403 574 2458; x_wconf 83' lang='grc' dir='ltr'>τουτέστι</span> <span class='ocrx_word' id='word_1_308' title='bbox 593 2404 688 2458; x_wconf 90' lang='grc' dir='ltr'><strong>τοῦ</strong></span> <span class='ocrx_word' id='word_1_309' title='bbox 721 2404 1083 2473; x_wconf 87' lang='grc' dir='ltr'>Μονογενοῦς,</span> <span class='ocrx_word' id='word_1_310' title='bbox 1121 2409 1281 2460; x_wconf 79' lang='grc' dir='ltr'>πᾶσιν</span> <span class='ocrx_word' id='word_1_311' title='bbox 1306 2403 1460 2478; x_wconf 75' lang='grc' dir='ltr'>οἴμαι</span> <span class='ocrx_word' id='word_1_312' title='bbox 1487 2411 1600 2472; x_wconf 87' lang='grc' dir='ltr'>τοῖς</span> <span class='ocrx_word' id='word_1_313' title='bbox 1644 2409 2000 2479; x_wconf 79' lang='grc' dir='ltr'>φιλομαθέσιν</span> <span class='ocrx_word' id='word_1_314' title='bbox 2040 2405 2310 2476; x_wconf 73' lang='grc' dir='ltr'>ὑπάρχειν</span> <span class='ocrx_word' id='word_1_315' title='bbox 2337 2402 2670 2472; x_wconf 75' lang='grc' dir='ltr'>καταφανέςο</span> 
     </span>
    </p>
   </div>
   <div class='ocr_carea' id='block_1_44' title="bbox 392 2501 1930 2574">
    <p class='ocr_par' dir='ltr' id='par_1_44' title="bbox 392 2501 1930 2574">
     <span class='ocr_line' id='line_1_44' title="bbox 392 2501 1930 2574; baseline 0.005 -20"><span class='ocrx_word' id='word_1_316' title='bbox 392 2501 598 2566; x_wconf 77' lang='grc' dir='ltr'>Δόξαν</span> <span class='ocrx_word' id='word_1_317' title='bbox 663 2501 830 2571; x_wconf 77' lang='grc' dir='ltr'>παρὰ</span> <span class='ocrx_word' id='word_1_318' title='bbox 892 2502 1210 2572; x_wconf 79' lang='grc' dir='ltr'>ἀνθρώπου</span> <span class='ocrx_word' id='word_1_319' title='bbox 1273 2509 1346 2558; x_wconf 85' lang='grc' dir='ltr'>οὺ</span> <span class='ocrx_word' id='word_1_320' title='bbox 1408 2503 1694 2574; x_wconf 80' lang='grc' dir='ltr'>λαμϐάνω</span> <span class='ocrx_word' id='word_1_321' title='bbox 1713 2547 1727 2570; x_wconf 92' lang='grc'><strong>,</strong></span> <span class='ocrx_word' id='word_1_322' title='bbox 1787 2507 1930 2562; x_wconf 69' lang='grc' dir='ltr'><em>ἀλλ’</em></span> 
     </span>
    </p>
   </div>
   <div class='ocr_carea' id='block_1_45' title="bbox 319 2591 1930 2663">
    <p class='ocr_par' dir='ltr' id='par_1_45' title="bbox 319 2591 1930 2663">
     <span class='ocr_line' id='line_1_45' title="bbox 319 2591 1930 2663; baseline 0.004 -17"><span class='ocrx_word' id='word_1_323' title='bbox 319 2593 570 2661; x_wconf 77' lang='grc' dir='ltr'>ἔγνωκα</span> <span class='ocrx_word' id='word_1_324' title='bbox 609 2591 768 2662; x_wconf 80' lang='grc' dir='ltr'>ὑμᾶς</span> <span class='ocrx_word' id='word_1_325' title='bbox 795 2634 810 2658; x_wconf 98' lang='grc'><strong>,</strong></span> <span class='ocrx_word' id='word_1_326' title='bbox 866 2592 955 2647; x_wconf 85' lang='grc' dir='ltr'>ὅτι</span> <span class='ocrx_word' id='word_1_327' title='bbox 1005 2592 1122 2663; x_wconf 76' lang='grc' dir='ltr'>τὴν</span> <span class='ocrx_word' id='word_1_328' title='bbox 1172 2592 1418 2663; x_wconf 77' lang='grc' dir='ltr'>ἀγάπην</span> <span class='ocrx_word' id='word_1_329' title='bbox 1463 2595 1570 2650; x_wconf 84' lang='grc' dir='ltr'><strong>τοῦ</strong></span> <span class='ocrx_word' id='word_1_330' title='bbox 1614 2595 1764 2651; x_wconf 82' lang='grc' dir='ltr'>Θεοῦ</span> <span class='ocrx_word' id='word_1_331' title='bbox 1817 2599 1930 2653; x_wconf 79' lang='grc' dir='ltr'>οὐκ</span> 
     </span>
    </p>
   </div>
   <div class='ocr_carea' id='block_1_46' title="bbox 319 2684 914 2756">
    <p class='ocr_par' dir='ltr' id='par_1_46' title="bbox 319 2684 914 2756">
     <span class='ocr_line' id='line_1_46' title="bbox 319 2684 914 2756; baseline 0.002 -18"><span class='ocrx_word' id='word_1_332' title='bbox 319 2687 502 2756; x_wconf 73' lang='grc' dir='ltr'>ἔχετε</span> <span class='ocrx_word' id='word_1_333' title='bbox 544 2684 615 2738; x_wconf 78' lang='grc' dir='ltr'><strong>ἐν</strong></span> <span class='ocrx_word' id='word_1_334' title='bbox 656 2685 914 2752; x_wconf 79' lang='grc' dir='ltr'>ἑαυτοῖς.</span> 
     </span>
    </p>
   </div>
   <div class='ocr_carea' id='block_1_47' title="bbox 398 2777 1934 2851">
    <p class='ocr_par' dir='ltr' id='par_1_47' title="bbox 398 2777 1934 2851">
     <span class='ocr_line' id='line_1_47' title="bbox 398 2777 1934 2851; baseline 0.003 -21"><span class='ocrx_word' id='word_1_335' title='bbox 398 2777 734 2830; x_wconf 79' lang='grc' dir='ltr'>Αξσθάνεται</span> <span class='ocrx_word' id='word_1_336' title='bbox 781 2777 978 2842; x_wconf 86' lang='grc' dir='ltr'>πάλιν,</span> <span class='ocrx_word' id='word_1_337' title='bbox 1019 2777 1222 2847; x_wconf 73' lang='grc' dir='ltr'>μᾶλλον</span> <span class='ocrx_word' id='word_1_338' title='bbox 1259 2779 1317 2833; x_wconf 86' lang='grc' dir='ltr'>δὲ</span> <span class='ocrx_word' id='word_1_339' title='bbox 1356 2780 1462 2850; x_wconf 80' lang='grc' dir='ltr'>ὁρᾶ</span> <span class='ocrx_word' id='word_1_340' title='bbox 1491 2778 1846 2851; x_wconf 86' lang='grc' dir='ltr'>θεοπρεπῶς,</span> <span class='ocrx_word' id='word_1_341' title='bbox 1873 2779 1934 2834; x_wconf 79' lang='grc' dir='ltr'>τὸ</span> 
     </span>
    </p>
   </div>
   <div class='ocr_carea' id='block_1_48' title="bbox 319 2866 1935 2939">
    <p class='ocr_par' dir='ltr' id='par_1_48' title="bbox 319 2866 1935 2939">
     <span class='ocr_line' id='line_1_48' title="bbox 319 2866 1935 2939; baseline 0.004 -19"><span class='ocrx_word' id='word_1_342' title='bbox 319 2866 628 2932; x_wconf 83' lang='grc' dir='ltr'>δυσπειθὲς</span> <span class='ocrx_word' id='word_1_343' title='bbox 666 2868 762 2922; x_wconf 74' lang='grc' dir='ltr'>καὶ</span> <span class='ocrx_word' id='word_1_344' title='bbox 798 2867 1049 2938; x_wconf 80' lang='grc' dir='ltr'>δυσήνιον</span> <span class='ocrx_word' id='word_1_345' title='bbox 1099 2869 1209 2923; x_wconf 87' lang='grc' dir='ltr'><strong>τῶν</strong></span> <span class='ocrx_word' id='word_1_346' title='bbox 1236 2870 1550 2939; x_wconf 72' lang='grc' dir='ltr'>Φαρισαίων</span> <span class='ocrx_word' id='word_1_347' title='bbox 1593 2871 1935 2927; x_wconf 81' lang='grc' dir='ltr'>καταδακνό·</span> 
     </span>
    </p>
   </div>
   <div class='ocr_carea' id='block_1_49' title="bbox 326 2955 1936 3034">
    <p class='ocr_par' dir='ltr' id='par_1_49' title="bbox 326 2955 1936 3034">
     <span class='ocr_line' id='line_1_49' title="bbox 326 2955 1936 3034; baseline 0.004 -22"><span class='ocrx_word' id='word_1_348' title='bbox 326 2975 503 3030; x_wconf 89' lang='grc' dir='ltr'>μενον</span> <span class='ocrx_word' id='word_1_349' title='bbox 553 2961 772 3028; x_wconf 77' lang='grc' dir='ltr'>στῖφος.</span> <span class='ocrx_word' id='word_1_350' title='bbox 825 2961 920 3013; x_wconf 80' lang='grc' dir='ltr'>καὶ</span> <span class='ocrx_word' id='word_1_351' title='bbox 955 2961 1018 3013; x_wconf 81' lang='grc' dir='ltr'><strong>ού</strong></span> <span class='ocrx_word' id='word_1_352' title='bbox 1052 2963 1275 3025; x_wconf 86' lang='grc' dir='ltr'>πάντως</span> <span class='ocrx_word' id='word_1_353' title='bbox 1323 2963 1408 3032; x_wconf 76' lang='grc' dir='ltr'><strong>ἐφ’</strong></span> <span class='ocrx_word' id='word_1_354' title='bbox 1456 2955 1538 3026; x_wconf 75' lang='grc' dir='ltr'>οἷς</span> <span class='ocrx_word' id='word_1_355' title='bbox 1595 2964 1786 3034; x_wconf 71' lang='grc' dir='ltr'>ᾐτιᾶτο</span> <span class='ocrx_word' id='word_1_356' title='bbox 1835 2963 1936 3028; x_wconf 83' lang='grc' dir='ltr'><strong>τὰς</strong></span> 
     </span>
    </p>
   </div>
   <div class='ocr_carea' id='block_1_50' title="bbox 2114 2497 3646 2568">
    <p class='ocr_par' dir='ltr' id='par_1_50' title="bbox 2114 2497 3646 2568">
     <span class='ocr_line' id='line_1_50' title="bbox 2114 2497 3646 2568; baseline -0.002 -12"><span class='ocrx_word' id='word_1_357' title='bbox 2114 2499 2182 2568; x_wconf 73' lang='grc' dir='ltr'><strong>ν,</strong></span> <span class='ocrx_word' id='word_1_358' title='bbox 2213 2499 2413 2567; x_wconf 71' lang='grc'><strong>41,42.</strong></span> <span class='ocrx_word' id='word_1_359' title='bbox 2463 2497 2782 2555; x_wconf 70' lang='lat' dir='ltr'><strong>Claritate»:</strong></span> <span class='ocrx_word' id='word_1_360' title='bbox 2823 2499 2888 2552; x_wconf 84' lang='lat' dir='ltr'><strong>ab</strong></span> <span class='ocrx_word' id='word_1_361' title='bbox 2927 2497 3230 2552; x_wconf 75' lang='lat' dir='ltr'><strong>hominibus</strong></span> <span class='ocrx_word' id='word_1_362' title='bbox 3266 2515 3372 2553; x_wconf 80' lang='lat' dir='ltr'><strong>non</strong></span> <span class='ocrx_word' id='word_1_363' title='bbox 3415 2499 3646 2568; x_wconf 84' lang='lat' dir='ltr'><strong>accipio,</strong></span> 
     </span>
    </p>
   </div>
   <div class='ocr_carea' id='block_1_51' title="bbox 2039 2589 3645 2663">
    <p class='ocr_par' dir='ltr' id='par_1_51' title="bbox 2039 2589 3645 2663">
     <span class='ocr_line' id='line_1_51' title="bbox 2039 2589 3645 2663; baseline -0.001 -16"><span class='ocrx_word' id='word_1_364' title='bbox 2039 2592 2129 2648; x_wconf 81' lang='lat' dir='ltr'><strong>sed</strong></span> <span class='ocrx_word' id='word_1_365' title='bbox 2160 2593 2380 2663; x_wconf 82' lang='lat' dir='ltr'><strong>cognovi</strong></span> <span class='ocrx_word' id='word_1_366' title='bbox 2417 2607 2529 2651; x_wconf 79' lang='lat' dir='ltr'><strong>vos,</strong></span> <span class='ocrx_word' id='word_1_367' title='bbox 2565 2591 2693 2660; x_wconf 76' lang='lat' dir='ltr'><strong>quia</strong></span> <span class='ocrx_word' id='word_1_368' title='bbox 2719 2590 3058 2644; x_wconf 78' lang='lat' dir='ltr'><strong>dilectionem</strong></span> <span class='ocrx_word' id='word_1_369' title='bbox 3091 2589 3195 2644; x_wconf 79' lang='lat' dir='ltr'><strong>Dei</strong></span> <span class='ocrx_word' id='word_1_370' title='bbox 3225 2607 3332 2644; x_wconf 83' lang='lat' dir='ltr'><strong>nou</strong></span> <span class='ocrx_word' id='word_1_371' title='bbox 3360 2590 3567 2646; x_wconf 74' lang='lat' dir='ltr'><strong>habetis</strong></span> <span class='ocrx_word' id='word_1_372' title='bbox 3592 2594 3645 2646; x_wconf 80' lang='lat' dir='ltr'><strong>in</strong></span> 
     </span>
    </p>
   </div>
   <div class='ocr_carea' id='block_1_52' title="bbox 2042 2686 2208 2740">
    <p class='ocr_par' dir='ltr' id='par_1_52' title="bbox 2042 2686 2208 2740">
     <span class='ocr_line' id='line_1_52' title="bbox 2042 2686 2208 2740; baseline 0 0"><span class='ocrx_word' id='word_1_373' title='bbox 2042 2686 2208 2740; x_wconf 76' lang='lat' dir='ltr'><strong>vobis.</strong></span> 
     </span>
    </p>
   </div>
   <div class='ocr_carea' id='block_1_53' title="bbox 2114 2773 3647 2840">
    <p class='ocr_par' dir='ltr' id='par_1_53' title="bbox 2114 2773 3647 2840">
     <span class='ocr_line' id='line_1_53' title="bbox 2114 2773 3647 2840; baseline -0.001 -7"><span class='ocrx_word' id='word_1_374' title='bbox 2114 2776 2296 2833; x_wconf 85' lang='lat' dir='ltr'><strong>Sentit</strong></span> <span class='ocrx_word' id='word_1_375' title='bbox 2335 2791 2553 2840; x_wconf 89' lang='lat' dir='ltr'><strong>rursus,</strong></span> <span class='ocrx_word' id='word_1_376' title='bbox 2590 2775 2702 2830; x_wconf 90' lang='lat' dir='ltr'><strong>imo</strong></span> <span class='ocrx_word' id='word_1_377' title='bbox 2731 2789 2862 2829; x_wconf 86' lang='lat' dir='ltr'><strong>vero</strong></span> <span class='ocrx_word' id='word_1_378' title='bbox 2892 2773 3040 2829; x_wconf 91' lang='lat' dir='ltr'><strong>videt</strong></span> <span class='ocrx_word' id='word_1_379' title='bbox 3079 2774 3248 2830; x_wconf 90' lang='lat' dir='ltr'><strong>modo</strong></span> <span class='ocrx_word' id='word_1_380' title='bbox 3283 2774 3394 2830; x_wconf 86' lang='lat' dir='ltr'><strong>Deo</strong></span> <span class='ocrx_word' id='word_1_381' title='bbox 3441 2791 3647 2832; x_wconf 81' lang='lat' dir='ltr'><strong>conve-</strong></span> 
     </span>
    </p>
   </div>
   <div class='ocr_carea' id='block_1_54' title="bbox 2039 2866 3643 2936">
    <p class='ocr_par' dir='ltr' id='par_1_54' title="bbox 2039 2866 3643 2936">
     <span class='ocr_line' id='line_1_54' title="bbox 2039 2866 3643 2936; baseline -0.002 -11"><span class='ocrx_word' id='word_1_382' title='bbox 2039 2871 2211 2926; x_wconf 88' lang='lat' dir='ltr'><strong>nienti</strong></span> <span class='ocrx_word' id='word_1_383' title='bbox 2253 2879 2639 2924; x_wconf 80' lang='lat' dir='ltr'><strong>contumacem</strong></span> <span class='ocrx_word' id='word_1_384' title='bbox 2700 2875 2755 2921; x_wconf 91' lang='lat' dir='ltr'><strong>et</strong></span> <span class='ocrx_word' id='word_1_385' title='bbox 2810 2866 3164 2936; x_wconf 73' lang='lat' dir='ltr'><strong>przefractam</strong></span> <span class='ocrx_word' id='word_1_386' title='bbox 3230 2866 3643 2923; x_wconf 69' lang='lat' dir='ltr'><strong>Pharisaeorum</strong></span> 
     </span>
    </p>
   </div>
   <div class='ocr_carea' id='block_1_55' title="bbox 2038 2957 3646 3031">
    <p class='ocr_par' dir='ltr' id='par_1_55' title="bbox 2038 2957 3646 3031">
     <span class='ocr_line' id='line_1_55' title="bbox 2038 2957 3646 3031; baseline -0.001 -13"><span class='ocrx_word' id='word_1_387' title='bbox 2038 2965 2258 3018; x_wconf 82' lang='lat' dir='ltr'><strong>turbam</strong></span> <span class='ocrx_word' id='word_1_388' title='bbox 2286 2959 2646 3026; x_wconf 84' lang='lat' dir='ltr'><strong>commoveri,</strong></span> <span class='ocrx_word' id='word_1_389' title='bbox 2675 2974 2784 3014; x_wconf 90' lang='lat' dir='ltr'><strong>non</strong></span> <span class='ocrx_word' id='word_1_390' title='bbox 2813 2959 2961 3028; x_wconf 90' lang='lat' dir='ltr'><strong>quod</strong></span> <span class='ocrx_word' id='word_1_391' title='bbox 2995 2975 3094 3015; x_wconf 91' lang='lat' dir='ltr'><strong>eos</strong></span> <span class='ocrx_word' id='word_1_392' title='bbox 3122 2959 3343 3014; x_wconf 87' lang='lat' dir='ltr'><strong>divinas</strong></span> <span class='ocrx_word' id='word_1_393' title='bbox 3385 2957 3646 3031; x_wconf 87' lang='lat' dir='ltr'><strong>Scriptu-</strong></span> 
     </span>
    </p>
   </div>
   <div class='ocr_carea' id='block_1_56' title="bbox 325 3049 1933 3124">
    <p class='ocr_par' dir='ltr' id='par_1_56' title="bbox 325 3049 1933 3124">
     <span class='ocr_line' id='line_1_56' title="bbox 325 3049 1933 3124; baseline 0.002 -20"><span class='ocrx_word' id='word_1_394' title='bbox 325 3050 489 3114; x_wconf 83' lang='grc' dir='ltr'>θείας</span> <span class='ocrx_word' id='word_1_395' title='bbox 541 3049 618 3114; x_wconf 86' lang='grc' dir='ltr'>ὡς</span> <span class='ocrx_word' id='word_1_396' title='bbox 663 3051 726 3104; x_wconf 80' lang='grc' dir='ltr'>οὐ</span> <span class='ocrx_word' id='word_1_397' title='bbox 762 3050 994 3116; x_wconf 83' lang='grc' dir='ltr'>δεόντως</span> <span class='ocrx_word' id='word_1_398' title='bbox 1040 3053 1380 3124; x_wconf 79' lang='grc' dir='ltr'>ἐρευνῶντας</span> <span class='ocrx_word' id='word_1_399' title='bbox 1408 3053 1662 3124; x_wconf 77' lang='grc' dir='ltr'>Γραφὰς,</span> <span class='ocrx_word' id='word_1_400' title='bbox 1695 3055 1812 3108; x_wconf 80' lang='grc' dir='ltr'>ἀλλ’</span> <span class='ocrx_word' id='word_1_401' title='bbox 1841 3053 1933 3108; x_wconf 66' lang='grc' dir='ltr'><strong>ἐπὶ</strong></span> 
     </span>
    </p>
   </div>
   <div class='ocr_carea' id='block_1_57' title="bbox 2040 3049 3644 3124">
    <p class='ocr_par' dir='ltr' id='par_1_57' title="bbox 2040 3052 3644 3124">
     <span class='ocr_line' id='line_1_57' title="bbox 2040 3052 3644 3124; baseline -0.002 -12"><span class='ocrx_word' id='word_1_402' title='bbox 2040 3072 2129 3112; x_wconf 89' lang='lat' dir='ltr'><strong>ras</strong></span> <span class='ocrx_word' id='word_1_403' title='bbox 2155 3056 2341 3111; x_wconf 89' lang='lat' dir='ltr'><strong>minus</strong></span> <span class='ocrx_word' id='word_1_404' title='bbox 2367 3065 2514 3110; x_wconf 90' lang='lat' dir='ltr'><strong>recte</strong></span> <span class='ocrx_word' id='word_1_405' title='bbox 2539 3052 2781 3108; x_wconf 84' lang='lat' dir='ltr'><strong>scrutari</strong></span> <span class='ocrx_word' id='word_1_406' title='bbox 2809 3052 3115 3122; x_wconf 72' lang='lat' dir='ltr'><strong>obiecerat,</strong></span> <span class='ocrx_word' id='word_1_407' title='bbox 3139 3053 3235 3109; x_wconf 89' lang='lat' dir='ltr'><strong>sed</strong></span> <span class='ocrx_word' id='word_1_408' title='bbox 3265 3069 3331 3109; x_wconf 78' lang='lat' dir='ltr'><strong>ex</strong></span> <span class='ocrx_word' id='word_1_409' title='bbox 3359 3068 3426 3108; x_wconf 90' lang='lat' dir='ltr'><strong>eo</strong></span> <span class='ocrx_word' id='word_1_410' title='bbox 3455 3056 3644 3124; x_wconf 83' lang='lat' dir='ltr'><strong>potius</strong></span> 
     </span>
    </p>
   </div>
   <div class='ocr_carea' id='block_1_58' title="bbox 319 3143 1933 3224">
    <p class='ocr_par' dir='ltr' id='par_1_58' title="bbox 319 3143 1933 3224">
     <span class='ocr_line' id='line_1_58' title="bbox 319 3143 1933 3224; baseline 0.004 -29"><span class='ocrx_word' id='word_1_411' title='bbox 319 3143 406 3214; x_wconf 80' lang='grc' dir='ltr'><strong>τῷ</strong></span> <span class='ocrx_word' id='word_1_412' title='bbox 441 3143 648 3214; x_wconf 78' lang='grc' dir='ltr'>μᾶλλον</span> <span class='ocrx_word' id='word_1_413' title='bbox 687 3144 887 3197; x_wconf 86' lang='grc' dir='ltr'>εἰπεῖν·</span> <span class='ocrx_word' id='word_1_414' title='bbox 927 3163 948 3197; x_wconf 73' lang='grc' dir='ltr'><strong>ι</strong></span> <span class='ocrx_word' id='word_1_415' title='bbox 984 3144 1059 3198; x_wconf 79' lang='grc' dir='ltr'><strong>Οὐ</strong></span> <span class='ocrx_word' id='word_1_416' title='bbox 1097 3143 1280 3198; x_wconf 85' lang='grc' dir='ltr'>θέλετε</span> <span class='ocrx_word' id='word_1_417' title='bbox 1303 3145 1479 3199; x_wconf 69' lang='grc' dir='ltr'>ἐλθεῖν</span> <span class='ocrx_word' id='word_1_418' title='bbox 1507 3147 1645 3218; x_wconf 87' lang='grc' dir='ltr'>πρός</span> <span class='ocrx_word' id='word_1_419' title='bbox 1679 3164 1766 3224; x_wconf 75' lang='grc' dir='ltr'>με.</span> <span class='ocrx_word' id='word_1_420' title='bbox 1811 3167 1830 3200; x_wconf 75' lang='grc' dir='ltr'><strong>ι</strong></span> <span class='ocrx_word' id='word_1_421' title='bbox 1867 3151 1933 3202; x_wconf 79' lang='grc' dir='ltr'><strong>Ἃ</strong></span> 
     </span>
    </p>
   </div>
   <div class='ocr_carea' id='block_1_59' title="bbox 2040 3143 3641 3224">
    <p class='ocr_par' dir='ltr' id='par_1_59' title="bbox 2040 3145 3641 3220">
     <span class='ocr_line' id='line_1_59' title="bbox 2040 3145 3641 3220; baseline -0.001 -17"><span class='ocrx_word' id='word_1_422' title='bbox 2040 3149 2184 3220; x_wconf 86' lang='lat' dir='ltr'><strong>quod</strong></span> <span class='ocrx_word' id='word_1_423' title='bbox 2219 3149 2462 3212; x_wconf 80' lang='lat' dir='ltr'><strong>dixerat,</strong></span> <span class='ocrx_word' id='word_1_424' title='bbox 2501 3165 2520 3199; x_wconf 76' lang='grc' dir='ltr'><strong>ι</strong></span> <span class='ocrx_word' id='word_1_425' title='bbox 2559 3146 2677 3201; x_wconf 84' lang='lat' dir='ltr'><strong>Non</strong></span> <span class='ocrx_word' id='word_1_426' title='bbox 2714 3145 2882 3202; x_wconf 90' lang='lat' dir='ltr'><strong>vultis</strong></span> <span class='ocrx_word' id='word_1_427' title='bbox 2939 3146 3129 3202; x_wconf 89' lang='lat' dir='ltr'><strong>venire</strong></span> <span class='ocrx_word' id='word_1_428' title='bbox 3162 3147 3228 3201; x_wconf 92' lang='lat' dir='ltr'><strong>ad</strong></span> <span class='ocrx_word' id='word_1_429' title='bbox 3292 3162 3400 3203; x_wconf 91' lang='lat' dir='ltr'><strong>me.</strong></span> <span class='ocrx_word' id='word_1_430' title='bbox 3439 3165 3458 3198; x_wconf 73' lang='grc' dir='ltr'><strong>ι</strong></span> <span class='ocrx_word' id='word_1_431' title='bbox 3518 3145 3641 3214; x_wconf 79' lang='lat' dir='ltr'><strong>Qua</strong></span> 
     </span>
    </p>
   </div>
   <div class='ocr_carea' id='block_1_60' title="bbox 320 3233 1933 3312">
    <p class='ocr_par' dir='ltr' id='par_1_60' title="bbox 320 3233 1932 3309">
     <span class='ocr_line' id='line_1_60' title="bbox 320 3233 1932 3309; baseline 0.002 -21"><span class='ocrx_word' id='word_1_432' title='bbox 320 3235 442 3305; x_wconf 71' lang='grc' dir='ltr'><strong>γὰρ</strong></span> <span class='ocrx_word' id='word_1_433' title='bbox 471 3234 630 3288; x_wconf 70' lang='grc' dir='ltr'>αὐτοὶ</span> <span class='ocrx_word' id='word_1_434' title='bbox 674 3233 926 3288; x_wconf 82' lang='grc' dir='ltr'>νοσοῦσιν</span> <span class='ocrx_word' id='word_1_435' title='bbox 959 3235 1238 3299; x_wconf 84' lang='grc' dir='ltr'><strong>εὐκόλως,</strong></span> <span class='ocrx_word' id='word_1_436' title='bbox 1274 3235 1451 3291; x_wconf 88' lang='grc' dir='ltr'>ταῦτα</span> <span class='ocrx_word' id='word_1_437' title='bbox 1496 3236 1757 3292; x_wconf 85' lang='grc' dir='ltr'>δύνασθαι</span> <span class='ocrx_word' id='word_1_438' title='bbox 1795 3253 1932 3309; x_wconf 86' lang='grc' dir='ltr'>κρα-</span> 
     </span>
    </p>
   </div>
   <div class='ocr_carea' id='block_1_61' title="bbox 2040 3233 3643 3312">
    <p class='ocr_par' dir='ltr' id='par_1_61' title="bbox 2040 3238 3643 3312">
     <span class='ocr_line' id='line_1_61' title="bbox 2040 3238 3643 3312; baseline -0.003 -12"><span class='ocrx_word' id='word_1_439' title='bbox 2040 3241 2186 3300; x_wconf 89' lang='lat' dir='ltr'><strong>enim</strong></span> <span class='ocrx_word' id='word_1_440' title='bbox 2215 3242 2320 3312; x_wconf 88' lang='lat' dir='ltr'><strong>ipsi</strong></span> <span class='ocrx_word' id='word_1_441' title='bbox 2346 3239 2681 3312; x_wconf 70' lang='lat' dir='ltr'><strong>aegritudine</strong></span> <span class='ocrx_word' id='word_1_442' title='bbox 2722 3238 3070 3304; x_wconf 83' lang='lat' dir='ltr'><strong>laborabant,</strong></span> <span class='ocrx_word' id='word_1_443' title='bbox 3119 3238 3368 3295; x_wconf 84' lang='lat' dir='ltr'><strong>eamdem</strong></span> <span class='ocrx_word' id='word_1_444' title='bbox 3419 3254 3643 3310; x_wconf 86' lang='lat' dir='ltr'><strong>quoque</strong></span> 
     </span>
    </p>
   </div>
   <div class='ocr_carea' id='block_1_62' title="bbox 319 3325 1933 3401">
    <p class='ocr_par' dir='ltr' id='par_1_62' title="bbox 319 3325 1933 3401">
     <span class='ocr_line' id='line_1_62' title="bbox 319 3325 1933 3401; baseline 0.003 -23"><span class='ocrx_word' id='word_1_445' title='bbox 319 3329 444 3379; x_wconf 85' lang='grc' dir='ltr'>τεῖν</span> <span class='ocrx_word' id='word_1_446' title='bbox 482 3327 580 3378; x_wconf 74' lang='grc' dir='ltr'>καὶ</span> <span class='ocrx_word' id='word_1_447' title='bbox 615 3326 712 3378; x_wconf 77' lang='grc' dir='ltr'><strong>ἐπὶ</strong></span> <span class='ocrx_word' id='word_1_448' title='bbox 753 3325 849 3380; x_wconf 88' lang='grc' dir='ltr'><strong>τοῦ</strong></span> <span class='ocrx_word' id='word_1_449' title='bbox 889 3326 1142 3396; x_wconf 79' lang='grc' dir='ltr'>Σωτῆρος</span> <span class='ocrx_word' id='word_1_450' title='bbox 1175 3326 1526 3381; x_wconf 85' lang='grc' dir='ltr'>πιστεύουσιν</span> <span class='ocrx_word' id='word_1_451' title='bbox 1550 3344 1565 3358; x_wconf 85' lang='grc'><strong>·</strong></span> <span class='ocrx_word' id='word_1_452' title='bbox 1607 3327 1778 3400; x_wconf 75' lang='grc' dir='ltr'>ᾤοντο</span> <span class='ocrx_word' id='word_1_453' title='bbox 1821 3328 1933 3401; x_wconf 72' lang='grc' dir='ltr'><strong>γὰρ</strong></span> 
     </span>
    </p>
   </div>
   <div class='ocr_carea' id='block_1_63' title="bbox 318 3416 1934 3488">
    <p class='ocr_par' dir='ltr' id='par_1_63' title="bbox 318 3416 1934 3488">
     <span class='ocr_line' id='line_1_63' title="bbox 318 3416 1934 3488; baseline 0.003 -18"><span class='ocrx_word' id='word_1_454' title='bbox 318 3418 388 3487; x_wconf 73' lang='grc' dir='ltr'>δὴ</span> <span class='ocrx_word' id='word_1_455' title='bbox 419 3459 435 3483; x_wconf 96' lang='grc'><strong>,</strong></span> <span class='ocrx_word' id='word_1_456' title='bbox 467 3416 616 3471; x_wconf 86' lang='grc' dir='ltr'><strong>κατά</strong></span> <span class='ocrx_word' id='word_1_457' title='bbox 642 3418 704 3471; x_wconf 80' lang='grc' dir='ltr'>τὸ</span> <span class='ocrx_word' id='word_1_458' title='bbox 747 3417 895 3482; x_wconf 75' lang='grc' dir='ltr'>εἰκὸς</span> <span class='ocrx_word' id='word_1_459' title='bbox 917 3459 930 3480; x_wconf 93' lang='grc'><strong>,</strong></span> <span class='ocrx_word' id='word_1_460' title='bbox 986 3419 1053 3472; x_wconf 80' lang='grc' dir='ltr'>ὲκ</span> <span class='ocrx_word' id='word_1_461' title='bbox 1085 3418 1290 3488; x_wconf 82' lang='grc' dir='ltr'>πολλῆς</span> <span class='ocrx_word' id='word_1_462' title='bbox 1335 3419 1432 3474; x_wconf 78' lang='grc' dir='ltr'>καὶ</span> <span class='ocrx_word' id='word_1_463' title='bbox 1471 3418 1632 3475; x_wconf 83' lang='grc' dir='ltr'>τοῦτο</span> <span class='ocrx_word' id='word_1_464' title='bbox 1666 3419 1934 3486; x_wconf 81' lang='grc' dir='ltr'>παθόντες</span> 
     </span>
    </p>
   </div>
   <div class='ocr_carea' id='block_1_64' title="bbox 321 3509 1932 3585">
    <p class='ocr_par' dir='ltr' id='par_1_64' title="bbox 321 3509 1932 3585">
     <span class='ocr_line' id='line_1_64' title="bbox 321 3509 1932 3585; baseline 0.002 -21"><span class='ocrx_word' id='word_1_465' title='bbox 321 3509 547 3574; x_wconf 76' lang='grc' dir='ltr'>ἀνοίας,</span> <span class='ocrx_word' id='word_1_466' title='bbox 587 3510 876 3582; x_wconf 83' lang='grc' dir='ltr'>φιλαρχεῖν</span> <span class='ocrx_word' id='word_1_467' title='bbox 900 3510 1001 3584; x_wconf 74' lang='grc' dir='ltr'>ήδη</span> <span class='ocrx_word' id='word_1_468' title='bbox 1047 3513 1170 3564; x_wconf 87' lang='grc' dir='ltr'>κατ’</span> <span class='ocrx_word' id='word_1_469' title='bbox 1213 3511 1398 3566; x_wconf 82' lang='grc' dir='ltr'>αὐτῶν</span> <span class='ocrx_word' id='word_1_470' title='bbox 1431 3512 1524 3567; x_wconf 85' lang='grc' dir='ltr'><strong>τὸν</strong></span> <span class='ocrx_word' id='word_1_471' title='bbox 1568 3512 1804 3585; x_wconf 83' lang='grc' dir='ltr'>Κύριον,</span> <span class='ocrx_word' id='word_1_472' title='bbox 1835 3514 1932 3569; x_wconf 76' lang='grc' dir='ltr'>καὶ</span> 
     </span>
    </p>
   </div>
   <div class='ocr_carea' id='block_1_65' title="bbox 317 3603 1930 3677">
    <p class='ocr_par' dir='ltr' id='par_1_65' title="bbox 317 3603 1930 3677">
     <span class='ocr_line' id='line_1_65' title="bbox 317 3603 1930 3677; baseline 0.002 -20"><span class='ocrx_word' id='word_1_473' title='bbox 317 3604 426 3668; x_wconf 79' lang='grc' dir='ltr'>τὰς</span> <span class='ocrx_word' id='word_1_474' title='bbox 477 3603 632 3676; x_wconf 84' lang='grc' dir='ltr'>παρὰ</span> <span class='ocrx_word' id='word_1_475' title='bbox 683 3604 907 3658; x_wconf 85' lang='grc' dir='ltr'>πάντων</span> <span class='ocrx_word' id='word_1_476' title='bbox 969 3603 1139 3675; x_wconf 80' lang='grc' dir='ltr'>τιμὰς</span> <span class='ocrx_word' id='word_1_477' title='bbox 1198 3603 1377 3676; x_wconf 80' lang='grc' dir='ltr'>έαυτῷ</span> <span class='ocrx_word' id='word_1_478' title='bbox 1438 3605 1930 3677; x_wconf 79' lang='grc' dir='ltr'>πραγματεύεσθαι</span> 
     </span>
    </p>
   </div>
   <div class='ocr_carea' id='block_1_66' title="bbox 321 3697 1932 3768">
    <p class='ocr_par' dir='ltr' id='par_1_66' title="bbox 321 3697 1932 3768">
     <span class='ocr_line' id='line_1_66' title="bbox 321 3697 1932 3768; baseline 0.001 -17"><span class='ocrx_word' id='word_1_479' title='bbox 321 3697 530 3764; x_wconf 82' lang='grc' dir='ltr'>θέλειν,</span> <span class='ocrx_word' id='word_1_480' title='bbox 560 3697 650 3752; x_wconf 79' lang='grc' dir='ltr'>διὰ</span> <span class='ocrx_word' id='word_1_481' title='bbox 689 3697 783 3752; x_wconf 87' lang='grc' dir='ltr'><strong>τοῦ</strong></span> <span class='ocrx_word' id='word_1_482' title='bbox 806 3697 996 3751; x_wconf 82' lang='grc' dir='ltr'>καλεῖν</span> <span class='ocrx_word' id='word_1_483' title='bbox 1027 3699 1109 3762; x_wconf 84' lang='grc' dir='ltr'><strong>είς</strong></span> <span class='ocrx_word' id='word_1_484' title='bbox 1141 3697 1445 3768; x_wconf 82' lang='grc' dir='ltr'>μαθητείαν</span> <span class='ocrx_word' id='word_1_485' title='bbox 1482 3699 1702 3764; x_wconf 83' lang='grc' dir='ltr'>αὐτούς.</span> <span class='ocrx_word' id='word_1_486' title='bbox 1730 3699 1932 3754; x_wconf 85' lang='grc' dir='ltr'>Τοιαύ-</span> 
     </span>
    </p>
   </div>
   <div class='ocr_carea' id='block_1_67' title="bbox 320 3787 1930 3861">
    <p class='ocr_par' dir='ltr' id='par_1_67' title="bbox 320 3787 1930 3861">
     <span class='ocr_line' id='line_1_67' title="bbox 320 3787 1930 3861; baseline 0.002 -20"><span class='ocrx_word' id='word_1_487' title='bbox 320 3806 431 3859; x_wconf 83' lang='grc' dir='ltr'><strong>την</strong></span> <span class='ocrx_word' id='word_1_488' title='bbox 456 3790 582 3844; x_wconf 80' lang='grc' dir='ltr'>τινὰ</span> <span class='ocrx_word' id='word_1_489' title='bbox 602 3787 703 3861; x_wconf 78' lang='grc' dir='ltr'>τὴν</span> <span class='ocrx_word' id='word_1_490' title='bbox 723 3791 982 3844; x_wconf 77' lang='grc' dir='ltr'>ὑπόνοιαν</span> <span class='ocrx_word' id='word_1_491' title='bbox 1011 3789 1271 3854; x_wconf 82' lang='grc' dir='ltr'>λαϐόντες</span> <span class='ocrx_word' id='word_1_492' title='bbox 1295 3792 1376 3854; x_wconf 85' lang='grc' dir='ltr'><strong>είς</strong></span> <span class='ocrx_word' id='word_1_493' title='bbox 1400 3791 1548 3854; x_wconf 89' lang='grc' dir='ltr'>νοῦν,</span> <span class='ocrx_word' id='word_1_494' title='bbox 1574 3791 1930 3846; x_wconf 79' lang='grc' dir='ltr'>ἐκπεσεῖσθαι</span> 
     </span>
    </p>
   </div>
   <div class='ocr_carea' id='block_1_68' title="bbox 325 3882 1929 3956">
    <p class='ocr_par' dir='ltr' id='par_1_68' title="bbox 325 3882 1929 3956">
     <span class='ocr_line' id='line_1_68' title="bbox 325 3882 1929 3956; baseline 0 -19"><span class='ocrx_word' id='word_1_495' title='bbox 325 3884 433 3954; x_wconf 80' lang='grc' dir='ltr'>μὲν</span> <span class='ocrx_word' id='word_1_496' title='bbox 450 3885 579 3937; x_wconf 84' lang='grc' dir='ltr'>ὅσον</span> <span class='ocrx_word' id='word_1_497' title='bbox 598 3883 813 3938; x_wconf 81' lang='grc' dir='ltr'>οὐδέπω</span> <span class='ocrx_word' id='word_1_498' title='bbox 830 3885 931 3956; x_wconf 79' lang='grc' dir='ltr'>τῆς</span> <span class='ocrx_word' id='word_1_499' title='bbox 963 3884 1110 3938; x_wconf 85' lang='grc' dir='ltr'><strong>κατά</strong></span> <span class='ocrx_word' id='word_1_500' title='bbox 1140 3883 1235 3938; x_wconf 92' lang='grc' dir='ltr'><strong>τοῦ</strong></span> <span class='ocrx_word' id='word_1_501' title='bbox 1261 3882 1452 3948; x_wconf 77' lang='grc' dir='ltr'>ἔθνους</span> <span class='ocrx_word' id='word_1_502' title='bbox 1476 3883 1729 3949; x_wconf 71' lang='grc' dir='ltr'>ἐξουσίας</span> <span class='ocrx_word' id='word_1_503' title='bbox 1755 3901 1929 3956; x_wconf 88' lang='grc' dir='ltr'>προσ-</span> 
     </span>
    </p>
   </div>
   <div class='ocr_carea' id='block_1_69' title="bbox 317 3975 1928 4050">
    <p class='ocr_par' dir='ltr' id='par_1_69' title="bbox 317 3975 1928 4050">
     <span class='ocr_line' id='line_1_69' title="bbox 317 3975 1928 4050; baseline 0.002 -22"><span class='ocrx_word' id='word_1_504' title='bbox 317 3977 530 4030; x_wconf 84' lang='grc' dir='ltr'>εδόκων</span> <span class='ocrx_word' id='word_1_505' title='bbox 565 3975 756 4029; x_wconf 80' lang='grc' dir='ltr'>αὐτοί·</span> <span class='ocrx_word' id='word_1_506' title='bbox 791 3975 1100 4047; x_wconf 82' lang='grc' dir='ltr'>διεπρίοντο</span> <span class='ocrx_word' id='word_1_507' title='bbox 1141 3975 1200 4028; x_wconf 86' lang='grc' dir='ltr'>δὲ</span> <span class='ocrx_word' id='word_1_508' title='bbox 1246 3976 1310 4030; x_wconf 79' lang='grc' dir='ltr'>οὗ</span> <span class='ocrx_word' id='word_1_509' title='bbox 1348 3976 1562 4048; x_wconf 85' lang='grc' dir='ltr'>μικρῶς</span> <span class='ocrx_word' id='word_1_510' title='bbox 1600 3976 1692 4031; x_wconf 82' lang='grc' dir='ltr'><strong>τὸν</strong></span> <span class='ocrx_word' id='word_1_511' title='bbox 1726 3977 1928 4050; x_wconf 82' lang='grc' dir='ltr'>κληρο-</span> 
     </span>
    </p>
   </div>
   <div class='ocr_carea' id='block_1_70' title="bbox 318 4066 1929 4141">
    <p class='ocr_par' dir='ltr' id='par_1_70' title="bbox 318 4066 1929 4141">
     <span class='ocr_line' id='line_1_70' title="bbox 318 4066 1929 4141; baseline 0.002 -20"><span class='ocrx_word' id='word_1_512' title='bbox 318 4067 490 4138; x_wconf 88' lang='grc' dir='ltr'>νόμον</span> <span class='ocrx_word' id='word_1_513' title='bbox 517 4066 757 4139; x_wconf 84' lang='grc' dir='ltr'>όρῶντες</span> <span class='ocrx_word' id='word_1_514' title='bbox 780 4068 1037 4122; x_wconf 78' lang='grc' dir='ltr'>ἀπαιτεῖν</span> <span class='ocrx_word' id='word_1_515' title='bbox 1070 4067 1326 4122; x_wconf 77' lang='grc' dir='ltr'>ἐθέλοντα</span> <span class='ocrx_word' id='word_1_516' title='bbox 1364 4067 1457 4122; x_wconf 86' lang='grc' dir='ltr'>τὸν</span> <span class='ocrx_word' id='word_1_517' title='bbox 1483 4068 1579 4122; x_wconf 89' lang='grc' dir='ltr'><strong>τοῦ</strong></span> <span class='ocrx_word' id='word_1_518' title='bbox 1605 4069 1929 4141; x_wconf 81' lang='grc' dir='ltr'>ἀμπελῶνος</span> 
     </span>
    </p>
   </div>
   <div class='ocr_carea' id='block_1_71' title="bbox 318 4156 1928 4234">
    <p class='ocr_par' dir='ltr' id='par_1_71' title="bbox 318 4156 1928 4234">
     <span class='ocr_line' id='line_1_71' title="bbox 318 4156 1928 4234; baseline 0.001 -18"><span class='ocrx_word' id='word_1_519' title='bbox 318 4161 563 4233; x_wconf 78' lang='grc' dir='ltr'>καρπόν.</span> <span class='ocrx_word' id='word_1_520' title='bbox 595 4160 688 4214; x_wconf 84' lang='grc' dir='ltr'><strong>Διὸ</strong></span> <span class='ocrx_word' id='word_1_521' title='bbox 711 4160 775 4232; x_wconf 79' lang='grc' dir='ltr'>δὴ</span> <span class='ocrx_word' id='word_1_522' title='bbox 801 4161 989 4226; x_wconf 86' lang='grc' dir='ltr'>πάλιν,</span> <span class='ocrx_word' id='word_1_523' title='bbox 1017 4162 1141 4215; x_wconf 84' lang='grc' dir='ltr'>ὅσον</span> <span class='ocrx_word' id='word_1_524' title='bbox 1165 4156 1302 4234; x_wconf 82' lang='grc' dir='ltr'>ἧκεν</span> <span class='ocrx_word' id='word_1_525' title='bbox 1331 4162 1411 4225; x_wconf 80' lang='grc' dir='ltr'><strong>είς</strong></span> <span class='ocrx_word' id='word_1_526' title='bbox 1439 4161 1612 4234; x_wconf 79' lang='grc' dir='ltr'>ὀργὴν</span> <span class='ocrx_word' id='word_1_527' title='bbox 1671 4163 1767 4216; x_wconf 83' lang='grc' dir='ltr'>καὶ</span> <span class='ocrx_word' id='word_1_528' title='bbox 1799 4163 1928 4227; x_wconf 81' lang='grc' dir='ltr'>τοὺς</span> 
     </span>
    </p>
   </div>
   <div class='ocr_carea' id='block_1_72' title="bbox 316 4253 1928 4325">
    <p class='ocr_par' dir='ltr' id='par_1_72' title="bbox 316 4253 1928 4325">
     <span class='ocr_line' id='line_1_72' title="bbox 316 4253 1928 4325; baseline 0.001 -19"><span class='ocrx_word' id='word_1_529' title='bbox 316 4255 416 4308; x_wconf 70' lang='grc' dir='ltr'><strong>ἐπὶ</strong></span> <span class='ocrx_word' id='word_1_530' title='bbox 443 4256 560 4318; x_wconf 90' lang='grc' dir='ltr'>τοῖς</span> <span class='ocrx_word' id='word_1_531' title='bbox 593 4253 912 4325; x_wconf 81' lang='grc' dir='ltr'>εἰρημένοις</span> <span class='ocrx_word' id='word_1_532' title='bbox 959 4253 1189 4324; x_wconf 79' lang='grc' dir='ltr'>φθόνους</span> <span class='ocrx_word' id='word_1_533' title='bbox 1213 4294 1229 4317; x_wconf 95' lang='grc'><strong>,</strong></span> <span class='ocrx_word' id='word_1_534' title='bbox 1285 4255 1570 4325; x_wconf 67' lang='grc' dir='ltr'>μονονουχὶ</span> <span class='ocrx_word' id='word_1_535' title='bbox 1611 4254 1834 4323; x_wconf 85' lang='grc' dir='ltr'>λέγουσι</span> <span class='ocrx_word' id='word_1_536' title='bbox 1866 4254 1928 4308; x_wconf 81' lang='grc' dir='ltr'>τὸ</span> 
     </span>
    </p>
   </div>
   <div class='ocr_carea' id='block_1_73' title="bbox 313 4343 1930 4417">
    <p class='ocr_par' dir='ltr' id='par_1_73' title="bbox 313 4343 1930 4417">
     <span class='ocr_line' id='line_1_73' title="bbox 313 4343 1930 4417; baseline 0 -19"><span class='ocrx_word' id='word_1_537' title='bbox 313 4348 378 4400; x_wconf 82' lang='grc' dir='ltr'><strong>ὲν</strong></span> <span class='ocrx_word' id='word_1_538' title='bbox 409 4347 535 4408; x_wconf 84' lang='grc' dir='ltr'>ταῖς</span> <span class='ocrx_word' id='word_1_539' title='bbox 569 4343 959 4413; x_wconf 82' lang='grc' dir='ltr'>εὐαγγελικαῖς</span> <span class='ocrx_word' id='word_1_540' title='bbox 992 4344 1336 4417; x_wconf 77' lang='grc' dir='ltr'>παραϐολαῖς</span> <span class='ocrx_word' id='word_1_541' title='bbox 1359 4359 1372 4373; x_wconf 74' lang='grc' dir='ltr'><strong><em>ο</em></strong></span> <span class='ocrx_word' id='word_1_542' title='bbox 1407 4343 1628 4409; x_wconf 78' lang='grc' dir='ltr'>«Δεῦτε,</span> <span class='ocrx_word' id='word_1_543' title='bbox 1669 4345 1930 4399; x_wconf 84' lang='grc' dir='ltr'>ἀποκτεί-</span> 
     </span>
    </p>
   </div>
   <div class='ocr_carea' id='block_1_74' title="bbox 315 4435 1921 4510">
    <p class='ocr_par' dir='ltr' id='par_1_74' title="bbox 315 4435 1921 4510">
     <span class='ocr_line' id='line_1_74' title="bbox 315 4435 1921 4510; baseline 0.002 -21"><span class='ocrx_word' id='word_1_544' title='bbox 315 4454 508 4508; x_wconf 88' lang='grc' dir='ltr'>νωμεν</span> <span class='ocrx_word' id='word_1_545' title='bbox 537 4435 724 4504; x_wconf 84' lang='grc' dir='ltr'>αὑτὸν,</span> <span class='ocrx_word' id='word_1_546' title='bbox 753 4437 848 4491; x_wconf 65' lang='grc' dir='ltr'><strong>καὶ</strong></span> <span class='ocrx_word' id='word_1_547' title='bbox 877 4437 1098 4510; x_wconf 88' lang='grc' dir='ltr'>σχῶμεν</span> <span class='ocrx_word' id='word_1_548' title='bbox 1125 4436 1225 4508; x_wconf 86' lang='grc' dir='ltr'>τὴν</span> <span class='ocrx_word' id='word_1_549' title='bbox 1260 4436 1631 4508; x_wconf 85' lang='grc' dir='ltr'>κληρονομίαν</span> <span class='ocrx_word' id='word_1_550' title='bbox 1671 4437 1860 4494; x_wconf 85' lang='grc' dir='ltr'>αὑτοῦ.</span> <span class='ocrx_word' id='word_1_551' title='bbox 1902 4457 1921 4492; x_wconf 72' lang='grc' dir='ltr'><strong>ι</strong></span> 
     </span>
    </p>
   </div>
   <div class='ocr_carea' id='block_1_75' title="bbox 330 4529 1928 4603">
    <p class='ocr_par' dir='ltr' id='par_1_75' title="bbox 330 4529 1928 4603">
     <span class='ocr_line' id='line_1_75' title="bbox 330 4529 1928 4603; baseline 0.001 -20"><span class='ocrx_word' id='word_1_552' title='bbox 330 4529 611 4600; x_wconf 83' lang='grc' dir='ltr'>Ἀναιρῶν</span> <span class='ocrx_word' id='word_1_553' title='bbox 657 4529 952 4603; x_wconf 86' lang='grc' dir='ltr'>τοιγαροῦν</span> <span class='ocrx_word' id='word_1_554' title='bbox 998 4529 1096 4600; x_wconf 86' lang='grc' dir='ltr'>τὴν</span> <span class='ocrx_word' id='word_1_555' title='bbox 1142 4529 1202 4595; x_wconf 69' lang='grc' dir='ltr'><strong>ἐξ</strong></span> <span class='ocrx_word' id='word_1_556' title='bbox 1249 4529 1592 4601; x_wconf 78' lang='grc' dir='ltr'>εἰκαιότητος</span> <span class='ocrx_word' id='word_1_557' title='bbox 1638 4532 1697 4583; x_wconf 77' lang='grc' dir='ltr'>ὲν</span> <span class='ocrx_word' id='word_1_558' title='bbox 1741 4530 1928 4595; x_wconf 82' lang='grc' dir='ltr'>αὐτοῖς</span> 
     </span>
    </p>
   </div>
   <div class='ocr_carea' id='block_1_76' title="bbox 2034 3331 3638 3403">
    <p class='ocr_par' dir='ltr' id='par_1_76' title="bbox 2034 3331 3638 3403">
     <span class='ocr_line' id='line_1_76' title="bbox 2034 3331 3638 3403; baseline -0.001 -17"><span class='ocrx_word' id='word_1_559' title='bbox 2034 3333 2264 3403; x_wconf 88' lang='lat' dir='ltr'><strong>reperiri</strong></span> <span class='ocrx_word' id='word_1_560' title='bbox 2295 3332 2350 3386; x_wconf 91' lang='lat' dir='ltr'><strong>in</strong></span> <span class='ocrx_word' id='word_1_561' title='bbox 2383 3331 2670 3386; x_wconf 86' lang='lat' dir='ltr'><strong>Salvatore</strong></span> <span class='ocrx_word' id='word_1_562' title='bbox 2703 3331 2994 3402; x_wconf 80' lang='lat' dir='ltr'><strong>putabant.</strong></span> <span class='ocrx_word' id='word_1_563' title='bbox 3029 3331 3440 3387; x_wconf 81' lang='lat' dir='ltr'><strong>Existimabam</strong></span> <span class='ocrx_word' id='word_1_564' title='bbox 3461 3331 3638 3394; x_wconf 88' lang='lat' dir='ltr'><strong>enim,</strong></span> 
     </span>
    </p>
   </div>
   <div class='ocr_carea' id='block_1_77' title="bbox 2032 3421 3638 3495">
    <p class='ocr_par' dir='ltr' id='par_1_77' title="bbox 2032 3421 3638 3495">
     <span class='ocr_line' id='line_1_77' title="bbox 2032 3421 3638 3495; baseline -0.001 -15"><span class='ocrx_word' id='word_1_565' title='bbox 2032 3435 2093 3480; x_wconf 89' lang='lat' dir='ltr'><strong>ut</strong></span> <span class='ocrx_word' id='word_1_566' title='bbox 2124 3424 2364 3491; x_wconf 82' lang='lat' dir='ltr'><strong>videtur,</strong></span> <span class='ocrx_word' id='word_1_567' title='bbox 2393 3424 2561 3494; x_wconf 86' lang='lat' dir='ltr'><strong>idque</strong></span> <span class='ocrx_word' id='word_1_568' title='bbox 2595 3437 2709 3495; x_wconf 68' lang='lat' dir='ltr'><strong>pra:</strong></span> <span class='ocrx_word' id='word_1_569' title='bbox 2737 3423 3012 3493; x_wconf 71' lang='lat' dir='ltr'><strong>singulari</strong></span> <span class='ocrx_word' id='word_1_570' title='bbox 3045 3423 3291 3488; x_wconf 77' lang='lat' dir='ltr'><strong>insania,</strong></span> <span class='ocrx_word' id='word_1_571' title='bbox 3341 3421 3638 3478; x_wconf 86' lang='lat' dir='ltr'><strong>Dominum</strong></span> 
     </span>
    </p>
   </div>
   <div class='ocr_carea' id='block_1_78' title="bbox 2031 3515 3637 3586">
    <p class='ocr_par' dir='ltr' id='par_1_78' title="bbox 2031 3515 3637 3586">
     <span class='ocr_line' id='line_1_78' title="bbox 2031 3515 3637 3586; baseline -0.001 -15"><span class='ocrx_word' id='word_1_572' title='bbox 2031 3531 2225 3571; x_wconf 88' lang='lat' dir='ltr'><strong>eorum</strong></span> <span class='ocrx_word' id='word_1_573' title='bbox 2255 3516 2468 3571; x_wconf 85' lang='lat' dir='ltr'><strong>ambire</strong></span> <span class='ocrx_word' id='word_1_574' title='bbox 2505 3516 2618 3586; x_wconf 87' lang='lat' dir='ltr'><strong>jam</strong></span> <span class='ocrx_word' id='word_1_575' title='bbox 2648 3515 3046 3586; x_wconf 80' lang='lat' dir='ltr'><strong>principatum,</strong></span> <span class='ocrx_word' id='word_1_576' title='bbox 3087 3524 3143 3571; x_wconf 88' lang='lat' dir='ltr'><strong>et</strong></span> <span class='ocrx_word' id='word_1_577' title='bbox 3175 3515 3418 3571; x_wconf 87' lang='lat' dir='ltr'><strong>honores</strong></span> <span class='ocrx_word' id='word_1_578' title='bbox 3450 3515 3556 3571; x_wconf 87' lang='lat' dir='ltr'><strong>sibi</strong></span> <span class='ocrx_word' id='word_1_579' title='bbox 3606 3531 3637 3569; x_wconf 87' lang='lat' dir='ltr'><strong>a</strong></span> 
     </span>
    </p>
   </div>
   <div class='ocr_carea' id='block_1_79' title="bbox 2031 3604 3636 3678">
    <p class='ocr_par' dir='ltr' id='par_1_79' title="bbox 2031 3604 3636 3678">
     <span class='ocr_line' id='line_1_79' title="bbox 2031 3604 3636 3678; baseline -0.001 -14"><span class='ocrx_word' id='word_1_580' title='bbox 2031 3609 2249 3664; x_wconf 86' lang='lat' dir='ltr'><strong>eunetis</strong></span> <span class='ocrx_word' id='word_1_581' title='bbox 2277 3609 2544 3678; x_wconf 82' lang='lat' dir='ltr'><strong>aucupari</strong></span> <span class='ocrx_word' id='word_1_582' title='bbox 2579 3623 2648 3662; x_wconf 81' lang='lat' dir='ltr'><strong>ex</strong></span> <span class='ocrx_word' id='word_1_583' title='bbox 2685 3621 2753 3663; x_wconf 91' lang='lat' dir='ltr'><strong>eo</strong></span> <span class='ocrx_word' id='word_1_584' title='bbox 2789 3606 2941 3677; x_wconf 80' lang='lat' dir='ltr'><strong>quod</strong></span> <span class='ocrx_word' id='word_1_585' title='bbox 2997 3607 3156 3678; x_wconf 87' lang='lat' dir='ltr'><strong>ipsos</strong></span> <span class='ocrx_word' id='word_1_586' title='bbox 3183 3604 3252 3662; x_wconf 89' lang='lat' dir='ltr'><strong>ad</strong></span> <span class='ocrx_word' id='word_1_587' title='bbox 3307 3606 3636 3664; x_wconf 85' lang='lat' dir='ltr'><strong>discendum</strong></span> 
     </span>
    </p>
   </div>
   <div class='ocr_carea' id='block_1_80' title="bbox 2032 3697 3634 3771">
    <p class='ocr_par' dir='ltr' id='par_1_80' title="bbox 2032 3697 3634 3771">
     <span class='ocr_line' id='line_1_80' title="bbox 2032 3697 3634 3771; baseline 0.002 -18"><span class='ocrx_word' id='word_1_588' title='bbox 2032 3698 2312 3755; x_wconf 84' lang='lat' dir='ltr'><strong>invitaret.</strong></span> <span class='ocrx_word' id='word_1_589' title='bbox 2336 3699 2474 3755; x_wconf 86' lang='lat' dir='ltr'><strong>Cum</strong></span> <span class='ocrx_word' id='word_1_590' title='bbox 2505 3713 2626 3755; x_wconf 84' lang='lat' dir='ltr'><strong>eam</strong></span> <span class='ocrx_word' id='word_1_591' title='bbox 2662 3697 3041 3768; x_wconf 84' lang='lat' dir='ltr'><strong>suspicionem</strong></span> <span class='ocrx_word' id='word_1_592' title='bbox 3108 3697 3298 3754; x_wconf 88' lang='lat' dir='ltr'><strong>animo</strong></span> <span class='ocrx_word' id='word_1_593' title='bbox 3330 3700 3634 3771; x_wconf 52' lang='lat' dir='ltr'><strong>concepis-</strong></span> 
     </span>
    </p>
   </div>
   <div class='ocr_carea' id='block_1_81' title="bbox 2033 3791 3638 3864">
    <p class='ocr_par' dir='ltr' id='par_1_81' title="bbox 2033 3791 3638 3864">
     <span class='ocr_line' id='line_1_81' title="bbox 2033 3791 3638 3864; baseline 0 -16"><span class='ocrx_word' id='word_1_594' title='bbox 2033 3800 2178 3859; x_wconf 89' lang='lat' dir='ltr'><strong>sent,</strong></span> <span class='ocrx_word' id='word_1_595' title='bbox 2205 3792 2437 3864; x_wconf 83' lang='lat' dir='ltr'><strong>jamjam</strong></span> <span class='ocrx_word' id='word_1_596' title='bbox 2473 3791 2836 3848; x_wconf 82' lang='lat' dir='ltr'><strong>deturbatum</strong></span> <span class='ocrx_word' id='word_1_597' title='bbox 2870 3792 2937 3846; x_wconf 90' lang='lat' dir='ltr'><strong>iri</strong></span> <span class='ocrx_word' id='word_1_598' title='bbox 2982 3807 3044 3847; x_wconf 89' lang='lat' dir='ltr'><strong>se</strong></span> <span class='ocrx_word' id='word_1_599' title='bbox 3075 3791 3144 3848; x_wconf 82' lang='lat' dir='ltr'><strong>de</strong></span> <span class='ocrx_word' id='word_1_600' title='bbox 3171 3807 3288 3847; x_wconf 67' lang='lat' dir='ltr'><strong>sua:</strong></span> <span class='ocrx_word' id='word_1_601' title='bbox 3315 3793 3499 3864; x_wconf 83' lang='lat' dir='ltr'><strong>gentis</strong></span> <span class='ocrx_word' id='word_1_602' title='bbox 3532 3794 3638 3849; x_wconf 81' lang='lat' dir='ltr'><strong>im-</strong></span> 
     </span>
    </p>
   </div>
   <div class='ocr_carea' id='block_1_82' title="bbox 2033 3881 3636 3954">
    <p class='ocr_par' dir='ltr' id='par_1_82' title="bbox 2033 3881 3636 3954">
     <span class='ocr_line' id='line_1_82' title="bbox 2033 3881 3636 3954; baseline -0.001 -15"><span class='ocrx_word' id='word_1_603' title='bbox 2033 3884 2186 3954; x_wconf 89' lang='lat' dir='ltr'><strong>perio</strong></span> <span class='ocrx_word' id='word_1_604' title='bbox 2220 3882 2563 3938; x_wconf 86' lang='lat' dir='ltr'><strong>credebant:</strong></span> <span class='ocrx_word' id='word_1_605' title='bbox 2599 3897 2712 3936; x_wconf 89' lang='lat' dir='ltr'><strong>non</strong></span> <span class='ocrx_word' id='word_1_606' title='bbox 2743 3881 3101 3938; x_wconf 87' lang='lat' dir='ltr'><strong>mediocriter</strong></span> <span class='ocrx_word' id='word_1_607' title='bbox 3127 3892 3315 3938; x_wconf 87' lang='lat' dir='ltr'><strong>autem</strong></span> <span class='ocrx_word' id='word_1_608' title='bbox 3347 3883 3636 3954; x_wconf 83' lang='lat' dir='ltr'><strong>dirumpe-</strong></span> 
     </span>
    </p>
   </div>
   <div class='ocr_carea' id='block_1_83' title="bbox 2031 3973 3636 4039">
    <p class='ocr_par' dir='ltr' id='par_1_83' title="bbox 2031 3973 3636 4039">
     <span class='ocr_line' id='line_1_83' title="bbox 2031 3973 3636 4039; baseline -0.002 -8"><span class='ocrx_word' id='word_1_609' title='bbox 2031 3976 2255 4039; x_wconf 88' lang='lat' dir='ltr'><strong>bantur,</strong></span> <span class='ocrx_word' id='word_1_610' title='bbox 2284 3989 2415 4029; x_wconf 88' lang='lat' dir='ltr'><strong>cum</strong></span> <span class='ocrx_word' id='word_1_611' title='bbox 2439 3973 2696 4030; x_wconf 86' lang='lat' dir='ltr'><strong>viderent</strong></span> <span class='ocrx_word' id='word_1_612' title='bbox 2725 3973 2998 4030; x_wconf 63' lang='lat' dir='ltr'><strong>heredem</strong></span> <span class='ocrx_word' id='word_1_613' title='bbox 3028 3973 3269 4030; x_wconf 80' lang='lat' dir='ltr'><strong>fructum</strong></span> <span class='ocrx_word' id='word_1_614' title='bbox 3295 3973 3470 4030; x_wconf 70' lang='lat' dir='ltr'><strong>vineae</strong></span> <span class='ocrx_word' id='word_1_615' title='bbox 3493 3975 3636 4030; x_wconf 81' lang='lat' dir='ltr'><strong>velle</strong></span> 
     </span>
    </p>
   </div>
   <div class='ocr_carea' id='block_1_84' title="bbox 2033 4064 3634 4139">
    <p class='ocr_par' dir='ltr' id='par_1_84' title="bbox 2033 4064 3634 4139">
     <span class='ocr_line' id='line_1_84' title="bbox 2033 4064 3634 4139; baseline -0.001 -17"><span class='ocrx_word' id='word_1_616' title='bbox 2033 4075 2303 4139; x_wconf 84' lang='lat' dir='ltr'><strong>repetere.</strong></span> <span class='ocrx_word' id='word_1_617' title='bbox 2357 4064 2708 4136; x_wconf 83' lang='lat' dir='ltr'><strong>Quapropter</strong></span> <span class='ocrx_word' id='word_1_618' title='bbox 2755 4066 2804 4121; x_wconf 85' lang='lat' dir='ltr'><strong>si</strong></span> <span class='ocrx_word' id='word_1_619' title='bbox 2864 4079 3060 4120; x_wconf 90' lang='lat' dir='ltr'><strong>eorum</strong></span> <span class='ocrx_word' id='word_1_620' title='bbox 3097 4065 3234 4119; x_wconf 84' lang='lat' dir='ltr'><strong>iram</strong></span> <span class='ocrx_word' id='word_1_621' title='bbox 3295 4073 3352 4122; x_wconf 89' lang='lat' dir='ltr'><strong>et</strong></span> <span class='ocrx_word' id='word_1_622' title='bbox 3402 4065 3634 4122; x_wconf 88' lang='lat' dir='ltr'><strong>livorem</strong></span> 
     </span>
    </p>
   </div>
   <div class='ocr_carea' id='block_1_85' title="bbox 2029 4156 3635 4230">
    <p class='ocr_par' dir='ltr' id='par_1_85' title="bbox 2029 4156 3635 4230">
     <span class='ocr_line' id='line_1_85' title="bbox 2029 4156 3635 4230; baseline -0.001 -16"><span class='ocrx_word' id='word_1_623' title='bbox 2029 4167 2368 4230; x_wconf 86' lang='lat' dir='ltr'><strong>spectemus,</strong></span> <span class='ocrx_word' id='word_1_624' title='bbox 2432 4156 2567 4212; x_wconf 89' lang='lat' dir='ltr'><strong>illud</strong></span> <span class='ocrx_word' id='word_1_625' title='bbox 2621 4157 3026 4229; x_wconf 79' lang='lat' dir='ltr'><strong>propemodum</strong></span> <span class='ocrx_word' id='word_1_626' title='bbox 3078 4157 3326 4212; x_wconf 83' lang='lat' dir='ltr'><strong>clamant</strong></span> <span class='ocrx_word' id='word_1_627' title='bbox 3375 4157 3525 4229; x_wconf 89' lang='lat' dir='ltr'><strong>quod</strong></span> <span class='ocrx_word' id='word_1_628' title='bbox 3577 4158 3635 4212; x_wconf 92' lang='lat' dir='ltr'><strong>in</strong></span> 
     </span>
    </p>
   </div>
   <div class='ocr_carea' id='block_1_86' title="bbox 2029 4249 3638 4323">
    <p class='ocr_par' dir='ltr' id='par_1_86' title="bbox 2029 4249 3638 4323">
     <span class='ocr_line' id='line_1_86' title="bbox 2029 4249 3638 4323; baseline -0.002 -15"><span class='ocrx_word' id='word_1_629' title='bbox 2029 4252 2361 4323; x_wconf 86' lang='lat' dir='ltr'><strong>evangelieis</strong></span> <span class='ocrx_word' id='word_1_630' title='bbox 2393 4250 2673 4321; x_wconf 85' lang='lat' dir='ltr'><strong>parabolis</strong></span> <span class='ocrx_word' id='word_1_631' title='bbox 2705 4249 2975 4320; x_wconf 89' lang='lat' dir='ltr'><strong>scriptum</strong></span> <span class='ocrx_word' id='word_1_632' title='bbox 3008 4256 3127 4305; x_wconf 86' lang='lat' dir='ltr'><strong>est:</strong></span> <span class='ocrx_word' id='word_1_633' title='bbox 3177 4269 3196 4302; x_wconf 78' lang='grc' dir='ltr'><strong>ι</strong></span> <span class='ocrx_word' id='word_1_634' title='bbox 3239 4249 3458 4316; x_wconf 84' lang='lat' dir='ltr'><strong>Venite,</strong></span> <span class='ocrx_word' id='word_1_635' title='bbox 3489 4251 3638 4306; x_wconf 87' lang='lat' dir='ltr'><strong>occi-</strong></span> 
     </span>
    </p>
   </div>
   <div class='ocr_carea' id='block_1_87' title="bbox 2029 4341 3628 4414">
    <p class='ocr_par' dir='ltr' id='par_1_87' title="bbox 2029 4341 3628 4414">
     <span class='ocr_line' id='line_1_87' title="bbox 2029 4341 3628 4414; baseline -0.004 -13"><span class='ocrx_word' id='word_1_636' title='bbox 2029 4345 2228 4401; x_wconf 83' lang='lat' dir='ltr'><strong>damus</strong></span> <span class='ocrx_word' id='word_1_637' title='bbox 2255 4358 2405 4410; x_wconf 81' lang='lat' dir='ltr'><strong>eum,</strong></span> <span class='ocrx_word' id='word_1_638' title='bbox 2435 4350 2489 4399; x_wconf 90' lang='lat' dir='ltr'><strong>et</strong></span> <span class='ocrx_word' id='word_1_639' title='bbox 2521 4342 2851 4399; x_wconf 86' lang='lat' dir='ltr'><strong>habebimus</strong></span> <span class='ocrx_word' id='word_1_640' title='bbox 2908 4341 3290 4398; x_wconf 83' lang='lat' dir='ltr'><strong>haereditatem</strong></span> <span class='ocrx_word' id='word_1_641' title='bbox 3349 4342 3472 4414; x_wconf 79' lang='lat' dir='ltr'><strong>ejus</strong></span> <span class='ocrx_word' id='word_1_642' title='bbox 3498 4344 3564 4399; x_wconf 79' lang='lat'><strong>&quot;.</strong></span> <span class='ocrx_word' id='word_1_643' title='bbox 3607 4363 3628 4395; x_wconf 72' lang='grc' dir='ltr'><strong>ι</strong></span> 
     </span>
    </p>
   </div>
   <div class='ocr_carea' id='block_1_88' title="bbox 2031 4435 3634 4509">
    <p class='ocr_par' dir='ltr' id='par_1_88' title="bbox 2031 4435 3634 4509">
     <span class='ocr_line' id='line_1_88' title="bbox 2031 4435 3634 4509; baseline 0.001 -19"><span class='ocrx_word' id='word_1_644' title='bbox 2031 4435 2258 4494; x_wconf 82' lang='lat' dir='ltr'><strong>Tollens</strong></span> <span class='ocrx_word' id='word_1_645' title='bbox 2295 4437 2484 4509; x_wconf 88' lang='lat' dir='ltr'><strong>itaque</strong></span> <span class='ocrx_word' id='word_1_646' title='bbox 2511 4436 2891 4508; x_wconf 87' lang='lat' dir='ltr'><strong>suspicionem</strong></span> <span class='ocrx_word' id='word_1_647' title='bbox 2923 4451 3117 4492; x_wconf 89' lang='lat' dir='ltr'><strong>eorum</strong></span> <span class='ocrx_word' id='word_1_648' title='bbox 3176 4437 3350 4492; x_wconf 83' lang='lat' dir='ltr'><strong>levem</strong></span> <span class='ocrx_word' id='word_1_649' title='bbox 3380 4451 3445 4492; x_wconf 83' lang='lat' dir='ltr'><strong>ac</strong></span> <span class='ocrx_word' id='word_1_650' title='bbox 3496 4445 3634 4493; x_wconf 81' lang='lat' dir='ltr'><strong>lem-</strong></span> 
     </span>
    </p>
   </div>
   <div class='ocr_carea' id='block_1_89' title="bbox 2034 4529 3638 4602">
    <p class='ocr_par' dir='ltr' id='par_1_89' title="bbox 2034 4529 3638 4602">
     <span class='ocr_line' id='line_1_89' title="bbox 2034 4529 3638 4602; baseline 0.001 -18"><span class='ocrx_word' id='word_1_651' title='bbox 2034 4531 2333 4600; x_wconf 86' lang='lat' dir='ltr'><strong>porariam,</strong></span> <span class='ocrx_word' id='word_1_652' title='bbox 2369 4537 2424 4585; x_wconf 88' lang='lat' dir='ltr'><strong>et</strong></span> <span class='ocrx_word' id='word_1_653' title='bbox 2464 4530 2714 4598; x_wconf 88' lang='lat' dir='ltr'><strong>germina</strong></span> <span class='ocrx_word' id='word_1_654' title='bbox 2756 4529 2949 4584; x_wconf 91' lang='lat' dir='ltr'><strong>livoris</strong></span> <span class='ocrx_word' id='word_1_655' title='bbox 2986 4544 3051 4585; x_wconf 92' lang='lat' dir='ltr'><strong>ac</strong></span> <span class='ocrx_word' id='word_1_656' title='bbox 3081 4530 3447 4601; x_wconf 82' lang='lat' dir='ltr'><strong>malignitatis</strong></span> <span class='ocrx_word' id='word_1_657' title='bbox 3479 4531 3638 4602; x_wconf 85' lang='lat' dir='ltr'><strong>prius</strong></span> 
     </span>
    </p>
   </div>
   <div class='ocr_carea' id='block_1_90' title="bbox 317 4591 1933 4696">
    <p class='ocr_par' dir='ltr' id='par_1_90' title="bbox 317 4591 1922 4696">
     <span class='ocr_line' id='line_1_90' title="bbox 317 4591 1922 4696; baseline 0.001 -21"><span class='ocrx_word' id='word_1_658' title='bbox 317 4591 798 4696; x_wconf 72' lang='grc' dir='ltr'>κατεσπαρμένην</span> <span class='ocrx_word' id='word_1_659' title='bbox 823 4591 835 4603; x_wconf 50' lang='grc'><em>’</em></span> <span class='ocrx_word' id='word_1_660' title='bbox 855 4591 1116 4678; x_wconf 79' lang='grc' dir='ltr'>ὑπόνοιαν</span> <span class='ocrx_word' id='word_1_661' title='bbox 1135 4663 1152 4689; x_wconf 90' lang='grc'><strong>,</strong></span> <span class='ocrx_word' id='word_1_662' title='bbox 1184 4591 1199 4595; x_wconf 30' lang='grc' dir='ltr'>ν</span> <span class='ocrx_word' id='word_1_663' title='bbox 1222 4623 1318 4678; x_wconf 76' lang='grc' dir='ltr'>καὶ</span> <span class='ocrx_word' id='word_1_664' title='bbox 1348 4624 1420 4677; x_wconf 85' lang='grc' dir='ltr'>τὰ</span> <span class='ocrx_word' id='word_1_665' title='bbox 1467 4591 1535 4678; x_wconf 58' lang='grc' dir='ltr'>ἐκ</span> <span class='ocrx_word' id='word_1_666' title='bbox 1574 4591 1778 4694; x_wconf 15' lang='grc' dir='ltr'>ήφθόνου</span> <span class='ocrx_word' id='word_1_667' title='bbox 1826 4591 1922 4678; x_wconf 67' lang='grc' dir='ltr'><strong>καῖ</strong></span> 
     </span>
    </p>
   </div>
   <div class='ocr_carea' id='block_1_91' title="bbox 2040 4591 3640 4696">
    <p class='ocr_par' dir='ltr' id='par_1_91' title="bbox 2040 4591 3640 4694">
     <span class='ocr_line' id='line_1_91' title="bbox 2040 4591 3640 4694; baseline 0 -16"><span class='ocrx_word' id='word_1_668' title='bbox 2040 4591 2358 4690; x_wconf 80' lang='lat' dir='ltr'><strong>eradicans,</strong></span> <span class='ocrx_word' id='word_1_669' title='bbox 2398 4623 2582 4694; x_wconf 84' lang='lat' dir='ltr'><strong>palam</strong></span> <span class='ocrx_word' id='word_1_670' title='bbox 2643 4631 2700 4678; x_wconf 90' lang='lat' dir='ltr'><strong>et</strong></span> <span class='ocrx_word' id='word_1_671' title='bbox 2729 4631 2921 4694; x_wconf 80' lang='lat' dir='ltr'><strong>aperte</strong></span> <span class='ocrx_word' id='word_1_672' title='bbox 2955 4622 3076 4677; x_wconf 88' lang='lat' dir='ltr'><strong>ait:</strong></span> <span class='ocrx_word' id='word_1_673' title='bbox 3127 4641 3146 4674; x_wconf 83' lang='grc' dir='ltr'><strong>ι</strong></span> <span class='ocrx_word' id='word_1_674' title='bbox 3205 4591 3529 4678; x_wconf 65' lang='grc' dir='ltr'>διατίιοιειη</span> <span class='ocrx_word' id='word_1_675' title='bbox 3561 4623 3640 4678; x_wconf 85' lang='lat' dir='ltr'><strong>ab-</strong></span> 
     </span>
    </p>
   </div>
   <div class='ocr_carea' id='block_1_92' title="bbox 318 4716 1926 4790">
    <p class='ocr_par' dir='ltr' id='par_1_92' title="bbox 318 4716 1926 4790">
     <span class='ocr_line' id='line_1_92' title="bbox 318 4716 1926 4790; baseline 0.002 -21"><span class='ocrx_word' id='word_1_676' title='bbox 318 4716 629 4785; x_wconf 86' lang='grc' dir='ltr'>βασκανίας</span> <span class='ocrx_word' id='word_1_677' title='bbox 672 4717 1104 4789; x_wconf 78' lang='grc' dir='ltr'>προαπορῤιζῶν</span> <span class='ocrx_word' id='word_1_678' title='bbox 1140 4716 1522 4790; x_wconf 83' lang='grc' dir='ltr'>βλαστήματα,</span> <span class='ocrx_word' id='word_1_679' title='bbox 1566 4721 1747 4790; x_wconf 86' lang='grc' dir='ltr'>γυμνῇ</span> <span class='ocrx_word' id='word_1_680' title='bbox 1779 4717 1926 4788; x_wconf 84' lang='grc' dir='ltr'>λέγει</span> 
     </span>
    </p>
   </div>
   <div class='ocr_carea' id='block_1_93' title="bbox 313 4807 1920 4882">
    <p class='ocr_par' dir='ltr' id='par_1_93' title="bbox 313 4807 1920 4882">
     <span class='ocr_line' id='line_1_93' title="bbox 313 4807 1920 4882; baseline 0.001 -22"><span class='ocrx_word' id='word_1_681' title='bbox 313 4811 383 4878; x_wconf 78' lang='grc' dir='ltr'><strong>τῇ</strong></span> <span class='ocrx_word' id='word_1_682' title='bbox 413 4809 606 4879; x_wconf 79' lang='grc' dir='ltr'>φωνῇ’</span> <span class='ocrx_word' id='word_1_683' title='bbox 638 4827 658 4860; x_wconf 79' lang='grc' dir='ltr'><strong>ι</strong></span> <span class='ocrx_word' id='word_1_684' title='bbox 704 4807 875 4873; x_wconf 83' lang='grc' dir='ltr'>Δόξαν</span> <span class='ocrx_word' id='word_1_685' title='bbox 919 4809 1075 4880; x_wconf 82' lang='grc' dir='ltr'>παρά</span> <span class='ocrx_word' id='word_1_686' title='bbox 1129 4808 1428 4880; x_wconf 86' lang='grc' dir='ltr'>ἀνθρώπου</span> <span class='ocrx_word' id='word_1_687' title='bbox 1471 4810 1533 4864; x_wconf 83' lang='grc' dir='ltr'>οὐ</span> <span class='ocrx_word' id='word_1_688' title='bbox 1571 4810 1859 4882; x_wconf 73' lang='grc' dir='ltr'>λαμϐάνω.</span> <span class='ocrx_word' id='word_1_689' title='bbox 1901 4829 1920 4862; x_wconf 72' lang='grc' dir='ltr'><strong>ι</strong></span> 
     </span>
    </p>
   </div>
   <div class='ocr_carea' id='block_1_94' title="bbox 316 4900 1925 4976">
    <p class='ocr_par' dir='ltr' id='par_1_94' title="bbox 316 4900 1925 4976">
     <span class='ocr_line' id='line_1_94' title="bbox 316 4900 1925 4976; baseline 0.002 -23"><span class='ocrx_word' id='word_1_690' title='bbox 316 4902 395 4954; x_wconf 82' lang='grc' dir='ltr'><strong>Οὐ</strong></span> <span class='ocrx_word' id='word_1_691' title='bbox 436 4900 551 4972; x_wconf 81' lang='grc' dir='ltr'><strong>γὰρ</strong></span> <span class='ocrx_word' id='word_1_692' title='bbox 591 4901 768 4965; x_wconf 88' lang='grc' dir='ltr'>καλῶ,</span> <span class='ocrx_word' id='word_1_693' title='bbox 800 4902 967 4973; x_wconf 82' lang='grc' dir='ltr'>φησὶν</span> <span class='ocrx_word' id='word_1_694' title='bbox 995 4943 1009 4968; x_wconf 93' lang='grc'><strong>,</strong></span> <span class='ocrx_word' id='word_1_695' title='bbox 1043 4903 1126 4966; x_wconf 78' lang='grc' dir='ltr'><strong>εἰς</strong></span> <span class='ocrx_word' id='word_1_696' title='bbox 1167 4903 1474 4974; x_wconf 85' lang='grc' dir='ltr'>μαθητείαν</span> <span class='ocrx_word' id='word_1_697' title='bbox 1498 4903 1600 4976; x_wconf 81' lang='grc' dir='ltr'><strong>τὴν</strong></span> <span class='ocrx_word' id='word_1_698' title='bbox 1638 4904 1771 4972; x_wconf 86' lang='grc' dir='ltr'>παρ’</span> <span class='ocrx_word' id='word_1_699' title='bbox 1800 4903 1925 4972; x_wconf 76' lang='grc' dir='ltr'>ἐμοὶ</span> 
     </span>
    </p>
   </div>
   <div class='ocr_carea' id='block_1_95' title="bbox 317 4991 1922 5068">
    <p class='ocr_par' dir='ltr' id='par_1_95' title="bbox 317 4991 1922 5068">
     <span class='ocr_line' id='line_1_95' title="bbox 317 4991 1922 5068; baseline 0.003 -22"><span class='ocrx_word' id='word_1_700' title='bbox 317 4991 430 5064; x_wconf 81' lang='grc' dir='ltr'><strong>[αι.</strong></span> <span class='ocrx_word' id='word_1_701' title='bbox 471 4991 654 5064; x_wconf 80' lang='grc' dir='ltr'>ἐμοῦ]</span> <span class='ocrx_word' id='word_1_702' title='bbox 703 4993 833 5058; x_wconf 83' lang='grc' dir='ltr'>τοὺς</span> <span class='ocrx_word' id='word_1_703' title='bbox 870 4994 1294 5066; x_wconf 86' lang='grc' dir='ltr'>ἀκροωμένους,</span> <span class='ocrx_word' id='word_1_704' title='bbox 1351 4994 1386 5066; x_wconf 85' lang='grc' dir='ltr'>ἢ</span> <span class='ocrx_word' id='word_1_705' title='bbox 1433 4996 1536 5060; x_wconf 85' lang='grc' dir='ltr'><strong>τὰς</strong></span> <span class='ocrx_word' id='word_1_706' title='bbox 1575 4999 1709 5068; x_wconf 83' lang='grc' dir='ltr'>παρ’</span> <span class='ocrx_word' id='word_1_707' title='bbox 1745 4997 1922 5068; x_wconf 82' lang='grc' dir='ltr'>ὑμῶν,</span> 
     </span>
    </p>
   </div>
   <div class='ocr_carea' id='block_1_96' title="bbox 312 5083 1925 5160">
    <p class='ocr_par' dir='ltr' id='par_1_96' title="bbox 312 5083 1925 5160">
     <span class='ocr_line' id='line_1_96' title="bbox 312 5083 1925 5160; baseline 0.002 -22"><span class='ocrx_word' id='word_1_708' title='bbox 312 5086 350 5156; x_wconf 78' lang='grc' dir='ltr'><strong>ἢ</strong></span> <span class='ocrx_word' id='word_1_709' title='bbox 381 5083 486 5148; x_wconf 72' lang='grc' dir='ltr'><strong>τὰς</strong></span> <span class='ocrx_word' id='word_1_710' title='bbox 520 5087 653 5156; x_wconf 83' lang='grc' dir='ltr'>παρ’</span> <span class='ocrx_word' id='word_1_711' title='bbox 687 5086 894 5158; x_wconf 80' lang='grc' dir='ltr'>ἑτέρων</span> <span class='ocrx_word' id='word_1_712' title='bbox 925 5087 1115 5157; x_wconf 85' lang='grc' dir='ltr'>τιμὰς,</span> <span class='ocrx_word' id='word_1_713' title='bbox 1148 5086 1401 5158; x_wconf 88' lang='grc' dir='ltr'>καθάπερ</span> <span class='ocrx_word' id='word_1_714' title='bbox 1443 5087 1624 5157; x_wconf 80' lang='grc' dir='ltr'>ὑμεῖς,</span> <span class='ocrx_word' id='word_1_715' title='bbox 1669 5087 1925 5160; x_wconf 84' lang='grc' dir='ltr'>θηρώμε-</span> 
     </span>
    </p>
   </div>
   <div class='ocr_carea' id='block_1_97' title="bbox 313 5174 1924 5249">
    <p class='ocr_par' dir='ltr' id='par_1_97' title="bbox 313 5174 1924 5249">
     <span class='ocr_line' id='line_1_97' title="bbox 313 5174 1924 5249; baseline 0.001 -19"><span class='ocrx_word' id='word_1_716' title='bbox 313 5192 433 5241; x_wconf 90' lang='grc' dir='ltr'>νος,</span> <span class='ocrx_word' id='word_1_717' title='bbox 459 5175 583 5228; x_wconf 83' lang='grc' dir='ltr'>ούδὲ</span> <span class='ocrx_word' id='word_1_718' title='bbox 613 5174 807 5230; x_wconf 86' lang='grc' dir='ltr'>τοῦτον</span> <span class='ocrx_word' id='word_1_719' title='bbox 839 5179 939 5246; x_wconf 81' lang='grc' dir='ltr'>τῆς</span> <span class='ocrx_word' id='word_1_720' title='bbox 971 5177 1325 5242; x_wconf 84' lang='grc' dir='ltr'>διδασκαλίας</span> <span class='ocrx_word' id='word_1_721' title='bbox 1357 5178 1828 5249; x_wconf 85' lang='grc' dir='ltr'>ἀντικομισαίμην</span> <span class='ocrx_word' id='word_1_722' title='bbox 1857 5179 1924 5232; x_wconf 82' lang='grc' dir='ltr'>ἂν</span> 
     </span>
    </p>
   </div>
   <div class='ocr_carea' id='block_1_98' title="bbox 310 5265 1922 5340">
    <p class='ocr_par' dir='ltr' id='par_1_98' title="bbox 310 5265 1922 5340">
     <span class='ocr_line' id='line_1_98' title="bbox 310 5265 1922 5340; baseline 0.002 -19"><span class='ocrx_word' id='word_1_723' title='bbox 310 5265 412 5321; x_wconf 76' lang='grc' dir='ltr'>τὸν</span> <span class='ocrx_word' id='word_1_724' title='bbox 439 5267 659 5337; x_wconf 80' lang='grc' dir='ltr'>μισθὸν,</span> <span class='ocrx_word' id='word_1_725' title='bbox 687 5267 1077 5340; x_wconf 87' lang='grc' dir='ltr'>πληρεστάτην</span> <span class='ocrx_word' id='word_1_726' title='bbox 1103 5268 1246 5340; x_wconf 72' lang='grc' dir='ltr'>ἔχων</span> <span class='ocrx_word' id='word_1_727' title='bbox 1269 5269 1370 5340; x_wconf 85' lang='grc' dir='ltr'>τὴν</span> <span class='ocrx_word' id='word_1_728' title='bbox 1389 5267 1551 5336; x_wconf 78' lang='grc' dir='ltr'>δόξαν</span> <span class='ocrx_word' id='word_1_729' title='bbox 1580 5269 1640 5336; x_wconf 63' lang='grc' dir='ltr'><strong>ἐξ</strong></span> <span class='ocrx_word' id='word_1_730' title='bbox 1656 5269 1922 5338; x_wconf 70' lang='grc' dir='ltr'>ἐμαυτοῦ,</span> 
     </span>
    </p>
   </div>
   <div class='ocr_carea' id='block_1_99' title="bbox 313 5359 1928 5434">
    <p class='ocr_par' dir='ltr' id='par_1_99' title="bbox 313 5359 1928 5434">
     <span class='ocr_line' id='line_1_99' title="bbox 313 5359 1928 5434; baseline 0.001 -20"><span class='ocrx_word' id='word_1_731' title='bbox 313 5359 416 5414; x_wconf 78' lang='grc' dir='ltr'>καὶ</span> <span class='ocrx_word' id='word_1_732' title='bbox 451 5359 855 5432; x_wconf 79' lang='grc' dir='ltr'>ὑστεριζούσης</span> <span class='ocrx_word' id='word_1_733' title='bbox 906 5359 1009 5431; x_wconf 81' lang='grc' dir='ltr'>τῆς</span> <span class='ocrx_word' id='word_1_734' title='bbox 1057 5363 1188 5434; x_wconf 83' lang='grc' dir='ltr'>παρ’</span> <span class='ocrx_word' id='word_1_735' title='bbox 1240 5360 1418 5433; x_wconf 77' lang='grc' dir='ltr'>ὑμῶν’</span> <span class='ocrx_word' id='word_1_736' title='bbox 1465 5359 1584 5415; x_wconf 83' lang='grc' dir='ltr'>ἀλλ’</span> <span class='ocrx_word' id='word_1_737' title='bbox 1617 5360 1820 5434; x_wconf 72' lang='grc' dir='ltr'>εἴρηκα</span> <span class='ocrx_word' id='word_1_738' title='bbox 1852 5361 1928 5434; x_wconf 75' lang='grc' dir='ltr'>μὴ</span> 
     </span>
    </p>
   </div>
   <div class='ocr_carea' id='block_1_100' title="bbox 312 5451 1923 5526">
    <p class='ocr_par' dir='ltr' id='par_1_100' title="bbox 312 5451 1923 5526">
     <span class='ocr_line' id='line_1_100' title="bbox 312 5451 1923 5526; baseline 0.001 -20"><span class='ocrx_word' id='word_1_739' title='bbox 312 5452 499 5506; x_wconf 83' lang='grc' dir='ltr'>θέλειν</span> <span class='ocrx_word' id='word_1_740' title='bbox 527 5454 675 5522; x_wconf 79' lang='grc' dir='ltr'>ὑμᾶς</span> <span class='ocrx_word' id='word_1_741' title='bbox 711 5452 970 5524; x_wconf 82' lang='grc' dir='ltr'>ἔρχεσθαι</span> <span class='ocrx_word' id='word_1_742' title='bbox 1003 5454 1141 5526; x_wconf 86' lang='grc' dir='ltr'>πρός</span> <span class='ocrx_word' id='word_1_743' title='bbox 1175 5470 1244 5524; x_wconf 87' lang='grc' dir='ltr'><strong>με</strong></span> <span class='ocrx_word' id='word_1_744' title='bbox 1266 5452 1358 5508; x_wconf 85' lang='grc' dir='ltr'><strong>διὰ</strong></span> <span class='ocrx_word' id='word_1_745' title='bbox 1383 5452 1444 5506; x_wconf 82' lang='grc' dir='ltr'>τὸ</span> <span class='ocrx_word' id='word_1_746' title='bbox 1473 5451 1680 5522; x_wconf 88' lang='grc' dir='ltr'>γνῶναι</span> <span class='ocrx_word' id='word_1_747' title='bbox 1712 5453 1923 5522; x_wconf 82' lang='grc' dir='ltr'>σαφῶς,</span> 
     </span>
    </p>
   </div>
   <div class='ocr_carea' id='block_1_101' title="bbox 306 5544 1928 5619">
    <p class='ocr_par' dir='ltr' id='par_1_101' title="bbox 306 5544 1928 5619">
     <span class='ocr_line' id='line_1_101' title="bbox 306 5544 1928 5619; baseline 0.001 -21"><span class='ocrx_word' id='word_1_748' title='bbox 306 5545 398 5599; x_wconf 84' lang='grc' dir='ltr'>ὅτι</span> <span class='ocrx_word' id='word_1_749' title='bbox 427 5544 528 5616; x_wconf 82' lang='grc' dir='ltr'><strong>τὴν</strong></span> <span class='ocrx_word' id='word_1_750' title='bbox 553 5545 776 5616; x_wconf 80' lang='grc' dir='ltr'>ἀγάπην</span> <span class='ocrx_word' id='word_1_751' title='bbox 798 5544 896 5599; x_wconf 83' lang='grc' dir='ltr'><strong>τοῦ</strong></span> <span class='ocrx_word' id='word_1_752' title='bbox 921 5545 1060 5600; x_wconf 88' lang='grc' dir='ltr'>Θεοῦ</span> <span class='ocrx_word' id='word_1_753' title='bbox 1087 5547 1189 5601; x_wconf 85' lang='grc' dir='ltr'>οὐκ</span> <span class='ocrx_word' id='word_1_754' title='bbox 1220 5546 1372 5617; x_wconf 79' lang='grc' dir='ltr'>ἔχετε</span> <span class='ocrx_word' id='word_1_755' title='bbox 1401 5548 1460 5600; x_wconf 88' lang='grc' dir='ltr'>ὲν</span> <span class='ocrx_word' id='word_1_756' title='bbox 1485 5547 1722 5611; x_wconf 80' lang='grc' dir='ltr'>ἑαυτοῖς.</span> <span class='ocrx_word' id='word_1_757' title='bbox 1757 5547 1928 5619; x_wconf 83' lang='grc' dir='ltr'>Ἔρη-</span> 
     </span>
    </p>
   </div>
   <div class='ocr_carea' id='block_1_102' title="bbox 2031 4712 3633 4784">
    <p class='ocr_par' dir='ltr' id='par_1_102' title="bbox 2031 4712 3633 4784">
     <span class='ocr_line' id='line_1_102' title="bbox 2031 4712 3633 4784; baseline -0.001 -16"><span class='ocrx_word' id='word_1_758' title='bbox 2031 4714 2353 4772; x_wconf 83' lang='lat' dir='ltr'><strong>hominibus</strong></span> <span class='ocrx_word' id='word_1_759' title='bbox 2392 4730 2501 4769; x_wconf 91' lang='lat' dir='ltr'><strong>non</strong></span> <span class='ocrx_word' id='word_1_760' title='bbox 2537 4713 2775 4784; x_wconf 87' lang='lat' dir='ltr'><strong>accipio.</strong></span> <span class='ocrx_word' id='word_1_761' title='bbox 2811 4732 2830 4764; x_wconf 73' lang='grc' dir='ltr'><strong>ι</strong></span> <span class='ocrx_word' id='word_1_762' title='bbox 2864 4712 2984 4768; x_wconf 84' lang='lat' dir='ltr'><strong>Non</strong></span> <span class='ocrx_word' id='word_1_763' title='bbox 3005 4713 3152 4768; x_wconf 87' lang='lat' dir='ltr'><strong>enim</strong></span> <span class='ocrx_word' id='word_1_764' title='bbox 3188 4712 3244 4766; x_wconf 92' lang='lat' dir='ltr'><strong>in</strong></span> <span class='ocrx_word' id='word_1_765' title='bbox 3280 4713 3633 4782; x_wconf 83' lang='lat' dir='ltr'><strong>disciplinam</strong></span> 
     </span>
    </p>
   </div>
   <div class='ocr_carea' id='block_1_103' title="bbox 2028 4803 3632 4877">
    <p class='ocr_par' dir='ltr' id='par_1_103' title="bbox 2028 4803 3632 4877">
     <span class='ocr_line' id='line_1_103' title="bbox 2028 4803 3632 4877; baseline -0.002 -16"><span class='ocrx_word' id='word_1_766' title='bbox 2028 4822 2231 4871; x_wconf 88' lang='lat' dir='ltr'><strong>meam,</strong></span> <span class='ocrx_word' id='word_1_767' title='bbox 2269 4806 2471 4877; x_wconf 88' lang='lat' dir='ltr'><strong>inquit,</strong></span> <span class='ocrx_word' id='word_1_768' title='bbox 2504 4804 2794 4860; x_wconf 85' lang='lat' dir='ltr'><strong>auditores</strong></span> <span class='ocrx_word' id='word_1_769' title='bbox 2835 4817 3101 4874; x_wconf 77' lang='lat' dir='ltr'><strong>provoco,</strong></span> <span class='ocrx_word' id='word_1_770' title='bbox 3154 4803 3401 4858; x_wconf 84' lang='lat' dir='ltr'><strong>honores</strong></span> <span class='ocrx_word' id='word_1_771' title='bbox 3441 4810 3539 4857; x_wconf 88' lang='lat' dir='ltr'><strong>aut</strong></span> <span class='ocrx_word' id='word_1_772' title='bbox 3597 4818 3632 4858; x_wconf 89' lang='lat' dir='ltr'><strong>a</strong></span> 
     </span>
    </p>
   </div>
   <div class='ocr_carea' id='block_1_104' title="bbox 2027 4894 3633 4966">
    <p class='ocr_par' dir='ltr' id='par_1_104' title="bbox 2027 4894 3633 4966">
     <span class='ocr_line' id='line_1_104' title="bbox 2027 4894 3633 4966; baseline -0.004 -11"><span class='ocrx_word' id='word_1_773' title='bbox 2027 4898 2187 4955; x_wconf 85' lang='lat' dir='ltr'><strong>vobis</strong></span> <span class='ocrx_word' id='word_1_774' title='bbox 2211 4909 2305 4953; x_wconf 91' lang='lat' dir='ltr'><strong>aut</strong></span> <span class='ocrx_word' id='word_1_775' title='bbox 2340 4899 2409 4953; x_wconf 88' lang='lat' dir='ltr'><strong>ab</strong></span> <span class='ocrx_word' id='word_1_776' title='bbox 2433 4897 2582 4964; x_wconf 91' lang='lat' dir='ltr'><strong>aliis,</strong></span> <span class='ocrx_word' id='word_1_777' title='bbox 2625 4896 2789 4952; x_wconf 90' lang='lat' dir='ltr'><strong>sicuti</strong></span> <span class='ocrx_word' id='word_1_778' title='bbox 2820 4910 2943 4959; x_wconf 86' lang='lat' dir='ltr'><strong>vos,</strong></span> <span class='ocrx_word' id='word_1_779' title='bbox 2984 4894 3276 4960; x_wconf 83' lang='lat' dir='ltr'><strong>all‘ectans,</strong></span> <span class='ocrx_word' id='word_1_780' title='bbox 3316 4909 3502 4966; x_wconf 87' lang='lat' dir='ltr'><strong>neque</strong></span> <span class='ocrx_word' id='word_1_781' title='bbox 3533 4894 3633 4950; x_wconf 86' lang='lat' dir='ltr'><strong>do-</strong></span> 
     </span>
    </p>
   </div>
   <div class='ocr_carea' id='block_1_105' title="bbox 2027 4985 3634 5058">
    <p class='ocr_par' dir='ltr' id='par_1_105' title="bbox 2027 4985 3634 5058">
     <span class='ocr_line' id='line_1_105' title="bbox 2027 4985 3634 5058; baseline -0.002 -14"><span class='ocrx_word' id='word_1_782' title='bbox 2027 4990 2222 5046; x_wconf 62' lang='lat' dir='ltr'><strong>ctrinae</strong></span> <span class='ocrx_word' id='word_1_783' title='bbox 2254 4989 2560 5045; x_wconf 84' lang='lat' dir='ltr'><strong>mercedem</strong></span> <span class='ocrx_word' id='word_1_784' title='bbox 2607 4989 2772 5043; x_wconf 82' lang='lat' dir='ltr'><strong>istam</strong></span> <span class='ocrx_word' id='word_1_785' title='bbox 2815 4985 3217 5058; x_wconf 78' lang='lat' dir='ltr'><strong>reportaverim</strong></span> <span class='ocrx_word' id='word_1_786' title='bbox 3258 4987 3355 5058; x_wconf 89' lang='lat' dir='ltr'><strong>qui</strong></span> <span class='ocrx_word' id='word_1_787' title='bbox 3387 4986 3634 5043; x_wconf 84' lang='lat' dir='ltr'><strong>absolu-</strong></span> 
     </span>
    </p>
   </div>
   <div class='ocr_carea' id='block_1_106' title="bbox 2028 5077 3636 5152">
    <p class='ocr_par' dir='ltr' id='par_1_106' title="bbox 2028 5077 3636 5152">
     <span class='ocr_line' id='line_1_106' title="bbox 2028 5077 3636 5152; baseline -0.003 -14"><span class='ocrx_word' id='word_1_788' title='bbox 2028 5084 2303 5140; x_wconf 89' lang='lat' dir='ltr'><strong>tissimam</strong></span> <span class='ocrx_word' id='word_1_789' title='bbox 2345 5097 2375 5136; x_wconf 88' lang='lat' dir='ltr'><strong>a</strong></span> <span class='ocrx_word' id='word_1_790' title='bbox 2436 5081 2649 5152; x_wconf 84' lang='lat' dir='ltr'><strong>meipso</strong></span> <span class='ocrx_word' id='word_1_791' title='bbox 2695 5079 3006 5135; x_wconf 77' lang='lat' dir='ltr'><strong>claritatem</strong></span> <span class='ocrx_word' id='word_1_792' title='bbox 3055 5077 3262 5145; x_wconf 84' lang='lat' dir='ltr'><strong>habeo,</strong></span> <span class='ocrx_word' id='word_1_793' title='bbox 3297 5093 3409 5150; x_wconf 88' lang='lat' dir='ltr'><strong>qua</strong></span> <span class='ocrx_word' id='word_1_794' title='bbox 3471 5077 3636 5147; x_wconf 84' lang='lat' dir='ltr'><strong>longe</strong></span> 
     </span>
    </p>
   </div>
   <div class='ocr_carea' id='block_1_107' title="bbox 2029 5169 3636 5234">
    <p class='ocr_par' dir='ltr' id='par_1_107' title="bbox 2029 5169 3636 5234">
     <span class='ocr_line' id='line_1_107' title="bbox 2029 5169 3636 5234; baseline -0.006 -1"><span class='ocrx_word' id='word_1_795' title='bbox 2029 5177 2262 5234; x_wconf 82' lang='lat' dir='ltr'><strong>inferior</strong></span> <span class='ocrx_word' id='word_1_796' title='bbox 2294 5185 2378 5233; x_wconf 89' lang='lat' dir='ltr'><strong>est</strong></span> <span class='ocrx_word' id='word_1_797' title='bbox 2399 5175 2492 5230; x_wconf 91' lang='lat' dir='ltr'><strong>illa</strong></span> <span class='ocrx_word' id='word_1_798' title='bbox 2518 5181 2705 5230; x_wconf 88' lang='lat' dir='ltr'><strong>vestra</strong></span> <span class='ocrx_word' id='word_1_799' title='bbox 2734 5191 2748 5227; x_wconf 88' lang='lat'><strong>:</strong></span> <span class='ocrx_word' id='word_1_800' title='bbox 2785 5172 2880 5234; x_wconf 79' lang='lat' dir='ltr'><strong>sed</strong></span> <span class='ocrx_word' id='word_1_801' title='bbox 2923 5170 3041 5228; x_wconf 75' lang='lat' dir='ltr'><strong>dixi</strong></span> <span class='ocrx_word' id='word_1_802' title='bbox 3075 5185 3178 5227; x_wconf 85' lang='lat' dir='ltr'><strong>vos</strong></span> <span class='ocrx_word' id='word_1_803' title='bbox 3225 5170 3295 5226; x_wconf 90' lang='lat' dir='ltr'><strong>ad</strong></span> <span class='ocrx_word' id='word_1_804' title='bbox 3329 5185 3418 5226; x_wconf 86' lang='lat' dir='ltr'><strong>me</strong></span> <span class='ocrx_word' id='word_1_805' title='bbox 3445 5169 3636 5226; x_wconf 86' lang='lat' dir='ltr'><strong>venire</strong></span> 
     </span>
    </p>
   </div>
   <div class='ocr_carea' id='block_1_108' title="bbox 2031 5259 3632 5340">
    <p class='ocr_par' dir='ltr' id='par_1_108' title="bbox 2031 5259 3632 5340">
     <span class='ocr_line' id='line_1_108' title="bbox 2031 5259 3632 5340; baseline -0.009 -14"><span class='ocrx_word' id='word_1_806' title='bbox 2031 5271 2196 5336; x_wconf 91' lang='lat' dir='ltr'><strong>nolle,</strong></span> <span class='ocrx_word' id='word_1_807' title='bbox 2223 5275 2512 5340; x_wconf 84' lang='lat' dir='ltr'><strong>propterea</strong></span> <span class='ocrx_word' id='word_1_808' title='bbox 2549 5265 2697 5338; x_wconf 88' lang='lat' dir='ltr'><strong>quod</strong></span> <span class='ocrx_word' id='word_1_809' title='bbox 2737 5273 2930 5337; x_wconf 85' lang='lat' dir='ltr'><strong>aperte</strong></span> <span class='ocrx_word' id='word_1_810' title='bbox 2973 5265 3102 5322; x_wconf 81' lang='lat' dir='ltr'><strong>novi</strong></span> <span class='ocrx_word' id='word_1_811' title='bbox 3149 5265 3504 5321; x_wconf 86' lang='lat' dir='ltr'><strong>dilectionem</strong></span> <span class='ocrx_word' id='word_1_812' title='bbox 3534 5259 3632 5314; x_wconf 91' lang='lat' dir='ltr'><strong>Dei</strong></span> 
     </span>
    </p>
   </div>
   <div class='ocr_carea' id='block_1_109' title="bbox 2029 5350 3633 5430">
    <p class='ocr_par' dir='ltr' id='par_1_109' title="bbox 2029 5350 3633 5430">
     <span class='ocr_line' id='line_1_109' title="bbox 2029 5350 3633 5430; baseline -0.008 -11"><span class='ocrx_word' id='word_1_813' title='bbox 2029 5379 2132 5420; x_wconf 88' lang='lat' dir='ltr'><strong>vos</strong></span> <span class='ocrx_word' id='word_1_814' title='bbox 2165 5365 2222 5418; x_wconf 84' lang='lat' dir='ltr'><strong>in</strong></span> <span class='ocrx_word' id='word_1_815' title='bbox 2255 5361 2419 5418; x_wconf 86' lang='lat' dir='ltr'><strong>vobis</strong></span> <span class='ocrx_word' id='word_1_816' title='bbox 2451 5375 2562 5417; x_wconf 84' lang='lat' dir='ltr'><strong>non</strong></span> <span class='ocrx_word' id='word_1_817' title='bbox 2593 5360 2820 5416; x_wconf 81' lang='lat' dir='ltr'><strong>habere.</strong></span> <span class='ocrx_word' id='word_1_818' title='bbox 2863 5360 3134 5430; x_wconf 76' lang='lat' dir='ltr'><strong>Expertes</strong></span> <span class='ocrx_word' id='word_1_819' title='bbox 3161 5357 3308 5414; x_wconf 71' lang='lat' dir='ltr'><strong>enim</strong></span> <span class='ocrx_word' id='word_1_820' title='bbox 3349 5368 3476 5409; x_wconf 90' lang='lat' dir='ltr'><strong>cum</strong></span> <span class='ocrx_word' id='word_1_821' title='bbox 3507 5350 3633 5408; x_wconf 89' lang='lat' dir='ltr'><strong>sitis</strong></span> 
     </span>
    </p>
   </div>
   <div class='ocr_carea' id='block_1_110' title="bbox 2033 5444 3634 5524">
    <p class='ocr_par' dir='ltr' id='par_1_110' title="bbox 2033 5444 3634 5524">
     <span class='ocr_line' id='line_1_110' title="bbox 2033 5444 3634 5524; baseline -0.007 -14"><span class='ocrx_word' id='word_1_822' title='bbox 2033 5455 2350 5512; x_wconf 88' lang='lat' dir='ltr'><strong>dilectionis</strong></span> <span class='ocrx_word' id='word_1_823' title='bbox 2392 5453 2510 5522; x_wconf 88' lang='lat' dir='ltr'><strong>Dei,</strong></span> <span class='ocrx_word' id='word_1_824' title='bbox 2553 5453 2752 5524; x_wconf 89' lang='lat' dir='ltr'><strong>inquit,</strong></span> <span class='ocrx_word' id='word_1_825' title='bbox 2787 5451 3068 5524; x_wconf 89' lang='lat' dir='ltr'><strong>quomodo</strong></span> <span class='ocrx_word' id='word_1_826' title='bbox 3124 5447 3385 5522; x_wconf 84' lang='lat' dir='ltr'><strong>peteritis</strong></span> <span class='ocrx_word' id='word_1_827' title='bbox 3409 5444 3480 5501; x_wconf 87' lang='lat' dir='ltr'><strong>ad</strong></span> <span class='ocrx_word' id='word_1_828' title='bbox 3545 5458 3634 5499; x_wconf 87' lang='lat' dir='ltr'><strong>me</strong></span> 
     </span>
    </p>
   </div>
   <div class='ocr_carea' id='block_1_111' title="bbox 2039 5543 3096 5619">
    <p class='ocr_par' dir='ltr' id='par_1_111' title="bbox 2039 5543 3096 5619">
     <span class='ocr_line' id='line_1_111' title="bbox 2039 5543 3096 5619; baseline -0.003 -19"><span class='ocrx_word' id='word_1_829' title='bbox 2039 5546 2235 5603; x_wconf 80' lang='lat' dir='ltr'><strong>Filium</strong></span> <span class='ocrx_word' id='word_1_830' title='bbox 2267 5547 2365 5604; x_wconf 88' lang='lat' dir='ltr'><strong>Dei</strong></span> <span class='ocrx_word' id='word_1_831' title='bbox 2407 5548 2749 5619; x_wconf 81' lang='lat' dir='ltr'><strong>unigenitum</strong></span> <span class='ocrx_word' id='word_1_832' title='bbox 2786 5543 3096 5600; x_wconf 82' lang='lat' dir='ltr'><strong>accedere?</strong></span> 
     </span>
    </p>
   </div>
   <div class='ocr_carea' id='block_1_112' title="bbox 313 5632 3632 5717">
    <p class='ocr_par' dir='ltr' id='par_1_112' title="bbox 313 5632 3632 5717">
     <span class='ocr_line' id='line_1_112' title="bbox 313 5632 3632 5717; baseline -0.003 -21"><span class='ocrx_word' id='word_1_833' title='bbox 313 5659 408 5716; x_wconf 85' lang='grc' dir='ltr'><strong>μοι</strong></span> <span class='ocrx_word' id='word_1_834' title='bbox 437 5641 549 5714; x_wconf 83' lang='grc' dir='ltr'><strong>γὰρ</strong></span> <span class='ocrx_word' id='word_1_835' title='bbox 589 5642 744 5708; x_wconf 74' lang='grc' dir='ltr'>ὄντες</span> <span class='ocrx_word' id='word_1_836' title='bbox 770 5643 871 5714; x_wconf 78' lang='grc' dir='ltr'>τῆς</span> <span class='ocrx_word' id='word_1_837' title='bbox 913 5645 994 5708; x_wconf 83' lang='grc' dir='ltr'><strong>είς</strong></span> <span class='ocrx_word' id='word_1_838' title='bbox 1035 5643 1170 5698; x_wconf 79' lang='grc' dir='ltr'>Θεὸν</span> <span class='ocrx_word' id='word_1_839' title='bbox 1200 5646 1459 5717; x_wconf 86' lang='grc' dir='ltr'>ἀγάπης,</span> <span class='ocrx_word' id='word_1_840' title='bbox 1493 5645 1630 5715; x_wconf 69' lang='grc' dir='ltr'>φησι</span> <span class='ocrx_word' id='word_1_841' title='bbox 1657 5685 1674 5711; x_wconf 89' lang='grc'><strong>,</strong></span> <span class='ocrx_word' id='word_1_842' title='bbox 1743 5645 1861 5709; x_wconf 85' lang='grc' dir='ltr'><strong>πῶς</strong></span> <span class='ocrx_word' id='word_1_843' title='bbox 1935 5645 2004 5700; x_wconf 84' lang='grc' dir='ltr'>ἂν</span> <span class='ocrx_word' id='word_1_844' title='bbox 2045 5645 2336 5716; x_wconf 84' lang='grc' dir='ltr'>ἀφίκοισθε</span> <span class='ocrx_word' id='word_1_845' title='bbox 2378 5645 2513 5717; x_wconf 85' lang='grc' dir='ltr'>πρός</span> <span class='ocrx_word' id='word_1_846' title='bbox 2572 5661 2676 5716; x_wconf 88' lang='grc' dir='ltr'><strong>με,</strong></span> <span class='ocrx_word' id='word_1_847' title='bbox 2709 5642 2804 5699; x_wconf 77' lang='grc' dir='ltr'><strong>τὸν</strong></span> <span class='ocrx_word' id='word_1_848' title='bbox 2857 5644 2921 5696; x_wconf 81' lang='grc' dir='ltr'>ὲκ</span> <span class='ocrx_word' id='word_1_849' title='bbox 2973 5638 3110 5694; x_wconf 79' lang='grc' dir='ltr'>Θεοῦ</span> <span class='ocrx_word' id='word_1_850' title='bbox 3162 5635 3441 5710; x_wconf 80' lang='grc' dir='ltr'>πεφηνότα</span> <span class='ocrx_word' id='word_1_851' title='bbox 3491 5632 3632 5689; x_wconf 77' lang='grc' dir='ltr'>Θεὸν</span> 
     </span>
    </p>
   </div>
   <div class='ocr_carea' id='block_1_113' title="bbox 311 5735 633 5810">
    <p class='ocr_par' dir='ltr' id='par_1_113' title="bbox 311 5735 633 5810">
     <span class='ocr_line' id='line_1_113' title="bbox 311 5735 633 5810; baseline -0.006 -20"><span class='ocrx_word' id='word_1_852' title='bbox 311 5735 586 5810; x_wconf 80' lang='grc' dir='ltr'>μονογενῆ</span> <span class='ocrx_word' id='word_1_853' title='bbox 618 5753 633 5800; x_wconf 89' lang='grc'><strong>;</strong></span> 
     </span>
    </p>
   </div>
   <div class='ocr_carea' id='block_1_114' title="bbox 407 5911 947 5982">
    <p class='ocr_par' dir='ltr' id='par_1_114' title="bbox 407 5911 947 5982">
     <span class='ocr_line' id='line_1_114' title="bbox 407 5911 947 5982; baseline 0.007 -13"><span class='ocrx_word' id='word_1_854' title='bbox 407 5911 667 5971; x_wconf 69' lang='lat' dir='ltr'><strong>&quot;Matth.</strong></span> <span class='ocrx_word' id='word_1_855' title='bbox 711 5932 823 5982; x_wconf 73' lang='lat' dir='ltr'><strong>xxi,</strong></span> <span class='ocrx_word' id='word_1_856' title='bbox 859 5917 947 5973; x_wconf 79' lang='lat'><strong>58.</strong></span> 
     </span>
    </p>
   </div>
  </div>
