4052 6506
449 422 556 479 ιῖὖ

523 544 588 614 γ,
621 542 722 601 45.
775 539 889 613 Ego
939 536 1053 595 veni
1104 538 1159 590 in
1196 536 1408 591 nomine
1462 535 1648 591 Patris
1688 537 1812 599 mei,
1851 545 1901 590 et
1936 551 2036 589 non
2067 540 2118 600 Α

458 634 699 699 accipitis
724 646 806 687 ut:
830 647 842 658 ·
887 631 933 684 si
957 628 1101 683 alius
1154 628 1354 682 averterit
1384 627 1443 681 in
1477 629 1689 682 nomine
1720 644 1843 696 suo,
1881 628 2036 681 illum

458 726 755 795 accipietis.

529 819 612 874 Ne
632 812 897 871 Pharisaei
924 820 1186 884 putarent
1211 811 1404 867 inferri
1426 810 1534 866 sibi
1561 825 1591 865 a
1615 811 1777 882 262
1805 808 2038 865 Domino

467 907 721 965 convlcia
758 920 885 960 cum
909 904 1029 957 ait:
1081 922 1101 955 ι
1136 902 1257 957 Non
1284 902 1501 958 habetis
1536 902 1888 957 dilectionem
1942 898 2038 953 Dei

459 1002 514 1056 in
549 999 704 1055 vobis
730 1039 745 1063 ,
789 1016 810 1050 ι
860 998 912 1051 id
943 996 1092 1068 quod
1137 995 1348 1051 dictum
1377 1002 1462 1050 est
1508 1008 1700 1048 verum
1763 1006 1890 1047 esse
1943 990 2038 1046 dc-

457 1098 802 1154 monstrans,
837 1088 1029 1143 statim
1059 1087 1125 1141 ad
1163 1087 1451 1156 superiora
1498 1085 1647 1140 istud
1697 1097 1919 1153 quoque
1950 1098 2039 1138 re-

460 1184 586 1238 fert.
633 1182 791 1249 Quod
823 1181 995 1244 enim,
1060 1179 1260 1248 inquit,
1299 1192 1409 1232 non
1460 1177 1721 1242 mentiar,
1779 1175 1909 1230 dum
1940 1189 2038 1229 vos

458 1275 555 1331 Dei
587 1273 883 1328 dilectione
925 1284 1118 1325 carere
1148 1269 1300 1333 dico,
1356 1268 1523 1322 unica
1560 1283 1618 1322 re
1660 1267 1818 1321 vobis
1855 1266 2041 1321 decla-

459 1368 619 1421 rabo.
653 1365 764 1437 Ego
789 1365 1058 1435 siquidem
1083 1362 1251 1417 «Veni
1270 1362 1324 1414 in
1351 1361 1576 1414 nomine
1591 1358 1771 1415 Patris
1792 1359 1900 1414 mei
1917 1360 1982 1413 ’δε
2011 1377 2030 1409 ι

460 1464 661 1513 cuncta
698 1456 843 1510 enim
884 1454 952 1508 ad
1013 1454 1243 1522 gloriam
1299 1449 1393 1504 Dei
1456 1450 1638 1503 Patris
1698 1448 1881 1505 facere
1937 1462 2036 1503 vos

461 1547 690 1601 hortor:
721 1559 820 1599 vos
850 1552 1032 1597 autem
1063 1539 1451 1596 incredulitate
1483 1546 1667 1594 vestra
1692 1539 1914 1594 ccelitus
1943 1554 2038 1592 ve-

460 1639 725 1699 nientem,
750 1646 803 1691 et
832 1650 899 1690 et
947 1634 1057 1688 Deo
1099 1632 1488 1703 procedentem
1526 1630 1840 1701 repellitis:
1887 1629 2038 1685 acci-

461 1729 625 1800 pietis
649 1743 798 1794 vero,
834 1734 894 1781 ut
933 1725 1075 1781 Deus
1103 1724 1248 1780 enim
1298 1723 1482 1779 futura
1531 1723 1682 1786 novi,
1730 1721 2038 1778 falsinomi-

461 1837 584 1877 nem
611 1821 787 1885 illum,
822 1819 915 1888 qui
959 1817 1068 1873 Deo
1097 1832 1163 1871 ac
1187 1815 1337 1870 Patri
1383 1815 1615 1886 gloriam
1650 1830 1760 1869 non
1814 1814 2036 1879 referet,

458 1921 514 1968 et
535 1927 565 1966 ιι
585 1912 746 1968 vobis
772 1910 931 1966 ﬁdem
955 1909 1157 1978 exiget,
1181 1907 1277 1963 sed
1302 1920 1425 1961 eam
1446 1921 1550 1962 suo
1571 1906 1783 1961 nomini
1810 1908 2036 1963 tribuet.
2076 1891 2115 1947 Β

460 2004 600 2059 llinc
649 2003 889 2058 arbitror
936 2002 1157 2056 beatum
1206 2012 1429 2068 quoque
1477 1996 1708 2053 Paulum
1743 2012 1872 2053 vere
1902 1997 2036 2052 illud

459 2097 529 2151 de
556 2094 761 2151 Judaeis
792 2101 848 2147 et
888 2091 1196 2162 iniquitatis
1255 2090 1366 2144 lilio
1406 2089 1633 2144 dicere:
1673 2107 1693 2142 ι
1758 2087 1837 2143 Εο
1893 2088 2039 2157 quod

460 2186 783 2240 cbaritatem
816 2183 1063 2238 veritatis
1109 2195 1219 2235 non
1258 2187 1610 2250 receperunt,
1659 2186 1722 2234 ut
1762 2179 1899 2235 salvi
1945 2180 2040 2234 lie-

459 2286 607 2341 rent,
639 2276 764 2331 ideo
801 2276 977 2330 mittet
1039 2275 1151 2330 illis
1211 2271 1359 2329 Deus
1389 2273 1775 2343 operationem
1806 2273 2037 2335 erroris,

461 2378 524 2424 ut.
551 2368 774 2424 credant
802 2365 1113 2428 mendacio,
1136 2371 1196 2419 ut
1224 2364 1547 2434 iudicentur
1574 2377 1769 2419 omnes
1803 2363 1895 2433 qui
1928 2379 2039 2417 non

462 2461 814 2516 crediderunt
828 2456 1069 2521 veritati,
1083 2456 1180 2512 sed
1201 2462 1606 2512 consenserunt
1622 2453 1903 2524 iniquitati
1918 2455 1986 2508 ὀ.
2016 2473 2034 2506 ι

462 2549 602 2609 Hinc
636 2549 807 2624 igitur
836 2555 987 2623 patet
1012 2546 1323 2605 Pharisaeos
1355 2560 1385 2599 a
1415 2543 1702 2599 Salvatore
1738 2544 1896 2600 vanis
1925 2560 2042 2601 ser-

459 2644 718 2701 monibus
749 2642 895 2697 ictos
924 2655 1033 2695 non
1062 2639 1260 2702 fuisse,
1289 2648 1416 2692 cum
1446 2633 1653 2689 dictum
1678 2633 1811 2689 illud
1832 2634 1910 2690 rei
1939 2648 2042 2691 suo

459 2744 710 2804 tempore
741 2731 941 2787 futurae
973 2729 1262 2800 prophetia
1291 2726 1517 2783 inferat.

1421 415 1478 471 S.
1516 412 1791 471 CYRILLI
1844 410 2312 469 ALEXANDRINI
2357 412 2680 471 ARCIIIEP.

3632 421 3733 480 ιει

2227 533 2376 603 Ἐγὼ
2400 534 2672 600 ἐλήλυθα
2703 535 2772 588 ἐν
2800 533 2879 599 τῷ
2904 533 3149 603 ὀνόματι
3185 536 3291 590 τοῦ
3330 540 3560 607 Πατρός
3586 558 3731 610 μου,

2140 625 2239 679 καί
2268 626 2341 679 οὐ
2373 624 2710 695 λαμϐάνετέ
2726 642 2821 695 με·
2845 626 2956 679 ἐὰν
2990 628 3181 693 ἄλλος
3208 628 3359 698 ἔλθῃ
3394 629 3464 683 ἐν
3484 630 3567 696 τῷ
3593 633 3734 689 ὀνό-

2134 732 2277 785 ματι
2302 715 2383 781 τῷ
2412 716 2559 781 ἰδίῳ,
2593 715 2830 771 ἐκεῖνον
2861 718 3161 789 λήψεσθε.

2212 807 2332 860 Ἵνα
2370 807 2445 877 μὴ
2466 807 2670 862 δοκοῖεν
2706 810 2756 861 οἰ
2785 809 3072 879 Φαρισαῖοι
3107 809 3562 880 διαλοιδορεῑσθαι
3604 813 3738 883 μᾶλ·

2138 898 2230 952 λον
2260 899 2444 963 αὐτοῖς
2477 899 2570 952 τὸν
2611 899 2840 971 Κύρων,
2884 900 2974 955 διὰ
3002 899 3099 954 τοῦ
3128 901 3309 970 λέγειν
3334 916 3349 932 ο
3383 920 3401 953 ι
3436 902 3552 957 Οὐκ
3578 903 3737 974 ἔχετε

2137 988 2237 1060 τὴν
2260 988 2484 1061 ἀγάπην
2518 991 2577 1043 ὲν
2599 991 2814 1054 ἑαυτοῖς
2844 991 2939 1045 τοῦ
2958 990 3120 1045 Θεοῦ·
3175 1011 3195 1044 ι
3232 994 3471 1064 πρᾶγμα
3520 993 3736 1059 δεικνὺς

2138 1080 2337 1152 ἀληθὲς
2363 1081 2427 1134 τὸ
2461 1082 2751 1152 εἰρημένον
2775 1122 2792 1149 ,
2829 1082 3183 1154 περιτίθησιν
3227 1084 3390 1148 εὐθὺς
3428 1087 3545 1147 τοῖς
3588 1085 3737 1139 ἀνω-

2138 1172 2282 1243 τέρω
2324 1172 2625 1227 καὶτοῦτο.
2664 1172 2785 1226 Ὀτι
2834 1172 2980 1245 γὰρ,
3027 1174 3230 1243 φησὶν,
3269 1173 3330 1227 οὓ
3356 1173 3732 1245 διαψεύδομαι,

2137 1266 2239 1336 τῆς
2276 1265 2416 1335 πρὸς
2445 1265 2507 1318 τὺ
2549 1265 2711 1319 Θεῖον
2743 1266 2965 1336 ἀγάπης
2997 1268 3240 1337 ἐρήμους
3289 1266 3436 1336 ὑμᾶς
3468 1265 3737 1336 ὑπάρχειν

2139 1357 2330 1423 εἰπὼν,
2369 1357 2434 1410 δι’
2480 1357 2600 1421 ἐνὸς
2637 1359 2766 1429 ὑμῖν
2816 1359 3160 1430 παραστήσω
3206 1357 3553 1428 πράγματος.
3591 1355 3737 1426 Ἐγὼ

2142 1449 2243 1521 μὲν
2273 1448 2385 1520 γὰρ
2425 1444 2590 1520 ἦλθον
2638 1451 2697 1503 ὲν
2736 1447 2817 1518 τῷ
2856 1448 3083 1518 ὀνόματι
3127 1447 3222 1502 τοῦ
3266 1447 3490 1518 Πατρός
3532 1464 3658 1517 μου.
3711 1467 3730 1499 ι

2140 1541 2327 1597 Πάντα
2363 1538 2473 1611 γὰρ
2516 1542 2596 1604 εἰς
2633 1540 2792 1604 δόξαν
2823 1539 2916 1595 τοῦ
2946 1539 3082 1594 Θεοῦ
3122 1541 3218 1594 καὶ
3256 1538 3475 1611 Πατρὸς
3515 1539 3737 1606 ἐπείγε-

2140 1631 2267 1687 σθαι
2300 1632 2561 1703 πράττειν
2588 1633 2733 1703 ὑμᾶς
2761 1632 3043 1687 ἀναπείθω
3064 1650 3077 1664 ·
3109 1632 3246 1687 ἀλλά
3268 1635 3393 1696 ταῖς
3429 1632 3736 1701 ρτειθείαις

2139 1723 2540 1791 ἀπετινάξασθε
2577 1724 2678 1793 μὲν
2713 1725 2805 1778 τὸν
2856 1726 3064 1779 ἄνωθεν
3107 1726 3315 1795 ἥκοντα
3340 1767 3356 1791 ,
3410 1724 3506 1777 irai.
3547 1723 3735 1779 θεόθεν

2141 1815 2464 1889 ὁρμώμενον
2487 1831 2501 1845 ⁸
2538 1816 2775 1887 λήψεσθε
2814 1817 2872 1871 δὲ
2912 1816 3130 1879 πάντως
3169 1812 3307 1884 (οἶδα
3340 1816 3452 1887 γὰρ
3494 1815 3571 1880 ὡς
3601 1813 3737 1879 Θεὸς

2145 1908 2214 1962 τὰ
2243 1908 2502 1978 ἐσόμενα)
2559 1907 2651 1963 τὸν
2705 1907 3090 1980 ψευδώνυμον,
3132 1907 3195 1960 οὐ
3233 1907 3311 1978 τῷ
3344 1906 3466 1978 Θεῷ
3513 1908 3608 1961 καὶ
3656 1901 3737 1976 τῷ

2148 2002 2322 2073 Πατρί⁵
2363 2002 2460 2072 τὴν
2485 2000 2645 2068 δόξαν
2685 2001 3045 2067 ἀνατιθέντα,
3093 2001 3188 2055 καί
3241 1999 3345 2071 τὴν
3401 2001 3531 2071 παρ’
3577 1999 3739 2070 ὑμῶν

2147 2091 2483 2147 ἀπαιτοῦντα
2525 2093 2743 2159 πίστιν,
2789 2093 2906 2148 ἀλλ’
2954 2094 3182 2164 ὀνόματι
3212 2093 3290 2165 τῷ
3327 2092 3441 2162 ἰδίῳ
3469 2108 3738 2164 πραγμα-

2147 2183 2457 2253 τευόμενον.
2501 2182 2806 2251 Ἐντεῦθεν,
2837 2180 3020 2256 οἶμαι,
3051 2185 3229 2248 συνεὶς
3270 2184 3365 2237 καὶ
3395 2185 3422 2236 ό
3463 2184 3738 2254 μακάριος

2152 2276 2384 2343 Παῦλος,
2417 2276 2617 2348 ἀληθές
2657 2277 2711 2332 τί
2749 2295 2884 2350 φησι
2930 2277 3059 2350 περί
3090 2295 3152 2331 τε
3184 2276 3293 2331 τῶν
3334 2275 3602 2331 Ἰουδαίων
3642 2278 3743 2329 xa‘t

2146 2367 2244 2422 τοῦ
2274 2368 2375 2439 τῆς
2416 2368 2649 2441 ἀνομίας
2677 2370 2797 2424 υἰοῦ
2842 2387 2857 2401 ·
2895 2390 2915 2423 ι
2961 2370 3103 2424 Ἀνθ’
3133 2362 3208 2423 ὧν
3246 2369 3348 2440 τὴν
3380 2367 3603 2440 ἀγάπην
3636 2371 3742 2440 τῆς

2150 2460 2409 2532 ἀληθείας
2451 2465 2554 2518 οὐκ
2603 2463 2855 2531 ἐδέξαντο
2903 2464 2985 2528 εἰς
3025 2463 3089 2518 τὸ
3122 2462 3365 2535 σωθῆναι
3397 2464 3619 2527 αὐτοὺς,
3648 2461 3743 2515 διὰ

2148 2553 2307 2608 τοῦτο
2334 2555 2541 2627 πέμψει
2569 2557 2752 2620 αὐτοῖς
2777 2559 2807 2611 ὁ
2841 2557 2972 2620 Θεὸς
3005 2557 3289 2629 ἐνέργειαν
3332 2556 3541 2624 πλάνης
3569 2556 3654 2619 είς
3681 2555 3745 2608 τὸ

2149 2641 2443 2697 πιστεῦσαι
2477 2644 2678 2706 αὐτοὺς
2714 2644 2794 2715 τῷ
2826 2643 3037 2714 ψεύδει,
3068 2644 3157 2699 ἴνα
3195 2642 3457 2715 κριθῶσιν
3497 2644 3745 2707 ἅπαντες

2098 2712 2113 2727 ’
2147 2733 2196 2785 οἰ
2224 2730 2302 2805 μὴ
2347 2735 2740 2798 πιστεύσαντες
2878 2732 3134 2805 ἀληθείᾳ,
3183 2712 3297 2786 ἀλλ’
3344 2733 3743 2805 εὐδοκήσαντες

459 2828 527 2898 τῇ
560 2825 762 2897 ἀδικίᾳ.
790 2845 808 2878 ι
847 2821 1149 2887 Ἀπόδειξις
1176 2822 1357 2877 τοίνυν
1379 2819 1472 2874 τοῦ
1506 2817 1583 2890 μὴ
1606 2816 1784 2885 λόγοις
1811 2816 2039 2884 εἰκαίοις
2074 2820 2374 2897 βιόλῆσθαι
2400 2829 2528 2892 τοὺς
2544 2827 2873 2900 Φαρισαίους
2898 2827 3053 2901 παρὰ
3089 2827 3187 2882 τοῦ
3260 2829 3514 2900 Σωτῆρος
3580 2829 3746 2900 ἡμῶν

458 2923 521 2977 τὸ
547 2922 836 2995 εἰρημένον
867 2918 1007 2984 ἐστὶ,
1040 2919 1366 2991 πράγματος
1398 2915 1658 2986 ἐσομένου
1691 2913 1811 2968 κατ’
1843 2916 2043 2970 οἰκεῖον
2083 2919 2275 2994 καιρὸν
2304 2923 2643 2996 προφητείαν
2671 2924 2947 2994 εἰσφέρον.

535 3013 600 3078 ν,
623 3014 713 3068 44.
746 3010 1023 3081 Quomodo
1057 3028 1146 3066 vos
1180 3012 1401 3079 potestis
1444 3009 1673 3074 credere,
1697 3011 1789 3079 qui
1816 3010 2045 3079 gloriam

461 3109 527 3163 ab
564 3109 784 3161 invicem
809 3107 1090 3173 accipitis:
1125 3114 1173 3158 et
1202 3104 1569 3175 gloriamque
1602 3119 1637 3156 a
1666 3105 1779 3157 solo
1833 3101 1944 3157 Deo
1967 3112 2045 3159 est

462 3214 567 3251 non
598 3196 837 3266 queritis
860 3197 886 3251 ?

534 3287 851 3343 Pbarisaeos
872 3285 1061 3356 gloriae
1082 3282 1790 3363 humanaedominandique
1816 3284 2049 3355 cupidos

462 3378 670 3449 arguit,
704 3378 946 3433 obscure
984 3376 1335 3433 subinnuens
1372 3375 1524 3445 ipsos
1575 3376 1718 3431 male
1751 3375 2048 3433 admodum

463 3486 649 3541 agere,
669 3470 764 3540 qui
789 3468 955 3523 animi
992 3467 1079 3523 sui
1121 3465 1349 3522 morbos
1391 3465 1503 3521 Deo
1537 3473 1747 3522 temere
1780 3467 2048 3539 attingunt

464 3566 650 3618 omnis
699 3560 866 3632 plano
923 3558 1100 3613 morbi
1157 3558 1368 3614 nescio.
1427 3555 1635 3615 Deinde
1675 3574 1743 3614 ex
1789 3575 1856 3616 eo
1900 3561 2047 3631 quod

466 3656 654 3711 inanis
677 3654 865 3733 gloriae
922 3651 1213 3723 cupiditati
1267 3651 1549 3707 mordicus
1614 3652 1915 3720 inlmrent,
1970 3656 2047 3711 rei

467 3748 926 3820 praeclarissimas,
969 3745 1095 3800 lidei
1128 3743 1390 3799 nimirum
1425 3745 1483 3799 in
1537 3743 1717 3814 ipsum
1764 3746 2047 3815 iacturam

466 3840 592 3896 illos
630 3838 813 3893 facere
844 3834 1107 3891 ostendit.
1135 3832 1294 3900 Quod
1322 3841 1477 3889 certe
1508 3833 1716 3891 Paulus
1744 3837 1915 3891 etiam
1948 3850 2050 3891 uo-

467 3930 554 3986 bis
581 3931 731 3986 clare
767 3928 982 3984 dixisse
1008 3927 1262 3983 videtur:
1313 3945 1332 3977 ι
1371 3925 1429 3980 Si
1488 3926 1638 3982 enim
1695 3927 1911 3989 adhuc,
1964 3929 2049 3980 in-

468 4023 610 4094 quit,
682 4020 1000 4077 hominibus
1056 4019 1355 4090 placerem,
1426 4018 1638 4075 Christi
1692 4034 1889 4075 servus
1939 4034 2047 4072 non

465 4115 739 4171 essent".
802 4130 821 4165 ι
883 4111 1076 4167 Solent
1112 4112 1281 4182 igitur
1331 4111 1427 4181 qui
1483 4111 1758 4165 humanos
1811 4110 2048 4166 honores

464 4212 758 4268 venantur,
785 4216 1028 4274 superna
1075 4202 1252 4272 gloria
1283 4208 1338 4256 et
1389 4202 1485 4255 illa
1534 4215 1659 4271 qua:
1694 4216 1725 4254 a
1761 4198 1874 4255 Deo
1931 4202 2048 4258 solo

465 4296 861 4368 proﬁciscitur,
894 4302 955 4348 ut
979 4294 1059 4347 ait
1090 4292 1367 4356 Salvator,
1417 4293 1732 4347 necessario
1777 4292 2049 4363 quodam-

466 4387 632 4452 modo
659 4387 939 4442 excidere.
973 4384 1075 4439 Hic
1101 4385 1282 4439 solum
1309 4382 1479 4438 Deum
1518 4397 1716 4438 rursus
1743 4383 1839 4449 ait,
1868 4383 2046 4454 ipsum

456 4481 574 4534 diis
594 4477 836 4548 gentium
867 4489 1220 4545 comparans.
1243 4485 1346 4526 nec
1371 4471 1439 4525 ab
1460 4472 1608 4528 illius
1636 4470 1803 4528 unius
1832 4473 2046 4529 honore

2225 3016 2360 3085 Πῶς
2387 3018 2657 3076 δύνασθε
2687 3020 3021 3086 πιστεύειν,
3062 3018 3253 3085 δόξαν
3276 3019 3416 3088 παρ’
3449 3017 3749 3087 ἀλλήλων

2153 3109 2582 3179 λαμϐάνοντες,
2608 3111 2732 3179 »τὴν
2756 3109 2826 3164 δὲ
2846 3109 3040 3176 δόξαν
3059 3112 3176 3180 τὴν
3212 3109 3374 3180 παρὰ
3410 3109 3518 3164 τοῦ
3542 3111 3744 3178 μόνου

2157 3201 2308 3255 Θεοῦ
2339 3202 2413 3255 οὐ
2443 3200 2664 3269 ζητεῖτε
2688 3218 2708 3264 ;

2221 3293 2629 3366 Φιλαρχοῦντας
2675 3295 2811 3365 ἠδη,
2845 3296 2943 3349 καὶ
2978 3296 3077 3360 τὰς
3120 3294 3181 3361 ἐξ
3220 3292 3526 3366 ἀνθρώπων
3576 3292 3748 3362 τιμὰς

2151 3384 2507 3455 ποιουμένους
2557 3385 2687 3454 περὶ
2719 3384 2918 3438 πολλοῦ
2972 3385 3103 3448 τοὺς
3144 3384 3474 3455 Φαρισαίους
3501 3382 3744 3454 ἐλέγχει,

2150 3477 2456 3549 λεληθότως
2511 3478 2988 3551 ὑπαινιττόμενος.
3045 3481 3238 3551 ὅτιπερ
3272 3480 3479 3551 σφόδρα
3526 3478 3750 3535 ποιοῦσι.

2151 3573 2360 3637 κακῶς,
2392 3572 2461 3626 τὰ
2480 3574 2764 3644 νοσήματα
2782 3574 2881 3642 τῆς
2916 3573 3125 3637 οἰκείας
3147 3572 3327 3643 ψυχῆς
3359 3572 3750 3642 περιτιθέντες

2150 3661 2395 3726 ἀδούλως
2423 3662 2504 3733 τῷ
2527 3662 2680 3718 κατά
2720 3664 2924 3736 μηδένα
2953 3664 3159 3735 τρόπον
3198 3667 3376 3718 νοσεῖν
3403 3664 3571 3718 εἰδότι
3598 3663 3744 3733 Θεῷ.

2151 3750 2290 3808 Εἶτα
2316 3754 2416 3824 τῆς
2450 3753 2756 3823 φιλοδοξίας
2789 3753 2965 3826 ἀπρὶξ
2992 3756 3307 3826 ἐχομένους,
3351 3754 3418 3808 δι’
3459 3754 3634 3825 αὐτὴν
3672 3755 3751 3807 τὰ

2151 3843 2411 3897 κάλλιστα
2436 3843 2767 3914 ζημιοῦσθαι
2795 3860 2952 3914 φησι,
2990 3845 3091 3915 τὴν
3117 3843 3303 3897 πίστιν
3328 3844 3395 3915 δὴ
3433 3842 3611 3911 λέγων
3640 3844 3751 3914 τὴν

2150 3936 2230 3998 είς
2275 3936 2458 3991 αὐτόν.
2524 3936 2707 4008 Ὅπερ
2766 3937 2832 4007 δὴ
2881 3937 2979 3991 καὶ
3020 3938 3049 3989 ὁ
3103 3936 3316 3998 Παῦλος
3367 3938 3499 4007 ἡμῖν
3547 3938 3752 4007 ὁρᾶται

2150 4024 2319 4081 εἰπὼν
2346 4026 2535 4097 σαφῶς
2556 4043 2569 4055 ·
2607 4046 2626 4079 ι
2664 4029 2730 4081 Εἰ
2769 4028 2880 4100 γὰρ
2910 4028 3011 4091 ἔτι,
3044 4026 3232 4097 φησὶν,
3263 4025 3579 4098 ἀνθρώποις
3613 4028 3750 4099 ἦρε-

2151 4135 2304 4183 σκον,
2335 4119 2575 4190 Χριστοῦ
2604 4118 2793 4183 δοῦλος
2821 4120 2923 4173 οὐκ
2951 4118 3017 4175 ἂν
3044 4120 3219 4191 ἥμην.
3255 4137 3275 4170 ι
3307 4118 3530 4187 Πὲφυκε
3561 4119 3750 4172 τοίνυν

2149 4208 2341 4280 ὥσπερ
2369 4210 2427 4276 ἐξ
2453 4210 2703 4280 ἀνάγκης
2727 4209 3052 4281 συμϐαίνειν
3082 4212 3193 4273 τοῖς
3215 4209 3317 4273 τὰς
3346 4208 3407 4274 ἐξ
3434 4209 3749 4281 ἀνθρώπων

2150 4301 2491 4373 θηρωμένοις
2517 4302 2706 4373 τιμὰς,
2738 4303 2802 4357 τὸ
2836 4303 2937 4373 τῆς
2961 4302 3167 4358 ἄνωθεν
3203 4302 3534 4357 ἀποπίπτειν
3557 4302 3746 4372 δόξης,

2150 4394 2246 4447 καὶ
2276 4394 2434 4466 παρὰ
2479 4393 2618 4449 Θεοῦ
2657 4393 2752 4448 τοῦ
2796 4395 2959 4466 μόνου
2983 4434 2998 4458 ,
3058 4393 3208 4449 καθά
3258 4411 3426 4465 φησιν
3456 4396 3487 4447 ό
3525 4393 3745 4465 Σωτήρ.

2148 4486 2325 4541 Μόνον
2345 4487 2404 4539 δὲ
2417 4482 2588 4542 πάλιν
2629 4487 2764 4557 φησί
2797 4488 2890 4541 τὸν
2922 4486 3082 4550 Θεὸν,
3115 4489 3228 4551 τοῖς
3251 4486 3364 4540 τῶν
3395 4484 3567 4541 ἐθνῶν
3596 4485 3751 4538 ἀντι-

467 4571 706 4638 seipsum
732 4567 1055 4622 excludens.
1085 4561 1305 4616 Sanctae
1330 4575 1574 4630 namque
1603 4568 1659 4616 et
1684 4563 2046 4620 consubstan-

2153 4578 2518 4642 διαστέλλων,
2569 4580 2665 4633 καὶ
2712 4580 2814 4633 οὐκ
2880 4579 2987 4647 ἔξω
3024 4578 3196 4643 τιθεὶς
3253 4577 3446 4632 ἑαυτὸν
3490 4575 3597 4644 τῆς
3648 4576 3747 4629 τοῦ

468 4661 617 4715 tialis
677 4657 968 4714 Trinitatis
1026 4653 1349 4725 plenitudo,
1409 4653 2044 4725 quemadmodum,jarn

2156 4671 2320 4741 μόνου
2346 4689 2397 4724 τι
2406 4670 2529 4741 μῆς.
2577 4668 2886 4724 ’Δναϐαίνει
2910 4670 3040 4741 γὰρ,
3076 4668 3330 4740 καθάπερ
3353 4667 3453 4739 ἢδη
3482 4666 3750 4729 πολλάκις

452 4769 612 4823 sazpe
628 4752 894 4820 diximus,
917 4751 975 4805 in
1006 4761 1171 4804 unam
1205 4744 1426 4801 deitatis
1450 4755 1708 4800 naturam
1737 4755 1791 4803 et
1816 4746 2044 4817 gloriam

468 4846 750 4901 coalescit.

537 4937 698 5009 263
733 4935 799 5002 V,
839 4935 931 4990 45.
970 4932 1154 4988 Nolite
1191 4939 1380 5002 putare
1413 4932 1541 5002 quia
1580 4947 1670 5002 ego
1700 4938 2048 4985 accusaturus

467 5028 572 5083 sim
593 5042 681 5081 vos
709 5024 852 5095 apud
885 5024 1135 5079 Patrem:
1159 5032 1235 5080 est
1259 5024 1349 5095 qui
1370 5032 1588 5079 accusat
1613 5039 1702 5078 vos
1731 5020 1968 5090 Moyses,
1993 5022 2048 5076 in

466 5135 569 5190 quo
594 5134 682 5173 vos
715 5118 963 5187 speratis.
1239 5165 1255 5180 .

536 5210 835 5281 Postquam
904 5209 1045 5271 dixit
1099 5209 1412 5266 Pharisaeos
1465 5206 1819 5264 ambitiosam
1873 5206 2050 5276 magis

452 5317 633 5375 .quam
667 5303 815 5373 piam
858 5303 1029 5358 vitam
1070 5302 1274 5366 colere,
1318 5309 1484 5370 atque
1513 5298 1726 5353 idcirco
1768 5297 1824 5352 in
1873 5297 2050 5354 obsti-

466 5399 745 5453 nationem
801 5394 1185 5452 incredibilem
1236 5393 1535 5462 delapsos,
1587 5390 1754 5446 etiam
1800 5390 1872 5444 ab
1924 5390 2047 5460 ipso

423 5491 432 5498 ‘
468 5481 655 5555 Moyse
689 5482 841 5553 ipsos
870 5491 1194 5538 accusatum
1235 5479 1305 5534 iri
1347 5479 1506 5542 dicit,
1539 5491 1651 5549 quo
1685 5487 1868 5535 tamen
1902 5481 2047 5534 sole-

465 5573 597 5627 bant
646 5574 881 5629 miriﬁce
928 5572 1181 5644 gloriari.
1217 5567 1288 5624 Et
1319 5581 1489 5636 certe,
1521 5583 1667 5625 caeco
1695 5569 1791 5624 illo
1835 5584 1864 5623 a
1901 5570 2047 5625 nati-

471 5664 640 5720 vitate
690 5664 952 5721 dicente:
996 5683 1015 5717 ι
1053 5661 1332 5735 Numquid
1371 5671 1426 5717 et
1454 5677 1551 5717 vos
1592 5661 1761 5718 vultis
1787 5661 2049 5733 discipuli

2153 4763 2576 4834 εἰρήκαμεν,εἰς
2598 4761 2726 4833 μίαν
2745 4762 3003 4833 θεότητος
3029 4761 3194 4833 φύσιν
3222 4777 3285 4815 τε
3313 4761 3406 4814 καὶ
3429 4758 3618 4825 δόξαν,
3646 4759 3748 4827 τῆς

2156 4851 2317 4918 ἁγίας
2338 4867 2397 4903 τε
2427 4850 2522 4903 καὶ
2554 4850 2842 4920 όμοουσίου
2876 4850 3106 4920 Τριάδος
3131 4851 3191 4903 τὸ
3215 4849 3516 4921 πλήρωμα.

2220 4939 2320 5008 Μὴ
2358 4939 2619 5004 δοκεῖτε,
2672 4940 2763 4994 ὅτι
2803 4940 2919 5011 ἐγὼ
2966 4940 3366 5010 κατηγορήσω
3392 4938 3564 5009 ὑμῶν
3594 4939 3750 5007 πρὸς

2152 5030 2259 5084 τὸν
2283 5028 2552 5099 Πατέραο
2592 5031 2766 5086 ἐστιν
2814 5034 2847 5085 ό
2899 5028 3248 5102 κατηγορῶν
3290 5027 3459 5100 ὑμῶν
3492 5027 3744 5098 Μωσῆς,

2149 5124 2235 5187 είς
2272 5122 2345 5177 ὃν
2370 5122 2542 5192 ὑμεῖς
2569 5122 2891 5191 ἠλπίκατε.

2225 5213 2524 5280 Φιλοδόεως
2559 5214 2794 5286 μᾶλλον,
2826 5216 2971 5285 ἥπερ
3008 5214 3247 5278 εὐσεϐῶς
3292 5213 3482 5285 διαζῇν
3527 5213 3746 5282 ἐπείγε-

2154 5301 2282 5356 σθαι
2338 5304 2465 5367 τοὺς
2499 5304 2828 5374 Φαρισαίους
2875 5304 3087 5369 εἰπὼν,
3141 5304 3234 5358 διά
3296 5320 3358 5357 τε
3403 5303 3564 5356 τοῦτο
3612 5302 3746 5374 πρὸς

2152 5394 2390 5466 ἄμετρον
2432 5394 2716 5448 ἀπείθειαν
2757 5395 3044 5450 ἀποκλῖναι
3085 5395 3326 5460 διδάξας,
3366 5394 3462 5449 καὶ
3488 5393 3550 5459 ἐξ
3576 5391 3742 5448 αὐτοῦ

2153 5502 2287 5556 φησι
2321 5485 2868 5557 κατηγορηθήσεσθαι
2903 5486 3171 5551 Μωσέως,
3201 5486 3288 5556 ἐφ’
3321 5480 3476 5556 ᾧπερ
3514 5480 3582 5556 ἦν
3622 5483 3743 5544 ἔθος

2154 5576 2337 5638 αὐτοῖς
2371 5575 2468 5628 καὶ
2503 5574 2624 5630 λίαν
2652 5576 2888 5640 εὐτόνως
2920 5575 3415 5648 ἀποσεμνύνεσθαι.
3458 5573 3571 5628 Καὶ
3611 5570 3744 5642 γοῦν

2155 5666 2406 5734 λέγοντός
2434 5683 2566 5722 ποτε
2618 5668 2714 5722 τοῦ
2753 5670 2818 5724 ὲκ
2871 5670 3097 5741 γενετῆς
3126 5668 3329 5741 τυφλοῦ
3368 5666 3506 5741 πρὸς
3543 5665 3742 5727 αὐτοὺς

530 5841 583 5870 ἰ
619 5835 780 5894 Joan.
818 5855 871 5909 ν,
901 5838 990 5894 45.
1066 5838 1111 5871 ³⁸
1153 5834 1418 5893 llTbess.
1452 5852 1510 5905 ιι,
1551 5834 1640 5903 l0,
1673 5834 1761 5890 ll.
1841 5832 1889 5864 “
1928 5828 2143 5888 Galam
2176 5876 2187 5901 ,
2226 5835 2313 5888 to.
