4052 6498
275 451 383 510 425

1342 443 1411 500 ΙΝ
1450 442 1759 501 JOANNIS-
1783 445 2234 505 EVANGELIUM
2276 447 2402 503 LIB.
2437 446 2525 503 111.

3472 444 3576 501 ﬂii

272 572 407 646 περὶ
426 570 668 644 Χριστοῦ
696 588 708 601 ·
745 590 764 624 t
792 570 887 642 Μὴ
910 570 1005 624 καὶ¹
1035 569 1192 640 ὑμεῖς
1224 566 1410 620 θέλετε
1446 568 1691 639 μαθηταὶ
1710 568 1869 622 αὐτοῦ

1978 570 2101 639 ejus
2135 568 2295 625 ﬁeri?
2334 587 2354 620 ι
2385 569 2574 624 statim
2601 564 2943 623 occlamant:
2988 586 3007 618 ι
3052 564 3136 621 Tu
3163 563 3478 634 discipulus
3506 562 3576 616 il-

270 662 573 733 γενέσθαις
614 682 635 716 ι
686 660 990 733 διαρρήδην
1018 657 1196 721 ἐὐθὺς
1235 657 1682 729 ἀνακεκραγότες
1719 657 1875 728 φασί·

276 776 296 811 ι
337 759 413 811 Σὺ
447 755 700 829 μαθητὴς
759 751 810 811 ei
863 754 1111 817 ἐκείνου,
1163 753 1331 823 ἡμεῖς
1381 751 1443 805 δὲ
1490 751 1588 805 τοῦ
1632 751 1882 815 Μωσέως

267 850 444 921 ἐσμὲν
472 846 739 921 μαθηταί.
775 867 796 901 t
838 846 1231 918 Κατηγορήσει
1276 843 1463 899 τοίνυν
1483 882 1499 907 ,
1555 844 1693 914 φησι
1713 882 1730 907 ,
1784 842 1881 897 καὶ

266 941 438 1006 αὐτὸς
465 940 625 1012 ὑμῶν
665 942 695 994 ὁ
740 938 971 1011 Μωσῆς,
1002 938 1090 1008 ἐφ’
1123 929 1170 1007 ᾧ
1200 938 1388 992 πᾶσαν
1424 934 1615 990 εθεσθε
1652 935 1753 1006 τήν
1790 934 1879 989 ἑλέ

266 1032 435 1097 πεδα,
473 1033 573 1087 καὶ
619 1032 722 1103 τῆς
770 1030 1005 1103 ἐνούσης
1052 1029 1186 1101 ὑμῖν
1226 1028 1492 1093 ἀπονοίας
1539 1027 1879 1099 καταϐοήσει

266 1126 428 1197 παρὰ
469 1123 615 1196 Θεῷ,
645 1124 787 1196 μετά
818 1122 933 1177 τῶν
970 1121 1151 1180 ἀλλων
1190 1119 1733 1201 καταφρονούμενος.
1766 1119 1880 1174 Καὶ

263 1219 325 1273 οὐ
359 1218 429 1289 δή
459 1234 566 1272 που
594 1215 892 1288 νομιοῦμεν
915 1214 1288 1287 ἀνεγκλήτους
1311 1209 1450 1269 εἶναι
1471 1211 1625 1284 παρά
1652 1210 1881 1284 Χριστῷ

263 1312 396 1371 τοὺς
428 1309 798 1372 ἀπειθοῦντας
828 1309 983 1381 αὐτῷ
1010 1348 1026 1373 ,
1074 1306 1165 1363 διὰ
1219 1307 1283 1362 τὸ
1339 1307 1508 1376 φάναι
1555 1304 1696 1378 πρὸς
1741 1305 1877 1359 ’1ου-

265 1402 458 1467 δαίους
482 1420 498 1436 ·
540 1421 559 1455 ι
594 1402 688 1473 Μή
740 1402 949 1457 δοκεῖτε
1001 1401 1086 1456 ὅτι
1141 1399 1257 1471 ἐγὼ
1303 1397 1675 1471 κατηγορήσω
1721 1398 1881 1469 ὑμῶν

265 1499 410 1567 πρὸς
433 1497 529 1552 τὸν
570 1496 818 1569 Πατέρα.
862 1514 881 1548 t
930 1493 1001 1549 Τί
1047 1492 1160 1565 γὰρ
1199 1492 1267 1565 δὴ
1305 1491 1402 1546 καὶ
1448 1489 1720 1564 ἐροῦμεν,
1747 1490 1878 1543 ὅταν

264 1591 563 1661 ἀκούωμεν
592 1589 850 1659 λέγοντος
893 1606 910 1622 θ
948 1606 968 1640 ι
1000 1587 1119 1651 Πᾶς
1146 1582 1242 1641 οὖν
1272 1585 1424 1650 ὅστις
1450 1583 1779 1667 ὁμολογήσει
1816 1583 1877 1635 έν

264 1685 393 1757 ἐμοὶ
432 1681 753 1756 ἔμπροσθεν
797 1680 909 1736 τῶν
957 1678 1300 1753 ἀνθρώπων,
1343 1676 1669 1750 ὁμολογήσω
1714 1674 1877 1745 κάγὼ

263 1780 324 1832 ὲν
348 1774 504 1847 αὐτῷ
532 1773 848 1847 ἔμπροσθεν
871 1772 967 1828 τοῦ
999 1771 1214 1845 Πατρός
1241 1788 1345 1844 μου
1370 1768 1468 1825 τοῦ
1499 1772 1560 1824 ὲν
1582 1770 1834 1843 οὐρανοῖς
1855 1782 1871 1800 ο

264 1870 419 1933 ὅστις
437 1868 484 1922 δ’
513 1866 583 1922 ἀν
616 1865 922 1940 ἀρνήσηταί
954 1883 1024 1937 με
1052 1863 1369 1937 ἔμπροσθεν
1397 1862 1508 1918 τῶν
1539 1861 1870 1934 ἀνθρώπων,

268 1961 586 2033 ἀρνήσομαι
630 1956 790 2028 κάγὼ
835 1957 1001 2013 αὑτὸν
1048 1955 1364 2030 ἔμπροσθεν
1390 1953 1488 2009 τοῦ
1519 1954 1737 2025 Πατρός
1767 1970 1872 2027 μου
1905 1977 1947 2034 Β

273 2050 358 2105 τοῦ
406 2052 467 2104 ὲν
501 2050 796 2125 οὐρανοῖςς
838 2067 858 2101 ι
906 2045 1039 2121 'Ap’
1069 2048 1173 2103 οὐκ
1217 2047 1460 2117 εὐλόγως
1495 2047 1875 2120 ὑπονοήσομεν

266 2140 830 2214 κατηγορηθήσεσθαί
855 2158 988 2196 ποτε
1017 2141 1176 2214 παρά
1200 2141 1280 2213 τῷ
1310 2140 1432 2212 Θεῷ
1451 2141 1549 2195 καὶ⁵
1581 2141 1758 2213 Πατρὶ
1785 2141 1876 2196 διὰ

262 2239 363 2312 τῆς
397 2240 728 2311 ἀρνήσεως,
776 2236 906 2300 τοὺς
951 2232 1150 2308 οἷσπερ
1185 2236 1253 2291 ἂν
1287 2233 1450 2289 τοῦτο
1479 2233 1758 2309 συμϐαίνῃ
1785 2233 1877 2289 διὰ

259 2329 551 2403 Χριστοῦς
619 2328 799 2382 ’Δλλκ
824 2328 1098 2401 ὑπάρχειν
1157 2323 1315 2400 οἶμαι
1365 2326 1527 2382 τοῦτο
1588 2326 1751 2382 παντί
1795 2344 1875 2399 τῳ

260 2423 462 2495 σαφές.
534 2421 748 2478 Οὐκοῦν
802 2423 905 2477 οὐκ
959 2422 1237 2496 ἐλεύθεροι
1292 2422 1389 2477 τοῦ
1442 2421 1874 2494 κατηγορεῖσθαι

258 2515 666 2581 πάντως,εἰσὶν
704 2514 971 2581 Ἰουδαῖοι,
1010 2514 1104 2570 διά
1138 2516 1359 2589 μακρᾶς
1391 2514 1680 2579 ἀπειθείας
1710 2515 1877 2588 ἀρνη-

255 2610 496 2679 σάμενοι
521 2608 616 2664 τὸν
652 2608 915 2680 Χριστὸν,
949 2607 1066 2662 ἀλλ’
1101 2608 1453 2678 εὐφυέστατα
1475 2606 1644 2664 πάλιν
1672 2609 1701 2662 ὁ
1731 2608 1875 2681 πρὸς

251 2701 465 2766 αὐτοὺς
492 2700 606 2773 ἔχει
639 2699 823 2771 λόγος.
858 2699 1080 2774 Ἐπειδὴ
1109 2700 1221 2773 γὰρ
1253 2700 1355 2767 τὰς
1387 2702 1521 2773 παρ’
1550 2699 1720 2755 αὐτοῦ
1746 2717 1873 2754 νου-

255 2792 456 2856 θεσίας
492 2791 904 2863 ἀποσειόμενοι,
932 2790 1031 2846 καὶ
1063 2791 1124 2863 ὲν
1153 2791 1234 2863 τῷ
1283 2789 1477 2864 μηδενὶ
1502 2782 1872 2845 κατατάττόν-

248 2901 351 2948 τες
393 2881 545 2955 λόγῳ
589 2881 694 2954 τὴν
750 2882 902 2937 θείαν
954 2899 1014 2936 τε
1075 2882 1171 2936 καὶ
1214 2882 1469 2954 οὐράνιον
1521 2880 1873 2936 διδασκαλίαν

252 2973 455 3044 αὐτοῦ,
484 2973 581 3029 ἐπὶ
607 2973 672 3029 τὸ
694 2973 895 3046 χρῆναι
926 2973 1220 3044 φυλάττειν
1244 2974 1332 3029 ἀεὶ
1351 2972 1423 3027 τὰ
1444 2972 1695 3036 Μωσέως
1720 2973 1872 3045 βαδί-

251 3069 447 3134 ζουσιν
469 3109 486 3134 ,
537 3066 616 3131 ὡς
652 3066 748 3122 καὶ
797 3066 1135 3141 γυμνότερον
1181 3066 1282 3137 ήδη
1314 3064 1560 3136 βοῶντας
1592 3065 1830 3137 δρᾶσθαι
1853 3081 1869 3098 ο

255 3182 275 3214 ι
326 3161 527 3233 Ἡμεῖς
586 3160 840 3233 οἴδαμεν,
906 3160 990 3214 ὅτι
1043 3160 1235 3213 Μωσεί
1298 3156 1601 3229 λελάληκεν
1638 3159 1669 3211 ὁ
1710 3155 1869 3222 Θεὸς,

247 3253 454 3309 τοῦτον
488 3254 550 3308 δὲ
583 3254 686 3308 οὐκ
718 3251 944 3324 οἴδαμεν
975 3251 1140 3306 πόθεν
1181 3250 1331 3306 ἐστίν
1355 3268 1369 3282 ο
1413 3269 1432 3305 ι
1459 3249 1779 3319 ἀναγκαίως
1801 3250 1869 3324 δὴ

1983 665 2095 720 lius
2130 663 2249 731 sis;
2303 677 2407 720 nos
2454 671 2639 719 autem
2673 658 2847 735 Moysi
2900 661 3163 734 discipuli
3216 672 3413 720 sumus
3443 660 3509 714 ν’.
3550 679 3573 713 ι

1982 755 2284 812 Accusabit
2335 754 2525 827 igitur,
2564 755 2774 826 inquit,
2817 755 2989 811 etiam
3029 768 3131 810 vos
3182 756 3303 826 ipse
3334 754 3574 825 lieyscs.

1984 844 2040 898 in
2074 858 2185 916 quo
2212 859 2366 915 spem
2396 853 2638 902 vestram
2672 858 2892 902 omnem
2930 845 3220 916 posuistis,
3245 852 3302 900 et
3324 855 3577 901 vestrum

1983 936 2225 993 furorem
2265 937 2564 1008 rcdarguet
2614 937 2759 1008 apud
2815 936 2991 993 Deum
3025 976 3040 1002 ,
3095 951 3208 992 una
3262 950 3394 991 cum
3448 934 3578 991 aliis

1981 1038 2360 1100 contemptus.
2393 1028 2586 1100 Neque
2612 1045 2747 1087 vero
2768 1029 3090 1100 putabimus
3109 1029 3432 1100 inculpatos
3450 1042 3587 1084 esse

1981 1121 2127 1193 apud
2163 1122 2448 1179 Christum
2497 1122 2755 1182 inﬁdeles
2802 1123 2952 1188 illos,
2979 1136 3049 1178 ex
3079 1135 3148 1178 eo
3176 1121 3325 1192 quod
3358 1119 3434 1176 ad
3475 1116 3581 1175 Ju-

1980 1216 2130 1272 daaos
2163 1216 2336 1273 dixit:
2377 1236 2397 1270 ι
2447 1216 2632 1274 Nolite
2660 1224 2860 1288 putare
2885 1216 3034 1288 quod
3068 1223 3441 1272 accusaturus
3470 1216 3580 1272 sim

1980 1323 2081 1365 vos
2119 1309 2264 1381 apud
2288 1306 2533 1366 Patrem.
2575 1328 2594 1362 ι
2626 1308 2774 1376 Quid
2828 1309 2977 1366 enim
3016 1308 3453 1365 dicemus‘cuIn'
3478 1324 3583 1364 au-

1979 1402 2204 1458 diamus
2233 1401 2514 1458 dicentem
2541 1418 2555 1457 :
2594 1421 2616 1455 ι
2655 1403 2854 1458 Omnis
2886 1418 3022 1475 ergo
3046 1403 3371 1475 quicunque
3395 1403 3577 1459 conﬂ-

1979 1496 2188 1551 tebitur
2216 1511 2303 1553 me
2322 1511 2514 1552 coram
2536 1497 2884 1565 hominibus,
2908 1496 3219 1554 conﬁtebor
3231 1507 3293 1553 et
3311 1512 3420 1569 ego
3445 1512 3577 1555 eum

1977 1600 2167 1643 coram
2199 1585 2369 1645 Patre
2394 1603 2518 1644 meo
2545 1589 2644 1660 qui
2672 1590 2731 1644 in
2762 1589 2924 1645 cmlis
2953 1596 3074 1658 est;
3112 1589 3210 1659 qui
3262 1600 3450 1646 autem
3476 1598 3583 1645 nc-'

1976 1681 2193 1751 gaverit
2232 1695 2322 1735 me
2366 1693 2558 1736 coram
2589 1681 2933 1748 hominibus,
2966 1681 3182 1754 negabo
3214 1695 3575 1738 eum~coram

1978 1771 2143 1830 Patre
2179 1788 2328 1842 meo,
2369 1773 2468 1845 qui
2518 1774 2575 1829 in
2623 1774 2785 1830 ccelis
2824 1782 2912 1832 cst
2946 1775 3018 1830 “.
3064 1792 3084 1826 ι
3128 1773 3410 1846 Numquid
3443 1770 3581 1846 jure

1975 1864 2300 1936 putabimus
2351 1856 2681 1922 accusatum
2713 1865 2783 1922 iri
2817 1868 2967 1938 apud
3016 1865 3189 1924 Deum
3237 1881 3305 1923 ac
3351 1860 3575 1924 Patrem

1978 1968 2076 2028 per
2105 1958 2463 2029 negationem
2502 1973 2603 2015 eos
2629 1957 2727 2029 qui
2768 1971 2870 2029 per
2893 1956 3178 2014 Christum
3212 1958 3415 2031 negati
3449 1957 3573 2016 tue-

1978 2048 2093 2103 rint
2115 2046 2406 2115 ?Nemini,
2427 2058 2490 2106 ut
2529 2064 2678 2116 reor,
2707 2048 3013 2106 obscurum
3038 2048 3204 2106 ’istud
3228 2059 3335 2108 est.
3361 2051 3445 2108 Ab
3470 2051 3576 2107 hac

1977 2140 2145 2212 igitur
2168 2144 2528 2200 accusatione
2553 2142 2730 2200 Judaei
2752 2144 2943 2216 utique
2968 2158 3081 2200 non
3109 2153 3241 2202 sunt
3272 2144 3574 2212 immunes,

1975 2235 2073 2305 qui
2122 2234 2291 2309 longa
2332 2235 2732 2294 incredulitate
2772 2236 3064 2294 Christum
3104 2247 3424 2311 negarunt,
3473 2239 3575 2295 sed

1977 2326 2097 2381 haec
2125 2327 2308 2383 oratio
2339 2328 2481 2385 scite
2506 2327 2805 2386 admodum
2824 2332 2920 2388 'eis
2947 2332 3229 2389 convenit.
3274 2329 3411 2388 Nam
3445 2344 3573 2390 cum

1974 2418 2098 2489 eius
2131 2419 2363 2478 monitis
2414 2420 2723 2493 repudiatis
2754 2423 3059 2496 divinaque
3102 2433 3161 2482 et
3196 2426 3414 2483 cmlesti
3450 2426 3577 2498 eius

1974 2509 2231 2568 doctrina
2267 2526 2368 2584 pro
2395 2512 2577 2569 nihilo
2608 2514 2818 2580 habita,
2850 2515 2919 2571 ad
2946 2516 3299 2573 observanda
3328 2510 3576 2574 losaica

1977 2611 2251 2676 praecepta
2278 2620 2340 2662 se
2370 2614 2724 2675 convertant,
2766 2609 2842 2664 ita
2877 2616 2938 2664 ut
2970 2610 3167 2667 videre
3205 2610 3375 2667 liceat
3416 2611 3575 2683 ipsos

1974 2704 2166 2768 aperte
2192 2698 2534 2756 clamantes:
2577 2717 2597 2752 ι
2634 2699 2748 2757 Nos
2778 2702 2991 2760 scimus
3022 2701 3155 2774 quia
3197 2702 3375 2777 Moysi
3415 2705 3576 2761 iecu-

1976 2794 2067 2843 tus
2101 2794 2188 2843 est
2218 2784 2386 2853 Deus,
2414 2790 2562 2844 hunc
2595 2797 2781 2846 autem
2822 2792 3106 2850 nescimus
3140 2794 3294 2852 unde
3323 2796 3398 2852 sit
3414 2796 3517 2848 "'z
3548 2814 3569 2848 ι

1977 2878 2189 2935 idcirco
2229 2894 2380 2936 nunc
2414 2895 2514 2938 eos
2555 2883 2877 2939 necessario
2909 2885 3257 2943 demonstrat
3290 2888 3349 2943 in
3382 2887 3571 2959 ipsum

1974 2982 2197 3040 quoque
2242 2970 2467 3043 Moysen
2513 2986 2769 3044 peccare,
2796 2989 2911 3046 quo
2957 2990 3019 3033 se
3054 2974 3302 3035 miriﬁce
3325 2978 3569 3051 jactaut,
3656 2964 3659 2967 ’

1973 3078 2077 3119 nec
2110 3064 2227 3120 ullo
2267 3074 2598 3123 accusatore
2626 3068 2740 3124 alio
2782 3083 2923 3142 opus
2953 3071 3074 3127 fore
3103 3071 3202 3141 ait,
3235 3074 3575 3146 unicumque

1972 3158 2179 3231 Moysis
2247 3160 2430 3232 legem
2488 3161 2848 3219 suffecturam
2917 3165 3135 3224 ad'eos
3199 3167 3334 3239 jure
3397 3178 3571 3228 accu-

1973 3251 2201 3317 sandos,
2250 3254 2473 3310 etiamsi
2515 3254 2744 3326 iudicis,
2782 3255 2888 3313 hoc
2927 3266 3014 3314 est
3063 3259 3298 3330 Christi,
3323 3277 3430 3321 vos
3490 3266 3571 3323 si-

248 3346 472 3418 σφὸδρα
512 3345 611 3398 καὶ
642 3346 724 3408 είς
767 3344 934 3399 αὐτὸν
966 3342 1430 3417 πλημμελοῦντας
1482 3344 1698 3416 ἐλέγχει
1723 3382 1739 3407 ,
1772 3342 1867 3398 τὸν
1893 3331 1938 3393 C
1974 3346 2101 3400 lcat.

245 3441 340 3511 ἐφ’
385 3434 434 3510 ᾧ
467 3440 857 3512 μεγαλαυχῶσι
904 3440 1148 3507 Μωσέα,
1193 3442 1290 3495 καὶ
1333 3439 1703 3514 δεηθήσεσθαι
1754 3444 1856 3516 μὲν
1890 3442 2146 3514 οὐδαμῶς
2172 3442 2363 3516 ἐτέρου
2389 3446 2826 3520 κατηγοροῦντός
2884 3467 3075 3522 φησιν,
3120 3453 3441 3529 ἐξαρκέσειν
3514 3460 3573 3521 δὲ

245 3535 421 3606 μόνον
447 3536 631 3598 αὐτοῖς
656 3534 753 3589 καὶ
784 3533 878 3587 τὸν
923 3533 993 3588 δι’
1021 3533 1233 3588 ἐκείνου
1265 3535 1451 3607 νόμον,
1480 3534 1548 3588 δι’
1585 3529 1664 3590 ὧν
1696 3536 2017 3592 ἀπειθοῦσιν
2042 3538 2193 3609 αὐτῷ
2227 3539 2364 3612 πρὸς
2420 3539 2483 3595 τὸ
2538 3544 2741 3615 χρῆναι
2775 3544 2966 3601 λοιπὸν
3027 3547 3266 3619 εὐλόγως
3330 3569 3567 3626 κατηγο-

244 3627 475 3701 ρεῖσθαι
501 3628 753 3696 πεσοῦσι,
779 3629 886 3684 κᾶν
910 3629 944 3701 ή
984 3628 1078 3682 τοῦ
1117 3630 1399 3702 κρίνοντος
1424 3630 1648 3704 ἀργήσῃ
1680 3633 1857 3706 φωνὴ,
1900 3635 2149 3690 τουτέστι
2178 3634 2455 3709 Χριστοῦ.“

320 3725 398 3778 Et
425 3722 540 3795 γὰρ
564 3723 915 3779 ἐπιστεύετε
949 3723 1173 3789 Μωσεῖ,
1203 3725 1555 3780 ἐπιστεύετε
1593 3726 1672 3781 ἂν
1705 3716 1860 3797 ἐμοι.

239 3817 395 3888 Περὶ
434 3816 549 3889 γὰρ
589 3814 739 3885 ἐμοῦ
772 3815 1006 3884 ἐκεῖνος
1042 3816 1328 3887 ἔγραψεν.
1640 3894 1645 3898 δ

333 3910 479 3965 Ὑπὸ
524 3910 622 3964 τοῦ
678 3910 959 3980 πανσόφου
1010 3911 1260 3975 Μωσέως
1306 3912 1863 3986 κατηγορηθήσεσθαι

235 4005 379 4068 τοὺς
421 4002 721 4066 Ἰουδαίους
756 4001 947 4071 εἰπὼν,
985 4004 1079 4058 καὶ
1130 4003 1231 4076 τὴν
1277 4004 1373 4058 ἐπὶ
1416 4008 1542 4068 ταῖς
1584 4008 1665 4069 εἰς
1695 4006 1861 4062 αὐτὸν

238 4094 565 4159 ἀπειθείαις
623 4094 917 4166 ὑπομεῖναι
958 4094 1214 4167 γραφήν,
1253 4097 1507 4171 ἐπιφέρει
1546 4096 1642 4153 καὶ
1684 4097 1860 4153 ταῦτα

238 4187 548 4258 χρησίμως
576 4185 637 4240 τὸ
674 4184 750 4259 μὴ
783 4185 965 4257 μάτην
998 4186 1184 4249 αὐτοῖς
1223 4186 1530 4260 ἐπισκῆψαι
1563 4187 1855 4254 διδάσκων,

236 4278 274 4349 ἢ
314 4277 419 4331 καὶ
446 4275 624 4342 ἄλλως
647 4278 748 4350 τὴν
773 4277 867 4332 ἐπὶ
892 4275 971 4350 τῷ
994 4276 1352 4349 λοιδορεῖσθαι
1382 4279 1560 4350 φιλεῖν
1586 4280 1858 4352 ὑπόληψιν

240 4368 721 4441 παραιτούμενος.
755 4370 1002 4441 Πρᾶγμα
1034 4368 1143 4440 γὰρ
1168 4369 1343 4439 λέγων
1369 4371 1434 4423 οὐ
1465 4369 1857 4442 διεψευσμένον

236 4460 474 4532 ὁρᾶται.
515 4459 701 4514 Ἔστω
740 4460 923 4515 τοίνυν
944 4499 960 4527 ,
1001 4462 1170 4534 φησι,
1200 4462 1326 4525 τοὺς
1359 4462 1528 4533 ἐμοὺς
1554 4458 1639 4516 δτι
1672 4477 1857 4535 παραυ

237 4551 526 4626 κρούεσθε
589 4551 819 4623 λόγους,
885 4556 1216 4627 καρτερήσω
1287 4555 1384 4609 καὶ
1435 4554 1854 4627 ἀπειθούμενος,

237 4642 642 4709 Καταδέξασθε
704 4646 908 4707 Μωσέα
950 4647 1045 4700 τὸν
1098 4646 1349 4702 ὲαυτῶν¹
1411 4647 1533 4701 δότε
1584 4646 1665 4719 τῷ
1727 4650 1859 4721 παρ’

234 4738 408 4810 ὑμῶν
429 4736 839 4812 θαυμαζομένῳ
856 4741 954 4812 τὴν
980 4738 1182 4805 πίστιν,
1208 4741 1304 4796 καὶ
1329 4739 1607 4811 γνώσεσθε
1629 4742 1852 4809 πάντες,

2043 3729 2209 3802 264
2248 3729 2316 3795 V,
2346 3731 2438 3787 46.
2473 3732 2535 3790 Si
2562 3712 2701 3790 enim
2732 3735 3020 3792 crederetis
3045 3735 3245 3809 Moysi,
3281 3730 3568 3797 crederetis

1970 3822 2204 3892 forsitan
2222 3833 2272 3877 et
2301 3825 2449 3881 mihi.
2478 3822 2558 3887 De
2583 3843 2665 3881 me
2687 3828 2829 3882 enim
2853 3829 2945 3884 ille
2966 3831 3204 3900 scripsit.
3440 3832 3443 3839 '

2038 3912 2178 3971 Cum
2213 3912 2418 3971 dixerit
2471 3936 2500 3971 a
2542 3918 2952 3988 sapientissimo
2992 3918 3179 3993 Meyse
3207 3912 3428 3980 Iudaeos
3459 3938 3568 3981 ac—

1968 4015 2225 4062 cusatum
2269 4006 2364 4071 iri,
2399 4015 2455 4063 et
2483 4009 2889 4066 incredulitatis
2928 4012 3272 4081 postulatum
3324 4013 3418 4081 iri,
3453 4015 3569 4073 haec

1968 4099 2153 4155 etiam”
2188 4098 2402 4155 utiliter
2446 4100 2737 4173 subiungit
2765 4142 2780 4167 ,
2820 4102 3034 4159 docens
3076 4119 3138 4161 se
3188 4120 3301 4162 non
3351 4107 3566 4164 frustra

1966 4206 2066 4247 eos
2109 4190 2431 4263 increpare,
2477 4200 2573 4249 aut
2613 4202 2766 4251 certe
2805 4195 3128 4267 opinionem
3163 4198 3406 4257 cenvicii
3440 4216 3470 4256 a
3504 4214 3568 4258 se

1967 4298 2280 4342 removens.
2338 4284 2472 4343 [lem
2523 4282 2672 4343 ciiim
2707 4304 2899 4345 veram
2934 4289 3120 4349 dicere
3150 4292 3395 4350 videtur.
3431 4292 3568 4355 Esto

1966 4378 2161 4452 igitur,
2196 4379 2400 4451 inquit,
2432 4396 2720 4439 sermones
2752 4397 2906 4440 meos
2936 4383 3195 4456 rejicite:
3247 4388 3563 4459 sustinebo,

1966 4484 2021 4529 et
2051 4472 2238 4529 minus
2268 4473 2404 4531 mihi
2430 4473 2583 4531 credi
2617 4476 2818 4548 patiar.
2839 4474 3101 4534 Vestrum
3132 4478 3358 4554 Moysen
3381 4485 3566 4540 susci-

1967 4563 2080 4637 pite
2114 4583 2128 4619 :
2185 4564 2345 4621 iidem
2387 4567 2645 4624 adhibete
2671 4569 2723 4625 ei
2761 4584 2922 4640 quem
2958 4571 3269 4644 suspicitis,
3299 4582 3356 4631 et
3393 4592 3566 4650 agno-

1968 4656 2135 4713 scetis
2170 4671 2295 4712 eum
2330 4673 2495 4729 quem
2531 4675 2644 4731 prae
2683 4660 2911 4717 inscitia
2946 4665 3339 4723 contemnitis.
3380 4667 3566 4742 Typos

1969 4746 2273 4803 rescindite
2306 4749 2401 4818 qui
2433 4749 2726 4805 veritatem
2759 4751 3099 4822 parturiunt.
3145 4748 3259 4826 Ego
3306 4757 3479 4813 enim
3504 4761 3564 4816 in

232 4830 299 4885 ὃν
322 4832 434 4886 οὐκ
477 4831 683 4898 εἰδότες
711 4832 1037 4904 ἀτιμάζετε.
1081 4834 1454 4907 Ἀναρῤήξατε
1488 4835 1617 4899 τοὺς
1649 4837 1857 4900 τύπους

1986 4838 2115 4894 llius
2165 4839 2324 4895 libris
2369 4841 2733 4899 adumbratas
2772 4859 2918 4899 sum.
2956 4825 3233 4912 Quocirca
3276 4848 3396 4921 ipse
3421 4867 3563 4923 quo-

231 4921 542 4987 ὼδίνοντας
582 4922 682 4997 τὴν
723 4925 1012 4998 ἀλήθειαν.
1053 4923 1197 4995 Ἐγὼ
1249 4925 1360 4998 γὰρ
1396 4929 1454 4980 ἐν
1494 4928 1608 4994 τοῖς
1639 4927 1852 4989 ἐκείνου

233 5017 774 5092 σκιαγραφούμενος
814 5014 1064 5091 βιϐλίοις.
1111 5018 1325 5077 Οὐκοῦν
1360 5020 1455 5075 καὶ
1488 5020 1655 5087 αὐτδς
1693 5023 1852 5095 ὑμῶν
1886 5034 1897 5041 ⁴

233 5112 647 5185 κατηγορήσει,
680 5113 868 5185 φησὶν,
897 5112 925 5165 ὁ
948 5110 1176 5185 Μωσῆς,
1207 5113 1338 5167 ὅταν
1365 5112 1730 5178 ἀπειθοῦντας
1764 5114 1851 5190 ἴδῃ

231 5211 357 5273 τοῖς
389 5207 526 5279 περὶ
558 5203 695 5278 ἐμοῦ
734 5204 1190 5279 συγγράμμασιν.

313 5288 607 5368 Ἔδείμὲν
639 5290 734 5351 οὖν
768 5297 900 5363 ἴσως
922 5299 1074 5370 ἡμᾶς
1102 5300 1197 5352 καὶ
1221 5299 1311 5354 τὸν
1337 5301 1397 5353 ὲν
1425 5300 1537 5365 τοῖς
1559 5299 1847 5372 προκειμέ-

233 5409 354 5457 νοις
380 5388 895 5464 διερμηνεύσαντας
936 5390 1096 5460 νοῦν,
1138 5392 1277 5447 ἰέναι
1307 5392 1471 5448 πάλιν
1501 5393 1595 5447 ἐπὶ
1632 5391 1704 5448 τὰ
1753 5394 1854 5463 ὲφ-

233 5482 822 5555 εξῆς,ὲπιτρέψαντας
845 5484 959 5549 τοίς
984 5480 1532 5558 δντωςφιλομαθέσιν
1557 5486 1854 5560 ἀναζητεῖν

234 5577 341 5642 τάς
395 5574 497 5630 ἐπὶ
539 5574 769 5649 Χριστῷ
809 5574 900 5631 διά
940 5574 1188 5643 Μωσέως
1224 5579 1466 5644 εἰκόνας.
1523 5578 1715 5652 Πλήρη
1748 5580 1852 5650 μὲν

235 5668 352 5742 γὰρ
396 5668 513 5722 τῶν
558 5668 874 5742 εἰρημένων
901 5668 973 5723 τὰ
1000 5669 1213 5724 ἐκείνου
1263 5671 1712 5744 συγγράμματα,
1754 5671 1852 5726 καὶ

237 5761 417 5826 πολὺς
459 5760 491 5813 ὁ
521 5760 684 5831 λόγος
701 5763 733 5816 ό
762 5762 893 5833 παρ’
920 5761 1102 5819 αὐτῶν
1128 5762 1246 5838 [aL
1287 5764 1418 5834 περὶ
1442 5763 1659 5838 αὐτῶν]
1678 5806 1694 5832 ,
1725 5764 1856 5820 δυσ-

1963 4946 2076 5002 que
2109 4948 2209 4989 vos
2240 4930 2462 5018 Moyses
2494 4935 2806 5004 accusabit,
2838 4936 3044 5011 inquit,
3076 4950 3204 5011 cum
3229 4942 3432 5001 viderit
3462 4963 3562 5013 ros

1962 5024 2034 5082 iis
2062 5022 2188 5097 quae
2223 5028 2289 5085 dc
2325 5044 2411 5084 me
2442 5029 2650 5101 scripta
2681 5040 2813 5086 sunt
2846 5048 2956 5088 non
2989 5035 3238 5094 credere.

2032 5293 2225 5366 Operae
2260 5297 2501 5368 pretium
2535 5300 2759 5373 quidem
2797 5299 3035 5361 forsitan
3064 5314 3239 5374 esset,
3276 5309 3578 5380 propositi:

1959 5395 2144 5443 textus
2196 5390 2493 5460 explanata
2554 5395 2855 5464 sententia,
2895 5394 2965 5451 ad
3024 5396 3240 5468 reliqua
3290 5380 3578 5470 deinceps!

1958 5476 2239 5552 progredi,
2267 5479 2571 5550 ﬁgurarum
2603 5481 2970 5542 Mosaicarum
3004 5485 3396 5562 disquisitione
3430 5496 3539 5544 stu.
3570 5478 3579 5540 ἕ

1957 5571 2133 5629 diosis
2184 5572 2399 5643 relicta.
2430 5573 2589 5631 Pleni
2642 5577 2792 5634 enim
2834 5588 2964 5634 sunt
2997 5578 3191 5651 ﬁguris
3232 5570 3556 5650 hujusmodi

1954 5664 2083 5721 libri
2124 5664 2377 5732 Mosaici;
2408 5668 2697 5741 multaque
2735 5671 2795 5726 in
2841 5671 2910 5729 iis
2946 5670 3274 5738 afferuntur,
3321 5673 3420 5729 sed
3468 5673 3558 5730 in-

1956 5757 2178 5818 tellectu
2217 5760 2487 5833 diliicil-ia,
2519 5770 2576 5820 et
2601 5762 2905 5821 subtilibus
2940 5770 3110 5836 atque
3150 5763 3392 5824 occultis
3419 5778 3558 5825 οοιι·

310 5938 360 5972 ’τ’
401 5937 572 5993 Joan.
603 5953 680 6002 Ix,
709 5938 803 5995 28.
880 5939 928 5971 ”
968 5936 1166 5994 Matth.
1204 5955 1236 5994 κ
1259 5941 1402 6033 ,‘32.
1483 5940 1550 5975 ’⁸⁸
1581 5938 1744 6000 Joan.
1789 5959 1843 5999 IX
1868 5983 1887 6013 ,
1919 5941 2013 6000 ἳθι

455 6035 734 6099 Parum.
775 6035 893 6097 Cn.
946 6036 1257 6100 LXXIII.-

3156 6038 3231 6104 14
