4052 6528
497 443 605 498 427

1537 442 1595 498 S.
1637 440 1913 499 CYIt'iLLl
1954 439 2426 501 ALEXANDRINI
2464 445 2782 504 ARCHIEI’.
3672 453 3756 512 128

486 561 956 634 ~temptationibus
999 561 1218 617 referta.
1271 559 1379 617 Sed
1434 577 1503 618 ne
1538 562 1768 633 scriptis
1824 560 2079 616 Mosaicis

2185 563 2408 633 χερείαὶς
2457 564 2505 618 δ’
2544 559 2639 619 οὖν
2685 567 2835 637 ὅμως
2875 565 2980 637 τῆς
3023 565 3104 632 είς
3141 566 3206 622 τὸ
3256 565 3497 623 συνιέναι
3559 570 3760 639 μεστὸς,

499 656 850 711 difﬁcultates
877 652 1184 724 aflingendo
1217 653 1429 711 inertia:
1469 655 1834 710 succumbere
1864 660 2089 722 tamque

497 753 826 822 praeclarum
865 747 1112 803 laborem
1156 745 1419 818 defugere
1443 747 1754 815 videamur,
1789 745 1859 802 ad
1890 760 1956 799 ea
1983 759 2088 802 nos

497 857 716 913 quoque
767 840 1158 904 demittemus,
1209 841 1368 910 gnari
1425 840 1554 910 ejus
1611 839 1761 910 quod
1819 839 2085 908 scriptum

496 943 626 991 est:
682 951 704 985 ι
765 933 1031 987 Dominus
1082 931 1237 986 dabit
1294 932 1519 986 verbum
1575 929 2086 1002 evangelizantibus

495 1025 700 1081 virtute
739 1023 916 1078 multa
937 1023 1007 1077 ".
1052 1041 1071 1075 ι
1109 1023 1247 1078 Cum
1288 1032 1474 1080 autem
1511 1023 1581 1080 de
1609 1023 1697 1079 his
1731 1023 1905 1077 multa
1945 1021 2087 1077 scri-

497 1123 590 1186 pta
630 1115 778 1181 sint,
821 1123 880 1169 ut
919 1115 1188 1182 diximus,
1225 1123 1279 1170 et
1338 1129 1438 1185 per
1488 1115 1696 1170 multas
1741 1113 1944 1185 ﬁguras
1992 1128 2086 1170 sa-

498 1207 885 1279 pientissimus
924 1207 1142 1279 Moyses
1174 1206 1389 1263 Christi
1445 1208 1775 1279 mysterium
1813 1206 2087 1276 praedixe-

499 1303 594 1366 rit,
632 1315 745 1356 non
799 1300 1133 1356 arbitramur
1172 1301 1500 1357 immensam
1542 1299 1842 1371 quamdam
1891 1315 2088 1355 eorum

498 1391 818 1462 congeriem
861 1390 1268 1446 obtrudendam
1308 1405 1434 1446 esse
1471 1391 1796 1456 lectoribus,
1824 1391 1946 1459 scd,
1973 1405 2086 1446 uno

497 1499 531 1536 ε
579 1482 798 1538 cunctis
846 1482 1073 1546 selecto,
1125 1482 1277 1537 clare
1317 1483 1704 1538 demonstrare
1752 1483 2086 1539 conabimur

500 1572 840 1630 Salvatorem
875 1581 992 1628 tum
1014 1588 1140 1628 vero
1166 1573 1411 1629 locutum
1443 1588 1736 1639 essc,cum
1769 1573 1836 1627 ad
1858 1574 2084 1631 Judaeos

494 1665 673 1720 dixit:
710 1682 729 1716 ι
763 1663 824 1720 Si
852 1663 1154 1720 crederetis
1184 1663 1376 1737 Moysi,
1409 1664 1721 1721 crederetis
1763 1663 2000 1722 forsitan
2027 1674 2082 1721 et

495 1756 656 1811 mihi.
683 1752 763 1812 De
792 1770 880 1811 me
909 1755 1059 1810 enim
1091 1755 1184 1812 ille
1213 1755 1461 1826 scripsit.
1494 1775 1514 1808 ι

501 1848 586 1904 ὅτι
626 1845 726 1902 τοῦ
775 1845 1029 1917 Σωτῆρος
1075 1846 1236 1917 ήμῶν
1281 1845 1489 1918 ἀληθὴς
1528 1841 1598 1916 ἦν
1645 1849 1676 1900 ὁ
1724 1846 1916 1915 λόγος,
1983 1847 2043 1902 ὃν
2101 1851 2338 1904 ἐποιεῖτο
2402 1846 2540 1920 πρὸς
2609 1846 2899 1913 Ἰουδαίους
2963 1845 3135 1901 εἰπών
3160 1861 3177 1878 ο

2195 654 2411 709 λεπτῶν
2461 656 2517 710 δὲ
2552 657 2797 729 σφόδρα,
2842 658 2948 714 καὶ
2964 659 3368 730 κεκρυμμένων
3407 659 3764 732 θεωρημάτων

2192 747 2497 812 ἀνάπλεως.
2532 748 2650 806 Ἵνα
2679 749 2735 801 δὲ
2764 749 2840 819 μὴ
2870 748 3118 819 δοκῶμεν
3146 749 3289 822 ὄκνῳ
3319 750 3423 821 μὲν
3449 751 3531 821 τῷ
3559 756 3765 822 κρατεῖν

2194 840 2509 911 ἐπιτρέψαι,
2542 839 2744 910 ἱδρῶτα
2775 840 2834 893 δέ
2864 840 3010 894 οὕτω
3039 841 3131 896 τὸν
3172 841 3506 911 ἀξιάγαστον
3542 845 3644 897 οὐκ
3686 847 3768 899 εὐ-

2191 930 2367 1000 λόγως
2390 930 2716 986 ἀναδύεσθαι
2741 928 3107 1001 περιτιθέντες
3127 930 3310 986 ἁπλῶς
3337 935 3448 996 τοῖς
3463 933 3769 998 Μωσαῖκοῖς

2190 1023 2593 1094 συγγράμμασι
2646 1022 2746 1092 τὴν
2795 1021 3155 1094 δυσχέρειαν,
3208 1023 3440 1087 ἑαυτοὺς
3485 1023 3581 1076 καὶ
3643 1026 3770 1095 πρὸς

2187 1114 2345 1168 τοῦτο
2379 1113 2724 1186 καθήσομεν,
2769 1114 2832 1168 τὸ
2879 1114 3272 1185 γεγραμμένον
3310 1114 3517 1179 εἰδότες
3542 1132 3555 1146 ·
3604 1133 3624 1166 ι
3666 1115 3770 1168 Κύ-

2189 1217 2302 1272 ριος
2357 1200 2520 1254 δώσει
2581 1202 2737 1272 ῥῆμα
2802 1203 2918 1264 τοῖς
2989 1201 3496 1274 εὐαγγελιζομένοις
3553 1204 3769 1275 δυνάμει

2185 1291 2376 1361 πολλῇ.
2409 1308 2430 1342 ι
2469 1290 2700 1361 Μακροῦ
2745 1290 2802 1344 δέ
2849 1290 3001 1356 ὄντος
3038 1291 3133 1342 τοῦ
3182 1291 3548 1362 περὶτούτων
3598 1292 3768 1361 λόγου,

2184 1383 2439 1454 καθάπερ
2476 1384 2805 1455 εἰρήκαμεν,
2841 1384 2938 1438 καὶ
2975 1384 3066 1438 διὰ
3097 1383 3312 1437 πολλῶν
3355 1385 3661 1455 σχημάτων
3685 1387 3770 1439 τοῦ

2184 1477 2466 1546 πανσόφου
2498 1478 2744 1542 Μωσέως
2779 1478 2843 1531 τὸ
2869 1478 2965 1531 ἐπὶ
3002 1477 3229 1548 Χριστῷ
3261 1477 3770 1547 προαναμέλποντος

2184 1571 2487 1641 μυστήριον
2509 1608 2524 1634 ,
2571 1570 2671 1622 οὐκ
2716 1569 3032 1642 ἀμέτρητόν
3059 1586 3182 1623 τινα
3222 1570 3338 1632 τοῖς
3372 1569 3770 1641 ἐντευξομένοις

2182 1661 2544 1734 ἐπισωρεύειν
2574 1662 2730 1732 ὄχλον
2760 1662 3058 1733 οἰησόμεθα
3081 1662 3214 1726 δεῖν,
3241 1661 3356 1716 ἀλλ’
3381 1661 3439 1713 ἓν
3473 1661 3689 1726 ἑλόντες
3715 1664 3771 1714 ἐκ

2193 1757 2436 1820 πάντων,
2473 1756 2618 1826 σαφῆ
2637 1754 2736 1826 τὴν
2765 1753 3036 1818 ἀπόδειξιν
3067 1755 3340 1808 ποιεῖσθαι
3379 1753 3768 1823 σπουδάσομεν,

3271 1864 3290 1900 ι
3341 1845 3408 1901 Ei
3467 1845 3773 1902 ἐπιστεύετε

494 1943 704 2009 Mosi,
738 1941 1060 1996 ἐπιστεύετε
1089 1940 1156 1994 ἂν
1193 1941 1336 2011 ἐμοί.
1377 1942 1517 2013 Περὶ
1558 1941 1669 2014 γάρ
1693 1943 1830 2010 ἐμοῦ
1873 1945 2080 2008 ἐκεῖνος
2117 1943 2377 2017 ἔγραψεν.
2414 1961 2437 1996 ι

1029 2031 1191 2102 235
1247 2030 1402 2086 CAP.
1449 2029 1538 2087 ιιι.

600 2120 756 2189 Quod
791 2118 1092 2175 Saluatoris
1121 2114 1402 2178 adventum
1443 2116 1656 2190 Moyses
1679 2119 1967 2176 nuntiarit.

816 2211 900 2265 Ea:
944 2209 1375 2274 Deuwronomio,
1412 2209 1478 2265 de
1527 2208 1754 2264 Christo.

572 2324 592 2359 ι
621 2303 954 2375 Prophetam
996 2300 1153 2358 vobis
1199 2316 1264 2355 ex
1297 2300 1569 2357 fratribus
1599 2301 1731 2368 tuis,
1775 2299 1922 2357 sicut
1963 2314 2074 2365 me,

497 2397 789 2458 suscitabit
817 2396 920 2452 tibi
948 2394 1216 2451 Dominus
1242 2393 1392 2451 Deus
1419 2402 1570 2450 tuus.
1600 2393 1782 2465 Ipsum
1812 2394 2072 2449 audietis.

498 2488 814 2547 Secundum
847 2487 1030 2543 omnia
1079 2499 1202 2556 quae
1245 2485 1456 2556 petiisti
1491 2501 1523 2540 a
1560 2485 1794 2542 Domino
1824 2485 1938 2541 Deo
1982 2495 2076 2540 tuo

497 2586 553 2638 in
589 2581 810 2641 Cboreb
866 2580 924 2635 in
962 2579 1052 2634 die
1106 2579 1559 2644 convocationis,
1617 2577 1866 2634 dicentes
1903 2593 1915 2629 :
1955 2576 2074 2631 Non

495 2673 820 2746 adjiciemus
845 2671 1036 2728 audire
1057 2685 1244 2727 vocem
1268 2669 1488 2726 Domini
1520 2669 1615 2726 Dei
1672 2670 1778 2733 tui,
1807 2677 1864 2725 et
1893 2670 2074 2741 ignem

495 2767 643 2821 hunc
681 2779 937 2835 magnum
972 2778 1084 2818 non
1115 2763 1454 2833 aspiciemus
1485 2762 1652 2828 ultra,
1679 2776 1859 2832 neque
1878 2761 2078 2815 moria-

496 2874 640 2916 mur.
675 2857 743 2912 Et
788 2856 865 2912 ait
908 2855 1178 2912 Dominus
1225 2855 1295 2910 ad
1341 2870 1432 2910 me
1471 2869 1484 2906 :
1522 2853 1692 2910 Recte
1734 2853 1918 2908 omnia
1954 2867 2078 2923 quae

495 2951 714 3007 locutus
759 2963 842 3005 es.
874 2945 1206 3018 Prophetam
1267 2945 1551 3002 suscitabo
1598 2945 1679 3000 eis
1712 2959 1780 2999 ex
1813 2943 2078 2998 fratribus

492 3056 706 3106 eorum,
760 3039 907 3098 sicut
949 3046 1003 3093 te
1044 3057 1057 3093 :
1097 3046 1152 3093 et
1198 3038 1342 3092 dabo
1388 3037 1614 3091 verbum
1667 3050 1848 3090 meum
1885 3034 1940 3088 in
1978 3049 2078 3088 ore

492 3135 616 3206 ejus
644 3151 664 3191 ι
687 3141 746 3188 et
763 3133 1024 3202 loquetur
1043 3130 1149 3198 eis,
1183 3128 1486 3184 secundum
1521 3127 1666 3198 quod
1707 3126 1982 3182 mandabo
2002 3126 2073 3181 ei.

498 3226 561 3282 Et
582 3228 772 3288 homo,
808 3225 903 3294 qui
931 3238 1042 3277 non
1068 3220 1310 3276 audierit
1332 3233 1675 3291 quotcunque
1709 3218 1926 3273 locutus
1956 3215 2075 3273 fue-

495 3317 569 3371 rit
615 3314 882 3386 pr0pheta
938 3312 1032 3366 ille
1084 3313 1140 3365 in
1182 3310 1405 3364 nominc
1457 3323 1599 3372 meo,
1638 3323 1740 3378 ego
1781 3307 2074 3362 vindictam

497 3372 822 3465 sum-am‘de
845 3420 911 3458 eo
937 3403 1002 3457 ³ο.
1033 3421 1051 3455 ι
1085 3401 1486 3472 Repetitionem
1515 3372 1808 3471 quantulum
1833 3409 1888 3455 et
1920 3399 2075 3471 quasi
2104 3372 2148 3432 Ο

495 3495 1015 3570 recapitulationem
1047 3495 1317 3550 librorum
1339 3491 1705 3549 Mosaicorum
1733 3491 2078 3548 Deuterono-

499 3590 669 3644 mium
711 3587 979 3642 continet.
1031 3585 1275 3658 Ideoque
1320 3583 1430 3641 dici
1486 3600 1594 3640 non
1648 3591 1829 3655 potest
1871 3599 1972 3639 nos
2013 3598 2078 3638 ex

501 3677 623 3749 ipso
645 3687 840 3752 typum
869 3685 924 3734 et
956 3677 1249 3750 imaginem
1275 3676 1572 3736 sacerdotii
1590 3676 1782 3745 legalis
1805 3675 2077 3745 accipere.

497 3770 636 3837 Quia
668 3781 851 3825 tamen
881 3767 1136 3839 desipere
1169 3782 1278 3824 non
1326 3766 1570 3823 solemus
1603 3771 1879 3836 quotquot
1929 3773 2080 3817 rei-te

498 3861 746 3936 sapimus
776 3868 1002 3933 propter
1032 3858 1338 3924 Christum,
1367 3855 1673 3914 lectoribus
1698 3855 1952 3910 dicemus
1981 3869 2077 3924 po-

498 3953 590 4009 siti
633 3967 857 4024 quoque
914 3959 1096 4007 textus
1159 3948 1493 4006 sententiam
1549 3953 1882 4003 reserautes.
1939 3943 2078 4000 Ecce

497 4061 721 4104 rursum
774 4055 962 4116 aperte
1024 4044 1186 4099 nobis
1225 4041 1559 4116 praedicatur
1614 4038 1824 4095 Christi
1873 4046 2079 4110 myste-

495 4139 678 4203 rium,
730 4153 798 4194 ει
853 4137 1216 4194 similitudine
1262 4134 1468 4206 Moysis
1501 4148 1598 4204 per
1654 4129 2076 4187 subtilissimum

497 4223 1026 4296 contemplationem
1074 4224 1376 4279 artiﬁciose
1419 4221 1713 4292 figuratum
1744 4236 1756 4272 :
1788 4239 1806 4272 ι
1831 4219 2076 4290 PrOphe-

499 4326 610 4372 tam
640 4315 842 4388 quippe
869 4314 1052 4379 vobis,
1083 4313 1286 4384 inquit,
1320 4311 1611 4368 suscitabit
1639 4310 1906 4366 Dominus
1934 4309 2078 4365 Deus

499 4417 711 4474 noster,
748 4424 814 4462 ex
867 4404 1139 4462 fratribus
1187 4405 1319 4469 tuis,
1379 4404 1526 4459 sicut
1580 4420 1684 4460 me.
1725 4423 1744 4455 ι
1783 4402 2078 4474 Explicans

499 4510 679 4556 autem
719 4500 838 4570 ipse
881 4497 1053 4565 illico,
1091 4497 1276 4568 qualis
1308 4512 1375 4552 ex
1421 4497 1546 4567 ejus
1580 4496 1948 4553 similitudine
1987 4493 2075 4549 in-

497 4592 790 4648 duceretur
829 4587 1256 4660 contemplatio,
1306 4588 1590 4660 sapienter
1653 4585 1879 4641 intulit:
1915 4601 1934 4636 ι
1975 4581 2076 4639 Se-

497 4681 741 4739 cundum
775 4680 961 4736 omnia
994 4695 1338 4751 quaecunque
1371 4677 1582 4751 petiisti
1613 4693 1644 4731 a
1670 4674 1908 4730 Domino
1963 4672 2074 4730 Deo

499 4783 594 4830 tuo
639 4772 693 4828 in
739 4779 924 4827 monte
975 4767 1128 4834 Sina,
1165 4770 1221 4825 in
1252 4768 1343 4825 die
1371 4765 1844 4838 congregationis,
1881 4765 2073 4820 dicen-

497 4874 581 4921 tes
617 4886 630 4922 :
660 4863 784 4921 Non
815 4862 1148 4935 adjiciemus
1177 4862 1369 4918 audire
1392 4875 1582 4915 vocem
1611 4857 1826 4913 Domini
1851 4857 1944 4912 Dei
1979 4873 2077 4913 no-

498 4958 634 5024 stri,
693 4965 748 5013 et
794 4957 975 5026 ignem
1031 4954 1183 5010 hunc
1238 4966 1496 5021 magnum
1564 4963 1674 5004 non
1741 4946 2077 5020 aspiciemus

499 5052 660 5114 ultra,
696 5064 875 5119 neque
915 5047 1240 5101 moriamur.
1270 5061 1290 5094 ι
1325 5040 1586 5111 Seipsum
1627 5039 1774 5096 enim
1805 5047 1937 5094 tunc
1964 5055 2078 5096 mc-

497 5141 765 5196 diatorem
815 5139 1023 5192 dictum
1067 5149 1193 5191 esse
1241 5133 1557 5198 conlirmat,
1589 5147 1716 5187 cum
1759 5130 2075 5187 Iudaeorum

496 5231 850 5302 congregatio
897 5228 1149 5284 nondum
1195 5239 1286 5280 res
1341 5239 1508 5295 supra
1564 5233 1816 5280 naturam
1873 5225 2077 5280 intueri

497 5330 702 5393 posset,
736 5322 974 5392 ideoque
1000 5316 1301 5388 prudenter
1319 5314 1373 5370 id
1391 5315 1539 5385 quod
1571 5315 1717 5370 vires
1749 5330 1880 5372 suas
1905 5330 2072 5385 supe-

497 5413 654 5469 rabat
683 5416 954 5468 renueret.
993 5405 1128 5460 Illud
1157 5410 1341 5458 autem
1362 5415 1483 5459 erat
1504 5403 1596 5459 Dei
1621 5404 1760 5460 visio
1785 5404 2071 5471 nimirum,

497 5503 717 5560 insolita
793 5500 979 5572 specie
1039 5503 1390 5570 perterrens,
1446 5502 1502 5550 et
1537 5494 1799 5552 tubarum
1855 5496 2073 5554 sonitus

499 5593 762 5650 immanes
791 5602 958 5665 atque
990 5585 1392 5644 intolerabiles.
1424 5585 1596 5659 Igitur
1623 5586 1886 5643 mediatio
1916 5586 2068 5661 Moy-

567 5751 617 5784 ⁸⁹
652 5749 798 5806 Psal.
829 5764 1050 5814 uult,
1091 5749 1177 5803 Η.
1292 5747 1338 5780 ⁸⁸
1377 5746 1539 5803 Deut.
1576 5761 1734 5813 xvrtt,
1771 5748 1966 5804 15-19.

2798 2031 3032 2086 ΚΕΦΑΛ
3063 2031 3104 2084 Γ
3104 2038 3137 2087 ’.

2179 2125 2309 2180 Ὅτι
2345 2125 2453 2180 τοῦ
2489 2123 2764 2194 Σωτῆρος
2817 2123 3026 2193 ᾅριξιν
3073 2123 3409 2194 ἐσήμαινεν
3445 2123 3479 2179 ό
3530 2122 3770 2191 Μωσῆς.

2329 2218 2431 2280 Ἐκ
2457 2217 2566 2272 τοῦ
2610 2215 3096 2285 Δευτερονομίου,
3139 2217 3273 2286 περὶ
3317 2215 3602 2286 Χριστοῦ.

2255 2325 2274 2360 ι
2311 2308 2610 2379 Προφήτην
2653 2307 2784 2378 ὑμῖν
2836 2308 2902 2362 ἐκ
2925 2307 3035 2360 τῶν
3071 2306 3321 2378 ἀδελφῶν
3363 2325 3495 2374 σου,
3531 2308 3608 2373 ὡς
3639 2308 3738 2380 ἐμὲ
3759 2351 3774 2376 ,

2175 2401 2473 2471 ἀναστήσει
2503 2417 2588 2453 σοι
2631 2399 2835 2468 Κύριος
2863 2402 2893 2454 ὁ
2925 2397 3059 2464 Θεός
3095 2416 3216 2453 σου·
3257 2399 3424 2456 αὑτοῦ
3454 2401 3774 2457 ἀκούσεσθε.

2177 2491 2334 2546 Κατά
2365 2491 2546 2546 πάντα
2567 2491 2666 2545 ὅσα
2682 2493 2871 2563 ᾐτήσω
2891 2489 3044 2562 παρά
3069 2491 3276 2564 Κυρίου
3309 2491 3402 2546 τοῦ
3422 2491 3559 2546 Θεοῦ
3584 2509 3704 2558 σου,
3723 2496 3778 2546 ἐν

2176 2582 2381 2655 Χωρὴϐ
2403 2585 2468 2653 τῇ
2504 2582 2690 2654 ἡμέρᾳ.
2729 2582 2829 2652 τῆς
2855 2582 3156 2653 ἐκκλησίας
3185 2583 3437 2653 λέγοντες
3459 2600 3472 2614 ·
3502 2584 3579 2638 Οὐ
3611 2602 3779 2656 προσ⁴

2177 2673 2420 2744 θήσομεν
2451 2672 2686 2728 ἀκοῦσαι
2719 2675 2819 2745 τῆς
2844 2674 3028 2744 φωνῆς
3071 2674 3272 2747 Κυρίου
3303 2675 3398 2729 τοῦ
3431 2676 3569 2730 Θεοῦ
3597 2676 3777 2749 ήμῶν,

2177 2765 2272 2820 καὶ
2315 2766 2378 2818 τὸ
2427 2764 2538 2835 πῦρ
2566 2766 2628 2820 τὸ
2669 2765 2812 2836 μέγα
2854 2763 3016 2819 τοῦτο
3053 2765 3156 2819 οὐκ
3197 2765 3440 2838 ὀψόμεθα
3485 2766 3608 2832 ἔτι,
3654 2770 3778 2826 οὐδὲ

2180 2856 2257 2928 μὴ
2286 2856 2667 2927 ἀποθάνωμεν.
2713 2856 2826 2910 Καὶ
2853 2850 2976 2910 εἷπε
3008 2857 3213 2928 Κύριος
3240 2857 3378 2927 πρδς
3420 2858 3489 2929 μέ
3513 2874 3526 2889 .
3570 2859 3781 2930 Ὀρθῶς

2178 2949 2382 3014 πάντα,
2410 2949 2512 3002 ὅσα
2541 2947 2813 3020 ἐλάλησας
2830 2949 2933 3020 (ί).
2962 2949 3256 3022 Προφήτην
3277 2951 3570 3022 ἀναστήσω
3594 2951 3783 3014 αὐτοῖς

2177 3039 2242 3092 ἐκ
2262 3039 2373 3094 τῶν
2404 3037 2654 3108 ἀδελφῶν
2689 3037 2892 3101 αὐτῶν,
2921 3037 3112 3109 ῶσπερ
3141 3038 3221 3103 σὲ,
3255 3037 3350 3093 καὶ
3370 3038 3526 3092 δώσω
3545 3039 3609 3093 τὸ
3627 3040 3783 3111 ῥῆμά

2181 3147 2284 3202 μου
2307 3133 2366 3186 ἐν
2397 3131 2479 3202 τῷ
2507 3131 2736 3201 στόματι
2762 3130 2948 3191 αὑτοῦ,
2975 3131 3071 3184 καὶ
3109 3130 3332 3202 λαλήσει
3365 3132 3551 3195 αὐτοῖς
3587 3131 3782 3186 καθότι

2180 3224 2246 3279 ἂν
2271 3223 2594 3294 ἐντείλωμαι
2615 3221 2788 3293 αὐτῷ.
2820 3223 2929 3275 Καὶ
2951 3222 3328 3294 ἄνθρωπος,ὃς
3355 3222 3421 3277 ἂν
3442 3225 3518 3294 μὴ
3540 3223 3778 3296 ἀκούσῃ,

2177 3315 2278 3370 ὃσα
2296 3314 2361 3369 ἂν
2389 3314 2598 3387 λαλήσῃ
2627 3315 2656 3366 ὁ
2695 3315 2980 3386 προφήτης
3017 3316 3110 3368 ἐπὶ
3135 3313 3214 3387 τῷ
3252 3315 3481 3386 ὀνόματί
3514 3333 3642 3386 μου,
3667 3317 3782 3385 ἐγὼ

2179 3405 2456 3476 ἐκδικήσω
2513 3404 2572 3473 ἐξ
2604 3404 2797 3459 αὐτοῦ.
2824 3425 2842 3458 ι
2883 3404 3253 3476 Ἐπανάληψίν
3283 3421 3404 3458 τινα
3437 3405 3531 3458 καὶ
3577 3405 3784 3458 ἀνακε-

2177 3497 2479 3573 φαλαίωσιν
2517 3497 2626 3550 τῶν
2647 3497 2961 3552 Μωσαῖκῶν
2994 3497 3215 3567 βιϐλίων
3271 3497 3332 3550 τὸ
3356 3499 3782 3569 Δευτερονόμιον

2177 3588 2310 3658 ἔχει.
2345 3587 2437 3640 Διὸ
2465 3586 2532 3659 δὴ
2562 3587 2732 3642 τύπον
2766 3588 2824 3653 ἐξ
2857 3588 3023 3641 αὑτοῦ
3055 3588 3149 3641 καὶ
3189 3589 3374 3652 είκόνα
3400 3588 3498 3660 τὴν
3524 3591 3589 3643 ἐκ
3621 3608 3776 3660 νομι-

2177 3679 2282 3751 κῆς
2321 3680 2637 3752 ἱερουργίας
2671 3681 2772 3734 οὐκ
2823 3679 3030 3732 ἔνεστιν
3083 3680 3305 3744 ἑλόντας
3346 3682 3540 3734 εἰπεῖν.
3588 3683 3781 3751 Ὅμως

2177 3769 2412 3841 ἐπείπερ
2459 3771 2742 3824 ἁσυνετείν
2787 3769 2888 3822 οὐκ
2941 3767 3228 3839 εἰθίσμεθα
3289 3768 3490 3831 πάντες
3529 3767 3780 3832 νοοῦντες

2177 3861 2353 3933 ὀρθῶς
2397 3861 2485 3915 διὰ
2529 3859 2785 3931 Χριστὸν,
2816 3862 2926 3923 τοῖς
2960 3857 3362 3930 ἐντευξομένοις
3389 3858 3650 3929 ἐροῦμεν,
3685 3863 3779 3914 καὶ

2173 3953 2277 4006 τὸν
2310 3954 2368 4006 ἐν
2400 3953 2514 4015 τοῖς
2553 3949 2940 4023 προκειμένοις
2967 3949 3433 4021 ἀναμοχλεύοντες
3460 3949 3610 4005 νοῦν.
3645 3951 3780 4003 ἰδοῦ

2177 4041 2244 4116 δὴ
2279 4042 2440 4096 πάλιν
2464 4039 2938 4102 ἀκατακαλύπτως
2959 4038 3092 4109 ήμῖν
3127 4039 3188 4091 τὸ
3213 4038 3309 4090 ἐπὶ
3340 4037 3563 4108 Χριστῷ
3591 4037 3783 4091 λαλεῖ-

2175 4151 2269 4188 ται
2305 4133 2627 4204 μυστήριον,
2667 4131 2726 4197 ἐξ
2777 4130 3095 4200 ὁμοιότητος
3123 4129 3225 4201 τῆς
3263 4129 3408 4184 κατὰ
3441 4130 3650 4184 Μωσέα
3695 4130 3785 4183 διὰ

2176 4224 2516 4294 λεπτοτάτης
2585 4221 2818 4294 θεωρίας
2885 4221 3151 4293 ἐντέχνως
3233 4221 3784 4292 μεταπλαττόμενον.

2183 4336 2202 4372 ι
2240 4319 2533 4390 Προφήτην
2585 4316 2693 4389 γὰρ
2733 4318 2862 4386 ὑμῖν
2913 4316 3248 4387 ἀναστήσει,
3285 4315 3443 4386 φησὶ,
3492 4313 3706 4386 Κύριος
3756 4314 3787 4365 ὁ

2176 4411 2307 4476 Θεὸς
2337 4410 2494 4482 ήμῶν
2527 4412 2591 4464 ἐκ
2621 4409 2729 4463 τῶν
2753 4409 2999 4478 ἀδελφῶν
3046 4425 3163 4474 σου,
3198 4408 3274 4471 ὡς
3317 4405 3438 4479 ἐμέ.
3482 4422 3506 4462 ι
3541 4409 3786 4478 Διερμη-

2176 4501 2347 4554 νεύων
2369 4501 2428 4554 δὲ
2475 4499 2659 4564 αὐτὸς,
2685 4501 2780 4554 καὶ
2826 4499 2972 4570 μάλα
3014 4499 3229 4572 γοργῶς
3255 4539 3269 4564 ,
3299 4497 3490 4551 ὁποίαν
3525 4493 3788 4568 είσξρέρει

2175 4590 2274 4665 τὴν
2305 4591 2364 4659 ἐξ
2395 4590 2709 4664 είκονισμοῦ
2755 4590 2848 4645 τοῦ
2890 4590 3011 4645 κατ’
3039 4590 3202 4644 αὐτὸν
3229 4588 3462 4660 θεωρίαν
3507 4587 3571 4641 τὸ
3617 4587 3786 4658 διηγ-

2177 4684 2460 4756 γελμένον,
2477 4683 2728 4755 ἐπιφέρει
2751 4683 2930 4752 σοφῶς
2951 4699 2962 4712 ⁸
2994 4701 3013 4736 ι
3041 4679 3199 4736 Κατά
3232 4680 3428 4742 πάντα,
3447 4680 3548 4733 ὅσα
3581 4679 3788 4751 ᾐτήσω

2177 4775 2328 4848 παρὰ
2348 4773 2554 4847 Κυρίου
2582 4773 2675 4829 τοῦ
2703 4771 2836 4828 Θεοῦ
2869 4791 2963 4829 σου
2984 4774 3042 4826 ἐν
3068 4772 3146 4844 τῷ
3183 4771 3298 4842 ὄρει
3324 4771 3455 4842 Σινᾷ
3484 4772 3554 4842 τῇ
3587 4771 3786 4842 ἡμέρᾳ

2177 4869 2276 4938 τῆς
2313 4864 2632 4936 ἐκκλησίας,
2661 4863 2913 4934 λέγοντες
2939 4883 2952 4896 ’
2983 4865 3059 4918 Οὐ
3105 4864 3489 4934 προσθήσομεν
3539 4861 3788 4916 ἀκοῦσαι

2177 4962 2276 5030 τῆς
2319 4957 2502 5029 φωνῆς
2551 4957 2758 5028 Κυρίου
2807 4955 2902 5011 τοῦ
2947 4955 3082 5010 Θεοῦ
3138 4955 3316 5026 ἡμῶν,
3344 4955 3438 5008 καὶ
3469 4952 3533 5007 τὸ
3566 4952 3687 5024 πῦρ
3721 4952 3788 5005 τὸ

2183 5051 2326 5121 μέγα
2363 5049 2524 5104 τοῦτο
2569 5049 2670 5103 οὐκ
2705 5047 2950 5120 ὀψόμεθα
2979 5048 3080 5116 ἔτι,
3126 5046 3221 5101 καὶ
3259 5046 3318 5099 οὑ
3363 5045 3440 5117 μὴ
3478 5043 3786 5099 ἀτωθάνω·

2183 5154 2334 5207 μεν.»
2381 5136 2601 5191 Ἑαυτὸν
2629 5138 2726 5207 μὲν
2757 5137 2866 5207 γὰρ
2889 5137 2950 5189 τὸ
2978 5135 3230 5207 τηνικάδε
3256 5135 3487 5206 μεσίτην
3513 5131 3787 5206 είρῆσθαι

2180 5213 2608 5299 διίῑσχυρίζεται,¹
2628 5229 2742 5290 τοῖς
2779 5227 2920 5299 ὑπὲρ
2954 5228 3054 5300 τὴν
3086 5226 3246 5298 φύσιν
3283 5225 3614 5299 προσϐαλεῖν
3645 5226 3786 5278 ἀτο-

2175 5318 2371 5390 νούσης
2420 5318 2501 5372 ἔτι
2547 5319 2648 5390 τῆς
2694 5318 2964 5373 Ἰουδαίων
3017 5319 3362 5391 συναγωγῆς.
3405 5318 3500 5372 καὶ
3533 5316 3602 5372 τά
3632 5314 3784 5386 ὑπὲρ

2173 5409 2404 5481 δύναμιν
2429 5409 2518 5464 διά
2547 5409 2708 5464 τοῦτο
2751 5411 3046 5482 σωφρόνως
3084 5409 3552 5484 παραιτουμένής.
3599 5406 3786 5460 Τοῦτο

2171 5501 2228 5552 δὲ
2266 5495 2335 5571 ἦν
2372 5500 2598 5556 θεοπτία
2617 5501 2878 5574 δηλονότι,
2909 5505 3030 5567 ταῖς
3055 5503 3155 5556 οὐκ
3179 5501 3240 5568 ἐξ
3261 5501 3414 5567 ἔθους
3445 5499 3785 5573 φαντασίαις

2175 5592 2276 5664 τὴν
2310 5593 2432 5664 ὄψιν
2489 5592 2790 5660 ξενίζουσα,
2840 5596 2933 5651 καὶ
2985 5595 3304 5664 σαλπίγγων
3357 5592 3615 5664 ὑπερφυῆ
3682 5587 3786 5643 καὶ

569 5863 641 5932 (l)
667 5861 804 5914 LXX
836 5871 889 5916 et
919 5860 1075 5932 Vulg.
1105 5861 1397 5931 ἐλάλησαν,
1426 5861 1588 5916 locuti
1618 5871 1764 5923 sunt,
1801 5869 1855 5914 et
1885 5859 1964 5916 sic
1999 5857 2079 5913 inf

2181 5860 2272 5914 rol.
2307 5860 2413 5915 450
2435 5860 2495 5915 C.
