4052 6498
275 458 392 516 429

1353 448 1421 505 IN
1455 447 1743 507 JOANNIS
1781 445 2234 506 EVANGELIUM
2272 447 2400 504 LIB.
2451 446 2536 504 lli.

3477 454 3585 512 430

271 575 539 646 ἀφόρητα
566 572 682 636 τοῖς
707 569 1086 642 ἀκροωμένοις
1103 569 1292 641 ἀπηχή
1303 586 1468 641 ματα.
1497 568 1711 628 οὐκοῦν
1727 565 1880 623 ἀσθε-

1993 564 2076 622 sis
2109 563 2301 620 divina
2333 563 2556 620 decreta
2598 562 2799 636 popqu
2844 563 3218 622 ministrantis
3267 564 3339 620 ad
3392 564 3586 625 levan-

271 666 432 729 νείας
460 665 574 728 τοῖς
603 663 862 735 τηνικάδε
905 663 1178 736 φάρμακα
1206 663 1242 733 ή
1269 662 1517 726 Μωσέως
1543 660 1888 717 ἀνεδείκνυτο

274 757 562 830 μεσιτεία,
589 757 970 822 διακονοῦντος
992 758 1058 829 τῇ
1093 757 1387 828 συναγωγῇ
1419 755 1492 811 τὰ
1525 754 1712 810 θεόθεν
1736 753 1888 810 τεθε-

273 849 583 922 σπισμένα.
638 849 944 924 Μεταλήψῃ
993 850 1050 904 δὲ
1085 847 1251 902 πάλιν
1294 848 1388 902 τὸν
1427 846 1600 902 τύπον
1639 847 1736 900 ἐπὶ
1783 845 1887 916 τὴν

270 943 563 1016 ἀλήθειαν,
595 943 692 999 καὶ
732 942 826 998 τὸν
879 942 1110 1014 μεσίτην
1149 941 1287 998 Θεοῦ
1338 942 1432 996 καὶ
1465 938 1772 1012 ἀνθρώπων
1797 939 1887 995 διὰ

269 1035 492 1090 τούτων
517 1035 799 1108 ἐννοήσεις
827 1035 1084 1108 Χριστὸν,
1114 1033 1471 1090 διακονοῦντα
1501 1036 1617 1098 τοῖς
1650 1033 1888 1105 εὐμαθε-

272 1127 371 1180 στὲ
379 1143 497 1197 ροις
511 1125 601 1180 διά
613 1127 800 1196 φωνῆς
817 1126 915 1180 ἀνθ
921 1127 1187 1200 ρωπίνης,
1200 1128 1290 1182 ὅτε
1305 1126 1375 1180 δι’
1387 1129 1420 1200 ή
1429 1127 1537 1199 μᾶς
1548 1127 1613 1180 ὲκ
1626 1125 1888 1194 γυναικὸς

272 1218 574 1292 ἐγεννήθη,
602 1219 704 1292 τὴν
731 1219 828 1274 τοῦ
853 1220 990 1275 Θεοῦ
1007 1221 1105 1276 καὶ
1137 1220 1353 1292 Πατρὸς
1371 1219 1689 1292 ἀπόρρητον
1724 1218 1885 1290 θέλη-

272 1328 384 1378 σιν,
409 1310 835 1383 γνωριζομένην
861 1311 1013 1384 αύτῷ
1039 1312 1104 1386 δὴ
1135 1313 1232 1367 καὶ
1261 1313 1432 1386 μόνῳ,
1468 1312 1607 1368 καθὸ
1636 1311 1733 1366 καὶ
1758 1311 1888 1376 Υἱὸς

269 1402 335 1468 ἐξ
363 1401 539 1457 αὑτοῦ
559 1403 656 1456 καὶ
686 1403 850 1472 σοφία
875 1407 1100 1473 νοεῖται,
1125 1405 1307 1462 πάντα
1340 1403 1518 1470 εἰδὼς,
1540 1405 1636 1460 καὶ
1654 1403 1724 1458 τά
1743 1403 1884 1476 βάθη

266 1495 371 1551 τοῦ
405 1493 567 1550 Θεοῦ.
614 1495 838 1568 Ἐπειδὴ
867 1496 979 1570 γὰρ
1003 1499 1120 1563 τοῖς
1160 1496 1258 1553 τοῦ
1289 1497 1545 1569 σώματος
1582 1496 1887 1568 ὀφθαλμοῖς

265 1587 378 1642 οὐκ
397 1583 467 1660 ἦν
495 1587 728 1660 ἀκράτῳ
758 1588 852 1642 καὶ
873 1591 1056 1660 γυμνῇ
1079 1589 1412 1664 προσϐαλεῖν
1448 1593 1518 1662 τῇ
1549 1588 1672 1662 θείᾳ
1704 1605 1766 1643 τε
1792 1588 1886 1642 καὶ

267 1681 507 1752 ἀρρήτῳ
529 1680 658 1752 δόξῃ
676 1683 779 1753 τῆς
798 1682 868 1736 τὰ
884 1682 1064 1737 πάντα
1083 1681 1495 1756 ὑπερκειμένης
1516 1682 1726 1747 οὐσίας·
1744 1701 1762 1735 ι
1791 1683 1887 1739 Οὐ-

265 1774 387 1838 δεὶς
420 1773 535 1847 γὰρ
564 1773 758 1846 ὄψεται
807 1775 870 1829 τὸ
901 1775 1200 1847 πρόσωπόν
1233 1793 1338 1848 μου
1360 1817 1375 1842 ,
1409 1776 1566 1848 φησὶ,
1599 1777 1694 1831 καὶ
1721 1776 1887 1848 ζήσε-

263 1882 363 1920 ται
394 1883 410 1896 ’
442 1883 462 1918 ι
511 1865 834 1934 ἀναγκαίως
858 1867 888 1920 δ
921 1866 1218 1939 μονογενὴς
1251 1866 1347 1921 τοῦ
1391 1867 1530 1921 Θεοῦ
1567 1866 1741 1936 Λόγος
1760 1867 1881 1932 ταῖς

1991 657 2128 714 du
2175 655 2469 713 hominum
2495 657 2595 728 qui
2629 667 2762 716 tunc
2792 657 3057 729 temporis
3087 665 3252 714 erant
3289 659 3589 716 inﬁrmita-

1992 758 2106 806 tem
2139 749 2397 807 instituta
2433 758 2542 807 est.
2575 749 2677 806 llic
2719 759 2911 822 typum
2962 765 3164 809 rursus
3195 751 3266 808 ad
3293 754 3585 810 veritatem

1993 841 2326 910 transferes,
2351 850 2408 900 et
2439 842 2800 901 mediatorem
2837 842 2931 901 Dei
2978 854 3037 902 et
3082 845 3249 920 263
3295 846 3586 904 hominum

1992 937 2281 996 Christum
2320 954 2421 1010 per
2449 937 2568 996 hac
2596 938 2894 1012 intelliges,
2931 935 3348 1000 ministrantem
3385 944 3586 1001 docili-

1995 1029 2100 1087 bus
2130 1031 2372 1087 humana
2406 1046 2564 1097 voce,
2596 1031 2826 1103 quando
2861 1045 3085 1104 propter
3129 1050 3235 1093 nos
3259 1051 3326 1092 es
3357 1037 3590 1095 muliere

1993 1131 2162 1180 natus
2195 1132 2302 1189 est,
2335 1123 2436 1181 Dei
2491 1139 2559 1182 ac
2613 1123 2799 1183 Patris
2839 1127 3183 1183 voluntatem
3231 1127 3588 1194 iueti‘abilem,

1995 1215 2101 1288 ipsi
2155 1222 2309 1274 certe
2345 1217 2444 1273 uni
2491 1217 2799 1290 cognitam,
2825 1218 2884 1274 in
2912 1228 3184 1290 quantum
3231 1228 3288 1278 et
3317 1220 3494 1279 Filius
3520 1237 3587 1278 es

1995 1305 2140 1378 ipso,
2175 1317 2232 1365 et
2279 1308 2554 1379 sapientia
2590 1309 2946 1382 intelligitur,
2979 1319 3180 1367 cuncta
3217 1326 3588 1384 cognoscens.

1993 1399 2159 1455 etiam
2203 1399 2480 1472 profunda
2507 1401 2686 1459 Dei".
2715 1402 2854 1460 Cum
2883 1404 3034 1460 enim
3063 1405 3354 1476 corporeis
3404 1407 3590 1462 oculis

1989 1491 2238 1549 divinam
2273 1501 2328 1549 et
2371 1493 2710 1551 ineﬂabilem
2746 1495 2972 1552 deitatis
3024 1497 3214 1554 omnia
3267 1499 3589 1570 superantis

1994 1585 2230 1656 gloriam
2259 1600 2456 1657 puram
2487 1602 2552 1642 ac
2591 1587 2796 1643 nudam
2828 1602 3061 1646 cernere
3091 1604 3203 1645 non
3236 1605 3537 1662 possemus
3571 1611 3586 1646 :

1998 1697 2018 1733 ι
2051 1677 2173 1737 Non
2202 1679 2356 1737 enim
2386 1679 2597 1737 videbit
2635 1681 2807 1737 homo
2840 1679 3038 1739 faciem
3074 1683 3505 1756 meam,inquit,
3533 1693 3589 1738 et

1993 1769 2141 1827 vivet
2154 1771 2234 1840 ³¹;
2263 1790 2284 1826 ι
2319 1771 2536 1829 idcirco
2585 1775 2910 1831 necessario
2942 1774 3293 1848 unigenitum
3324 1775 3416 1833 Dei
3449 1777 3589 1834 Ver-

1992 1863 2120 1919 hum
2151 1863 2361 1921 nostris
2389 1863 2809 1922 inﬁrmitatibus
2841 1865 3253 1923 conformatum
3281 1876 3388 1932 est.
3430 1885 3587 1926 mor-

269 1957 584 2030 ήμετέραις
607 1957 921 2021 ἀσθενείαις
946 1958 1469 2030 συνεσχηματίζετο,
1500 1959 1562 2013 τὸ
1599 1959 1880 2014 ἀνθρώπι-

1995 1957 2088 2011 tali
2141 1957 2248 2012 hoc
2285 1972 2522 2028 corpore
2573 1957 2882 2014 secundum
2922 1959 3253 2015 ineffabilem
3298 1960 3590 2033 dispensa-

273 2069 364 2104 νον
403 2051 471 2123 δὴ
501 2051 664 2105 τοῦτο
703 2051 848 2105 κατά
874 2051 964 2105 τὸν
997 2052 1238 2125 ἄρρητον
1267 2053 1369 2124 τῆς
1388 2053 1705 2126 οἰκονομίας
1723 2053 1883 2123 λόγον

272 2144 663 2216 ἠμφιεσμένος
701 2144 886 2216 σῶμα,
911 2146 1006 2200 καὶ
1041 2146 1142 2218 τὴν
1192 2147 1402 2203 ἀνωθεν
1447 2149 1602 2219 ἡμῖν,
1631 2147 1884 2202 τουτέστι

265 2236 368 2290 τοῦ
395 2236 539 2290 Θεοῦ
563 2238 659 2292 καὶ
677 2237 894 2309 Πατρὺς
929 2240 1173 2311 φανερὰν
1203 2240 1378 2294 ἐποίει
1407 2238 1622 2313 βουλὴν,
1654 2239 1832 2310 λέγων
1864 2257 1880 2271 ο

273 2347 296 2382 s
330 2329 530 2384 Πάντα
552 2329 655 2385 ὅσα
684 2331 895 2402 ήκουσα
927 2333 1082 2402 παρά
1108 2331 1203 2386 τοῦ
1241 2332 1479 2403 Πατρὸς,
1507 2331 1686 2388 ταῦτα
1713 2334 1884 2403 ἀναγ-

264 2421 456 2491 γέλλω
490 2421 643 2492 ύμῖν.
679 2442 698 2476 ι
727 2424 839 2478 Καὶ
861 2424 1048 2493 πάλιν,
1078 2425 1161 2480 ὅτι
1194 2443 1213 2477 ι
1250 2423 1395 2496 Ἐγὼ
1420 2425 1483 2491 ἐξ
1501 2423 1746 2497 ἐμαυτοῦ
1783 2426 1886 2482 οὐκ

262 2515 541 2586 ἐλάλησα,
566 2515 683 2570 ἀλλ’
709 2518 738 2570 ό
767 2515 996 2588 πέμψας
1033 2535 1102 2589 με
1148 2519 1364 2591 Πατὴρ,
1403 2517 1570 2582 αὐτός
1603 2535 1696 2590 μοι
1729 2520 1884 2574 ιντο-

259 2610 373 2682 λὴν
405 2610 612 2665 δέδωκε
639 2610 693 2664 τί
737 2611 900 2680 εἷται),
923 2613 1021 2667 καὶ
1050 2613 1104 2668 τί
1136 2613 1380 2684 λαλήσω.
1417 2631 1436 2666 ι
1479 2612 1693 2668 Οὐκοῦν
1740 2612 1888 2669 κατά

265 2707 378 2779 μὲν
429 2705 534 2777 τῆς
565 2706 846 2778 μεσιτείας
893 2707 1100 2772 εἰκόνα,
1135 2708 1307 2772 τύπος
1333 2707 1402 2762 ἂν
1427 2710 1603 2762 νοοῖτο
1641 2706 1883 2779 Χριστοῦ

265 2799 372 2853 καὶ
413 2798 590 2853 πάλαι
633 2798 863 2869 Μωσῆς,
893 2799 965 2853 τά
1011 2798 1196 2852 θεόθεν
1223 2798 1561 2872 διωρισμένα
1586 2801 1702 2862 τοῖς
1744 2800 1882 2864 υἱοῖς

278 2889 512 2961 Ἰσραὴλ
543 2884 606 2944 εὖ
649 2889 714 2960 δὴ
753 2890 849 2944 καὶ
890 2889 1038 2961 μάλα
1079 2888 1504 2960 διακονούμενος
1523 2905 1540 2920 ⁶
1565 2889 1683 2944 ἀλλ’
1712 2891 1746 2962 ή
1785 2890 1885 2961 μὲν

264 2983 524 3047 Μωσέως
574 2983 824 3054 μεσιτεία
851 2983 1158 3054 διακονικὴ,
1191 2982 1453 3055 δλευθέρα
1483 2981 1542 3037 δὲ
1568 2985 1602 3054 ή
1637 2983 1727 3037 διὰ
1752 2983 1886 3054 Χρι-

264 3072 404 3126 στοῦ
444 3073 544 3128 καὶ
589 3074 1000 3146 μυστικωτέρα,
1031 3072 1283 3143 φυσικῶς
1305 3067 1414 3128 τῶν
1449 3073 1886 3145 μεσιτευομένων

263 3164 745 3235 ἐπιθιγγάνοντος,
772 3167 868 3219 καὶ
901 3166 1041 3236 πρὸς
1059 3167 1228 3238 ἄμφω
1245 3165 1544 3237 διήκοντος,
1565 3167 1667 3237 τήν
1694 3181 1755 3219 τε
1791 3183 1886 3237 με·

266 3259 642 3330 σιτευομένην
689 3259 1090 3332 ἀνθρωπότητα
1113 3297 1128 3325 ,
1159 3259 1256 3314 καὶ
1309 3259 1533 3331 Πατέρα
1574 3259 1728 3315 Θεόν.
1771 3255 1884 3314 Ἦν

1987 2050 2158 2106 tionis
2199 2050 2478 2106 rationem
2523 2049 2803 2118 indutum,
2831 2060 2885 2107 et
2936 2068 3234 2123 supernam
3266 2055 3450 2121 nobis,
3482 2055 3590 2112 hoc

1983 2149 2070 2197 est
2099 2139 2194 2197 Dei
2225 2155 2292 2196 ac
2319 2139 2526 2206 Patris,
2553 2142 2893 2199 voluntatem
2919 2143 3314 2213 manifestavit,
3342 2147 3538 2205 dicens
3568 2164 3584 2201 :

1989 2253 2008 2286 ι
2038 2235 2236 2290 Omnia
2258 2249 2607 2307 quaecumque
2636 2236 2823 2292 audivi
2850 2251 2882 2292 a
2909 2235 3077 2294 Putre
3103 2253 3250 2304 meo,
3277 2247 3407 2295 nota
3444 2241 3590 2299 facio

1983 2330 2142 2387 vobis
2164 2329 2233 2384 ⁸³.
2271 2349 2292 2383 ι
2326 2328 2459 2386 Item
2490 2347 2503 2384 :
2532 2348 2554 2383 ι
2591 2329 2713 2402 Ego
2739 2347 2804 2388 ex
2851 2332 3066 2405 meipso
3110 2348 3222 2389 non
3265 2350 3390 2392 sum
3421 2337 3575 2392 locu-

1985 2430 2100 2490 tus,
2132 2424 2229 2481 sed
2259 2424 2356 2496 qui
2395 2423 2550 2482 misit
2589 2440 2680 2482 tne
2713 2424 2897 2492 Pater,
2934 2425 3057 2498 ipse
3086 2426 3223 2484 mihi
3259 2428 3584 2485 mandatum

1983 2518 2137 2576 dedit
2163 2517 2294 2590 quid
2331 2517 2511 2575 dicam
2533 2559 2550 2586 ,
2585 2529 2640 2575 et
2671 2518 2805 2591 quid
2835 2519 3031 2590 loquar
3058 2518 3129 2574 ³⁸.
3165 2538 3185 2573 ι
3221 2517 3396 2592 Igitur
3436 2523 3586 2593 quod

1988 2612 2057 2667 ad
2095 2611 2450 2668 mediationis
2484 2611 2708 2684 quidem
2770 2620 2985 2681 spectat
3043 2613 3367 2685 imaginem,
3417 2621 3588 2689 typus

1989 2703 2199 2760 Christi
2228 2704 2545 2760 censendus
2593 2715 2680 2760 est
2715 2703 2954 2776 Moyses,
2992 2706 3088 2777 qui
3125 2707 3316 2764 divina
3359 2707 3586 2766 decreta

1993 2794 2121 2852 iiiiis
2153 2794 2320 2852 lsrael
2356 2796 2551 2866 utique
2579 2796 2960 2865 ministrabat,
3001 2798 3098 2855 sed
3123 2797 3328 2871 Moysis
3361 2801 3588 2872 quidem

2000 2885 2270 2942 mediatio
2295 2887 2704 2943 ministratoria
2733 2895 2876 2950 erat,
2901 2887 3112 2944 Christi
3158 2905 3292 2946 vero
3325 2892 3586 2948 mediatio

1989 2975 2166 3030 libera
2211 2985 2267 3032 et
2319 2978 2579 3047 mystica,
2613 2985 2809 3047 utpote
2835 2979 2932 3050 qui
2965 2980 3298 3035 naturaliter
3335 2996 3399 3037 ea
3442 2998 3584 3054 quo-

1985 3083 2110 3122 rum
2142 3067 2513 3125 mediatorest
2538 3069 2785 3142 attingit,
2818 3077 2873 3124 et
2902 3069 2970 3125 ad
2997 3072 3163 3127 ambo
3190 3073 3452 3144 pertinet,
3481 3075 3584 3131 hu-

1987 3159 2314 3215 manitatem
2351 3159 2641 3227 nimirum,
2673 3159 2837 3231 cujus
2888 3162 3166 3217 mediator
3225 3170 3331 3226 est,
3391 3172 3445 3218 et
3479 3163 3584 3220 Pa-

1987 3258 2132 3308 trem
2168 3252 2362 3309 Deum.
2391 3252 2487 3310 Est
2523 3254 2668 3309 enim
2693 3261 2896 3309 natura
2928 3253 3073 3311 Deus
3112 3262 3174 3310 ut
3208 3270 3275 3312 ex
3310 3254 3423 3312 Deo
3447 3255 3583 3314 Uni-

265 3345 376 3414 μὲν
409 3347 522 3417 γὰρ
553 3345 715 3416 φύσει
757 3346 892 3411 Θεὸς
935 3347 1014 3412 ὡς
1055 3349 1122 3402 ὲκ
1171 3347 1307 3402 Θεοῦ
1340 3348 1689 3420 Μονογενὴς,
1719 3348 1880 3404 οἱονεὶ

1989 3347 2234 3418 genitus.
2269 3361 2299 3400 a
2353 3347 2663 3403 substantia
2712 3346 2994 3404 Genitoris
3021 3363 3132 3403 non
3175 3340 3494 3420 separatus,
3533 3361 3582 3407 e1

263 3439 371 3508 τῆς
426 3437 526 3491 τοῦ
575 3439 943 3510 γεννήσαντος
969 3438 1030 3492 οὐ
1076 3438 1488 3510 κεχωρισμένος
1526 3438 1718 3502 οὐσίας
1740 3480 1752 3503 ,
1791 3439 1887 3492 καὶ

266 3531 412 3602 αὐτῇ
456 3527 904 3602 προσπεφυκὼς,
929 3529 1068 3584 καθδ
1103 3532 1303 3583 νοεῖται
1327 3531 1424 3585 καὶ
1453 3530 1512 3598 ἐξ
1548 3531 1743 3602 αὐτῆς.
1773 3524 1885 3586 Ἦν

263 3623 326 3678 δὲ
353 3622 453 3676 καὶ
472 3621 786 3692 ἄνθρωπος,
811 3621 948 3677 καθὸ
969 3621 1164 3691 γέγονε
1206 3622 1346 3695 σὰρξ
1374 3623 1570 3678 ἑαυτὸν
1607 3625 1742 3696 ἡμῖν
1791 3621 1878 3688 ἑξ-

262 3711 481 3783 ομοιῶν
507 3751 522 3773 ,
542 3711 631 3767 ἵνα
656 3712 724 3766 δι’
753 3712 919 3767 αὐτοῦ
949 3713 1294 3784 συνάπτηται
1336 3711 1460 3785 Θεῷ
1484 3713 1550 3768 τὸ
1579 3713 1716 3769 πολὺ
1738 3713 1884 3768 κατὰ

265 3807 441 3877 φύσιν
486 3806 843 3878 διῃρημένον.
875 3807 1046 3862 Ὀταν
1075 3802 1170 3862 οῦν
1211 3806 1344 3880 λέγῃ
1380 3807 1624 3879 Μωσῆςο
1661 3826 1681 3862 ι
1726 3809 1885 3862 Ἀνα-

265 3900 468 3970 στήσει
503 3899 712 3969 Κύριος
733 3900 866 3972 ὑμῖν
895 3899 989 3953 τὸν
1019 3900 1309 3972 προφήτην
1338 3899 1416 3965 ὡς
1445 3899 1568 3971 ἐμὲ,
1605 3918 1625 3952 ι
1666 3901 1884 3971 νοήσεις

262 3993 368 4064 οὐχ
396 3992 682 4064 ἑτέρως,ἢ
712 3993 883 4065 όνπερ
907 3993 1108 4065 τρόπον
1141 3991 1350 4064 ἀρτίως
1382 3992 1723 4066 εἰρήκαμενο
1755 3993 1882 4047 ἐπεὶ

265 4087 364 4141 καὶ
403 4087 573 4147 αὐτὸς
600 4085 694 4140 τὸν
734 4086 832 4139 ἐπὶ
877 4085 1056 4156 τούτῳ
1093 4084 1250 4155 λόγον
1282 4085 1672 4156 ἑπισφραγίζει
1703 4085 1881 4155 λέγων

271 4179 302 4232 ὁ
331 4180 508 4244 Θεός·
547 4197 568 4233 ι
623 4179 833 4253 Ὀρθῶς
875 4179 1057 4234 πάντα
1100 4180 1202 4234 ὅσα
1253 4178 1548 4250 ἐλάλησαν.
1581 4180 1878 4252 Προφήτην

263 4272 459 4336 αὐτοῖς
496 4271 792 4343 ἀναστήσω
828 4271 1020 4345 ὥσπερ
1070 4270 1166 4338 σὲ,
1201 4271 1298 4327 καὶ
1347 4272 1500 4344 θήσω
1531 4272 1606 4327 τά
1653 4272 1881 4343 ῥήματά

269 4383 374 4436 μου
423 4364 516 4419 ἐπ’
550 4364 724 4437 αὐτῷ,
761 4364 858 4422 καὶ
897 4364 1124 4437 λαλήσει
1157 4363 1308 4435 αὐτῷ
1356 4364 1500 4420 κατά
1546 4365 1747 4430 πάντα,
1777 4365 1879 4419 ὅσα

267 4456 332 4512 ἂν
361 4456 700 4528 ὲντείλωμαι
732 4457 980 4530 αὐτῷ.--
1006 4456 1170 4529 Φέρει
1200 4458 1310 4529 γὰρ
1343 4457 1412 4512 τὰ
1454 4457 1632 4512 πάντα
1675 4457 1754 4528 τῷ
1780 4457 1878 4529 {si}-

271 4567 404 4619 ματι
436 4549 544 4620 τῆς
574 4549 908 4620 δυνάμεωςό
932 4549 1064 4610 Υίὸς
1086 4589 1100 4614 ,
1137 4569 1157 4602 ι
1193 4549 1270 4613 ὡς
1294 4549 1323 4601 ὁ
1353 4548 1566 4614 Παῦλός
1591 4568 1748 4623 φησι,
1781 4552 1877 4605 καὶ

267 4639 366 4704 τὰς
393 4638 494 4694 τοῦ
531 4639 746 4712 [ἰατρὸς
769 4641 906 4712 ἡμῖν
935 4639 1258 4709 ἀναγγέλλει
1285 4639 1492 4710 φωνάς,
1521 4639 1619 4696 ἅτε
1640 4641 1705 4714 δὴ
1741 4643 1875 4715 παρ’

1989 3441 2096 3514 ipsi
2130 3440 2491 3506 incssistens,
2526 3440 2583 3496 in
2614 3449 2885 3513 quantum
2913 3455 2979 3499 ex
3019 3441 3138 3515 ipsa
3179 3445 3344 3500 etiam
3381 3444 3582 3500 intelli-

1988 3529 2159 3602 gitur.
2194 3529 2291 3586 Est
2323 3545 2458 3587 vero
2489 3531 2658 3587 etiam
2692 3531 2880 3598 homo,
2912 3541 3188 3604 quatenus
3221 3550 3353 3591 caro
3404 3535 3582 3594 factus

1984 3632 2093 3691 est,
2129 3624 2376 3695 scipsum
2409 3624 2571 3680 nobis
2592 3624 2830 3682 similem
2881 3625 3122 3694 faciens,
3160 3638 3217 3685 ut
3253 3644 3352 3700 per
3403 3629 3582 3701 ipsum

1977 3715 2043 3772 id
2076 3716 2224 3788 quod
2263 3725 2462 3772 natura
2507 3719 2670 3789 longe
2709 3703 2974 3775 dissitum
3009 3729 3149 3786 erat,
3177 3721 3293 3778 Deo
3343 3723 3587 3794 conjun-

1988 3817 2237 3880 geretur.
2280 3809 2418 3863 (lum
2443 3823 2578 3880 ergo
2601 3809 2740 3865 dicit
2768 3809 2986 3882 Moyses
3016 3832 3028 3868 :
3065 3827 3088 3864 ι
3127 3811 3437 3870 Suscitabit
3475 3813 3576 3871 Do-

1984 3902 2173 3959 minus
2219 3902 2378 3958 vobis
2419 3903 2750 3973 prophetam
2792 3904 2960 3960 sicuti
2998 3921 3086 3960 me
3107 3904 3178 3971 ³³,
3208 3923 3228 3958 ι
3269 3905 3430 3962 aliter
3471 3922 3580 3964 non

1984 3989 2262 4064 intelliges
2286 4007 2452 4064 quam
2481 4007 2595 4064 quo
2627 3993 2790 4049 modo
2838 4001 3004 4050 antea
3041 3995 3289 4054 diximus
3314 4014 3328 4052 :
3351 4012 3481 4053 nam
3528 4008 3579 4056 et

1983 4085 2104 4158 ipse
2135 4085 2284 4142 Deus
2309 4084 2364 4141 id
2389 4084 2704 4151 conﬁrmat,
2734 4084 2964 4141 dicens:
2992 4105 3011 4138 ι
3049 4085 3224 4143 Recte
3246 4089 3432 4144 omnia
3459 4106 3580 4162 qua!

1985 4177 2156 4233 locuti
2197 4185 2328 4233 sunt
2363 4191 2379 4232 :
2427 4177 2752 4248 prophetam
2803 4177 3089 4235 suscitabo
3133 4179 3236 4244 eis,
3287 4181 3436 4238 sicut
3478 4191 3532 4240 te
3571 4233 3585 4256 ,

1984 4278 2039 4325 et
2070 4269 2216 4325 dabo
2244 4269 2408 4325 verba
2447 4283 2568 4324 mea
2616 4268 2674 4324 in
2728 4282 2826 4324 ore
2866 4267 3024 4338 eius;
3082 4278 3137 4326 et
3189 4271 3450 4343 loquetur
3497 4276 3578 4331 eis

1981 4376 2329 4433 quaecunque
2382 4360 2718 4416 mandavero
2763 4359 2810 4416 ei
2831 4358 3125 4417 “.tPortat
3183 4365 3332 4420 enim
3393 4368 3578 4424 omnia

1980 4455 2151 4513 verbo
2207 4455 2430 4512 virtutis
2467 4469 2583 4511 suae
2621 4453 2818 4522 Filius,
2866 4457 3335 4528 quemadmodum
3369 4459 3578 4518 Paulus

1980 4547 2057 4601 ait
2082 4546 2150 4613 ³⁷,
2171 4552 2227 4601 et
2254 4545 2436 4603 Patris
2468 4561 2633 4602 voces
2666 4545 2828 4601 nobis
2847 4548 3422 4615 annuntiat,maxime
3452 4566 3578 4606 cum

1983 4641 2054 4696 ab
2082 4642 2208 4712 ipso
2238 4642 2512 4696 mediator
2539 4640 2613 4696 sit
2655 4642 3021 4707 constitutus,
3063 4641 3228 4712 juxta
3260 4643 3396 4697 illud
3420 4643 3578 4700 Psal-

267 4733 438 4788 αὑτοῦ
476 4731 704 4805 μεσίτης
737 4733 1288 4805 κεχειροτονημένος,
1317 4735 1462 4789 κατά
1498 4734 1563 4789 τὸ
1603 4733 1666 4788 ιν
1711 4735 1871 4790 Ψαλ-

1985 4737 2161 4791 ωἱειω
2196 4743 2462 4806 tanquam
2493 4748 2559 4790 ex
2607 4749 2845 4805 persona
2885 4733 3092 4789 Christi
3123 4751 3136 4788 :
3179 4751 3198 4784 ι
3233 4735 3350 4806 Ego
3389 4745 3575 4792 autem

268 4826 394 4894 μοῖς
420 4823 708 4895 ᾀδόμενον,
741 4823 820 4888 ὡς
845 4823 907 4888 ἐξ
935 4824 1103 4878 αὐτοῦ
1128 4822 1226 4877 τοῦ
1255 4823 1498 4896 Χριστοῦ
1516 4842 1534 4859 ·
1573 4845 1594 4880 ι
1643 4825 1788 4896 Ἐγὼ
1816 4826 1874 4884 δὲ

266 4914 619 4988 κατεστάθην
657 4913 917 4986 βασιλεὺς
957 4916 1049 4971 ὑπ’
1081 4915 1248 4970 αὑτοῦ
1273 4957 1288 4984 ,
1325 4918 1420 4972 επὶ
1475 4917 1614 4974 Σιὼν
1647 4919 1774 4992 ὅρος
1813 4921 1876 4974 τὸ

265 5007 424 5078 ἅγιον
452 5006 623 5063 αὐτοῦ
657 5008 996 5078 διαγγέλλων
1027 5010 1090 5064 τὸ
1118 4999 1457 5082 πρόσταγμα
1487 5012 1720 5084 Κυρίου.
1753 5032 1772 5066 ι
1811 5013 1874 5068 Εἰ

263 5100 319 5155 δέ
366 5119 449 5172 τῳ
493 5102 678 5168 δοκεῖ,
715 5103 812 5157 καὶ
857 5103 918 5168 ἐξ
969 5103 1177 5174 ἐτέρων
1229 5103 1452 5158 twoqu
1503 5104 1600 5158 ἐπὶ
1641 5103 1733 5158 τὸν
1774 5105 1874 5178 τῆς

263 5193 591 5264 ὁμοιότητος
647 5191 1084 5260 ἀνασιδάζεσθαι
1129 5194 1355 5266 τρόπον,
1414 5193 1718 5266 έκλήψεται
1772 5195 1872 5266 μὲν

262 5284 568 5357 νομοθέτην
590 5285 653 5340 τδ
681 5303 700 5338 ι
739 5285 819 5350 ὡς
851 5285 976 5358 ἐμὲ,
1009 5304 1029 5338 ι
1064 5287 1159 5341 καὶ
1193 5287 1447 5360 παροίσει
1481 5287 1622 5359 πρὸς
1653 5287 1874 5342 ἀπόδει-

261 5375 347 5442 ξιν
403 5377 469 5430 τὸ
514 5395 536 5430 ε
589 5377 824 5450 Ἐρρέθη
879 5380 993 5443 τοῖς
1045 5379 1297 5452 ἀρχαίοις
1329 5397 1345 5414 ο
1397 5379 1475 5434 Οὐ
1511 5378 1865 5452 μοιχεύσεις·

259 5467 379 5538 εγὼ
415 5467 474 5522 δὲ
505 5468 652 5540 λέγω
679 5470 810 5541 ὑμῖν
843 5511 857 5536 ,
897 5470 1012 5525 οὐκ
1059 5471 1442 5544 ἐπιθυμήσεις.
1478 5491 1498 5524 ι
1536 5470 1868 5543 Ἐκλήψεται

255 5561 316 5618 δὲ
349 5560 519 5615 πάλιν
570 5561 776 5632 ὁμοίως
803 5562 866 5616 τὸ
899 5581 920 5616 ι
959 5561 1038 5627 ὡς
1081 5565 1206 5635 εμὲ,
1255 5583 1273 5618 ι
1322 5565 1664 5636 χειραγωγὸν
1704 5563 1868 5620 οίονεί

254 5670 404 5720 τινα,
422 5652 520 5708 καὶ
553 5654 994 5727 καθηγούμενον,
1018 5655 1312 5723 λέγων,εὶς
1343 5656 1403 5710 τὸ
1431 5655 1695 5712 δύνασθαι
1726 5658 1868 5709 νοεῖν

254 5746 327 5800 τὰ
375 5745 436 5798 ὲν
462 5745 684 5817 θελήσει
716 5747 956 5819 Πατρδς,
981 5748 1076 5801 καὶ
1107 5747 1174 5801 δι’
1203 5741 1281 5802 ὧν
1323 5747 1391 5802 ἂν
1422 5749 1634 5816 γένοιτο
1660 5748 1762 5818 τῆς
1785 5749 1866 5812 εἰς

329 5862 377 5892 ⁸⁸
419 5860 602 5918 lCor.
637 5878 700 5927 ιι,
743 5863 832 5917 10.
945 5865 988 5895 ³¹
1031 5861 1206 5917 Exod.
1249 5878 1460 5924 χχχιιι,
1491 5862 1585 5916 20.

250 5937 300 5963 ⁸⁸
342 5931 512 5989 Deut.
541 5948 674 5988 xvut
699 5976 714 6001 ,
750 5933 840 5987 18.
919 5935 960 5965 ³⁷
1008 5933 1171 5988 Hebr.
1207 5950 1245 5999 ι,
1281 5934 1334 5988 3.
1413 5933 1458 5965 ³³
1496 5932 1646 5989 Psal.
1687 5951 1763 6000 ιι,
1799 5934 1854 5988 6.

1699 5863 1743 5895 ³³
1776 5862 1934 5918 Joan.
1974 5879 2064 5927 xv,
2103 5864 2186 5919 l5.
2305 5863 2348 5894 “
2380 5862 2506 5917 Joar

1699 5951 1763 5999 ιι,
1799 5934 1854 5988 6.
1933 5936 1976 5966 ³³
2019 5934 2213 5989 Μιιιιιι.
2246 5951 2302 5999 ν,
2331 5933 2506 5988 27-28

1982 4826 2329 4882 constitutus
2371 4840 2495 4880 sum
2552 4841 2650 4880 rex
2697 4825 2767 4880 ab
2818 4839 2886 4881 eo
2932 4839 3101 4895 super
3142 4823 3276 4881 Sion
3329 4833 3575 4882 montem

1981 4929 2236 4976 sanctum
2281 4917 2405 4988 ejus
2459 4915 2766 4987 praedicans
2817 4924 3155 4987 praeceptum
3218 4914 3519 4974 Domini”.
3553 4937 3571 4973 ι

1980 5011 2138 5079 Quod
2174 5011 2219 5068 si
2248 5011 2338 5067 cui
2385 5010 2554 5065 libeat
2586 5009 2712 5065 aliis
2741 5023 2965 5080 quoque
2997 4999 3578 5082 contemplatio’nibus

1979 5102 2362 5159 similitudinis
2391 5100 2542 5156 illius
2569 5099 2792 5154 modum
2825 5100 3132 5172 inquirere,
3162 5101 3249 5158 his
3273 5102 3435 5175 237
3455 5107 3576 5175 qui.

1982 5196 2109 5252 dem
2143 5194 2358 5258 verbis,
2383 5211 2402 5245 ι
2435 5192 2583 5250 sicut
2623 5207 2734 5261 me,
2775 5211 2796 5244 ι
2851 5191 3227 5264 legislaturem
3279 5195 3550 5268 intelliget

1979 5244 2136 5345 ἔὶἶά
2159 5244 2768 5343 {signasigna
2805 5244 3227 5357 ιιίιιῖᾎὲὸιὲὲέὶ
3252 5244 3585 5355 gregari

1977 5391 2064 5438 est
2090 5379 2340 5450 antiquis
2371 5397 2384 5434 :
2415 5375 2538 5434 Non
2583 5378 2956 5435 mmehaberis
3002 5395 3016 5433 :
3053 5394 3156 5450 ego
3213 5386 3397 5435 autem
3444 5366 3586 5434 dica'

1977 5471 2138 5530 vobis
2176 5489 2189 5527 :
2221 5469 2344 5526 Non
2389 5470 2754 5541 concupisces
2783 5471 2852 5524 ⁸³.
2905 5488 2924 5522 ι
2974 5469 3266 5537 Similiter,
3313 5470 3402 5526 liis
3455 5486 3573 5526 vcr-

1977 5564 2102 5627 his,
2148 5582 2168 5615 ι
2217 5562 2365 5619 sicut
2422 5577 2547 5629 me,
2580 5581 2599 5614 ι
2645 5562 2840 5618 ducem
2883 5563 3048 5616 veluti
3108 5560 3400 5632 quemdam
3447 5579 3571 5619 esse

1976 5657 2245 5728 intelliget
2301 5655 2371 5711 ad
2436 5671 2500 5710 ea
2564 5654 2918 5726 percipienda
2988 5667 3110 5724 quae
3171 5653 3226 5706 in
3286 5655 3570 5710 voluntate

1975 5757 2108 5807 sunt
2159 5746 2362 5815 Patris,
2414 5757 2472 5804 et
2521 5764 2619 5819 per
2659 5762 2785 5819 qua:
2832 5745 2985 5817 regni
3038 5746 3284 5803 celestis
3332 5745 3441 5804 iter
3474 5763 3573 5821 pa-

1974 5879 2064 5927 νιν,
2103 5864 2186 5919 l5.
2305 5863 2348 5894 “
2380 5862 2541 5917 Joan.
2594 5877 2707 5928 xu,
2758 5859 2846 5915 ιθ.
2966 5859 3010 5890 ³⁵
3054 5856 3214 5919 Deut.
3251 5878 3410 5932 xvttt,
3474 5861 3576 5921 13a
