4052 6504
526 463 626 521 131

1510 462 1567 518 S.
1610 459 1885 517 CYRILLI
1925 457 2396 515 ALEXANDRINI
2437 460 2758 516 ARCHlEl'.

3682 465 3780 520 452

528 585 671 637 teat,
720 571 1179 641 quemadmodum
1225 572 1488 628 nimirum
1543 574 1743 628 beatus
1801 573 1892 627 ille
1947 569 2097 641 Moy-

2212 574 2461 642 >ὐρανούς
2497 573 2774 643 βασιλείας
2817 576 2848 646 ἡ
2891 572 3010 638 ὁδὸς
3067 573 3370 644 ἱππήλατος
3403 591 3414 605 ·
3451 573 3642 645 ὥσπερ
3693 575 3781 631 οὖν

527 681 617 720 ses
668 667 858 734 legalis
918 667 1284 722 institutionis
1333 667 1596 737 magister
1662 667 1830 721 etiam
1893 665 2100 719 veteri-

527 757 631 809 bus
684 755 932 820 exstitit,
973 755 1174 825 ubique
1216 755 1334 811 suis
1366 755 1575 812 addens
1628 755 1872 810 oraculis
1916 771 1932 807 :
1973 771 1992 806 ι
2029 752 2102 808 Ut

524 849 696 901 multo
729 856 974 917 tempore
1013 849 1184 912 vivas,
1217 859 1271 902 et
1300 848 1525 902 inducat
1553 857 1608 904 te
1649 847 1914 903 Dominus
1959 847 2102 902 Deus

524 949 652 994 tuus
707 941 759 994 in
807 948 1014 994 terram
1057 956 1222 1010 quam
1274 940 1482 1008 juravit
1536 942 1784 1011 patribus
1837 941 1948 995 tuis
1969 942 2038 994 ιο.
2078 959 2095 991 ι

524 1030 797 1096 Quoniam
842 1045 975 1085 vero
1007 1031 1294 1099 snhjnnxit
1321 1048 1337 1085 :
1368 1049 1389 1082 ι
1427 1029 1492 1084 Et
1531 1031 1696 1085 homo
1725 1032 1818 1102 qui
1849 1045 1961 1085 non
2007 1045 2101 1084 au-

524 1121 692 1176 dierit
733 1136 1079 1192 quaecunque
1113 1123 1332 1177 locutus
1387 1122 1553 1176 fuerit
1600 1123 1867 1193 propheta
1920 1123 2011 1177 ille
2045 1124 2101 1177 in

529 1214 754 1267 nomine
776 1229 918 1276 meo,
943 1228 1043 1284 ego
1071 1213 1368 1268 vindictam
1395 1228 1610 1269 sumam
1637 1214 1704 1268 de
1742 1230 1810 1270 eo
1835 1257 1849 1280 ,
1887 1233 1906 1264 ι
1950 1215 2102 1284 igna-

527 1305 572 1358 ri
611 1303 817 1369 Judaei,
851 1315 906 1359 et
957 1315 1202 1361 extrema
1263 1307 1467 1361 duritie
1516 1306 1792 1360 obﬁrmati
1843 1307 1993 1360 ultro
2043 1320 2102 1362 se

527 1397 646 1453 suis
694 1397 972 1466 capitibus
1030 1397 1260 1452 exitium
1315 1412 1598 1452 arcessere
1637 1395 1858 1451 tandem
1900 1397 2104 1451 intelli-

525 1497 676 1558 gant.
743 1487 840 1542 Irae
902 1487 1105 1558 quippe
1158 1488 1357 1542 divina:
1418 1487 1826 1557 subjacebnnt,
1883 1503 1996 1543 suae
2045 1488 2101 1542 in

526 1581 804 1635 Christum
845 1581 1164 1650 petulantia:
1217 1580 1573 1650 stipendium,
1618 1580 1863 1634 omnium
1909 1593 2106 1650 nempe

525 1673 753 1726 omnino
778 1673 1052 1727 bonorum
1079 1673 1353 1742 jacturam
1384 1678 1732 1742 reportantes
1760 1693 1772 1726 :
1810 1690 1828 1723 ι
1867 1671 1926 1726 Si
1955 1673 2101 1727 enim

523 1763 894 1818 credidissent
920 1761 1118 1834 Moysi,
1141 1763 1508 1820 credidissent
1535 1773 1588 1820 et
1611 1763 1869 1830 Christo;
1896 1764 1964 1819 de
1985 1763 2105 1835 ipso

524 1855 672 1910 enim
703 1855 794 1910 ille
831 1856 1074 1926 scripsit.
1104 1874 1122 1907 ι

604 2117 666 2188 ν,
701 2120 791 2175 47.
841 2119 902 2175 Si
945 2128 1122 2175 autem
1153 2119 1302 2174 illius
1337 2120 1531 2174 litteris
1570 2134 1673 2172 non
1705 2117 1945 2182 creditis,
1975 2134 2106 2188 quo-

528 2212 684 2266 modo
705 2210 871 2265 verbis
903 2211 1032 2264 meis
1070 2209 1293 2264 credetis
1310 2212 1336 2265 ?

601 2301 854 2372 Magnam
907 2301 962 2353 in
1015 2299 1102 2354 his
1146 2300 1331 2354 verbis
1379 2299 1772 2358 obscuritatem
1811 2313 1939 2353 esse
1992 2313 2105 2352 non

531 2393 809 2447 immerito
850 2390 975 2459 quis
1033 2390 1332 2445 existimet.
1380 2388 1590 2444 Poterit
1623 2389 1794 2453 enim,
1829 2404 2008 2458 neque
2052 2388 2106 2444 id

531 2487 629 2540 abs
665 2501 746 2552 re,
774 2484 915 2540 l‘also
939 2482 1237 2553 suspicari,
1272 2481 1513 2536 Mosaica
1548 2482 1758 2552 scripta
1801 2480 2108 2535 Salvatoris

531 2575 713 2631 verbis
743 2574 1092 2629 antecellere.
1140 2571 1199 2625 ld
1229 2571 1376 2626 enim
1422 2568 1837 2640 quodammodo
1889 2585 2003 2639 prae
2049 2583 2108 2625 se

531 2667 676 2722 ferre
705 2647 920 2722 videtur
965 2664 1173 2727 oratio,
1233 2671 1285 2718 et
1343 2664 1450 2718 nisi
1497 2677 1610 2718 rem
1663 2662 1979 2717 accuratius
2019 2661 2108 2716 in-

531 2759 948 2829 tr'ospiciamus,
977 2756 1184 2826 Moysis
1212 2755 1436 2825 scriptis
1472 2755 1594 2824 plus
1625 2755 1977 2808 auctoritatis
2012 2754 2109 2806 tri-

531 2852 673 2916 buit,
703 2866 866 2922 quam
902 2850 1085 2905 verbis
1113 2846 1602 2902 Salvatoris.Nam
1635 2861 1761 2901 cum
1786 2847 1934 2901 dicat
1965 2864 2018 2899 τι
2050 2844 2107 2900 Si

530 2948 716 2997 autem
760 2939 912 2994 illius
944 2939 1143 2992 litteris
1179 2951 1290 2991 non
1331 2937 1585 3000 creditis,
1616 2935 1894 3006 quomodo
1926 2936 2110 2991 verbis

529 3033 670 3089 meis
699 3031 1008 3088 credetis?»
1033 3030 1181 3084 illius
1211 3028 1418 3098 scripta
1456 3027 1572 3083 suis
1591 3027 1944 3083 sermonibus
1971 3041 2111 3096 prie-

528 3136 696 3192 stare,
720 3115 1129 3194 Quodammodo
1154 3119 1505 3189 cogitandum
1536 3120 1818 3189 relinquit.
1853 3118 1961 3174 Sed
1992 3121 2108 3187 ipsa

2199 663 2391 733 ἀμέλει
2423 664 2517 717 καὶ
2555 667 2667 727 τοῖς
2697 665 3074 734 ἀρχαιοτέροις
3101 667 3130 716 ὁ
3161 665 3433 735 μακάριος
3457 665 3665 734 Μωσῆς
3691 667 3784 736 τῆς

2198 755 2286 808 διὰ
2315 756 2478 826 νόμου
2516 757 2890 825 παιδαγωγίας
2923 756 3240 820 διδάσκαλος
3273 755 3612 824 ἀνεφαίνετο,
3657 775 3785 810 παν·

2199 848 2341 916 ταχῆ
2374 849 2485 910 τοῖς
2533 847 2683 912 ίδίοις
2719 849 2980 912 ἐπιτιθεὶς
3020 849 3222 916 λογίοις
3253 849 3346 912 τὸ,
3393 867 3412 900 ι
3455 849 3574 902 Ἵνα
3623 850 3787 904 πολὺν

2201 936 2376 1008 ζήσῃς
2421 938 2631 1008 χρόνον,
2666 939 2759 990 καὶ
2791 939 2983 1010 είσάξῃ
3017 957 3077 992 σε
3127 939 3377 1010 Κύριοςὸ
3411 940 3546 1002 Θεός
3589 957 3684 993 σου
3714 943 3787 1004 είς

2201 1029 2301 1100 τὴν
2333 1029 2456 1099 γῆν,
2480 1030 2544 1100 ἣν
2559 1029 2743 1099 ὤμοσε
2767 1033 2880 1094 τοῖς
2909 1032 3150 1101 πατράσι
3169 1048 3318 1084 σου..
3353 1032 3574 1102 Ἐπειδὴ
3600 1033 3658 1084 δὲ
3679 1036 3787 1096 τοῖς

2203 1119 2516 1188 εἰρημένοις
2564 1121 2834 1191 ἐπήνεγκε
2865 1137 2880 1150 ’
2917 1139 2936 1172 ι
2976 1122 3086 1174 Καὶ
3137 1123 3444 1193 ἄνθρωπος,
3489 1123 3548 1186 ὃς
3585 1123 3655 1175 ἀν
3718 1127 3788 1193 μὴ

2202 1207 2434 1278 ἀκούσῃ,
2456 1208 2556 1260 ὅσα
2587 1208 2654 1261 ἀν
2693 1209 2899 1280 λαλήσῃ
2948 1211 2976 1262 ὁ
3008 1212 3293 1281 προφήτης
3347 1213 3554 1274 ἐκεῖνος
3587 1212 3680 1264 ἐπὶ
3711 1212 3789 1281 τῷ

2202 1301 2429 1370 ὀνόματί
2465 1319 2588 1372 μου,
2615 1301 2728 1369 ἐγὼ
2759 1304 3029 1374 ἐκδικήσω
3061 1302 3120 1366 ἐξ
3149 1303 3334 1368 αὐτοῦ,
3357 1321 3376 1355 ι
3399 1304 3787 1373 ἁμαθαίνοντες

2204 1393 2467 1457 Ἰουδαῖοι,
2500 1394 2596 1446 καὶ
2647 1394 2780 1463 πρὸς
2841 1395 3076 1465 ἐσχάτην
3125 1395 3424 1464 δυσηκοΐαν
3473 1395 3567 1447 τὸν
3595 1397 3791 1448 οἰκεῖον

2203 1483 2672 1553 ἀποτραχύνοντες
2711 1485 2870 1548 νοῦν,
2910 1485 3242 1555 αὐτόκλητον
3282 1483 3386 1555 ήδη
3440 1483 3790 1554 βλεπέτωσαν

2203 1577 2324 1638 ταῖς
2381 1576 2588 1628 ἑαυτῶν
2637 1575 2898 1644 κεφαλαῖς
2952 1576 3352 1639 ἐπαντλοῦντες
3403 1575 3496 1628 τὸν
3547 1575 3785 1646 δλεθρον.

2209 1667 2463 1720 Ἔσονται
2498 1667 2606 1737 γὰρ
2646 1667 2753 1720 ὐπὸ
2785 1666 2936 1721 Θείαν
2968 1666 3160 1739 ὀργὴν,
3188 1665 3392 1735 ὀψώνια
3421 1668 3520 1736 τῆς
3548 1667 3630 1729 είς
3655 1667 3788 1736 Χρι-

2206 1759 2330 1813 στὸν
2364 1759 2651 1830 παροινίας
2673 1761 2736 1812 τὸ
2769 1761 2826 1812 ἐν
2875 1759 3154 1830 ὁλοκλήρῳ
3207 1758 3316 1812 τῶν
3367 1757 3588 1826 ἀγαθῶν
3623 1757 3793 1828 ζημία

2205 1849 2459 1918 γενέσθαι
2509 1849 2913 1920 λαμϐάνοντες·
2945 1868 2964 1899 α
3013 1851 3072 1902 Ei
3113 1849 3222 1919 γὰρ
3253 1849 3540 1902 ἐπίστευον
3594 1849 3789 1918 Μωσῇ,

2140 1920 2178 1972 Β
2207 1939 2490 1993 ἐπίστευον
2533 1940 2599 1993 ἂν
2641 1937 2718 2009 τῷ
2750 1937 3004 2008 Χριστῷ·
3039 1937 3169 2008 περὶ
3219 1937 3328 2006 γὰρ
3381 1935 3545 1989 αὐτοῦ
3586 1936 3794 2000 ἐκεῖνος

2206 2030 2466 2101 ἔγραψεν.
2515 2050 2535 2083 ο

2276 2126 2349 2178 El
2396 2123 2466 2176 δὲ
2507 2122 2630 2191 τοῖς
2662 2123 2898 2177 ἐκείνου
2930 2121 3273 2192 γράμμασιν
3314 2122 3386 2175 οὺ
3435 2121 3757 2174 πιστεύετε
3779 2161 3792 2187 ,

2207 2216 2336 2282 πῶς
2370 2217 2496 2282 τοῖς
2546 2216 2711 2286 ἐμοῖς
2738 2215 2968 2285 ῥήμασι
2999 2215 3395 2280 manticam;

2277 2307 2486 2378 Πολλὴν
2505 2307 2570 2362 ἄν
2585 2325 2664 2378 τῳ
2681 2308 2776 2360 καὶ
2795 2308 2914 2359 λίαν
2937 2307 3161 2369 εἰκότως
3179 2308 3206 2359 ὁ
3222 2306 3380 2374 λόγος
3403 2304 3548 2376 ἔχειν
3573 2303 3797 2378 [δόξειεῖ

2206 2401 2304 2472 τὴν
2351 2401 2643 2469 ἀσάφειαν.
2677 2401 2976 2470 Οίχήσεται
3007 2399 3116 2470 γὰρ
3141 2399 3238 2453 καὶ
3282 2399 3384 2452 οὐκ
3417 2399 3530 2452 ἀπὸ
3562 2397 3799 2462 σκοποῦ,

2210 2492 2347 2563 πρὸς
2373 2492 2624 2555 ὑπονοίας
2655 2493 2757 2544 οὐκ
2776 2491 3017 2562 ἀληθεῖς,
3037 2490 3395 2561 ὑπερκεῖσθαι
3424 2489 3524 2554 τὰς
3553 2490 3803 2549 Μωσέως

2211 2584 2534 2655 συγγραφὰς
2551 2583 2660 2637 τῶν
2674 2583 2770 2636 τοῦ
2783 2581 3032 2654 Σωτῆρος
3052 2583 3312 2654 ῥημάτων
3329 2581 3633 2637 ὑπολαϐών.
3643 2583 3802 2652 Ἔχει

2208 2677 2318 2748 γὰρ
2359 2693 2480 2729 τινα
2532 2675 2774 2730 τοιοῦτον
2806 2677 2834 2728 ό
2883 2675 3041 2743 λόγος
3097 2675 3189 2728 τὸν
3243 2673 3628 2746 σχηματισμὸν
3655 2714 3669 2739 ,
3701 2674 3805 2726 καὶ

2207 2770 2332 2823 ὅσον
2369 2767 2516 2821 ἐστιν
2559 2767 2658 2821 οὐκ
2688 2766 2747 2832 ἐξ
2789 2767 3054 2838 ἀκριϐοῦς
3089 2767 3319 2839 Θεωρίας
3343 2767 3561 2830 ἑλόντας
3596 2767 3802 2828 είπείν,

2209 2857 2644 2927 ἀξιολογωτέραν
2674 2857 2782 2912 τῶν
2808 2856 2904 2910 τοῦ
2954 2858 3203 2928 Σωτῆρος
3246 2859 3508 2928 ῥημάτων
3533 2859 3646 2921 τοῖς
3668 2858 3802 2910 Μω-

2211 2953 2422 3012 σαῖκοῖς
2455 2949 2887 3020 συγγράμμασιν
2921 2948 3202 3020 ἐκπορίζει
3239 2951 3338 3020 τὴν
3373 2949 3666 3020 ὑπόληψιν.
3699 2950 3804 3003 Διά

2210 3039 2320 3111 γὰρ
2343 3039 2434 3093 τοῦ
2465 3039 2645 3108 λέγειν
2671 3055 2686 3070 '
2724 3059 2742 3092 ι
2786 3041 2849 3092 El
2891 3041 2949 3093 δὲ
2973 3042 3086 3102 τοῖς
3128 3040 3338 3094 ἐκείνου
3389 3041 3711 3111 γράμμασιν
3748 3041 3804 3094 οὐ

2214 3132 2525 3198 πιστεύετε,
2557 3131 2672 3195 πῶς
2725 3133 2844 3208 τοῖς
2887 3133 3040 3202 ἐμοῖς
3100 3133 3342 3202 ῥήμασιν
3379 3133 3702 3185 πιστεύσετε
3733 3152 3750 3200 ;
3782 3151 3800 3185 ι

529 3219 608 3274 rei
635 3226 835 3272 natura
859 3221 1120 3270 extremae
1136 3212 1362 3266 insaniae
1385 3211 1608 3281 plenam
1633 3225 1758 3265 esse
1776 3211 1916 3265 hanc
1932 3211 2110 3279 expli-

2213 3223 2274 3274 τὺ
2303 3223 2361 3275 ἐν
2383 3221 2631 3293 ἀμείνοσι
2649 3224 2866 3276 κεῖσθαι
2884 3224 2984 3286 τὰς
3004 3222 3215 3277 ἐκείνου
3239 3224 3560 3296 συγγραφὰς
3580 3225 3613 3295 ἢ
3638 3225 3702 3278 ἐν
3727 3219 3804 3287 οἷς

529 3311 808 3365 cationem
841 3305 1113 3362 ostendet.
1143 3303 1432 3371 Quomodo
1457 3304 1606 3359 enim
1647 3302 1854 3371 scripta
1891 3301 2096 3357 Mosai-

533 3417 596 3458 ca
628 3400 814 3457 verbis
863 3396 1170 3452 Salvatoris
1220 3403 1485 3466 praestare
1538 3393 1938 3458 censebuntur,
1981 3408 2108 3448 cum

533 3496 626 3551 illa
667 3492 853 3563 ﬁgurae
884 3499 1097 3545 tantum
1137 3495 1324 3544 essent
1351 3497 1405 3542 et
1428 3486 1660 3551 umbrae,
1685 3485 1894 3540 Christi
1927 3493 2110 3540 autem

533 3585 706 3640 verba
745 3583 854 3638 sint
898 3581 1134 3636 veritas?
1164 3578 1232 3632 Et
1267 3584 1420 3633 certe
1462 3575 1684 3631 dillicile
1725 3574 1914 3629 forsan
1965 3574 2110 3629 haud

534 3687 682 3734 esset
715 3677 937 3747 longum
977 3689 1040 3730 ea
1073 3673 1142 3730 de
1165 3689 1225 3729 rc
1264 3686 1578 3729 sermonem
1617 3678 1822 3734 texere,
1863 3669 1957 3725 sed
1990 3685 2112 3740 quae

534 3774 694 3828 valde
734 3770 1029 3826 manifesta
1078 3775 1246 3831 sunt,
1298 3779 1401 3820 nec
1447 3763 1690 3830 aliunde,
1724 3764 1818 3820 sed
1854 3779 1883 3818 a
1913 3764 2111 3834 seipsis

535 3862 864 3934 produntur,
903 3859 1045 3913 male
1083 3873 1152 3911 an
1201 3869 1364 3911 secus
1405 3869 1465 3909 se
1514 3855 1784 3921 habeant,
1833 3854 2112 3925 superﬂue

533 3954 643 4011 dici
682 3963 832 4024 puto.
865 3950 979 4005 Cur
1013 3950 1163 4003 enim
1210 3946 1528 4003 istiusmodi
1564 3947 1973 4002 subtilitatibus
2018 3961 2113 4002 ex-

535 4041 807 4114 plicandis
861 4038 1145 4109 quispiam
1191 4035 1546 4094 immoretur.
1590 4045 1662 4099 et,
1697 4035 1865 4106 268
1922 4035 2114 4089 intem-

536 4135 747 4207 pestiva
781 4133 1122 4204 prolixitate,
1147 4145 1271 4200 qua:
1295 4129 1434 4183 nihil
1466 4127 1809 4184 diﬂicultatis
1834 4128 1889 4183 in
1920 4143 1982 4182 se
2016 4127 2115 4182 lia-

534 4229 666 4283 bent
689 4227 746 4280 in
775 4225 1018 4278 minutas
1042 4223 1446 4292 quodammodo
1472 4229 1661 4290 partes
1697 4221 1880 4276 secet?
1909 4219 2113 4274 Eorum

538 4319 708 4390 igitur
738 4333 860 4387 quae
899 4333 929 4370 a
963 4315 1249 4370 Salvatore
1277 4315 1539 4367 dicuntur
1569 4328 1764 4368 sensus
1795 4323 1881 4370 est
1921 4314 2116 4383 hujus-

539 4411 710 4466 modi.
738 4410 796 4463 Si
833 4410 1030 4477 legem,
1057 4407 1260 4476 inquit,
1305 4404 1510 4475 Moysis
1559 4408 1824 4476 scriptam
1851 4422 1978 4460 cum
2028 4407 2118 4460 ha-

539 4500 739 4562 beatis,
776 4505 832 4551 et
863 4499 923 4549 in
958 4496 1081 4564 ejus
1115 4492 1339 4562 scriptis
1379 4491 1602 4547 assidue
1653 4493 1974 4553 verse-mini,
2015 4507 2114 4561 pro

539 4591 718 4647 nihilo
757 4599 943 4644 tamen
993 4586 1198 4641 ducitis
1230 4599 1293 4638 ea
1335 4587 1708 4657 praetergredi,
1745 4586 1952 4656 ingenti
1982 4585 2118 4644 obli-
2148 4575 2193 4631 Ι)

537 4683 702 4738 vione
759 4687 1069 4749 mergentes
1111 4676 1258 4748 quod
1311 4691 1455 4747 saepe
1514 4679 1727 4748 legistis
1774 4697 1786 4733 :
1835 4677 2118 4746 quomodo

536 4791 669 4846 erga
703 4788 858 4828 meos
904 4785 1187 4827 sermones
1239 4770 1512 4840 tuquiores
1569 4773 1812 4834 fueritis,
1852 4779 1947 4824 aut
1983 4785 2119 4838 quo-

539 4867 705 4922 modo
736 4863 1111 4934 promptiores
1153 4869 1207 4917 et
1247 4863 1544 4918 alacriores
1573 4863 1640 4917 ad
1671 4879 1734 4916 ea
1763 4861 2116 4930 suscipienda

539 4973 662 5027 qua:
691 4958 814 5011 dico
840 4970 939 5010 vos
971 4954 1335 5024 praebueritis,
1363 4958 1458 5027 qui
1497 4971 1606 5011 non
1657 4969 1800 5023 saepe
1837 4969 1941 5008 nec
1970 4968 2118 5009 sem-

541 5065 638 5121 per
687 5048 973 5113 assidetis,
1018 5049 1112 5103 sed
1145 5051 1293 5104 velut
1325 5051 1379 5104 in
1415 5059 1745 5104 transcursu
1788 5063 1851 5103 ea
1888 5048 2115 5113 auditis,

539 5149 595 5196 et
638 5141 728 5196 vix
782 5141 954 5196 semel
1006 5139 1060 5194 in
1108 5156 1272 5196 aures
1329 5139 1582 5210 corporis
1637 5138 2120 5194 admisistis?Ant

537 5233 686 5287 enim
721 5231 826 5286 hoc
847 5231 1010 5286 modo
1033 5245 1095 5286 ea
1134 5232 1432 5300 intelliges,
1459 5237 1552 5283 aut
1579 5236 1726 5285 certe
1762 5230 1941 5297 (utilis
1969 5231 2116 5285 cnim

539 5340 602 5379 ac
645 5325 787 5380 bona
821 5333 908 5380 est
934 5324 988 5378 in
1027 5325 1112 5393 his
1145 5321 1466 5391 curiositas)
1500 5323 1707 5392 scripta
1758 5322 1999 5378 Mosaica
2036 5325 2120 5379 di-

539 5433 633 5474 ces
677 5417 1077 5472 institutionem
1134 5414 1456 5484 quamdam,
1500 5419 1555 5466 et
1594 5413 1829 5484 typicam
1883 5414 2114 5468 formam

539 5508 743 5564 Christi
801 5508 1191 5579 mysteriorum
1245 5503 1553 5567 continere,
1603 5513 1659 5560 et
1707 5520 1830 5575 quae
1879 5507 1934 5560 in
1981 5507 2118 5577 ipsis

541 5600 940 5655 adumbrantur
967 5599 1236 5654 elementa
1270 5597 1442 5653 veluti
1479 5597 1729 5669 quaedam
1763 5614 1887 5654 esse
1921 5603 2112 5669 cogni-

542 5692 706 5746 tionis
727 5693 869 5762 ejus,
902 5691 971 5746 de
999 5688 1205 5760 quibus
1239 5697 1398 5746 antea
1429 5690 1699 5762 prolixius
1735 5691 2000 5748 diximus.
2027 5692 2117 5746 Fi-

616 5867 659 5901 ⁸⁸
702 5869 856 5924 Deut.
890 5883 944 5936 ν,
981 5867 1072 5923 16.

2214 3313 2282 3366 ἂν
2314 3308 2426 3366 εἶεν
2471 3313 2523 3366 οἱ
2573 3313 2705 3384 παρ’
2743 3313 2909 3368 αὐτοῦ
2957 3315 3128 3382 λόγοι,
3159 3316 3344 3369 δίδωσί
3373 3333 3518 3380 ’πως
3577 3317 3801 3372 ἐννοεῖν.

2225 3405 2364 3458 Ἀλλ’
2423 3404 2560 3476 αὐτὴ
2614 3405 2710 3458 τοῦ
2767 3407 3092 3478 πράγματος
3138 3409 3171 3480 ὴ
3211 3408 3373 3476 φύσις
3413 3408 3514 3479 τῆς
3559 3411 3804 3482 ἐσχάτης

2211 3497 2464 3568 εὐηθείας
2511 3497 2793 3551 ἀνάπλεων
2847 3497 2946 3569 τὴν
2995 3497 3167 3562 οὕτως
3221 3499 3483 3552 ἀπίθανον
3543 3501 3804 3566 ἐπιδείξει

2211 3591 2470 3646 διάνοιαν.
2496 3590 2619 3653 Πῶς
2648 3589 2759 3661 γὰρ
2790 3589 2856 3644 ἂν
2889 3594 3062 3644 νοοῖτο
3100 3591 3170 3645 τὰ
3219 3592 3463 3655 Μωσέως
3493 3592 3804 3663 γράμματα

2211 3683 2319 3736 τῶν
2349 3681 2444 3737 τοῦ
2484 3681 2737 3754 Σωτῆρος
2795 3682 3145 3751 διενεγκόντα
3178 3684 3608 3754 ῥημάτων,ὅπου
3643 3685 3802 3736 τύποι

2217 3774 2315 3844 μὲν
2339 3769 2480 3844 ἦσαν
2502 3772 2570 3826 τὰ
2598 3774 2666 3826 δι’
2691 3774 2904 3827 ἐκείνου
2929 3774 3023 3826 καὶ
3056 3775 3232 3838 σκιαὶ,
3266 3774 3500 3846 ἀλήθεια
3520 3775 3578 3827 δὲ
3612 3775 3688 3828 τὰ
3719 3775 3804 3828 διὰ

2214 3863 2451 3934 Χριστοῦ
2486 3883 2500 3930 ;
2538 3865 2644 3916 Καὶ
2689 3865 2899 3934 μακρὸν
2935 3863 3033 3934 μὲν
3065 3860 3132 3934 ἦν
3175 3865 3304 3929 ἴσως
3333 3865 3394 3917 οὐ
3442 3864 3688 3935 χαλεπὸν
3717 3866 3806 3917 ἐπὶ

2213 3954 2388 4024 τούτῳ
2417 3954 2728 4024 δαπανῆσαι
2765 3953 2926 4021 λόγον
2947 3969 2960 3982 ·
2989 3953 3056 4006 τὰ
3087 3954 3146 4006 δὲ
3192 3954 3314 4007 λίαν
3346 3955 3576 4026 ἐναργῆ,
3618 3956 3720 4007 καὶ
3745 3955 3804 4007 οὐ

2215 4045 2469 4119 θύραθεν,
2500 4045 2615 4100 ἀλλ’
2651 4045 2711 4112 ἐξ
2757 4044 2986 4110 ἑαυτῶν,
3017 4044 3117 4097 οὐκ
3161 4044 3358 4109 ἔξωθεν
3386 4047 3511 4108 τούς
3543 4046 3804 4115 ἐλέγχους
3895 4058 3908 4063 ·

2215 4139 2578 4210 λαμϐάνοντα,
2603 4137 2866 4210 περιττὸν
2895 4132 3047 4206 οἴμαι
3093 4135 3292 4204 λέγειν,
3329 4137 3406 4201 ὡς
3445 4136 3544 4189 οὐκ
3579 4137 3647 4190 ἂν
3693 4137 3803 4207 ἔχοι

2216 4231 2424 4295 κακῶς,
2453 4231 2486 4301 ἢ
2522 4229 2723 4293 καλῶς.
2755 4228 2821 4282 Τί
2855 4228 2963 4300 γὰρ
3009 4229 3075 4282 ἀν
3120 4245 3207 4291 τις
3236 4231 3347 4292 τοῖς
3376 4228 3638 4292 τοιούτοις
3685 4230 3804 4280 ἐπι-

2215 4322 2494 4394 διατρίψαι
2545 4319 2924 4389 λεπτομυθῶν,
2958 4321 3050 4372 καὶ
3101 4320 3181 4374 τὰ.
3201 4318 3514 4390 μηδαμόθεν
3558 4316 3804 4388 δυσχερῆ

2218 4414 2706 4486 κατακερματίζων
2725 4416 2803 4477 εἰς
2822 4415 2923 4466 οὐκ
2945 4412 3234 4483 εὐκαίρους
3263 4411 3588 4480 πολυλογίας
3609 4430 3625 4476 ;
3648 4414 3804 4484 Ἔχει

2217 4511 2394 4564 τοίνυν
2422 4509 2483 4561 τὸ
2529 4507 2618 4561 διὰ
2644 4506 2740 4561 τοῦ
2777 4507 3027 4577 Σωτῆρος
3077 4505 3365 4576 λεγόμενον
3408 4505 3653 4559 τοιοῦτόν
3687 4524 3806 4560 τινα

2220 4602 2363 4656 νοῦεν
2406 4602 2469 4653 Ei
2499 4600 2681 4670 νόμον,
2712 4599 2979 4670 φησ“ι,τὸν
3025 4597 3113 4652 διὰ
3155 4599 3399 4660 Μωσέως
3450 4597 3668 4668 ἔχοντες
3716 4615 3808 4667 γε·

2221 4691 2561 4765 γραμμένον,
2592 4690 2706 4744 ἀνω
2734 4707 2791 4743 τε
2821 4690 2915 4743 καὶ
2947 4689 3098 4742 κάτω
3131 4689 3198 4742 τὰ
3231 4687 3437 4741 ἐκείνου
3473 4688 3806 4759 μελετῶντες

2221 4785 2525 4855 γράμματα
2559 4784 2688 4853 παρ’
2707 4782 2860 4834 οὐδὲν
2892 4782 3130 4834 ποιεῖσθε
3163 4781 3262 4851 τὴν
3291 4781 3377 4833 ἐπ’
3413 4781 3599 4844 αὐτοῖς
3628 4781 3808 4853 παράο

2221 4877 2379 4930 ϐασιν
2406 4917 2420 4942 ,
2451 4874 2666 4944 ἐκτόπῳ
2713 4874 2850 4946 λήθῃ
2896 4873 3246 4943 βαπτίζοντες
3291 4872 3352 4924 τὸ
3403 4871 3666 4936 πολλάκις
3710 4873 3806 4926 ἀν-

2222 4966 2586 5038 εγνωσμένον,
2619 4965 2735 5028 πῶς
2775 4965 2841 5018 ἂν
2882 4964 3126 5034 γένοισθε
3167 4964 3293 5034 περὶ
3335 4962 3463 5024 τούς
3497 4963 3668 5032 ἐμοὺς
3711 4962 3804 5015 εὐο

2222 5055 2650 5128 γνωμονέστεροι
2694 5054 2887 5122 λόγους
2912 5052 2991 5123 ,ἢ
3051 5052 3169 5115 πῶς
3203 5051 3269 5104 ἂν
3318 5049 3658 5118 ἐτοιμότεροι
3712 5048 3808 5100 καὶ

2221 5147 2628 5217 εὐπειθέστεροι
2657 5145 2792 5216 πρὸς
2825 5143 2923 5206 τὰς
2957 5142 3101 5213 ἐμὰς
3131 5139 3489 5209 ἀναφανεῖσθε
3521 5138 3726 5206 φωνὰς,
3746 5136 3807 5188 οὐ

2222 5242 2481 5304 πολλάκις
2505 5239 2628 5293 οὐδέ
2671 5239 2758 5292 ἀεὶ
2782 5234 3256 5307 προσεδρεύοντες,
3299 5231 3413 5286 ἀλλ’
3443 5231 3518 5292 ὡς
3543 5232 3608 5282 ἐκ
3631 5246 3810 5299 παρα-

2221 5333 2428 5404 δρομῆς
2461 5329 2803 5400 ἀκροὼμενοι
2829 5367 2846 5392 ,
2873 5327 2967 5380 καὶ
2987 5352 2992 5356 ι
3012 5326 3172 5396 μόνον
3218 5322 3367 5386 ἅπαξ
3418 5321 3531 5374 ἐσθ’
3556 5321 3646 5373 ὅτε
3686 5321 3809 5379 ταῖς

2221 5424 2316 5479 τοῦ
2353 5423 2602 5492 σώματος
2638 5421 2829 5482 ἀκοαῖς
2875 5417 3290 5482 είσοικίζοντεςς
3319 5415 3390 5467 Ἢ
3432 5412 3540 5482 γὰρ
3572 5413 3707 5463 κατὰ
3750 5410 3812 5459 τὺ

2227 5517 2415 5585 σχῆμα
2465 5511 2582 5565 τόδε
2627 5514 2740 5574 τοῖς
2777 5509 3084 5580 εἰρημένοις
3107 5505 3462 5578 προσϐαλεῖς,
3512 5503 3546 5572 ἢ
3605 5503 3810 5570 ἑτέρως

2226 5604 2572 5674 ἐπαθλήσεις·
2603 5600 2990 5673 χρηστομαθὴς
3016 5599 3124 5670 γὰρ
3143 5598 3262 5651 λίαν
3282 5598 3314 5666 ἡ
3344 5599 3401 5649 ἐν
3421 5593 3628 5654 τούτοις
3650 5605 3817 5658 περιε-

2229 5696 2386 5766 εργία
2411 5695 2501 5749 καὶ
2519 5695 2744 5766 ζήτησις
2763 5711 2775 5724 ·
2801 5689 2998 5746 οὐκοῦν
3016 5690 3084 5745 τὰ
3120 5689 3218 5761 μὲν
3244 5686 3483 5750 Μωσέως
3501 5681 3814 5753 γράμματα
