4052 6502
238 309 339 368 635

1274 316 1341 372 ΙΝ
1375 316 1667 376 JOANNIS
1699 319 2154 378 EVANGELIUM
2196 321 2321 376 LIB.
2365 321 2421 376 ll.

3439 331 3541 390 454

231 429 618 504 παιδαγωγίαν
664 435 786 490 τινα
810 478 824 502 ,
857 435 951 490 καὶ
985 437 1075 490 τὸν
1121 438 1208 492 διὰ
1241 439 1414 494 τύπου
1458 443 1834 515 σχηματισμὸν

1945 444 2032 499 nis
2057 452 2246 499 autem
2273 443 2642 503 institutionis
2665 447 2862 517 legalis
2881 447 3163 516 Christus,
3186 458 3244 504 ut
3266 449 3539 520 scriptum

227 527 338 580 τῶν
372 528 469 580 ἐπὶ
495 527 719 598 Χριστῷ
751 530 1070 602 μυστηρίων
1097 532 1364 603 εἰσφέρει,
1391 535 1480 587 κα¹ό
1504 536 1669 596 οἱονεὶ
1690 553 1834 592 στοι-

222 619 351 689 χεῖά
394 636 520 672 τινα
551 621 651 692 τῆς
701 623 832 692 περὶ
877 623 1044 676 αὑτοῦ
1089 624 1380 693 γνώσεως,
1408 626 1478 680 τὰ
1527 629 1588 681 ὲν
1614 630 1833 702 ’ἐκείνῳ

223 709 749 784 σκιαγραφούμενα,
784 714 821 768 ἃ.
869 715 963 768 καὶ
1008 715 1098 769 διὰ
1141 716 1250 770 τῶν
1275 717 1379 787 ἤδη
1415 717 1834 790 προεξητασμέ-

219 819 328 856 νων
372 802 718 876 πλατύτερον
763 805 1146 878 ὑπεδείξαμεν.
1194 808 1359 873 Τέλος
1397 808 1455 863 δὲ
1497 809 1833 876 παιδεύσεως

217 895 460 968 νομικῆς
489 899 518 952 ὁ
557 897 820 969 Χριστὸς,
851 901 993 952 κατά
1024 899 1086 954 τὸ
1112 899 1523 972 γεγραμμένον,
1557 901 1837 977 πλήρωμα

217 987 393 1057 νόμου
427 989 526 1042 καὶ
572 990 870 1061 προφητῶν
902 993 930 1044 ὁ
959 991 1215 1061 Χριστός.
1244 993 1310 1046 Οί
1347 990 1547 1059 τοίνυν,
1580 993 1736 1065 φησὶ,
1769 994 1840 1048 τὰ

222 1082 471 1151 στοιχεῖα
501 1084 602 1153 τῆς
638 1082 815 1154 ἀρχῆς
850 1083 958 1136 τῶν
989 1083 1166 1152 λόγων
1188 1083 1284 1137 τοῦ
1310 1084 1447 1138 Θεοῦ
1473 1085 1549 1155 μὴ
1593 1087 1835 1159 παραδε-

1941 547 2028 593 est
2051 537 2196 604 "°",
2225 537 2514 608 plenitudo
2562 540 2699 610 legis
2737 549 2790 596 et
2824 542 3219 612 prOpItetarum
3253 542 3536 597 Christus.

1941 627 2046 694 Qui
2077 643 2231 701 ergo,
2264 629 2467 699 inquit,
2492 633 2762 688 elementa
2792 633 2936 687 initii
2961 649 3282 688 sermonum
3308 633 3401 688 Dei
3427 649 3536 687 non

1943 721 2283 792 suscipiunt,
2314 730 2370 778 et
2403 723 2576 794 legem
2615 739 2712 793 per
2751 725 2992 780 litteram
3027 727 3190 797 quasi
3227 740 3400 780 manu
3430 724 3536 780 du-

1941 821 2156 872 centem
2205 815 2377 871 stulte
2424 815 2722 886 repellunt,
2753 832 2866 888 quo
2932 829 3094 888 pacto
3145 818 3369 874 demum
3416 832 3538 887 per-

1941 903 2228 962 fectiorem
2272 907 2644 979 cognitionem
2672 911 3079 980 assequentur?
3125 917 3220 965 aut
3255 908 3536 980 quomodo

1940 997 1994 1052 id
2037 998 2185 1069 quod
2233 999 2416 1068 majus
2469 1008 2558 1056 est
2608 1002 2854 1071 capient,
2886 1003 2981 1073 qui
3012 1003 3158 1072 quod
3190 1017 3422 1072 parvum
3470 1016 3536 1055 ac

1941 1091 2178 1147 inferius
2206 1099 2293 1148 est
2324 1108 2436 1148 non
2469 1093 2740 1164 capi-unt?
3139 1103 3146 1108 '

223 1177 491 1246 ξάμενοι,
559 1179 654 1232 καὶ
697 1179 790 1233 τὸν
841 1179 907 1232 δι’
941 1180 1352 1252 ἐμφανεστέρου
1431 1181 1528 1236 τοῦ
1575 1182 1902 1254 γράμματος
1939 1186 2384 1258 χειραγωγοῦντα
2440 1189 2604 1261 νόμον
2656 1191 2778 1254 ταῖς
2840 1189 3104 1264 εὐηθείαις
3149 1189 3534 1260 ἐξωθούμενοι,

221 1270 339 1332 πῶς
376 1269 447 1323 ἂν
492 1268 574 1323 ἔτι
612 1270 711 1340 τῆς
743 1269 1084 1341 τελειοτέρας
1123 1271 1399 1341 ὲφίκοιντο
1430 1272 1719 1343 γνώσεως;
1760 1276 1829 1330 Ἢ
1871 1278 1988 1344 πῶς
2013 1278 2080 1334 ἂν
2109 1281 2294 1344 αὐτοῖς
2351 1281 2756 1352 εὑπαράδεκτον
2813 1281 2894 1337 ἔτι
2934 1283 3154 1354 μεῖζον,
3195 1283 3536 1354 χωρηθέντος

220 1359 486 1432 οὐδαμῶς
519 1358 614 1413 τοῦ
651 1360 852 1432 μικροῦ
888 1378 946 1414 τε
977 1363 1072 1416 καὶ
1103 1362 1548 1436 ὑποϐεϐηκότος;

449 1515 454 1520 _
847 1452 1110 1509 ΚΕΦΑΛ.
1143 1459 1219 1511 A'.

218 1547 354 1621 ὀμ
414 1541 720 1621 ualidam
758 1547 1118 1621 al_Xpto'toﬁ
1159 1550 1522 1621 μεταϐάσεις
1549 1551 1669 1606 ἀπὸ
1724 1551 1836 1621 τῆς

297 1615 739 1694 ςιεςροντνος-ιςλὴμΔ
794 1615 1610 1694 ζὸέμεταζεθήσεσραιτὴν
1661 1615 1865 1692 χάρὶᾶσί

284 1687 390 1740 ἐπὶ
419 1684 502 1763 τὰ
527 1684 680 1763 ξθνη
705 1684 1032 1763 δηλοῦσιν.
1079 1684 1376 1763 Ἑῂαὺτῷ
1409 1692 1478 1744 δὲ
1511 1684 1609 1746 niti
1653 1684 1837 1763 λόγος

293 1756 436 1829 περί
481 1754 610 1810 τῶν
659 1756 841 1829 πέντε
871 1757 1068 1826 ἀρτων
1093 1760 1216 1814 τῶν
1260 1754 1543 1829 κριθίνων
1587 1763 1687 1818 λαὶ
1718 1754 1838 1821 irii-

286 1827 532 1884 δώδεκα
565 1827 862 1896 ὀψαρίων.

2467 1515 2470 1517 Α
2581 1461 2743 1518 CAP.
2793 1461 2888 1518 IV.

1939 1552 2098 1620 Quod
2147 1552 2453 1625 plerumque
2497 1552 2704 1625 Christi
2730 1554 3076 1625 migrationes
3109 1572 3176 1610 ea:
3231 1556 3535 1614 Jerusalem

2013 1624 2311 1694 signiﬁcent
2361 1623 2685 1697 translatum
2720 1625 2788 1677 iri
2810 1623 2818 1625 ἡ
2839 1627 3071 1697 gratiam
3101 1627 3153 1680 in
3187 1638 3386 1697 gentes.
3434 1629 3528 1685 Ubi

2014 1711 2191 1767 sermo
2218 1711 2420 1767 quoque
2449 1704 2540 1767 est
2560 1695 2623 1748 de
2647 1697 2892 1767 quinque
2921 1695 3148 1766 panibus
3189 1695 3530 1767 Vltordeaceis,

2011 1776 2063 1820 et
2094 1765 2376 1820 duodecim
2409 1765 2702 1834 pisciculis.

288 1920 400 1974 Καὶ
428 1919 589 1988 μετὰ
611 1893 808 1974 ταῦτα
845 1921 1122 1990 ἀπῆλθεν
1146 1925 1180 1977 ὀ
1222 1923 1458 1992 Ἰησοῦς
1508 1925 1702 1995 πέραν
1723 1926 1834 1996 τῆς

2011 1921 2101 1989 Vl,
2140 1924 2192 1979 Ι.
2225 1921 2291 1976 Et
2331 1932 2449 1991 post
2497 1922 2609 1977 Iuro
2635 1921 2770 1977 abiit
2800 1920 2964 1980 Iesus
3007 1933 3156 1980 trans
3193 1942 3342 1981 mare
3377 1927 3532 1984 Tibco

223 2012 554 2080 θαλάσσης
586 2011 699 2081 τῆς
732 2014 1084 2083 Τιϐεριάδος.

292 2107 527 2176 Πρῶτον
581 2108 763 2162 ἐκεῖνο
809 2109 1007 2180 χρῆναι
1066 2112 1182 2175 τοῖς
1233 2112 1610 2185 ἀκροωμένοις
1657 2115 1834 2170 εἰπεῖν

218 2199 609 2270 ὑπολαμϐάνω
637 2201 958 2274 ἀναγκαῖον,
991 2203 1075 2256 ὅτι
1121 2203 1223 2268 τὰς
1269 2207 1335 2260 ὲκ
1380 2205 1490 2261 τῶν
1533 2207 1835 2278 Ἱεροσολύ-

217 2309 338 2364 μων
372 2292 764 2364 μεταϐάσειςό
796 2295 1002 2372 Κύριος
1034 2297 1096 2350 οὑ
1133 2297 1258 2368 δίχα
1283 2280 1432 2363 τινὸς
1469 2300 1836 2370 ἀναγκαιοτά-

212 2402 316 2455 της
349 2384 542 2448 αἰτίας
571 2387 771 2458 ὁρᾶται
801 2389 994 2442 ποιῶν.
1019 2390 1311 2462 Οἰκονομεϊ
1347 2391 1406 2445 δέ
1439 2408 1494 2446 τι
1528 2392 1713 2463 σχεδὸν
1748 2395 1835 2462 ἐφ’

214 2478 458 2549 ἑκάστῃ,
495 2477 593 2530 καὶ
640 2479 700 2531 ἐν
728 2480 796 2549 τῇ
833 2479 945 2532 τῶν
987 2480 1332 2552 πραγμάτων
1363 2481 1547 2552 φύσει,
1581 2483 1834 2556 καθάπερ

210 2570 271 2622 ὲν
300 2570 506 2624 πίνακι
536 2613 549 2633 ,
581 2571 934 2642 καταγράφει
987 2574 1290 2644 μυστήρια.
1334 2574 1548 2640 Ὀποῖος
1609 2576 1708 2648 μὲν
1739 2575 1834 2633 οὖν

211 2660 315 2730 τῆς
349 2662 754 2731 μεταστάσεως
783 2664 812 2716 ὁ
843 2665 1068 2730 σκοπὸς,
1095 2667 1188 2720 καὶ
1217 2666 1270 2721 τί
1297 2665 1360 2720 τὸ
1397 2669 1649 2723 ἐντεῦθεν
1696 2672 1832 2726 ὑπο-

211 2751 581 2823 δηλούμενον,
608 2755 666 2807 ὲν
709 2753 897 2825 οἰκείῳ
942 2755 1120 2828 καιρῷ
1164 2741 1453 2830 καταφανῆ
1487 2762 1832 2833 καταστήσο-

212 2861 337 2915 μεν,
372 2841 767 2915 ὲκΰεὸηκότων
794 2847 875 2911 εἰς
915 2847 1092 2919 πέρας
1138 2849 1248 2904 τῶν
1290 2852 1672 2922 προκειμένων
1703 2855 1835 2926 ἡμῖν

210 2937 561 3006 κεφαλαίων.
598 2935 853 2994 Ἐκαστα
877 2940 988 3012 γὰρ
1035 2940 1303 3006 διελόντες
1342 2944 1482 2998 κατά
1509 2944 1708 3016 βραχὺ,
1739 2949 1836 3003 καὶ

207 3029 271 3083 τὺ
311 3031 382 3084 ὲκ
431 3029 552 3083 τῶν
600 3030 953 3102 Γραμμάτων
996 3033 1492 3105 διερμηνεὺσαντες
1538 3040 1831 3110 χρήσιμον,

208 3119 358 3175 οὕτω
396 3138 462 3174 τε
499 3122 617 3184 τοῖς
655 3122 1062 3194 ἐντευξομένοις
1112 3126 1454 3197 παραθέντες
1499 3129 1581 3193 εἰς
1624 3130 1832 3201 νόησιν,

1937 2014 2133 2071 riadis.

2009 2110 2255 2165 Primum
2280 2109 2628 2166 auditoribus
2662 2108 2800 2164 illud
2831 2109 3129 2165 dicendum
3165 2117 3322 2181 puto,
3349 2111 3532 2167 Donu-

1937 2205 2068 2258 num
2113 2201 2512 2274 Hierosolymis
2569 2215 2679 2256 non
2724 2201 2847 2258 sine
2897 2202 3049 2273 gravi
3104 2211 3162 2258 et
3216 2205 3532 2260 necessaria

1935 2309 2106 2351 causa
2155 2295 2415 2364 migrare.
2465 2292 2697 2358 Quoties
2750 2294 3052 2349 autemid
3106 2293 3262 2361 facit,
3323 2296 3533 2368 aliquid

1936 2388 2200 2444 eximium
2257 2387 2370 2444 fere
2421 2387 2667 2453 molitur,
2712 2395 2768 2443 et
2831 2387 2888 2442 in
2930 2401 3116 2443 rerum
3158 2395 3359 2443 natura
3408 2395 3534 2443 tan-

1936 2493 2102 2550 quam
2157 2479 2212 2533 in
2266 2479 2451 2534 tabula
2505 2480 2767 2552 mysteria
2817 2479 3082 2552 depingit.
3124 2479 3376 2547 Quonam
3436 2482 3538 2553 igi-

1938 2582 2028 2628 tur
2069 2580 2286 2644 spectet
2331 2573 2612 2644 migratio,
2657 2581 2711 2628 et
2749 2572 2881 2643 quid
2931 2573 3022 2626 illa
3077 2573 3374 2644 significet,
3428 2591 3533 2631 suo

1937 2664 2102 2737 239
2125 2673 2373 2734 tempore
2396 2663 2744 2729 docebimus,
2779 2677 2907 2720 cum
2939 2664 3008 2719 ad
3040 2665 3254 2720 calcem
3286 2667 3532 2736 capitum

1936 2756 2377 2827 pervenerimus.
2408 2756 2658 2828 Singulis
2682 2757 2829 2811 enim
2855 2757 3089 2824 divisis,
3121 2769 3178 2814 et
3215 2757 3533 2830 Scriptura-

1935 2863 2056 2904 rum
2085 2847 2328 2904 utilitate
2357 2848 2636 2918 exposita,
2668 2855 2835 2917 atque
2861 2847 2965 2903 hoc
2986 2856 3150 2918 pacto
3177 2849 3534 2905 auditoribus

1935 2940 2004 2995 ad
2027 2939 2450 3010 intelligendum
2465 2931 2776 3010 proposita,
2792 2949 3097 2996 extremam
3119 2943 3289 2997 totius
3305 2943 3383 2996 rei
3407 2957 3536 2997 con-

1936 3031 2355 3102 templationem
2405 3030 2727 3096 affet-emus,
2771 3047 2896 3102 quae
2936 3032 3093 3086 varie
3139 3040 3376 3087 tractata
3413 3033 3534 3089 l‘ue-

1937 3124 2051 3179 rint
2081 3125 2398 3179 summatim
2427 3124 2759 3181 dividentes.
2781 3124 2940 3190 Quod
2965 3132 3152 3180 autem
3181 3125 3239 3180 in
3272 3126 3533 3180 manibus

207 3211 548 3266 τελευταίαν
573 3212 871 3284 ἐποίσομεν
910 3215 1009 3288 τὴν
1055 3216 1149 3270 ἐπὶ
1177 3216 1256 3288 τῷ
1289 3219 1455 3272 παντὶ
1501 3219 1734 3292 Θεωρίαν
1767 3222 1834 3276 τὰ

1939 3216 2046 3285 iam
2083 3217 2249 3274 nobis
2279 3224 2384 3282 est,
2416 3218 2655 3288 primum
2692 3220 2940 3273 omnium
2975 3217 3377 3274 declarandum
3414 3219 3536 3275 exi-

211 3303 560 3376 πολυμερῶς
611 3305 885 3377 εἰρημένα
934 3306 1470 3381 κεφαλαιωδέστερον
1516 3311 1834 3385 ἐπιτέμνον-

209 3412 324 3460 τες.
361 3398 432 3451 Ὂ
469 3396 532 3450 δὲ
569 3394 668 3451 νῦν
696 3398 755 3451 ὲν
787 3401 978 3470 χερσὶν
1008 3399 1270 3472 ὑπάρχει,
1306 3401 1466 3457 τοῦτο
1499 3405 1592 3458 καὶ
1615 3405 1834 3478 πρῶτον

211 3482 394 3535 εἰπεῖν
435 3483 702 3555 οἰήσομαι
734 3485 866 3541 δεῖν.
899 3505 919 3538 ι
951 3488 1107 3542 Μετὰ
1148 3489 1344 3556 ταῦτα,
1374 3495 1561 3563 φησὶν,
1590 3496 1832 3567 ἀπῆλθεν

211 3573 241 3623 ὁ
281 3574 501 3645 Ἰησοῦς
564 3575 741 3647 πέραν
787 3577 887 3650 τῆς
939 3578 1216 3653 θαλάσσης
1266 3585 1366 3655 τῆς
1417 3585 1754 3656 Τιϐεριάδος.
1803 3606 1826 3640 ›

213 3666 376 3720 Μετὰ
410 3669 546 3721 ποῖα
578 3667 775 3734 ταῦτα,
810 3669 1072 3743 ζητητέον
1111 3674 1174 3727 οὑ
1221 3676 1592 3746 παρειμένως.
1644 3678 1833 3750 Παρά-

212 3756 368 3822 δοξος
402 3757 589 3814 τοίνυν
622 3760 680 3812 ὲν
720 3763 834 3825 τοῖς
873 3760 1270 3836 Ἰεροσολύμοις
1315 3766 1499 3838 ἰατρὸς
1545 3769 1830 3842 ἀνεδείχθη

215 3851 488 3922 Χριστός.
555 3853 974 3927 Τεθεράπευκεν
1039 3857 1328 3930 ἄνθρωπον
1382 3859 1678 3930 τριάκοντα
1739 3862 1835 3916 καὶΙ

213 3943 366 4000 ὀκτὼ
404 3945 507 4017 ἔτη
542 3947 602 4000 ἐν
641 3951 708 4020 τῇ
749 3949 1008 4021 ἀσθενείᾳ
1048 3949 1345 4018 αὑτοῦ,-οὑ
1386 3953 1684 4024 φάρμακον
1714 3956 1835 4008 ἐπι-

214 4043 358 4110 θεὶς,
410 4043 475 4096 οὐ
524 4045 851 4115 νοσημάτων
887 4046 1325 4118 ἀποκρουστικὺν
1372 4049 1666 4120 ἐπινοήσας
1705 4049 1833 4120 βοή-

215 4135 395 4208 θημα,
426 4137 574 4210 λόγῳ
601 4138 657 4192 δὲ
693 4139 914 4210 μᾶλλον,
950 4141 1026 4203 ὡς
1064 4140 1217 4208 Θεὸς,
1244 4139 1465 4214 ἐξουσίᾳ
1503 4142 1833 4214 παντουργῷ

215 4230 317 4281 καὶ
349 4228 658 4299 θεοπρεπεί
680 4229 760 4300 τῷ
789 4229 1039 4300 νεύματι.
1081 4249 1100 4282 ι
1133 4231 1413 4301 Ἐγερθεὶς
1435 4256 1454 4283 ι
1488 4230 1619 4301 γὰρ,
1643 4231 1852 4300 φησὶν,-

220 4338 238 4369 ι
267 4315 408 4390 ἆρον
435 4321 500 4374 τὸ
529 4321 786 4376 κλινίδιόν
815 4323 1038 4389 σου,κού⁸
1061 4322 1242 4392 ὕπαγε
1267 4325 1350 4388 εἰς
1368 4323 1460 4378 τὸν
1475 4319 1623 4378 οἶκον
1651 4339 1765 4377 σου.
1807 4340 1827 4374 ι

227 4413 460 4485 Ἐπειδὴ
495 4415 557 4468 δὲ
584 4414 863 4470 Σάϐϐατον
907 4413 1002 4488 ἦν,
1047 4417 1468 4488 χαλεπαίνουσιν
1513 4414 1743 4486 ἀμαθῶς
1780 4415 1832 4468 οἰ

213 4504 318 4575 τὴν
345 4506 643 4577 παχύτητα
673 4507 958 4572 νοσοῦντες
988 4509 1082 4562 τοῦ
1121 4510 1449 4581 γράμματος
1491 4507 1752 4571 Ἰουδαῖοι,
1779 4508 1830 4561 οἰ

1939 3311 2124 3367 stimo.
2171 3329 2189 3362 ι
2231 3310 2363 3366 Post
2399 3311 2546 3378 hac,
2576 3311 2790 3382 inquit,
2831 3311 2968 3367 abiit
2993 3310 3157 3368 Jesus
3189 3319 3345 3367 trans
3381 3327 3535 3368 mare

1938 3403 2268 3460 Tiberiadis.
2307 3422 2326 3456 ι
2362 3403 2626 3470 Quaenam
2660 3404 2774 3460 sint
2804 3419 2868 3458 ea
2909 3403 2980 3459 de
2999 3403 3208 3475 quibus
3241 3403 3320 3458 ait
3342 3443 3358 3466 ,
3406 3413 3535 3474 post

1938 3497 2076 3560 haec.
2108 3497 2403 3568 diligenter
2432 3496 2882 3568 investigandum
2909 3505 3017 3552 est.
3049 3497 3308 3552 Christus
3337 3495 3536 3551 Hiero-

1937 3590 2167 3663 solymis
2215 3589 2525 3645 mirabilem
2566 3588 2844 3644 medicum
2899 3604 2960 3646 se
3004 3590 3258 3660 praebuit.
3302 3589 3532 3644 Sanavit

1939 3681 2242 3745 hominem,
2271 3680 2366 3750 qui
2400 3688 2530 3735 octo
2557 3690 2614 3735 et
2639 3681 2867 3751 triginta
2905 3688 3053 3736 totos
3083 3696 3260 3736 annos
3289 3691 3530 3752 aegrota-

1936 3772 2068 3839 bat,
2102 3788 2215 3827 non
2259 3772 2510 3828 adhibito
2547 3772 2888 3843 pharmace,
2925 3773 3080 3828 nulla
3119 3771 3350 3828 medicae
3390 3773 3532 3828 artis

1935 3879 2063 3936 Ope,
2099 3863 2196 3920 sed
2229 3865 2350 3920 solo
2376 3865 2569 3929 verbo,
2597 3872 2788 3935 utpote
2814 3867 2983 3933 Deus,
3015 3865 3384 3935 omnipotenti
3417 3867 3530 3919 vir-

1937 3963 2092 4019 tute,
2129 3963 2184 4010 et
2222 3961 2359 4008 nutu
2393 3953 2501 4008 Deo
2546 3954 2902 4010 (-onvcnienti
2941 3974 2956 4012 :
3010 3975 3029 4008 ι
3065 3953 3312 4026 Surgens
3342 3956 3526 4020 enim,

1936 4047 2154 4117 inquit,
2205 4046 2336 4100 tolle
2365 4045 2656 4114 grabatum
2683 4052 2840 4100 tuum
2864 4084 2881 4108 ,
2931 4057 2984 4104 et
3017 4053 3294 4101 revertere
3333 4046 3388 4100 in
3431 4046 3531 4101 do-

1936 4154 2088 4193 mum
2155 4145 2305 4192 tuam
2360 4136 2472 4191 ³⁸.»
2507 4126 2631 4190 ’Βιδιί
2683 4135 2949 4206 quoniam
3009 4135 3310 4192 Sabbatum
3365 4145 3527 4203 erat,

1934 4229 2110 4286 Judaei
2142 4228 2314 4285 stulte
2361 4227 2760 4299 indignantur,
2796 4242 2924 4282 cum
2957 4227 3238 4284 crassitiei
3269 4229 3530 4285 litteralis

1935 4323 2134 4380 morbo
2163 4328 2494 4390 teneantur,
2547 4328 2602 4376 et
2651 4320 3132 4376 inconsiderantia
3167 4335 3266 4377 sua
3292 4362 3308 4387 ,
3361 4321 3531 4377 vehe-

1936 4416 2179 4473 mentius
2225 4429 2394 4485 quam
2450 4422 2691 4485 aegrotus
2748 4413 2843 4469 ille
2888 4413 3084 4470 morbo
3139 4413 3526 4486 stringantur,

1934 4508 2184 4578 adeoque
2227 4506 2501 4560 bonorum
2544 4502 2795 4559 omnium
2847 4493 3082 4574 penuria
3126 4503 3404 4560 laborent.
3447 4505 3530 4559 Illi

217 4598 387 4653 πλέον
441 4599 478 4671 ἢ
523 4601 733 4664 ἐκεῖνος
785 4603 909 4664 ταῖς
965 4601 1289 4672 συντρόφοις
1343 4598 1527 4654 αὐτῶν
1581 4598 1833 4666 ἁλογίαις

1939 4607 2129 4655 mente
2179 4593 2468 4670 paralytici
2496 4638 2513 4664 ,
2554 4603 2611 4652 et
2655 4596 2910 4652 moribus
2950 4595 3254 4663 dissoluti,
3297 4597 3353 4652 in
3389 4611 3533 4667 quos

218 4692 627 4764 συνδεδεμένοι,
678 4695 730 4748 οί
773 4695 992 4750 πάντων
1034 4694 1170 4771 ὁμοῦ
1220 4693 1332 4748 τῶν
1374 4692 1598 4762 ἀγαθῶν
1625 4693 1832 4765 ἀδρανῆ

215 4784 512 4850 νοσοῦντες
545 4786 768 4858 ἀργίαν,
808 4789 857 4842 οἰ
905 4789 1211 4859 παράλυτοι
1258 4787 1350 4842 τὸν
1399 4785 1545 4852 νοῦν,
1596 4787 1694 4841 καὶ
1731 4785 1833 4858 τὴν

217 4876 334 4944 ἕξιν
368 4877 746 4950 ἐκλελυμένοι,
776 4879 914 4952 πρὸς
945 4878 1040 4943 οὒς
1075 4879 1141 4934 ἂν
1171 4879 1399 4946 εἰκότως
1445 4880 1538 4934 καὶ
1582 4879 1796 4948 λέγοιτο
1816 4895 1830 4909 ο

223 4987 251 5024 ι
287 4969 603 5041 ’ἰσχύσατε,
621 4973 808 5044 χεῖρες
855 4971 1162 5042 ἀνειμέναι,
1198 4954 1302 5025 ’καὶ
1347 4971 1553 5040 γόνατα
1591 4971 1834 5042 παραλε-

123 5138 139 5145 _
217 5061 457 5134 λυμένα.
521 5081 542 5116 ι
597 5063 1000 5118 Χαλεπαίνουσι
1068 5063 1126 5117 δὲ
1186 5063 1286 5134 τὴν
1335 5062 1695 5135 ὀφειλομένην
1754 5062 1834 5136 τῷ

220 5154 499 5226 Σαὸϐἀτῳ
548 5157 716 5228 τιμὴν
773 5157 974 5228 χρῆναι
1019 5156 1272 5226 λέγοντες
1321 5155 1417 5209 καὶ
1477 5155 1610 5225 παρ’
1665 5155 1835 5209 αὑτοῦ

217 5247 315 5302 τοῦ
372 5246 677 5318 νομοθέτου
743 5249 1115 5318 φυλάττεσθαι
1149 5265 1164 5280 ο
1235 5247 1696 5312 καταδικάζουσιν
1733 5247 1833 5312 ,ὡς

224 5341 666 5414 παραϐαίνοντος
717 5342 814 5396 τοῦ
864 5341 1104 5414 Χριστοῦ
1130 5383 1145 5408 ,
1201 5342 1278 5406 ὡς
1327 5341 1716 5414 γεγραμμένον
1771 5343 1834 5396 οὐ

219 5435 506 5506 δεχόμενοι
524 5449 539 5464 ⁸
567 5453 584 5485 ι
623 5433 856 5506 ’Λσεδὴς
883 5436 910 5488 ὁ
939 5435 1113 5504 λέγων
1139 5434 1350 5506 βασιλεῖ
1371 5451 1384 5466 ·
1412 5436 1776 5506 Παρανομείς.
1810 5453 1828 5487 ι

229 5527 362 5581 Ἐπὶ
394 5527 610 5591 τούτοις
650 5527 866 5599 ἔλεγχοι
911 5527 1013 5600 μὲν
1055 5525 1196 5600 ἦσαν
1254 5528 1407 5600 παρά
1442 5527 1538 5582 τοῦ
1579 5530 1832 5601 Σωτῆρος

218 5619 440 5691 δριμεῖς
465 5636 474 5646 ·
501 5619 660 5689 λόγος
691 5620 746 5674 δὲ
777 5621 1158 5687 διεσκευάμζετο
1189 5621 1353 5687 πολύς
1385 5639 1442 5675 τε
1474 5622 1568 5676 καὶ
1597 5622 1830 5694 μακρὸς,

1935 4691 2223 4763 illudjure
2257 4689 2650 4763 quadraverit:
2691 4707 2710 4740 ι
2742 4686 3176 4752 Confortamini,
3212 4696 3410 4742 manus
3445 4704 3535 4745 re-

1937 4786 2126 4842 missae
2145 4824 2162 4851 ,
2194 4794 2250 4840 et
2281 4797 2460 4855 genua
2490 4780 2768 4838 dissoluta
2799 4779 2868 4832 ⁸⁸.
2896 4798 2914 4829 ι
2961 4779 3328 4850 indignantur
3359 4795 3493 4835 vero
3515 4823 3530 4846 ,

1938 4875 2168 4933 Sahbati
2204 4877 2473 4931 honorem
2517 4873 2588 4926 ab
2627 4873 2748 4941 ipso
2782 4885 3007 4941 quoque
3046 4870 3371 4950 legislature
3408 4888 3533 4929 ser-

1933 4968 2178 5025 vandum
2200 4979 2326 5022 esse
2349 4963 2638 5020 dicentes:
2668 4961 2956 5018 Christum
2976 4961 3371 5031 condemnant,
3395 4981 3536 5036 qua-

1934 5060 1982 5118 si
2017 5057 2523 5130 praavaricatorem,
2549 5069 2674 5108 cum
2694 5069 2807 5109 non
2833 5054 3058 5124 capiant
3081 5054 3232 5125 quod
3261 5057 3532 5128 scriptum

1933 5159 2019 5209 est
2053 5171 2067 5207 ε
2111 5170 2129 5202 ι
2159 5149 2368 5220 Impius
2397 5155 2484 5204 est
2514 5147 2609 5218 qui
2641 5146 2776 5202 dicit
2803 5145 2960 5218 regi:
3001 5146 3215 5218 lnjuste
3250 5150 3372 5221 agis
3405 5151 3472 5206 9°.
3509 5171 3526 5203 ι

1934 5244 2050 5302 Hos
2094 5243 2301 5299 acriter
2339 5240 2597 5296 Salvator
2629 5238 2910 5311 redarguit
2949 5259 2962 5294 :
2995 5240 3298 5312 multisque
3324 5243 3530 5313 proba-

1935 5337 2012 5393 vit
2043 5350 2172 5392 cum
2201 5333 2570 5390 cessationem
2598 5332 2656 5387 in
2685 5331 2930 5387 Sabbato
2962 5333 3146 5404 typice
3177 5347 3206 5386 a
3242 5333 3358 5402 lege
3390 5347 3531 5387 con-

1940 5431 2227 5494 stitutam,
2265 5433 2384 5482 tum
2421 5424 2624 5481 Filium
2658 5423 2901 5480 hominis
2930 5423 3215 5478 dominum
3246 5436 3373 5478 esse
3402 5420 3534 5477 Sab-

1939 5523 2054 5580 bati
2081 5521 2172 5577 θτε
2226 5528 2284 5574 at
2313 5520 2520 5592 quibus
2555 5517 2707 5572 nulla
2743 5526 2864 5573 erat
2903 5530 3041 5570 cura
3083 5514 3208 5568 boni
3232 5553 3247 5577 ,
3293 5513 3390 5568 sed
3452 5515 3521 5569 ad

1941 5631 2162 5676 omnem
2198 5615 2460 5688 pr0pcnsi
2493 5611 2783 5677 malitiam,
2818 5609 2872 5664 iu
2900 5609 3184 5664 doctorem
3214 5605 3533 5680 insurgunt,

292 5800 424 5838 “J3
463 5798 627 5856 Rom.
671 5818 731 5869 κ,
764 5802 814 5857 l.
893 5805 938 5837 "'
980 5802 1139 5860 Joan.
1171 5822 1224 5871 v,
1268 5805 1322 5861 8.
1398 5806 1443 5840 "
1483 5805 1583 5862 lsa.
1622 5821 1784 5871 xxxv,
1819 5805 1872 5860 5.
1952 5803 1998 5837 9°
2040 5799 2141 5859 Job
2167 5815 2370 5870 xxxrv,
2398 5798 2480 5856 18.
2562 5799 2603 5832 ’⁷
2646 5795 2781 5852 Luc.
2818 5809 2889 5854 v1,
2926 5790 2980 5845 5.
