4052 6510
516 332 620 389 4³55

1546 330 1603 385 S.
1641 327 1920 384 ογιιιιιι
1959 329 2434 391 ALEXANDMNI
2470 335 2789 394 ARCHIEP.

3678 347 3787 403 436

515 468 566 514 et
585 456 793 512 eadem
834 453 957 526 ejus
999 453 1390 509 machinautur
1422 451 1517 523 qui
1549 423 1878 524 sapientiam
1911 450 1980 507 iis
2011 450 2092 505 in-

2203 455 2286 510 δτι
2323 459 2573 525 τυπικῶς
2596 462 2708 524 τοῖς
2737 460 3114 534 ἀρχαιοτέροις
3158 463 3193 534 ἡ
3235 463 3471 520 κατὰ-τὺ
3510 465 3790 524 Σάϐϐατον

519 549 748 605 fundere
788 547 1045 612 volebat,
1091 546 1233 600 mala
1267 545 1316 601 ei
1356 559 1457 616 pro
1491 544 1653 600 bonis
1677 585 1691 609 ,
1729 551 1791 599 ut
1814 543 2087 614 scriptam

517 648 607 696 est
631 639 681 672 ”
708 675 724 704 ,
773 639 1165 694 retribuentes.
1223 634 1522 707 Postquam
1559 635 1732 704 igitur
1777 635 1894 689 haec
1925 633 1994 688 ab
2028 645 2097 688 eo

518 731 662 787 facta
692 739 822 787 sunt
855 744 924 786 ac
955 729 1122 794 dicta,
1163 729 1401 784 discedit
1433 726 1830 799 Hierosolymis
1858 725 2008 781 velut
2028 739 2096 780 ex

515 822 849 880 necessitate
872 821 1113 892 quadam
1145 819 1410 876 Dominus
1438 855 1454 884 ,
1489 833 1726 888 cumque
1753 831 1926 888 prope
1949 820 2098 870 esset

514 914 725 970 Pascha
769 911 1116 976 Judasorum,
1163 917 1226 966 ut
1265 911 1320 966 in
1368 908 1730 980 sequentibus
1779 907 1944 978 paulo
1973 911 2098 977 post

514 1005 856 1073 reperiemus
881 1043 898 1070 ,
950 1004 1130 1074 ipsum
1161 1017 1314 1059 mare
1345 1000 1658 1057 Tiberiadis
1697 999 1943 1070 trajecit,
1980 997 2100 1054 sive

517 1097 770 1168 paludem
796 1097 870 1151 ita
898 1097 1100 1151 dictam
1127 1095 1182 1150 in
1211 1095 1436 1166 regione
1455 1093 1794 1149 iudarorum.
1819 1092 2093 1157 Quoniam

516 1202 646 1242 vero
677 1201 802 1243 mox
832 1185 1074 1243 diximus
1098 1184 1361 1257 quidnam
1389 1199 1515 1240 eum
1547 1183 1897 1253 potissimum
1926 1181 2098 1252 impu-

516 1279 612 1345 lit,
663 1286 721 1334 et
765 1278 1027 1336 recedere
1055 1277 1235 1349 coegit
1265 1276 1321 1331 in
1348 1276 1454 1331 alia
1485 1276 1605 1331 loca
1629 1315 1646 1343 ,
1699 1275 1867 1344 27o
1919 1287 2098 1344 eaque

517 1380 672 1426 tanto
702 1370 882 1440 spatio
915 1368 1318 1442 Hierosolymis
1353 1367 1617 1422 distantia
1637 1407 1653 1433 ,
1695 1366 1832 1421 illud
1859 1380 1984 1422 esse
2013 1366 2094 1420 ni-

517 1463 740 1526 mirum,
773 1460 920 1533 quod
949 1476 1121 1532 prope
1149 1469 1300 1515 esset
1318 1457 1529 1515 Pascha
1548 1456 1884 1521 Judmorum,
1908 1465 2096 1512 osten-

513 1553 754 1608 dentium
798 1551 1046 1607 arbitror
1085 1549 1274 1607 Jesum
1319 1557 1474 1606 recte
1513 1549 1705 1620 utique
1751 1563 1820 1604 eo
1849 1557 2097 1618 tempore

517 1644 914 1717 Hierosolymis
950 1642 1183 1715 reperiri
1219 1641 1488 1698 noluisse.
1531 1639 1704 1711 igitur
1728 1641 1816 1697 lex
1851 1638 2095 1696 Mosaica

512 1735 732 1793 .iudaeos
757 1752 823 1792 ex
859 1735 1010 1791 onmi
1049 1736 1486 1805 circumquaque
1517 1734 1745 1805 regione
1777 1729 2090 1800 Hierosoly-

513 1841 659 1881 mam
705 1825 983 1897 proiicisci
1017 1825 1278 1896 iubebat,
1319 1835 1382 1880 ut
1416 1825 1495 1880 ibi
1537 1825 1781 1896 typicum
1818 1821 2095 1892 Scenope-

513 1916 615 1986 gite
664 1917 862 1973 festum
907 1925 1256 1988 peragerent.
1292 1917 1359 1970 Et
1385 1915 1607 1986 quidem
1647 1915 1778 1971 hinc
1823 1913 2094 1984 spiritalis

514 2006 678 2062 homo
711 2015 1030 2062 sanctorum
1057 2007 1311 2062 omnium
1338 2005 1822 2078 congregationem
1853 2004 1910 2058 in
1936 2003 2098 2060 Chri-

515 2105 662 2154 stum
692 2097 1000 2168 iuteiiiget,
1035 2111 1164 2153 cum
1213 2111 1284 2152 ex
1329 2097 1592 2152 universo
1641 2102 1916 2151 terrarum
1959 2094 2097 2149 orbe

514 2196 640 2258 post
667 2200 1010 2244 mortuorum
1049 2189 1511 2245 resurrectionem
1541 2188 1600 2242 in
1625 2201 1925 2257 supernam
1955 2184 2096 2242 civi.

515 2287 680 2335 tatem
715 2279 1082 2344 convenient,
1128 2277 1284 2334 illam
1312 2278 1594 2338 cmiestem
1636 2276 1984 2340 Jerusalem,
2018 2275 2094 2332 ibi

513 2368 722 2439 gratias
756 2368 938 2425 acturi
966 2385 1108 2426 vera:
1140 2367 1495 2440 Scenoprgia:
1523 2407 1539 2435 ,
1582 2369 1688 2424 hoe
1715 2377 1804 2425 est
1834 2366 2094 2438 perenni-

514 2460 646 2518 tatis
714 2476 1014 2532 corporum
1041 2497 1057 2527 ,
1102 2461 1284 2518 soluta
1329 2461 1683 2530 corruptione
1728 2459 1982 2516 videlicet
2037 2464 2094 2514 et

513 2562 698 2612 morte
745 2555 802 2610 in
851 2565 1084 2611 mortem
1133 2554 1309 2625 lapsa.
1366 2553 1524 2620 Quod
1575 2553 1622 2610 si
1677 2551 1760 2608 rei
1805 2551 2093 2608 veritatem

513 2646 834 2703 historicam
857 2655 1196 2718 spectemus,
1226 2653 1440 2701 certum
1464 2653 1552 2701 est
1579 2645 1923 2700 innumeram
1953 2641 2095 2698 mul-

512 2739 802 2796 titudinem
846 2740 1141 2796 ascendere
1176 2739 1398 2796 solitam
1426 2737 1769 2800 Jerusalem,
1810 2745 1865 2791 et
1893 2734 2094 2805 proba-

510 2830 622 2888 bile
642 2837 730 2888 est
757 2829 1064 2888 Pharisaeos
1095 2846 1164 2886 eo
1200 2830 1439 2886 maxime
1469 2838 1719 2900 tenipore
1744 2827 1889 2898 apud
1916 2841 2091 2898 popu-

509 2923 620 2976 lum
650 2922 923 2985 valuisse.
967 2922 1296 2979 simulantes
1341 2935 1402 2979 se
1448 2922 1621 2992 legem
1662 2919 1999 2984 deiendere,
2036 2924 2095 2974 et

503 3027 696 3068 coram
731 3021 885 3069 tanta
927 3013 1285 3069 multitudine
1328 3013 1593 3070 adversus
1621 3027 1748 3068 eum
1776 3011 2094 3067 declaman-

2205 545 2375 618 ἀργία
2421 549 2827 622 νενομοθέτητο,
2868 550 2962 604 καὶ
2999 551 3083 606 δτι
3131 551 3318 624 κύριός
3362 555 3479 608 ἐστι
3514 553 3612 609 τοῦ
3644 557 3788 612 Σασ-
3823 603 3830 607 .

2197 635 2366 692 ϐάτου
2389 640 2419 692 ὁ
2446 639 2575 704 Υίδς
2604 641 2700 695 τοῦ
2741 641 3062 714 ἀνθρώπου·
3097 643 3216 697 ἀλλ’
3239 645 3288 697 oi
3322 643 3460 716 πρὸς
3491 646 3658 718 μηδὲν
3687 647 3788 718 μὲν

2198 725 2311 782 τῶν
2352 729 2574 797 ἀγαθῶν
2602 731 2914 803 ἐπιτήδειοι,
2945 730 3083 804 πρὸς
3119 733 3177 787 δὲ
3219 734 3402 800 πάσας
3445 736 3787 808 ἑτοιμότατοι

2196 815 2524 890 δυστροπίας
2568 822 3059 889 καταστασιάςουσι
3107 823 3204 880 τοῦ
3252 825 3595 891 διδάσκοντος
3641 830 3787 900 ειπερ

2197 909 2305 964 ιδει
2339 911 2550 982 μαθεῖν,
2593 914 2689 968 καὶ
2712 914 2946 984 φονῶσιν
2981 915 3084 988 ἤδη
3127 916 3272 971 κατά
3305 916 3401 971 τοῦ
3435 918 3636 990 σοφοῦν
3663 919 3788 973 ἑθέ-

2197 997 2401 1066 λοντος,
2429 1003 2660 1076 πονηρὰ,
2681 1005 2825 1060 κατά
2853 1004 2916 1060 τὸ
2954 1007 3362 1079 γεγραμμένον,
3396 1009 3521 1063 ἀντὶ
3558 1009 3787 1077 ἀγαθῶν

2197 1091 2540 1160 ἀποδιδόντες
2584 1095 2755 1168 αὐτῷ.
2787 1097 2941 1151 Μετά
2985 1097 3168 1154 τοίνυν
3194 1098 3370 1153 ταῦτα
3415 1099 3484 1155 τά
3532 1116 3787 1171 πεπραγ-

2200 1184 2338 1254 μένα
2367 1202 2430 1240 τε
2479 1187 2575 1241 καὶ
2618 1189 2890 1261 εἰρημένα
2934 1191 3299 1248 ἀπανίσταται
3328 1192 3440 1246 τῶν
3487 1192 3784 1264 Ἱεροσολύ-

2199 1288 2319 1342 μων
2340 1273 2415 1336 ὡς
2443 1274 2502 1339 ἐξ
2529 1277 2776 1346 ἀνάγκης
2799 1279 2828 1332 ὁ
2851 1278 3076 1350 Κύριος,
3107 1282 3203 1336 καὶ
3246 1280 3478 1352 ἐπείπερ
3504 1277 3572 1352 ἦν
3612 1283 3784 1350 ἐγγὺς

2195 1363 2257 1418 τὸ
2286 1366 2482 1437 Πάσχα
2514 1367 2623 1421 τῶν
2666 1368 2954 1436 Ἰουδαίων,
2983 1370 3060 1435 ὡς
3103 1371 3284 1440 ὀλίγον
3322 1372 3382 1426 ὲν
3426 1375 3536 1435 τοῖς
3582 1373 3782 1443 ἑφεξῆς

2197 1454 2520 1524 εὑρήσομεν,
2546 1457 2642 1511 καὶ
2680 1458 2851 1532 αὐτὴν
2879 1459 3161 1515 διέπλευσε
3201 1462 3299 1534 τὴν
3332 1463 3649 1534 Τιὸεριάδος
3680 1463 3779 1518 Θά-

2196 1543 2423 1611 λασσαν,
2448 1547 2568 1618 ἦτοι
2618 1549 2835 1622 λίμνην,
2864 1550 3006 1605 οὕτω
3053 1552 3220 1608 καλου
3232 1553 3400 1625 μένην
3429 1555 3486 1608 ἐν
3518 1557 3585 1626 τῇ
3625 1553 3780 1628 χώρᾳ

2198 1633 2295 1708 [αι.
2326 1637 2399 1702 ὲκ,
2422 1637 2524 1710 τῆς
2559 1638 2768 1714 χώρας]
2815 1641 2922 1698 τῶν
2964 1644 3254 1700 Ἰουδαίων.
3293 1645 3510 1718 Ἐπειδὴ
3539 1647 3597 1700 δὲ
3632 1645 3696 1701 τὸ
3726 1647 3779 1700 τί

2201 1729 2439 1800 μάλιστα
2479 1734 2864 1805 κατασοόἧσαν
2904 1737 3090 1800 αὑτὸν,
3129 1738 3228 1792 καὶ
3271 1729 3776 1810 μεταχωρεῖνάναη

2197 1822 2479 1886 πεπεικδς,
2515 1825 2595 1888 είς
2633 1825 2856 1898 ἐτέρους
2895 1844 2956 1881 τε
2995 1828 3238 1899 οἴχεσθαι
3268 1829 3486 1896 τόπους,
3520 1830 3616 1883 καὶ
3655 1847 3778 1884 rea--

2195 1913 2353 1970 οῦτον
2378 1915 2478 1986 τῆς
2511 1915 2866 1990 Ἰερουσαλὴμ
2913 1919 3457 1992 ἀπεσχοινισμένους,
3505 1923 3682 1975 έκεῖνο
3713 1921 3779 1991 δὴ

2198 2007 2435 2078 μάλιστα
2466 2010 2732 2081 ὑπάρχειν
2762 2013 2966 2084 ἀρτίως
2999 2015 3322 2085 εἰρήκαμεν,
3354 2014 3418 2067 rb
3445 2014 3612 2084 ἐγγὺς
3639 2009 3776 2070 εἶναι

2194 2099 2256 2154 τὸ
2300 2100 2494 2171 Πάσχα
2538 2101 2646 2155 τῶν
2696 2103 2964 2158 Ἰουδαίων
2985 2143 3001 2170 ,
3051 2103 3322 2160 δεικνύναι
3374 2104 3606 2175 πρέπειν
3646 2104 3778 2158 ὕπο-

2194 2191 2476 2263 λαμσάνω,
2519 2193 2701 2260 καλῶς
2743 2195 2810 2268 δὴ
2857 2195 2976 2250 λίαν
3019 2196 3081 2250 τὸ
3128 2198 3187 2251 ὲν
3231 2198 3344 2260 τοῖς
3383 2196 3778 2268 Ἰεροσολύμοις

2193 2283 2547 2355 εὑρίσκεσθαι
2576 2287 2698 2340 κατ’
2727 2288 2901 2342 ἐκεῖνο
2944 2288 3138 2360 καιροῦ
3179 2288 3655 2360 παραιτησάμενον
3683 2289 3778 2343 τὸν

2206 2377 2432 2447 Ἰησοῦν.
2479 2377 2689 2433 Οὐκοῦν
2729 2379 2894 2450 νόμος
2929 2380 2958 2434 δ
3001 2379 3091 2434 διὰ
3137 2380 3381 2444 Μωσέως
3437 2378 3548 2435 ἀπὺ
3592 2380 3777 2450 πάσης

2192 2468 2292 2538 τῆς
2341 2468 2673 2540 περιοικίδος
2734 2470 3055 2542 ἀνατρέχειν
3108 2473 3188 2534 είς
3241 2469 3589 2542 Ἰεροσόλυμα
3650 2470 3778 2533 τοὺς

2207 2561 2492 2625 Ἰουδαίους
2513 2563 2780 2628 ἔκέλευεν,
2813 2564 2931 2616 ἐκεῖ
2954 2563 3054 2633 τὴν
3091 2564 3149 2616 ὲν
3180 2562 3338 2632 τύπῳ
3373 2561 3475 2632 τῆς
3504 2578 3780 2632 σκηνοπη-

2192 2653 2318 2722 γίας
2351 2653 2758 2718 ὲπιτελέσοντας
2780 2655 2994 2725 ἑορτήν.
3030 2655 3141 2709 Καὶ
3172 2655 3354 2724 νοήσει
3393 2654 3492 2725 μὲν
3527 2653 3777 2706 ἐντεῦθεν

2191 2746 2222 2800 δ
2253 2745 2619 2816 πνευματικὸς
2641 2745 2742 2816 τὴν
2771 2746 3027 2800 ἁπάντων
3057 2745 3168 2801 τῶν
3215 2747 3387 2815 ἁγίων
3429 2747 3775 2814 ἰπισυναγω⁴

2191 2837 2296 2909 γὴν
2324 2838 2404 2901 είς
2427 2839 2680 2910 Χριστὸν,
2703 2839 2794 2893 ὅτε
2831 2837 2894 2909 δὴ
2942 2839 3037 2892 καὶ
3063 2837 3171 2892 ἀπὸ
3201 2838 3381 2909 πάσης
3407 2840 3507 2908 τῆς
3526 2836 3780 2906 οίκουμέ-

2195 2947 2294 3002 νης
2323 2930 2462 3002 μετὰ
2483 2931 2584 3003 τὴν
2606 2930 2716 2985 τῶν
2736 2929 2945 3001 νεκρῶν
2968 2930 3266 2984 ἀναϐίωσιν
3291 2930 3370 2992 είς
3388 2929 3487 3001 τὴν
3508 2928 3622 2983 ἀνω
3654 2945 3778 2981 συν-

2192 3023 2576 3096 ενεχθήσονται
2599 3023 2754 3077 πόλιν
2775 3023 2875 3094 τὴν
2895 3023 3214 3093 ἐπουράνιον
3246 3021 3619 3094 Ἰερουσαλὴμ,
3646 3022 3778 3076 ἀνα-

511 3115 593 3162 ιθε
619 3102 714 3175 qui
744 3105 918 3174 ιεεθηι
950 3103 1502 3176 Ρηιθΐῧτθδίεδωυτ
1519 3143 1535 3169 ν
1563 3112 1662 3158 θυι
1681 3102 1778 3172 (ἰαί
1801 3117 1922 3157 eam
1951 3117 2091 3173 Ρη·
2115 3113 2158 3171 C
2191 3113 2450 3185 θήσοντες
2476 3113 2656 3168 ἐκεῖσε
2695 3113 2765 3168 τὰ
2793 3113 3124 3184 χαριστήρια
3149 3111 3250 3182 τῆς
3279 3111 3654 3183 σκηνοπηγίας
3678 3111 3778 3182 τῆς

511 3194 753 3266 tergredi
794 3196 1109 3252 videbatur.
1161 3195 1391 3250 Diliicile
1426 3196 1575 3251 enim
1613 3195 1806 3264 utique
1851 3209 1962 3249 non
2009 3201 2094 3249 est

512 3287 813 3358 plebecula
876 3287 1289 3342 multitudinem
1355 3286 1706 3341 innumeram
1774 3285 2092 3351 concitare,

509 3394 635 3433 cum
657 3377 783 3448 quis
806 3377 981 3446 ipsam
1015 3377 1218 3448 injuria
1248 3377 1498 3434 aﬁ‘ectam
1530 3377 1824 3448 praedicat,
1867 3384 1922 3432 et
1950 3376 2092 3431 inci-

509 3478 629 3524 tare
669 3467 865 3522 nititur
907 3468 1174 3525 adversus
1202 3483 1306 3524 eos
1331 3468 1503 3524 etiam
1555 3469 1652 3538 qui
1691 3467 1900 3522 nullam
1947 3466 2091 3537 inju-

512 3557 650 3614 riam
683 3559 1006 3616 intulerunt.
1055 3559 1233 3617 instar
1259 3560 1410 3617 enim
1437 3574 1595 3631 aqua;
1623 3567 1720 3614 aut
1753 3560 1900 3630 ignis
1925 3568 2094 3614 teme-

509 3648 663 3704 rario
687 3648 893 3720 impetu
921 3649 1098 3705 fertur
1127 3649 1236 3705 huc
1262 3657 1320 3706 et
1354 3649 1508 3713 illuc,
1542 3657 1599 3706 et
1628 3649 1765 3705 nihil
1797 3665 1907 3706 non
1940 3651 2095 3705 inva-

505 3742 588 3799 dit
625 3742 771 3811 quod
811 3740 1028 3811 injuriae
1054 3741 1308 3798 cesserit.
1337 3739 1470 3798 Haec
1506 3741 1680 3814 igitur
1727 3757 1852 3797 cum
1908 3739 2093 3798 Domi-

507 3848 617 3888 nus
644 3846 755 3888 non
789 3831 1105 3904 ignoraret,
1140 3847 1267 3888 cum
1309 3832 1428 3890 suis
1455 3833 1749 3904 discipulis
1778 3830 2094 3904 Hierosoly-

508 3923 614 3977 mis
652 3938 713 3980 se
753 3923 1055 3988 subducit,
1101 3931 1170 3980 et
1203 3923 1318 3979 abit
1365 3932 1523 3981 trans
1570 3939 1722 3979 mare
1756 3922 2090 3980 Tiberiadis.

507 4013 668 4080 Quod
706 4023 894 4072 autem
921 4013 1222 4083 Judzeos,a
1266 4015 1469 4087 quibus
1494 4015 1564 4072 ad
1590 4015 1792 4072 caedem
1831 4015 2094 4086 deposce-

506 4107 691 4174 batur,
726 4115 877 4164 recte
915 4105 1148 4174 devitet,
1181 4123 1253 4164 ex
1294 4108 1382 4166 his
1431 4121 1654 4165 rursum
1702 4122 2090 4179 agnoscemus.

507 4195 629 4269 ipse
649 4198 796 4256 enim
819 4199 1014 4257 beatus
1039 4200 1382 4271 evangelista
1411 4201 1464 4256 id
1487 4199 1727 4256 declarat
1754 4199 1844 4256 bis
1866 4199 2050 4257 verbis
2073 4218 2090 4256 :

511 4306 530 4339 ι
562 4286 696 4344 Post
737 4286 856 4342 haec
897 4295 1084 4344 autem
1140 4288 1462 4346 ambulabat
1507 4287 1668 4346 Jesus
1716 4291 1772 4345 in
1815 4289 2038 4346 Galilrea
2071 4306 2088 4345 :

507 4393 622 4433 non
657 4377 804 4434 enim
833 4378 1054 4434 volebat
1075 4379 1132 4434 in
1159 4378 1345 4435 induta
1377 4381 1685 4449 ambuiare,
1715 4382 1842 4452 quia
1871 4399 2091 4454 quaere-

507 4472 641 4526 bant
667 4485 792 4525 eum
815 4467 993 4526 Judaei
1021 4471 1334 4528 interﬁcere
1353 4473 1422 4527 ³⁸.
1453 4492 1474 4526 ι
1511 4473 1622 4529 Sed
1652 4475 1868 4544 inquiet
1896 4475 2086 4533 forsan

507 4563 755 4634 aliquis:
791 4563 994 4620 Fateor
1039 4565 1219 4637 ipsum
1255 4565 1312 4621 in
1348 4565 1540 4622 Judaaa
1567 4567 1713 4623 nolle
1741 4570 1980 4635 versari,
2020 4585 2092 4625 ne

507 4669 740 4717 mortem
789 4660 1144 4716 immaturam
1188 4661 1385 4718 subeat
1427 4675 1442 4714 ι
1493 4661 1589 4718 sed
1644 4669 1834 4717 utrum
1882 4661 2086 4717 festum

507 4766 728 4824 quoque
759 4751 966 4824 fugiat,
992 4753 1237 4809 nondum
1270 4753 1544 4825 intelligo.
1565 4753 1742 4825 igitur
1769 4753 1864 4824 qui
1887 4753 2092 4812 fratres

505 4843 842 4914 putabantur
861 4883 878 4908 ,
909 4845 979 4900 ad
1007 4845 1288 4902 Christum
1315 4847 1592 4903 accedunt
1618 4848 1676 4904 in
1701 4849 1924 4906 Galilaea
1945 4891 1960 4918 ,
2001 4851 2087 4906 di-

509 4945 698 4991 centes
729 4951 748 4990 :
783 4955 806 4987 ι
839 4935 1039 4992 Transi
1071 4937 1235 5004 hinc,
1277 4947 1330 4995 et
1361 4940 1499 4996 vade
1536 4940 1593 4996 in
1619 4940 1860 4998 Judaeam
1881 4981 1897 5007 ,
1935 4951 1997 4998 ut
2034 4950 2088 4998 et

506 5025 766 5096 discipuli
810 5027 888 5082 tui
933 5027 1156 5084 videant
1197 5044 1366 5100 opera
1418 5041 1510 5087 tua
1553 5047 1678 5105 quae
1711 5032 1847 5091 iacis
1876 5036 1914 5091 ⁸.
1948 5055 1968 5088 ι
2004 5036 2087 5091 Ad

505 5129 646 5184 quos
689 5115 960 5173 Dominus
1005 5135 1019 5171 ε
1080 5120 1239 5190 271
1305 5141 1324 5174 ι
1369 5123 1476 5178 Vos
1524 5124 1813 5182 ascendite
1842 5126 1910 5180 ad
1942 5126 2088 5182 diem

509 5207 707 5262 festum
737 5207 928 5264 hunc:
977 5225 1080 5280 ego
1130 5226 1241 5267 non
1292 5215 1535 5270 ascendo
1581 5216 1648 5270 ad
1696 5216 1844 5274 diem
1886 5217 2090 5275 festum

445 5369 456 5390 ³
506 5300 714 5368 istum,
791 5301 925 5367 quia
983 5318 1168 5361 meum
1221 5312 1443 5377 tempus
1492 5308 1742 5364 nondum
1803 5312 2091 5382 impletum

504 5399 589 5448 est
620 5393 663 5449 '.
713 5412 734 5446 ι
788 5393 1012 5452 Clarum
1053 5395 1223 5467 igitur
1265 5405 1321 5453 et
1371 5399 1727 5456 manifestum
1767 5412 1856 5458 est
1902 5403 2092 5458 Salva-

505 5490 680 5540 turem
729 5485 1062 5544 discessisse
1108 5487 1540 5560 Hierosolymis,
1581 5505 1689 5546 non
1716 5492 1864 5562 quod
1894 5501 2092 5562 sponte

506 5567 658 5628 illinc
688 5575 972 5644 proiectus
1006 5577 1111 5644 sit,
1149 5579 1246 5635 sed
1279 5581 1426 5652 quod
1459 5581 1871 5640 iucredulorm
1899 5584 2093 5639 nefan-

487 5781 496 5817 ξ
571 5752 618 5783 θ’
661 5752 807 5810 Psai.
843 5773 1065 5825 xxxi-tt,
1105 5759 1194 5818 21.

1307 5761 1350 5794 ’θ
1385 5759 1545 5817 Joan.
1578 5778 1653 5818 vn
1683 5803 1696 5830 ,
1749 5763 1796 5817 1.
1879 5765 1892 5795 ¹
1930 5763 2064 5819 ibid.
2105 5763 2156 5817 5.

2191 3203 2448 3275 ἀληθοῦς,
2472 3205 2720 3260 τουτέστι
2755 3205 2854 3276 τῆς
2900 3203 3008 3259 τῶν
3056 3203 3323 3275 σωμάτων
3358 3201 3692 3275 συμπήξεώς
3716 3220 3775 3256 τε

2193 3296 2288 3351 καὶ
2331 3296 2611 3367 διαμονῆς,
2646 3295 2946 3368 λελυμένης
2984 3297 3225 3368 δηλονότι
3269 3297 3371 3366 τῆς
3417 3295 3647 3366 φθορᾶς,
3683 3295 3776 3348 καὶ

2191 3387 2286 3441 τοῦ
2317 3386 2550 3440 θανάτου
2579 3387 2833 3450 πεσόντος
2861 3389 2942 3451 είς
2973 3387 3222 3442 θάνατον.
3260 3385 3334 3439 Τὸ
3361 3385 3418 3438 δὲ
3445 3386 3570 3439 ὅσον
3603 3385 3777 3438 εἰπεῖν

2192 3484 2274 3545 είς
2309 3481 2372 3535 rb
2421 3481 2487 3534 ὲκ
2531 3480 2630 3551 τῆς
2687 3479 2930 3549 ίστορίας
2956 3479 3202 3549 γίνεσθαι
3239 3479 3502 3548 πεφυκὸς.
3545 3477 3778 3550 ἀριθμὸν

2191 3575 2292 3628 οὐκ
2311 3573 2427 3646 ⁴ᾔδει
2454 3572 2562 3626 τῶν
2585 3571 2980 3626 ἀναϐαινόντων
3000 3573 3081 3636 είς
3113 3571 3468 3644 Ἰερουσαλὴμ
3488 3571 3522 3642 ἠ
3545 3571 3778 3641 πληθὺς,

2192 3665 2288 3719 καὶ
2325 3659 2394 3735 ἦν
2422 3661 2488 3734 δὴ
2522 3662 2756 3734 μάλιστα
2805 3663 2926 3717 κατ’
2961 3663 3138 3716 έκεῖνο
3171 3659 3364 3732 καιροῦ
3418 3658 3592 3714 πολλά
3618 3659 3783 3713 δύνα-

2194 3756 2316 3812 σθαι
2356 3756 2479 3819 τοὺς
2524 3754 2849 3826 Φαρισαίους
2879 3753 3044 3818 είκὺς,
3083 3752 3468 3823 συναγορεύειν
3511 3751 3591 3822 τῷ
3630 3753 3783 3823 νόμῳ

2194 3849 2714 3922 προσποιουμένους,
2754 3848 2849 3901 καὶ
2883 3845 2960 3910 ὡς
2991 3846 3051 3899 ἐν
3096 3845 3293 3917 πλήθει
3340 3845 3580 3916 τοσούτῳ
3620 3863 3783 3914 κᾳτα·

2192 3939 2432 4002 ϐοῶντας
2492 3935 2588 3992 τοῦ
2646 3935 3082 4008 παρασαίνοντος
3105 3977 3118 3998 ,
3181 3935 3214 4006 ἢ
3271 3935 3368 3989 καὶ
3422 3934 3782 4006 παραϐαίνειν

2191 4031 2468 4103 οἰηθέντος
2497 4030 2702 4094 αὐτοῖς.
2745 4028 2911 4084 Οὐδὲν
2954 4026 3066 4098 γάρ
3106 4027 3244 4092 ὅλως
3285 4028 3348 4082 τὸ
3399 4026 3654 4097 χαλεπὸν,
3690 4026 3783 4081 τὸν

2190 4121 2505 4193 ἀμέτρητον
2546 4117 2656 4172 τῶν
2683 4116 2950 4186 ἀγελαίων
2999 4114 3382 4187 ἀναρριπίζειν
3425 4112 3614 4184 ὲσμδν,
3649 4112 3780 4166 ὅταν

2190 4231 2278 4277 τις
2314 4212 2476 4266 αὑτὸν
2503 4206 2795 4280 ἠδικῆσθαι
2825 4206 2962 4278 λέγῃ
2992 4206 3088 4260 καὶ
3125 4205 3488 4278 παροτρύνειν
3523 4205 3779 4275 ἐπιχειρῇ

2191 4306 2287 4359 καὶ
2322 4303 2463 4359 κατά
2487 4301 2599 4356 τῶν
2639 4299 2952 4365 λυπούντων
2984 4299 3158 4354 οὐδέν.
3184 4299 3416 4362 Ὕδατος
3456 4296 3567 4368 γὰρ
3596 4297 3776 4366 δίκην,

2192 4399 2226 4469 ἢ
2256 4397 2349 4452 καὶ
2377 4393 2549 4468 πυρὸς
2577 4393 2912 4465 ἀδιακρίτοις
2939 4391 3036 4446 καὶ
3065 4389 3555 4463 ἀπροασουλεύτοις
3579 4389 3780 4459 ὁρμαῖς

2192 4490 2594 4561 διαρριπτεῖται
2623 4484 2896 4556 πανταχῆ,
2949 4483 3046 4538 καὶ
3089 4483 3226 4556 πρὸς
3263 4483 3477 4537 ἅπαντα
3510 4483 3683 4554 χωρεῖ
3712 4479 3780 4533 τά

2197 4581 2392 4636 παθεῖν
2443 4579 2768 4650 ἀνεχόμενα.
2818 4577 3006 4632 Ταῦτα
3053 4576 3234 4630 τοίνυν
3279 4575 3380 4628 οὐκ
3423 4575 3702 4645 ἀγνοήσας
3753 4573 3782 4624 δ

2195 4674 2400 4745 Κύριος
2436 4670 2802 4726 ὑπεκκλέπτει
2858 4669 2958 4740 μὲν
2990 4671 3092 4741 τῆς
3132 4663 3488 4740 Ἰερουσαλὴμ
3519 4666 3638 4735 ἅμα
3669 4665 3780 4726 τοῖς

2198 4765 2466 4836 μαθηταῖς
2494 4763 2706 4830 ἑαυτὸν,
2740 4763 3049 4831 ἀφικνεῖται
3077 4760 3134 4814 δὲ
3165 4760 3264 4830 τῆς
3294 4758 3572 4826 θαλάσσης
3607 4756 3780 4826 πέραν

2194 4856 2297 4926 τῆς
2340 4853 2690 4927 Τιϐεριάδος-θ
2731 4853 2813 4906 δτι
2859 4851 2916 4906 δὲ
2958 4850 3236 4920 φονῶντας
3266 4849 3617 4921 παραιτεῖται
3658 4846 3782 4908 τοὺς

2203 4947 2512 5014 Ἰουδαίους,
2542 4947 2725 5011 καλῶς
2764 4945 2828 5018 δὴ
2861 4946 3006 5016 μάλα
3052 4945 3224 4999 ποιῶν
3245 4984 3261 5009 ,
3302 4941 3564 5013 εἰσόμεθα
3618 4937 3783 4994 πάλιν

2191 5042 2285 5097 καὶ
2315 5042 2404 5096 διὰ
2435 5041 2662 5095 τούτων.
2713 5039 2874 5108 Λέγει
2911 5036 3022 5109 γὰρ
3050 5037 3212 5100 αὐτὸς
3241 5037 3270 5089 δ
3300 5033 3570 5107 μακάριος
3603 5031 3781 5098 Εὐαγο

2192 5131 2484 5203 γελιστήςο
2515 5149 2534 5183 ι
2573 5129 2683 5184 Καὶ
2718 5127 2858 5200 μετὰ
2899 5128 3073 5181 ταῦτα
3125 5125 3448 5197 περιεπάτει
3495 5122 3525 5173 ὁ
3571 5118 3783 5192 Ἰησοῦς

2195 5223 2255 5278 δν
2283 5225 2354 5293 τῇ
2376 5219 2667 5290 Γαλιλαίᾳ·
2699 5219 2762 5274 οὐ
2795 5216 2903 5288 γὰρ
2941 5214 3132 5286 ἢθελεν
3164 5216 3222 5267 ὲν
3251 5215 3319 5285 τῇ
3367 5211 3596 5280 Ἰουδαίᾳ⁸
3627 5219 3783 5280 περι-

2197 5313 2406 5376 πατεῖν,
2450 5310 2533 5363 ὄτι
2571 5309 2795 5380 ἐζήτουν
2830 5306 2994 5362 αὑτὸν
3025 5308 3074 5360 οί
3113 5305 3349 5360 Ἰουδαῖοι
3381 5303 3724 5358 ἀποκτεῖναι.
3759 5317 3780 5352 s

2199 5401 2326 5456 Ὅτι
2357 5401 2457 5471 μὲν
2500 5395 2592 5454 οὗν
2638 5401 2989 5471 παραιτεῖται
3033 5397 3095 5451 τὸ
3138 5398 3202 5452 ὲν
3251 5399 3320 5467 τῇ
3369 5393 3600 5464 Ἰουδαίᾳ
3629 5409 3783 5462 περι-

2199 5495 2409 5556 πατεῖν,
2439 5493 2526 5546 ῖνα
2561 5491 2638 5564 μὴ
2682 5491 2930 5565 πρόωρον
2960 5489 3232 5563 ὑπομείνῃ
3255 5489 3349 5543 τὸν
3381 5487 3628 5549 θάνατον,
3663 5499 3796 5552 συγ-

2199 5583 2535 5649 κατανεύσω,
2565 5581 2752 5654 φησὶν,
2783 5583 2901 5654 ἐρεῖ
2937 5597 3022 5645 τις
3054 5579 3242 5652 τυχὸν,
3275 5576 3391 5634 ἀλλ’
3430 5576 3482 5630 εί
3519 5576 3616 5630 καὶ
3649 5570 3782 5644 φεύ-

2238 5771 2256 5802 ²
2291 5764 2427 5824 ibid.
2462 5762 2513 5817 8.
