4052 6504
258 350 366 408 tat
1282 345 1352 402 IN
1380 343 1671 402 JOANNIS
1710 344 2164 402 EVANGELIUM
2209 345 2338 402 LIB.
2377 341 2456 401 ut.
3464 319 3604 390 ne

258 485 341 539 γει
376 465 481 539 τὴν
509 464 727 537 ἑορτὴν,
756 464 913 520 ούπω
945 462 1223 538 μανθάνω.
1261 464 1473 520 Οὐκοῦν
1501 466 1551 520 oi
1593 465 1692 536 μέν
1720 481 1871 536 νομι-

1977 465 2048 521 da
2068 463 2302 520 consilia
2317 462 2696 519 detestaretur
2709 497 2726 524 ,
2766 464 2821 514 et
2845 459 3266 528 persecuturum
3285 449 3574 508 ieritatem

259 561 482 624 σθέντες
513 558 739 627 ἀδελφοὶ
785 557 1046 630 προσίασι
1079 558 1332 628 λέγοντες
1376 560 1437 612 ἐν
1478 560 1547 630 τῇ
1600 556 1866 628 Γαλιλαίᾳ

1975 556 2264 630 prudentia
2329 569 2431 610 sua
2492 551 2780 624 defugeret
2845 563 2912 604 ac
2953 544 3181 604 invidia
3223 543 3409 602 {eluta
3450 549 3581 598 arte

253 651 333 722 τῷ
360 650 620 723 Χριστῷο
661 669 681 702 ι
724 650 985 722 ’Δνάϐηθι
1017 649 1292 718 ἐντεῦθεν,
1325 652 1422 705 καὶ
1449 649 1630 720 ὕπαγε
1659 651 1740 714 είς
1764 649 1867 721 τὴν

269 745 555 810 Ἰουδαίαν,
597 744 686 798 ἶνα
715 744 813 799 καὶ
857 744 915 798 oi
967 742 1210 816 μαθηταί
1251 759 1348 797 σου
1387 741 1630 814 βλέπωσι
1666 741 1736 796 τὰ
1769 759 1868 814 ση-

258 844 390 912 μεῖα
430 839 471 895 ἀ
500 841 700 905 ποιεῖς.
739 858 759 892 ι
788 839 936 912 Πρδς
957 839 1161 903 αὐτοὺς
1191 837 1248 892 δὲ
1277 840 1308 894 ὁ
1340 837 1549 910 Κύριος
1567 853 1582 867 ο
1617 856 1636 890 ι
1679 837 1869 909 Ὑμεῖς

253 934 504 1006 ἀνάϐητε
531 935 614 999 είς
649 933 751 1004 τὴν
793 932 1012 1004 ἑορτήν·
1038 931 1152 1000 ἐγὼ
1189 931 1291 985 οὐκ
1336 929 1618 987 ἀναϐαίνω
1653 931 1736 994 είς
1767 929 1869 1001 τὴν

253 1026 458 1099 ἑορτὴν
502 1025 731 1096 ταύτην,
761 1025 846 1079 δτι
875 1026 906 1078 ό
945 1024 1078 1096 ἐμὸς
1124 1024 1317 1096 καιρὸς
1363 1022 1518 1078 οὔπω
1566 1022 1870 1095 πεπλήρω-

252 1133 369 1171 ται.
409 1135 431 1169 ι
461 1115 744 1187 Πρόδηλον
783 1111 880 1170 οὖν
911 1115 1021 1186 ἀρα
1051 1115 1147 1168 καὶ
1175 1113 1364 1182 σαφὲς,
1387 1114 1470 1167 ὅτι
1495 1113 1606 1167 τῶν
1640 1112 1871 1186 Ἰεροσο-

256 1207 452 1280 λύμων
487 1207 881 1282 ἐκκεχὼρηκεν
914 1209 945 1262 ὁ
985 1208 1200 1281 Σωτὴρ,
1247 1208 1352 1261 ούκ
1399 1205 1724 1278 αὐθαίρετον
1770 1205 1871 1277 τὴν

256 1301 332 1366 ὡς
366 1300 430 1368 ἐξ
462 1301 677 1356 ἐκεῖθεν
714 1300 1027 1371 ἀποδημίαν
1074 1301 1446 1370 στειλάμενος,
1477 1298 1615 1354 ἀλλά
1650 1297 1748 1354 καὶ
1771 1296 1873 1363 τὰς

253 1393 366 1448 τῶν
419 1392 800 1448 ἀπειθούντων
855 1392 1140 1464 βδελυρίας
1189 1392 1670 1465 ἐκμυσαττόμενος
1693 1431 1710 1457 ,
1775 1390 1872 1446 καὶ

253 1484 365 1540 τῶν
407 1484 723 1540 διωκόντων
770 1485 870 1556 τὴν
904 1485 1209 1558 ἀγριότητα
1252 1485 1352 1556 τῆς
1391 1482 1678 1554 εὐστοχίας
1713 1498 1874 1554 περι-

255 1577 506 1653 πλανῶν,
540 1577 636 1632 καὶ
667 1576 833 1649 τέχνῃ
865 1577 961 1631 τοῦ
996 1576 1195 1648 φθόνου
1223 1577 1286 1630 τὺ
1317 1576 1471 1648 βέλος
1500 1575 1876 1649 ἀποκρουόμε-

252 1687 369 1733 νος.
409 1669 740 1724 ’Υπεκνεύει
787 1670 845 1724 δὲ
889 1670 1074 1736 πάλιν,
1107 1670 1287 1724 καίτοι
1315 1668 1512 1723 παθεῖν
1552 1667 1753 1740 ίσχύων
1791 1668 1877 1722 ού-

253 1759 366 1825 δὲν,
401 1758 523 1828 εῐγε
549 1760 646 1813 καὶ
668 1759 878 1832 παρῆν,
903 1759 992 1814 ἵνα
1024 1759 1198 1814 τύπον
1223 1761 1386 1831 ἡμεῖς
1429 1759 1726 1832 ἀναγράψῃ
1771 1775 1873 1812 κα·

1967 649 2285 720 ἀερειιειιει-.
2333 645 2552 702 Rursus
2595 651 2782 698 autem
2830 657 2892 700 se
2929 638 3213 706 subducit,
3268 635 3400 694 licet
3433 633 3576 690 nihil

1966 743 2087 815 pati
2121 748 2312 812 posset
2343 738 2511 796 etiam
2539 751 2668 794 cum
2694 734 2936 798 adesset.
2968 741 3030 790 ut
3060 730 3375 803 eaetnplum
3408 726 3577 786 nobis

1969 834 2300 906 praclarum
2343 818 2636 897 statueret,
2672 843 2788 884 non
2818 825 3156 891 timiditatis,
3205 823 3304 880 sed
3349 821 3576 894 pietatis

1969 936 2026 986 et
2046 926 2344 982 charitatis
2370 925 2425 979 in
2450 921 2788 995 proxima.
2813 918 2955 974 Hinc
2979 916 3128 973 enim
3143 915 3403 985 exemplo
3435 927 3575 984 qua-

1971 1022 2020 1079 si
2045 1018 2290 1091 quodam
2324 1016 2393 1072 ad
2425 1015 2508 1072 rei
2541 1013 2701 1071 utilis
2727 1010 3101 1084 cognitionem
3134 1007 3361 1066 deducti
3387 1005 3575 1063 disce-

1973 1128 2121 1177 mus,
2149 1107 2586 1184 quod,inimicis
2614 1120 2720 1162 nos
2743 1099 3244 1176 persequentibus,
3275 1100 3408 1156 licet
3434 1097 3578 1154 nihil

1973 1206 2161 1263 damni
2208 1201 2505 1276 presentia
2539 1207 2733 1255 nostra
2753 1197 2924 1254 nobis
2956 1193 3194 1250 allatura
3221 1191 3497 1254 videatur,
3527 1189 3578 1246 si

1975 1306 2160 1354 tamen
2204 1295 2586 1360 declinemus,
2630 1297 2688 1348 et
2737 1290 2846 1346 hoc
2887 1297 3053 1360 pacto
3096 1286 3308 1359 primos
3336 1285 3580 1356 impetus

1974 1387 2378 1452 retundamus,
2420 1397 2730 1454 eorumque
2767 1379 2943 1437 furori
2990 1394 3094 1436 nos
3140 1377 3538 1436 subtrahamus
3562 1415 3580 1443 ,

1975 1482 2116 1537 iram
2149 1492 2345 1536 eorum
2369 1476 2592 1533 tandem
2619 1473 2870 1533 sedatam
2901 1470 3271 1536 oﬂendem-us,
3302 1477 3358 1525 et
3378 1482 3578 1526 eorum

1973 1572 2236 1644 iniuriam
2283 1569 2703 1634 resecabimus,
2744 1565 3078 1636 adiuvantes
3121 1563 3298 1634 magis
3339 1576 3440 1618 eos
3484 1558 3582 1630 qui

1977 1666 2143 1722 nobis
2168 1663 2359 1720 infesti
2384 1669 2540 1727 sunt,
2563 1675 2735 1732 quam
2766 1657 2944 1730 adiuti
2973 1675 2988 1714 :
3021 1655 3169 1728 quod
3197 1654 3426 1726 quidem
3449 1660 3544 1710 est
3561 1693 3579 1720 ,

1980 1766 2042 1814 ut
2070 1765 2322 1829 apparet,
2347 1762 2540 1811 nostra
2565 1767 2678 1809 non
2708 1763 2983 1824 quaerere,
3012 1748 3110 1805 sed
3139 1762 3266 1819 quae
3286 1752 3420 1804 sunt
3446 1743 3582 1800 alio-

253 1850 368 1913 λὸν,
399 1826 700 1914 mum,
726 1826 968 1923 τμάλλον,
1016 1851 1133 1906 ἀλλ’
1175 1826 1465 1915 εὐλαϐείας
1501 1826 1597 1906 uti
1645 1826 1871 1922 afen;

1979 1826 2420 1907 rumiOtiicium
2465 1848 2654 1918 itaque
2701 1843 3002 1901 eharitatia
3047 1852 3169 1908 est,
3222 1855 3337 1898 non
3387 1837 3581 1909 utique

251 1941 356 2012 τῆς
384 1943 472 2007 είς
505 1944 599 1998 τὸν
629 1942 822 2008 πέλας.
851 1943 1132 2016 Εἰσόμεθα
1153 1943 1282 2016 γὰρ,
1304 1943 1382 2009 ὡς
1419 1945 1488 1998 ἐκ
1525 1943 1700 1998 τύπου
1729 1943 1869 2016 πρὸς

251 2035 562 2103 ἐπίγνωσιν
615 2037 889 2108 χρησίμου
945 2035 1453 2108 χειραγωγούμενοι
1503 2036 1865 2110 πράγματος,

251 2128 337 2180 ὅτι
360 2129 676 2183 διωκόντων
700 2131 851 2200 ἡμᾶς
871 2129 981 2184 τῶν
1011 2129 1248 2202 ἐχθρῶν,
1279 2131 1375 2184 καὶ
1410 2130 1459 2182 εί
1491 2130 1661 2201 μηδὲν
1692 2130 1870 2202 όρῷτο

252 2217 547 2283 παντελῶς
573 2219 633 2272 ἐν
655 2219 736 2291 τῷ
759 2221 1019 2292 παρεῖναι
1042 2221 1103 2274 τὸ
1137 2220 1355 2291 βλάϐος.
1381 2221 1496 2275 ἀλλ’
1521 2220 1868 2292 ἐξιστάμενοι

252 2326 399 2374 πως,
445 2312 548 2364 καὶ
583 2311 674 2366 διά
719 2312 913 2366 τούτου
963 2313 1310 2384 σοφιζόμενον.
1355 2314 1457 2380 τὰς
1503 2314 1615 2368 τῶν
1669 2313 1876 2383 ἐφόδων

249 2400 483 2470 ἀκμάς,
535 2403 970 2477 ύπεκτρέχοντές
1005 2420 1066 2458 τε
1091 2405 1152 2458 τὸ
1181 2404 1500 2477 παραυτίκα
1535 2404 1761 2476 θερμὸν,
1787 2405 1876 2470 ἐξ-

1973 1944 2246 2002 resistere
2291 1941 2362 1998 iis
2394 1939 2491 2012 qui
2526 1938 2734 1994 malum
2775 1937 2836 1994 in
2865 1951 2973 1994 nos
2995 1935 3317 1992 moliuntur
3339 1972 3356 1990 .
3397 1945 3581 2002 neque

1973 2054 2040 2096 ex
2071 2051 2140 2093 eo
2167 2035 2314 2107 quod
2339 2032 2481 2090 nihil
2505 2032 2668 2089 nobis
2699 2031 2860 2096 mali,
2886 2045 2956 2086 ne
2980 2028 3028 2085 si
3056 2027 3309 2084 adsit-nus
3333 2024 3578 2096 quidem,

1974 2127 2170 2185 inferri
2206 2125 2408 2198 possit,
2448 2138 2648 2181 eorum
2676 2122 2926 2178 animum
2957 2119 3316 2183 exacerbare,
3343 2117 3479 2173 dum
3511 2130 3574 2173 se

1974 2220 2188 2278 viribus
2217 2217 2432 2276 nostris
2476 2215 2776 2274 inferiores
2826 2213 3214 2286 indignantur.
3269 2228 3291 2265 ι
3319 2209 3584 2266 Charitas

1981 2313 2176 2386 igitur.
2204 2321 2267 2368 ut
2286 2311 2495 2368 Paulus
2519 2311 2619 2376 ait,
2645 2324 2761 2366 non
2808 2307 3010 2380 quaerit
3032 2321 3157 2378 qutr
3184 2320 3287 2364 sua
3315 2313 3450 2363 sunt
3468 2303 3490 2335 ⁸
3507 2346 3524 2372 ,
3555 2321 3574 2357 ι

1983 2421 2110 2478 qua:
2138 2406 2194 2461 in
2221 2403 2450 2462 Christo
2472 2403 2697 2476 quidem
2725 2410 2849 2459 erat
2872 2400 3188 2458 manifeste.

249 2491 410 2559 ήῦοις
465 2494 576 2566 ἠδη
639 2495 1074 2568 περιτευξόμεθα
1137 2499 1259 2562 ταῖς
1315 2499 1426 2552 τῶν
1487 2498 1819 2554 ἀδικούντων
1883 2499 2094 2572 ὀργαῖς.
2151 2499 2250 2554 καὶ
2303 2499 2370 2554 τδ
2419 2499 2623 2573 θράσος
2667 2497 2770 2569 τῆς
2833 2495 2960 2553 καθ’
3006 2493 3218 2550 ἐαυτῶν
3265 2489 3584 2556 πλεονεξίας

250 2583 707 2656 ὑποτεμνόμεθα,
758 2586 1100 2658 ὠφελοῦντες
1158 2589 1362 2661 μᾶλλον
1409 2590 1538 2656 τοὺς
1581 2591 1743 2664 οἵπερ
1799 2591 1866 2647 ἀν
1903 2591 2152 2660 γένοιντο
2195 2591 2326 2665 περὶ
2363 2592 2515 2664 ἡμᾶς
2562 2591 2667 2646 οὐκ
2748 2589 2966 2659 ἀγαθοὶ,
3020 2587 3118 2643 καὶ
3171 2585 3397 2648 ἀδίκως,
3437 2585 3584 2662 ἤπερ

248 2679 665 2753 ὠφελούμενοι,
709 2681 850 2755 ὅπερ
897 2685 1047 2739 ἐστὶν
1099 2685 1370 2758 ἐναργῶς,
1419 2685 1494 2760 μὴ
1541 2686 1612 2741 τά
1658 2687 1868 2743 ἐαυτῶν
1905 2687 2218 2760 ζητοῦντες,
2244 2687 2384 2743 ἀλλά
2420 2689 2516 2743 καὶ
2543 2687 2614 2742 τά
2645 2686 2874 2758 ἐτέρων.
2907 2685 3113 2755 Ἔργον
3174 2676 3269 2736 οῦν
3331 2679 3580 2750 ἀγάπης,

247 2773 312 2827 τδ
336 2776 458 2837 τοῖς
487 2773 878 2828 ἐθελοκακοῦσι
906 2775 982 2846 μὴ
1015 2775 1429 2848 ἀντεγείρεσθαι
1459 2776 1702 2844 πάντως,
1767 2777 1903 2848 μηδὲ
1937 2777 2428 2850 ἀποκεχρημένους
2492 2776 2572 2849 τῷ
2601 2774 2864 2830 δύνασθαι
2903 2773 3134 2844 πάσχειν
3163 2772 3288 2827 ούδέ
3315 2771 3421 2828 κᾶν
3447 2785 3585 2840 παρ.

252 2863 408 2928 ὄντες
456 2863 836 2937 ἀλισκώμεθα,
892 2866 1222 2939 δριμύτερον
1279 2868 1473 2941 ὥσπερ
1519 2870 1580 2923 ὲν
1636 2869 1868 2933 ἐκείνοις
1907 2869 2317 2942 ἀπεργάζεσθαι
2345 2868 2662 2940 τὸνθυμὸν,
2691 2868 3034 2922 πλεονεκτεῖν
3061 2866 3166 2920 ούκ
3229 2864 3424 2935 ἔχοντα
3487 2859 3583 2916 τοῦ

254 2955 599 3026 μισουμένου
644 2957 746 3028 τὴν
787 2957 1052 3029 δύναμιν.
1086 2978 1106 3012 ι
1151 2960 1220 3014 Ἠ
1253 2961 1432 3018 τοίνυν
1472 2961 1686 3034 ἀγάπη,
1720 2961 1979 3035 καθάπερ
2018 2963 2184 3034 φησιν
2211 2965 2242 3017 ὁ
2267 2960 2505 3027 Παῦλος,
2543 2962 2606 3015 οὐ
2644 2961 2801 3032 ζητεῖ
2829 2960 2900 3015 τὰ
2931 2959 3156 3031 ἑαυτῆς,
3179 2977 3198 3008 ι
3236 2959 3386 3030 ἥπερ
3414 2951 3486 3029 ἦν
3523 2959 3584 3015 ὲν

251 3049 486 3122 Χριστῷ
520 3049 797 3123 καθαρῶς.

339 3143 472 3209 ὀξὺ
531 3143 590 3197 δὲ
643 3144 712 3216 δὴ
769 3147 934 3201 πάλιν
989 3147 1271 3220 ἐνερείσας
1315 3149 1726 3222 γεγραμμένοις
1775 3149 1871 3220 τῆς

2055 3143 2261 3200 Verum
2289 3143 2338 3199 si
2365 3141 2588 3214 penitus
2617 3157 2684 3198 ea
2709 3157 2836 3214 quas
2859 3139 2954 3198 hic
2980 3140 3190 3212 scripta
3223 3148 3355 3197 sunt
3382 3140 3584 3197 mentis

251 3235 506 3300 διανοίας
566 3235 630 3290 τὺ
693 3237 884 3310 δμμα,
942 3239 1247 3311 θαυμάσεις
1312 3241 1546 3314 ἀρίστην
1605 3242 1871 3314 εὑρίσκων

1987 3237 2168 3295 oculis
2197 3236 2596 3307 introspexeris
2625 3276 2640 3302 ,
2685 3235 2744 3291 in
2783 3233 2896 3292 isto
2945 3233 3017 3289 ab
3056 3232 3458 3305 Hierosolymis
3497 3248 3584 3289 re-

252 3330 585 3401 οἰκονομίαν
630 3333 691 3386 ἐν
733 3335 857 3396 ταῖς
898 3330 994 3387 τοῦ
1037 3332 1292 3405 Σωτῆρος
1330 3333 1488 3406 ήμῶν
1516 3335 1876 3402 ἀποστάσεσι,

251 3425 381 3487 ταῖς
429 3423 499 3478 ἐκ
542 3422 656 3477 τῶν
699 3421 1089 3494 Ἰεροσολύμων
1141 3425 1306 3496 φημί.
1355 3424 1735 3491 Ἐξελαύνεται
1776 3425 1878 3498 μὲν

252 3513 367 3585 γὰρ
395 3513 509 3568 ύπδ
534 3516 636 3586 τῆς
659 3513 769 3568 τῶν
802 3515 1074 3569 Ἰουδαίων
1105 3516 1365 3580 ἀπονοίας
1394 3516 1681 3582 πολλάκις,
1712 3533 1879 3573 κατα-

252 3603 402 3659 λύων
430 3604 489 3658 es
515 3605 673 3677 παρά
701 3607 815 3669 τοῖς
843 3604 1178 3675 ἀλλογενωι,
1215 3607 1308 3660 καὶ
1349 3605 1730 3673 ἀνασώζεσθαι
1758 3625 1878 3671 πως

251 3695 410 3752 δοκεῖ
429 3699 568 3771 παρ’
587 3696 842 3763 ἐκείνοις,
866 3699 965 3754 καὶ
984 3699 1085 3770 τῆς
1103 3697 1333 3770 δεούσης
1358 3699 1657 3753 ἀπολαύειν
1681 3699 1873 3770 τιμῆς⁹

252 3789 356 3860 τὴν
383 3788 600 3860 ἀμείνω
625 3788 808 3860 ψῆφον
834 3792 903 3862 τῇ
935 3788 997 3855 ἐξ
1021 3788 1192 3844 ἐθνῶν
1226 3789 1526 3862 Ἐκκλησία
1553 3789 1643 3844 διὰ
1679 3789 1874 3844 τούτου

250 3879 456 3944 δῶοὺς,
491 3881 589 3934 καὶ
623 3881 687 3934 τὸ
721 3881 975 3952 μισόθεον
1015 3881 1127 3936 τῶν
1153 3881 1214 3946 ἐξ
1251 3881 1472 3953 Ἰσραὴλ
1509 3881 1598 3937 διὰ
1623 3882 1725 3954 τῆς
1755 3881 1875 3936 ἐτέ-

255 3988 370 4042 ρων
392 3972 689 4038 εύλαϐείας
710 3973 1094 4044 ἐξελέγχεσθαι
1123 3973 1318 4040 ποιῶν,
1343 3974 1440 4028 καὶ
1468 3973 1532 4028 τὺ
1559 3975 1619 4030 ἐν
1641 3974 1874 4040 ἐκείνοις

251 4063 410 4134 ὠμὸν
464 4063 559 4118 διά
597 4065 700 4135 τῆς
737 4066 798 4120 ἐν
842 4064 1056 4130 τούτοις
1107 4065 1449 4139 ἡμερότητος
1490 4066 1870 4134 ἐπιδεικνύων,

252 4158 344 4213 ἵνα
367 4157 439 4228 δὴ
472 4157 563 4211 sta
589 4157 814 4213 πάντων
839 4157 1118 4228 φαίνοιντο
1157 4158 1344 4214 λοιπὸν
1367 4159 1871 4231 κεχρεωστημένως

250 4249 356 4318 ήδη
409 4248 508 4302 καὶ
551 4247 739 4312 καλῶς
789 4249 900 4320 τῆς,
938 4250 1020 4314 είς
1065 4250 1195 4314 τοὺς
1241 4248 1484 4320 πατέρας
1537 4249 1871 4320 ἐπαγγελίας

251 4339 647 4410 ἐξωθούμενοι.
697 4339 1086 4412 ’Δποπηδήσας
1139 4341 1198 4395 δέ
1249 4340 1360 4396 τῶν
1404 4341 1797 4414 Ἱεροσολύμων
1841 4343 1871 4396 ὁ

250 4431 500 4503 Κύριος,
549 4433 652 4487 οὐκ
712 4433 795 4498 είς
853 4433 986 4506 μίαν
1031 4433 1144 4490 τῶν
1196 4434 1572 4506 περιοικίδων.
1607 4433 1868 4490 καταλύει

1986 3345 2151 3387 cessu
2185 3327 2708 3401 pmstantissimam
2745 3325 3218 3399 dispensationem
3260 3324 3582 3382 miraberis.

1984 3419 2301 3476 Judaeorum
2345 3419 2558 3490 quippe
2600 3417 2830 3475 vesania
2877 3431 3025 3488 saepe
3075 3415 3344 3488 eiicitur:
3386 3415 3484 3473 sed
3515 3415 3583 3472 ad

1987 3513 2328 3586 alienigenas
2356 3512 2686 3570 divertendo
2708 3552 2725 3578 ,
2758 3521 2940 3568 tutum
2974 3511 3082 3568 sibi
3113 3509 3264 3583 apud
3300 3510 3426 3568 illos
3461 3526 3584 3582 per-

1985 3607 2199 3679 fugiunt
2255 3623 2380 3664 esse
2405 3614 2610 3678 putat,
2655 3613 2712 3662 et
2742 3621 2824 3670 se,
2871 3614 2933 3662 ut
2979 3604 3233 3675 decebat,
3281 3604 3585 3664 honorifice

1985 3698 2213 3753 tractari
2263 3715 2279 3752 :
2333 3713 2442 3768 quo
2489 3696 2639 3754 facto
2685 3699 2932 3768 gentium
2989 3697 3258 3754 Ecclesiae
3304 3698 3580 3770 potiorem

1982 3789 2258 3845 calculum
2287 3788 2506 3852 tribuit,
2533 3797 2590 3846 et
2618 3789 2955 3862 impietatem
2987 3787 3308 3846 Iudaeorum
3341 3791 3577 3846 aliorum

1982 3881 2186 3952 pietate
2211 3880 2514 3950 redarguit,
2531 3888 2588 3936 et
2611 3881 2834 3936 illorum
2850 3880 3237 3937 crudelitatem
3255 3881 3457 3937 horum
3475 3880 3579 3937 hu-

1979 3973 2248 4029 manitate
2279 3973 2630 4030 demonstrat
2653 4017 2668 4042 ,
2711 3981 2773 4029 ut
2800 3973 3001 4030 merito
3029 3974 3327 4031 videantur
3355 3974 3424 4030 de
3453 3989 3580 4046 pro-

1981 4063 2249 4121 missione
2279 4063 2530 4134 patrihus
2559 4062 2709 4121 facta
2741 4063 2965 4136 deiecti.
3011 4063 3188 4120 Porro
3228 4079 3355 4120 cum
3394 4064 3582 4121 Domi-

1978 4171 2088 4213 nus
2127 4155 2365 4212 recessit
2398 4157 2840 4229 Hierosolymis,
2886 4173 2999 4213 non
3038 4157 3094 4213 in
3129 4171 3296 4212 unam
3333 4156 3582 4228 aliquam
3627 4185 3632 4191 ε

1977 4265 2043 4307 ex
2084 4249 2410 4308 civitatibus
2435 4250 2636 4308 vicinis
2673 4251 2932 4316 divertit,
2971 4259 3069 4305 aut
3101 4251 3156 4306 in
3194 4249 3448 4306 finitimis
3484 4265 3581 4322 pa-

1975 4346 2063 4417 gis
2107 4352 2399 4412 moratur,
2447 4344 2548 4402 sed
2594 4344 2710 4401 abit
2750 4352 2908 4401 trans
2939 4357 3094 4398 mare
3122 4341 3464 4408 'l‘iberiadis,
3520 4351 3580 4398 ut

1977 4438 2161 4508 τείρεα
2181 4436 2592 4509 quodammodo
2608 4435 2794 4508 impiis
2811 4433 3260 4507 persecutoribus
3278 4433 3397 4490 suis
3412 4433 3578 4504 272

251 4523 438 4588 πόλιν,
464 4524 562 4579 καὶ
591 4524 650 4579 ὲν
681 4527 806 4588 ταῖς
829 4525 1057 4597 ὁμόροις
1089 4524 1374 4589 αὐλίζεται
1416 4525 1656 4597 κώμαις,
1691 4525 1870 4598 πέραν

1975 4528 2325 4587 interminari
2365 4526 2654 4592 videatur,
2695 4536 2807 4583 tam
2840 4525 3034 4598 procul
3072 4526 3142 4581 ab
3186 4524 3256 4582 iis
3293 4539 3355 4582 se
3394 4524 3582 4580 abitu-

248 4617 308 4672 δὲ
355 4619 552 4674 ἄπεισι
601 4619 705 4690 τῆς
757 4618 1035 4692 θαλάσσης
1064 4619 1167 4691 τῆς
1214 4619 1558 4692 Τιϐεριάδος,
1589 4623 1871 4693 μονονουχὶ

247 4711 322 4764 δι’
352 4712 776 4784 ἐμφανεστάτω
803 4712 1135 4784 πράγματος
1163 4712 1406 4768 ἀπειλῶν
1431 4714 1548 4776 τοῖς
1581 4713 1666 4767 ὅτι
1700 4730 1874 4786 προσ-

248 4806 378 4874 ήκοι
404 4803 628 4859 διώκειν
657 4804 824 4859 αὑτὸν
855 4802 1133 4868 δυσσεϐῶς
1163 4805 1487 4878 ᾑρημένοις,
1509 4805 1593 4860 ὅτι
1617 4805 1872 4860 τοσοῦτον

248 4896 439 4950 αὐτῶν
483 4897 878 4970 ἀποστήσεται,
926 4896 1024 4951 καὶ
1059 4897 1262 4962 παντὸς
1302 4895 1398 4951 τοῦ
1444 4898 1634 4964 ἔθνους
1676 4897 1872 4954 ἑαυτὸν

247 4990 602 5060 ἀποωσφιεῖ,
643 4989 723 5052 ὡς
764 4988 862 5044 καὶ
905 4987 1110 5044 ἄϐατον
1153 4987 1342 5054 αὐτοῖς
1381 4990 1588 5062 τρόπον
1614 4991 1736 5046 τινὰ
1767 4991 1870 5062 τῆς

250 5082 393 5153 πρὸς
453 5079 624 5134 αὑτὸν
679 5081 1024 5152 ἐπιστροφῆς
1075 5081 1490 5137 κατασκευάσαι
1554 5083 1656 5155 τὴν
1715 5083 1864 5141 ὁδόν⁹

250 5173 395 5245 βατὴ
429 5172 542 5244 γὰρ
569 5171 825 5244 οὐδαμῶς
857 5176 970 5238 τοῖς
994 5171 1302 5246 ἀνθρώπων
1337 5175 1499 5230 ποσὶν
1530 5177 1563 5246 ἡ
1598 5175 1864 5233 θάλασσα.

248 5267 513 5323 Τοιοῦτον
543 5265 604 5320 δέ
630 5284 684 5321 τι
720 5266 817 5321 καὶ
857 5268 917 5321 ὲν
943 5269 1058 5334 τοῖς
1091 5269 1292 5342 ἐφεξῆς
1339 5270 1480 5342 πρὸς
1525 5269 1723 5335 αὐτούς
1763 5289 1867 5326 που

247 5364 429 5435 λέγων
474 5363 870 5436 εὑρεθήσεται·
899 5383 919 5417 ι
957 5366 1232 5439 Ζητήσετὲ
1271 5385 1360 5440 με,
1415 5368 1511 5423 καὶ
1554 5367 1654 5440 ούχ
1702 5367 1870 5440 εὑρή-

250 5472 402 5520 σετε,
425 5457 524 5511 καὶ
547 5455 686 5510 ὅπου
713 5456 826 5526 ἐγὼ
845 5457 1066 5528 ὑπάγω,
1088 5459 1249 5530 ὑμεῖς
1273 5459 1336 5514 ού
1354 5459 1588 5514 δύνασθε
1612 5461 1806 5519 ἐλθεῖν.
1841 5481 1863 5516 ι

249 5545 527 5619 Λειοτάτη
563 5547 668 5619 μέν
698 5547 832 5620 γὰρ,
860 5549 954 5604 καὶ
983 5549 1336 5623 εὐπόρευτος,
1362 5549 1460 5606 καὶ
1489 5550 1643 5606 οὐδὲν
1667 5550 1868 5624 ἔχουσα

247 5641 311 5694 τὸ
338 5641 526 5714 τραχὺ
574 5642 688 5706 τοῖς
726 5640 817 5696 διὰ
863 5641 1102 5708 πίστεως
1131 5642 1270 5715 πρὸς
1297 5643 1462 5701 αὐτὸν
1511 5645 1682 5702 ἰοῦσιν
1711 5646 1746 5718 ἠ
1779 5645 1867 5704 διὰ

235 5894 243 5902 ⁸
326 5818 347 5849 ³
383 5817 400 5872 l
433 5817 564 5876 Cor.
607 5835 732 5883 xm,
764 5819 817 5875 5.
897 5819 916 5851 ⁵
953 5818 1114 5877 Joan.
1153 5835 1272 5890 vm,
1300 5822 1392 5876 2|.

1971 4639 2096 4680 rum
2131 4630 2188 4680 et
2216 4623 2287 4680 ab
2319 4621 2474 4679 omni
2505 4631 2671 4694 gente
2699 4635 3054 4678 recessurum
3083 4659 3100 4686 ,
3131 4627 3192 4674 ut
3225 4618 3579 4674 inaccessum

1967 4714 2384 4788 quodammodo
2409 4714 2802 4771 conversionis
2834 4712 2904 4768 ad
2936 4712 3118 4782 ipsum
3151 4711 3258 4768 iter
3297 4713 3582 4781 praestitu—

1971 4823 2071 4862 rus
2098 4807 2212 4863 sit:
2243 4806 2454 4862 invium
2475 4803 2686 4875 quippe
2721 4803 2982 4860 humanis
3015 4801 3253 4873 pedibus
3279 4809 3370 4857 est
3400 4815 3576 4858 mare.

1971 4898 2108 4957 Tale
2129 4899 2399 4971 quiddam
2431 4897 2601 4954 etiam
2633 4898 2687 4952 in
2719 4895 3087 4968 sequentibus
3133 4895 3320 4951 dicere
3363 4909 3582 4966 compe-

1975 4992 2190 5048 rietur:
2228 5009 2246 5044 ι
2283 4988 2558 5057 Qumretis
2602 5003 2692 5044 me
2717 5029 2733 5054 ,
2772 4995 2971 5044 etnon
3003 4985 3341 5051 invenietis;
3388 4994 3444 5041 et
3467 5001 3581 5057 quo

1973 5100 2076 5156 ego
2119 5083 2300 5149 vado,
2341 5096 2440 5139 vos
2483 5097 2595 5138 non
2618 5081 2850 5153 potestis
2868 5079 3058 5137 venire
3085 5080 3129 5136 ⁸.
3169 5099 3190 5134 ι
3243 5078 3578 5136 Planissima

1975 5178 2123 5240 enim
2154 5184 2210 5232 et
2241 5174 2424 5232 facilis
2445 5182 2555 5241 est,
2589 5189 2692 5231 nec
2723 5172 3046 5246 asperitatis
3073 5171 3381 5245 quidquam
3415 5171 3580 5228 habet

1977 5273 2066 5326 via
2091 5270 2327 5342 iustitiae
2341 5269 2695 5327 venientibus
2726 5268 2795 5325 ad
2824 5269 3008 5340 ipsum
3036 5281 3138 5340 per
3170 5265 3334 5326 (idem
3364 5283 3380 5323 :
3417 5280 3579 5334 aspe-

1977 5379 2040 5420 ra
2069 5379 2205 5420 vero
2241 5370 2300 5420 et
2337 5361 2507 5420 ardua
2529 5401 2548 5429 ,
2600 5362 2712 5419 imo
2744 5377 2879 5418 vero
2918 5361 3204 5418 inaccessa
3240 5371 3474 5429 prorsus
3507 5356 3578 5410 iis

1977 5457 2072 5529 qui
2124 5457 2465 5514 exacerbant
2512 5457 2730 5528 ipsum,
2775 5463 2836 5512 ut
2885 5469 2982 5526 per
3019 5467 3196 5509 unum
3245 5456 3573 5508 sanctorum

1979 5550 2375 5623 prophetarum
2407 5549 2679 5622 scriptum
2723 5555 2811 5604 est
2844 5565 2858 5603 ι
2905 5567 2923 5600 ι
2962 5546 3108 5611 ideo,
3150 5542 3370 5614 inquit,
3404 5549 3573 5597 recta:

1978 5645 2076 5702 viae
2113 5643 2359 5714 Domini,
2404 5651 2460 5702 ct
2485 5643 2620 5717 iusti
2667 5640 3032 5700 ambulabunt
3073 5639 3128 5696 in
3179 5637 3301 5695 eis:
3339 5633 3434 5708 qui
3472 5649 3576 5691 au-
