4052 6504
533 329 642 388 ιω

1567 324 1626 378 S.
1668 321 1946 380 CYRILIJ
1986 321 2458 379 ALEXANDRINI
2494 323 2814 380 ARCHIEP.
3741 331 3827 387 MC

533 460 650 506 tem
681 450 836 521 impii
865 455 1034 512 sunt,
1081 446 1510 502 indrmabuntur
1556 448 1611 501 in
1655 448 1768 504 illis
1798 449 1840 501 ⁸.
1879 467 1898 501 ι
1941 447 2134 518 Itaque

2236 452 2337 520 τῆς
2367 451 2712 520 δικαιοσύνης
2735 451 2874 512 ὁδὸς,
2899 450 3342 522 ὲκτετραχυμένη
3369 450 3426 503 δὲ
3453 451 3547 504 καὶ
3575 451 3829 522 ἀνάντης,

537 543 892 612 interiectum
929 541 1064 596 illud
1102 539 1274 594 maris
1313 540 1557 610 Spatium
1615 539 2136 611 significatJudaais

490 705 494 711 _
535 635 754 690 difﬁcile
782 631 1229 704 quodammodo,
1271 632 1386 686 imo
1429 647 1562 687 vero
1605 632 1816 687 invium
1865 647 1992 688 esse
2033 631 2138 686 iter

523 728 602 783 ad
649 727 869 799 ipsum,
921 724 1374 796 quandoquidem
1427 725 1612 796 impiae
1665 741 1890 797 quoque
1933 727 2138 780 anima:

532 821 653 874 vias
684 816 1062 874 intercludere
1101 833 1164 873 se
1201 817 1497 889 proﬁtetur
1530 817 1676 875 Deus
1720 819 1864 889 apud
1897 818 2138 888 prophe-

534 918 671 974 tam,
706 905 902 964 dicens
934 913 956 958 τ’
984 925 1005 959 ι
1032 907 1183 974 Ideo,
1209 907 1390 979 inquit
1412 947 1427 972 ,
1459 922 1562 979 ego
1591 909 1806 978 sepiam
1836 909 1983 962 viam
2015 907 2139 977 ejus

534 1015 590 1067 in
639 999 879 1056 sudibus
909 1038 925 1064 ,
973 1007 1030 1055 et
1075 1000 1332 1056 semitam
1383 1014 1540 1054 suam
1599 1015 1708 1054 non
1766 999 2011 1056 inveniet
2035 999 2076 1052 ‘.
2114 1017 2134 1050 ι

519 1090 691 1158 Quod
743 1089 918 1163 igitur
967 1089 1046 1148 ibi
1092 1090 1299 1159 fossae,
1353 1092 1596 1162 idipsum
1643 1093 1811 1148 etiam
1851 1091 1943 1146 hic
1987 1105 2142 1147 mare

533 1183 844 1255 signiﬁcat,
881 1183 1030 1254 quod
1065 1183 1349 1254 improbos
1375 1183 1448 1238 ab
1479 1197 1546 1239 eo
1573 1184 1662 1238 cui
1707 1183 2050 1239 contumelia
2080 1182 2141 1238 fit

521 1282 760 1346 si-parat
783 1315 798 1340 ,
842 1283 898 1330 et
929 1289 958 1328 a
991 1275 1284 1347 ﬂagitiosis
1316 1278 1572 1331 sanctum
1607 1275 1900 1345 dispescit.
1929 1275 2037 1331 Sed
2069 1283 2126 1330 et

521 1368 755 1422 .videtur
805 1367 953 1422 aliud
1005 1366 1284 1437 quoddam
1342 1367 1506 1424 nobis
1564 1373 1728 1437 typus
1792 1361 1885 1422 ille
1943 1381 2141 1436 parere

535 1459 1040 1532 mysteriumﬁam
1075 1475 1202 1514 cum
1225 1473 1292 1514 ex
1327 1457 1567 1530 Egypto
1588 1459 1920 1514 educeretur
1948 1457 2140 1523 Israel,

537 1553 932 1624 insequebatur
957 1553 1186 1606 nimium
1208 1561 1476 1621 quantum
1510 1559 1874 1621 exasperatus
1895 1549 2138 1613 Pharao,

536 1653 592 1701 et
631 1643 917 1714 inOpinata
970 1643 1152 1716 gentis
1195 1643 1349 1698 illius
1397 1642 1666 1698 felicitate
1705 1641 2139 1702 exstimulatus,

537 1753 650 1808 pm
691 1737 900 1793 invidia
941 1753 1007 1793 ac
1053 1737 1248 1794 dolore
1288 1743 1540 1793 extrema
1582 1750 1818 1808 quaeque
1857 1734 2136 1805 parabat:

2246 541 2448 610 μᾶλλον
2489 541 2548 594 δὲ
2591 541 2688 594 καὶ
2737 540 3043 605 ἀδιόδευτος
3093 541 3375 606 παντελῶς
3417 545 3534 605 τοῖς
3574 543 3838 613 παροργί-

2244 634 2428 699 ζουσιν
2465 633 2820 698 αὐτὸν,4ιατά
2860 633 2942 686 τὸ.
2962 634 3256 705 εἰρημένον
3278 634 3348 688 δι’
3378 634 3496 696 ἑνὸς
3526 635 3637 688 τῶν
3667 634 3837 702 άγίων

2245 725 2570 796 προφητῶν·
2609 743 2628 778 ι
2661 725 2807 778 Διότι
2851 724 3060 779 εὐθεῖαι
3103 726 3161 779 al.
3194 725 3307 778 ὁδοὶ
3351 723 3462 783 τοῦ.
3487 725 3717 797 Κυρίου,
3745 727 3838 778 καὶ

2243 816 2442 884 δίκαιοι
2470 815 2825 886 πορεύσονται
2856 816 2912 870 ὲν
2939 815 3150 879 αὐταῖς,
3180 815 3232 868 οἱ
3269 813 3329 867 δὲ
3362 813 3582 878 ἀσεϐεῖς
3603 813 3838 883 ἀσθενή-

2245 923 2431 962 σουσιν
2479 908 2537 960 ὲν
2585 907 2798 968 αὑταῖς.
2847 924 2866 958 ι
2893 903 3104 959 Οὐκοῦν
3164 905 3226 957 τὸ
3274 903 3570 973 δυσήνυτον
3623 901 3838 973 ὥσπερ,

2215 999 2450 1071 .μᾶλλον
2481 999 2541 1053 δὲ
2574 999 2670 1052 καὶ
2713 999 2974 1070 ἀνήνυτον
3019 1000 3132 1061 τοῖς
3171 995 3462 1060 Ἰουδαίοις,
3494 994 3595 1064 τῆς
3633 994 3711 1058 ὡς
3744 995 3833 1046 ἐπ’

2245 1093 2410 1148 αὐτὸν
2429 1091 2728 1162 νοουμένης
2750 1090 2895 1155 ὁδοῦ,
2919 1091 2980 1144 τὸ
3009 1089 3214 1161 μεταξὺ
3239 1088 3340 1158 τῆς
3363 1087 3639 1156 Θαλάσσης
3666 1105 3835 1140 κατα-

2249 1181 2508 1253 σημαίνει
2538 1180 2837 1250 διάστημα,
2869 1179 2993 1231 ἐπεὶ
3021 1179 3115 1232 καὶ
3143 1177 3241 1247 τῆς
3263 1173 3630 1244 δυσσεϐούσης
3657 1173 3836 1243 ψυχῆς

2245 1275 2614 1347 ἀναφράττειν
2665 1270 3063 1342 ἐπαγγέλλεται
3117 1270 3216 1334 τὰς
3263 1268 3418 1332 ὁδοὺς
3468 1269 3527 1320 ὲν
3583 1268 3839 1339 προφήτῃ

2246 1368 2380 1431 Θεὸς
2411 1367 2613 1435 λέγων·
2648 1385 2666 1417 ι
2703 1365 2800 1419 Διά
2823 1363 3001 1426 τοῦτο,
3034 1363 3142 1418 ἰδοὺ
3183 1362 3295 1430 ἐγὼ
3329 1361 3561 1432 φράσσω
3591 1360 3690 1430 τὴν
3721 1360 3837 1413 ὁδὸν

2247 1459 2418 1528 αὐτῆς
2447 1460 2505 1512 ἐν
2529 1457 2770 1526 σκόλοψι,
2803 1457 2898 1510 καὶ
2923 1455 3021 1527 τὴν
3042 1454 3225 1526 τρίϐον
3247 1453 3416 1523 αὐτῆς
3443 1453 3505 1506 οὐ
3532 1451 3609 1522 μὴ
3642 1451 3831 1523 ei..an

2249 1541 2430 1624 ’Ὅπερ
2455 1549 2550 1606 οὖν
2578 1553 2638 1606 έν
2665 1550 2892 1612 ἐκείνοις
2920 1547 3141 1620 ἐδήλουν
3167 1548 3217 1600 οἱ
3254 1545 3534 1609 σκόλοπες,
3557 1544 3716 1599 τοῦτο
3744 1549 3831 1598 καὶ

2248 1645 2308 1696 ἐν
2365 1642 2576 1705 τούτοις
2643 1644 2678 1710 ἡ
2749 1639 2994 1694 Θάλασσα
3038 1637 3147 1691 τῶν
3201 1635 3524 1704 ἀσυλάκτως
3565 1636 3837 1704 ἐμπαροι-

2251 1737 2361 1789 νεῖν
2424 1734 2698 1804 ἑλομένων
2768 1731 2860 1784 τὸν
2939 1714 3438 1800 ὲμπαροινηθέντί
3489 1725 3832 1797 χωρίζουσα,

539 1830 937 1901 insequebatur
960 1837 1144 1885 autem
1175 1838 1496 1895 coacturus,
1524 1836 1588 1882 ut
1607 1829 1713 1885 sibi
1745 1826 2133 1898 persuadebat,

2238 1828 2336 1882 καὶ
2397 1825 2660 1880 διϊστῶσα
2711 1825 2820 1877 τῶν
2884 1823 2984 1892 οὺχ
3051 1820 3214 1873 ὁσίων
3251 1819 3344 1873 τὸν
3417 1820 3585 1872 ὅσιον.
3648 1815 3836 1869 Ἐοικε

539 1921 746 1976 iterum
781 1923 838 1974 in
864 1920 1190 1975 servitutem
1215 1933 1314 1975 eos
1343 1919 1441 1990 qui
1475 1933 1606 1974 sero
1637 1932 1702 1973 ac
1730 1919 1821 1972 vix
1853 1917 2001 1972 illam
2035 1931 2132 1971 ex-

538 2018 851 2066 cusserant.
881 2009 949 2064 Et
982 2010 1271 2066 traductus
1296 2009 1519 2080 quidem
1548 2015 1636 2065 est
1664 2023 1696 2062 a
1727 2007 1839 2064 Deo
1861 2022 1960 2077 per
1979 2021 2136 2062 mare

539 2104 782 2158 medium
805 2121 820 2158 :
841 2118 1032 2158 verum
1051 2118 1177 2158 cum
1202 2103 1407 2158 acriter
1428 2103 1836 2173 insequeretur,
1860 2115 1964 2157 nec
1986 2100 2124 2154 iram

541 2197 727 2252 sedari
757 2211 989 2268 prorsus
1017 2206 1326 2267 pateretur,
1359 2196 1456 2253 sed
1484 2196 1777 2267 impotenti
1799 2194 1990 2254 animo
2023 2193 2137 2249 Deo

541 2290 710 2346 stulte
731 2290 932 2346 bellum
962 2288 1230 2352 inferret,
1257 2290 1314 2344 in
1339 2288 1541 2353 mediis
1572 2287 1832 2344 ﬂuctibus
1865 2301 1990 2341 cum
2019 2299 2138 2341 om-

542 2383 708 2439 nibus
755 2383 932 2453 copiis
974 2383 1210 2438 obrntus
1249 2390 1387 2448 est,
1433 2382 1707 2451 solusque
1752 2386 2010 2435 servatus
2054 2388 2138 2434 est

542 2473 732 2530 Israel.
761 2471 869 2530 Sed
901 2473 1134 2545 prodeat
1168 2469 1284 2544 35m
1321 2474 1488 2530 nobis
1525 2472 1582 2527 in
1613 2471 1860 2527 medium
1897 2470 1990 2525 ille
2025 2469 2142 2524 Mo-

543 2583 634 2624 ses
668 2567 762 2637 qui
793 2565 1111 2621 Iudaeorum
1151 2564 1434 2621 vesaniam
1481 2565 1638 2636 prius
1676 2563 1897 2620 deﬂevit
1919 2603 1934 2627 ,
1969 2571 2026 2617 ct
2054 2561 2142 2617 di-

543 2666 634 2712 cat
675 2657 743 2712 ad
790 2673 888 2712 eos
936 2673 1078 2728 aegre
1122 2657 1304 2714 ferens
1348 2658 1521 2729 impia
1563 2658 1619 2712 in
1665 2655 1950 2712 Christum
2005 2653 2141 2709 faci—

545 2764 684 2804 nora
740 2768 754 2806 :
811 2769 830 2802 ι
859 2749 1158 2807 Generatio
1207 2765 1396 2821 prava,
1451 2759 1507 2806 et
1561 2748 1844 2813 adultera,
1900 2747 2142 2802 haeccine

545 2839 738 2896 reddis
798 2841 1034 2896 Domino
1073 2840 1139 2894 7?
1185 2859 1204 2892 ι
1265 2840 1398 2895 Eum
1455 2840 1554 2909 qui
1614 2847 1670 2894 te
1720 2854 1817 2909 per
1869 2851 2022 2892 mare
2086 2843 2144 2891 et

545 2930 748 2992 ﬂuctus
795 2931 1090 2994 traduxit,
1144 2932 1292 2984 ultra
1347 2945 1500 2985 mare
1547 2928 1765 3000 abigis,
1821 2935 1877 2984 et
1922 2924 2141 2996 insequi

545 3040 659 3079 non
718 3022 981 3079 vereris?
1044 3023 1177 3077 Tum
1228 3023 1342 3092 jam
1413 3030 1544 3078 sunt
1598 3028 1785 3090 partes
1818 3059 1836 3086 ,
1897 3017 2137 3073 Judaec:

545 3117 709 3188 273
752 3131 904 3170 mare
943 3123 998 3170 te
1043 3116 1264 3172 tandem
1307 3115 1604 3185 opprimet.
1656 3112 1804 3168 Mors
1850 3113 1998 3167 enim
2046 3126 2141 3166 eos

548 3210 644 3279 qui
685 3215 1099 3277 persequuntur
1126 3215 1334 3268 manet,
1365 3221 1474 3260 non
1512 3205 1608 3274 qui
1641 3204 1881 3274 fugiunt,
1913 3210 1968 3258 ct
1993 3201 2140 3274 quod

550 3307 684 3352 tunc
713 3297 770 3351 in
798 3297 911 3351 illis
936 3336 952 3362 ,
997 3296 1053 3351 id
1083 3313 1234 3352 nunc
1269 3299 1324 3351 in
1362 3296 1588 3351 Christo
1615 3311 1840 3365 quoque
1871 3305 1927 3350 et
1959 3295 2143 3364 impiis

550 3391 758 3448 Judasis
781 3393 969 3449 videre
998 3401 1104 3449 est.
1150 3393 1344 3448 Psallit
1378 3406 1510 3453 vero
1555 3393 1760 3446 alicubi
1791 3392 2010 3447 divinus
2052 3392 2144 3446 ille

549 3491 742 3540 noster
766 3481 939 3539 David
966 3504 981 3541 :
1017 3502 1039 3536 ι
1066 3485 1186 3538 Non
1215 3500 1302 3539 me
1323 3484 1609 3554 demergat
1633 3492 1931 3554 tempestas
1964 3499 2141 3554 aquae,

551 3587 734 3642 neque
769 3574 1068 3630 absorbent
1104 3589 1191 3628 me
1214 3574 1547 3645 profundum
1574 3574 1628 3638 ⁸,
1663 3593 1680 3626 ι
1720 3575 1925 3644 quibus
1961 3575 2144 3630 verbis

549 3666 940 3736 gravissimum
1020 3665 1326 3737 Syuagog-e
1391 3664 1709 3720 Iudaeorum
1781 3665 2142 3737 naufragium

550 3758 886 3821 subindicat,
921 3769 976 3814 et
1010 3760 1336 3830 ignorantia:
1368 3758 1648 3828 profundo
1692 3759 1858 3814 simul
1897 3757 2141 3829 demergi

549 3859 855 3908 aversatur.
898 3851 1006 3908 Sed
1037 3851 1282 3924 [Egyptii
1324 3852 1544 3922 quidem
1577 3859 1631 3907 et
1663 3867 1853 3907 eorum
1895 3867 1991 3906 rex
2029 3865 2147 3905 cor-

549 3958 747 4010 porum
791 3943 1178 3998 tantummodo
1220 3943 1498 4013 jacturam
1553 3943 1826 3997 fecerunt.
1869 3939 2044 3996 Judaei
2087 3955 2146 3994 re

549 4036 938 4102 praestabiliori
985 4037 1202 4091 multati
1242 4039 1470 4108 gravius
1523 4035 1832 4105 puniuntur
1875 4052 1889 4088 :
1947 4033 2146 4087 anima:

549 4127 752 4197 quippe
787 4127 1062 4196 iacturam
1101 4128 1311 4183 faciunt
1337 4167 1352 4193 ,
1403 4142 1504 4197 pro
1537 4127 1766 4181 ratione
1801 4140 2030 4181 suorum
2064 4125 2144 4178 fa-

513 4219 806 4274 -cinorum
858 4219 1082 4288 praemia
1119 4225 1491 4288 reportantes.
1540 4217 1677 4273 Jure
1724 4216 1872 4271 enim
1922 4215 2145 4286 punitus

510 4309 518 4356 ἱ
548 4321 636 4367 est
672 4311 912 4375 Pharao,
955 4320 1144 4381 utpote
1173 4311 1268 4380 qui
1302 4311 1538 4365 liberum
1567 4310 1834 4380 populum
1877 4310 2145 4365 servitute

511 4403 802 4470 ‘premere
870 4410 1160 4468 tentaret;
1230 4409 1424 4455 contra
1495 4415 1627 4456 vero
1695 4401 1847 4470 iuste
1913 4402 2144 4472 punitur

2233 1921 2292 1975 δέ
2362 1938 2415 1974 τι
2487 1919 2582 1973 καὶ
2647 1918 2834 1987 ἕτερον
2878 1917 3009 1987 ἡμῖν
3064 1913 3142 1976 ὡς
3213 1913 3273 1964 ὲν
3338 1911 3522 1966 ὠδῖσιν
3582 1910 3612 1962 ό
3667 1907 3842 1969 τύπος

2237 2011 2624 2084 κεκρυμμένον
2715 2010 2860 2080 ἔχειν
2943 2007 3261 2078 μυστήριον.
3343 2005 3473 2058 Ὅτε
3556 2002 3666 2074 γάρ
3735 2001 3841 2070 τῆς

2237 2104 2555 2174 Αἰγυπτίων
2613 2101 2956 2172 ἐξεπέμπετο
3008 2098 3193 2171 χώρας
3243 2099 3272 2152 6
3308 2095 3547 2168 Ἰσραὴλ,
3603 2092 3838 2164 ἠκολού-

2239 2198 2322 2251 θει
2362 2197 2462 2264 μὲν
2515 2195 2636 2248 λίαν
2681 2191 3081 2264 ἐκτεθηγμένος
3128 2192 3158 2244 6
3198 2188 3420 2260 Φαραὼ,
3470 2187 3564 2240 ἐπὶ
3614 2185 3672 2239 δὲ
3714 2185 3842 2247 ταῖς

2238 2289 2522 2359 ἀδοκήτοις
2580 2284 2908 2358 εὐπραγίαις
2963 2283 3059 2337 τοῦ
3119 2283 3302 2345 ἔθνους
3365 2278 3836 2350 ὲξοιστρούμενος,

2239 2381 2310 2434 τά
2337 2381 2404 2434 ὲκ
2433 2379 2628 2448 φθόνου
2668 2379 2762 2432 καὶ
2798 2377 2977 2448 λύπης
3005 2375 3319 2446 ἀποτολμᾷν
3363 2373 3515 2443 νόμῳ
3539 2371 3618 2442 τῷ
3656 2369 3842 2440 μάχης

2241 2473 2532 2544 ἠπείγετο·
2571 2469 2859 2542 ἠκολούθει
2904 2469 2960 2523 δὲ
3014 2467 3276 2522 δύνασθαι
3323 2465 3710 2536 παλινδρομεῖν
3761 2466 3841 2527 είς

2240 2564 2486 2618 δουλείαν
2531 2559 2864 2630 ἀναγκάζειν
2913 2561 3160 2631 οἰόμενος
3205 2560 3332 2623 τοὺς
3381 2557 3479 2627 ὀψὲ
3533 2557 3628 2610 καὶ
3685 2557 3840 2626 μόλις

2241 2659 2341 2728 τῆς
2389 2655 2481 2710 ὑπ’
2509 2654 2658 2726 αὐτῷ
2691 2653 2911 2725 θητείας
2948 2652 3318 2714 ὲκδεδυκότας.
3360 2648 3518 2702 Ἀλλά
3563 2647 3840 2711 διεϐίϐαζε

2247 2748 2345 2818 μὲν
2373 2749 2473 2817 τὴν
2505 2746 2593 2799 διὰ
2626 2745 2903 2814 θαλάσσης
2940 2742 3112 2814 μέσης
3148 2741 3300 2806 Θεὸς,
3333 2743 3364 2794 6
3397 2739 3454 2793 δὲ
3495 2738 3712 2792 διώκων
3755 2740 3841 2790 ὲν·

2241 2839 2432 2904 τόνως,
2462 2839 2557 2892 καὶ
2585 2837 2822 2908 χαλάσαι
2858 2836 2958 2906 μὲν
3000 2835 3099 2906 τὴν
3134 2834 3308 2906 ὀργὴν
3347 2831 3611 2904 μηδαμῶς
3655 2831 3842 2900 ἀνεχό-

2247 2947 2426 3001 μενος,
2456 2930 2748 3000 θεομαχεῖν
2791 2928 2849 2982 δὲ
2895 2925 3225 2998 παραλόγως
3275 2921 3755 2992 ἀναπεπεισμένος
3783 2920 3844 2984 ἐξ

2245 3019 2486 3090 ἀκράτου
2549 3017 2764 3088 θυμοῦ,
2823 3016 2966 3070 κατὰ
3035 3016 3209 3084 μέσην
3266 3014 3436 3094 αρτὴν
3492 3013 3840 3083 πανστρατιᾷ

2245 3110 2642 3178 κατεπνίγετο,
2688 3107 2977 3172 διεσώζετο
3024 3106 3080 3160 δὲ
3140 3106 3299 3175 μόνος
3345 3105 3376 3158 6
3422 3103 3663 3176 Ἰσραήλ.
3705 3103 3839 3154 Ἀλλ’

2245 3205 2426 3276 ἡκέτω
2467 3204 2560 3257 καὶ
2589 3202 2685 3257 νῦν
2721 3203 2802 3264 είς
2850 3200 3016 3270 μέσον
3057 3201 3188 3269 ἡμῖν
3220 3198 3249 3249 6
3289 3199 3386 3262 τὰς
3424 3198 3532 3252 τῶν
3568 3197 3838 3252 Ἰουδαίων

2244 3297 2502 3359 ἀπονοίας
2531 3294 3022 3366 προαναθρηνήσας
3059 3292 3287 3363 Μωσῆς,
3320 3292 3414 3345 καὶ
3463 3291 3673 3359 λεγέτω
3701 3291 3836 3360 πρὸ»,

2244 3388 2440 3450 αὐτοὺς
2476 3387 2569 3440 ἐπὶ
2594 3389 2716 3450 ταῖς
2760 3387 2841 3451 εἰς
2887 3385 3122 3457 Χριστὸν
3156 3384 3434 3447 ἀσεϐείαις
3479 3384 3840 3451 ἀγανακτῶν·

2251 3497 2270 3530 ι
2303 3478 2470 3532 Γενεὰ
2519 3477 2735 3548 πονηρά
2785 3479 2882 3531 καὶ
2934 3477 3216 3548 μοιχαλὶς,
3262 3476 3436 3531 ταῦτα
3479 3476 3672 3546 Κυρίῳ
3715 3476 3831 3528 ἀντι

2245 3570 2548 3635 αποδίδοτε;
2580 3590 2600 3622 ι
2639 3571 2742 3622 Τὸν
2764 3569 3106 3638 διενεγκόντα
3129 3569 3218 3623 διὰ
3239 3568 3516 3639 θαλάσσης
3545 3567 3722 3636 μέσης
3751 3567 3841 3619 καὶ

2245 3665 2506 3735 κυμάτων
2551 3662 2800 3734 σφοδρῶν
2855 3663 3030 3734 πέραν
3076 3661 3321 3726 ἐλαύνεις
3371 3661 3684 3730 θαλάσσης,
3747 3663 3844 3713 καὶ

2243 3757 2456 3810 διώκων
2484 3757 2584 3809 οὐκ
2611 3755 2903 3827 ὲρυθριᾷς;
2944 3756 3044 3808 Σὺν
3087 3751 3180 3809 οὖν
3211 3756 3319 3823 ἄρα
3353 3756 3412 3827 τὸ
3453 3755 3668 3814 παθεῖν,
3708 3755 3845 3807 Ἰου-

2245 3849 2385 3913 δαῖε,
2425 3846 2484 3900 σὲ
2534 3848 2854 3912 καταπνίξει
2910 3848 3098 3900 λοιπὸν
3140 3848 3174 3918 ἡ
3223 3847 3488 3901 θάλασσα.
3557 3847 3681 3900 Τῶν
3730 3848 3848 3917 γὰρ

2245 3940 2573 4003 διωκόντων,
2615 3941 2678 3991 οὐ
2735 3939 2846 3993 τῶν
2887 3939 3232 4010 διωκομένων
3267 3941 3296 3992 6
3342 3938 3593 4002 θάνατος,
3642 3939 3740 3991 καὶ
3786 3941 3848 3991 ὲν

2248 4033 2478 4096 ἐκείνοις
2503 4028 2572 4103 ἦν
2603 4031 2724 4085 τότε
2755 4031 2849 4084 καὶ
2885 4030 2979 4084 νῦν
3018 4031 3130 4083 ’ἐπὶ
3168 4029 3406 4101 Χριστοῦ
3452 4031 3546 4083 καὶ
3594 4029 3704 4083 τῶν
3748 4031 3844 4083 ἀν-

2245 4125 2408 4178 οσίων
2466 4123 2753 4177 Ἰουδαίων.
2810 4123 3018 4177 Ψάλλει
3062 4123 3121 4176 δέ
3185 4140 3288 4176 που
3321 4123 3416 4176 καὶ
3467 4123 3496 4174 6
3553 4121 3849 4186 θεσπέσιος

2245 4219 2379 4287 ἡμῖν
2411 4216 2602 4270 Ααδίδ⁶
2641 4235 2658 4266 α
2693 4217 2783 4285 Μή
2829 4232 2894 4285 με
2933 4215 3384 4269 καταποντισάτω
3427 4216 3681 4282 καταιγὶς
3714 4214 3848 4267 ὓδα-

2244 4327 2356 4374 τος,
2393 4309 2590 4378 λέγων,
2625 4308 2760 4378 μηδὲ
2790 4307 3107 4361 καταπιέτω
3145 4324 3212 4377 με
3247 4306 3429 4376 βυθὸς,
3469 4326 3489 4359 ι
3515 4307 3576 4360 τὸ
3626 4307 3845 4376 παγχά-

2246 4402 2409 4455 λεπον
2452 4403 2552 4472 τῆς
2590 4401 2858 4454 Ἰουδαίων
2917 4401 3248 4471 Συναγωγῆς
3300 4401 3658 4471 ὑπεμφαίνων
3712 4418 3845 4454 ναυ-

552 4492 718 4547 Israel
745 4531 759 4554 ,
788 4492 879 4560 qui
928 4491 1135 4546 servire
1180 4491 1424 4547 universi
1456 4491 1684 4547 Domino
1713 4492 2140 4564 dedignaretur;

2250 4493 2424 4562 άγιον,
2473 4491 2566 4545 καὶ
2612 4491 2672 4544 τὸ
2720 4493 2816 4544 σὺν
2854 4491 3082 4554 ἐκείνοις
3123 4490 3584 4560 έναποπνίγεσθαι
3629 4491 3709 4561 τῷ
3743 4493 3842 4558 τῆς

550 4591 606 4636 et
629 4597 794 4650 quem
827 4581 919 4636 ille
950 4585 1095 4654 apud
1129 4582 1309 4652 ipsum
1341 4581 1651 4654 tyrannidis
1685 4583 1869 4640 locum
1893 4586 2140 4650 tenebat,

508 4700 514 4705 -
552 4673 699 4726 hunc
735 4673 853 4742 ipse
882 4689 1011 4743 erga
1051 4673 1220 4729 Deum
1254 4674 1526 4744 superbiae
1559 4683 1744 4732 tenere
1776 4675 2144 4746 deprehendi-

550 4776 661 4820 tur.
710 4765 1024 4819 Notandum
1103 4781 1268 4834 porro
1347 4767 1438 4821 hic
1492 4767 1748 4838 paludem
1796 4767 2143 4822 Tiberiadem

551 4873 704 4912 mare
744 4858 954 4923 vocari,
986 4872 1086 4926 pro
1117 4875 1270 4912 more
1300 4858 1603 4930 Scriptura:
1633 4861 1835 4916 divinae
1867 4880 1878 4913 :
1935 4880 1954 4911 ι
1993 4860 2145 4916 Con-

547 4948 906 5018 gregationes
975 4948 1120 5002 enim
1188 4965 1455 5019 aquarum
1535 4953 1710 5006 maria
1797 4952 2058 5006 vocavito
2121 4971 2138 5004 ι

551 5039 773 5110 Opifex.
808 5038 964 5110 Saepe
991 5049 1172 5096 autem
1215 5043 1320 5097 hoc
1361 5045 1696 5099 vocabulum
1733 5042 1948 5098 externi
1998 5043 2142 5098 scri-

550 5140 738 5199 ptorcs
769 5131 1084 5201 promiscue
1123 5143 1428 5204 usurpant,
1476 5135 1552 5188 ita
1585 5142 1645 5187 ut
1691 5133 1943 5189 nonnulli
1987 5135 2144 5206 palu-

547 5225 673 5278 «lem
706 5225 876 5280 maris
903 5225 1125 5281 nomine
1147 5242 1474 5296 nuncupare
1505 5239 1616 5280 non
1643 5225 1922 5282 dubitent.

2245 4585 2522 4654 ἀγνωσίας
2552 4583 2700 4654 βυθῷ
2737 4582 3192 4654 παραιτούμενος.
3229 4584 3371 4637 Ἀλλ’
3398 4585 3717 4651 Αἰγυπτίοις
3745 4585 3843 4654 μὲν

2247 4676 2343 4729 καὶ
2373 4675 2451 4746 τῷ
2480 4675 2608 4746 παρ’
2662 4675 2889 4737 ἐκείνοις
2927 4675 3215 4746 κρατοῦντι
3259 4678 3379 4730 τότε
3423 4678 3552 4746 περὶ
3588 4675 3841 4746 σώματος

2247 4769 2313 4820 ὲκ
2343 4768 2445 4838 γῆς
2489 4767 2520 4818 ὁ
2567 4766 2808 4830 κίνδυνος
2839 4764 2927 4838 ἦν,
2965 4769 3205 4822 Ἰουδαῖοι
3242 4770 3300 4823 δὲ
3331 4769 3591 4832 παθόντες
3642 4771 3724 4832 εἰς
3774 4770 3840 4821 τά

2248 4858 2550 4929 τιμιώτερα
2586 4857 2846 4928 μειζόνως
2889 4860 3238 4925 κολάζονται·
3271 4861 3452 4933 ψυχῆς
3492 4862 3601 4932 γάρ
3629 4863 3839 4932 ὑπομέ-

2251 4969 2397 5006 νουσι
2430 4952 2652 5022 ζημίαν,
2681 4952 2960 5022 ἀναλόγως
2995 4957 3110 5017 τοῖς
3142 4955 3290 5018 ίδίοις
3316 4957 3739 5027 κακουργήμασι
3774 4955 3840 5008 τὰ

2250 5043 2505 5117 ἐπίχειρα
2537 5044 2905 5117 κομιζόμενοι.
2951 5047 3267 5111 Ἐκολάζετο
3314 5049 3413 5119 μὲν
3456 5048 3566 5120 γὰρ
3603 5047 3844 5116 εὐλόγως

2249 5139 2278 5190 6
2307 5137 2526 5208 Φαραὼ,
2553 5137 2896 5190 πλεονεκτεῖν
2925 5139 3005 5201 είς
3032 5138 3278 5192 δουλείαν
3307 5140 3367 5193 τὸ
3407 5139 3690 5210 ἐλεύθερον
3730 5143 3836 5192 ἐπι-

2251 5229 2450 5301 χειρῶν
2467 5244 2480 5257 ·
2513 5231 2838 5300 τιμωρεῖται
2865 5230 2923 5283 δὲ
2947 5231 3108 5284 πάλιν
3135 5232 3193 5297 ὲξ
3219 5233 3576 5304 ἀντιστρόφου
3611 5233 3841 5293 δικαίως

547 5316 574 5366 ὁ
623 5315 842 5387 Ἰσραὴλ
867 5316 966 5388 τὴν
991 5317 1098 5370 ὑπὸ
1132 5315 1214 5388 τῷ
1243 5317 1465 5371 πάντων
1501 5317 1746 5388 Δεσπότῃ
1775 5316 2018 5372 δουλείαν
2043 5319 2142 5371 οὐκ
2173 5319 2572 5390 εἰσερχόμενος,
2621 5319 2735 5373 ἀλλ’
2761 5321 2900 5391 ὅπερ
2927 5314 2996 5391 ἦν
3022 5320 3098 5382 ὡς
3147 5322 3204 5374 ἐν
3253 5322 3479 5394 δυνάμει
3527 5323 3837 5387 πλεονεξία,

539 5413 758 5475 ἐκεῖνος
815 5413 984 5482 αὐτῷ,
1053 5413 1214 5466 τοῦτο
1246 5413 1341 5469 καὶ
1405 5412 1566 5476 αὐτὸς
1609 5415 1673 5467 ἐκ
1747 5414 1946 5486 πολλῆς
2009 5415 2326 5481 ἀλαζονείας
2367 5418 2448 5479 εἰς
2498 5416 2630 5470 Θεὸν
2675 5417 3082 5487 εὑρισκόμενος.
3127 5419 3466 5488 Σημειωτέον
3501 5419 3578 5484 δὲ,
3613 5419 3701 5471 ὅτι
3740 5419 3834 5489 τὴί

553 5501 845 5573 Τιϐεριάδα
899 5505 1096 5573 λίμνην
1143 5503 1416 5558 θάλασσαν
1463 5503 1760 5571 ἀποκαλεῖ,
1800 5509 1910 5569 τοῖς
1983 5508 2081 5578 τῆς
2121 5506 2270 5570 θείας
2330 5508 2549 5578 Γραφῆς
2611 5508 2876 5578 ἑπόμενος
2907 5508 3114 5575 λόγοις·
3148 5528 3167 5560 ι
3207 5510 3287 5563 Τὰ
3345 5509 3454 5579 γάρ
3517 5511 3828 5580 συστήματτί

517 5597 660 5649 ’τῶν
706 5596 916 5650 ὕδάτων
971 5597 1246 5660 θαλάσσας
1295 5598 1552 5652 ἐκάλεσεν
1613 5619 1630 5651 ι
1679 5603 1704 5654 6
1755 5603 2116 5673 Δημιουργός.
2160 5603 2463 5673 Ἀδιαφορεί
2504 5603 2559 5656 δὲ
2605 5603 2858 5668 πολλάκις
2903 5605 2992 5656 καὶ
3026 5606 3056 5655 6
3082 5605 3228 5675 παρά
3273 5607 3380 5670 τοῖς
3409 5604 3510 5670 ἔξω
3546 5604 3722 5676 λόγος,
3760 5606 3818 5657 ιὶς.

548 5690 646 5744 καὶ
673 5690 868 5760 λίμνην
902 5687 1026 5741 ἔσθ’
1071 5690 1158 5742 ὅτε
1223 5692 1321 5761 τὴν
1355 5690 1630 5745 θάλασσαν
1697 5694 1981 5764 ὀνομάζειν
2046 5697 2105 5747 οὐ
2163 5695 2544 5767 παραιτεῖσθαί
2570 5713 2739 5760 τινας.

634 5843 652 5875 ⁵
687 5842 824 5899 05cc
857 5861 968 5916 xiv,
1008 5847 1092 5902 l0.
1173 5851 1191 5882 '
1231 5850 1370 5908 Osee
1403 5866 1479 5918 ιι,
1515 5853 1563 5907 6.

1647 5856 1662 5885 ⁷
1704 5850 1867 5907 Deut.
1903 5867 2094 5919 χχχιι,
2265 5852 2281 5882 ⁵
2319 5851 2465 5909 I‘sal.
2503 5839 2710 5922 mnu,
2767 5853 2844 5909 l6.
2926 5854 3098 5910 "Gen.
3137 5871 3172 5918 ι,
3218 5855 3298 5910 l0.
