4052 6546
390 350 494 406 ιιι

1435 345 1503 401 IN
1542 344 1836 405 .l-OANNIS
1873 340 2327 401 EV‘ANGELIUM
2369 337 2503 400 LIB.
2543 336 2632 392 Ill.

3601 334 3709 390 449

479 463 824 520 Ἠκολούθει
849 463 919 518 δὲ
938 463 1103 531 αὐτῷ
1123 463 1310 537 ὄχλος
1329 466 1547 534 πολὺς,
1573 465 1664 522 ὅτι
1713 467 1986 536 ἐθεώρουν

2186 462 2274 529 Vl,
2295 465 2416 520 2-4..
2460 457 2793 534 Sequebatur
2825 462 3005 509 autem
3023 468 3142 508 eum
3169 450 3456 506 multitudo
3489 467 3706 521 magna,
3775 435 3780 439 ’

391 556 466 610 τὰ
503 556 748 625 σημεῖα,
785 556 826 612 d
851 557 1043 613 ἐποίει
1071 558 1172 612 ἐπὶ
1210 557 1331 612 τῶν
1360 558 1810 614 ἀσθενούντων.
1858 560 1992 614 Ἀν-

387 647 546 717 ἦλθε
583 648 655 702 δὲ
683 651 774 716 εις
808 650 876 704 τὸ
917 649 1057 718 ὄρος
1083 653 1116 705 ὀ
1156 651 1412 719 Ἰησοῦς,
1455 650 1552 706 καὶ
1579 651 1712 706 ἐκεῖ
1736 651 1999 720 ἐκάθητο

384 738 540 808 μετὰ
564 739 688 795 τῶν
696 741 990 812 μαθητῶν
1008 743 1216 799 αὑτοῦ.
1245 739 1360 801 Ἦν
1385 744 1455 799 δὲ
1483 744 1665 815 ἐγγὺς
1691 745 1758 800 τὸ
1780 745 1999 816 Πάσχα

388 827 428 894 ἡ
455 827 638 897 ἑορτὴ
670 829 791 884 τῶν
825 831 1142 886 Ἰουδαίων.

462 924 598 978 Ὅτε
627 924 738 998 γὰρ
779 925 891 980 τῶν
933 926 1331 998 Ἱεροσολύμων
1361 928 1766 1001 ἐκπεφοίτηκεν
1794 933 1824 985 ὁ
1861 932 1994 1002 Χρι-

387 1016 539 1082 στὸς,
581 1020 726 1073 κατὰ
753 1020 820 1074 τὸ
844 1021 902 1074 ἐν
942 1023 1254 1094 προφήταις
1288 1025 1582 1097 εἰρημένον
1613 1042 1626 1056 ·
1670 1045 1689 1078 ι
1729 1028 1996 1096 Ἐγκατα--

385 1108 617 1162 λέλοιπα
636 1109 728 1162 τὸν
754 1105 906 1164 οἶκόν
939 1129 1063 1181 μου,
1095 1112 1289 1184 ἀφῆκα
1316 1113 1415 1184 τὴν
1441 1113 1809 1186 κληρονομίαν
1833 1132 1990 1186 μου,›

385 1202 477 1255 ὅτε
508 1202 604 1256 τὸν
624 1203 830 1274 ἀπειθῆ
858 1205 954 1258 καὶ
973 1205 1228 1276 δυσήνιον
1253 1208 1366 1260 τῶν
1400 1208 1675 1262 Ἰουδαίων
1697 1207 1996 1262 ἀπολακτί-

385 1310 488 1356 σας
521 1295 688 1360 λαὸν,
738 1297 854 1360 τοῖς
899 1295 1247 1366 ἀλλογενέσιν
1273 1297 1467 1352 ἑαυτὸν
1508 1297 1848 1370 ἐχαρίζετο,
1871 1297 1996 1352 τότε

383 1387 558 1451 πολὺς
585 1387 690 1458 μὲν
713 1387 872 1460 ὸχλος
896 1389 1202 1444 ἀκολουθεῖ.
1231 1392 1441 1444 Ἀνεισι
1466 1390 1524 1446 δὲ
1551 1393 1632 1455 είς
1657 1391 1783 1462 δρος
1807 1392 1990 1458 αὐτὸς,

381 1481 508 1532 κατ’
531 1481 715 1534 ἐκεῖνο
739 1481 804 1552 δὴ
833 1483 1075 1548 πάντως,
1109 1484 1249 1555 ὅπερ
1271 1483 1462 1556 εἴρηκε
1483 1483 1702 1554 φθάσας
1727 1501 1743 1518 ·
1778 1503 1797 1536 ι
1823 1483 1996 1553 Κάγὼ

382 1572 481 1626 ἐὰν
507 1573 714 1644 ὑψωθῶ
745 1577 810 1633 ἐκ
850 1576 975 1647 γῆς,
1005 1578 1216 1638 πάντας
1259 1578 1477 1632 ἑλκύσω
1507 1578 1645 1654 πρὸς
1679 1579 1942 1650 ἐμαυτόν.
1969 1597 1988 1631 ι

393 1665 623 1736 Ύψὼοη
651 1667 752 1737 μὲν
780 1667 893 1738 γάρ
921 1670 987 1723 ἐκ
1011 1669 1115 1738 τῆς
1137 1670 1266 1740 γῆς,
1281 1669 1390 1724 λκαὶ
1420 1673 1503 1735 είς
1542 1673 1634 1725 τὸν
1659 1671 1802 1741 ὑπὲρ
1834 1670 1996 1743 ἡμῶν

380 1756 697 1812 ἀναϐαίνων
737 1761 991 1832 σταυρόν.
1037 1759 1260 1832 ’Υψώθη
1288 1761 1344 1816 δὲ
1375 1763 1539 1818 πάλιν
1570 1763 1796 1835 ἑτέρως,
1829 1764 2001 1819 καθά-

380 1867 490 1922 περ
525 1855 609 1916 si;
639 1853 768 1924 ὅρος
813 1854 1176 1927 ἀναϐεϐηκὼς
1229 1856 1330 1928 τὴν
1377 1857 1663 1930 θεοπρεπῆ
1709 1859 1880 1929 τιμήν
1929 1876 1990 1912 τε

379 1946 476 2000 καί
497 1945 680 2013 δόξαν.
707 1948 782 2000 Οὐ
804 1949 915 2018 γὰρ
941 1947 1019 2012 ὡς
1048 1949 1336 2021 ἄνθρωπον
1357 1950 1703 2022 ἀτιμάξομεν
1726 1951 1871 2005 κατὰ
1899 1951 1991 2006 τὸν

392 2033 650 2104 Ἰσραὴλ,
707 2034 824 2089 ἀλλ’
863 2036 941 2100 ῶς
972 2037 1141 2103 Θεὸν,
1189 2039 1286 2093 καὶ⁴
1317 2040 1581 2112 Σωτῆρα,
1635 2042 1732 2096 καὶ
1780 2042 1990 2114 Κύριον

378 2126 807 2199 προσκυνοῦμεν
836 2131 1022 2200 ἡμεῖς.
1043 2131 1185 2201 Παρ⁹
1211 2132 1444 2197 ἐκείνοις
1468 2135 1566 2205 μὲν
1594 2134 1706 2206 γὰρ
1731 2135 1990 2200 ταπεινός

375 2237 461 2283 τις
492 2220 786 2292 ὑπάρχειν,
825 2224 923 2276 καὶ
951 2223 1105 2278 οὐδὲν
1122 2224 1262 2289 ὅλως
1291 2226 1436 2281 κατά
1469 2227 1532 2280 τὸ
1561 2227 1846 2292 παντελῶς
1879 2230 1991 2283 ἐνο-

378 2310 575 2379 μίζετο
605 2327 619 2341 ⁶
684 2313 783 2368 καὶ
833 2315 967 2382 γοῦν
1009 2317 1363 2389 Σαμαρείτην
1423 2320 1832 2386 ἀποκαλοῦντες
1888 2323 1990 2377 οὐκ

373 2401 663 2474 ἔφριττον,
721 2407 1052 2479 σεμνότερον
1091 2409 1150 2463 δέ
1195 2428 1315 2474 πως
1348 2412 1715 2485 ἀτιμάζοντες
1758 2415 1850 2468 τὸν
1893 2415 1987 2469 τοῦ

373 2493 635 2560 τέκτονος
663 2496 829 2552 αὑτὸν
853 2499 1166 2555 ἀπεκάλουν
1202 2503 1320 2556 υἱόν
1341 2520 1353 2532 ⁸
1399 2506 1552 2576 παρά
1579 2505 1638 2560 δέ
1665 2523 1729 2575 γε
1763 2510 1876 2572 τοῖς
1899 2527 1988 2562 πι-

375 2585 778 2688 στεύουσινμείς
801 2590 966 2645 αὑτὸν
991 2630 1008 2654 ,
1058 2593 1134 2657 ὡς
1162 2595 1539 2668 μεγαλουργὸς
1562 2599 1660 2652 καὶ
1688 2599 1826 2664 Θεὸς
1846 2640 1860 2664 ,
1911 2601 1990 2665 ὡς

372 2679 485 2731 τῶν
505 2679 832 2750 παραδόξων
851 2683 1092 2755 ἐργάτης
1107 2685 1586 2758 ἀποθαυμάζεται.
1603 2691 1833 2763 Ἀκούῃς
1855 2692 1986 2764 γὰρ,

367 2770 526 2834 ὅπως
557 2771 795 2843 εὐσεϐὴς
821 2777 937 2839 τοῖς
955 2777 1395 2850 ἀκολουθήσασιν
1423 2783 1727 2854 ἐνυπάρχει
1760 2786 1983 2850 σκοπός.

370 2863 499 2918 Ὅτι
535 2864 648 2936 γὰρ
681 2864 957 2938 ἐθεώρουν
991 2869 1061 2924 τὰ
1086 2870 1181 2924 ἐπὶ
1208 2871 1318 2926 τῶν
1345 2873 1724 2930 ἀσθενούντων
1755 2881 1982 2948 σημεῖα,

368 2956 461 3011 διὰ
486 2957 650 3012 τοῦτο
673 2959 738 3031 δὴ
759 2961 908 3031 μάλα
935 2963 1157 3035 θερμῶς
1186 2965 1416 3020 ἕπεσθαι
1435 2967 1547 3022 δεῖν
1575 2969 1983 3040 ὑπελάμϐανον,

357 3045 440 3111 ὡς
461 3053 577 3107 ἀπὸ
597 3054 707 3108 τῶν
726 3055 1072 3128 τελουμένων
1093 3058 1374 3129 ἀναλόγως
1396 3061 1491 3114 ἐπὶ
1520 3062 1622 3132 τὴν
1647 3062 1745 3116 τοῦ
1769 3063 1987 3117 τελοῦν-

2102 557 2231 626 quia
2273 558 2519 612 uidebant
2564 559 2720 626 signa
2745 564 2866 620 qua:
2897 546 3141 619 faciebat
3168 560 3326 614 super
3363 543 3447 598 his
3495 543 3584 613 qui
3629 543 3710 595 in-

2104 650 2485 720 ﬁ-rmabantur.
2521 647 2697 702 Subiit
2733 664 2858 719 ergo
2883 649 2939 704 in
2973 648 3206 702 montem
3239 635 3422 703 -Ῑεδυδο
3447 644 3496 690 ει
3524 635 3596 688 ibi
3626 650 3709 688 δεο

2101 743 2260 798 debat
2302 759 2425 798 cum
2475 743 2756 810 discipulis
2797 743 2934 796 suis.
2991 741 3132 797 Erat
3180 749 3360 794 autem
3401 731 3706 809 proximum

2102 835 2324 892 Pascha
2359 837 2475 892 dies
2516 836 2684 905 [estus
2720 835 3058 892 Judazorum.

2171 931 2310 985 Cum
2364 929 2514 987 enim
2557 927 2964 999 Hierosolymis
3015 925 3276 994 Christus
3323 921 3701 984 discessisset,

2097 1023 2256 1092 juxta
2290 1021 2427 1076 illud
2455 1021 2841 1092 propheticum
2873 1039 2885 1073 :
2929 1039 2946 1071 ι
2983 1019 3206 1090 Reliqui
3233 1017 3460 1072 domum
3497 1029 3700 1078 meam,

2099 1114 2286 1171 dimisi
2332 1112 2713 1169 hereditatem
2756 1127 2934 1168 meam
2962 1111 3041 1178 ¹⁰;
3082 1129 3101 1162 ι
3135 1124 3284 1174 cum,
3313 1108 3608 1178 praefracto
3648 1111 3704 1159 et.

2098 1209 2417 1266 contumaci
2467 1207 2788 1266 Judaeorum
2840 1207 3046 1278 populo
3098 1205 3330 1275 rejecto,
3376 1200 3701 1269 alienigenis

2061 1362 2070 1373 ,
2099 1316 2223 1359 sese
2251 1301 2604 1374 pmbuisset,
2639 1308 2774 1356 tunc
2804 1314 3002 1370 inagna
3026 1305 3220 1354 secuta
3241 1304 3328 1352 est
3355 1309 3481 1349 cum
3509 1293 3697 1346 turba.

2098 1392 2221 1463 Ipse
2247 1408 2382 1448 vero
2413 1391 2468 1446 in
2497 1397 2740 1445 montem
2776 1386 3052 1453 ascendit,
3081 1386 3244 1456 juxta
3273 1383 3324 1437 id
3350 1379 3497 1452 quod
3527 1378 3696 1432 dixit:

2104 1507 2122 1538 ι
2153 1487 2220 1542 Ει
2247 1502 2351 1559 ego
2382 1487 2428 1541 si
2461 1486 2736 1542 exaltatus
2760 1482 2919 1538 fuero
2945 1481 3013 1536 de
3049 1487 3219 1546 terra,
3256 1490 3452 1533 omnes
3484 1471 3698 1528 traham

2098 1580 2168 1635 ad
2200 1580 2473 1650 meipsum
2496 1577 2560 1633 “.
2597 1591 2616 1629 ι
2639 1576 2928 1630 Exaltatus
2953 1573 3102 1628 enim
3126 1579 3212 1628 est
3233 1569 3302 1626 de
3330 1577 3499 1632 terra,
3530 1565 3696 1620 etiam

2097 1689 2224 1729 cum
2256 1674 2312 1728 in
2337 1686 2562 1729 crucem
2601 1685 2703 1741 pro
2741 1667 2907 1724 nobis
2934 1662 3206 1721 ascendit.
3257 1660 3391 1716 ltem
3423 1656 3700 1713 exaltatus

2097 1767 2206 1821 alio
2234 1781 2459 1837 quoque
2495 1763 2660 1820 modo
2687 1771 2793 1824 est,
2824 1775 2948 1815 cum
2983 1757 3051 1811 ad
3085 1756 3352 1810 honorem
3379 1759 3434 1807 et
3462 1749 3696 1821 gloriam

2093 1859 2208 1916 Deo
2232 1860 2458 1930 dignam
2487 1856 2762 1913 ascendit.
2803 1852 2933 1908 Non
2957 1850 3105 1907 enim
3131 1846 3508 1904 lsraelitarum
3543 1856 3698 1896 more

2092 1969 2198 2010 nos
2227 1968 2354 2009 eum
2383 1961 2443 2007 ut
2480 1949 2764 2006 hominem
2798 1945 3119 2017 respuimus
3141 1983 3156 2008 ,
3213 1939 3308 1996 sed
3335 1946 3395 1993 ut
3434 1936 3603 1992 Deum
3632 1949 3695 1988 ac

2094 2045 2444 2103 Servatorem
2506 2042 2909 2110 Dominumquc
2967 2037 3284 2091 adoramus.
3349 2029 3508 2100 Apud
3569 2029 3696 2083 illos

2091 2143 2298 2215 quippe
2329 2139 2456 2196 vilis
2495 2152 2560 2193 ac
2591 2150 2694 2208 pro
2733 2133 2906 2188 nihilo
2947 2127 3113 2200 274,
3146 2126 3308 2196 plane
3341 2122 3652 2177 habebatur
3679 2139 3690 2176 :

2093 2236 2240 2292 unde
2271 2233 2685 2290 Samaritanum
2729 2229 2910 2298 ipsum
2959 2221 3239 2292 appellare
3285 2233 3395 2272 non
3424 2215 3696 2271 vereban-

2091 2337 2183 2384 tur
2214 2329 2352 2390 ",et
2381 2324 2478 2396 qui
2508 2318 2880 2378 verecundius
2909 2315 2960 2370 ei
2996 2310 3325 2372 illudebant,
3356 2306 3496 2361 labri
3521 2304 3692 2359 ﬁlium

2092 2420 2411 2476 vocitabant
2433 2418 2500 2470 ⁸³.
2533 2413 2693 2484 Apud
2729 2409 2920 2467 ﬁdeles
2957 2420 3089 2462 vero
3110 2445 3125 2470 ,
3157 2414 3222 2459 ut
3255 2413 3578 2472 magnarum
3606 2411 3691 2451 re-

2093 2530 2213 2570 rum
2241 2522 2490 2584 patrator
2519 2524 2587 2565 ac
2612 2507 2779 2572 Deus,
2797 2511 2860 2558 ut
2887 2498 3227 2556 mirabilium
3258 2492 3486 2550 eﬁ‘ector
3507 2488 3693 2559 suspi-

2089 2582 2256 2664 citur.
2287 2605 2428 2660 Audi
2459 2602 2608 2659 enim
2630 2641 2645 2665 ,
2703 2609 2761 2653 ut
2792 2597 2887 2668 qui
2921 2592 3300 2664 sequebantur
3330 2603 3457 2642 eum
3491 2585 3583 2656 pio
3611 2582 3693 2636 al-

2092 2701 2238 2756 lectu
2271 2699 2632 2756 ducerentur.
2691 2691 2835 2758 Quia
2887 2687 3036 2744 enim
3074 2685 3233 2757 signa
3279 2679 3538 2736 videbant
3571 2690 3694 2746 qua:

2089 2807 2258 2862 super
2291 2789 2526 2845 inﬁrmis
2573 2785 2844 2846 faciebat,
2895 2781 3107 2838 idcirco
3140 2789 3343 2848 magno
3393 2769 3578 2828 studio
3609 2785 3693 2824 se-

2089 2884 2372 2957 quendum
2399 2896 2525 2938 esse
2551 2879 2825 2950 putabant
2847 2917 2862 2942 ,
2917 2874 3071 2940 velut
3114 2887 3144 2926 a
3176 2868 3572 2925 miraculorum
3608 2877 3694 2916 ra-

2087 2980 2242 3033 tione
2282 2972 2734 3046 ad'agnitionem
2783 2967 2908 3038 ejus
2964 2982 2995 3019 a
3045 2978 3158 3035 quo
3210 2961 3417 3016 ﬁebant
3462 2970 3692 3027 progre-

2088 3071 2306 3126 dientes
2328 3109 2343 3134 ,
2394 3075 2450 3123 et
2474 3083 2504 3122 a
2537 3071 2811 3136 potestate
2829 3061 2942 3115 Deo
2970 3053 3319 3114 convenienti
3361 3053 3456 3106 Dei
3490 3047 3689 3101 Filium

367 3161 464 3243 τος
483 3145 789 3243 ἐπίγνωσιν
809 3146 1048 3217 ποδηγού
1057 3166 1233 3219 μενοι,
1252 3151 1348 3205 καὶ
1367 3152 1478 3206 ἀπὸ
1507 3153 1610 3224 τῆς
1643 3153 1985 3226 θεοπρεποῦς

2091 3178 2217 3221 esse
2264 3161 2591 3232 colligentes
2643 3171 2768 3212 eum
2823 3153 2920 3224 qui
2969 3157 3120 3206 tanta
3171 3148 3374 3202 virtute
3426 3140 3691 3213 prmditus

366 3235 627 3302 ἐξουσίας
657 3238 750 3293 τὸν
791 3239 1000 3310 ταύτην
1030 3243 1412 3314 ἠμφιεσμένον
1459 3245 1710 3313 φυσικῶς
1741 3245 1988 3301 ἐννοοῦν-

366 3349 461 3395 τες
491 3331 644 3387 Υίὰν.
701 3332 802 3387 Διά
835 3334 1043 3406 ταύτης
1073 3335 1134 3388 δὲ
1176 3337 1378 3409 χρῆναι
1424 3337 1666 3409 βαδίζειν
1690 3341 1844 3411 ἡμᾶς
1884 3341 1987 3412 τῆς

367 3424 494 3479 ὁδοῦ
522 3425 662 3498 πρὸς
691 3426 792 3498 τὴν
818 3429 906 3498 ἐφ’
943 3429 1124 3500 ἐαυτῷ
1159 3430 1344 3486 πίστιν
1386 3431 1676 3486 ἐκέλευσεν
1708 3436 1737 3488 ὁ
1765 3436 1981 3506 Σωτήρ.

373 3535 394 3569 ι
425 3517 510 3572 Τά
540 3517 652 3588 γάρ
676 3518 834 3592 ἔργα,
867 3520 904 3574 ἀ
928 3520 1041 3589 ἐγὼ
1067 3522 1230 3588 ποιῶ,
1261 3524 1452 3594 φησὶν,
1488 3525 1632 3578 αὐτὰ
1659 3526 1727 3580 τὰ
1758 3526 1918 3598 ἔργα,
1951 3526 1987 3581 ἃ

369 3611 485 3680 ἐγὼ
509 3611 650 3666 ποιῶ
677 3616 952 3686 μαρτυρεῖ
986 3617 1117 3685 περὶ
1145 3616 1304 3686 ἐμοῦ.
1338 3636 1356 3668 ι
1393 3617 1506 3671 Καὶ
1535 3619 1699 3672 πάλιν
1722 3635 1736 3650 ·
1770 3638 1788 3670 ι
1819 3620 1883 3673 Et
1921 3620 1985 3673 ού

370 3704 518 3757 ποιῶ
544 3703 615 3758 τὲ
657 3704 798 3776 ἔργα
842 3705 939 3758 τοῦ
976 3707 1194 3776 Πατρός
1220 3725 1352 3778 μου,
1416 3709 1491 3780 μὴ
1529 3710 1818 3765 πιστεύετέ
1850 3729 1981 3782 μοι·

371 3797 421 3850 εξ
449 3797 509 3850 δὲ
553 3798 717 3864 ποιῶ,
757 3799 860 3854 κᾶν
892 3799 1018 3870 ἐμοὶ
1052 3799 1126 3872 μὴ
1164 3801 1486 3872 πιστεύητε,
1517 3805 1633 3866 τοῖς
1666 3802 1852 3875 ἔργοις
1879 3823 1984 3876 μου

374 3889 686 3945 πιστεύετε.
721 3910 740 3942 ι
775 3891 988 3964 Ὠσπερ
1018 3890 1112 3946 οὖν
1141 3893 1254 3947 ἀπὸ
1286 3893 1552 3964 μεγέθους
1577 3897 1845 3968 καλλονῆς
1876 3899 1984 3953 τῶν

373 3983 698 4054 κτισμάτων
717 3985 745 4036 ὁ
769 3985 1152 4057 γενεσιουργὸς
1181 3986 1364 4040 αὐτῶν
1397 3986 1688 4060 θεωρεῖται
1706 3990 1860 4058 Θεὸς,
1893 3989 1986 4045 οὕ-

369 4091 484 4139 τως
516 4073 626 4127 ἀπὸ
673 4075 774 4146 τῆς
817 4075 1149 4146 θεοσημείας
1171 4119 1186 4142 ,
1233 4076 1376 4130 κατά
1409 4076 1508 4148 τὴν
1553 4077 1678 4151 ἴσην
1706 4080 1820 4134 τῶν
1854 4099 1984 4153 νοη-

376 4167 566 4237 μάτων
599 4166 920 4238 διασκευὴν,
942 4169 972 4220 ὁ
1000 4168 1111 4221 τῶν
1133 4168 1408 4238 σωμάτων
1441 4171 1637 4241 ὁρᾶται
1663 4171 1980 4242 τελειωτὴς,

373 4260 470 4314 καὶ
513 4261 546 4330 ἡ
576 4259 686 4312 τῶν
708 4257 1156 4314 ἀκολουθούντων
1189 4260 1377 4324 πίστις
1405 4261 1631 4326 δικαίως
1664 4259 1730 4317 ἀν
1763 4263 1983 4334 θαυμά-

371 4353 540 4416 ζοιτο.
574 4350 745 4424 Οἶμαι
781 4353 826 4407 δ’
860 4352 1038 4423 ἔγωγε
1097 4356 1538 4429 περιεργοτέραν
1570 4357 1694 4411 τινά
1743 4359 1839 4411 καὶ
1882 4358 1983 4429 οὐχ

361 4445 553 4516 ἁπλῆν
579 4447 694 4508 τοῖς
740 4445 1055 4516 εἰρημένοις
1090 4447 1471 4520 ἐγκεκρύφθαι
1504 4449 1765 4504 διάνοιαν.
1809 4450 1982 4522 Ὁρῶ-

2087 3265 2258 3314 esset.
2329 3253 2485 3310 Istud
2545 3265 2678 3307 vero
2742 3249 2848 3304 iter
2919 3260 3020 3300 nos
3079 3240 3248 3312 jussit
3277 3236 3536 3293 Christus
3600 3233 3686 3287 in-

2088 3349 2328 3410 sistere,
2397 3343 2466 3399 ad
2514 3341 2691 3419 ﬁdem
2749 3333 3173 3394 contendentes.
3233 3347 3251 3380 ι
3311 3325 3490 3394 Opera
3542 3319 3689 3377 enim

2086 3454 2210 3512 qua:
2233 3454 2335 3511 ego
2357 3416 2524 3503 iacio,
2552 3433 2756 3504 inquit,
2785 3432 2908 3501 ipsa
2952 3440 3119 3497 opera
3148 3436 3272 3496 qum
3304 3434 3405 3491 ego
3434 3415 3578 3472 facio
3609 3421 3691 3468 te-

2088 3507 2416 3590 alimonium
2462 3527 2758 3600 perhibent
2791 3522 2861 3577 de
2894 3519 3062 3575 me“.
3099 3537 3118 3569 ι
3174 3513 3307 3569 Item
3346 3530 3359 3564 :
3416 3529 3435 3560 ι
3474 3507 3534 3563 Si
3579 3521 3689 3562 non

2087 3624 2235 3680 facio
2279 3599 2682 3693 operaiPatris
2729 3613 2871 3678 mei,
2920 3610 3094 3667 nolite
3140 3605 3370 3663 credere
3410 3601 3546 3657 mihi
3591 3618 3605 3653 :
3643 3599 3689 3653 si

2087 3726 2269 3774 autem
2302 3691 2479 3778 facio,
2518 3723 2574 3768 et
2599 3710 2646 3766 si
2677 3707 2813 3763 mihi
2847 3719 2959 3759 non
2998 3700 3168 3758 vultis
3203 3697 3463 3760 credere,
3510 3691 3691 3764 operi-

2089 3812 2194 3868 bus
2242 3807 2384 3864 meis
2436 3804 2647 3862 credite
2669 3801 2736 3854 ³⁵.
2769 3819 2788 3851 ι
2846 3796 3006 3853 Sicut
3051 3807 3184 3865 ergo
3233 3806 3264 3844 a
3312 3786 3691 3859 magnitudine

2087 3899 2293 3972 speciei
2322 3903 2706 3954 creaturarum
2753 3896 2951 3946 auctor
2989 3895 3044 3945 et
3087 3883 3275 3957 epifex
3315 3894 3508 3938 earum
3543 3877 3690 3932 Deus

2087 3992 2438 4065 agnoscitur,
2493 3989 2576 4044 sic
2622 4002 2653 4041 a
2711 3981 3034 4044 miraculis,
3093 3977 3286 4034 eodem
3342 3969 3686 4042 intelligendi

2087 4060 2274 4147 modo,
2299 4094 2596 4152 corporum
2630 4075 2908 4147 perfector
2935 4069 3216 4132 cernitur,
3252 4072 3306 4120 et
3333 4060 3685 4133 sequentium

2087 4177 2224 4234 ﬁdes
2259 4175 2387 4244 jure
2439 4171 2719 4228 laudatur.
2775 4165 2948 4220 Porro
2994 4159 3341 4217 subtiliorem
3391 4152 3686 4225 quemdam

2086 4285 2190 4326 nec
2222 4267 2529 4337 simplicem
2561 4264 2618 4317 in
2657 4261 2743 4315 his
2773 4260 2944 4313 latere
2980 4267 3204 4310 sensum
3235 4249 3497 4304 arbitror.
3526 4245 3688 4300 Vide-

2087 4377 2213 4421 mus
2244 4359 2392 4417 enim
2422 4353 2817 4425 evangelistam
2843 4350 3050 4412 dicere,
3089 4360 3198 4400 non
3236 4350 3451 4396 tantum
3489 4337 3688 4409 cupide

2086 4465 2340 4528 spectare
2388 4448 2655 4506 miracula
2701 4444 2909 4501 Christi
2965 4439 3245 4502 asseclas,
3307 4436 3402 4493 sed
3457 4441 3512 4489 et
3565 4447 3688 4502 quae

365 4552 470 4607 μεν
526 4537 638 4609 γὰρ
682 4537 914 4606 λέγοντα
950 4538 1043 4592 τὸν
1087 4539 1520 4613 εὐαγγελιστὴν,
1583 4541 1681 4614 οὐχ
1707 4543 1790 4597 ὅτι
1821 4543 1984 4614 μόνον

2091 4525 2249 4619 signa
2298 4546 2376 4602 illi
2419 4545 2547 4615 jure
2589 4542 2962 4601 mirarentur,
3012 4534 3240 4588 indicat.
3297 4528 3465 4584 Addit
3514 4525 3683 4589 enim,

368 4624 513 4698 ἦσαν
556 4627 950 4698 φιλοθεάμονες
996 4629 1048 4682 οἱ
1091 4629 1568 4702 ἀκολουθήσαντες
1608 4632 1689 4704 τῷ
1731 4633 1979 4705 Χριστῷ,

371 4716 512 4773 ἀλλά
551 4717 646 4770 καὶ
692 4717 866 4770 ποίων
907 4711 1053 4788 ἦσαν
1097 4718 1344 4790 σημείων
1389 4721 1742 4776 δικαιότατοι⁸
1770 4721 1983 4794 θαυμα-

373 4809 519 4863 σταί.
576 4809 914 4880 Προστίθησι
945 4809 1077 4881 γὰρ,
1104 4810 1186 4864 ὅτι
1227 4830 1246 4864 ι
1275 4812 1343 4865 Ἀ
1375 4813 1550 4868 ἐποίει
1575 4814 1670 4868 ἐπὶ
1694 4815 1803 4871 τῶν
1829 4817 1985 4870 ἀσθε-

369 4902 612 4957 νούντων
631 4944 644 4966 ,
679 4920 698 4950 ι
739 4901 828 4955 ἵνα
847 4901 936 4955 διὰ
959 4900 1167 4955 τούτων
1197 4901 1460 4969 ἐναντίως
1486 4904 1719 4975 ἔχουσαν
1758 4909 1826 4979 τῇ
1869 4908 1980 4962 τῶν

383 4994 659 5048 Ἰουδαίων
692 4994 794 5065 τὴν
824 4994 935 5048 τῶν
968 4993 1410 5050 ἀκολουθούντων
1425 4997 1684 5070 ἀποδείξῃ
1716 4999 1975 5055 διάνοιαν.

365 5087 434 5140 Ol.
484 5086 584 5156 μὲν
625 5085 737 5158 γὰρ
767 5088 850 5141 ὅτι
897 5086 990 5140 τὸν
1021 5087 1336 5159 παράλυτον
1376 5088 1710 5145 ἀσθενοῦντα
1743 5093 1976 5165 τεθερά-

368 5197 546 5237 πευκε
568 5222 582 5245 ,
607 5179 889 5243 δυσσεϐῶς
920 5179 1340 5251 χαλεπαίνουσιν
1359 5219 1376 5245 ,
1408 5182 1458 5233 οἱ
1491 5180 1550 5235 δὲ
1589 5187 1652 5242 οὐ
1684 5184 1846 5255 μόνον
1886 5189 1980 5242 ἐπὶ

368 5271 588 5335 τούτοις
611 5271 861 5344 παρόντα
890 5271 1290 5344 θαυμάζουσιν,
1316 5271 1452 5326 ἀλλά
1479 5273 1575 5328 καὶ
1602 5273 1976 5348 ἀποδημοῦντι

373 5363 856 5435 συνεκτρέχουσιν,
880 5363 956 5428 ὡς
981 5363 1388 5437 θαυματουργῷ
1419 5366 1513 5419 καὶ
1536 5366 1677 5441 Θεῷ.
1710 5367 1978 5438 Φύγωμεν

369 5455 556 5509 τοίνυν
588 5457 691 5528 τὴν
734 5455 1012 5520 Ἰουδαίοις
1054 5455 1379 5526 πρέπουσαν
1420 5458 1693 5530 ἀμαθίαν,
1745 5463 1795 5515 oi
1845 5463 1980 5533 X9:-

372 5549 506 5602 στὸν
526 5551 806 5620 Δεσπότην
836 5551 1294 5622 ἐπιγραφόμενοι,
1314 5551 1806 5624 προσεδρεύσωμεν
1829 5555 1979 5626 αὐτῷ

371 5641 464 5696 διὰ
483 5643 588 5712 τῆς
624 5644 904 5714 ὑπομονῆς
931 5685 942 5709 ,
971 5645 1108 5716 ὅπερ
1133 5643 1304 5716 ἔδρων
1329 5645 1620 5716 τληπαθῶς
1643 5651 1691 5700 oi
1724 5647 1974 5718 σοφώτα-

451 5760 495 5790 ¹⁰
518 5759 718 5815 Jcrcm.
764 5778 862 5815 xu.
888 5763 916 5810 ’τ

1028 5764 1063 5793 “
1092 5761 1251 5818 Joau.
1287 5779 1386 5831 xu,
1415 5763 1502 5816 5‘2.

388 5829 428 5860 ¹⁶
452 5828 614 5887 Hom.
655 5848 776 5900 vm,
808 5833 894 5890 35.

1588 5764 1804 5823 "Joan.
1839 5767 1890 5834 8,
1926 5767 2005 5822 58.

2091 4656 2110 4688 ι
2141 4636 2273 4702 Quae
2305 4633 2542 4688 faciebat
2576 4643 2746 4700 super
2789 4626 2878 4682 his
2915 4624 3009 4695 qui
3045 4619 3472 4676 inﬁrmabantur
3496 4657 3511 4683 ,
3555 4635 3573 4668 ι
3629 4623 3688 4668 ut

2084 4728 2216 4784 hinc
2254 4725 2499 4781 ﬁdelium
2542 4722 2790 4777 animum
2836 4715 3182 4774 contrarium
3212 4728 3336 4768 esse
3386 4710 3554 4766 menti
3585 4706 3684 4762 Ju-

2085 4821 2330 4876 dzeorum
2363 4813 2700 4873 ostenderet.
2736 4810 2800 4865 lli
2832 4810 2980 4866 enim
3024 4807 3169 4877 quod
3205 4804 3570 4875 paralyticum
3597 4814 3685 4856 sa-

2085 4915 2256 4977 narit,
2283 4910 2452 4981 impie
2473 4913 2807 4964 succensent
2833 4921 2846 4957 :
2871 4901 2949 4956 illi
2975 4915 3124 4966 vero,
3153 4913 3264 4953 non
3298 4897 3371 4952 ob
3399 4895 3504 4950 ista
3545 4909 3685 4964 prm-

2085 5013 2297 5063 scntem
2322 5001 2620 5063 mirantur,
2650 4997 2744 5054 sed
2779 5003 2834 5051 et
2858 4994 3151 5048 abeuntem
3186 4994 3598 5060 prosequuntur
3625 4993 3686 5040 ut

2087 5092 2423 5150 mirabilium
2451 5098 2788 5159 patratorem
2823 5099 2889 5140 ac
2923 5085 3118 5140 Deum.
3166 5081 3470 5153 Fugiamus
3499 5081 3685 5150 itaque

2086 5187 2307 5257 dignam
2335 5180 2542 5237 Iudaeis
2571 5179 2872 5244 inscitiam,
2896 5183 3175 5248 quotquot
3195 5175 3419 5230 Christo
3450 5171 3685 5225 Domino

2086 5294 2288 5335 nomen
2335 5277 2620 5341 dedimus,
2673 5274 3060 5331 adhaereamus
3103 5274 3156 5329 ei
3205 5283 3304 5339 per
3339 5264 3679 5337 patientiam,

2085 5369 2234 5442 quod
2284 5368 2681 5440 sapientissimi
2721 5366 2979 5437 discipuli
3011 5369 3338 5419 constanter
3382 5358 3678 5421 faciebant,

2089 5479 2191 5518 nec
2242 5463 2547 5518 avellamur
2601 5475 2845 5530 unquam
2891 5465 2985 5512 aut
3029 5454 3280 5511 ordinem
3329 5451 3676 5513 deseramus,

2089 5558 2184 5614 sed
2217 5557 2399 5627 rcipsa
2427 5571 2534 5612 una
2559 5571 2685 5611 cum
2711 5553 2882 5608 Paulo
2905 5549 3281 5605 cxclamcmus
3313 5561 3323 5594 :
3357 5559 3374 5590 ι
3407 5538 3543 5604 Quis
3578 5555 3679 5594 nos

2089 5626 2369 5721 separabit
2397 5668 2427 5705 a
2463 5649 2736 5704 cbaritate
2772 5643 2979 5701 Christi
3011 5639 3087 5691 H"?
3125 5658 3140 5689 ι
3175 5626 3484 5704 Sequemur
3511 5632 3680 5703 igitur

2093 5768 2134 5798 ⁸³
2162 5766 2352 5822 Matth.
2378 5781 2501 5834 xm,
2530 5765 2615 5821 Γὶῗὶ.
2701 5763 2742 5793 ”
2764 5760 2928 5817 .loan.
2955 5773 3036 5826 Ill,
3063 5751 3151 5808 56.
3236 5752 3277 5781 ”'
3305 5749 3464 5804 Joau.
3503 5765 3556 5815 κ,
3583 5748 3676 5804 '58.
