4052 6498
409 319 515 374 “'5

1399 329 1463 385 5.
1509 325 1787 387 CYBILLI
1832 325 2309 384 ALEXANDRINI
2348 326 2677 386 ABCBIEP.

3585 338 3688 394 444

411 457 538 499 eum
575 457 701 498 eum
736 443 1176 516 persecutionem
1213 443 1542 516 patientem,
1597 457 1714 504 tum
1755 445 1998 503 hostium

2122 463 2185 500 τοι
2216 445 2458 518 μαθηταί
2485 463 2500 480 ο
2543 447 2874 520 χωρίζεσθαι
2917 450 3021 522 μὲν
3052 450 3149 507 καὶ
3187 453 3568 509 λειποτακτεῖν
3597 456 3691 510 ἀν-

414 535 812 590 immanitatem
850 535 1184 604 fugientem,
1235 545 1296 591 ut
1327 546 1380 592 et
1419 538 1476 592 in
1521 545 1762 592 montem
1805 550 2002 592 ascen-

415 624 634 690 damus,
662 631 716 679 et
747 623 821 691 ibi
842 623 1132 680 sedeamus
1161 641 1287 681 cum
1315 626 1577 698 ipso,hoc
1603 633 1691 681 est
1717 624 1786 680 ad
1815 625 2001 696 splen-

415 714 600 769 didam
650 722 705 770 et
738 715 1219 785 praeclarissimam
1267 717 1500 788 gratiam
1538 715 1861 783 ell'eramur,
1908 729 2001 769 re-

416 808 635 880 guando
655 824 781 864 cum
809 823 898 874 eo,
916 809 1381 880 quemadmodum
1411 809 1675 865 nimirum
1695 809 1814 879 ipse
1836 807 2000 878 275

417 900 556 954 dixit
585 917 600 954 :
639 917 658 951 ι
684 899 795 956 Vos
827 898 923 972 qui
955 902 1132 957 secuti
1156 902 1294 958 estis
1319 917 1436 966 me,
1462 919 1482 955 ι
1515 901 1574 957 in
1603 899 2002 956 tentationibus

416 992 556 1048 meis
613 993 909 1058 nimirum,
947 1010 968 1045 ι
1016 993 1072 1048 in
1116 995 1576 1065 regeneratione,
1623 1006 1750 1048 cum
1801 990 2009 1046 sederit

357 1078 363 1085 ’
419 1082 594 1138 Filius
619 1083 858 1140 hominis
890 1083 949 1139 in
976 1083 1107 1140 sede
1140 1085 1446 1155 maiestatis
1479 1099 1624 1148 suae,
1659 1083 1924 1140 sedebitis
1950 1089 2009 1138 et

419 1194 518 1233 vos
535 1193 704 1246 super
735 1178 895 1233 sedes
915 1177 1226 1244 duodecim,
1255 1179 1568 1248 iudicantes
1583 1176 1875 1234 duodecim
1909 1175 2008 1229 tri-

419 1271 525 1326 bus
556 1269 724 1326 Israel
749 1271 813 1324 ⁸⁷.
841 1289 860 1322 ι
909 1269 1028 1326 Hoc
1053 1273 1199 1327 enim
1225 1272 1524 1343 signiﬁcari
1566 1270 1830 1334 arbitror,
1877 1284 2006 1324 cum

420 1359 684 1430 discipuli
723 1360 972 1417 assidere
1009 1359 1233 1424 Christo
1266 1363 1552 1426 dicuntur,
1609 1368 1902 1433 postquam
1947 1359 2002 1415 in

421 1461 664 1507 montem
695 1452 1166 1510 conscendissent.

2103 536 2352 608 σχόμενοι
2387 537 2673 610 μηδαμῶς,
2701 541 2885 606 αὐτοῖς
2909 542 2968 597 δὲ
2993 542 3180 599 λοιπὸν
3201 545 3544 611 ἀναὸοῶντες
3576 549 3693 610 τοῖς

2104 628 2428 701 πράγμασι,
2463 629 2527 684 τὸ
2553 633 2817 698 νεανικῶς
2851 633 2961 689 ύπδ
2979 635 3076 690 τοῦ
3099 635 3316 691 Παύλου
3347 637 3646 709 λεγόμενον
3673 656 3690 672 ο

2109 738 2131 772 ι
2156 721 2254 784 Τίς
2277 722 2427 793 ἡμᾶς
2453 723 2681 795 χωρίσει
2711 726 2820 780 ἀπὸ
2844 727 2947 798 τῆς
2984 729 3209 800 ἀγάπης
3239 731 3336 785 τοῦ
3358 731 3600 801 Χριστοῦ
3622 747 3637 795 ;
3669 749 3690 783 s

2117 810 2603 886 Ἀκολουθήσωμεν
2637 816 2817 870 τοίνυν
2849 818 3036 890 αὐτῷ,
3079 821 3177 874 καὶ
3205 820 3555 892 διωκομένῳ,
3596 820 3696 876 καί

2106 902 2362 974 φεύγοντι
2399 905 2500 970 τὰς
2531 906 2644 960 τῶν
2677 908 3004 980 μαχομένων
3029 909 3178 982 αὐτῷ
3204 911 3537 982 δυστροπίας
3559 951 3576 977 ,
3604 912 3697 965 ῖνα

2105 992 2202 1046 καὶ
2235 994 2318 1058 εἰς
2339 994 2469 1066 ὅρος
2503 995 2886 1069 άναδαίνωμεν
2904 1039 2921 1066 ,
2970 999 3067 1055 καὶ
3094 1002 3214 1055 ἐκεῖ
3253 1001 3571 1072 καθίσωμεν
3596 1003 3698 1056 σὺν

2107 1082 2293 1153 αὐτῷ,
2339 1086 2638 1155 τουτέστιν,
2681 1091 2764 1154 εἰς
2806 1095 3080 1164 περιφανῆ
3132 1092 3229 1147 καὶ
3293 1091 3698 1164 εὐκλεεστάτην

2105 1175 2548 1248 ἀναπηδήσωμεν
2582 1180 2775 1252 χάριν,
2819 1181 2909 1237 διὰ
2931 1182 3030 1238 τοῦ
3057 1183 3481 1255 συμϐασιλεύειν
3519 1184 3696 1255 αὐτῷ,

2109 1267 2362 1341 καθάπερ
2397 1267 2492 1325 οὖν
2517 1271 2756 1342 ἔφασκεν
2788 1275 2954 1340 αὑτός
2977 1293 2992 1308 ο
3049 1294 3069 1328 ι
3103 1277 3296 1348 Ὑμεῖς
3318 1277 3368 1330 οἰ
3395 1275 3699 1346 ἀκολουθη-

2109 1362 2304 1426 σαντές
2334 1380 2422 1433 μοι
2451 1382 2469 1416 ι
2491 1365 2551 1418 ἐν
2581 1367 2692 1430 τοῖς
2707 1370 3035 1441 πειρασμοῖς
3056 1387 3180 1440 μου,
3201 1388 3220 1422 ι
3245 1371 3303 1422 ἐν
3330 1372 3396 1440 τῇ
3425 1369 3698 1438 παλιγγε-

2110 1450 2265 1522 νεσίᾳ
2281 1492 2300 1518 ,
2345 1452 2473 1507 ὅταν
2509 1453 2712 1528 καθίσῃ
2735 1456 2766 1510 ὁ
2790 1456 2919 1520 Υἰὺς
2944 1456 3041 1510 τοῦ
3073 1455 3364 1529 ἀνθρώπου
3384 1455 3479 1510 ἐπὶ
3503 1455 3700 1526 θρόνου

421 1545 584 1617 δόξης
611 1545 813 1610 αὐτοῦ,
870 1547 1177 1619 καθήσεσθε
1205 1549 1300 1602 καὶ
1344 1548 1505 1620 ὑμεῖς
1570 1548 1667 1602 ἐπὶ
1727 1545 1939 1601 δώδεκα
1997 1543 2256 1615 θρόνους,
2303 1547 2581 1618 κρίνοντες
2627 1551 2728 1614 τὰς
2767 1550 2977 1605 δώδεκα
3019 1550 3195 1621 φυλὰς
3237 1550 3334 1609 τοῦ
3391 1549 3633 1623 Ἰσραήλ.
3673 1567 3694 1602 ι

422 1637 640 1700 Ταύτας
663 1637 771 1708 γὰρ
785 1633 937 1709 οἶμαι
962 1639 1057 1703 τὰς
1081 1638 1313 1711 θεωρίας
1331 1640 1608 1712 εἰσφέρειν
1634 1641 1696 1694 τὸ
1724 1639 1822 1694 καὶ
1841 1634 2224 1708 προσεδρεύειν
2260 1637 2516 1706 λέγεσθαι
2543 1639 2624 1709 τῷ
2644 1641 2859 1714 Σωτῆρι
2921 1642 3054 1707 τοὺς
3084 1641 3338 1713 μαθητὰς
3356 1679 3373 1705 ,
3438 1641 3536 1695 καὶ
3592 1642 3689 1694 ἀν-

422 1727 675 1791 ελθόντας
707 1729 764 1783 ἐν
795 1729 912 1801 δρει
943 1731 1341 1803 συγκαθῆσθαι.

495 1819 585 1884 Vl,
621 1823 674 1888 5,
703 1822 756 1878 6.
807 1821 940 1879 Cum
976 1826 1299 1882 sublevasset
1327 1844 1451 1899 ergo
1495 1829 1679 1884 oculos
1734 1827 1914 1891 Iesus,
1955 1835 2007 1882 et
2039 1823 2081 1882 Β

423 1916 640 1972 uidisset
663 1920 789 1986 quia
824 1920 1114 1974 multitudo
1151 1924 1390 1978 maxima
1418 1925 1557 1979 venit
1586 1924 1656 1978 ad
1691 1941 1809 1979 eum
1829 1967 1843 1990 ,
1875 1925 2012 1979 dixit

425 2012 497 2064 ad
525 2011 832 2082 Philippum
865 2031 882 2067 :
933 2013 1082 2069 Unde
1105 2032 1334 2070 ememus
1373 2033 1536 2087 panes
1560 2056 1574 2078 ,
1616 2027 1672 2070 ut
1700 2016 2014 2070 manducent

425 2100 526 2154 lci?
561 2099 677 2154 Hoc
704 2110 880 2156 autem
903 2103 1111 2158 dicebat
1147 2113 1356 2160 tentans
1385 2122 1506 2160 eum
1538 2106 1690 2176 :ipse
1709 2107 1851 2161 enim
1881 2107 2013 2162 scie-

428 2191 516 2246 bat
544 2193 671 2264 quid
699 2203 834 2250 esset
861 2194 1135 2265 facturus.
1181 2195 1472 2269 Respondit
1496 2198 1546 2254 ei
1570 2197 1871 2269 Philippus.

499 2369 833 2426 Praeclarum
865 2371 957 2428 hic
985 2387 1220 2437 rursus,
1267 2382 1322 2430 et
1362 2375 1735 2433 sanctissimis
1781 2376 2018 2432 homini-

429 2464 535 2518 bus
563 2463 680 2520 suis
701 2463 990 2535 discipulis
1013 2467 1599 2524 convenientissimum
1622 2467 2016 2526 documentum

427 2555 686 2612 Christus
717 2558 941 2625 statuit,
981 2557 1190 2615 docens
1221 2559 1276 2614 in
1307 2561 1565 2616 maximis
1590 2577 1811 2632 quoque
1839 2575 2016 2633 angu-

429 2647 554 2704 stiis
583 2647 860 2719 intrepide
894 2651 1260 2706 exercendam
1305 2666 1432 2707 esse
1461 2651 1896 2722 hospitalitatem
1918 2693 1933 2719 ,
1961 2659 2018 2708 et

430 2741 842 2796 etinctationem
877 2757 1094 2798 omnem
1125 2744 1316 2814 procul
1343 2743 1713 2814 repellendam
1737 2784 1754 2810 ,
1803 2744 1915 2800 imo
1947 2745 2016 2799 ad

430 2851 551 2888 eam
593 2837 850 2891 virtutem
881 2845 1001 2893 toto
1035 2838 1222 2894 animo
1249 2838 1657 2910 properandum
1699 2857 1712 2893 :
1747 2854 1858 2910 quo
1886 2838 2020 2910 quid

432 2924 612 2994 majus
639 2926 783 2997 apud
810 2941 907 2982 eos
952 2941 1077 2984 esse
1118 2935 1302 2997 potest
1340 2929 1433 2999 qui
1477 2936 1684 2984 norunt
1722 2943 1788 2984 ae
1829 2930 2022 2984 volunt

431 3028 725 3082 supernam
783 3017 891 3072 sibi
960 3017 1264 3072 amicitiam
1332 3024 1394 3071 ut
1450 3018 1607 3072 decet
1661 3018 2021 3089 comparare?

430 3105 680 3175 Quippe,
738 3123 862 3162 cum
917 3108 1076 3162 turba
1126 3123 1235 3164 non
1285 3123 1458 3179 pauca
1499 3118 1557 3165 et
1599 3109 2020 3166 innumerabilis

2194 1822 2448 1892 Ἑπὰρας
2471 1819 2588 1878 οὖν
2622 1823 2766 1890 τοὺς
2814 1823 3157 1894 ὀφθαλμοὺς
3211 1826 3246 1879 ό
3294 1823 3523 1892 Ἰησοῦς
3541 1863 3556 1889 ,
3600 1825 3702 1880 καί

2115 1911 2489 1982 θεασάμενος
2510 1913 2601 1968 ὅτι
2625 1914 2822 1981 πολὺς
2845 1915 3032 1984 ὄχλος
3051 1916 3288 1984 ἔρχεται
3313 1915 3466 1984 πρὸς
3488 1915 3701 1984 αὐτὸν,

2113 2004 2276 2075 sem
2307 2005 2458 2073 πρὸς
2477 2007 2782 2060 Φίλιππον
2799 2023 2813 2039 ο
2835 2009 3030 2062 Πόθεν
3052 2006 3432 2077 ἀγοράσωμεν
3457 2008 3700 2076 ἄρτους,

2114 2097 2215 2150 Ira
2235 2095 2510 2165 φάγωσιν
2533 2092 2740 2163 οὗτοι;
2773 2098 2952 2153 Τοῦτο
2977 2097 3047 2151 δὲ
3073 2099 3242 2168 ἔλεγε
3270 2098 3557 2167 πειράζων
3591 2103 3703 2156 αὺ-

2115 2188 2252 2242 τόνο
2286 2187 2472 2255 αὐτὸς
2504 2189 2616 2258 γὰρ
2641 2189 2772 2259 ᾔδει
2803 2190 2862 2244 τί
2891 2190 3114 2260 ἔμελλε
3134 2190 3348 2247 ποιεῖν.
3395 2192 3703 2263 Ἀπεκρίθη

2115 2277 2277 2344 αὐτῷ
2314 2279 2634 2346 Φίλιππος.

2186 2370 2438 2441 Μὰθημα
2485 2371 2550 2441 δὴ
2598 2371 2762 2425 πάλιν
2805 2371 3028 2444 ἄριστόν
3067 2389 3134 2426 τε
3171 2371 3271 2427 καὶ
3317 2374 3548 2447 ἀνδράσι
3590 2377 3707 2441 τοῖς

2119 2463 2434 2535 ἱερωτάτοις
2465 2464 2920 2535 πρεπωδέστατον
2940 2467 3052 2530 τοῖς
3083 2464 3281 2520 ἐαυτοῦ
3309 2465 3583 2537 μαθηταῖς
3607 2467 3710 2520 ἐπ-

2117 2556 2340 2627 ενόησεν
2369 2559 2397 2610 ὁ
2416 2557 2673 2628 Χριστὸς,
2703 2557 2799 2610 καὶ
2825 2558 2883 2611 ἐν
2909 2556 3240 2630 δυσχωρίαις
3259 2559 3521 2628 ἀκράτοις
3548 2561 3709 2631 νικᾷν

2117 2647 2430 2703 ἀναπείθων
2454 2647 2554 2720 τὴν
2585 2648 2682 2702 ἐπὶ
2713 2647 2901 2720 τρόπῳ
2937 2647 3017 2720 τῷ
3054 2649 3316 2721 φιλοξένῳ
3339 2649 3579 2718 δειλίαν,
3611 2655 3710 2705 καὶ

2116 2737 2274 2792 δκνον
2320 2740 2419 2809 μὲν
2459 2739 2552 2795 τὸν
2597 2739 2692 2793 ἐπὶ
2722 2739 2900 2811 τούτῳ
2927 2740 3272 2812 διαρρίπτειν
3317 2757 3420 2794 που
3462 2742 3710 2813 μακρὰν,

2117 2828 2473 2903 θερμοτέροις
2508 2831 2566 2886 δέ
2609 2830 2810 2902 μᾶλλον
2845 2831 2942 2885 ἐπὶ
2986 2832 3088 2903 τὴν
3128 2831 3330 2904 ἀρετὴν
3363 2833 3711 2900 ἀφικνεῖσθαι

2119 2925 2416 2994 κινήμασιν
2435 2940 2449 2955 θ
2487 2915 2552 2978 οὗ
2580 2923 2634 2977 τί
2681 2923 2747 2978 ἂν
2791 2923 3003 2995 γένοιτο
3038 2923 3253 2994 μεῖζον,
3305 2925 3458 2996 παρά
3495 2941 3560 2994 γε
3597 2927 3714 2990 τοῖς

2120 3015 2286 3069 εἰδόσι
2317 3017 2410 3070 καὶ
2444 3015 2658 3070 θέλουσι
2681 3017 2748 3070 δι’
2777 3009 2852 3072 ὧν
2887 3015 2956 3071 ἂν
2980 3017 3184 3088 πρέπει
3221 3017 3324 3089 τὴν
3355 3017 3561 3073 ἄνωθεν
3583 3019 3714 3071 ἐαυ-

2121 3109 2236 3172 τοῖς
2262 3107 2582 3175 ἐξωνεῖσθαι
2624 3108 2847 3177 φιλίανς
2891 3110 3092 3180 Ὅχλου
3122 3109 3232 3182 γὰρ
3269 3109 3334 3181 δὴ
3383 3109 3520 3180 πρὸς
3547 3110 3714 3164 αὐτὸν

433 3198 728 3252 multitudo
768 3200 822 3253 in
871 3214 935 3254 ea
981 3201 1098 3254 loca
1140 3214 1410 3270 aquarum
1441 3201 1615 3255 instar
1641 3200 2019 3266 conduxisset,

2127 3197 2296 3261 ἰόντος
2327 3201 2387 3252 ού
2417 3199 2615 3271 μικροῦ
2636 3241 2651 3265 ,
2693 3199 2791 3253 καὶ
2826 3179 3212 3271 ἀναριθμήτου
3234 3179 3474 3269 πληθύος
3501 3201 3716 3256 ὑδάτων

430 3289 598 3358 jussit
630 3291 779 3345 illico
802 3291 982 3359 parari
1001 3292 1148 3345 unde
1175 3292 1359 3346 cibum
1391 3291 1497 3362 ipsi
1519 3301 1806 3360 caperent.
1832 3292 2023 3362 Neque

435 3397 566 3436 vero
600 3382 825 3437 dubium
860 3391 980 3438 erat
1016 3385 1268 3452 quemvis
1301 3383 1428 3439 licet
1459 3384 1797 3440 ditissimum
1830 3385 1900 3440 ab
1925 3401 2023 3441 ex-

433 3474 685 3544 cipienda
713 3483 864 3528 tanta
896 3477 1247 3531 multitudine
1269 3477 1596 3531 deterritum
1625 3477 1722 3531 iri:
1756 3477 1852 3532 sed
1886 3477 2022 3531 nihil

435 3565 731 3620 admodum
763 3566 996 3620 arduum
1032 3583 1157 3622 esse
1181 3567 1437 3622 Christus
1471 3567 1764 3638 signiﬁcat,
1792 3569 1846 3623 in
1885 3584 2021 3639 pau-

317 3687 336 3698 σ
434 3673 532 3710 cos
563 3657 804 3712 studium
835 3665 1082 3714 nostrum
1116 3659 1391 3725 conferre,
1428 3659 1525 3715 sed
1554 3674 1618 3715 ea
1645 3676 1866 3732 quoque
1902 3676 2025 3732 qua:

435 3749 902 3817 exspectationem
925 3758 1190 3820 superant
1213 3766 1480 3821 generose
1503 3751 1622 3807 vult
1645 3766 1747 3807 nos
1776 3753 2023 3824 aggredi,

435 3839 556 3906 ejus
592 3838 790 3894 llducia
824 3840 892 3895 ad
933 3840 1168 3910 quodvis
1199 3841 1403 3897 bonum
1454 3843 1856 3913 capessendum
1894 3859 2026 3900 con-

438 3931 704 3984 tinuatos.
757 3930 813 3984 Si
842 3945 975 4003 ergo
1005 3931 1242 3988 historia
1266 3933 1345 3988 rei
1377 3941 1682 4004 spectetur,
1707 3943 1861 3989 extra
1895 3950 2026 3991 seo-

436 4034 564 4093 pum
600 4037 704 4074 non
733 4023 910 4076 tendit
939 4037 1130 4078 eorum
1163 4039 1288 4094 quae
1313 4025 1459 4080 dicta
1492 4035 1623 4081 sunt
1649 4028 1735 4082 vis
1769 4035 1824 4083 et
1860 4029 2024 4094 ratio,

436 4112 529 4167 Sed
555 4113 623 4168 iis
651 4129 868 4169 rursum
887 4115 954 4168 ad
979 4117 1281 4187 spiritalem
1301 4119 1825 4189 contemplationem
1844 4129 2027 4177 trans-

435 4203 584 4266 latis.
619 4213 672 4259 et
697 4207 880 4276 lypiea
909 4209 1162 4263 crassitie
1196 4209 1402 4272 recisa,
1437 4226 1584 4264 nunc
1613 4212 1860 4280 apertius
1883 4212 2026 4268 diei-

434 4311 558 4350 mus
602 4295 772 4351 Deum
825 4314 895 4351 ex
957 4308 1143 4354 monte
1187 4299 1628 4369 quodammodo,
1684 4302 1791 4358 hoc
1823 4312 1944 4370 est,
1997 4321 2028 4362 e

437 4387 657 4441 sublimi
708 4403 772 4442 ac
814 4387 1390 4459 divina‘prmseientia
1435 4393 1738 4463 praevidere
1780 4412 1876 4453 eos
1931 4399 2026 4469 qui

2121 3289 2280 3362 δίκην
2320 3291 2747 3361 ἐπεισχεομένης
2787 3293 2900 3356 τοῖς
2928 3293 3152 3357 τόποις,
3211 3293 3271 3345 ὲν
3319 3288 3400 3355 οἷς
3436 3291 3715 3362 ηὐλίζετο,

2121 3381 2262 3452 πρὸς
2307 3381 2368 3435 τδ
2412 3383 2798 3449 ἑτοιμάζεσθαι
2843 3382 3068 3454 τρέφειν
3123 3381 3323 3448 αὐτοὺς
3367 3384 3718 3456 παραχρῆμα

2122 3471 2474 3527 διεκελεύετο.
2507 3474 2618 3527 Καὶ
2647 3469 2716 3544 ἦν
2752 3475 2851 3545 μὲν
2875 3473 3046 3538 ὅντως
3083 3473 3186 3528 οὐκ
3213 3475 3464 3540 ἀπεικὸς,
3496 3476 3592 3528 καὶ
3617 3476 3717 3531 τοῦ

2126 3565 2331 3637 σφόδρα
2362 3564 2621 3618 πλουσίου
2669 3565 3115 3637 καταναρκήσειν
3145 3564 3246 3636 τὴν
3272 3565 3606 3637 προθυμίαν,
3635 3566 3720 3637 τῷ

2123 3653 2319 3724 πλήθει
2345 3654 2456 3709 τῶν
2482 3654 2776 3727 ὁρωμένων
2803 3653 3287 3727 καταπτοουμένην
3315 3657 3395 3719 είς
3431 3654 3596 3725 φόϐον
3620 3655 3720 3709 τὸν

2123 3746 2219 3800 ἐπὶ
2255 3745 2336 3818 τῷ
2383 3747 2460 3817 μὴ
2503 3747 2767 3803 δύνασθαι
2816 3746 3115 3816 φιλοξενεῖν
3139 3762 3155 3778 ⁸
3214 3747 3330 3801 ἀλλ’
3376 3746 3528 3801 οὐδὲν
3579 3746 3720 3810 δλως

2123 3838 2361 3892 δεικνύει
2379 3839 2441 3892 τὸ
2465 3839 2608 3911 μέγα
2628 3839 2725 3894 τοῦ
2749 3839 3008 3914 Χριστὸς,
3025 3840 3156 3894 ὅταν
3183 3839 3267 3904 εἰς
3289 3837 3505 3906 ὀλίγους
3527 3836 3721 3908 γίγνη-

2123 3948 2216 3988 ται
2263 3934 2394 4003 παρ’
2431 3932 2592 4003 ἡμῶν
2647 3933 2682 4003 ή
2715 3932 3070 4002 φιλαδελφία,
3113 3930 3634 3990 κατανεανιεύεσθαι
3659 3931 3720 3986 δέ

2126 4040 2242 4085 πως
2265 4021 2490 4077 καὶτῶν
2503 4023 2635 4094 παρ’
2657 4021 2849 4075 ἐλπίδα
2869 4021 3140 4092 βούλεται,
3158 4025 3224 4094 τῇ
3243 4023 3323 4087 εἰς
3337 4022 3502 4077 αὐτὸν
3523 4039 3721 4077 πεποι-

2125 4115 2282 4185 θήσει
2312 4113 2736 4185 βεσαιουμένους
2764 4113 2904 4186 πρὸς
2921 4113 3018 4185 τὴν
3045 4115 3130 4184 ἐφ’
3153 4114 3325 4170 ἅπασι
3349 4116 3460 4176 τοῖς
3489 4113 3722 4182 ἀγαθοῖς

2123 4205 2437 4277 εὐτολμίαν,
2464 4206 2622 4260 Κατὰ
2650 4206 2748 4277 μὲν
2768 4202 2863 4260 οὖν
2892 4205 2994 4275 τῆς
3027 4207 3268 4278 ἱστορίας
3298 4205 3388 4260 τὸν
3417 4206 3594 4273 λόγον,
3617 4206 3724 4259 οὐκ

2125 4300 2235 4355 ἀπὸ
2285 4299 2490 4354 σκοποῦ
2520 4299 2858 4354 συντείνεται
2896 4298 3006 4353 τῶν
3033 4299 3343 4370 εἰρημένων
3387 4300 3420 4368 ἡ
3460 4298 3719 4369 δύναμις,

2122 4391 2532 4462 ,μεταϐαλόντες
2564 4391 2623 4445 δέ
2653 4390 2815 4444 πάλιν
2859 4391 3000 4445 αὐτὰ
3033 4391 3171 4462 πρὸς
3203 4390 3437 4459 θεωρίαν
3475 4406 3722 4459 πνευμα-

435 4479 622 4535 studio
648 4481 794 4535 bono
820 4497 884 4534 ac
908 4482 1012 4536 lide
1037 4483 1371 4554 investigarit
1389 4485 1594 4556 ipsum,
1614 4489 1774 4556 juxta
1796 4489 1849 4545 id
1879 4490 2023 4562 quod

2128 4485 2314 4557 τικὴν,
2359 4487 2456 4539 καὶ
2498 4485 2560 4539 τὸ
2604 4487 2663 4540 ἐν
2691 4483 2849 4556 τύπῳ
2879 4485 3026 4555 παχὺ
3064 4483 3476 4556 περικείροντες
3513 4485 3721 4554 σχῆμα,

437 4591 466 4628 a
498 4575 668 4630 Paulo
696 4575 900 4630 dictum
933 4586 1050 4634 est:
1085 4597 1104 4630 ‹
1137 4579 1287 4647 Quos
1313 4582 1458 4635 enim
1499 4584 1774 4651 prmscivit
1806 4593 1862 4640 et
1887 4601 2025 4656 pra:-

437 4667 738 4723 dcstinavit
791 4669 1108 4726 conformes
1150 4673 1406 4744 imaginis
1441 4672 1598 4739 Filii,
1636 4675 1737 4732 hos
1776 4684 1831 4732 et
1856 4692 2026 4732 voca-

441 4759 601 4813 vit”.
646 4780 665 4812 ι
707 4759 970 4816 Sublevat
995 4778 1126 4835 ergo
1155 4763 1410 4820 Christus
1448 4767 1669 4830 oculos,
1706 4783 1817 4838 quo
1854 4768 2029 4839 signi-

440 4851 566 4905 ﬁcat
594 4867 690 4909 eos
723 4853 818 4920 qui
848 4856 1084 4924 diligunt
1116 4857 1298 4926 ipsum
1335 4857 1531 4927 dignos
1565 4873 1690 4914 esse
1719 4861 1815 4930 qui
1850 4873 1880 4912 a
1918 4858 2030 4915 Deo

439 4946 836 5016 respiciantur,
895 4949 1060 5019 276
1095 4949 1558 5018 quemadmodum
1607 4967 1802 5020 nempe
1860 4951 2031 5006 bene-

439 5035 659 5090 dicendi
686 5037 849 5090 modo
871 5038 1076 5092 dictum
1104 5047 1190 5094 est
1220 5041 1284 5096 ad
1315 5039 1480 5096 Israel
1515 5059 1528 5094 :
1559 5062 1577 5095 ‹
1609 5042 1867 5097 Sublevet
1894 5057 2031 5096 oeu-

442 5126 526 5180 los
559 5141 691 5182 suos
735 5127 1000 5184 Dominus
1047 5129 1114 5184 ad
1157 5140 1244 5196 te,
1305 5139 1359 5188 et
1409 5133 1501 5188 det
1540 5133 1634 5188 tibi
1681 5148 1869 5202 pacem
1913 5134 1978 5188 ”.
2007 5153 2026 5186 ι

441 5216 549 5273 Sed
584 5233 694 5272 non
727 5217 1070 5289 inspectione
1098 5223 1215 5276 sola
1248 5232 1469 5280 constat
1500 5240 1564 5279 ea
1594 5224 1799 5294 gratia,
1839 5240 2030 5279 verum

439 5311 550 5365 alio
596 5311 834 5381 quodam
882 5311 1068 5369 addito
1123 5315 1314 5372 beatus
1357 5317 1694 5389 evangelista
1737 5315 2027 5373 Dominum

441 5407 684 5463 ostendit
717 5409 892 5462 turbae
924 5409 1212 5479 providere
1233 5454 1248 5476 ,
1291 5411 1448 5466 cibos
1480 5422 1647 5480 atque
1676 5411 1845 5482 dapes
1887 5428 2030 5481 prae-

445 5499 690 5567 parando
715 5517 728 5554 :
752 5510 812 5556 ut
830 5501 958 5556 hinc
979 5517 1175 5561 rursus
1199 5504 1476 5573 intelligas
1505 5503 1556 5557 id
1588 5503 1732 5573 quod
1759 5505 2025 5575 scriptum

444 5598 528 5644 est
584 5590 643 5646 in
679 5589 1039 5650 Proverbiis:
1079 5614 1098 5649 ι
1147 5593 1264 5650 Non
1310 5592 1529 5648 occidet
1575 5592 1844 5650 Dominus
1882 5595 2027 5649 fame

2131 4579 2466 4650 γυμνότερον
2488 4578 2590 4649 ἤδη
2618 4576 2822 4648 φαμὲν,
2843 4576 2920 4640 ὡς
2943 4576 3032 4630 διὰ
3058 4575 3370 4647 προθυμίας
3391 4575 3604 4646 ἀγαθῆς
3628 4577 3724 4630 καί

2133 4670 2370 4733 πίστεως
2397 4669 2524 4733 τοὺς
2551 4667 2944 4739 ἐπιζητοῦντας
2974 4667 3160 4733 αὐτὸν,
3185 4667 3438 4738 καθάπερ
3461 4668 3520 4733 ἐξ
3539 4668 3723 4738 ὅρους,

2133 4763 2193 4829 ἐξ
2213 4761 2424 4833 ὑψηλῆς
2467 4761 2712 4832 δηλονότι
2735 4761 2830 4814 καὶ
2859 4759 3196 4832 θεοπρεποῦς
3223 4760 3324 4829 τῆς
3355 4758 3724 4831 προγνώσεως

2136 4851 2542 4922 προαναδλέπει
2588 4850 2754 4916 Θεὸς,
2815 4851 2956 4905 κατὰ
2992 4851 3056 4904 τὸ
3085 4850 3378 4923 εἰρημένον
3423 4849 3580 4921 παρὰ
3629 4849 3724 4902 τοῦ

2134 4943 2351 4997 Παύλου
2375 4959 2390 4974 ·
2417 4961 2437 4996 ι
2472 4942 2582 5009 Οὓς
2611 4943 2722 5015 γὰρ
2756 4944 3009 5015 προέγνω
3033 4943 3130 4997 καὶ
3181 4942 3460 5015 προώρισε
3485 4943 3735 5012 συμμόρ-

2134 5052 2270 5106 φους
2305 5036 2405 5106 τῆς
2441 5036 2652 5100 εἰκόνος
2684 5035 2780 5090 τοῦ
2820 5034 2984 5100 Υίοῦ,
3009 5035 3236 5099 τούτους
3261 5034 3358 5088 καὶ
3388 5035 3668 5089 ἐκάλεσεν.
3701 5051 3720 5084 ι

2147 5126 2398 5199 Ἐπαίρει
2433 5128 2612 5182 τοίνυν
2659 5128 2792 5191 τοὺς
2838 5126 3155 5198 ὀφθαλμοὺς
3185 5125 3217 5178 ὁ
3251 5125 3517 5197 Χριστὸς,
3561 5124 3723 5179 οεονεί

2133 5221 2232 5291 τῆς
2261 5221 2412 5285 θείας
2435 5220 2784 5290 ἐπισκέψεως
2811 5219 2999 5284 ἀξίους
3019 5218 3181 5282 ὄντας
3212 5217 3570 5272 ἐπιδεικνύων
3599 5218 3725 5281 τοὺς

2137 5313 2471 5384 ἀγαπῶντας
2501 5314 2666 5368 αὐτόν
2687 5328 2702 5345 ο
2727 5312 2918 5383 ὥσπερ
2938 5308 3033 5391 οὖν
3062 5310 3255 5381 ἀμέλει
3277 5311 3374 5364 καὶ
3392 5312 3450 5363 ἐν
3473 5309 3725 5377 εὐλογίας

2134 5408 2323 5480 τρόπῳ
2353 5409 2490 5478 πρὸς
2523 5407 2616 5462 τὸν
2661 5405 2882 5479 Ἰσραὴλ
2914 5405 3162 5474 ἐλέγετο·
3200 5422 3221 5456 ι
3262 5403 3498 5473 Ἐπάραι
3519 5402 3724 5474 Κύριος

2134 5501 2196 5555 τὸ
2229 5501 2520 5570 πρόσωπον
2551 5497 2718 5554 αὐτοῦ
2769 5499 2864 5552 ἐπὶ
2901 5497 2991 5562 at,
3039 5497 3137 5551 καὶ
3166 5495 3278 5567 δῴη
3314 5512 3396 5550 σοι
3429 5495 3678 5566 εἰρήνην.
3703 5510 3724 5544 ι

2149 5593 2290 5648 Ἀλλ’
2303 5594 2365 5648 ού
2391 5592 2554 5666 μέχρι
2579 5590 2866 5664 μόνηςτῆς
2887 5588 3232 5658 ἐπισκέψεως
3251 5589 3286 5659 ἡ
3307 5587 3401 5641 ἐπὶ
3418 5587 3530 5649 τοῖς
3555 5581 3730 5656 τιμῶ-

542 5767 742 5827 "Luc.
779 5786 915 5836 χιιι.
951 5772 1040 5828 50.
1124 5769 1164 5801 ’⁸³
1193 5769 1352 5825 Rom.
1400 5785 1516 5838 \‘lll,
1553 5770 1640 5827 29.
1725 5772 1763 5802 ¹τ¹
1787 5769 1949 5826 Num.
1988 5786 2062 5835 vi,
2092 5771 2184 5827 26.
