4052 6550
373 357 482 413 6ιό

1412 350 1483 407 ΙΝ
1519 349 1808 409 JOANNIS
1838 349 2286 408 EVA‘NGELIUM
2322 349 2452 407 LIB.
2492 350 2580 406 III.

3568 354 3672 412 “6

373 492 462 528 σιν
491 473 657 528 αὑτὸν
685 471 929 546 ὁρίζεται
957 471 1150 543 χάρις,
1196 467 1338 524 ἀλλὰ
1367 469 1464 523 καί
1502 487 1557 524 τι
1589 469 1779 541 ἕτερον
1803 483 1951 540 προσ

2085 471 2327 526 animant
2371 470 2581 541 justam
2603 469 2671 522 '°.
2720 487 2740 521 ι
2774 465 3027 538 Seipsum
3071 467 3220 525 enim
3259 480 3498 542 apponet
3543 480 3671 525 tan-

371 568 548 632 τιθεὶς
602 569 633 622 6
687 566 959 639 μακάριος
1002 563 1404 634 εύαγγελιστὴς
1427 602 1444 628 ,
1507 563 1609 618 οὐκ
1663 562 1984 631 ἀπονοήτως

367 659 566 731 ἔχοντα
591 658 705 713 τῶν
733 657 910 728 δχλων
935 654 1172 710 δεικνύει
1199 654 1294 709 τὸν
1322 654 1532 726 Κύριον
1550 694 1565 720 ,
1592 653 1708 707 ἀλλ’
1742 655 1825 716 εἰς
1854 667 1980 722 τρο-

2085 579 2251 635 quam
2280 578 2475 634 panem
2511 563 2580 619 de
2618 560 2796 627 caelo,
2823 571 2880 617 et
2903 576 3096 617 eorum
3138 576 3170 615 a
3209 562 3414 632 quibus
3447 563 3672 618 timetur

2081 655 2298 712 animas
2346 654 2575 709 nutriet.
2624 651 2837 709 Cuncta
2879 666 3012 707 vero
3052 652 3189 722 ipsis
3228 662 3504 724 praeparat
3547 669 3671 722 qua!

371 751 482 822 φάς
495 749 602 823 ἤδη
622 750 720 805 καὶ
739 748 1064 812 πανδαισίας
1085 746 1377 820 εύτρεπιζό
1385 763 1546 818 μενον
1572 762 1587 777 °
1619 745 1708 799 ίνα
1723 743 1789 816 δὴ
1815 742 1952 797 πάλι

2079 749 2147 802 ad
2172 747 2339 804 vitam
2377 745 2656 802 sufﬁciunt
2702 743 3166 816 quemadmodum
3200 745 3260 800 in
3300 745 3538 802 Psalmis
3585 746 3672 802 di-

363 843 458 898 διά
490 842 688 898 τούτου
717 844 847 914 νοῇς
881 841 945 895 τὸ
991 843 1050 894 ὲν
1080 840 1413 912 Παροιμίαις
1457 837 1758 911 φερόμενον
1785 853 1799 868 ο
1840 855 1860 888 ι
1897 835 1975 889 υύ

361 935 754 1006 λιμοκτονήσει
781 932 990 1003 Κύριος
1019 917 1201 1002 ψυχὴν
1239 930 1482 985 δικαίαν.
1521 947 1541 980 ι
1589 928 1819 983 Ἑαυτὸν
1863 926 1973 998 γὰρ

363 1025 707 1096 παραθήσει,
741 1023 1000 1094 καθάπερ
1028 1023 1193 1093 ἄρτον
1221 1021 1282 1087 ἐξ
1305 1022 1365 1074 οὐ
1376 1018 1572 1092 ρανοῦ,
1621 1019 1716 1072 καὶ
1740 1017 1842 1080 τάς
1863 1015 1972 1071 τῶν

361 1114 723 1185 φοϐουμένων
745 1113 909 1166 αὐτὸν
930 1109 1234 1183 ἀποτρέψει
1255 1109 1456 1180 ψυχάς.
1488 1108 1674 1162 Πάντα
1696 1106 1753 1160 δὲ
1785 1107 1971 1168 αὐτοῖς

360 1205 647 1277 ὲτοιμάξει
683 1203 752 1259 τά
782 1203 1043 1276 ζωαρκῆ,
1077 1202 1330 1273 καθάπερ
1354 1197 1450 1256 οὖν
1479 1202 1538 1253 ὲν
1569 1199 1819 1270 Ψαλμοῖς
1845 1199 1936 1252 ὲλέ

359 1315 492 1369 γετο
511 1316 526 1330 ·
558 1317 578 1350 ι
618 1296 959 1368 Ἦτοίμασας
992 1295 1092 1368 τὴν
1123 1293 1333 1366 τροφὴν
1360 1293 1572 1359 αὐτῶν,
1619 1293 1704 1347 ὅτι
1731 1290 1904 1355 οὕτως
1929 1291 1965 1363 ἢ

358 1389 658 1462 ἐτοιμασία
695 1405 812 1443 σου.
848 1407 866 1440 ι
900 1388 1012 1443 Καὶ
1038 1387 1201 1451 αὐτὸς
1224 1386 1282 1440 δέ
1312 1387 1416 1440 πού
1449 1403 1613 1456 φησιν
1636 1386 1668 1439 6
1689 1385 1962 1456 Χριστόςο

363 1504 383 1538 ι
405 1483 768 1555 ’Ᾱμὴν,ἀμὴν
778 1483 924 1551 λέγω
941 1482 1094 1553 ὑμῖνο
1109 1481 1171 1538 Ὀ
1199 1479 1496 1553 ἐρχόμενος
1514 1478 1677 1551 [πρὸς
1693 1477 1785 1551 μὲ]
1803 1479 1864 1531 οὐ
1885 1478 1962 1551 μὴ

359 1575 597 1647 πεινάσῃ
624 1572 869 1629 πώποτε.
895 1571 1238 1626 γἘπιδώσει
1254 1571 1383 1642 γάρ,
1404 1571 1662 1643 καθάπερ
1697 1570 1799 1642 ἢδη
1825 1588 1962 1642 προ-ι

356 1671 619 1741 εἰπομεν,
669 1667 770 1733 τὰς
812 1666 872 1732 ἐξ
903 1664 1136 1739 ούρανοῦ
1169 1665 1415 1738 δηλονότι
1450 1663 1690 1736 τροφὰς,
1735 1664 1830 1719 καὶ
1856 1665 1960 1736 τὴν

362 1760 620 1832 πολυειδῆ
651 1759 749 1814 τοῦ
779 1758 1100 1830 Πνεύματος
1132 1757 1608 1827 ὲπιδαψιλεύσεται
1634 1757 1816 1828 χάριν.
1853 1758 1958 1811 Εὑ-

359 1851 686 1926 τρεπίζεταί
715 1868 780 1921 γε
809 1851 916 1922 μὴν
937 1850 1074 1922 πρὸς
1105 1850 1167 1904 τὸ
1186 1849 1372 1904 δοῦναι
1397 1851 1511 1912 τοῖς
1544 1847 1832 1920 προσιοῦσι
1857 1847 1954 1913 τὰς

357 1942 600 2016 τροφάς,
657 1941 779 1995 οὐδὲ
821 1940 1149 2011 περιμείνας
1198 1939 1303 2012 τὴν
1348 1938 1586 2009 αἴτησιν.
1637 1938 1714 1992 T6
1750 1939 1860 2010 γὰρ
1904 1939 1956 1994 τί

353 2033 795 2107 προσευξόμεθα,
821 2033 944 2088 καθ’
973 2032 1002 2087 6
1019 2032 1117 2098 δεῖ,
1135 2033 1235 2086 οὐκ
1251 2031 1493 2104 οἴδαμεν,
1513 2033 1678 2096 αὐτὸς
1691 2032 1749 2086 δὲ
1770 2034 1956 2104 ὀρέγει

349 2126 681 2199 πῳλαὸὼν,
707 2125 852 2198 ἀπερ
880 2127 1030 2197 ἡμᾶς
1064 2127 1144 2189 εἰς
1165 2125 1312 2198 ζωὴν
1342 2126 1557 2197 συνέχει
1582 2125 1684 2199 τὴν
1712 2125 1950 2180 αἰώνιον.

349 2219 727 2289 Λέγειτοίνυν
773 2218 912 2289 πρὸς
955 2218 1223 2272 Φίλιππον
1247 2235 1263 2250 ⁵
1320 2238 1340 2272 ι
1386 2218 1561 2273 Πόθεν
1606 2219 1953 2291 ἀγοράσομεν

349 2311 587 2382 ἄρτουςς
631 2329 652 2364 ι
697 2308 849 2364 Διατί
892 2310 1032 2382 πρὸς
1058 2309 1359 2377 Φίλιππον,
1409 2310 1590 2365 καίτοι
1637 2311 1748 2364 τῶν
1773 2310 1950 2366 ἄλλων

347 2403 724 2478 παρεστώτων
740 2420 798 2454 τε
817 2401 913 2456 καὶ
925 2400 1482 2474 προσκαρτερούντων
1493 2401 1644 2472 αὐτῷ
1664 2401 1947 2474 μαθητῶν,

2076 839 2224 897 citur
2263 857 2278 894 :
2330 858 2348 892 t
2385 836 2600 895 Parasti
2641 837 2823 893 cibum
2860 836 3079 892 illorum
3115 851 3132 888 :
3169 837 3430 907 quoniam
3479 837 3556 892 ita
3583 844 3669 893 est

2074 932 2406 1006 praeparatio
2445 939 2540 987 tua
2560 931 2628 985 “.
2680 949 2700 984 ι
2738 928 2803 984 Ει
2846 929 2966 1000 ipse
3012 928 3270 986 Christus
3314 929 3390 983 ait
3422 929 3664 983 alicubi:

2079 1043 2100 1079 ι
2125 1025 2333 1092 Amen,
2378 1040 2537 1080 amen
2564 1023 2692 1078 dico
2719 1021 2877 1078 vobis
2922 1039 2938 1077 :
2974 1022 3068 1092 qui
3103 1021 3255 1075 venit
3284 1021 3353 1076 ad
3388 1036 3509 1084 me,
3553 1035 3665 1076 non

2069 1121 2359 1179 esuriet".
2389 1138 2408 1171 ι
2435 1118 2597 1174 Dabit
2617 1117 2788 1183 enim,
2827 1125 2881 1171 ut
2913 1117 3026 1188 jam
3055 1115 3211 1183 prius
3255 1114 3520 1177 diximus,
3551 1129 3667 1170 ca:-

2068 1217 2238 1273 lestes
2273 1213 2534 1269 nimirum
2564 1227 2750 1279 escas,
2795 1219 2852 1268 et
2881 1208 3276 1265 multiformem
3313 1208 3463 1263 illam
3493 1206 3664 1279 Spiri-

2065 1315 2159 1366 tus
2189 1308 2422 1380 gratiam
2453 1305 2658 1361 aﬁ‘atim
2689 1302 3006 1360 distribuet.
3061 1299 3472 1356 Accedentibus
3495 1314 3664 1369 porro

2064 1400 2134 1456 ad
2165 1415 2224 1455 se
2263 1399 2422 1456 cibos
2467 1403 2775 1468 praeparat,
2830 1410 2932 1449 nec
2965 1399 3248 1463 exspectat
3280 1391 3408 1446 dum
3451 1397 3659 1462 petant.

2063 1492 2206 1560 Quid
2253 1493 2399 1548 enim
2435 1497 2623 1562 petere
2666 1505 2772 1545 nos
2818 1489 3012 1544 deceat
3054 1486 3381 1543 nescimus:
3411 1485 3508 1540 sed
3539 1485 3663 1554 ipse

2059 1584 2452 1656 praeveniendo
2490 1583 2724 1652 largitur
2751 1597 2875 1652 quae
2914 1581 2983 1635 ad
3014 1579 3185 1634 vitam
3230 1585 3492 1634 aeternam
3527 1591 3661 1632 con-

2061 1685 2307 1734 servant.
2347 1675 2496 1730 Dixit
2527 1689 2659 1746 ergo
2688 1674 2755 1729 ad
2791 1671 3104 1741 Philippum
3133 1686 3147 1723 :
3177 1689 3196 1722 t
3221 1668 3382 1726 Unde
3408 1682 3659 1725 ememus

2060 1767 2265 1838 panes?
2288 1786 2307 1818 ι
2338 1764 2452 1821 Cur
2475 1764 2542 1819 ad
2568 1762 2904 1833 Philippum,
2935 1775 3060 1815 cum
3081 1759 3175 1814 alii
3199 1765 3447 1814 astarent
3479 1755 3650 1811 disci-

2063 1861 2200 1932 puli,
2219 1859 2383 1929 eique
2409 1857 2664 1912 assiduos
2693 1856 2925 1910 comites
2946 1868 3070 1908 sese
3096 1855 3450 1922 praestarent,
3474 1862 3657 1919 opera:

2059 1953 2296 2025 pretium
2331 1961 2414 2008 est
2435 1947 2894 2004 animadvertere.
2929 1945 3258 2001 Sciscitator
3285 1957 3485 2011 nempe
3509 1948 3653 2002 erat,

2056 2062 2122 2102 ac
2148 2043 2398 2101 discendi
2429 2041 2662 2109 avidus,
2693 2028 2788 2097 sed
2815 2041 2868 2095 in
2899 2037 3270 2111 percipiendis
3307 2034 3476 2090 rebus
3509 2031 3654 2087 divi-

2056 2136 2144 2192 nis
2191 2135 2338 2190 haud
2377 2133 2612 2189 multum
2652 2139 2870 2190 acutus.
2920 2129 3038 2184 Hoc
3080 2135 3263 2183 autem
3317 2123 3560 2196 patebit,
3603 2121 3650 2179 si

2053 2229 2200 2300 apud
2237 2238 2292 2283 te
2319 2235 2544 2299 reputes
2577 2224 2724 2298 quod
2769 2238 2896 2279 cum
2927 2222 3094 2293 longo
3122 2229 3370 2290 tempore
3397 2215 3652 2272 Salvato-

2052 2335 2168 2377 rem
2197 2326 2426 2376 secutus
2447 2318 2542 2384 sit,
2565 2330 2631 2372 ac
2657 2315 2724 2372 de
2741 2314 2865 2385 ejus
2892 2312 3100 2368 deitate
3117 2310 3290 2365 multa
3319 2307 3652 2363 documenta

2051 2411 2390 2483 susceperit,
2451 2415 2507 2466 et
2559 2405 3100 2464 abundantissimam
3136 2417 3264 2458 cum
3308 2401 3498 2467 rebus,
3529 2407 3648 2455 tum

345 2497 653 2566 ἀναγκαῖον
696 2494 846 2550 ίδεῖν.
882 2492 1098 2548 Οὐκοῦν
1136 2493 1430 2567 ζητητικὸς
1477 2495 1578 2565 μὲν
1611 2496 1640 2548 6
1681 2494 1948 2560 Φίλιππος

2056 2503 2236 2560 verbis
2263 2505 2386 2573 ejus
2407 2501 2780 2575 cognitionem
2802 2498 3072 2561 hauserit,
3101 2495 3261 2568 quasi
3297 2503 3484 2550 tamen
3511 2490 3650 2548 nihil

345 2589 445 2644 καὶ
471 2587 781 2660 φιλομαθὴς
798 2626 813 2652 ,
865 2587 992 2653 ὀξὺς
1019 2587 1075 2641 δὲ
1103 2587 1164 2641 οὐ
1194 2586 1315 2642 λίαν
1339 2588 1419 2651 είς
1442 2587 1503 2641 τὸ
1529 2587 1790 2642 δύνασθαι
1819 2604 1918 2643 συν

2056 2596 2232 2653 adhuc
2260 2593 2570 2660 didicisset,
2601 2593 2656 2648 in
2679 2591 2943 2648 extremis
2971 2585 3645 2660 dispensationistempo-

345 2683 488 2738 ιέναι
516 2681 739 2754 θερμῶς
769 2682 839 2736 τά
867 2681 1330 2754 θεοπρεπέστερα.
1365 2679 1537 2735 Τοῦτο
1559 2681 1606 2735 δ’
1631 2681 1700 2736 ἂν
1725 2682 1940 2753 μάθοις,

2056 2689 2204 2745 ribus
2226 2689 2301 2743 ait
2324 2687 2388 2742 ad
2414 2685 2634 2742 Iesum:
2664 2702 2683 2736 ι
2710 2679 3207 2747 Domine,ostende
3224 2678 3386 2735 nobis
3402 2675 3647 2736 Patrem.

343 2773 527 2826 ἐκεῖνο
576 2773 724 2826 κατά
768 2772 964 2826 σαυτὸν
1023 2770 1489 2842 ἀναλογισάμενος
1512 2810 1527 2836 ,
1579 2773 1664 2826 ὅτι
1715 2773 1944 2845 χρόνους

2056 2792 2098 2840 et
2123 2779 2323 2838 sufﬁcit
2346 2779 2588 2834 nobis”.
2614 2797 2632 2831 ι
2671 2775 2777 2832 Sed
2801 2791 2830 2830 a
2862 2773 3150 2830 Salvatore
3171 2771 3362 2843 utique
3392 2769 3646 2825 docetur.

342 2864 726 2935 ἀκολουθήσας
766 2863 846 2934 τῷ
878 2863 1092 2936 Σωτῆρι
1118 2862 1400 2934 μακροὺς,
1442 2865 1538 2918 καὶ
1576 2864 1840 2930 ποικίλως
1872 2865 1943 2920 τὰ

2056 2882 2105 2928 [ιι
2147 2872 2242 2945 qui
2282 2869 2608 2938 simpliciter
2653 2882 2758 2924 nec
2796 2865 3075 2921 malitiose
3119 2864 3176 2919 id
3211 2863 3432 2918 locutus
3471 2864 3641 2915 esset.

343 2957 608 3028 περὶτῆς
645 2955 899 3026 θεότητος
944 2954 1112 3010 αὐτοῦ
1163 2955 1440 3024 συλλέγων
1467 2956 1800 3028 μαθήματα,
1846 2961 1942 3014 καὶ

2056 2984 2067 3016 ι
2096 2963 2275 3018 Tanto
2296 2959 2443 3016 enim
2469 2967 2714 3029 tempore
2744 2957 3030 3012 vobiscum
3059 2969 3205 3018 sum,
3227 2963 3280 3010 et
3304 2967 3412 3007 non
3436 2964 3646 3022 cogno-

341 3047 764 3118 πλουσιωτάτην
803 3046 894 3102 διά
923 3065 980 3101 τε
1009 3047 1356 3119 πραγμάτων
1375 3048 1467 3101 καὶ
1491 3047 1666 3118 λόγων
1695 3051 1941 3122 έρανιζό-

2044 3055 2170 3111 visti
2195 3070 2301 3122 me,
2332 3052 2586 3123 Philippe
2611 3050 2692 3104 "‘f
2717 3069 2736 3102 ι
2781 3048 2963 3122 inquit
2987 3046 3265 3104 Christus.
3306 3043 3463 3111 Quod
3497 3043 3644 3098 enim

343 3159 510 3224 μενος
536 3140 716 3211 ἑαυτῷ
735 3138 832 3213 [αι.
863 3140 954 3193 ἐπ’
984 3139 1158 3212 αὐτῷ]
1181 3140 1283 3213 τὴν
1311 3140 1619 3211 κατάληψιν
1638 3182 1653 3206 ,
1689 3143 1766 3208 ὡς
1793 3145 1945 3198 οὐδὲν

2056 3147 2275 3220 ingenio
2331 3141 2594 3203 crassiori
2627 3149 2806 3207 esset,
2869 3156 2935 3196 ac
2973 3139 3192 3196 tardius
3236 3133 3646 3206 quodammodo

339 3232 500 3287 οὔπω
532 3231 744 3305 μαθὼν,
778 3233 836 3286 ὲν
863 3232 1199 3296 τελευταίοις
1229 3235 1332 3304 τῆς
1369 3233 1687 3305 οἰκονομίας
1729 3239 1944 3308 καιροῖς

339 3322 495 3390 λέγει
536 3321 675 3393 πρὸς
712 3320 806 3375 τὸν
845 3321 1084 3393 Ἰησοῦνο
1135 3339 1157 3374 ι
1187 3321 1398 3394 Κύριε,
1452 3323 1625 3391 δεῖξον
1671 3327 1807 3398 ἡμῖν
1851 3327 1944 3383 τὸν

339 3413 585 3483 Πατέρα,
603 3411 699 3466 καὶ
729 3412 892 3483 ἀρκεῖ
911 3414 1066 3483 ἡμῖν.
1097 3430 1117 3464 ι
1158 3412 1299 3466 Ἀλλ’
1319 3413 1396 3477 ὡς
1416 3414 1746 3487 ἀκακοήθως
1772 3417 1946 3474 εἰπὼν

338 3502 400 3562 εὖ
444 3506 594 3578 μάλα
627 3505 1067 3576 μετεπαιδεύετο.
1105 3525 1125 3560 ι
1162 3507 1417 3578 Τοσούτῳ
1459 3507 1570 3582 γάρ
1597 3510 1778 3582 χρόνῳ
1823 3511 1944 3582 μεθ’

338 3601 499 3672 ὑμῶν
525 3600 662 3670 είμι,
692 3598 788 3652 καὶ
830 3597 932 3652 οὐκ
972 3597 1222 3668 ἔγνωκάς
1254 3617 1323 3672 με
1343 3639 1358 3666 ,
1411 3601 1681 3670 (illucue;
1721 3622 1741 3657 ι
1775 3604 1944 3676 φησιν

335 3692 367 3745 6
393 3690 655 3762 Χριστός.
694 3689 787 3753 Ὠς
819 3683 914 3743 οὖν
951 3689 1246 3762 παχυτέρῳ
1273 3691 1411 3762 πρὸς
1437 3693 1644 3763 νόησιν,
1679 3694 1776 3748 καὶ
1807 3695 1942 3766 βρα-

335 3779 569 3852 δύτερόν
614 3794 734 3842 πως
775 3779 922 3850 ἥπερ
967 3780 1136 3850 ἐχρῆν
1183 3779 1320 3851 πρὸς
1363 3781 1466 3852 τὴν
1507 3781 1618 3836 τῶν
1651 3781 1943 3855 θειοτέρων

339 3872 476 3926 ἰόντι
510 3870 823 3943 κατάληψιν
860 3871 1136 3943 προτείνει
1163 3871 1264 3944 τὴν
1291 3871 1507 3938 πεῦσιν,
1538 3874 1838 3946 γυμνάζων
1861 3879 1941 3942 είς

334 3964 527 4019 πίστιν
557 3963 650 4018 τδν
681 3962 954 4037 μαθητήν.
983 3962 1156 4018 Τοῦτο
1183 3963 1294 4036 γὰρ
1315 3965 1576 4036 σημαίνει
1604 3965 1664 4020 τὸ
1699 3985 1718 4018 ι
1743 3968 1939 4038 πειρά-

335 4055 477 4122 ζων,
508 4074 530 4108 ι
571 4056 630 4109 ὲν
661 4052 904 4118 τούτοις.
945 4054 995 4108 εί
1027 4054 1142 4121 καὶ,
1167 4055 1421 4126 καθάπερ
1468 4056 1498 4110 6
1543 4057 1815 4129 μακάριος
1847 4057 1940 4110 εύ-

332 4147 670 4219 αγγελιστὴς
713 4147 1122 4218 διῖσχυρίσατο,
1169 4147 1332 4211 αὐτὸς
1380 4147 1440 4200 δὲ
1489 4147 1604 4220 ᾔδει
1644 4147 1698 4202 τί
1745 4147 1940 4219 ἔμελλε

334 4243 534 4295 ποιεῖν.
573 4240 650 4294 Τὸ
682 4239 742 4293 δὲ
776 4257 795 4290 ι
819 4238 992 4293 Πόθεν
1024 4237 1374 4310 ἀγοράσομεν
1403 4257 1422 4290 ι
1455 4238 1651 4308 λέγων,
1680 4238 1790 4293 τῶν
1815 4257 1939 4292 συν-

337 4336 513 4389 όντων
534 4331 686 4403 αύτῷ
713 4332 776 4385 τὸ
808 4331 1256 4402 ἀφιλοχρήματον
1275 4372 1289 4397 ,
1320 4331 1416 4386 καὶ
1443 4331 1540 4403 τὴν
1570 4330 1818 4386 ἑκούσιον
1849 4331 1937 4386 διά

331 4427 470 4482 Θεὸν
498 4424 776 4496 πτωχείαν
798 4423 1151 4490 ἐπιδεικνύει,
1171 4424 1284 4478 οὐδ’
1310 4423 1436 4478 ὅσον
1464 4425 1546 4487 είς
1575 4423 1638 4477 τὸ
1664 4423 1935 4495 πρίασθαι

2047 3249 2212 3306 quam
2262 3233 2494 3290 decebat
2539 3245 2629 3286 res
2672 3230 2891 3286 divinas
2929 3235 3190 3300 caperet,
3232 3228 3441 3283 idcirco
3472 3227 3646 3282 inter-

2047 3325 2389 3397 rogationem
2415 3322 2692 3396 proponit,
2716 3321 3049 3393 discipulum
3076 3321 3145 3376 ad
3176 3321 3337 3376 fidem
3351 3333 3643 3376 exercens.

2047 3417 2165 3475 IIoc
2203 3419 2347 3475 enim
2376 3417 2682 3489 signiﬁcat,
2739 3417 2833 3472 illa
2865 3429 2995 3480 vox,
3029 3433 3049 3468 ι
3072 3421 3314 3480 tentans,
3346 3431 3366 3466 ι
3400 3412 3642 3477 tametsi,

2047 3520 2108 3567 ιιι
2133 3511 2332 3566 asserit
2347 3511 2544 3567 beatus
2564 3509 2930 3581 evangelista,
2953 3508 3075 3579 ipse
3099 3507 3314 3565 sciebat
3340 3504 3472 3577 quid
3492 3511 3644 3562 esset

2045 3600 2316 3657 facturus.
2343 3599 2480 3656 Cum
2506 3609 2688 3656 autem
2718 3600 2834 3669 ait,
2875 3618 2896 3653 ι
2932 3595 3091 3655 Unde
3116 3613 3386 3664 ememus,
3413 3616 3432 3650 ι
3461 3597 3635 3653 disci-

2044 3695 2300 3764 pulorum
2327 3693 2690 3765 pecuniarum
2717 3700 3098 3764 contemptum
3119 3732 3134 3757 ,
3179 3700 3236 3746 et
3266 3691 3636 3746 voluntariam

2044 3784 2209 3855 2³17
2261 3793 2487 3856 propter
2525 3785 2693 3842 Deum
2736 3792 3115 3857 paupertatem
3155 3783 3388 3849 indicat,
3421 3783 3516 3854 qui
3568 3798 3640 3838 ne

2044 3873 2313 3929 haberent
2342 3874 2563 3944 quidem
2603 3875 2752 3930 unde
2781 3875 3132 3931 necessarios
3161 3872 3319 3928 cibos
3353 3879 3635 3928 emerent:

2043 3964 2321 4035 simulque
2342 3964 2491 4020 aliud
2524 3965 2786 4035 quiddam
2817 3947 3086 4036 sin'gulari
3119 3961 3636 4020 consilio-molitur.

2041 4055 2178 4111 Illud
2213 4056 2358 4111 enim
2390 4057 2748 4124 vocabulum,
2789 4057 3037 4123 «unde,»
3078 4071 3188 4110 non
3231 4054 3437 4108 frustra
3475 4053 3637 4122 poni-

2041 4157 2154 4214 tur,
2190 4148 2351 4218 quasi
2381 4147 2593 4203 dictum
2625 4147 2698 4204 sit
2729 4147 2797 4202 ad
2829 4161 2925 4203 eos
2955 4145 3048 4216 qui
3077 4144 3212 4199 nihil
3244 4144 3408 4214 plane
3437 4141 3638 4198 all'errc

2041 4247 2395 4306 curaverant,
2425 4239 2521 4297 sed
2555 4247 2610 4296 et
2650 4239 2744 4312 qui
2779 4238 3074 4310 pecuniam
3115 4251 3350 4306 prorsus
3384 4244 3638 4291 contem-

2038 4349 2174 4390 nere
2218 4332 2491 4390 solebant.
2533 4331 2644 4404 Spe
2677 4332 2851 4403 igitur
2880 4331 2936 4386 in
2972 4330 3230 4404 pecuniis
3272 4328 3454 4400 posita
3492 4328 3637 4384 scite

2040 4424 2338 4480 admodum
2371 4424 2596 4481 exclusa
2631 4432 2687 4480 et
2724 4429 3029 4495 amputata,
3084 4422 3210 4478 illos
3243 4437 3311 4476 eo
3345 4434 3637 4491 propemo~

331 4521 432 4585 τὰς
464 4518 774 4588 ἀναγκαίας
826 4517 1059 4588 ἑχόντων
1092 4517 1302 4588 τροφάς
1327 4532 1342 4547 ·
1377 4515 1516 4587 όμοῢ
1547 4515 1606 4570 δέ
1660 4533 1716 4569 τι
1757 4516 1935 4588 τούτῳ

2056 4520 2172 4576 lum
2203 4519 2376 4590 adigit
2411 4525 2471 4573 ut
2502 4518 2558 4573 in
2587 4517 2837 4572 animum
2869 4514 3138 4571 inducant
3172 4514 3329 4570 cibos
3369 4513 3633 4570 ineffabili

335 4610 811 4686 προσεργάζεται,
861 4612 958 4664 καὶ
1003 4610 1093 4665 διὰ
1135 4610 1334 4680 τέχνης
1369 4609 1668 4679 οίκονομετ.
1717 4608 1793 4662 Τὸ
1823 4609 1934 4680 γὰρ

2056 4613 2247 4668 virtute
2285 4626 2350 4668 ac
2392 4610 2640 4681 potentia
2673 4609 2912 4664 Domino
2945 4608 3220 4665 creandos
3251 4623 3398 4674 esse,
3432 4608 3501 4673 si,
3533 4607 3636 4661 ni-

336 4721 356 4755 ι
387 4703 558 4758 πόθεν
576 4744 592 4766 ,
621 4721 640 4756 ι
674 4703 737 4758 οὐ
767 4701 947 4774 μάτην
967 4741 981 4766 ,
1009 4701 1085 4765 ὡς
1119 4700 1257 4772 πρὸς
1279 4700 1433 4755 οὐδὲν
1454 4700 1596 4764 ὅλως
1619 4699 1936 4770 έπικομίξε-

2059 4704 2119 4758 til
2152 4717 2279 4759 eum
2319 4700 2662 4758 cibariorum
2700 4701 2796 4765 sit,
2833 4701 2983 4756 alere
3033 4709 3219 4755 tamen
3254 4701 3388 4755 velit
3438 4698 3633 4754 multi-

332 4795 461 4848 σθαι
499 4793 939 4865 μελετήσαντας,
962 4793 1100 4846 ἀλλά
1127 4793 1222 4846 καὶ
1256 4794 1336 4857 είς
1365 4791 1504 4860 ἀγαν
1529 4792 1929 4864 ἀφιλαργυρεϊν

2056 4795 2288 4850 .udinem
2324 4806 2447 4865 quae
2475 4793 2544 4848 ad
2578 4809 2704 4849 eum
2731 4792 3097 4849 conﬂuxerat.
3131 4790 3247 4848 Hoc
3280 4791 3429 4847 enim
3460 4806 3632 4846 unum

329 4887 682 4958 εἴθισμένους
717 4890 901 4957 φησίν.
979 4884 1333 4949 Ἀποκλείσας
1359 4885 1424 4957 δὴ
1455 4880 1551 4940 οὖν
1590 4887 1686 4940 καὶ
1733 4887 1934 4941 ἀποτε-

2056 4887 2311 4951 'estabat,
2343 4893 2397 4942 et
2425 4885 2492 4940 ad
2527 4885 2704 4942 solam
2735 4900 2887 4956 spem
2919 4884 3189 4953 deinceps
3216 4885 3498 4954 respicere
3535 4899 3634 4939 eos

332 4978 455 5050 μὼν
486 4979 874 5048 εὐφυεστάτως
901 4977 1003 5050 τὴν
1035 4976 1125 5032 ἐπ’
1155 4976 1441 5048 ἀργυρίοις
1467 4977 1662 5032 ἐλπίδα
1684 5017 1701 5042 ,
1741 4993 1933 5048 μονον-

2056 4978 2320 5041 nonebat,
2347 4976 2512 5048 juxta
2544 4975 2680 5031 illud
2737 4975 2914 5032 Graeci
2959 4983 3136 5046 poetae
3181 4993 3196 5032 :
3237 5019 3252 5032 .
3295 5016 3308 5031 .
3351 5016 3367 5031 .
3410 5018 3424 5032 .
3467 5012 3484 5031 .
3524 4976 3634 5048 fcr-

327 5073 456 5143 ουχὶ⁸
493 5073 590 5125 καὶ
627 5070 918 5124 ἀναπείθει
964 5068 1153 5123 λοιπὸν
1201 5067 1290 5121 ἐπ’
1320 5069 1499 5123 ἐκεῖνο
1532 5068 1808 5139 βαδίζειν,
1843 5070 1927 5124 ὅτι

2056 5087 2184 5126 -ειιηι
2213 5069 2366 5124 ulcus
2399 5069 2755 5125 necessitatis.

324 5165 516 5235 δεήσει
549 5161 643 5215 τὸν
673 5159 915 5233 Κύριον,
956 5162 1005 5214 εί
1055 5160 1284 5232 μηδενὸς
1350 5160 1564 5223 ἐνόντος
1605 5161 1790 5225 αὐτοῖς
1856 5161 2192 5232 ἀποτρέφειν
2223 5159 2468 5230 βούλοιτο
2497 5153 2791 5231 τοὺςπρδς
2817 5158 2985 5215 αὐτὸν
3047 5161 3399 5234 ἐρχομένους,
3439 5161 3632 5234 ἀφάτῳ

328 5255 565 5325 δυνάμει
610 5251 708 5306 καὶ
744 5252 966 5323 ἐξουσίᾳ
1014 5251 1312 5324 θεοπρεπεί
1330 5250 1738 5322 δημιουργῆσαι
1764 5252 1993 5322 τροφάς.
2033 5251 2205 5305 Τοῦτο
2231 5249 2344 5322 γάρ
2369 5245 2438 5322 ἦν
2465 5249 2545 5304 ἔτι
2569 5249 2632 5304 τὸ
2661 5250 3013 5322 λειπόμενον,
3067 5252 3162 5306 καὶ
3189 5253 3271 5317 εἰς
3301 5252 3471 5322 μόνας
3499 5253 3634 5322 όρᾷν

327 5351 430 5416 τὰς
459 5349 713 5404 ἐντεῦθεν
756 5350 980 5414 ἐλπίδας
1019 5349 1206 5404 ἐκάλει
1248 5349 1436 5405 λοιπὸν
1467 5350 1612 5403 κατὰ
1648 5348 1775 5413 τοὺς
1817 5349 1948 5421 παρ’
1977 5349 2206 5421 Ἕλλησι
2233 5348 2483 5419 ποιητὰς,
2517 5387 2533 5403 .
2577 5388 2592 5403 .
2635 5389 2650 5402 .
2692 5389 2705 5402 .
2751 5389 2766 5403 .
2807 5347 3098 5418 σιδήρεον
3120 5347 3302 5414 ἕλκος
3338 5346 3630 5416 ἀνάγκης.

2105 5462 2194 5526 VI,
2226 5464 2282 5518 7.
2337 5464 2698 5519 Ducentorum
2751 5464 3099 5518 denariorum
3137 5478 3304 5530 panes
3355 5475 3459 5514 non
3513 5459 3629 5531 suf-

2033 5553 2222 5623 ﬁciunt
2274 5555 2392 5624 eis,
2464 5563 2523 5608 ut
2572 5553 2934 5625 unusquisque
2985 5549 3254 5606 modicum
3303 5547 3431 5620 quid
3488 5548 3635 5604 acci-

2037 5646 2174 5714 piat.

404 5464 743 5517 Διακοσίων
767 5463 1072 5532 δηναρίων
1107 5464 1275 5532 aptat.
1321 5464 1435 5520 οὐκ
1474 5463 1776 5534 ἀρκοῦσιν
1820 5465 1920 5520 αὺ-

329 5551 480 5620 τοῖς,
511 5552 614 5606 ἵνα
633 5552 894 5622 ἕκαστος
918 5555 1120 5625 βραχύ
1145 5572 1198 5609 τι
1219 5553 1396 5625 λάϐῃ.

408 5813 454 5847 θ’
501 5817 659 5874 Prov.
707 5834 758 5885 ς,
791 5819 842 5874 3.
896 5825 937 5856 ἰ
992 5817 1137 5874 I'sal.
1170 5831 1321 5884 thv,
1359 5819 1442 5874 10.
1525 5818 1562 5850 ε’
1592 5817 1749 5874 .loan.
1784 5833 1856 5886 rt,
1888 5817 1952 5876 55

2067 5819 2294 5878 "Joan.
2331 5837 2443 5889 xxv,
2487 5821 2540 5878 8.
2619 5819 2822 5876 “ibid.
2854 5819 2906 5876 9.
