  <div class='ocr_page' id='page_1' title='image "/cluster/home/n/w/nwhite01/storage/ocr_20150623/73:no.6/coo.31924054869692/231.png"; bbox 0 0 4052 6508; ppageno 0'>
   <div class='ocr_carea' id='block_1_1' title="bbox 436 323 539 379">
    <p class='ocr_par' dir='ltr' id='par_1_1' title="bbox 436 323 539 379">
     <span class='ocr_line' id='line_1_1' title="bbox 436 323 539 379; baseline -0.039 0"><span class='ocrx_word' id='word_1_1' title='bbox 436 323 539 379; x_wconf 68' lang='grc' dir='ltr'><strong>ιιι</strong></span> 
     </span>
    </p>
   </div>
   <div class='ocr_carea' id='block_1_2' title="bbox 436 522 2017 599">
    <p class='ocr_par' dir='ltr' id='par_1_2' title="bbox 436 522 2017 599">
     <span class='ocr_line' id='line_1_2' title="bbox 436 522 2017 599; baseline -0.001 -17"><span class='ocrx_word' id='word_1_2' title='bbox 436 543 606 599; x_wconf 81' lang='lat' dir='ltr'><strong>porro</strong></span> <span class='ocrx_word' id='word_1_3' title='bbox 634 525 825 582; x_wconf 78' lang='lat' dir='ltr'><strong>Jesum</strong></span> <span class='ocrx_word' id='word_1_4' title='bbox 872 533 1076 580; x_wconf 81' lang='lat' dir='ltr'><strong>cuneta</strong></span> <span class='ocrx_word' id='word_1_5' title='bbox 1131 538 1315 592; x_wconf 89' lang='lat' dir='ltr'><strong>posse,</strong></span> <span class='ocrx_word' id='word_1_6' title='bbox 1348 524 1519 593; x_wconf 98' lang='lat' dir='ltr'><strong>idque</strong></span> <span class='ocrx_word' id='word_1_7' title='bbox 1560 522 1745 590; x_wconf 80' lang='lat' dir='ltr'><strong>facile,</strong></span> <span class='ocrx_word' id='word_1_8' title='bbox 1781 525 1876 580; x_wconf 90' lang='lat' dir='ltr'><strong>sed</strong></span> <span class='ocrx_word' id='word_1_9' title='bbox 1927 525 2017 581; x_wconf 87' lang='lat' dir='ltr'><strong>ubi</strong></span> 
     </span>
    </p>
   </div>
   <div class='ocr_carea' id='block_1_3' title="bbox 438 613 2017 683">
    <p class='ocr_par' dir='ltr' id='par_1_3' title="bbox 438 613 2017 683">
     <span class='ocr_line' id='line_1_3' title="bbox 438 613 2017 683; baseline 0 -10"><span class='ocrx_word' id='word_1_10' title='bbox 438 619 634 683; x_wconf 92' lang='lat' dir='ltr'><strong>audiit,</strong></span> <span class='ocrx_word' id='word_1_11' title='bbox 667 637 687 670; x_wconf 82' lang='grc' dir='ltr'>ι</span> <span class='ocrx_word' id='word_1_12' title='bbox 723 616 880 672; x_wconf 83' lang='lat' dir='ltr'><strong>Unde</strong></span> <span class='ocrx_word' id='word_1_13' title='bbox 909 626 1181 680; x_wconf 73' lang='lat' dir='ltr'><strong>amemus,</strong></span> <span class='ocrx_word' id='word_1_14' title='bbox 1201 613 1424 673; x_wconf 61' lang='lat' dir='ltr'><strong>astatim</strong></span> <span class='ocrx_word' id='word_1_15' title='bbox 1452 613 1521 668; x_wconf 82' lang='lat' dir='ltr'><strong>ad</strong></span> <span class='ocrx_word' id='word_1_16' title='bbox 1548 630 1673 670; x_wconf 81' lang='lat' dir='ltr'><strong>eum</strong></span> <span class='ocrx_word' id='word_1_17' title='bbox 1698 615 2017 673; x_wconf 71' lang='lat' dir='ltr'><strong>tentandum</strong></span> 
     </span>
    </p>
   </div>
   <div class='ocr_carea' id='block_1_4' title="bbox 439 704 2019 781">
    <p class='ocr_par' dir='ltr' id='par_1_4' title="bbox 439 704 2019 781">
     <span class='ocr_line' id='line_1_4' title="bbox 439 704 2019 781; baseline -0.003 -14"><span class='ocrx_word' id='word_1_18' title='bbox 439 712 678 781; x_wconf 77' lang='lat' dir='ltr'><strong>rapitur,</strong></span> <span class='ocrx_word' id='word_1_19' title='bbox 722 718 779 764; x_wconf 86' lang='lat' dir='ltr'><strong>et</strong></span> <span class='ocrx_word' id='word_1_20' title='bbox 831 704 1098 778; x_wconf 78' lang='lat' dir='ltr'><strong>pecunias</strong></span> <span class='ocrx_word' id='word_1_21' title='bbox 1156 712 1371 761; x_wconf 89' lang='lat' dir='ltr'><strong>tantum</strong></span> <span class='ocrx_word' id='word_1_22' title='bbox 1421 705 1687 773; x_wconf 79' lang='lat' dir='ltr'><strong>somniat,</strong></span> <span class='ocrx_word' id='word_1_23' title='bbox 1739 720 1862 761; x_wconf 90' lang='lat' dir='ltr'><strong>cum</strong></span> <span class='ocrx_word' id='word_1_24' title='bbox 1907 723 2019 763; x_wconf 85' lang='lat' dir='ltr'><strong>non</strong></span> 
     </span>
    </p>
   </div>
   <div class='ocr_carea' id='block_1_5' title="bbox 439 794 2017 868">
    <p class='ocr_par' dir='ltr' id='par_1_5' title="bbox 439 794 2017 868">
     <span class='ocr_line' id='line_1_5' title="bbox 439 794 2017 868; baseline -0.003 -13"><span class='ocrx_word' id='word_1_25' title='bbox 439 800 599 855; x_wconf 79' lang='lat' dir='ltr'><strong>aliter</strong></span> <span class='ocrx_word' id='word_1_26' title='bbox 646 813 761 854; x_wconf 86' lang='lat' dir='ltr'><strong>rem</strong></span> <span class='ocrx_word' id='word_1_27' title='bbox 808 812 913 868; x_wconf 77' lang='lat' dir='ltr'><strong>pro</strong></span> <span class='ocrx_word' id='word_1_28' title='bbox 963 811 1068 853; x_wconf 87' lang='lat' dir='ltr'><strong>sua</strong></span> <span class='ocrx_word' id='word_1_29' title='bbox 1109 804 1308 854; x_wconf 83' lang='lat' dir='ltr'><strong>natura</strong></span> <span class='ocrx_word' id='word_1_30' title='bbox 1338 794 1646 866; x_wconf 81' lang='lat' dir='ltr'><strong>perfectum</strong></span> <span class='ocrx_word' id='word_1_31' title='bbox 1677 796 1747 851; x_wconf 92' lang='lat' dir='ltr'><strong>iri</strong></span> <span class='ocrx_word' id='word_1_32' title='bbox 1778 804 2017 868; x_wconf 84' lang='lat' dir='ltr'><strong>putaret,</strong></span> 
     </span>
    </p>
   </div>
   <div class='ocr_carea' id='block_1_6' title="bbox 436 888 2019 963">
    <p class='ocr_par' dir='ltr' id='par_1_6' title="bbox 436 888 2019 963">
     <span class='ocr_line' id='line_1_6' title="bbox 436 888 2019 963; baseline -0.003 -16"><span class='ocrx_word' id='word_1_33' title='bbox 436 906 599 963; x_wconf 79' lang='lat' dir='ltr'><strong>quam</strong></span> <span class='ocrx_word' id='word_1_34' title='bbox 629 892 675 946; x_wconf 87' lang='lat' dir='ltr'><strong>si</strong></span> <span class='ocrx_word' id='word_1_35' title='bbox 712 889 996 946; x_wconf 79' lang='lat' dir='ltr'><strong>communi</strong></span> <span class='ocrx_word' id='word_1_36' title='bbox 1026 889 1269 958; x_wconf 89' lang='lat' dir='ltr'><strong>tritaque</strong></span> <span class='ocrx_word' id='word_1_37' title='bbox 1299 888 1437 959; x_wconf 74' lang='lat' dir='ltr'><strong>lege.</strong></span> <span class='ocrx_word' id='word_1_38' title='bbox 1468 895 1724 959; x_wconf 77' lang='lat' dir='ltr'><strong>sumptus</strong></span> <span class='ocrx_word' id='word_1_39' title='bbox 1756 888 2019 943; x_wconf 84' lang='lat' dir='ltr'><strong>nimirum</strong></span> 
     </span>
    </p>
   </div>
   <div class='ocr_carea' id='block_1_7' title="bbox 437 980 2021 1053">
    <p class='ocr_par' dir='ltr' id='par_1_7' title="bbox 437 980 2021 1053">
     <span class='ocr_line' id='line_1_7' title="bbox 437 980 2021 1053; baseline -0.001 -16"><span class='ocrx_word' id='word_1_40' title='bbox 437 997 666 1053; x_wconf 77' lang='lat' dir='ltr'><strong>magnos</strong></span> <span class='ocrx_word' id='word_1_41' title='bbox 698 981 981 1037; x_wconf 74' lang='lat' dir='ltr'><strong>faciendo.</strong></span> <span class='ocrx_word' id='word_1_42' title='bbox 1012 982 1360 1051; x_wconf 77' lang='lat' dir='ltr'><strong>Quapropter</strong></span> <span class='ocrx_word' id='word_1_43' title='bbox 1387 980 1434 1035; x_wconf 90' lang='lat' dir='ltr'><strong>si</strong></span> <span class='ocrx_word' id='word_1_44' title='bbox 1480 980 1885 1050; x_wconf 88' lang='lat' dir='ltr'><strong>discipulorum</strong></span> <span class='ocrx_word' id='word_1_45' title='bbox 1927 996 2021 1051; x_wconf 85' lang='lat' dir='ltr'><strong>pe-</strong></span> 
     </span>
    </p>
   </div>
   <div class='ocr_carea' id='block_1_8' title="bbox 436 1072 2019 1143">
    <p class='ocr_par' dir='ltr' id='par_1_8' title="bbox 436 1072 2019 1143">
     <span class='ocr_line' id='line_1_8' title="bbox 436 1072 2019 1143; baseline -0.001 -13"><span class='ocrx_word' id='word_1_46' title='bbox 436 1076 729 1130; x_wconf 84' lang='lat' dir='ltr'><strong>cuniarum</strong></span> <span class='ocrx_word' id='word_1_47' title='bbox 777 1082 1159 1143; x_wconf 85' lang='lat' dir='ltr'><strong>contemptqu</strong></span> <span class='ocrx_word' id='word_1_48' title='bbox 1214 1072 1618 1143; x_wconf 85' lang='lat' dir='ltr'><strong>respiciamus,</strong></span> <span class='ocrx_word' id='word_1_49' title='bbox 1666 1079 1724 1127; x_wconf 86' lang='lat' dir='ltr'><strong>et</strong></span> <span class='ocrx_word' id='word_1_50' title='bbox 1769 1072 2019 1129; x_wconf 81' lang='lat' dir='ltr'><strong>omnium</strong></span> 
     </span>
    </p>
   </div>
   <div class='ocr_carea' id='block_1_9' title="bbox 436 1165 2020 1239">
    <p class='ocr_par' dir='ltr' id='par_1_9' title="bbox 436 1165 2020 1239">
     <span class='ocr_line' id='line_1_9' title="bbox 436 1165 2020 1239; baseline -0.004 -15"><span class='ocrx_word' id='word_1_51' title='bbox 436 1183 620 1224; x_wconf 78' lang='lat' dir='ltr'><strong>rerum</strong></span> <span class='ocrx_word' id='word_1_52' title='bbox 668 1168 984 1239; x_wconf 84' lang='lat' dir='ltr'><strong>penuriam,</strong></span> <span class='ocrx_word' id='word_1_53' title='bbox 1020 1166 1304 1237; x_wconf 82' lang='lat' dir='ltr'><strong>ipsamque</strong></span> <span class='ocrx_word' id='word_1_54' title='bbox 1334 1165 1573 1236; x_wconf 84' lang='lat' dir='ltr'><strong>Philippi</strong></span> <span class='ocrx_word' id='word_1_55' title='bbox 1625 1172 1888 1229; x_wconf 84' lang='lat' dir='ltr'><strong>mentem,</strong></span> <span class='ocrx_word' id='word_1_56' title='bbox 1928 1165 2020 1219; x_wconf 91' lang='lat' dir='ltr'><strong>cui</strong></span> 
     </span>
    </p>
   </div>
   <div class='ocr_carea' id='block_1_10' title="bbox 438 1257 2020 1328">
    <p class='ocr_par' dir='ltr' id='par_1_10' title="bbox 438 1257 2020 1328">
     <span class='ocr_line' id='line_1_10' title="bbox 438 1257 2020 1328; baseline -0.002 -13"><span class='ocrx_word' id='word_1_57' title='bbox 438 1262 686 1316; x_wconf 89' lang='lat' dir='ltr'><strong>nondum</strong></span> <span class='ocrx_word' id='word_1_58' title='bbox 738 1260 1009 1314; x_wconf 86' lang='lat' dir='ltr'><strong>immensa</strong></span> <span class='ocrx_word' id='word_1_59' title='bbox 1057 1259 1149 1313; x_wconf 84' lang='lat' dir='ltr'><strong>illa</strong></span> <span class='ocrx_word' id='word_1_60' title='bbox 1202 1258 1506 1314; x_wconf 88' lang='lat' dir='ltr'><strong>Salvatoris</strong></span> <span class='ocrx_word' id='word_1_61' title='bbox 1556 1258 1733 1313; x_wconf 88' lang='lat' dir='ltr'><strong>nostri</strong></span> <span class='ocrx_word' id='word_1_62' title='bbox 1779 1257 2020 1328; x_wconf 82' lang='lat' dir='ltr'><strong>dignitas</strong></span> 
     </span>
    </p>
   </div>
   <div class='ocr_carea' id='block_1_11' title="bbox 438 1350 2022 1424">
    <p class='ocr_par' dir='ltr' id='par_1_11' title="bbox 438 1350 2022 1424">
     <span class='ocr_line' id='line_1_11' title="bbox 438 1350 2022 1424; baseline -0.002 -18"><span class='ocrx_word' id='word_1_63' title='bbox 438 1354 684 1424; x_wconf 80' lang='lat' dir='ltr'><strong>patebat,</strong></span> <span class='ocrx_word' id='word_1_64' title='bbox 713 1352 963 1408; x_wconf 79' lang='lat' dir='ltr'><strong>exerceri</strong></span> <span class='ocrx_word' id='word_1_65' title='bbox 1001 1354 1189 1420; x_wconf 83' lang='lat' dir='ltr'><strong>utique</strong></span> <span class='ocrx_word' id='word_1_66' title='bbox 1236 1367 1348 1406; x_wconf 85' lang='lat' dir='ltr'><strong>non</strong></span> <span class='ocrx_word' id='word_1_67' title='bbox 1381 1359 1564 1423; x_wconf 81' lang='lat' dir='ltr'><strong>potest</strong></span> <span class='ocrx_word' id='word_1_68' title='bbox 1590 1366 1725 1421; x_wconf 74' lang='lat' dir='ltr'><strong>erga</strong></span> <span class='ocrx_word' id='word_1_69' title='bbox 1773 1350 2022 1404; x_wconf 55' lang='lat' dir='ltr'><strong>multitu-</strong></span> 
     </span>
    </p>
   </div>
   <div class='ocr_carea' id='block_1_12' title="bbox 437 1439 2019 1518">
    <p class='ocr_par' dir='ltr' id='par_1_12' title="bbox 437 1439 2019 1518">
     <span class='ocr_line' id='line_1_12' title="bbox 437 1439 2019 1518; baseline -0.003 -20"><span class='ocrx_word' id='word_1_70' title='bbox 437 1444 627 1498; x_wconf 89' lang='lat' dir='ltr'><strong>dinem</strong></span> <span class='ocrx_word' id='word_1_71' title='bbox 658 1458 721 1499; x_wconf 82' lang='lat' dir='ltr'><strong>ea</strong></span> <span class='ocrx_word' id='word_1_72' title='bbox 750 1442 1076 1497; x_wconf 88' lang='lat' dir='ltr'><strong>liberalitas.</strong></span> <span class='ocrx_word' id='word_1_73' title='bbox 1112 1440 1219 1518; x_wconf 79' lang='lat' dir='ltr'><strong>Sed</strong></span> <span class='ocrx_word' id='word_1_74' title='bbox 1254 1456 1365 1495; x_wconf 89' lang='lat' dir='ltr'><strong>non</strong></span> <span class='ocrx_word' id='word_1_75' title='bbox 1411 1441 1489 1495; x_wconf 87' lang='lat' dir='ltr'><strong>ita</strong></span> <span class='ocrx_word' id='word_1_76' title='bbox 1526 1439 1622 1494; x_wconf 84' lang='lat' dir='ltr'><strong>lit:</strong></span> <span class='ocrx_word' id='word_1_77' title='bbox 1667 1440 1777 1494; x_wconf 88' lang='lat' dir='ltr'><strong>imo</strong></span> <span class='ocrx_word' id='word_1_78' title='bbox 1808 1440 2019 1495; x_wconf 78' lang='lat' dir='ltr'><strong>exitum</strong></span> 
     </span>
    </p>
   </div>
   <div class='ocr_carea' id='block_1_13' title="bbox 439 1529 2019 1605">
    <p class='ocr_par' dir='ltr' id='par_1_13' title="bbox 439 1529 2019 1605">
     <span class='ocr_line' id='line_1_13' title="bbox 439 1529 2019 1605; baseline -0.001 -15"><span class='ocrx_word' id='word_1_79' title='bbox 439 1537 673 1590; x_wconf 88' lang='lat' dir='ltr'><strong>sortitur</strong></span> <span class='ocrx_word' id='word_1_80' title='bbox 725 1534 1101 1605; x_wconf 88' lang='lat' dir='ltr'><strong>quodcunque</strong></span> <span class='ocrx_word' id='word_1_81' title='bbox 1157 1532 1443 1589; x_wconf 89' lang='lat' dir='ltr'><strong>Servatori</strong></span> <span class='ocrx_word' id='word_1_82' title='bbox 1504 1531 1795 1602; x_wconf 79' lang='lat' dir='ltr'><strong>placuerit.</strong></span> <span class='ocrx_word' id='word_1_83' title='bbox 1860 1529 2019 1597; x_wconf 85' lang='lat' dir='ltr'><strong>Quod</strong></span> 
     </span>
    </p>
   </div>
   <div class='ocr_carea' id='block_1_14' title="bbox 436 1619 2022 1692">
    <p class='ocr_par' dir='ltr' id='par_1_14' title="bbox 436 1619 2022 1692">
     <span class='ocr_line' id='line_1_14' title="bbox 436 1619 2022 1692; baseline -0.003 -14"><span class='ocrx_word' id='word_1_84' title='bbox 436 1625 586 1678; x_wconf 89' lang='lat' dir='ltr'><strong>enim</strong></span> <span class='ocrx_word' id='word_1_85' title='bbox 636 1622 981 1692; x_wconf 85' lang='lat' dir='ltr'><strong>impossibile</strong></span> <span class='ocrx_word' id='word_1_86' title='bbox 1031 1628 1115 1677; x_wconf 89' lang='lat' dir='ltr'><strong>est</strong></span> <span class='ocrx_word' id='word_1_87' title='bbox 1150 1621 1294 1691; x_wconf 90' lang='lat' dir='ltr'><strong>apud</strong></span> <span class='ocrx_word' id='word_1_88' title='bbox 1329 1619 1607 1685; x_wconf 89' lang='lat' dir='ltr'><strong>homines,</strong></span> <span class='ocrx_word' id='word_1_89' title='bbox 1638 1619 1905 1691; x_wconf 78' lang='lat' dir='ltr'><strong>possibile</strong></span> <span class='ocrx_word' id='word_1_90' title='bbox 1937 1625 2022 1675; x_wconf 88' lang='lat' dir='ltr'><strong>est</strong></span> 
     </span>
    </p>
   </div>
   <div class='ocr_carea' id='block_1_15' title="bbox 438 1709 2022 1781">
    <p class='ocr_par' dir='ltr' id='par_1_15' title="bbox 438 1709 2022 1781">
     <span class='ocr_line' id='line_1_15' title="bbox 438 1709 2022 1781; baseline -0.002 -15"><span class='ocrx_word' id='word_1_91' title='bbox 438 1712 583 1781; x_wconf 89' lang='lat' dir='ltr'><strong>apud</strong></span> <span class='ocrx_word' id='word_1_92' title='bbox 624 1710 794 1767; x_wconf 90' lang='lat' dir='ltr'><strong>Deum</strong></span> <span class='ocrx_word' id='word_1_93' title='bbox 824 1713 895 1775; x_wconf 79' lang='lat'><strong>“,</strong></span> <span class='ocrx_word' id='word_1_94' title='bbox 931 1719 987 1768; x_wconf 89' lang='lat' dir='ltr'><strong>et</strong></span> <span class='ocrx_word' id='word_1_95' title='bbox 1020 1726 1206 1767; x_wconf 90' lang='lat' dir='ltr'><strong>rerum</strong></span> <span class='ocrx_word' id='word_1_96' title='bbox 1243 1710 1583 1766; x_wconf 82' lang='lat' dir='ltr'><strong>naturalium</strong></span> <span class='ocrx_word' id='word_1_97' title='bbox 1618 1709 1817 1765; x_wconf 88' lang='lat' dir='ltr'><strong>ordine</strong></span> <span class='ocrx_word' id='word_1_98' title='bbox 1857 1709 2022 1763; x_wconf 85' lang='lat' dir='ltr'><strong>undi-</strong></span> 
     </span>
    </p>
   </div>
   <div class='ocr_carea' id='block_1_16' title="bbox 435 1788 2096 1875">
    <p class='ocr_par' dir='ltr' id='par_1_16' title="bbox 435 1788 2096 1875">
     <span class='ocr_line' id='line_1_16' title="bbox 435 1788 2096 1875; baseline 0 -18"><span class='ocrx_word' id='word_1_99' title='bbox 435 1818 547 1874; x_wconf 86' lang='lat' dir='ltr'><strong>que</strong></span> <span class='ocrx_word' id='word_1_100' title='bbox 594 1804 780 1875; x_wconf 91' lang='lat' dir='ltr'><strong>potior</strong></span> <span class='ocrx_word' id='word_1_101' title='bbox 805 1812 893 1860; x_wconf 92' lang='lat' dir='ltr'><strong>est</strong></span> <span class='ocrx_word' id='word_1_102' title='bbox 923 1803 1019 1859; x_wconf 88' lang='lat' dir='ltr'><strong>Dei</strong></span> <span class='ocrx_word' id='word_1_103' title='bbox 1062 1804 1259 1867; x_wconf 89' lang='lat' dir='ltr'><strong>virtus,</strong></span> <span class='ocrx_word' id='word_1_104' title='bbox 1289 1818 1414 1873; x_wconf 63' lang='lat' dir='ltr'><strong>quae</strong></span> <span class='ocrx_word' id='word_1_105' title='bbox 1459 1803 1789 1860; x_wconf 85' lang='lat' dir='ltr'><strong>mirabiliter</strong></span> <span class='ocrx_word' id='word_1_106' title='bbox 1818 1813 2022 1859; x_wconf 89' lang='lat' dir='ltr'><strong>cuncta</strong></span> <span class='ocrx_word' id='word_1_107' title='bbox 2056 1788 2096 1843; x_wconf 74' lang='grc' dir='ltr'><strong><em>Β</em></strong></span> 
     </span>
    </p>
   </div>
   <div class='ocr_carea' id='block_1_17' title="bbox 438 1895 2021 1965">
    <p class='ocr_par' dir='ltr' id='par_1_17' title="bbox 438 1895 2021 1965">
     <span class='ocr_line' id='line_1_17' title="bbox 438 1895 2021 1965; baseline -0.003 -15"><span class='ocrx_word' id='word_1_108' title='bbox 438 1895 622 1951; x_wconf 75' lang='lat' dir='ltr'><strong>facere</strong></span> <span class='ocrx_word' id='word_1_109' title='bbox 653 1902 857 1965; x_wconf 84' lang='lat' dir='ltr'><strong>potest,</strong></span> <span class='ocrx_word' id='word_1_110' title='bbox 906 1896 1077 1950; x_wconf 89' lang='lat' dir='ltr'><strong>etiam</strong></span> <span class='ocrx_word' id='word_1_111' title='bbox 1108 1908 1459 1964; x_wconf 66' lang='lat' dir='ltr'><strong>quascunque</strong></span> <span class='ocrx_word' id='word_1_112' title='bbox 1501 1900 1742 1948; x_wconf 86' lang='lat' dir='ltr'><strong>mentem</strong></span> <span class='ocrx_word' id='word_1_113' title='bbox 1772 1899 2021 1948; x_wconf 89' lang='lat' dir='ltr'><strong>nostram</strong></span> 
     </span>
    </p>
   </div>
   <div class='ocr_carea' id='block_1_18' title="bbox 436 1986 732 2044">
    <p class='ocr_par' dir='ltr' id='par_1_18' title="bbox 436 1986 732 2044">
     <span class='ocr_line' id='line_1_18' title="bbox 436 1986 732 2044; baseline 0.003 -2"><span class='ocrx_word' id='word_1_114' title='bbox 436 1986 732 2044; x_wconf 81' lang='lat' dir='ltr'><strong>excedunt.</strong></span> 
     </span>
    </p>
   </div>
   <div class='ocr_carea' id='block_1_19' title="bbox 511 2163 2025 2236">
    <p class='ocr_par' dir='ltr' id='par_1_19' title="bbox 511 2163 2025 2236">
     <span class='ocr_line' id='line_1_19' title="bbox 511 2163 2025 2236; baseline 0 -16"><span class='ocrx_word' id='word_1_115' title='bbox 511 2163 581 2230; x_wconf 79' lang='grc' dir='ltr'><strong>ν,</strong></span> <span class='ocrx_word' id='word_1_116' title='bbox 607 2164 663 2227; x_wconf 88' lang='lat'><strong>8,</strong></span> <span class='ocrx_word' id='word_1_117' title='bbox 690 2165 746 2221; x_wconf 90' lang='lat'><strong>9.</strong></span> <span class='ocrx_word' id='word_1_118' title='bbox 779 2165 921 2219; x_wconf 84' lang='lat' dir='ltr'><strong>Dicit</strong></span> <span class='ocrx_word' id='word_1_119' title='bbox 977 2167 1026 2220; x_wconf 88' lang='lat' dir='ltr'><strong>ei</strong></span> <span class='ocrx_word' id='word_1_120' title='bbox 1049 2181 1184 2220; x_wconf 80' lang='lat' dir='ltr'><strong>unus</strong></span> <span class='ocrx_word' id='word_1_121' title='bbox 1218 2181 1285 2220; x_wconf 73' lang='lat' dir='ltr'><strong>ex</strong></span> <span class='ocrx_word' id='word_1_122' title='bbox 1308 2164 1587 2236; x_wconf 78' lang='lat' dir='ltr'><strong>discipulis</strong></span> <span class='ocrx_word' id='word_1_123' title='bbox 1616 2165 1756 2236; x_wconf 80' lang='lat' dir='ltr'><strong>ejus,</strong></span> <span class='ocrx_word' id='word_1_124' title='bbox 1786 2164 2025 2221; x_wconf 74' lang='lat' dir='ltr'><strong>Andreas</strong></span> 
     </span>
    </p>
   </div>
   <div class='ocr_carea' id='block_1_20' title="bbox 441 2254 2029 2327">
    <p class='ocr_par' dir='ltr' id='par_1_20' title="bbox 441 2254 2029 2327">
     <span class='ocr_line' id='line_1_20' title="bbox 441 2254 2029 2327; baseline -0.001 -16"><span class='ocrx_word' id='word_1_125' title='bbox 441 2259 613 2327; x_wconf 76' lang='lat' dir='ltr'><strong>frater</strong></span> <span class='ocrx_word' id='word_1_126' title='bbox 649 2255 885 2313; x_wconf 76' lang='lat' dir='ltr'><strong>Simonis</strong></span> <span class='ocrx_word' id='word_1_127' title='bbox 929 2256 1078 2311; x_wconf 79' lang='lat' dir='ltr'><strong>Petri</strong></span> <span class='ocrx_word' id='word_1_128' title='bbox 1106 2272 1123 2310; x_wconf 92' lang='lat'><strong><em>:</em></strong></span> <span class='ocrx_word' id='word_1_129' title='bbox 1160 2256 1259 2312; x_wconf 81' lang='lat' dir='ltr'><strong>Est</strong></span> <span class='ocrx_word' id='word_1_130' title='bbox 1291 2272 1423 2325; x_wconf 83' lang='lat' dir='ltr'><strong>puer</strong></span> <span class='ocrx_word' id='word_1_131' title='bbox 1457 2274 1595 2312; x_wconf 75' lang='lat' dir='ltr'><strong>unus</strong></span> <span class='ocrx_word' id='word_1_132' title='bbox 1626 2257 1731 2319; x_wconf 77' lang='lat' dir='ltr'><strong>hic,</strong></span> <span class='ocrx_word' id='word_1_133' title='bbox 1756 2258 1845 2326; x_wconf 82' lang='lat' dir='ltr'><strong>qui</strong></span> <span class='ocrx_word' id='word_1_134' title='bbox 1874 2254 2029 2309; x_wconf 81' lang='lat' dir='ltr'><strong>habet</strong></span> 
     </span>
    </p>
   </div>
   <div class='ocr_carea' id='block_1_21' title="bbox 1444 313 2689 383">
    <p class='ocr_par' dir='ltr' id='par_1_21' title="bbox 1444 313 2689 383">
     <span class='ocr_line' id='line_1_21' title="bbox 1444 313 2689 383; baseline 0.002 -14"><span class='ocrx_word' id='word_1_135' title='bbox 1444 314 1500 371; x_wconf 91' lang='lat' dir='ltr'><strong>S.</strong></span> <span class='ocrx_word' id='word_1_136' title='bbox 1545 313 1823 373; x_wconf 73' lang='lat' dir='ltr'><strong>CYRILLI</strong></span> <span class='ocrx_word' id='word_1_137' title='bbox 1861 315 2331 383; x_wconf 69' lang='lat' dir='ltr'><strong>ALEXANDBINI</strong></span> <span class='ocrx_word' id='word_1_138' title='bbox 2374 316 2689 375; x_wconf 75' lang='lat' dir='ltr'><strong>ARCHIEP.</strong></span> 
     </span>
    </p>
   </div>
   <div class='ocr_carea' id='block_1_22' title="bbox 507 431 2095 508">
    <p class='ocr_par' dir='ltr' id='par_1_22' title="bbox 507 431 2095 508">
     <span class='ocr_line' id='line_1_22' title="bbox 507 431 2095 508; baseline -0.002 -18"><span class='ocrx_word' id='word_1_139' title='bbox 507 437 792 508; x_wconf 70' lang='lat' dir='ltr'><strong>Angustus</strong></span> <span class='ocrx_word' id='word_1_140' title='bbox 824 432 1045 505; x_wconf 79' lang='lat' dir='ltr'><strong>quidem</strong></span> <span class='ocrx_word' id='word_1_141' title='bbox 1080 431 1319 502; x_wconf 80' lang='lat' dir='ltr'><strong>Philippi</strong></span> <span class='ocrx_word' id='word_1_142' title='bbox 1366 431 1586 485; x_wconf 87' lang='lat' dir='ltr'><strong>animus</strong></span> <span class='ocrx_word' id='word_1_143' title='bbox 1622 447 1746 486; x_wconf 82' lang='lat' dir='ltr'><strong>non</strong></span> <span class='ocrx_word' id='word_1_144' title='bbox 1778 433 2019 503; x_wconf 86' lang='lat' dir='ltr'><strong>percipit</strong></span> <span class='ocrx_word' id='word_1_145' title='bbox 2050 447 2095 499; x_wconf 74' lang='grc' dir='ltr'>Α</span> 
     </span>
    </p>
   </div>
   <div class='ocr_carea' id='block_1_23' title="bbox 3610 322 3713 378">
    <p class='ocr_par' dir='ltr' id='par_1_23' title="bbox 3610 322 3713 378">
     <span class='ocr_line' id='line_1_23' title="bbox 3610 322 3713 378; baseline -0.01 0"><span class='ocrx_word' id='word_1_146' title='bbox 3610 322 3713 378; x_wconf 59' lang='lat' dir='ltr'><strong>L48</strong></span> 
     </span>
    </p>
   </div>
   <div class='ocr_carea' id='block_1_24' title="bbox 2204 428 3715 506">
    <p class='ocr_par' dir='ltr' id='par_1_24' title="bbox 2204 428 3715 506">
     <span class='ocr_line' id='line_1_24' title="bbox 2204 428 3715 506; baseline -0.002 -16"><span class='ocrx_word' id='word_1_147' title='bbox 2204 428 2477 506; x_wconf 82' lang='grc' dir='ltr'>’Δδρανῶς</span> <span class='ocrx_word' id='word_1_148' title='bbox 2514 435 2543 486; x_wconf 86' lang='grc' dir='ltr'><strong>δ</strong></span> <span class='ocrx_word' id='word_1_149' title='bbox 2573 433 2838 497; x_wconf 78' lang='grc' dir='ltr'>Φίλιππος</span> <span class='ocrx_word' id='word_1_150' title='bbox 2866 431 2966 486; x_wconf 87' lang='grc' dir='ltr'><strong>ούκ</strong></span> <span class='ocrx_word' id='word_1_151' title='bbox 3008 431 3101 486; x_wconf 67' lang='grc' dir='ltr'>ἐπὶ</span> <span class='ocrx_word' id='word_1_152' title='bbox 3138 432 3200 487; x_wconf 86' lang='grc' dir='ltr'><strong>τδ</strong></span> <span class='ocrx_word' id='word_1_153' title='bbox 3243 434 3421 488; x_wconf 86' lang='grc' dir='ltr'>πάντα</span> <span class='ocrx_word' id='word_1_154' title='bbox 3454 431 3715 487; x_wconf 83' lang='grc' dir='ltr'>δύνασθαι</span> 
     </span>
    </p>
   </div>
   <div class='ocr_carea' id='block_1_25' title="bbox 2127 523 3716 601">
    <p class='ocr_par' dir='ltr' id='par_1_25' title="bbox 2127 523 3716 601">
     <span class='ocr_line' id='line_1_25' title="bbox 2127 523 3716 601; baseline -0.004 -19"><span class='ocrx_word' id='word_1_155' title='bbox 2127 528 2221 582; x_wconf 78' lang='grc' dir='ltr'>καὶ</span> <span class='ocrx_word' id='word_1_156' title='bbox 2248 527 2369 581; x_wconf 89' lang='grc' dir='ltr'>λίαν</span> <span class='ocrx_word' id='word_1_157' title='bbox 2398 524 2756 601; x_wconf 23' lang='grc' dir='ltr'>εύκόλωςῐτὺν</span> <span class='ocrx_word' id='word_1_158' title='bbox 2800 524 3003 596; x_wconf 82' lang='grc' dir='ltr'><strong>Ἰησοῦν</strong></span> <span class='ocrx_word' id='word_1_159' title='bbox 3038 524 3319 583; x_wconf 76' lang='grc' dir='ltr'>ἀναϐαίνει</span> <span class='ocrx_word' id='word_1_160' title='bbox 3354 523 3517 578; x_wconf 74' lang='grc' dir='ltr'>πάλιν</span> <span class='ocrx_word' id='word_1_161' title='bbox 3537 563 3551 589; x_wconf 82' lang='grc'><strong>,</strong></span> <span class='ocrx_word' id='word_1_162' title='bbox 3578 523 3716 577; x_wconf 84' lang='grc' dir='ltr'>ἀλλὰ</span> 
     </span>
    </p>
   </div>
   <div class='ocr_carea' id='block_1_26' title="bbox 2123 615 3719 689">
    <p class='ocr_par' dir='ltr' id='par_1_26' title="bbox 2123 615 3719 689">
     <span class='ocr_line' id='line_1_26' title="bbox 2123 615 3719 689; baseline -0.004 -16"><span class='ocrx_word' id='word_1_163' title='bbox 2123 620 2187 673; x_wconf 82' lang='grc' dir='ltr'>τὸ</span> <span class='ocrx_word' id='word_1_164' title='bbox 2209 638 2228 668; x_wconf 76' lang='grc' dir='ltr'><strong>ι</strong></span> <span class='ocrx_word' id='word_1_165' title='bbox 2258 618 2428 672; x_wconf 84' lang='grc' dir='ltr'>Πόθεν</span> <span class='ocrx_word' id='word_1_166' title='bbox 2448 616 2793 688; x_wconf 81' lang='grc' dir='ltr'>ἀγοράσομεν</span> <span class='ocrx_word' id='word_1_167' title='bbox 2823 636 2843 667; x_wconf 73' lang='grc' dir='ltr'><strong>ι</strong></span> <span class='ocrx_word' id='word_1_168' title='bbox 2872 617 3112 680; x_wconf 82' lang='grc' dir='ltr'>ἀκούσας</span> <span class='ocrx_word' id='word_1_169' title='bbox 3139 615 3509 689; x_wconf 82' lang='grc' dir='ltr'>πειραστικῶς</span> <span class='ocrx_word' id='word_1_170' title='bbox 3535 624 3719 686; x_wconf 81' lang='grc' dir='ltr'>παρα-</span> 
     </span>
    </p>
   </div>
   <div class='ocr_carea' id='block_1_27' title="bbox 2125 700 3715 780">
    <p class='ocr_par' dir='ltr' id='par_1_27' title="bbox 2125 700 3715 780">
     <span class='ocr_line' id='line_1_27' title="bbox 2125 700 3715 780; baseline -0.001 -19"><span class='ocrx_word' id='word_1_171' title='bbox 2125 708 2319 779; x_wconf 82' lang='grc' dir='ltr'>χρῆμα</span> <span class='ocrx_word' id='word_1_172' title='bbox 2336 704 2759 777; x_wconf 69' lang='grc' dir='ltr'><strong>συναρπάζεται,</strong></span> <span class='ocrx_word' id='word_1_173' title='bbox 2792 706 2888 761; x_wconf 77' lang='grc' dir='ltr'>καὶ</span> <span class='ocrx_word' id='word_1_174' title='bbox 2913 708 2991 771; x_wconf 84' lang='grc' dir='ltr'><strong>εἰς</strong></span> <span class='ocrx_word' id='word_1_175' title='bbox 3017 708 3184 780; x_wconf 85' lang='grc' dir='ltr'>μόνην</span> <span class='ocrx_word' id='word_1_176' title='bbox 3209 708 3311 778; x_wconf 79' lang='grc' dir='ltr'>δρᾷ</span> <span class='ocrx_word' id='word_1_177' title='bbox 3330 705 3429 777; x_wconf 79' lang='grc' dir='ltr'><strong>τὴν</strong></span> <span class='ocrx_word' id='word_1_178' title='bbox 3459 700 3547 759; x_wconf 72' lang='grc' dir='ltr'><strong>διὰ</strong></span> <span class='ocrx_word' id='word_1_179' title='bbox 3575 721 3715 776; x_wconf 84' lang='grc' dir='ltr'>χρη-</span> 
     </span>
    </p>
   </div>
   <div class='ocr_carea' id='block_1_28' title="bbox 2129 795 3717 871">
    <p class='ocr_par' dir='ltr' id='par_1_28' title="bbox 2129 795 3717 871">
     <span class='ocr_line' id='line_1_28' title="bbox 2129 795 3717 871; baseline -0.004 -16"><span class='ocrx_word' id='word_1_180' title='bbox 2129 800 2318 871; x_wconf 80' lang='grc' dir='ltr'><strong>μάτων</strong></span> <span class='ocrx_word' id='word_1_181' title='bbox 2348 799 2488 867; x_wconf 80' lang='grc' dir='ltr'>ὁδὸν,</span> <span class='ocrx_word' id='word_1_182' title='bbox 2509 798 2609 870; x_wconf 89' lang='grc' dir='ltr'><strong>ούχ</strong></span> <span class='ocrx_word' id='word_1_183' title='bbox 2643 799 2844 869; x_wconf 77' lang='grc' dir='ltr'>ἑτέρως</span> <span class='ocrx_word' id='word_1_184' title='bbox 2869 797 3278 869; x_wconf 85' lang='grc' dir='ltr'>ἀνυσθήσεσθαι</span> <span class='ocrx_word' id='word_1_185' title='bbox 3294 796 3394 869; x_wconf 85' lang='grc' dir='ltr'>τὴν</span> <span class='ocrx_word' id='word_1_186' title='bbox 3420 795 3515 850; x_wconf 80' lang='grc' dir='ltr'>τοῦ</span> <span class='ocrx_word' id='word_1_187' title='bbox 3532 796 3717 867; x_wconf 83' lang='grc' dir='ltr'>πράγ-</span> 
     </span>
    </p>
   </div>
   <div class='ocr_carea' id='block_1_29' title="bbox 2128 887 3717 963">
    <p class='ocr_par' dir='ltr' id='par_1_29' title="bbox 2128 887 3717 963">
     <span class='ocr_line' id='line_1_29' title="bbox 2128 887 3717 963; baseline -0.003 -18"><span class='ocrx_word' id='word_1_188' title='bbox 2128 908 2297 963; x_wconf 87' lang='grc' dir='ltr'>ματος</span> <span class='ocrx_word' id='word_1_189' title='bbox 2343 891 2603 961; x_wconf 73' lang='grc' dir='ltr'>ἐννοήσας</span> <span class='ocrx_word' id='word_1_190' title='bbox 2662 889 2852 960; x_wconf 83' lang='grc' dir='ltr'>φύσιν,</span> <span class='ocrx_word' id='word_1_191' title='bbox 2883 890 2933 942; x_wconf 89' lang='grc' dir='ltr'><strong>εἰ</strong></span> <span class='ocrx_word' id='word_1_192' title='bbox 2962 889 3039 962; x_wconf 79' lang='grc' dir='ltr'>μὴ</span> <span class='ocrx_word' id='word_1_193' title='bbox 3072 888 3259 961; x_wconf 83' lang='grc' dir='ltr'>θεσμῷ</span> <span class='ocrx_word' id='word_1_194' title='bbox 3282 887 3359 960; x_wconf 81' lang='grc' dir='ltr'><strong>τῷ</strong></span> <span class='ocrx_word' id='word_1_195' title='bbox 3391 887 3585 960; x_wconf 82' lang='grc' dir='ltr'><strong>κοινῷ,</strong></span> <span class='ocrx_word' id='word_1_196' title='bbox 3618 888 3717 942; x_wconf 77' lang='grc' dir='ltr'>καὶ</span> 
     </span>
    </p>
   </div>
   <div class='ocr_carea' id='block_1_30' title="bbox 2125 975 3718 1053">
    <p class='ocr_par' dir='ltr' id='par_1_30' title="bbox 2125 975 3718 1053">
     <span class='ocr_line' id='line_1_30' title="bbox 2125 975 3718 1053; baseline -0.003 -17"><span class='ocrx_word' id='word_1_197' title='bbox 2125 982 2204 1053; x_wconf 84' lang='grc' dir='ltr'>τῷ</span> <span class='ocrx_word' id='word_1_198' title='bbox 2230 980 2384 1053; x_wconf 84' lang='grc' dir='ltr'><strong>παρά</strong></span> <span class='ocrx_word' id='word_1_199' title='bbox 2409 983 2542 1034; x_wconf 80' lang='grc' dir='ltr'>πᾶσι</span> <span class='ocrx_word' id='word_1_200' title='bbox 2572 980 2974 1051; x_wconf 81' lang='grc' dir='ltr'>κατειθισμένῳ</span> <span class='ocrx_word' id='word_1_201' title='bbox 2995 995 3009 1007; x_wconf 73' lang='grc'><strong>⁸</strong></span> <span class='ocrx_word' id='word_1_202' title='bbox 3028 978 3189 1033; x_wconf 82' lang='grc' dir='ltr'>τοῦτο</span> <span class='ocrx_word' id='word_1_203' title='bbox 3215 980 3273 1032; x_wconf 87' lang='grc' dir='ltr'>δὲ</span> <span class='ocrx_word' id='word_1_204' title='bbox 3300 975 3368 1051; x_wconf 80' lang='grc' dir='ltr'>ἦν</span> <span class='ocrx_word' id='word_1_205' title='bbox 3397 981 3430 1051; x_wconf 80' lang='grc' dir='ltr'><strong>ἡ</strong></span> <span class='ocrx_word' id='word_1_206' title='bbox 3456 980 3519 1032; x_wconf 84' lang='grc' dir='ltr'><strong>ἐκ</strong></span> <span class='ocrx_word' id='word_1_207' title='bbox 3547 979 3718 1032; x_wconf 87' lang='grc' dir='ltr'>δαπά-</span> 
     </span>
    </p>
   </div>
   <div class='ocr_carea' id='block_1_31' title="bbox 2126 1070 3720 1146">
    <p class='ocr_par' dir='ltr' id='par_1_31' title="bbox 2126 1070 3720 1146">
     <span class='ocr_line' id='line_1_31' title="bbox 2126 1070 3720 1146; baseline -0.003 -16"><span class='ocrx_word' id='word_1_208' title='bbox 2126 1090 2225 1146; x_wconf 87' lang='grc' dir='ltr'><strong>νης</strong></span> <span class='ocrx_word' id='word_1_209' title='bbox 2256 1073 2558 1145; x_wconf 76' lang='grc' dir='ltr'>φιλοτιμία.</span> <span class='ocrx_word' id='word_1_210' title='bbox 2611 1072 2820 1127; x_wconf 83' lang='grc' dir='ltr'>Οὐκοῦν</span> <span class='ocrx_word' id='word_1_211' title='bbox 2854 1074 2979 1128; x_wconf 83' lang='grc' dir='ltr'>ὅσον</span> <span class='ocrx_word' id='word_1_212' title='bbox 3006 1073 3087 1136; x_wconf 78' lang='grc' dir='ltr'><strong>εἰς</strong></span> <span class='ocrx_word' id='word_1_213' title='bbox 3130 1090 3190 1126; x_wconf 88' lang='grc' dir='ltr'><strong>τε</strong></span> <span class='ocrx_word' id='word_1_214' title='bbox 3219 1072 3328 1126; x_wconf 86' lang='grc' dir='ltr'><strong>τῶν</strong></span> <span class='ocrx_word' id='word_1_215' title='bbox 3363 1070 3625 1144; x_wconf 81' lang='grc' dir='ltr'>μαθητῶν</span> <span class='ocrx_word' id='word_1_216' title='bbox 3654 1070 3720 1126; x_wconf 81' lang='grc' dir='ltr'>τὸ</span> 
     </span>
    </p>
   </div>
   <div class='ocr_carea' id='block_1_32' title="bbox 2126 1164 3713 1238">
    <p class='ocr_par' dir='ltr' id='par_1_32' title="bbox 2126 1164 3713 1238">
     <span class='ocr_line' id='line_1_32' title="bbox 2126 1164 3713 1238; baseline -0.002 -18"><span class='ocrx_word' id='word_1_217' title='bbox 2126 1166 2593 1238; x_wconf 82' lang='grc' dir='ltr'>ἀφιλοχρήματον,</span> <span class='ocrx_word' id='word_1_218' title='bbox 2625 1166 2721 1220; x_wconf 77' lang='grc' dir='ltr'>καὶ</span> <span class='ocrx_word' id='word_1_219' title='bbox 2746 1165 2808 1218; x_wconf 85' lang='grc' dir='ltr'>τὸ</span> <span class='ocrx_word' id='word_1_220' title='bbox 2838 1164 3138 1235; x_wconf 85' lang='grc' dir='ltr'>κεκτῆσθαι</span> <span class='ocrx_word' id='word_1_221' title='bbox 3169 1165 3358 1234; x_wconf 79' lang='grc' dir='ltr'>μηδὲν,</span> <span class='ocrx_word' id='word_1_222' title='bbox 3390 1164 3488 1219; x_wconf 76' lang='grc' dir='ltr'>καὶ</span> <span class='ocrx_word' id='word_1_223' title='bbox 3505 1165 3586 1227; x_wconf 88' lang='grc' dir='ltr'><strong>εἰς</strong></span> <span class='ocrx_word' id='word_1_224' title='bbox 3612 1164 3713 1218; x_wconf 83' lang='grc' dir='ltr'><strong>αὖ·</strong></span> 
     </span>
    </p>
   </div>
   <div class='ocr_carea' id='block_1_33' title="bbox 2125 1253 3716 1327">
    <p class='ocr_par' dir='ltr' id='par_1_33' title="bbox 2125 1253 3716 1327">
     <span class='ocr_line' id='line_1_33' title="bbox 2125 1253 3716 1327; baseline -0.003 -16"><span class='ocrx_word' id='word_1_225' title='bbox 2125 1256 2225 1327; x_wconf 79' lang='grc' dir='ltr'>τὴν</span> <span class='ocrx_word' id='word_1_226' title='bbox 2256 1256 2315 1310; x_wconf 83' lang='grc' dir='ltr'>δὲ</span> <span class='ocrx_word' id='word_1_227' title='bbox 2363 1255 2457 1310; x_wconf 85' lang='grc' dir='ltr'>τοῦ</span> <span class='ocrx_word' id='word_1_228' title='bbox 2495 1256 2762 1311; x_wconf 79' lang='grc' dir='ltr'>Φιλίππου</span> <span class='ocrx_word' id='word_1_229' title='bbox 2804 1256 2905 1327; x_wconf 77' lang='grc' dir='ltr'>τὴν</span> <span class='ocrx_word' id='word_1_230' title='bbox 2954 1256 3227 1322; x_wconf 86' lang='grc' dir='ltr'>διάνοιαν,</span> <span class='ocrx_word' id='word_1_231' title='bbox 3284 1254 3441 1311; x_wconf 78' lang='grc' dir='ltr'>οὔπω</span> <span class='ocrx_word' id='word_1_232' title='bbox 3487 1253 3716 1320; x_wconf 77' lang='grc' dir='ltr'><strong>τελείως</strong></span> 
     </span>
    </p>
   </div>
   <div class='ocr_carea' id='block_1_34' title="bbox 2127 1346 3714 1420">
    <p class='ocr_par' dir='ltr' id='par_1_34' title="bbox 2127 1346 3714 1420">
     <span class='ocr_line' id='line_1_34' title="bbox 2127 1346 3714 1420; baseline -0.001 -18"><span class='ocrx_word' id='word_1_233' title='bbox 2127 1348 2264 1420; x_wconf 82' lang='grc' dir='ltr'>πρὸς</span> <span class='ocrx_word' id='word_1_234' title='bbox 2280 1348 2341 1401; x_wconf 89' lang='grc' dir='ltr'>τὸ</span> <span class='ocrx_word' id='word_1_235' title='bbox 2361 1346 2597 1413; x_wconf 78' lang='grc' dir='ltr'>ἐξαίσιον</span> <span class='ocrx_word' id='word_1_236' title='bbox 2616 1347 2709 1401; x_wconf 81' lang='grc' dir='ltr'><strong>τοῦ</strong></span> <span class='ocrx_word' id='word_1_237' title='bbox 2726 1347 2977 1419; x_wconf 83' lang='grc' dir='ltr'><strong>Σωτῆρος</strong></span> <span class='ocrx_word' id='word_1_238' title='bbox 2989 1348 3146 1420; x_wconf 77' lang='grc' dir='ltr'>ἡμῶν</span> <span class='ocrx_word' id='word_1_239' title='bbox 3156 1347 3449 1419; x_wconf 82' lang='grc' dir='ltr'>ἀφορῶσαν</span> <span class='ocrx_word' id='word_1_240' title='bbox 3470 1346 3714 1419; x_wconf 84' lang='grc' dir='ltr'>ἀξίωμα,</span> 
     </span>
    </p>
   </div>
   <div class='ocr_carea' id='block_1_35' title="bbox 2127 1438 3714 1512">
    <p class='ocr_par' dir='ltr' id='par_1_35' title="bbox 2127 1438 3714 1512">
     <span class='ocr_line' id='line_1_35' title="bbox 2127 1438 3714 1512; baseline -0.001 -20"><span class='ocrx_word' id='word_1_241' title='bbox 2127 1441 2207 1504; x_wconf 80' lang='grc' dir='ltr'><strong>εἰς</strong></span> <span class='ocrx_word' id='word_1_242' title='bbox 2236 1438 2496 1494; x_wconf 83' lang='grc' dir='ltr'>ἀδύνατόν</span> <span class='ocrx_word' id='word_1_243' title='bbox 2538 1456 2657 1504; x_wconf 88' lang='grc' dir='ltr'><strong>πως</strong></span> <span class='ocrx_word' id='word_1_244' title='bbox 2699 1438 3093 1512; x_wconf 75' lang='grc' dir='ltr'><strong>περιτρέπεται</strong></span> <span class='ocrx_word' id='word_1_245' title='bbox 3144 1439 3330 1494; x_wconf 73' lang='grc' dir='ltr'>λοιπὸν</span> <span class='ocrx_word' id='word_1_246' title='bbox 3373 1440 3407 1510; x_wconf 78' lang='grc' dir='ltr'><strong>ἠ</strong></span> <span class='ocrx_word' id='word_1_247' title='bbox 3455 1438 3549 1491; x_wconf 78' lang='grc' dir='ltr'>ἐπὶ</span> <span class='ocrx_word' id='word_1_248' title='bbox 3597 1440 3714 1503; x_wconf 81' lang='grc' dir='ltr'>τοῖς</span> 
     </span>
    </p>
   </div>
   <div class='ocr_carea' id='block_1_36' title="bbox 2128 1531 3716 1604">
    <p class='ocr_par' dir='ltr' id='par_1_36' title="bbox 2128 1531 3716 1604">
     <span class='ocr_line' id='line_1_36' title="bbox 2128 1531 3716 1604; baseline -0.001 -17"><span class='ocrx_word' id='word_1_249' title='bbox 2128 1533 2308 1604; x_wconf 71' lang='grc' dir='ltr'>ὄχλοις</span> <span class='ocrx_word' id='word_1_250' title='bbox 2331 1531 2631 1604; x_wconf 80' lang='grc' dir='ltr'><strong>φιλοτιμία.</strong></span> <span class='ocrx_word' id='word_1_251' title='bbox 2680 1531 2852 1587; x_wconf 83' lang='grc' dir='ltr'>Τοῦτο</span> <span class='ocrx_word' id='word_1_252' title='bbox 2883 1532 2940 1586; x_wconf 82' lang='grc' dir='ltr'>δὲ</span> <span class='ocrx_word' id='word_1_253' title='bbox 2981 1532 3042 1586; x_wconf 87' lang='grc' dir='ltr'><strong>ού</strong></span> <span class='ocrx_word' id='word_1_254' title='bbox 3069 1532 3286 1602; x_wconf 78' lang='grc' dir='ltr'>γέγονε,</span> <span class='ocrx_word' id='word_1_255' title='bbox 3318 1531 3626 1601; x_wconf 74' lang='grc' dir='ltr'><strong>διεξάγεται</strong></span> <span class='ocrx_word' id='word_1_256' title='bbox 3657 1532 3716 1585; x_wconf 80' lang='grc' dir='ltr'>δὲ</span> 
     </span>
    </p>
   </div>
   <div class='ocr_carea' id='block_1_37' title="bbox 2127 1614 3715 1694">
    <p class='ocr_par' dir='ltr' id='par_1_37' title="bbox 2127 1614 3715 1694">
     <span class='ocr_line' id='line_1_37' title="bbox 2127 1614 3715 1694; baseline -0.003 -17"><span class='ocrx_word' id='word_1_257' title='bbox 2127 1622 2222 1677; x_wconf 81' lang='grc' dir='ltr'>τοῦ</span> <span class='ocrx_word' id='word_1_258' title='bbox 2250 1622 2505 1694; x_wconf 83' lang='grc' dir='ltr'><strong>Σωτῆρος</strong></span> <span class='ocrx_word' id='word_1_259' title='bbox 2531 1624 2612 1687; x_wconf 92' lang='grc' dir='ltr'><strong>εἰς</strong></span> <span class='ocrx_word' id='word_1_260' title='bbox 2641 1621 2813 1694; x_wconf 81' lang='grc' dir='ltr'>πέρας</span> <span class='ocrx_word' id='word_1_261' title='bbox 2845 1623 2879 1693; x_wconf 80' lang='grc' dir='ltr'><strong>ἡ</strong></span> <span class='ocrx_word' id='word_1_262' title='bbox 2912 1619 3187 1692; x_wconf 84' lang='grc' dir='ltr'>βούλησις.</span> <span class='ocrx_word' id='word_1_263' title='bbox 3219 1620 3294 1675; x_wconf 84' lang='grc' dir='ltr'><strong>Τὸ</strong></span> <span class='ocrx_word' id='word_1_264' title='bbox 3316 1620 3573 1675; x_wconf 83' lang='grc' dir='ltr'>ἀδύνατον</span> <span class='ocrx_word' id='word_1_265' title='bbox 3606 1614 3715 1688; x_wconf 69' lang='grc' dir='ltr'>ἄρα</span> 
     </span>
    </p>
   </div>
   <div class='ocr_carea' id='block_1_38' title="bbox 2131 1711 3718 1787">
    <p class='ocr_par' dir='ltr' id='par_1_38' title="bbox 2131 1711 3718 1787">
     <span class='ocr_line' id='line_1_38' title="bbox 2131 1711 3718 1787; baseline -0.004 -18"><span class='ocrx_word' id='word_1_266' title='bbox 2131 1714 2280 1787; x_wconf 85' lang='grc' dir='ltr'><strong>παρά</strong></span> <span class='ocrx_word' id='word_1_267' title='bbox 2305 1714 2616 1786; x_wconf 80' lang='grc' dir='ltr'>ἀνθρώποις</span> <span class='ocrx_word' id='word_1_268' title='bbox 2642 1713 2869 1768; x_wconf 73' lang='grc' dir='ltr'>δυνατὸν</span> <span class='ocrx_word' id='word_1_269' title='bbox 2898 1713 3050 1785; x_wconf 86' lang='grc' dir='ltr'><strong>παρά</strong></span> <span class='ocrx_word' id='word_1_270' title='bbox 3072 1713 3149 1784; x_wconf 83' lang='grc' dir='ltr'><strong>τῷ</strong></span> <span class='ocrx_word' id='word_1_271' title='bbox 3178 1711 3299 1785; x_wconf 86' lang='grc' dir='ltr'><strong>Θεῷ</strong></span> <span class='ocrx_word' id='word_1_272' title='bbox 3316 1752 3331 1775; x_wconf 88' lang='grc'><strong>,</strong></span> <span class='ocrx_word' id='word_1_273' title='bbox 3369 1713 3464 1769; x_wconf 80' lang='grc' dir='ltr'>καὶ</span> <span class='ocrx_word' id='word_1_274' title='bbox 3492 1712 3592 1784; x_wconf 86' lang='grc' dir='ltr'><strong>τῆς</strong></span> <span class='ocrx_word' id='word_1_275' title='bbox 3629 1711 3718 1763; x_wconf 79' lang='grc' dir='ltr'>ἐν·</span> 
     </span>
    </p>
   </div>
   <div class='ocr_carea' id='block_1_39' title="bbox 2126 1802 3715 1878">
    <p class='ocr_par' dir='ltr' id='par_1_39' title="bbox 2126 1802 3715 1878">
     <span class='ocr_line' id='line_1_39' title="bbox 2126 1802 3715 1878; baseline -0.003 -17"><span class='ocrx_word' id='word_1_276' title='bbox 2126 1806 2292 1878; x_wconf 84' lang='grc' dir='ltr'>ούσης</span> <span class='ocrx_word' id='word_1_277' title='bbox 2325 1805 2646 1869; x_wconf 74' lang='grc' dir='ltr'>ἀκολουθίας</span> <span class='ocrx_word' id='word_1_278' title='bbox 2672 1806 2731 1858; x_wconf 89' lang='grc' dir='ltr'><strong>ἐν</strong></span> <span class='ocrx_word' id='word_1_279' title='bbox 2750 1806 2819 1877; x_wconf 76' lang='grc' dir='ltr'>τῇ</span> <span class='ocrx_word' id='word_1_280' title='bbox 2867 1802 3029 1874; x_wconf 81' lang='grc' dir='ltr'>φύσει</span> <span class='ocrx_word' id='word_1_281' title='bbox 3056 1803 3166 1858; x_wconf 88' lang='grc' dir='ltr'><strong>τῶν</strong></span> <span class='ocrx_word' id='word_1_282' title='bbox 3205 1803 3327 1858; x_wconf 77' lang='grc' dir='ltr'>καθ’</span> <span class='ocrx_word' id='word_1_283' title='bbox 3357 1804 3505 1876; x_wconf 77' lang='grc' dir='ltr'>ἡμᾶς</span> <span class='ocrx_word' id='word_1_284' title='bbox 3531 1819 3715 1874; x_wconf 84' lang='grc' dir='ltr'>πραγ-</span> 
     </span>
    </p>
   </div>
   <div class='ocr_carea' id='block_1_40' title="bbox 2131 1894 3714 1970">
    <p class='ocr_par' dir='ltr' id='par_1_40' title="bbox 2131 1894 3714 1970">
     <span class='ocr_line' id='line_1_40' title="bbox 2131 1894 3714 1970; baseline -0.002 -18"><span class='ocrx_word' id='word_1_285' title='bbox 2131 1898 2339 1970; x_wconf 84' lang='grc' dir='ltr'>μάτων,</span> <span class='ocrx_word' id='word_1_286' title='bbox 2387 1896 2727 1966; x_wconf 82' lang='grc' dir='ltr'>πανταχόθεν</span> <span class='ocrx_word' id='word_1_287' title='bbox 2752 1895 2994 1966; x_wconf 83' lang='grc' dir='ltr'>άμείνων</span> <span class='ocrx_word' id='word_1_288' title='bbox 3012 1896 3046 1966; x_wconf 83' lang='grc' dir='ltr'><strong>ἡ</strong></span> <span class='ocrx_word' id='word_1_289' title='bbox 3069 1894 3189 1949; x_wconf 88' lang='grc' dir='ltr'>θεία</span> <span class='ocrx_word' id='word_1_290' title='bbox 3201 1894 3714 1967; x_wconf 84' lang='grc' dir='ltr'>φαίνεταιδύναμις,</span> 
     </span>
    </p>
   </div>
   <div class='ocr_carea' id='block_1_41' title="bbox 2128 1984 3719 2060">
    <p class='ocr_par' dir='ltr' id='par_1_41' title="bbox 2128 1984 3719 2060">
     <span class='ocr_line' id='line_1_41' title="bbox 2128 1984 3719 2060; baseline -0.004 -16"><span class='ocrx_word' id='word_1_291' title='bbox 2128 1990 2309 2045; x_wconf 87' lang='grc' dir='ltr'>πάντα</span> <span class='ocrx_word' id='word_1_292' title='bbox 2332 1984 2652 2060; x_wconf 81' lang='grc' dir='ltr'>παραδόξως</span> <span class='ocrx_word' id='word_1_293' title='bbox 2690 1985 2935 2052; x_wconf 82' lang='grc' dir='ltr'>ἐξανύειν</span> <span class='ocrx_word' id='word_1_294' title='bbox 2971 1984 3251 2058; x_wconf 76' lang='grc' dir='ltr'>ἰσχύουσα,</span> <span class='ocrx_word' id='word_1_295' title='bbox 3288 1986 3383 2040; x_wconf 73' lang='grc' dir='ltr'>καὶ</span> <span class='ocrx_word' id='word_1_296' title='bbox 3405 1986 3507 2041; x_wconf 90' lang='grc' dir='ltr'><strong>δσα</strong></span> <span class='ocrx_word' id='word_1_297' title='bbox 3535 1984 3627 2040; x_wconf 77' lang='grc' dir='ltr'>τὸν</span> <span class='ocrx_word' id='word_1_298' title='bbox 3658 1986 3719 2038; x_wconf 83' lang='grc' dir='ltr'><strong>ἐν</strong></span> 
     </span>
    </p>
   </div>
   <div class='ocr_carea' id='block_1_42' title="bbox 2129 2078 2759 2154">
    <p class='ocr_par' dir='ltr' id='par_1_42' title="bbox 2129 2078 2759 2154">
     <span class='ocr_line' id='line_1_42' title="bbox 2129 2078 2759 2154; baseline -0.006 -18"><span class='ocrx_word' id='word_1_299' title='bbox 2129 2084 2260 2154; x_wconf 76' lang='grc' dir='ltr'>ἡμῖν</span> <span class='ocrx_word' id='word_1_300' title='bbox 2294 2080 2577 2147; x_wconf 77' lang='grc' dir='ltr'>ἐξάλλεται</span> <span class='ocrx_word' id='word_1_301' title='bbox 2614 2078 2759 2133; x_wconf 79' lang='grc' dir='ltr'>νοῦν.</span> 
     </span>
    </p>
   </div>
   <div class='ocr_carea' id='block_1_43' title="bbox 2200 2165 3720 2243">
    <p class='ocr_par' dir='ltr' id='par_1_43' title="bbox 2200 2165 3720 2243">
     <span class='ocr_line' id='line_1_43' title="bbox 2200 2165 3720 2243; baseline -0.009 -15"><span class='ocrx_word' id='word_1_302' title='bbox 2200 2172 2371 2243; x_wconf 80' lang='grc' dir='ltr'><strong>Λέγει</strong></span> <span class='ocrx_word' id='word_1_303' title='bbox 2416 2169 2579 2237; x_wconf 84' lang='grc' dir='ltr'><strong>αὐτῷ</strong></span> <span class='ocrx_word' id='word_1_304' title='bbox 2623 2165 2715 2237; x_wconf 80' lang='grc' dir='ltr'>εἷς</span> <span class='ocrx_word' id='word_1_305' title='bbox 2757 2170 2824 2223; x_wconf 83' lang='grc' dir='ltr'>ἐκ</span> <span class='ocrx_word' id='word_1_306' title='bbox 2866 2168 2985 2222; x_wconf 78' lang='grc' dir='ltr'>τῶν</span> <span class='ocrx_word' id='word_1_307' title='bbox 3007 2166 3290 2237; x_wconf 76' lang='grc' dir='ltr'>μαθητῶν</span> <span class='ocrx_word' id='word_1_308' title='bbox 3316 2167 3537 2232; x_wconf 86' lang='grc' dir='ltr'>αὐτοῦ,</span> <span class='ocrx_word' id='word_1_309' title='bbox 3595 2168 3720 2225; x_wconf 79' lang='lat' dir='ltr'><strong>&#39;Ar-</strong></span> 
     </span>
    </p>
   </div>
   <div class='ocr_carea' id='block_1_44' title="bbox 2127 2260 3720 2335">
    <p class='ocr_par' dir='ltr' id='par_1_44' title="bbox 2127 2260 3720 2335">
     <span class='ocr_line' id='line_1_44' title="bbox 2127 2260 3720 2335; baseline -0.001 -18"><span class='ocrx_word' id='word_1_310' title='bbox 2127 2266 2307 2335; x_wconf 79' lang='grc' dir='ltr'>δρέας</span> <span class='ocrx_word' id='word_1_311' title='bbox 2346 2267 2380 2320; x_wconf 79' lang='grc' dir='ltr'><strong>ό</strong></span> <span class='ocrx_word' id='word_1_312' title='bbox 2419 2261 2685 2332; x_wconf 71' lang='grc' dir='ltr'>ἀδελφὸς</span> <span class='ocrx_word' id='word_1_313' title='bbox 2711 2262 2977 2332; x_wconf 82' lang='grc' dir='ltr'>Σίμωνος</span> <span class='ocrx_word' id='word_1_314' title='bbox 2999 2261 3253 2330; x_wconf 83' lang='grc' dir='ltr'>Πέτρου·</span> <span class='ocrx_word' id='word_1_315' title='bbox 3298 2261 3465 2314; x_wconf 82' lang='grc' dir='ltr'>Ἔστι</span> <span class='ocrx_word' id='word_1_316' title='bbox 3503 2260 3720 2316; x_wconf 80' lang='grc' dir='ltr'>παιδά-</span> 
     </span>
    </p>
   </div>
   <div class='ocr_carea' id='block_1_45' title="bbox 438 2344 2032 2429">
    <p class='ocr_par' dir='ltr' id='par_1_45' title="bbox 438 2344 2027 2420">
     <span class='ocr_line' id='line_1_45' title="bbox 438 2344 2027 2420; baseline 0.001 -17"><span class='ocrx_word' id='word_1_317' title='bbox 438 2351 669 2420; x_wconf 78' lang='lat' dir='ltr'><strong>quinque</strong></span> <span class='ocrx_word' id='word_1_318' title='bbox 680 2362 851 2417; x_wconf 64' lang='lat' dir='ltr'><strong>partes</strong></span> <span class='ocrx_word' id='word_1_319' title='bbox 871 2347 1190 2404; x_wconf 69' lang='lat' dir='ltr'><strong>hordeaceo:</strong></span> <span class='ocrx_word' id='word_1_320' title='bbox 1210 2359 1260 2403; x_wconf 82' lang='lat' dir='ltr'><strong>et</strong></span> <span class='ocrx_word' id='word_1_321' title='bbox 1281 2347 1415 2403; x_wconf 82' lang='lat' dir='ltr'><strong>duos</strong></span> <span class='ocrx_word' id='word_1_322' title='bbox 1438 2348 1605 2417; x_wconf 79' lang='lat' dir='ltr'><strong>pisces</strong></span> <span class='ocrx_word' id='word_1_323' title='bbox 1624 2363 1643 2401; x_wconf 92' lang='lat'><em>:</em></span> <span class='ocrx_word' id='word_1_324' title='bbox 1660 2347 1750 2402; x_wconf 80' lang='lat' dir='ltr'><strong>sed</strong></span> <span class='ocrx_word' id='word_1_325' title='bbox 1776 2348 1887 2402; x_wconf 76' lang='grc' dir='ltr'>Ιιιεσ</span> <span class='ocrx_word' id='word_1_326' title='bbox 1901 2344 2027 2417; x_wconf 83' lang='lat' dir='ltr'><strong>quid</strong></span> 
     </span>
    </p>
   </div>
   <div class='ocr_carea' id='block_1_46' title="bbox 2135 2344 3722 2429">
    <p class='ocr_par' dir='ltr' id='par_1_46' title="bbox 2135 2350 3722 2427">
     <span class='ocr_line' id='line_1_46' title="bbox 2135 2350 3722 2427; baseline 0 -15"><span class='ocrx_word' id='word_1_327' title='bbox 2135 2376 2260 2427; x_wconf 80' lang='grc' dir='ltr'>ριον</span> <span class='ocrx_word' id='word_1_328' title='bbox 2283 2350 2401 2411; x_wconf 83' lang='grc' dir='ltr'>ὧδε</span> <span class='ocrx_word' id='word_1_329' title='bbox 2422 2395 2438 2422; x_wconf 88' lang='grc'><strong>,</strong></span> <span class='ocrx_word' id='word_1_330' title='bbox 2461 2355 2492 2411; x_wconf 85' lang='grc' dir='ltr'><strong>ὃ</strong></span> <span class='ocrx_word' id='word_1_331' title='bbox 2516 2356 2643 2425; x_wconf 78' lang='grc' dir='ltr'>ἔχει</span> <span class='ocrx_word' id='word_1_332' title='bbox 2665 2354 2845 2409; x_wconf 77' lang='grc' dir='ltr'>πέντε</span> <span class='ocrx_word' id='word_1_333' title='bbox 2878 2354 3099 2422; x_wconf 81' lang='grc' dir='ltr'>ἄρτους</span> <span class='ocrx_word' id='word_1_334' title='bbox 3121 2354 3430 2423; x_wconf 75' lang='grc' dir='ltr'>κριθίνους</span> <span class='ocrx_word' id='word_1_335' title='bbox 3450 2396 3463 2418; x_wconf 88' lang='grc'><strong>,</strong></span> <span class='ocrx_word' id='word_1_336' title='bbox 3484 2355 3583 2408; x_wconf 77' lang='grc' dir='ltr'>καὶ</span> <span class='ocrx_word' id='word_1_337' title='bbox 3610 2354 3722 2411; x_wconf 83' lang='grc' dir='ltr'><strong>δύο</strong></span> 
     </span>
    </p>
   </div>
   <div class='ocr_carea' id='block_1_47' title="bbox 440 2436 1520 2493">
    <p class='ocr_par' dir='ltr' id='par_1_47' title="bbox 440 2436 1520 2493">
     <span class='ocr_line' id='line_1_47' title="bbox 440 2436 1520 2493; baseline 0 -1"><span class='ocrx_word' id='word_1_338' title='bbox 440 2446 566 2492; x_wconf 78' lang='lat' dir='ltr'><strong>sunt</strong></span> <span class='ocrx_word' id='word_1_339' title='bbox 594 2437 733 2493; x_wconf 76' lang='lat' dir='ltr'><strong>inter</strong></span> <span class='ocrx_word' id='word_1_340' title='bbox 760 2440 987 2493; x_wconf 73' lang='lat' dir='ltr'><strong>tantos?</strong></span> <span class='ocrx_word' id='word_1_341' title='bbox 1021 2436 1171 2493; x_wconf 69' lang='lat' dir='ltr'><strong>Dixit</strong></span> <span class='ocrx_word' id='word_1_342' title='bbox 1200 2454 1318 2492; x_wconf 77' lang='lat' dir='ltr'><strong>vero</strong></span> <span class='ocrx_word' id='word_1_343' title='bbox 1342 2436 1520 2492; x_wconf 76' lang='lat' dir='ltr'><strong>Iesus.</strong></span> 
     </span>
    </p>
   </div>
   <div class='ocr_carea' id='block_1_48' title="bbox 513 2609 2030 2684">
    <p class='ocr_par' dir='ltr' id='par_1_48' title="bbox 513 2609 2030 2684">
     <span class='ocr_line' id='line_1_48' title="bbox 513 2609 2030 2684; baseline -0.005 -13"><span class='ocrx_word' id='word_1_344' title='bbox 513 2617 907 2671; x_wconf 87' lang='lat' dir='ltr'><strong>Consentanea</strong></span> <span class='ocrx_word' id='word_1_345' title='bbox 954 2612 1210 2684; x_wconf 88' lang='lat' dir='ltr'><strong>Philippo</strong></span> <span class='ocrx_word' id='word_1_346' title='bbox 1241 2613 1412 2670; x_wconf 88' lang='lat' dir='ltr'><strong>sentit</strong></span> <span class='ocrx_word' id='word_1_347' title='bbox 1444 2621 1500 2669; x_wconf 93' lang='lat' dir='ltr'><strong>et</strong></span> <span class='ocrx_word' id='word_1_348' title='bbox 1544 2612 1777 2683; x_wconf 81' lang='lat' dir='ltr'><strong>cogitat,</strong></span> <span class='ocrx_word' id='word_1_349' title='bbox 1815 2621 1868 2666; x_wconf 89' lang='lat' dir='ltr'><strong>et</strong></span> <span class='ocrx_word' id='word_1_350' title='bbox 1914 2609 2030 2664; x_wconf 79' lang='lat' dir='ltr'><strong>atii-</strong></span> 
     </span>
    </p>
   </div>
   <div class='ocr_carea' id='block_1_49' title="bbox 441 2702 2030 2778">
    <p class='ocr_par' dir='ltr' id='par_1_49' title="bbox 441 2702 2030 2778">
     <span class='ocr_line' id='line_1_49' title="bbox 441 2702 2030 2778; baseline -0.004 -14"><span class='ocrx_word' id='word_1_351' title='bbox 441 2723 568 2765; x_wconf 83' lang='lat' dir='ltr'><strong>nem</strong></span> <span class='ocrx_word' id='word_1_352' title='bbox 625 2707 1032 2778; x_wconf 87' lang='lat' dir='ltr'><strong>quodammodo</strong></span> <span class='ocrx_word' id='word_1_353' title='bbox 1068 2707 1138 2763; x_wconf 89' lang='lat' dir='ltr'><strong>de</strong></span> <span class='ocrx_word' id='word_1_354' title='bbox 1190 2706 1486 2763; x_wconf 87' lang='lat' dir='ltr'><strong>Servatore</strong></span> <span class='ocrx_word' id='word_1_355' title='bbox 1537 2705 1765 2761; x_wconf 83' lang='lat' dir='ltr'><strong>Christo</strong></span> <span class='ocrx_word' id='word_1_356' title='bbox 1823 2702 2030 2758; x_wconf 83' lang='lat' dir='ltr'><strong>habere</strong></span> 
     </span>
    </p>
   </div>
   <div class='ocr_carea' id='block_1_50' title="bbox 442 2792 2030 2869">
    <p class='ocr_par' dir='ltr' id='par_1_50' title="bbox 442 2792 2030 2869">
     <span class='ocr_line' id='line_1_50' title="bbox 442 2792 2030 2869; baseline -0.004 -16"><span class='ocrx_word' id='word_1_357' title='bbox 442 2798 757 2869; x_wconf 85' lang='lat' dir='ltr'><strong>opinionem</strong></span> <span class='ocrx_word' id='word_1_358' title='bbox 797 2798 915 2867; x_wconf 89' lang='lat' dir='ltr'><strong>ipse</strong></span> <span class='ocrx_word' id='word_1_359' title='bbox 948 2811 1172 2867; x_wconf 89' lang='lat' dir='ltr'><strong>quoque</strong></span> <span class='ocrx_word' id='word_1_360' title='bbox 1203 2797 1476 2867; x_wconf 76' lang='lat' dir='ltr'><strong>arguitur.</strong></span> <span class='ocrx_word' id='word_1_361' title='bbox 1508 2794 1647 2849; x_wconf 87' lang='lat' dir='ltr'><strong>Cum</strong></span> <span class='ocrx_word' id='word_1_362' title='bbox 1673 2793 1819 2849; x_wconf 90' lang='lat' dir='ltr'><strong>enim</strong></span> <span class='ocrx_word' id='word_1_363' title='bbox 1852 2792 2030 2847; x_wconf 79' lang='lat' dir='ltr'><strong>virtu-</strong></span> 
     </span>
    </p>
   </div>
   <div class='ocr_carea' id='block_1_51' title="bbox 441 2885 2026 2960">
    <p class='ocr_par' dir='ltr' id='par_1_51' title="bbox 441 2885 2026 2960">
     <span class='ocr_line' id='line_1_51' title="bbox 441 2885 2026 2960; baseline -0.004 -16"><span class='ocrx_word' id='word_1_364' title='bbox 441 2897 552 2944; x_wconf 87' lang='lat' dir='ltr'><strong>tem</strong></span> <span class='ocrx_word' id='word_1_365' title='bbox 582 2888 707 2959; x_wconf 83' lang='lat' dir='ltr'><strong>ejus</strong></span> <span class='ocrx_word' id='word_1_366' title='bbox 730 2902 843 2943; x_wconf 84' lang='lat' dir='ltr'><strong>non</strong></span> <span class='ocrx_word' id='word_1_367' title='bbox 876 2889 1183 2960; x_wconf 69' lang='lat' dir='ltr'><strong>agnoverit,</strong></span> <span class='ocrx_word' id='word_1_368' title='bbox 1214 2903 1395 2958; x_wconf 88' lang='lat' dir='ltr'><strong>neque</strong></span> <span class='ocrx_word' id='word_1_369' title='bbox 1429 2885 1568 2941; x_wconf 90' lang='lat' dir='ltr'><strong>adeo</strong></span> <span class='ocrx_word' id='word_1_370' title='bbox 1592 2902 1658 2940; x_wconf 77' lang='lat' dir='ltr'><strong>ex</strong></span> <span class='ocrx_word' id='word_1_371' title='bbox 1691 2885 1860 2955; x_wconf 75' lang='grc'><strong>278</strong></span> <span class='ocrx_word' id='word_1_372' title='bbox 1885 2899 2026 2955; x_wconf 64' lang='grc' dir='ltr'>μνω-</span> 
     </span>
    </p>
   </div>
   <div class='ocr_carea' id='block_1_52' title="bbox 440 2972 2026 3046">
    <p class='ocr_par' dir='ltr' id='par_1_52' title="bbox 440 2972 2026 3046">
     <span class='ocr_line' id='line_1_52' title="bbox 440 2972 2026 3046; baseline -0.005 -12"><span class='ocrx_word' id='word_1_373' title='bbox 440 2977 767 3034; x_wconf 82' lang='lat' dir='ltr'><strong>cedentibus</strong></span> <span class='ocrx_word' id='word_1_374' title='bbox 838 2977 1124 3033; x_wconf 83' lang='lat' dir='ltr'><strong>miraculis</strong></span> <span class='ocrx_word' id='word_1_375' title='bbox 1191 2978 1505 3046; x_wconf 80' lang='lat' dir='ltr'><strong>perceperit</strong></span> <span class='ocrx_word' id='word_1_376' title='bbox 1568 2972 1756 3029; x_wconf 79' lang='lat' dir='ltr'><strong>Jesum</strong></span> <span class='ocrx_word' id='word_1_377' title='bbox 1824 2981 2026 3029; x_wconf 89' lang='lat' dir='ltr'><strong>cuncta</strong></span> 
     </span>
    </p>
   </div>
   <div class='ocr_carea' id='block_1_53' title="bbox 442 3064 2030 3138">
    <p class='ocr_par' dir='ltr' id='par_1_53' title="bbox 442 3064 2030 3138">
     <span class='ocr_line' id='line_1_53' title="bbox 442 3064 2030 3138; baseline -0.004 -14"><span class='ocrx_word' id='word_1_378' title='bbox 442 3081 633 3138; x_wconf 82' lang='lat' dir='ltr'><strong>posse,</strong></span> <span class='ocrx_word' id='word_1_379' title='bbox 671 3065 842 3137; x_wconf 85' lang='lat' dir='ltr'><strong>idque</strong></span> <span class='ocrx_word' id='word_1_380' title='bbox 873 3064 1158 3129; x_wconf 83' lang='lat' dir='ltr'><strong>facillime,</strong></span> <span class='ocrx_word' id='word_1_381' title='bbox 1196 3066 1407 3119; x_wconf 88' lang='lat' dir='ltr'><strong>indicat</strong></span> <span class='ocrx_word' id='word_1_382' title='bbox 1439 3064 1662 3134; x_wconf 87' lang='lat' dir='ltr'><strong>quidem</strong></span> <span class='ocrx_word' id='word_1_383' title='bbox 1698 3078 1865 3132; x_wconf 88' lang='lat' dir='ltr'><strong>penes</strong></span> <span class='ocrx_word' id='word_1_384' title='bbox 1898 3078 2030 3131; x_wconf 88' lang='lat' dir='ltr'><strong>pue-</strong></span> 
     </span>
    </p>
   </div>
   <div class='ocr_carea' id='block_1_54' title="bbox 2133 2444 3723 2524">
    <p class='ocr_par' dir='ltr' id='par_1_54' title="bbox 2133 2444 3723 2524">
     <span class='ocr_line' id='line_1_54' title="bbox 2133 2444 3723 2524; baseline -0.001 -19"><span class='ocrx_word' id='word_1_385' title='bbox 2133 2450 2377 2518; x_wconf 71' lang='grc' dir='ltr'>ἁψάρια·</span> <span class='ocrx_word' id='word_1_386' title='bbox 2402 2449 2566 2503; x_wconf 71' lang='grc' dir='ltr'>ἀλλὰ</span> <span class='ocrx_word' id='word_1_387' title='bbox 2589 2447 2779 2524; x_wconf 77' lang='grc' dir='ltr'>ταῦτα</span> <span class='ocrx_word' id='word_1_388' title='bbox 2800 2447 2856 2501; x_wconf 89' lang='grc' dir='ltr'><strong>τί</strong></span> <span class='ocrx_word' id='word_1_389' title='bbox 2874 2448 3045 2502; x_wconf 81' lang='grc' dir='ltr'>ἐστιν</span> <span class='ocrx_word' id='word_1_390' title='bbox 3071 2448 3158 2513; x_wconf 82' lang='grc' dir='ltr'><strong>εἰς</strong></span> <span class='ocrx_word' id='word_1_391' title='bbox 3178 2448 3550 2514; x_wconf 78' lang='grc' dir='ltr'>τοσούτους;</span> <span class='ocrx_word' id='word_1_392' title='bbox 3572 2444 3723 2504; x_wconf 68' lang='lat' dir='ltr'><strong>EIsz</strong></span> 
     </span>
    </p>
   </div>
   <div class='ocr_carea' id='block_1_55' title="bbox 2131 2539 2550 2609">
    <p class='ocr_par' dir='ltr' id='par_1_55' title="bbox 2131 2539 2550 2609">
     <span class='ocr_line' id='line_1_55' title="bbox 2131 2539 2550 2609; baseline -0.005 -14"><span class='ocrx_word' id='word_1_393' title='bbox 2131 2541 2201 2596; x_wconf 77' lang='grc' dir='ltr'>δὲ</span> <span class='ocrx_word' id='word_1_394' title='bbox 2219 2544 2252 2596; x_wconf 85' lang='lat' dir='ltr'><strong>d</strong></span> <span class='ocrx_word' id='word_1_395' title='bbox 2295 2539 2550 2609; x_wconf 86' lang='grc' dir='ltr'>Ἰησοῦς.</span> 
     </span>
    </p>
   </div>
   <div class='ocr_carea' id='block_1_56' title="bbox 2216 2626 3721 2703">
    <p class='ocr_par' dir='ltr' id='par_1_56' title="bbox 2216 2626 3721 2703">
     <span class='ocr_line' id='line_1_56' title="bbox 2216 2626 3721 2703; baseline -0.002 -16"><span class='ocrx_word' id='word_1_396' title='bbox 2216 2629 2445 2702; x_wconf 83' lang='grc' dir='ltr'>Ἀδελφὰ</span> <span class='ocrx_word' id='word_1_397' title='bbox 2464 2629 2543 2702; x_wconf 82' lang='grc' dir='ltr'>τῷ</span> <span class='ocrx_word' id='word_1_398' title='bbox 2575 2629 2830 2703; x_wconf 73' lang='grc' dir='ltr'>Φιλίππῳ</span> <span class='ocrx_word' id='word_1_399' title='bbox 2854 2630 2949 2684; x_wconf 74' lang='grc' dir='ltr'>καὶ</span> <span class='ocrx_word' id='word_1_400' title='bbox 2969 2630 3159 2701; x_wconf 79' lang='grc' dir='ltr'>φρονεῖ</span> <span class='ocrx_word' id='word_1_401' title='bbox 3186 2626 3281 2682; x_wconf 76' lang='grc' dir='ltr'>καὶ</span> <span class='ocrx_word' id='word_1_402' title='bbox 3300 2628 3598 2698; x_wconf 75' lang='grc' dir='ltr'>λογίζεται,</span> <span class='ocrx_word' id='word_1_403' title='bbox 3625 2631 3721 2684; x_wconf 72' lang='grc' dir='ltr'>καὶ</span> 
     </span>
    </p>
   </div>
   <div class='ocr_carea' id='block_1_57' title="bbox 2134 2720 3720 2795">
    <p class='ocr_par' dir='ltr' id='par_1_57' title="bbox 2134 2720 3720 2795">
     <span class='ocr_line' id='line_1_57' title="bbox 2134 2720 3720 2795; baseline -0.003 -16"><span class='ocrx_word' id='word_1_404' title='bbox 2134 2726 2368 2795; x_wconf 88' lang='grc' dir='ltr'>συγγενῆ</span> <span class='ocrx_word' id='word_1_405' title='bbox 2417 2740 2535 2787; x_wconf 90' lang='grc' dir='ltr'><strong>πως</strong></span> <span class='ocrx_word' id='word_1_406' title='bbox 2582 2722 2724 2794; x_wconf 75' lang='grc' dir='ltr'>ἔχων</span> <span class='ocrx_word' id='word_1_407' title='bbox 2779 2723 2837 2776; x_wconf 77' lang='grc' dir='ltr'><strong>ἐν</strong></span> <span class='ocrx_word' id='word_1_408' title='bbox 2888 2720 3066 2786; x_wconf 81' lang='grc' dir='ltr'>ἑαυτῷ</span> <span class='ocrx_word' id='word_1_409' title='bbox 3114 2721 3215 2792; x_wconf 85' lang='grc' dir='ltr'>τὴν</span> <span class='ocrx_word' id='word_1_410' title='bbox 3258 2720 3351 2775; x_wconf 76' lang='grc' dir='ltr'>ἐπὶ</span> <span class='ocrx_word' id='word_1_411' title='bbox 3393 2720 3472 2793; x_wconf 77' lang='grc' dir='ltr'>τῷ</span> <span class='ocrx_word' id='word_1_412' title='bbox 3501 2721 3720 2793; x_wconf 84' lang='grc' dir='ltr'>Σωτῆρι</span> 
     </span>
    </p>
   </div>
   <div class='ocr_carea' id='block_1_58' title="bbox 2131 2812 3723 2887">
    <p class='ocr_par' dir='ltr' id='par_1_58' title="bbox 2131 2812 3723 2887">
     <span class='ocr_line' id='line_1_58' title="bbox 2131 2812 3723 2887; baseline -0.003 -16"><span class='ocrx_word' id='word_1_413' title='bbox 2131 2814 2353 2887; x_wconf 87' lang='grc' dir='ltr'>Χριστῷ</span> <span class='ocrx_word' id='word_1_414' title='bbox 2377 2814 2629 2886; x_wconf 78' lang='grc' dir='ltr'>διάληψιν</span> <span class='ocrx_word' id='word_1_415' title='bbox 2656 2813 2749 2868; x_wconf 75' lang='grc' dir='ltr'>καὶ</span> <span class='ocrx_word' id='word_1_416' title='bbox 2780 2812 2944 2876; x_wconf 82' lang='grc' dir='ltr'>αὐτὸς</span> <span class='ocrx_word' id='word_1_417' title='bbox 2972 2812 3337 2883; x_wconf 84' lang='grc' dir='ltr'>ἐξελέγχεται.</span> <span class='ocrx_word' id='word_1_418' title='bbox 3390 2813 3466 2868; x_wconf 86' lang='grc' dir='ltr'><strong>υύ</strong></span> <span class='ocrx_word' id='word_1_419' title='bbox 3495 2812 3604 2884; x_wconf 85' lang='grc' dir='ltr'><strong>γὰρ</strong></span> <span class='ocrx_word' id='word_1_420' title='bbox 3633 2813 3723 2866; x_wconf 83' lang='grc' dir='ltr'>ἐν-</span> 
     </span>
    </p>
   </div>
   <div class='ocr_carea' id='block_1_59' title="bbox 2131 2901 3722 2979">
    <p class='ocr_par' dir='ltr' id='par_1_59' title="bbox 2131 2901 3722 2979">
     <span class='ocr_line' id='line_1_59' title="bbox 2131 2901 3722 2979; baseline -0.004 -17"><span class='ocrx_word' id='word_1_421' title='bbox 2131 2908 2332 2979; x_wconf 81' lang='grc' dir='ltr'>νοήσας</span> <span class='ocrx_word' id='word_1_422' title='bbox 2364 2907 2466 2978; x_wconf 78' lang='grc' dir='ltr'>τὴν</span> <span class='ocrx_word' id='word_1_423' title='bbox 2502 2904 2732 2976; x_wconf 88' lang='grc' dir='ltr'>δύναμιν</span> <span class='ocrx_word' id='word_1_424' title='bbox 2753 2945 2769 2970; x_wconf 91' lang='grc'><strong>,</strong></span> <span class='ocrx_word' id='word_1_425' title='bbox 2807 2903 2930 2959; x_wconf 76' lang='grc' dir='ltr'>οὕτε</span> <span class='ocrx_word' id='word_1_426' title='bbox 2967 2904 3075 2975; x_wconf 82' lang='grc' dir='ltr'>μὴν</span> <span class='ocrx_word' id='word_1_427' title='bbox 3107 2903 3173 2957; x_wconf 86' lang='grc' dir='ltr'><strong>ἐκ</strong></span> <span class='ocrx_word' id='word_1_428' title='bbox 3215 2905 3315 2973; x_wconf 88' lang='grc' dir='ltr'><strong>τῆς</strong></span> <span class='ocrx_word' id='word_1_429' title='bbox 3338 2903 3447 2957; x_wconf 89' lang='grc' dir='ltr'><strong>τῶν</strong></span> <span class='ocrx_word' id='word_1_430' title='bbox 3476 2901 3722 2972; x_wconf 72' lang='grc' dir='ltr'>φθασάν-</span> 
     </span>
    </p>
   </div>
   <div class='ocr_carea' id='block_1_60' title="bbox 2131 2995 3720 3069">
    <p class='ocr_par' dir='ltr' id='par_1_60' title="bbox 2131 2995 3720 3069">
     <span class='ocr_line' id='line_1_60' title="bbox 2131 2995 3720 3069; baseline -0.001 -17"><span class='ocrx_word' id='word_1_431' title='bbox 2131 3016 2239 3052; x_wconf 86' lang='grc' dir='ltr'>των</span> <span class='ocrx_word' id='word_1_432' title='bbox 2270 2998 2669 3069; x_wconf 76' lang='grc' dir='ltr'>μεγαλουργίας</span> <span class='ocrx_word' id='word_1_433' title='bbox 2702 2996 2797 3051; x_wconf 74' lang='grc' dir='ltr'>ἐπὶ</span> <span class='ocrx_word' id='word_1_434' title='bbox 2823 2996 2885 3050; x_wconf 82' lang='grc' dir='ltr'>τὸ</span> <span class='ocrx_word' id='word_1_435' title='bbox 2904 2996 3084 3050; x_wconf 87' lang='grc' dir='ltr'>πάντα</span> <span class='ocrx_word' id='word_1_436' title='bbox 3108 2995 3373 3050; x_wconf 84' lang='grc' dir='ltr'>δύνασθαι</span> <span class='ocrx_word' id='word_1_437' title='bbox 3399 2995 3491 3049; x_wconf 83' lang='grc' dir='ltr'>τὸν</span> <span class='ocrx_word' id='word_1_438' title='bbox 3507 2995 3720 3067; x_wconf 82' lang='grc' dir='ltr'>Ἰησοῦν</span> 
     </span>
    </p>
   </div>
   <div class='ocr_carea' id='block_1_61' title="bbox 2134 3085 3723 3160">
    <p class='ocr_par' dir='ltr' id='par_1_61' title="bbox 2134 3085 3723 3160">
     <span class='ocr_line' id='line_1_61' title="bbox 2134 3085 3723 3160; baseline -0.004 -16"><span class='ocrx_word' id='word_1_439' title='bbox 2134 3090 2231 3144; x_wconf 77' lang='grc' dir='ltr'>καὶ</span> <span class='ocrx_word' id='word_1_440' title='bbox 2257 3091 2377 3145; x_wconf 89' lang='grc' dir='ltr'>λίαν</span> <span class='ocrx_word' id='word_1_441' title='bbox 2415 3090 2790 3145; x_wconf 83' lang='grc' dir='ltr'>εύπετέστατα</span> <span class='ocrx_word' id='word_1_442' title='bbox 2819 3087 3166 3157; x_wconf 87' lang='grc' dir='ltr'>παιδαγωγού</span> <span class='ocrx_word' id='word_1_443' title='bbox 3174 3104 3356 3160; x_wconf 81' lang='grc' dir='ltr'>μενος,</span> <span class='ocrx_word' id='word_1_444' title='bbox 3377 3085 3723 3157; x_wconf 83' lang='grc' dir='ltr'>καταμηνύει</span> 
     </span>
    </p>
   </div>
   <div class='ocr_carea' id='block_1_62' title="bbox 442 3153 2032 3255">
    <p class='ocr_par' dir='ltr' id='par_1_62' title="bbox 442 3153 2025 3229">
     <span class='ocr_line' id='line_1_62' title="bbox 442 3153 2025 3229; baseline -0.004 -14"><span class='ocrx_word' id='word_1_445' title='bbox 442 3175 566 3215; x_wconf 86' lang='lat' dir='ltr'><strong>rum</strong></span> <span class='ocrx_word' id='word_1_446' title='bbox 597 3174 724 3215; x_wconf 89' lang='lat' dir='ltr'><strong>esse</strong></span> <span class='ocrx_word' id='word_1_447' title='bbox 777 3158 1105 3229; x_wconf 91' lang='lat' dir='ltr'><strong>pisciculos,</strong></span> <span class='ocrx_word' id='word_1_448' title='bbox 1146 3164 1524 3215; x_wconf 83' lang='lat' dir='ltr'><strong>verumtamen</strong></span> <span class='ocrx_word' id='word_1_449' title='bbox 1580 3156 1747 3209; x_wconf 81' lang='lat' dir='ltr'><strong>haeret</strong></span> <span class='ocrx_word' id='word_1_450' title='bbox 1783 3155 1839 3208; x_wconf 93' lang='lat' dir='ltr'><strong>in</strong></span> <span class='ocrx_word' id='word_1_451' title='bbox 1881 3153 2025 3209; x_wconf 86' lang='lat' dir='ltr'><strong>lide:</strong></span> 
     </span>
    </p>
   </div>
   <div class='ocr_carea' id='block_1_63' title="bbox 2135 3153 3722 3255">
    <p class='ocr_par' dir='ltr' id='par_1_63' title="bbox 2135 3153 3722 3255">
     <span class='ocr_line' id='line_1_63' title="bbox 2135 3153 3722 3255; baseline -0.003 -18"><span class='ocrx_word' id='word_1_452' title='bbox 2135 3182 2233 3254; x_wconf 83' lang='grc' dir='ltr'>μὲν</span> <span class='ocrx_word' id='word_1_453' title='bbox 2268 3183 2338 3238; x_wconf 86' lang='grc' dir='ltr'><strong>τά</strong></span> <span class='ocrx_word' id='word_1_454' title='bbox 2372 3184 2519 3251; x_wconf 77' lang='grc' dir='ltr'>παρὰ</span> <span class='ocrx_word' id='word_1_455' title='bbox 2557 3182 2635 3253; x_wconf 85' lang='grc' dir='ltr'>τῷ</span> <span class='ocrx_word' id='word_1_456' title='bbox 2686 3181 2964 3255; x_wconf 83' lang='grc' dir='ltr'>παιδαρίῳ</span> <span class='ocrx_word' id='word_1_457' title='bbox 2992 3153 3243 3253; x_wconf 67' lang='grc' dir='ltr'>κείμενα,</span> <span class='ocrx_word' id='word_1_458' title='bbox 3279 3180 3419 3251; x_wconf 86' lang='grc' dir='ltr'>πλὴν</span> <span class='ocrx_word' id='word_1_459' title='bbox 3451 3153 3722 3250; x_wconf 71' lang='grc' dir='ltr'>ἀτονῆσας</span> 
     </span>
    </p>
   </div>
   <div class='ocr_carea' id='block_1_64' title="bbox 444 3244 2029 3320">
    <p class='ocr_par' dir='ltr' id='par_1_64' title="bbox 444 3244 2029 3320">
     <span class='ocr_line' id='line_1_64' title="bbox 444 3244 2029 3320; baseline -0.004 -15"><span class='ocrx_word' id='word_1_460' title='bbox 444 3250 574 3307; x_wconf 67' lang='lat' dir='ltr'><strong>Haec</strong></span> <span class='ocrx_word' id='word_1_461' title='bbox 601 3250 749 3305; x_wconf 89' lang='lat' dir='ltr'><strong>enim</strong></span> <span class='ocrx_word' id='word_1_462' title='bbox 791 3249 923 3320; x_wconf 89' lang='lat' dir='ltr'><strong>quid</strong></span> <span class='ocrx_word' id='word_1_463' title='bbox 975 3255 1130 3313; x_wconf 89' lang='lat' dir='ltr'><strong>sunt,</strong></span> <span class='ocrx_word' id='word_1_464' title='bbox 1164 3246 1365 3316; x_wconf 89' lang='lat' dir='ltr'><strong>inquit,</strong></span> <span class='ocrx_word' id='word_1_465' title='bbox 1402 3246 1551 3300; x_wconf 87' lang='lat' dir='ltr'><strong>inter</strong></span> <span class='ocrx_word' id='word_1_466' title='bbox 1576 3244 1811 3301; x_wconf 85' lang='lat' dir='ltr'><strong>tantos?</strong></span> <span class='ocrx_word' id='word_1_467' title='bbox 1844 3245 2029 3315; x_wconf 87' lang='lat' dir='ltr'><strong>Atqui,</strong></span> 
     </span>
    </p>
   </div>
   <div class='ocr_carea' id='block_1_65' title="bbox 446 3335 2028 3410">
    <p class='ocr_par' dir='ltr' id='par_1_65' title="bbox 446 3335 2028 3410">
     <span class='ocr_line' id='line_1_65' title="bbox 446 3335 2028 3410; baseline -0.004 -13"><span class='ocrx_word' id='word_1_468' title='bbox 446 3356 551 3397; x_wconf 88' lang='lat' dir='ltr'><strong>nec</strong></span> <span class='ocrx_word' id='word_1_469' title='bbox 593 3341 739 3395; x_wconf 87' lang='lat' dir='ltr'><strong>enim</strong></span> <span class='ocrx_word' id='word_1_470' title='bbox 786 3340 900 3410; x_wconf 87' lang='lat' dir='ltr'><strong>jam</strong></span> <span class='ocrx_word' id='word_1_471' title='bbox 949 3338 1180 3394; x_wconf 87' lang='lat' dir='ltr'><strong>remisse</strong></span> <span class='ocrx_word' id='word_1_472' title='bbox 1223 3335 1562 3406; x_wconf 88' lang='lat' dir='ltr'><strong>loquendum</strong></span> <span class='ocrx_word' id='word_1_473' title='bbox 1596 3335 1758 3391; x_wconf 90' lang='lat' dir='ltr'><strong>nobis</strong></span> <span class='ocrx_word' id='word_1_474' title='bbox 1790 3346 1894 3401; x_wconf 82' lang='lat' dir='ltr'><strong>est,</strong></span> <span class='ocrx_word' id='word_1_475' title='bbox 1932 3335 2028 3392; x_wconf 90' lang='lat' dir='ltr'><strong>scd</strong></span> 
     </span>
    </p>
   </div>
   <div class='ocr_carea' id='block_1_66' title="bbox 447 3426 2033 3501">
    <p class='ocr_par' dir='ltr' id='par_1_66' title="bbox 447 3426 2033 3501">
     <span class='ocr_line' id='line_1_66' title="bbox 447 3426 2033 3501; baseline -0.002 -14"><span class='ocrx_word' id='word_1_476' title='bbox 447 3433 518 3487; x_wconf 88' lang='lat' dir='ltr'><strong>ad</strong></span> <span class='ocrx_word' id='word_1_477' title='bbox 550 3447 745 3487; x_wconf 88' lang='lat' dir='ltr'><strong>eorum</strong></span> <span class='ocrx_word' id='word_1_478' title='bbox 783 3446 906 3501; x_wconf 59' lang='lat' dir='ltr'><strong>quae</strong></span> <span class='ocrx_word' id='word_1_479' title='bbox 949 3430 1283 3486; x_wconf 79' lang='lat' dir='ltr'><strong>mirabiliter</strong></span> <span class='ocrx_word' id='word_1_480' title='bbox 1311 3430 1422 3499; x_wconf 82' lang='lat' dir='ltr'><strong>jam</strong></span> <span class='ocrx_word' id='word_1_481' title='bbox 1458 3426 1602 3483; x_wconf 79' lang='lat' dir='ltr'><strong>facta</strong></span> <span class='ocrx_word' id='word_1_482' title='bbox 1648 3437 1778 3484; x_wconf 91' lang='lat' dir='ltr'><strong>sunt</strong></span> <span class='ocrx_word' id='word_1_483' title='bbox 1809 3440 2033 3484; x_wconf 89' lang='lat' dir='ltr'><strong>strenue</strong></span> 
     </span>
    </p>
   </div>
   <div class='ocr_carea' id='block_1_67' title="bbox 449 3521 2033 3593">
    <p class='ocr_par' dir='ltr' id='par_1_67' title="bbox 449 3521 2033 3593">
     <span class='ocr_line' id='line_1_67' title="bbox 449 3521 2033 3593; baseline -0.002 -13"><span class='ocrx_word' id='word_1_484' title='bbox 449 3524 763 3580; x_wconf 85' lang='lat' dir='ltr'><strong>revocanda</strong></span> <span class='ocrx_word' id='word_1_485' title='bbox 789 3531 877 3579; x_wconf 90' lang='lat' dir='ltr'><strong>est</strong></span> <span class='ocrx_word' id='word_1_486' title='bbox 909 3522 1200 3585; x_wconf 83' lang='lat' dir='ltr'><strong>memoria,</strong></span> <span class='ocrx_word' id='word_1_487' title='bbox 1229 3523 1586 3593; x_wconf 76' lang='lat' dir='ltr'><strong>cogitandum</strong></span> <span class='ocrx_word' id='word_1_488' title='bbox 1619 3521 1774 3577; x_wconf 91' lang='lat' dir='ltr'><strong>cibos</strong></span> <span class='ocrx_word' id='word_1_489' title='bbox 1802 3539 1832 3577; x_wconf 86' lang='lat' dir='ltr'><strong>e</strong></span> <span class='ocrx_word' id='word_1_490' title='bbox 1860 3523 2033 3577; x_wconf 86' lang='lat' dir='ltr'><strong>nihilo</strong></span> 
     </span>
    </p>
   </div>
   <div class='ocr_carea' id='block_1_68' title="bbox 449 3611 2032 3685">
    <p class='ocr_par' dir='ltr' id='par_1_68' title="bbox 449 3611 2032 3685">
     <span class='ocr_line' id='line_1_68' title="bbox 449 3611 2032 3685; baseline -0.003 -14"><span class='ocrx_word' id='word_1_491' title='bbox 449 3630 668 3682; x_wconf 88' lang='lat' dir='ltr'><strong>creare,</strong></span> <span class='ocrx_word' id='word_1_492' title='bbox 705 3623 762 3671; x_wconf 89' lang='lat' dir='ltr'><strong>et</strong></span> <span class='ocrx_word' id='word_1_493' title='bbox 798 3629 1007 3685; x_wconf 83' lang='lat' dir='ltr'><strong>paucos</strong></span> <span class='ocrx_word' id='word_1_494' title='bbox 1055 3611 1347 3669; x_wconf 85' lang='lat' dir='ltr'><strong>admodum</strong></span> <span class='ocrx_word' id='word_1_495' title='bbox 1383 3614 1564 3684; x_wconf 86' lang='lat' dir='ltr'><strong>pisces</strong></span> <span class='ocrx_word' id='word_1_496' title='bbox 1606 3621 1856 3683; x_wconf 89' lang='lat' dir='ltr'><strong>repertos</strong></span> <span class='ocrx_word' id='word_1_497' title='bbox 1886 3614 2032 3669; x_wconf 84' lang='lat' dir='ltr'><strong>divi-</strong></span> 
     </span>
    </p>
   </div>
   <div class='ocr_carea' id='block_1_69' title="bbox 453 3692 2034 3777">
    <p class='ocr_par' dir='ltr' id='par_1_69' title="bbox 453 3692 2034 3777">
     <span class='ocr_line' id='line_1_69' title="bbox 453 3692 2034 3777; baseline -0.003 -13"><span class='ocrx_word' id='word_1_498' title='bbox 453 3709 605 3764; x_wconf 88' lang='lat' dir='ltr'><strong>nitus</strong></span> <span class='ocrx_word' id='word_1_499' title='bbox 654 3707 1046 3777; x_wconf 87' lang='lat' dir='ltr'><strong>multiplicare,</strong></span> <span class='ocrx_word' id='word_1_500' title='bbox 1096 3706 1340 3761; x_wconf 88' lang='lat' dir='ltr'><strong>alienum</strong></span> <span class='ocrx_word' id='word_1_501' title='bbox 1391 3721 1500 3761; x_wconf 92' lang='lat' dir='ltr'><strong>non</strong></span> <span class='ocrx_word' id='word_1_502' title='bbox 1541 3721 1667 3764; x_wconf 89' lang='lat' dir='ltr'><strong>esse</strong></span> <span class='ocrx_word' id='word_1_503' title='bbox 1715 3706 1784 3761; x_wconf 87' lang='lat' dir='ltr'><strong>ab</strong></span> <span class='ocrx_word' id='word_1_504' title='bbox 1824 3721 1892 3762; x_wconf 89' lang='lat' dir='ltr'><strong>co</strong></span> <span class='ocrx_word' id='word_1_505' title='bbox 1937 3692 2034 3776; x_wconf 87' lang='lat' dir='ltr'><strong>qui</strong></span> 
     </span>
    </p>
   </div>
   <div class='ocr_carea' id='block_1_70' title="bbox 451 3798 2032 3870">
    <p class='ocr_par' dir='ltr' id='par_1_70' title="bbox 451 3798 2032 3870">
     <span class='ocr_line' id='line_1_70' title="bbox 451 3798 2032 3870; baseline -0.003 -16"><span class='ocrx_word' id='word_1_506' title='bbox 451 3814 614 3870; x_wconf 64' lang='lat' dir='ltr'><strong>aquae</strong></span> <span class='ocrx_word' id='word_1_507' title='bbox 643 3807 895 3854; x_wconf 88' lang='lat' dir='ltr'><strong>naturam</strong></span> <span class='ocrx_word' id='word_1_508' title='bbox 929 3798 985 3853; x_wconf 90' lang='lat' dir='ltr'><strong>in</strong></span> <span class='ocrx_word' id='word_1_509' title='bbox 1021 3802 1209 3853; x_wconf 86' lang='lat' dir='ltr'><strong>vinum</strong></span> <span class='ocrx_word' id='word_1_510' title='bbox 1249 3799 1505 3862; x_wconf 82' lang='lat' dir='ltr'><strong>mutavit,</strong></span> <span class='ocrx_word' id='word_1_511' title='bbox 1540 3799 1635 3869; x_wconf 89' lang='lat' dir='ltr'><strong>qui</strong></span> <span class='ocrx_word' id='word_1_512' title='bbox 1668 3798 2032 3870; x_wconf 85' lang='lat' dir='ltr'><strong>paralyticum</strong></span> 
     </span>
    </p>
   </div>
   <div class='ocr_carea' id='block_1_71' title="bbox 452 3889 2037 3958">
    <p class='ocr_par' dir='ltr' id='par_1_71' title="bbox 452 3889 2037 3958">
     <span class='ocr_line' id='line_1_71' title="bbox 452 3889 2037 3958; baseline -0.003 -9"><span class='ocrx_word' id='word_1_513' title='bbox 452 3893 692 3958; x_wconf 83' lang='lat' dir='ltr'><strong>sanavit,</strong></span> <span class='ocrx_word' id='word_1_514' title='bbox 719 3901 775 3947; x_wconf 91' lang='lat' dir='ltr'><strong>et</strong></span> <span class='ocrx_word' id='word_1_515' title='bbox 797 3900 910 3946; x_wconf 86' lang='lat' dir='ltr'><strong>tam</strong></span> <span class='ocrx_word' id='word_1_516' title='bbox 944 3891 1270 3947; x_wconf 79' lang='lat' dir='ltr'><strong>diuturnum</strong></span> <span class='ocrx_word' id='word_1_517' title='bbox 1306 3892 1562 3946; x_wconf 88' lang='lat' dir='ltr'><strong>morbum</strong></span> <span class='ocrx_word' id='word_1_518' title='bbox 1594 3906 1707 3946; x_wconf 90' lang='lat' dir='ltr'><strong>uno</strong></span> <span class='ocrx_word' id='word_1_519' title='bbox 1739 3892 1909 3947; x_wconf 86' lang='lat' dir='ltr'><strong>verbo</strong></span> <span class='ocrx_word' id='word_1_520' title='bbox 1949 3889 2037 3945; x_wconf 82' lang='lat' dir='ltr'><strong>fu-</strong></span> 
     </span>
    </p>
   </div>
   <div class='ocr_carea' id='block_1_72' title="bbox 451 3983 2037 4057">
    <p class='ocr_par' dir='ltr' id='par_1_72' title="bbox 451 3983 2037 4057">
     <span class='ocr_line' id='line_1_72' title="bbox 451 3983 2037 4057; baseline -0.003 -16"><span class='ocrx_word' id='word_1_521' title='bbox 451 3986 620 4057; x_wconf 81' lang='lat' dir='ltr'><strong>gavit.</strong></span> <span class='ocrx_word' id='word_1_522' title='bbox 657 3984 762 4053; x_wconf 90' lang='lat' dir='ltr'><strong>Qui</strong></span> <span class='ocrx_word' id='word_1_523' title='bbox 802 3987 949 4041; x_wconf 92' lang='lat' dir='ltr'><strong>enim</strong></span> <span class='ocrx_word' id='word_1_524' title='bbox 1007 3986 1099 4041; x_wconf 90' lang='lat' dir='ltr'><strong>illa</strong></span> <span class='ocrx_word' id='word_1_525' title='bbox 1150 3986 1352 4057; x_wconf 89' lang='lat' dir='ltr'><strong>potuit,</strong></span> <span class='ocrx_word' id='word_1_526' title='bbox 1394 3985 1677 4057; x_wconf 89' lang='lat' dir='ltr'><strong>quomodo</strong></span> <span class='ocrx_word' id='word_1_527' title='bbox 1726 3998 1839 4039; x_wconf 90' lang='lat' dir='ltr'><strong>non</strong></span> <span class='ocrx_word' id='word_1_528' title='bbox 1886 3983 2037 4038; x_wconf 90' lang='lat' dir='ltr'><strong>istud</strong></span> 
     </span>
    </p>
   </div>
   <div class='ocr_carea' id='block_1_73' title="bbox 450 4075 2038 4149">
    <p class='ocr_par' dir='ltr' id='par_1_73' title="bbox 450 4075 2038 4149">
     <span class='ocr_line' id='line_1_73' title="bbox 450 4075 2038 4149; baseline -0.002 -17"><span class='ocrx_word' id='word_1_529' title='bbox 450 4094 675 4149; x_wconf 87' lang='lat' dir='ltr'><strong>quoque</strong></span> <span class='ocrx_word' id='word_1_530' title='bbox 720 4077 963 4134; x_wconf 75' lang='lat' dir='ltr'><strong>elﬁciet?</strong></span> <span class='ocrx_word' id='word_1_531' title='bbox 1011 4077 1196 4145; x_wconf 85' lang='lat' dir='ltr'><strong>Quare</strong></span> <span class='ocrx_word' id='word_1_532' title='bbox 1241 4079 1576 4135; x_wconf 78' lang='lat' dir='ltr'><strong>imbecillius</strong></span> <span class='ocrx_word' id='word_1_533' title='bbox 1627 4075 2038 4147; x_wconf 84' lang='lat' dir='ltr'><strong>quodammodo</strong></span> 
     </span>
    </p>
   </div>
   <div class='ocr_carea' id='block_1_74' title="bbox 450 4168 2035 4242">
    <p class='ocr_par' dir='ltr' id='par_1_74' title="bbox 450 4168 2035 4242">
     <span class='ocr_line' id='line_1_74' title="bbox 450 4168 2035 4242; baseline -0.001 -18"><span class='ocrx_word' id='word_1_534' title='bbox 450 4186 616 4241; x_wconf 85' lang='lat' dir='ltr'><strong>quam</strong></span> <span class='ocrx_word' id='word_1_535' title='bbox 665 4171 894 4227; x_wconf 89' lang='lat' dir='ltr'><strong>decebat</strong></span> <span class='ocrx_word' id='word_1_536' title='bbox 940 4186 1040 4242; x_wconf 86' lang='lat' dir='ltr'><strong>par</strong></span> <span class='ocrx_word' id='word_1_537' title='bbox 1092 4172 1227 4226; x_wconf 88' lang='lat' dir='ltr'><strong>illud</strong></span> <span class='ocrx_word' id='word_1_538' title='bbox 1276 4170 1682 4241; x_wconf 88' lang='lat' dir='ltr'><strong>discipulorum</strong></span> <span class='ocrx_word' id='word_1_539' title='bbox 1730 4168 2035 4238; x_wconf 88' lang='lat' dir='ltr'><strong>respondit.</strong></span> 
     </span>
    </p>
   </div>
   <div class='ocr_carea' id='block_1_75' title="bbox 450 4259 2039 4329">
    <p class='ocr_par' dir='ltr' id='par_1_75' title="bbox 450 4259 2039 4329">
     <span class='ocr_line' id='line_1_75' title="bbox 450 4259 2039 4329; baseline -0.002 -12"><span class='ocrx_word' id='word_1_540' title='bbox 450 4262 745 4329; x_wconf 68' lang='lat' dir='ltr'><strong>Caeterum,</strong></span> <span class='ocrx_word' id='word_1_541' title='bbox 774 4262 866 4317; x_wconf 89' lang='lat' dir='ltr'><strong>hic</strong></span> <span class='ocrx_word' id='word_1_542' title='bbox 891 4260 1300 4318; x_wconf 85' lang='lat' dir='ltr'><strong>observandum</strong></span> <span class='ocrx_word' id='word_1_543' title='bbox 1335 4268 1420 4316; x_wconf 89' lang='lat' dir='ltr'><strong>est</strong></span> <span class='ocrx_word' id='word_1_544' title='bbox 1450 4259 1635 4317; x_wconf 87' lang='lat' dir='ltr'><strong>denuo</strong></span> <span class='ocrx_word' id='word_1_545' title='bbox 1692 4275 1805 4315; x_wconf 92' lang='lat' dir='ltr'><strong>non</strong></span> <span class='ocrx_word' id='word_1_546' title='bbox 1838 4259 2039 4315; x_wconf 89' lang='lat' dir='ltr'><strong>inutile</strong></span> 
     </span>
    </p>
   </div>
   <div class='ocr_carea' id='block_1_76' title="bbox 454 4350 2036 4424">
    <p class='ocr_par' dir='ltr' id='par_1_76' title="bbox 454 4350 2036 4424">
     <span class='ocr_line' id='line_1_76' title="bbox 454 4350 2036 4424; baseline -0.001 -14"><span class='ocrx_word' id='word_1_547' title='bbox 454 4370 602 4424; x_wconf 58' lang='lat' dir='ltr'><strong>saepe</strong></span> <span class='ocrx_word' id='word_1_548' title='bbox 624 4353 832 4408; x_wconf 86' lang='lat' dir='ltr'><strong>sanctis</strong></span> <span class='ocrx_word' id='word_1_549' title='bbox 857 4368 1002 4419; x_wconf 79' lang='lat' dir='ltr'><strong>esse,</strong></span> <span class='ocrx_word' id='word_1_550' title='bbox 1040 4352 1191 4424; x_wconf 90' lang='lat' dir='ltr'><strong>quod</strong></span> <span class='ocrx_word' id='word_1_551' title='bbox 1223 4351 1481 4406; x_wconf 87' lang='lat' dir='ltr'><strong>videntur</strong></span> <span class='ocrx_word' id='word_1_552' title='bbox 1510 4351 1704 4407; x_wconf 88' lang='lat' dir='ltr'><strong>leviter</strong></span> <span class='ocrx_word' id='word_1_553' title='bbox 1742 4350 2036 4418; x_wconf 82' lang='lat' dir='ltr'><strong>cecidisse,</strong></span> 
     </span>
    </p>
   </div>
   <div class='ocr_carea' id='block_1_77' title="bbox 456 4442 2038 4515">
    <p class='ocr_par' dir='ltr' id='par_1_77' title="bbox 456 4442 2038 4515">
     <span class='ocr_line' id='line_1_77' title="bbox 456 4442 2038 4515; baseline -0.001 -14"><span class='ocrx_word' id='word_1_554' title='bbox 456 4447 552 4501; x_wconf 88' lang='lat' dir='ltr'><strong>sed</strong></span> <span class='ocrx_word' id='word_1_555' title='bbox 583 4444 748 4501; x_wconf 88' lang='lat' dir='ltr'><strong>habet</strong></span> <span class='ocrx_word' id='word_1_556' title='bbox 774 4444 984 4515; x_wconf 90' lang='lat' dir='ltr'><strong>aliquid</strong></span> <span class='ocrx_word' id='word_1_557' title='bbox 1015 4458 1316 4509; x_wconf 82' lang='lat' dir='ltr'><strong>annexum,</strong></span> <span class='ocrx_word' id='word_1_558' title='bbox 1347 4442 1496 4513; x_wconf 89' lang='lat' dir='ltr'><strong>quod</strong></span> <span class='ocrx_word' id='word_1_559' title='bbox 1526 4443 1606 4497; x_wconf 88' lang='lat' dir='ltr'><strong>rei</strong></span> <span class='ocrx_word' id='word_1_560' title='bbox 1658 4451 1869 4499; x_wconf 68' lang='lat' dir='ltr'><strong>naturae</strong></span> <span class='ocrx_word' id='word_1_561' title='bbox 1897 4458 2038 4500; x_wconf 89' lang='lat' dir='ltr'><strong>con-</strong></span> 
     </span>
    </p>
   </div>
   <div class='ocr_carea' id='block_1_78' title="bbox 2130 3270 3721 3345">
    <p class='ocr_par' dir='ltr' id='par_1_78' title="bbox 2130 3270 3721 3345">
     <span class='ocr_line' id='line_1_78' title="bbox 2130 3270 3721 3345; baseline -0.002 -19"><span class='ocrx_word' id='word_1_562' title='bbox 2130 3273 2327 3345; x_wconf 78' lang='grc' dir='ltr'>όρᾶται</span> <span class='ocrx_word' id='word_1_563' title='bbox 2353 3273 2481 3344; x_wconf 80' lang='grc' dir='ltr'><strong>περί</strong></span> <span class='ocrx_word' id='word_1_564' title='bbox 2503 3272 2602 3344; x_wconf 81' lang='grc' dir='ltr'>τὴν</span> <span class='ocrx_word' id='word_1_565' title='bbox 2639 3273 2824 3326; x_wconf 90' lang='grc' dir='ltr'>πίστιν</span> <span class='ocrx_word' id='word_1_566' title='bbox 2849 3288 2863 3303; x_wconf 77' lang='grc' dir='ltr'><strong>ο</strong></span> <span class='ocrx_word' id='word_1_567' title='bbox 2907 3271 3086 3326; x_wconf 82' lang='grc' dir='ltr'>ταῦτα</span> <span class='ocrx_word' id='word_1_568' title='bbox 3130 3272 3241 3345; x_wconf 77' lang='grc' dir='ltr'><strong>γὰρ</strong></span> <span class='ocrx_word' id='word_1_569' title='bbox 3270 3270 3324 3325; x_wconf 92' lang='grc' dir='ltr'><strong>τί</strong></span> <span class='ocrx_word' id='word_1_570' title='bbox 3352 3272 3501 3332; x_wconf 73' lang='grc' dir='ltr'>ἐστι,</span> <span class='ocrx_word' id='word_1_571' title='bbox 3531 3270 3721 3341; x_wconf 65' lang='grc' dir='ltr'>φησιν,</span> 
     </span>
    </p>
   </div>
   <div class='ocr_carea' id='block_1_79' title="bbox 2130 3359 3724 3434">
    <p class='ocr_par' dir='ltr' id='par_1_79' title="bbox 2130 3359 3724 3434">
     <span class='ocr_line' id='line_1_79' title="bbox 2130 3359 3724 3434; baseline -0.001 -18"><span class='ocrx_word' id='word_1_572' title='bbox 2130 3366 2210 3427; x_wconf 91' lang='grc' dir='ltr'><strong>εἰς</strong></span> <span class='ocrx_word' id='word_1_573' title='bbox 2256 3362 2583 3429; x_wconf 85' lang='grc' dir='ltr'>τοσούτους;</span> <span class='ocrx_word' id='word_1_574' title='bbox 2630 3361 2857 3427; x_wconf 83' lang='grc' dir='ltr'>Καίτοι,</span> <span class='ocrx_word' id='word_1_575' title='bbox 2924 3362 3033 3434; x_wconf 82' lang='grc' dir='ltr'>χρὴ</span> <span class='ocrx_word' id='word_1_576' title='bbox 3092 3359 3200 3432; x_wconf 82' lang='grc' dir='ltr'><strong>γὰρ</strong></span> <span class='ocrx_word' id='word_1_577' title='bbox 3246 3360 3349 3433; x_wconf 79' lang='grc' dir='ltr'>ήδη</span> <span class='ocrx_word' id='word_1_578' title='bbox 3391 3359 3574 3427; x_wconf 79' lang='grc' dir='ltr'>λέγειν</span> <span class='ocrx_word' id='word_1_579' title='bbox 3621 3360 3724 3431; x_wconf 78' lang='grc' dir='ltr'>οὐχ</span> 
     </span>
    </p>
   </div>
   <div class='ocr_carea' id='block_1_80' title="bbox 2131 3450 3726 3525">
    <p class='ocr_par' dir='ltr' id='par_1_80' title="bbox 2131 3450 3726 3525">
     <span class='ocr_line' id='line_1_80' title="bbox 2131 3450 3726 3525; baseline -0.002 -16"><span class='ocrx_word' id='word_1_580' title='bbox 2131 3452 2584 3525; x_wconf 78' lang='grc' dir='ltr'>ύπεσταλμένως,</span> <span class='ocrx_word' id='word_1_581' title='bbox 2651 3454 2853 3525; x_wconf 80' lang='grc' dir='ltr'>μᾶλλον</span> <span class='ocrx_word' id='word_1_582' title='bbox 2895 3453 2954 3508; x_wconf 84' lang='grc' dir='ltr'>δὲ</span> <span class='ocrx_word' id='word_1_583' title='bbox 2983 3454 3063 3508; x_wconf 82' lang='grc' dir='ltr'>δεῖ</span> <span class='ocrx_word' id='word_1_584' title='bbox 3093 3451 3229 3523; x_wconf 78' lang='grc' dir='ltr'>πρὸς</span> <span class='ocrx_word' id='word_1_585' title='bbox 3248 3452 3553 3523; x_wconf 80' lang='grc' dir='ltr'>ἀνάμνησιν</span> <span class='ocrx_word' id='word_1_586' title='bbox 3585 3450 3726 3506; x_wconf 83' lang='grc' dir='ltr'>ἰέναι</span> 
     </span>
    </p>
   </div>
   <div class='ocr_carea' id='block_1_81' title="bbox 2132 3541 3727 3619">
    <p class='ocr_par' dir='ltr' id='par_1_81' title="bbox 2132 3541 3727 3619">
     <span class='ocr_line' id='line_1_81' title="bbox 2132 3541 3727 3619; baseline -0.003 -19"><span class='ocrx_word' id='word_1_587' title='bbox 2132 3547 2348 3619; x_wconf 89' lang='grc' dir='ltr'>γοργῶς</span> <span class='ocrx_word' id='word_1_588' title='bbox 2386 3546 2496 3599; x_wconf 86' lang='grc' dir='ltr'><strong>τῶν</strong></span> <span class='ocrx_word' id='word_1_589' title='bbox 2536 3545 2639 3618; x_wconf 74' lang='grc' dir='ltr'>ἤδη</span> <span class='ocrx_word' id='word_1_590' title='bbox 2679 3544 3000 3619; x_wconf 85' lang='grc' dir='ltr'>παραδόξως</span> <span class='ocrx_word' id='word_1_591' title='bbox 3040 3544 3476 3616; x_wconf 78' lang='grc' dir='ltr'>τετελεσμένων,</span> <span class='ocrx_word' id='word_1_592' title='bbox 3507 3541 3727 3612; x_wconf 78' lang='grc' dir='ltr'>λογίζε-</span> 
     </span>
    </p>
   </div>
   <div class='ocr_carea' id='block_1_82' title="bbox 2134 3633 3728 3710">
    <p class='ocr_par' dir='ltr' id='par_1_82' title="bbox 2134 3633 3728 3710">
     <span class='ocr_line' id='line_1_82' title="bbox 2134 3633 3728 3710; baseline -0.001 -20"><span class='ocrx_word' id='word_1_593' title='bbox 2134 3638 2259 3692; x_wconf 89' lang='grc' dir='ltr'>σθαι</span> <span class='ocrx_word' id='word_1_594' title='bbox 2281 3637 2338 3692; x_wconf 84' lang='grc' dir='ltr'><strong>δέ</strong></span> <span class='ocrx_word' id='word_1_595' title='bbox 2364 3638 2447 3692; x_wconf 82' lang='grc' dir='ltr'><strong>δτι</strong></span> <span class='ocrx_word' id='word_1_596' title='bbox 2472 3636 2622 3705; x_wconf 81' lang='grc' dir='ltr'>ξένον</span> <span class='ocrx_word' id='word_1_597' title='bbox 2652 3633 2719 3710; x_wconf 76' lang='grc' dir='ltr'>ἦν</span> <span class='ocrx_word' id='word_1_598' title='bbox 2752 3637 2913 3710; x_wconf 65' lang='grc' dir='ltr'>ἔργον</span> <span class='ocrx_word' id='word_1_599' title='bbox 2954 3636 2989 3707; x_wconf 84' lang='grc' dir='ltr'>ἢ</span> <span class='ocrx_word' id='word_1_600' title='bbox 3048 3636 3143 3692; x_wconf 72' lang='grc' dir='ltr'><strong>καί⁸</strong></span> <span class='ocrx_word' id='word_1_601' title='bbox 3169 3635 3450 3707; x_wconf 85' lang='grc' dir='ltr'>ἀλλότριον</span> <span class='ocrx_word' id='word_1_602' title='bbox 3473 3634 3728 3706; x_wconf 77' lang='grc' dir='ltr'>οὐδαμῶς</span> 
     </span>
    </p>
   </div>
   <div class='ocr_carea' id='block_1_83' title="bbox 2135 3724 3725 3803">
    <p class='ocr_par' dir='ltr' id='par_1_83' title="bbox 2135 3724 3725 3803">
     <span class='ocr_line' id='line_1_83' title="bbox 2135 3724 3725 3803; baseline -0.003 -19"><span class='ocrx_word' id='word_1_603' title='bbox 2135 3729 2228 3784; x_wconf 78' lang='grc' dir='ltr'>τοῦ</span> <span class='ocrx_word' id='word_1_604' title='bbox 2262 3731 2767 3803; x_wconf 81' lang='grc' dir='ltr'>μετασκευάσαντος</span> <span class='ocrx_word' id='word_1_605' title='bbox 2788 3732 2868 3793; x_wconf 81' lang='grc' dir='ltr'><strong>εἰς</strong></span> <span class='ocrx_word' id='word_1_606' title='bbox 2895 3724 3038 3784; x_wconf 82' lang='grc' dir='ltr'>οἶνον</span> <span class='ocrx_word' id='word_1_607' title='bbox 3061 3729 3159 3801; x_wconf 82' lang='grc' dir='ltr'>τὴν</span> <span class='ocrx_word' id='word_1_608' title='bbox 3189 3726 3283 3782; x_wconf 83' lang='grc' dir='ltr'>τοῦ</span> <span class='ocrx_word' id='word_1_609' title='bbox 3314 3726 3504 3792; x_wconf 74' lang='grc' dir='ltr'>ὓδατος</span> <span class='ocrx_word' id='word_1_610' title='bbox 3536 3728 3725 3799; x_wconf 82' lang='grc' dir='ltr'>φύσιν,</span> 
     </span>
    </p>
   </div>
   <div class='ocr_carea' id='block_1_84' title="bbox 2132 3817 3725 3894">
    <p class='ocr_par' dir='ltr' id='par_1_84' title="bbox 2132 3817 3725 3894">
     <span class='ocr_line' id='line_1_84' title="bbox 2132 3817 3725 3894; baseline -0.003 -18"><span class='ocrx_word' id='word_1_611' title='bbox 2132 3822 2227 3876; x_wconf 80' lang='grc' dir='ltr'><strong>τοῦ</strong></span> <span class='ocrx_word' id='word_1_612' title='bbox 2255 3821 2694 3894; x_wconf 82' lang='grc' dir='ltr'>θεραπεύσαντος</span> <span class='ocrx_word' id='word_1_613' title='bbox 2712 3820 2803 3876; x_wconf 79' lang='grc' dir='ltr'>τὸν</span> <span class='ocrx_word' id='word_1_614' title='bbox 2825 3821 3137 3894; x_wconf 85' lang='grc' dir='ltr'>παράλυτον</span> <span class='ocrx_word' id='word_1_615' title='bbox 3157 3858 3175 3884; x_wconf 91' lang='grc'><strong>,</strong></span> <span class='ocrx_word' id='word_1_616' title='bbox 3206 3818 3302 3873; x_wconf 77' lang='grc' dir='ltr'>καὶ</span> <span class='ocrx_word' id='word_1_617' title='bbox 3320 3819 3422 3886; x_wconf 83' lang='grc' dir='ltr'>τὴν</span> <span class='ocrx_word' id='word_1_618' title='bbox 3441 3817 3585 3873; x_wconf 78' lang='grc' dir='ltr'>οὕτω</span> <span class='ocrx_word' id='word_1_619' title='bbox 3617 3834 3725 3887; x_wconf 89' lang='grc' dir='ltr'>μα·-</span> 
     </span>
    </p>
   </div>
   <div class='ocr_carea' id='block_1_85' title="bbox 2138 3907 3729 3984">
    <p class='ocr_par' dir='ltr' id='par_1_85' title="bbox 2138 3907 3729 3984">
     <span class='ocr_line' id='line_1_85' title="bbox 2138 3907 3729 3984; baseline -0.004 -17"><span class='ocrx_word' id='word_1_620' title='bbox 2138 3913 2277 3984; x_wconf 78' lang='grc' dir='ltr'>κρὰν</span> <span class='ocrx_word' id='word_1_621' title='bbox 2303 3909 2617 3984; x_wconf 74' lang='grc' dir='ltr'>ἀρρωστίαν</span> <span class='ocrx_word' id='word_1_622' title='bbox 2664 3912 2746 3968; x_wconf 79' lang='grc' dir='ltr'>ἐνὶ</span> <span class='ocrx_word' id='word_1_623' title='bbox 2784 3910 3259 3983; x_wconf 78' lang='grc' dir='ltr'>κατασοὸήσαντος</span> <span class='ocrx_word' id='word_1_624' title='bbox 3295 3908 3477 3980; x_wconf 84' lang='grc' dir='ltr'>λόγῳ,</span> <span class='ocrx_word' id='word_1_625' title='bbox 3531 3907 3629 3962; x_wconf 68' lang='grc' dir='ltr'>καὶ</span> <span class='ocrx_word' id='word_1_626' title='bbox 3661 3909 3729 3961; x_wconf 84' lang='grc' dir='ltr'><strong>ἐκ</strong></span> 
     </span>
    </p>
   </div>
   <div class='ocr_carea' id='block_1_86' title="bbox 2136 3996 3727 4073">
    <p class='ocr_par' dir='ltr' id='par_1_86' title="bbox 2136 3996 3727 4073">
     <span class='ocr_line' id='line_1_86' title="bbox 2136 3996 3727 4073; baseline -0.002 -19"><span class='ocrx_word' id='word_1_627' title='bbox 2136 3999 2229 4054; x_wconf 83' lang='grc' dir='ltr'>τοῦ</span> <span class='ocrx_word' id='word_1_628' title='bbox 2263 4000 2339 4071; x_wconf 83' lang='grc' dir='ltr'>μὴ</span> <span class='ocrx_word' id='word_1_629' title='bbox 2380 4000 2532 4064; x_wconf 76' lang='grc' dir='ltr'>ὄντος</span> <span class='ocrx_word' id='word_1_630' title='bbox 2557 4000 2965 4073; x_wconf 86' lang='grc' dir='ltr'>δημιουργῆσαι</span> <span class='ocrx_word' id='word_1_631' title='bbox 2996 3996 3205 4073; x_wconf 79' lang='grc' dir='ltr'>τροφὰς</span> <span class='ocrx_word' id='word_1_632' title='bbox 3228 4039 3243 4065; x_wconf 90' lang='grc'><strong>,</strong></span> <span class='ocrx_word' id='word_1_633' title='bbox 3292 3998 3389 4053; x_wconf 73' lang='grc' dir='ltr'><strong>καί⁷</strong></span> <span class='ocrx_word' id='word_1_634' title='bbox 3411 3997 3604 4067; x_wconf 87' lang='grc' dir='ltr'>ὀλίγας</span> <span class='ocrx_word' id='word_1_635' title='bbox 3635 4013 3727 4051; x_wconf 80' lang='grc' dir='ltr'>κο-</span> 
     </span>
    </p>
   </div>
   <div class='ocr_carea' id='block_1_87' title="bbox 2139 4088 3727 4165">
    <p class='ocr_par' dir='ltr' id='par_1_87' title="bbox 2139 4088 3727 4165">
     <span class='ocr_line' id='line_1_87' title="bbox 2139 4088 3727 4165; baseline -0.002 -20"><span class='ocrx_word' id='word_1_636' title='bbox 2139 4092 2266 4164; x_wconf 82' lang='grc' dir='ltr'>μιδῇ</span> <span class='ocrx_word' id='word_1_637' title='bbox 2313 4092 2409 4156; x_wconf 86' lang='grc' dir='ltr'><strong>τάς</strong></span> <span class='ocrx_word' id='word_1_638' title='bbox 2437 4091 2757 4165; x_wconf 76' lang='grc' dir='ltr'>ηὑρημένας</span> <span class='ocrx_word' id='word_1_639' title='bbox 2786 4092 3221 4147; x_wconf 88' lang='grc' dir='ltr'>πολυπλασιάσαι</span> <span class='ocrx_word' id='word_1_640' title='bbox 3256 4089 3474 4155; x_wconf 87' lang='grc' dir='ltr'>θεῐκῶς.</span> <span class='ocrx_word' id='word_1_641' title='bbox 3517 4091 3581 4143; x_wconf 82' lang='grc' dir='ltr'><strong>Ἥ</strong></span> <span class='ocrx_word' id='word_1_642' title='bbox 3618 4088 3727 4158; x_wconf 77' lang='grc' dir='ltr'>γὰρ</span> 
     </span>
    </p>
   </div>
   <div class='ocr_carea' id='block_1_88' title="bbox 2137 4176 3727 4253">
    <p class='ocr_par' dir='ltr' id='par_1_88' title="bbox 2137 4176 3727 4253">
     <span class='ocr_line' id='line_1_88' title="bbox 2137 4176 3727 4253; baseline -0.003 -17"><span class='ocrx_word' id='word_1_643' title='bbox 2137 4184 2197 4236; x_wconf 92' lang='grc' dir='ltr'><strong>ἐν</strong></span> <span class='ocrx_word' id='word_1_644' title='bbox 2224 4184 2456 4247; x_wconf 86' lang='grc' dir='ltr'>ἐκείνοις</span> <span class='ocrx_word' id='word_1_645' title='bbox 2487 4181 2707 4247; x_wconf 78' lang='grc' dir='ltr'>ἐξουσία</span> <span class='ocrx_word' id='word_1_646' title='bbox 2725 4224 2741 4250; x_wconf 89' lang='grc'><strong>,</strong></span> <span class='ocrx_word' id='word_1_647' title='bbox 2785 4183 2905 4245; x_wconf 87' lang='grc' dir='ltr'><strong>πῶς</strong></span> <span class='ocrx_word' id='word_1_648' title='bbox 2936 4183 3037 4235; x_wconf 84' lang='grc' dir='ltr'>οὐκ</span> <span class='ocrx_word' id='word_1_649' title='bbox 3060 4181 3126 4236; x_wconf 81' lang='grc' dir='ltr'>ἂν</span> <span class='ocrx_word' id='word_1_650' title='bbox 3154 4180 3267 4253; x_wconf 81' lang='grc' dir='ltr'>ἔχοι</span> <span class='ocrx_word' id='word_1_651' title='bbox 3297 4180 3394 4234; x_wconf 70' lang='grc' dir='ltr'>καὶ</span> <span class='ocrx_word' id='word_1_652' title='bbox 3423 4178 3485 4233; x_wconf 85' lang='grc' dir='ltr'>τὸ</span> <span class='ocrx_word' id='word_1_653' title='bbox 3510 4179 3569 4232; x_wconf 86' lang='grc' dir='ltr'><strong>ἐν</strong></span> <span class='ocrx_word' id='word_1_654' title='bbox 3602 4176 3727 4232; x_wconf 84' lang='grc' dir='ltr'>τού-</span> 
     </span>
    </p>
   </div>
   <div class='ocr_carea' id='block_1_89' title="bbox 2136 4268 3728 4344">
    <p class='ocr_par' dir='ltr' id='par_1_89' title="bbox 2136 4268 3728 4344">
     <span class='ocr_line' id='line_1_89' title="bbox 2136 4268 3728 4344; baseline -0.004 -18"><span class='ocrx_word' id='word_1_655' title='bbox 2136 4288 2253 4336; x_wconf 85' lang='grc' dir='ltr'>τοις</span> <span class='ocrx_word' id='word_1_656' title='bbox 2270 4272 2592 4341; x_wconf 72' lang='grc' dir='ltr'>δραστικόνς</span> <span class='ocrx_word' id='word_1_657' title='bbox 2628 4271 2839 4326; x_wconf 83' lang='grc' dir='ltr'>Οὐκοῦν</span> <span class='ocrx_word' id='word_1_658' title='bbox 2872 4270 3265 4343; x_wconf 75' lang='grc' dir='ltr'>ἀδρανεστερον</span> <span class='ocrx_word' id='word_1_659' title='bbox 3288 4270 3387 4344; x_wconf 80' lang='grc' dir='ltr'>μέν</span> <span class='ocrx_word' id='word_1_660' title='bbox 3419 4286 3559 4334; x_wconf 78' lang='grc' dir='ltr'>πως,</span> <span class='ocrx_word' id='word_1_661' title='bbox 3578 4268 3728 4339; x_wconf 73' lang='grc' dir='ltr'>ἥπερ</span> 
     </span>
    </p>
   </div>
   <div class='ocr_carea' id='block_1_90' title="bbox 2139 4357 3729 4439">
    <p class='ocr_par' dir='ltr' id='par_1_90' title="bbox 2139 4357 3729 4439">
     <span class='ocr_line' id='line_1_90' title="bbox 2139 4357 3729 4439; baseline -0.007 -20"><span class='ocrx_word' id='word_1_662' title='bbox 2139 4365 2308 4436; x_wconf 88' lang='grc' dir='ltr'>ἐχρῆν</span> <span class='ocrx_word' id='word_1_663' title='bbox 2368 4369 2403 4439; x_wconf 79' lang='grc' dir='ltr'><strong>ἡ</strong></span> <span class='ocrx_word' id='word_1_664' title='bbox 2439 4364 2550 4419; x_wconf 88' lang='grc' dir='ltr'><strong>τῶν</strong></span> <span class='ocrx_word' id='word_1_665' title='bbox 2603 4362 2861 4436; x_wconf 86' lang='grc' dir='ltr'>μαθητῶν</span> <span class='ocrx_word' id='word_1_666' title='bbox 2899 4362 3227 4435; x_wconf 86' lang='grc' dir='ltr'>ἀπεκρίνετο</span> <span class='ocrx_word' id='word_1_667' title='bbox 3276 4360 3507 4432; x_wconf 84' lang='grc' dir='ltr'>ξυνωρίς</span> <span class='ocrx_word' id='word_1_668' title='bbox 3578 4357 3729 4429; x_wconf 80' lang='grc' dir='ltr'>Πλὴν</span> 
     </span>
    </p>
   </div>
   <div class='ocr_carea' id='block_1_91' title="bbox 2140 4447 3729 4529">
    <p class='ocr_par' dir='ltr' id='par_1_91' title="bbox 2140 4447 3729 4529">
     <span class='ocr_line' id='line_1_91' title="bbox 2140 4447 3729 4529; baseline -0.004 -19"><span class='ocrx_word' id='word_1_669' title='bbox 2140 4455 2405 4529; x_wconf 81' lang='grc' dir='ltr'>ἀθρητέον</span> <span class='ocrx_word' id='word_1_670' title='bbox 2448 4457 2507 4509; x_wconf 89' lang='grc' dir='ltr'><strong>ἐν</strong></span> <span class='ocrx_word' id='word_1_671' title='bbox 2547 4455 2721 4527; x_wconf 84' lang='grc' dir='ltr'>τούτῳ</span> <span class='ocrx_word' id='word_1_672' title='bbox 2758 4454 2920 4509; x_wconf 90' lang='grc' dir='ltr'>πάλιν</span> <span class='ocrx_word' id='word_1_673' title='bbox 2957 4454 3167 4508; x_wconf 74' lang='grc' dir='ltr'>ἐκεῖνοο</span> <span class='ocrx_word' id='word_1_674' title='bbox 3217 4451 3287 4505; x_wconf 83' lang='grc' dir='ltr'><strong>τὰ</strong></span> <span class='ocrx_word' id='word_1_675' title='bbox 3327 4450 3437 4522; x_wconf 79' lang='grc' dir='ltr'><strong>γὰρ</strong></span> <span class='ocrx_word' id='word_1_676' title='bbox 3464 4447 3729 4503; x_wconf 75' lang='grc' dir='ltr'>δοκοῦντα</span> 
     </span>
    </p>
   </div>
   <div class='ocr_carea' id='block_1_92' title="bbox 456 4523 2032 4617">
    <p class='ocr_par' dir='ltr' id='par_1_92' title="bbox 456 4530 2032 4603">
     <span class='ocr_line' id='line_1_92' title="bbox 456 4530 2032 4603; baseline 0 -15"><span class='ocrx_word' id='word_1_677' title='bbox 456 4532 630 4598; x_wconf 86' lang='lat' dir='ltr'><strong>ducit,</strong></span> <span class='ocrx_word' id='word_1_678' title='bbox 660 4547 790 4603; x_wconf 75' lang='lat' dir='ltr'><strong>erga</strong></span> <span class='ocrx_word' id='word_1_679' title='bbox 838 4547 1003 4603; x_wconf 88' lang='lat' dir='ltr'><strong>quam</strong></span> <span class='ocrx_word' id='word_1_680' title='bbox 1054 4530 1350 4586; x_wconf 69' lang='lat' dir='ltr'><strong>infirmitas</strong></span> <span class='ocrx_word' id='word_1_681' title='bbox 1373 4545 1564 4588; x_wconf 87' lang='lat' dir='ltr'><strong>eorum</strong></span> <span class='ocrx_word' id='word_1_682' title='bbox 1596 4540 1840 4589; x_wconf 87' lang='lat' dir='ltr'><strong>notetur.</strong></span> <span class='ocrx_word' id='word_1_683' title='bbox 1897 4533 2032 4588; x_wconf 88' lang='lat' dir='ltr'><strong>Nam</strong></span> 
     </span>
    </p>
   </div>
   <div class='ocr_carea' id='block_1_93' title="bbox 2135 4523 3729 4617">
    <p class='ocr_par' dir='ltr' id='par_1_93' title="bbox 2139 4523 3729 4617">
     <span class='ocr_line' id='line_1_93' title="bbox 2139 4523 3729 4617; baseline -0.006 -16"><span class='ocrx_word' id='word_1_684' title='bbox 2139 4523 2252 4612; x_wconf 69' lang='grc' dir='ltr'>τοίς</span> <span class='ocrx_word' id='word_1_685' title='bbox 2270 4523 2452 4617; x_wconf 37' lang='grc' dir='ltr'>’ἁγίοις</span> <span class='ocrx_word' id='word_1_686' title='bbox 2472 4544 2567 4600; x_wconf 68' lang='grc' dir='ltr'><strong>καί</strong></span> <span class='ocrx_word' id='word_1_687' title='bbox 2590 4523 2933 4601; x_wconf 81' lang='grc' dir='ltr'>διεπταῖσθαι</span> <span class='ocrx_word' id='word_1_688' title='bbox 2954 4544 3097 4599; x_wconf 86' lang='grc' dir='ltr'>κατὰ</span> <span class='ocrx_word' id='word_1_689' title='bbox 3120 4544 3317 4616; x_wconf 75' lang='grc' dir='ltr'>βραχὺ,</span> <span class='ocrx_word' id='word_1_690' title='bbox 3334 4540 3429 4595; x_wconf 79' lang='grc' dir='ltr'><strong>τοῦ</strong></span> <span class='ocrx_word' id='word_1_691' title='bbox 3455 4540 3729 4614; x_wconf 89' lang='grc' dir='ltr'>χρησίμου</span> 
     </span>
    </p>
   </div>
   <div class='ocr_carea' id='block_1_94' title="bbox 455 4624 2040 4698">
    <p class='ocr_par' dir='ltr' id='par_1_94' title="bbox 455 4624 2040 4698">
     <span class='ocr_line' id='line_1_94' title="bbox 455 4624 2040 4698; baseline 0.001 -19"><span class='ocrx_word' id='word_1_692' title='bbox 455 4639 583 4680; x_wconf 77' lang='lat' dir='ltr'><strong>eum</strong></span> <span class='ocrx_word' id='word_1_693' title='bbox 631 4625 922 4682; x_wconf 81' lang='lat' dir='ltr'><strong>memorati</strong></span> <span class='ocrx_word' id='word_1_694' title='bbox 967 4626 1148 4681; x_wconf 90' lang='lat' dir='ltr'><strong>sancti</strong></span> <span class='ocrx_word' id='word_1_695' title='bbox 1187 4624 1453 4696; x_wconf 86' lang='lat' dir='ltr'><strong>discipuli</strong></span> <span class='ocrx_word' id='word_1_696' title='bbox 1494 4636 1682 4682; x_wconf 74' lang='lat' dir='ltr'><strong>seCum</strong></span> <span class='ocrx_word' id='word_1_697' title='bbox 1726 4631 2040 4698; x_wconf 86' lang='lat' dir='ltr'><strong>putaverint</strong></span> 
     </span>
    </p>
   </div>
   <div class='ocr_carea' id='block_1_95' title="bbox 453 4722 2036 4794">
    <p class='ocr_par' dir='ltr' id='par_1_95' title="bbox 453 4722 2036 4794">
     <span class='ocr_line' id='line_1_95' title="bbox 453 4722 2036 4794; baseline 0.001 -16"><span class='ocrx_word' id='word_1_698' title='bbox 453 4731 510 4778; x_wconf 90' lang='lat' dir='ltr'><strong>et</strong></span> <span class='ocrx_word' id='word_1_699' title='bbox 541 4732 733 4794; x_wconf 88' lang='lat' dir='ltr'><strong>aperte</strong></span> <span class='ocrx_word' id='word_1_700' title='bbox 760 4723 1028 4786; x_wconf 78' lang='lat' dir='ltr'><strong>dixerint,</strong></span> <span class='ocrx_word' id='word_1_701' title='bbox 1060 4722 1153 4777; x_wconf 90' lang='lat' dir='ltr'><strong>ille</strong></span> <span class='ocrx_word' id='word_1_702' title='bbox 1184 4722 1432 4792; x_wconf 87' lang='lat' dir='ltr'><strong>quidem,</strong></span> <span class='ocrx_word' id='word_1_703' title='bbox 1459 4722 1827 4779; x_wconf 81' lang='lat' dir='ltr'><strong>ducentorum</strong></span> <span class='ocrx_word' id='word_1_704' title='bbox 1866 4724 2036 4781; x_wconf 48' lang='lat' dir='ltr'><strong>dena.</strong></span> 
     </span>
    </p>
   </div>
   <div class='ocr_carea' id='block_1_96' title="bbox 456 4812 2041 4887">
    <p class='ocr_par' dir='ltr' id='par_1_96' title="bbox 456 4812 2041 4887">
     <span class='ocr_line' id='line_1_96' title="bbox 456 4812 2041 4887; baseline 0 -17"><span class='ocrx_word' id='word_1_705' title='bbox 456 4816 663 4871; x_wconf 89' lang='lat' dir='ltr'><strong>riorum</strong></span> <span class='ocrx_word' id='word_1_706' title='bbox 694 4831 865 4887; x_wconf 88' lang='lat' dir='ltr'><strong>panes</strong></span> <span class='ocrx_word' id='word_1_707' title='bbox 907 4831 1016 4869; x_wconf 87' lang='lat' dir='ltr'><strong>non</strong></span> <span class='ocrx_word' id='word_1_708' title='bbox 1054 4812 1388 4871; x_wconf 73' lang='lat' dir='ltr'><strong>suffecturas</strong></span> <span class='ocrx_word' id='word_1_709' title='bbox 1434 4815 1528 4884; x_wconf 90' lang='lat' dir='ltr'><strong>iis,</strong></span> <span class='ocrx_word' id='word_1_710' title='bbox 1558 4823 1618 4871; x_wconf 92' lang='lat' dir='ltr'><strong>ut</strong></span> <span class='ocrx_word' id='word_1_711' title='bbox 1654 4816 2041 4887; x_wconf 87' lang='lat' dir='ltr'><strong>unusquisque</strong></span> 
     </span>
    </p>
   </div>
   <div class='ocr_carea' id='block_1_97' title="bbox 457 4904 2038 4979">
    <p class='ocr_par' dir='ltr' id='par_1_97' title="bbox 457 4904 2038 4979">
     <span class='ocr_line' id='line_1_97' title="bbox 457 4904 2038 4979; baseline 0.003 -21"><span class='ocrx_word' id='word_1_712' title='bbox 457 4905 735 4961; x_wconf 87' lang='lat' dir='ltr'><strong>modicum</strong></span> <span class='ocrx_word' id='word_1_713' title='bbox 776 4905 914 4975; x_wconf 88' lang='lat' dir='ltr'><strong>quid</strong></span> <span class='ocrx_word' id='word_1_714' title='bbox 947 4904 1217 4977; x_wconf 86' lang='lat' dir='ltr'><strong>accipiat;</strong></span> <span class='ocrx_word' id='word_1_715' title='bbox 1255 4907 1344 4963; x_wconf 91' lang='lat' dir='ltr'><strong>hic</strong></span> <span class='ocrx_word' id='word_1_716' title='bbox 1376 4922 1525 4973; x_wconf 83' lang='lat' dir='ltr'><strong>vero,</strong></span> <span class='ocrx_word' id='word_1_717' title='bbox 1566 4906 1635 4964; x_wconf 90' lang='lat' dir='ltr'><strong>de</strong></span> <span class='ocrx_word' id='word_1_718' title='bbox 1662 4908 1908 4979; x_wconf 87' lang='lat' dir='ltr'><strong>quinque</strong></span> <span class='ocrx_word' id='word_1_719' title='bbox 1939 4923 2038 4977; x_wconf 86' lang='lat' dir='ltr'><strong>pa-</strong></span> 
     </span>
    </p>
   </div>
   <div class='ocr_carea' id='block_1_98' title="bbox 458 4994 2042 5069">
    <p class='ocr_par' dir='ltr' id='par_1_98' title="bbox 458 4994 2042 5069">
     <span class='ocr_line' id='line_1_98' title="bbox 458 4994 2042 5069; baseline 0.001 -18"><span class='ocrx_word' id='word_1_720' title='bbox 458 4994 623 5051; x_wconf 89' lang='lat' dir='ltr'><strong>nibus</strong></span> <span class='ocrx_word' id='word_1_721' title='bbox 669 5011 735 5050; x_wconf 92' lang='lat' dir='ltr'><strong>ac</strong></span> <span class='ocrx_word' id='word_1_722' title='bbox 766 4994 985 5052; x_wconf 90' lang='lat' dir='ltr'><strong>duobus</strong></span> <span class='ocrx_word' id='word_1_723' title='bbox 1013 4997 1287 5068; x_wconf 86' lang='lat' dir='ltr'><strong>piscibus,</strong></span> <span class='ocrx_word' id='word_1_724' title='bbox 1320 4999 1453 5069; x_wconf 91' lang='lat' dir='ltr'><strong>quid</strong></span> <span class='ocrx_word' id='word_1_725' title='bbox 1483 5001 1602 5055; x_wconf 73' lang='lat' dir='ltr'><strong>haec</strong></span> <span class='ocrx_word' id='word_1_726' title='bbox 1634 5000 1780 5055; x_wconf 81' lang='lat' dir='ltr'><strong>inter</strong></span> <span class='ocrx_word' id='word_1_727' title='bbox 1810 4999 2042 5055; x_wconf 79' lang='lat' dir='ltr'><strong>tantos?</strong></span> 
     </span>
    </p>
   </div>
   <div class='ocr_carea' id='block_1_99' title="bbox 456 5087 2041 5159">
    <p class='ocr_par' dir='ltr' id='par_1_99' title="bbox 456 5087 2041 5159">
     <span class='ocr_line' id='line_1_99' title="bbox 456 5087 2041 5159; baseline 0.002 -16"><span class='ocrx_word' id='word_1_728' title='bbox 456 5087 734 5143; x_wconf 81' lang='lat' dir='ltr'><strong>extollunt</strong></span> <span class='ocrx_word' id='word_1_729' title='bbox 776 5088 1184 5159; x_wconf 83' lang='lat' dir='ltr'><strong>quodammodo</strong></span> <span class='ocrx_word' id='word_1_730' title='bbox 1226 5092 1314 5149; x_wconf 89' lang='lat' dir='ltr'><strong>his</strong></span> <span class='ocrx_word' id='word_1_731' title='bbox 1352 5092 1536 5149; x_wconf 90' lang='lat' dir='ltr'><strong>verbis</strong></span> <span class='ocrx_word' id='word_1_732' title='bbox 1582 5091 1936 5159; x_wconf 81' lang='lat' dir='ltr'><strong>miraculum,</strong></span> <span class='ocrx_word' id='word_1_733' title='bbox 1985 5099 2041 5146; x_wconf 89' lang='lat' dir='ltr'><strong>et</strong></span> 
     </span>
    </p>
   </div>
   <div class='ocr_carea' id='block_1_100' title="bbox 461 5177 2042 5255">
    <p class='ocr_par' dir='ltr' id='par_1_100' title="bbox 461 5177 2042 5255">
     <span class='ocr_line' id='line_1_100' title="bbox 461 5177 2042 5255; baseline 0.005 -23"><span class='ocrx_word' id='word_1_734' title='bbox 461 5177 762 5235; x_wconf 85' lang='lat' dir='ltr'><strong>Salvatoris</strong></span> <span class='ocrx_word' id='word_1_735' title='bbox 788 5182 1088 5250; x_wconf 86' lang='lat' dir='ltr'><strong>potentiam</strong></span> <span class='ocrx_word' id='word_1_736' title='bbox 1120 5184 1484 5239; x_wconf 88' lang='lat' dir='ltr'><strong>illustriorem</strong></span> <span class='ocrx_word' id='word_1_737' title='bbox 1530 5183 1789 5249; x_wconf 90' lang='lat' dir='ltr'><strong>reddunt,</strong></span> <span class='ocrx_word' id='word_1_738' title='bbox 1830 5183 2042 5255; x_wconf 78' lang='lat' dir='ltr'><strong>signiﬁ—</strong></span> 
     </span>
    </p>
   </div>
   <div class='ocr_carea' id='block_1_101' title="bbox 459 5266 2041 5343">
    <p class='ocr_par' dir='ltr' id='par_1_101' title="bbox 459 5266 2041 5343">
     <span class='ocr_line' id='line_1_101' title="bbox 459 5266 2041 5343; baseline 0.005 -20"><span class='ocrx_word' id='word_1_739' title='bbox 459 5266 641 5324; x_wconf 86' lang='lat' dir='ltr'><strong>cando</strong></span> <span class='ocrx_word' id='word_1_740' title='bbox 678 5269 903 5340; x_wconf 80' lang='lat' dir='ltr'><strong>iamjam</strong></span> <span class='ocrx_word' id='word_1_741' title='bbox 940 5273 1203 5329; x_wconf 86' lang='lat' dir='ltr'><strong>satiatum</strong></span> <span class='ocrx_word' id='word_1_742' title='bbox 1259 5273 1329 5328; x_wconf 91' lang='lat' dir='ltr'><strong>iri</strong></span> <span class='ocrx_word' id='word_1_743' title='bbox 1379 5273 1810 5343; x_wconf 89' lang='lat' dir='ltr'><strong>multitudinem,</strong></span> <span class='ocrx_word' id='word_1_744' title='bbox 1855 5285 1911 5331; x_wconf 83' lang='lat' dir='ltr'><strong>et</strong></span> <span class='ocrx_word' id='word_1_745' title='bbox 1955 5276 2041 5331; x_wconf 89' lang='lat' dir='ltr'><strong>vis</strong></span> 
     </span>
    </p>
   </div>
   <div class='ocr_carea' id='block_1_102' title="bbox 460 5361 2039 5424">
    <p class='ocr_par' dir='ltr' id='par_1_102' title="bbox 460 5361 2039 5424">
     <span class='ocr_line' id='line_1_102' title="bbox 460 5361 2039 5424; baseline 0.005 -8"><span class='ocrx_word' id='word_1_746' title='bbox 460 5361 869 5419; x_wconf 87' lang='lat' dir='ltr'><strong>incredulitatis</strong></span> <span class='ocrx_word' id='word_1_747' title='bbox 913 5364 968 5418; x_wconf 93' lang='lat' dir='ltr'><strong>in</strong></span> <span class='ocrx_word' id='word_1_748' title='bbox 1011 5365 1217 5421; x_wconf 87' lang='lat' dir='ltr'><strong>bonum</strong></span> <span class='ocrx_word' id='word_1_749' title='bbox 1273 5366 1344 5421; x_wconf 89' lang='lat' dir='ltr'><strong>de</strong></span> <span class='ocrx_word' id='word_1_750' title='bbox 1400 5365 1625 5421; x_wconf 84' lang='lat' dir='ltr'><strong>Christo</strong></span> <span class='ocrx_word' id='word_1_751' title='bbox 1662 5367 2039 5424; x_wconf 86' lang='lat' dir='ltr'><strong>testimonium</strong></span> 
     </span>
    </p>
   </div>
   <div class='ocr_carea' id='block_1_103' title="bbox 382 5440 2039 5520">
    <p class='ocr_par' dir='ltr' id='par_1_103' title="bbox 382 5440 2039 5520">
     <span class='ocr_line' id='line_1_103' title="bbox 382 5440 2039 5520; baseline 0.006 -15"><span class='ocrx_word' id='word_1_752' title='bbox 382 5440 423 5471; x_wconf 66' lang='grc'><strong>’·</strong></span> <span class='ocrx_word' id='word_1_753' title='bbox 459 5453 627 5508; x_wconf 89' lang='lat' dir='ltr'><strong>cedit.</strong></span> <span class='ocrx_word' id='word_1_754' title='bbox 660 5454 876 5520; x_wconf 90' lang='lat' dir='ltr'><strong>Quibus</strong></span> <span class='ocrx_word' id='word_1_755' title='bbox 904 5457 1052 5512; x_wconf 88' lang='lat' dir='ltr'><strong>enim</strong></span> <span class='ocrx_word' id='word_1_756' title='bbox 1092 5475 1155 5512; x_wconf 80' lang='lat' dir='ltr'><strong>ex</strong></span> <span class='ocrx_word' id='word_1_757' title='bbox 1192 5457 1356 5511; x_wconf 82' lang='lat' dir='ltr'><strong>rebus</strong></span> <span class='ocrx_word' id='word_1_758' title='bbox 1386 5456 1628 5513; x_wconf 79' lang='lat' dir='ltr'><strong>confessi</strong></span> <span class='ocrx_word' id='word_1_759' title='bbox 1663 5468 1792 5514; x_wconf 89' lang='lat' dir='ltr'><strong>sunt</strong></span> <span class='ocrx_word' id='word_1_760' title='bbox 1830 5471 2039 5515; x_wconf 86' lang='lat' dir='ltr'><strong>tantam</strong></span> 
     </span>
    </p>
   </div>
   <div class='ocr_carea' id='block_1_104' title="bbox 464 5545 2042 5613">
    <p class='ocr_par' dir='ltr' id='par_1_104' title="bbox 464 5545 2042 5613">
     <span class='ocr_line' id='line_1_104' title="bbox 464 5545 2042 5613; baseline 0.007 -19"><span class='ocrx_word' id='word_1_761' title='bbox 464 5545 710 5613; x_wconf 80' lang='lat' dir='ltr'><strong>pecunia:</strong></span> <span class='ocrx_word' id='word_1_762' title='bbox 759 5561 1033 5603; x_wconf 89' lang='lat' dir='ltr'><strong>summam</strong></span> <span class='ocrx_word' id='word_1_763' title='bbox 1076 5549 1141 5602; x_wconf 89' lang='lat' dir='ltr'><strong>ad</strong></span> <span class='ocrx_word' id='word_1_764' title='bbox 1191 5547 1385 5604; x_wconf 83' lang='lat' dir='ltr'><strong>turbas</strong></span> <span class='ocrx_word' id='word_1_765' title='bbox 1420 5548 1500 5605; x_wconf 84' lang='lat' dir='ltr'><strong>vel</strong></span> <span class='ocrx_word' id='word_1_766' title='bbox 1536 5549 1749 5607; x_wconf 83' lang='lat' dir='ltr'><strong>modice</strong></span> <span class='ocrx_word' id='word_1_767' title='bbox 1791 5552 2042 5607; x_wconf 58' lang='lat' dir='ltr'><strong>reﬁcien-</strong></span> 
     </span>
    </p>
   </div>
   <div class='ocr_carea' id='block_1_105' title="bbox 536 5721 1043 5787">
    <p class='ocr_par' dir='ltr' id='par_1_105' title="bbox 536 5721 1043 5787">
     <span class='ocr_line' id='line_1_105' title="bbox 536 5721 1043 5787; baseline -0.006 -9"><span class='ocrx_word' id='word_1_768' title='bbox 536 5721 578 5753; x_wconf 82' lang='grc'><strong>³⁸</strong></span> <span class='ocrx_word' id='word_1_769' title='bbox 606 5721 741 5779; x_wconf 83' lang='lat' dir='ltr'><strong>Luc.</strong></span> <span class='ocrx_word' id='word_1_770' title='bbox 770 5740 927 5787; x_wconf 78' lang='lat' dir='ltr'><strong>xvm,</strong></span> <span class='ocrx_word' id='word_1_771' title='bbox 953 5722 1043 5776; x_wconf 73' lang='lat'><strong>‘27.</strong></span> 
     </span>
    </p>
   </div>
   <div class='ocr_carea' id='block_1_106' title="bbox 2142 4631 3728 4709">
    <p class='ocr_par' dir='ltr' id='par_1_106' title="bbox 2142 4631 3728 4709">
     <span class='ocr_line' id='line_1_106' title="bbox 2142 4631 3728 4709; baseline -0.007 -16"><span class='ocrx_word' id='word_1_772' title='bbox 2142 4638 2404 4702; x_wconf 82' lang='grc' dir='ltr'>πολλάκις</span> <span class='ocrx_word' id='word_1_773' title='bbox 2427 4638 2527 4691; x_wconf 80' lang='grc' dir='ltr'>οὐκ</span> <span class='ocrx_word' id='word_1_774' title='bbox 2551 4638 2806 4709; x_wconf 80' lang='grc' dir='ltr'>ἀμοιρεῖ,</span> <span class='ocrx_word' id='word_1_775' title='bbox 2844 4636 2957 4690; x_wconf 87' lang='grc' dir='ltr'>ἀλλ’</span> <span class='ocrx_word' id='word_1_776' title='bbox 2988 4636 3103 4706; x_wconf 73' lang='grc' dir='ltr'>ἔχει</span> <span class='ocrx_word' id='word_1_777' title='bbox 3132 4635 3183 4689; x_wconf 92' lang='grc' dir='ltr'><strong>τί</strong></span> <span class='ocrx_word' id='word_1_778' title='bbox 3214 4631 3728 4705; x_wconf 83' lang='grc' dir='ltr'>συμπεπλεγμένον,</span> 
     </span>
    </p>
   </div>
   <div class='ocr_carea' id='block_1_107' title="bbox 2137 4721 3729 4800">
    <p class='ocr_par' dir='ltr' id='par_1_107' title="bbox 2137 4721 3729 4800">
     <span class='ocr_line' id='line_1_107' title="bbox 2137 4721 3729 4800; baseline -0.005 -17"><span class='ocrx_word' id='word_1_779' title='bbox 2137 4728 2169 4784; x_wconf 87' lang='grc' dir='ltr'><strong>δ</strong></span> <span class='ocrx_word' id='word_1_780' title='bbox 2201 4732 2268 4800; x_wconf 78' lang='grc' dir='ltr'>τῇ</span> <span class='ocrx_word' id='word_1_781' title='bbox 2300 4728 2394 4782; x_wconf 79' lang='grc' dir='ltr'>τοῦ</span> <span class='ocrx_word' id='word_1_782' title='bbox 2444 4728 2769 4799; x_wconf 84' lang='grc' dir='ltr'>πράγματος</span> <span class='ocrx_word' id='word_1_783' title='bbox 2817 4727 2978 4797; x_wconf 84' lang='grc' dir='ltr'>φύσει</span> <span class='ocrx_word' id='word_1_784' title='bbox 3016 4726 3314 4790; x_wconf 84' lang='grc' dir='ltr'>λυσιτελεῖ,</span> <span class='ocrx_word' id='word_1_785' title='bbox 3370 4724 3500 4797; x_wconf 75' lang='grc' dir='ltr'>περὶ</span> <span class='ocrx_word' id='word_1_786' title='bbox 3541 4724 3609 4796; x_wconf 81' lang='grc' dir='ltr'>ἢν</span> <span class='ocrx_word' id='word_1_787' title='bbox 3661 4721 3729 4779; x_wconf 80' lang='grc' dir='ltr'>ἂν</span> 
     </span>
    </p>
   </div>
   <div class='ocr_carea' id='block_1_108' title="bbox 2141 4813 3730 4889">
    <p class='ocr_par' dir='ltr' id='par_1_108' title="bbox 2141 4813 3730 4889">
     <span class='ocr_line' id='line_1_108' title="bbox 2141 4813 3730 4889; baseline -0.002 -19"><span class='ocrx_word' id='word_1_788' title='bbox 2141 4817 2351 4887; x_wconf 84' lang='grc' dir='ltr'>γένοιτο</span> <span class='ocrx_word' id='word_1_789' title='bbox 2364 4819 2462 4889; x_wconf 80' lang='grc' dir='ltr'><strong>τῆς</strong></span> <span class='ocrx_word' id='word_1_790' title='bbox 2480 4815 2743 4888; x_wconf 82' lang='grc' dir='ltr'>δοκούσης</span> <span class='ocrx_word' id='word_1_791' title='bbox 2770 4816 3054 4881; x_wconf 84' lang='grc' dir='ltr'>ἀσθενείας</span> <span class='ocrx_word' id='word_1_792' title='bbox 3084 4815 3265 4870; x_wconf 78' lang='grc' dir='ltr'>αὐτῶν</span> <span class='ocrx_word' id='word_1_793' title='bbox 3292 4815 3360 4869; x_wconf 82' lang='grc' dir='ltr'><strong>τὰ</strong></span> <span class='ocrx_word' id='word_1_794' title='bbox 3382 4813 3730 4885; x_wconf 78' lang='grc' dir='ltr'>ἐγκλήματα.</span> 
     </span>
    </p>
   </div>
   <div class='ocr_carea' id='block_1_109' title="bbox 2140 4904 3729 4980">
    <p class='ocr_par' dir='ltr' id='par_1_109' title="bbox 2140 4904 3729 4980">
     <span class='ocr_line' id='line_1_109' title="bbox 2140 4904 3729 4980; baseline -0.003 -18"><span class='ocrx_word' id='word_1_795' title='bbox 2140 4906 2506 4979; x_wconf 80' lang='grc' dir='ltr'>Λογισάμενοι</span> <span class='ocrx_word' id='word_1_796' title='bbox 2554 4906 2664 4979; x_wconf 68' lang='grc' dir='ltr'>γὰρ</span> <span class='ocrx_word' id='word_1_797' title='bbox 2705 4909 2754 4962; x_wconf 91' lang='grc' dir='ltr'><strong>οί</strong></span> <span class='ocrx_word' id='word_1_798' title='bbox 2783 4906 3248 4980; x_wconf 81' lang='grc' dir='ltr'>μνημονευθέντες</span> <span class='ocrx_word' id='word_1_799' title='bbox 3279 4906 3425 4976; x_wconf 80' lang='grc' dir='ltr'>ἆγιοι</span> <span class='ocrx_word' id='word_1_800' title='bbox 3461 4904 3729 4976; x_wconf 79' lang='grc' dir='ltr'>μαθηταὶ,</span> 
     </span>
    </p>
   </div>
   <div class='ocr_carea' id='block_1_110' title="bbox 2145 4996 3729 5070">
    <p class='ocr_par' dir='ltr' id='par_1_110' title="bbox 2145 4996 3729 5070">
     <span class='ocr_line' id='line_1_110' title="bbox 2145 4996 3729 5070; baseline -0.003 -18"><span class='ocrx_word' id='word_1_801' title='bbox 2145 4997 2243 5052; x_wconf 74' lang='grc' dir='ltr'>καὶ</span> <span class='ocrx_word' id='word_1_802' title='bbox 2273 4997 2461 5067; x_wconf 86' lang='grc' dir='ltr'>σαφῶς</span> <span class='ocrx_word' id='word_1_803' title='bbox 2487 4999 2770 5070; x_wconf 80' lang='grc' dir='ltr'>εἰρηκότες</span> <span class='ocrx_word' id='word_1_804' title='bbox 2788 5039 2805 5065; x_wconf 90' lang='grc'><strong>,</strong></span> <span class='ocrx_word' id='word_1_805' title='bbox 2836 5000 2866 5053; x_wconf 85' lang='grc' dir='ltr'>ὁ</span> <span class='ocrx_word' id='word_1_806' title='bbox 2905 4999 3005 5070; x_wconf 84' lang='grc' dir='ltr'>μὲν</span> <span class='ocrx_word' id='word_1_807' title='bbox 3031 4999 3113 5053; x_wconf 77' lang='grc' dir='ltr'>ὃτι</span> <span class='ocrx_word' id='word_1_808' title='bbox 3145 4997 3437 5053; x_wconf 88' lang='grc' dir='ltr'>διακοσίων</span> <span class='ocrx_word' id='word_1_809' title='bbox 3458 4996 3729 5069; x_wconf 86' lang='grc' dir='ltr'>δηναρίων</span> 
     </span>
    </p>
   </div>
   <div class='ocr_carea' id='block_1_111' title="bbox 2145 5087 3733 5162">
    <p class='ocr_par' dir='ltr' id='par_1_111' title="bbox 2145 5087 3733 5162">
     <span class='ocr_line' id='line_1_111' title="bbox 2145 5087 3733 5162; baseline -0.004 -17"><span class='ocrx_word' id='word_1_810' title='bbox 2145 5089 2300 5161; x_wconf 80' lang='grc' dir='ltr'>ἄρτοι</span> <span class='ocrx_word' id='word_1_811' title='bbox 2350 5090 2451 5143; x_wconf 82' lang='grc' dir='ltr'>οὐκ</span> <span class='ocrx_word' id='word_1_812' title='bbox 2494 5090 2758 5162; x_wconf 78' lang='grc' dir='ltr'>ἀρκοῦσιν</span> <span class='ocrx_word' id='word_1_813' title='bbox 2797 5092 3016 5155; x_wconf 76' lang='grc' dir='ltr'>αὐτοῖς,</span> <span class='ocrx_word' id='word_1_814' title='bbox 3077 5091 3165 5145; x_wconf 79' lang='grc' dir='ltr'><strong>ἵνα</strong></span> <span class='ocrx_word' id='word_1_815' title='bbox 3202 5089 3433 5154; x_wconf 76' lang='grc' dir='ltr'>ἕκαστος</span> <span class='ocrx_word' id='word_1_816' title='bbox 3469 5087 3646 5160; x_wconf 88' lang='grc' dir='ltr'>βραχύ</span> <span class='ocrx_word' id='word_1_817' title='bbox 3679 5103 3733 5140; x_wconf 87' lang='grc' dir='ltr'><strong>τι</strong></span> 
     </span>
    </p>
   </div>
   <div class='ocr_carea' id='block_1_112' title="bbox 2146 5178 3734 5253">
    <p class='ocr_par' dir='ltr' id='par_1_112' title="bbox 2146 5178 3734 5253">
     <span class='ocr_line' id='line_1_112' title="bbox 2146 5178 3734 5253; baseline -0.001 -20"><span class='ocrx_word' id='word_1_818' title='bbox 2146 5180 2288 5253; x_wconf 80' lang='grc' dir='ltr'>λάϐῃ</span> <span class='ocrx_word' id='word_1_819' title='bbox 2313 5198 2326 5212; x_wconf 87' lang='grc'>·</span> <span class='ocrx_word' id='word_1_820' title='bbox 2374 5183 2405 5235; x_wconf 85' lang='grc' dir='ltr'>ὁ</span> <span class='ocrx_word' id='word_1_821' title='bbox 2429 5181 2486 5235; x_wconf 80' lang='grc' dir='ltr'>δὲ</span> <span class='ocrx_word' id='word_1_822' title='bbox 2503 5223 2519 5250; x_wconf 83' lang='grc'><strong>,</strong></span> <span class='ocrx_word' id='word_1_823' title='bbox 2553 5182 2681 5252; x_wconf 86' lang='grc' dir='ltr'>περί</span> <span class='ocrx_word' id='word_1_824' title='bbox 2705 5200 2766 5235; x_wconf 87' lang='grc' dir='ltr'><strong>τε</strong></span> <span class='ocrx_word' id='word_1_825' title='bbox 2792 5182 2901 5237; x_wconf 86' lang='grc' dir='ltr'><strong>τῶν</strong></span> <span class='ocrx_word' id='word_1_826' title='bbox 2926 5184 3088 5237; x_wconf 87' lang='grc' dir='ltr'>πέντε</span> <span class='ocrx_word' id='word_1_827' title='bbox 3121 5182 3302 5252; x_wconf 80' lang='grc' dir='ltr'>ἄρτων</span> <span class='ocrx_word' id='word_1_828' title='bbox 3322 5222 3337 5244; x_wconf 86' lang='grc'><strong>,</strong></span> <span class='ocrx_word' id='word_1_829' title='bbox 3372 5181 3465 5235; x_wconf 74' lang='grc' dir='ltr'>καὶ</span> <span class='ocrx_word' id='word_1_830' title='bbox 3490 5180 3601 5233; x_wconf 87' lang='grc' dir='ltr'><strong>τῶν</strong></span> <span class='ocrx_word' id='word_1_831' title='bbox 3639 5178 3734 5232; x_wconf 90' lang='grc' dir='ltr'><strong>δύο</strong></span> 
     </span>
    </p>
   </div>
   <div class='ocr_carea' id='block_1_113' title="bbox 2152 5268 3732 5347">
    <p class='ocr_par' dir='ltr' id='par_1_113' title="bbox 2152 5268 3732 5347">
     <span class='ocr_line' id='line_1_113' title="bbox 2152 5268 3732 5347; baseline -0.004 -19"><span class='ocrx_word' id='word_1_832' title='bbox 2152 5274 2370 5347; x_wconf 78' lang='grc' dir='ltr'>ἰχθύων,</span> <span class='ocrx_word' id='word_1_833' title='bbox 2415 5275 2498 5329; x_wconf 82' lang='grc' dir='ltr'>ὅτι</span> <span class='ocrx_word' id='word_1_834' title='bbox 2539 5273 2713 5339; x_wconf 75' lang='grc' dir='ltr'>ταῦτα</span> <span class='ocrx_word' id='word_1_835' title='bbox 2755 5275 2808 5328; x_wconf 84' lang='grc' dir='ltr'><strong>τί</strong></span> <span class='ocrx_word' id='word_1_836' title='bbox 2838 5277 2987 5328; x_wconf 84' lang='grc' dir='ltr'>ἐστιν</span> <span class='ocrx_word' id='word_1_837' title='bbox 3017 5274 3097 5336; x_wconf 87' lang='grc' dir='ltr'><strong>εἰς</strong></span> <span class='ocrx_word' id='word_1_838' title='bbox 3136 5271 3473 5339; x_wconf 85' lang='grc' dir='ltr'>τοσούτους;</span> <span class='ocrx_word' id='word_1_839' title='bbox 3514 5268 3732 5341; x_wconf 68' lang='grc' dir='ltr'>αίρουσί</span> 
     </span>
    </p>
   </div>
   <div class='ocr_carea' id='block_1_114' title="bbox 2148 5362 3733 5438">
    <p class='ocr_par' dir='ltr' id='par_1_114' title="bbox 2148 5362 3733 5438">
     <span class='ocr_line' id='line_1_114' title="bbox 2148 5362 3733 5438; baseline -0.003 -18"><span class='ocrx_word' id='word_1_840' title='bbox 2148 5384 2265 5430; x_wconf 90' lang='grc' dir='ltr'><strong>πως</strong></span> <span class='ocrx_word' id='word_1_841' title='bbox 2292 5368 2371 5429; x_wconf 86' lang='grc' dir='ltr'><strong>εἰς</strong></span> <span class='ocrx_word' id='word_1_842' title='bbox 2404 5365 2536 5436; x_wconf 76' lang='grc' dir='ltr'>ὕψος</span> <span class='ocrx_word' id='word_1_843' title='bbox 2564 5365 2626 5417; x_wconf 79' lang='grc' dir='ltr'><strong>τὸ</strong></span> <span class='ocrx_word' id='word_1_844' title='bbox 2654 5364 2860 5438; x_wconf 82' lang='grc' dir='ltr'>θαῦμα,</span> <span class='ocrx_word' id='word_1_845' title='bbox 2882 5367 2974 5419; x_wconf 78' lang='grc' dir='ltr'>καὶ</span> <span class='ocrx_word' id='word_1_846' title='bbox 2997 5365 3473 5437; x_wconf 80' lang='grc' dir='ltr'>περιφανεστάτην</span> <span class='ocrx_word' id='word_1_847' title='bbox 3494 5362 3733 5436; x_wconf 79' lang='grc' dir='ltr'>ἀπεργά-</span> 
     </span>
    </p>
   </div>
   <div class='ocr_carea' id='block_1_115' title="bbox 2149 5455 3733 5529">
    <p class='ocr_par' dir='ltr' id='par_1_115' title="bbox 2149 5455 3733 5529">
     <span class='ocr_line' id='line_1_115' title="bbox 2149 5455 3733 5529; baseline -0.003 -18"><span class='ocrx_word' id='word_1_848' title='bbox 2149 5457 2331 5524; x_wconf 77' lang='grc' dir='ltr'>ζονται</span> <span class='ocrx_word' id='word_1_849' title='bbox 2372 5458 2473 5529; x_wconf 84' lang='grc' dir='ltr'>τὴν</span> <span class='ocrx_word' id='word_1_850' title='bbox 2511 5457 2607 5511; x_wconf 81' lang='grc' dir='ltr'>τοῦ</span> <span class='ocrx_word' id='word_1_851' title='bbox 2650 5458 2903 5529; x_wconf 82' lang='grc' dir='ltr'>Σωτῆρος</span> <span class='ocrx_word' id='word_1_852' title='bbox 2944 5459 3133 5528; x_wconf 81' lang='grc' dir='ltr'>ἰσχὺν.</span> <span class='ocrx_word' id='word_1_853' title='bbox 3180 5455 3280 5529; x_wconf 78' lang='grc' dir='ltr'>τὴν</span> <span class='ocrx_word' id='word_1_854' title='bbox 3328 5458 3452 5511; x_wconf 81' lang='grc' dir='ltr'>ὅσον</span> <span class='ocrx_word' id='word_1_855' title='bbox 3483 5455 3607 5509; x_wconf 81' lang='grc' dir='ltr'><strong>ούδέ</strong></span> <span class='ocrx_word' id='word_1_856' title='bbox 3644 5470 3733 5506; x_wconf 86' lang='grc' dir='ltr'><strong>πω</strong></span> 
     </span>
    </p>
   </div>
   <div class='ocr_carea' id='block_1_116' title="bbox 2152 5546 3734 5624">
    <p class='ocr_par' dir='ltr' id='par_1_116' title="bbox 2152 5546 3734 5624">
     <span class='ocr_line' id='line_1_116' title="bbox 2152 5546 3734 5624; baseline -0.005 -18"><span class='ocrx_word' id='word_1_857' title='bbox 2152 5549 2625 5624; x_wconf 80' lang='grc' dir='ltr'>κορεσοησομένην</span> <span class='ocrx_word' id='word_1_858' title='bbox 2666 5549 2875 5623; x_wconf 69' lang='grc' dir='ltr'>πληθὺν</span> <span class='ocrx_word' id='word_1_859' title='bbox 2913 5550 3000 5607; x_wconf 76' lang='grc' dir='ltr'><strong>διὰ</strong></span> <span class='ocrx_word' id='word_1_860' title='bbox 3022 5549 3129 5605; x_wconf 86' lang='grc' dir='ltr'><strong>τῶν</strong></span> <span class='ocrx_word' id='word_1_861' title='bbox 3166 5548 3382 5605; x_wconf 84' lang='grc' dir='ltr'>οἰκείων</span> <span class='ocrx_word' id='word_1_862' title='bbox 3411 5546 3734 5619; x_wconf 81' lang='grc' dir='ltr'>κατασημή-</span> 
     </span>
    </p>
   </div>
  </div>
