4052 6548
357 432 470 488 419

1459 434 1528 490 ΙΝ
1562 434 1850 494 JOANNIS
1881 435 2336 493 EVANGELIUM
2372 438 2498 493 LIB.
2536 438 2623 494 Ill.

3550 444 3655 502 £50

355 565 550 611 ναντες
565 548 762 618 λόγων,
787 551 880 603 καὶ
902 549 1332 621 περιτέτραπται
1352 549 1454 620 τῆς
1469 551 1732 614 ἀπιστίας
1755 551 1953 621 ἡδύνα-

2067 553 2170 609 das
2202 569 2310 616 non
2343 554 2724 618 suffecturam,
2769 553 2966 610 iisdem
3001 553 3140 625 ipsis
3171 553 3507 612 ineﬁ‘abilem
3540 560 3657 615 illas

357 658 490 711 μις,
532 642 613 703 είς
643 640 858 712 ἀγαθὴν
894 641 1201 711 μαρτυρίαν
1238 641 1336 712 τὴν
1364 642 1460 694 ἐπὶ
1493 642 1734 714 Χριστῷ.
1775 645 1854 696 Δι’
1883 637 1958 697 ὧν

353 732 466 802 γὰρ
510 733 629 795 τοῖς
664 723 846 802 ὄχλοις
893 735 996 786 οὐκ
1032 732 1352 805 ἐξαρκέσειν
1397 733 1786 803 ώμολογήκασι
1821 735 1958 805 πρὸς

354 825 618 894 βραχεῖαν
667 825 969 878 ἀπόλαυσιν
1006 824 1114 880 τῶν
1140 824 1411 878 τοσούτων
1457 825 1742 896 ἀργυρίων
1767 826 1829 878 τὸ
1862 826 1957 895 μέ-

352 933 507 987 τρον,
527 915 620 969 διὰ
646 916 855 970 τούτων
875 917 1058 970 αὐτῶν
1085 920 1187 988 τὴν
1219 918 1534 988 ἀπόρρητον
1557 917 1650 969 τοῦ
1673 917 1959 981 ἐστιῶντος

352 1007 802 1078 καταστρέφουσι
837 1008 1068 1078 δύναμιν
1094 1050 1109 1073 ,
1139 1011 1228 1062 ὅτε
1251 1009 1317 1078 δὴ
1350 1009 1444 1062 καὶ
1472 1009 1682 1071 ἐνόντος
1703 1007 1916 1073 οὐδενός
1940 1026 1954 1040 ·

350 1099 407 1150 τί
433 1099 546 1170 γὰρ
585 1095 654 1170 ἦν
683 1102 765 1163 είς
791 1101 1083 1164 τοσούτους
1109 1102 1179 1155 τά
1219 1101 1376 1172 παρὰ
1406 1101 1488 1170 τῷ
1518 1101 1791 1172 παιδαρίῳ
1815 1101 1959 1155 κατά

351 1191 446 1244 τὸν
495 1192 746 1263 Ἀνδρέου
772 1192 967 1260 λόγον;
1009 1193 1078 1245 τὰ
1107 1193 1204 1264 τῆς
1227 1193 1308 1256 είς
1330 1193 1458 1256 τοὺς
1492 1193 1683 1262 ὄχλους
1735 1191 1957 1262 ἀγάπης

235 1273 250 1288 ⁸
354 1283 448 1335 καὶ
495 1283 701 1352 σφόδρα
727 1282 998 1346 πλουσίως
1031 1284 1326 1354 ἐκϐέϐηκε.
1364 1283 1635 1353 Τοιαύτην
1665 1282 1789 1336 τινὰ
1817 1283 1957 1336 κατά

350 1375 452 1447 τὴν
501 1375 712 1445 ἔρημον
745 1376 842 1430 καὶ
885 1375 985 1447 τὴν
1034 1375 1128 1429 τοῦ
1181 1376 1460 1444 πανσόφου
1515 1375 1759 1436 Μωσέως
1785 1374 1958 1442 ὀλιγο-

352 1471 578 1523 πιστίαν
600 1471 933 1542 εὑρήσομεν.
974 1471 1232 1524 Ἔκλαιον
1270 1471 1370 1540 μὲν
1393 1469 1504 1542 γὰρ
1533 1470 1582 1522 οἱ
1620 1468 1680 1532 ἐξ
1716 1466 1954 1539 Ἰσραὴλ,

350 1563 450 1616 καὶ
479 1563 616 1633 πρὸς
651 1561 912 1633 βδελυρὰν
937 1562 1237 1619 ἐπιθυμίαν
1287 1562 1396 1616 τῶν
1442 1564 1500 1615 ἐν
1533 1560 1793 1630 Αἰγύπτῳ
1820 1576 1956 1629 τρα-

351 1653 537 1718 πεζῶν
594 1654 1084 1725 κατηρεθισμένοι,
1143 1654 1379 1724 λέϐητας
1453 1653 1552 1723 μὲν
1607 1653 1954 1725 ἀκαθάρτους

351 1747 724 1814 ἐφαντάζοντο
745 1746 960 1818 κρεῶν,
991 1745 1297 1819 κρομμύων
1337 1745 1393 1798 δὲ
1423 1745 1520 1798 καὶ
1553 1743 1825 1816 σκορόδων
1859 1744 1955 1797 καὶ

351 1839 450 1908 τῆς
484 1839 543 1890 ἐν
581 1840 694 1901 τοῖς
725 1837 998 1908 ὁμοειδέσι
1031 1839 1404 1908 χυδαιότητος,
1456 1837 1536 1900 εἰς
1567 1835 1954 1906 ἐκτοπωτάτην

2069 647 2377 700 saturantis
2434 646 2693 699 virtutem
2749 645 3160 715 depraldicaut,
3222 647 3450 716 quando
3508 659 3654 705 certe

2065 736 2231 791 etiam
2278 751 2405 790 eum
2442 737 2580 791 nihil
2637 737 2800 806 plane
2857 738 3077 793 adesset
3129 737 3278 809 (nam
3333 738 3467 808 quid
3513 741 3658 796 inter

2066 831 2252 878 tantus
2285 834 2444 878 erant
2491 825 2608 888 illa,
2660 841 2781 894 qua:
2816 841 2984 893 penes
3033 827 3511 882 adolescentulqu
3563 843 3662 885 su-

2065 923 2424 983 pererant,ut
2452 914 2706 971 Andreas
2736 915 2968 986 aiebat),
2989 916 3279 972 charitatis
3306 934 3434 989 erga
3465 919 3656 975 turbas

2063 1007 2242 1062 oﬂicia
2305 1007 2788 1062 abundantissime
2840 1009 3145 1077 superavit.
3197 1007 3386 1065 Talem
3435 1025 3655 1082 quoque

2065 1098 2191 1154 ﬁdei
2240 1099 2568 1154 tenuitatem
2607 1099 3010 1169 sapientissimi
3065 1099 3268 1170 Moysis
3328 1099 3384 1155 in
3435 1101 3658 1158 deserto

2064 1191 2491 1261 comperiemus.
2544 1189 2774 1246 Flebant
2827 1192 2980 1245 enim
3009 1191 3296 1258 lsraelitaa,
3335 1201 3391 1248 et
3419 1193 3654 1249 nefanda

2062 1297 2380 1338 mensarum
2399 1282 2788 1354 Egyptiarum
2809 1283 3113 1352 cupiditate
3133 1283 3379 1354 impuros
3399 1282 3656 1339 carnium

2064 1376 2294 1439 lebetes,
2337 1391 2599 1446 ceparum
2627 1384 2680 1431 et
2716 1375 2972 1429 alliorum
3000 1384 3054 1429 et
3091 1373 3410 1430 istiusmodi
3461 1375 3656 1429 vilium

2064 1483 2248 1524 rerum
2283 1469 2662 1531 somniahant,
2698 1467 2925 1520 immani
2959 1467 3238 1536 voluptate
3269 1468 3438 1538 capti,
3491 1476 3544 1522 et
3572 1466 3646 1520 di-

2062 1562 2316 1618 vinorum
2377 1562 2647 1615 bonorum
2707 1568 3032 1629 contemptu
3085 1561 3139 1613 iu
3200 1568 3550 1628 sequestrem
3602 1569 3653 1613 et

2061 1653 2343 1710 doctorem
2390 1653 2556 1724 279
2612 1669 2774 1708 suum
2821 1653 3044 1724 Moysen
3094 1654 3482 1724 insurgebant.
3543 1651 3652 1708 Sed

2062 1763 2172 1802 non
2213 1747 2506 1816 ignorabat
2556 1743 2699 1800 Deus
2745 1746 2951 1815 quibus
2997 1746 3064 1799 de
3121 1744 3287 1798 rebus
3351 1745 3406 1797 iu
3465 1743 3648 1798 ﬂetum

2060 1845 2436 1906 erumperent,
2470 1844 2524 1892 et
2557 1844 2704 1892 certe
2739 1835 2996 1907 promisit
3048 1850 3108 1890 se
3138 1849 3338 1890 carnes
3389 1834 3500 1890 illis
3555 1834 3651 1887 da-

352 1929 673 1992 ἐκνεύοντες
700 1929 896 2000 ἡδονὴν
916 1970 931 1995 ,
973 1929 1066 1982 καὶ
1100 1928 1207 1982 τῶν
1239 1929 1400 1981 θείων
1428 1927 1798 1998 ἀλογήσαντες
1821 1928 1952 1995 ἀγαε

2057 1939 2262 1986 turum.
2308 1927 2415 1984 Sed
2453 1929 2714 1999 quoniam
2755 1927 3058 1998 promissio
3097 1926 3189 1980 illa
3238 1925 3407 1980 ﬁebat
3457 1926 3510 1978 in
3549 1924 3650 1979 de-

351 2018 482 2084 θῶν,
503 2019 807 2090 ἐπεφύοντό
828 2039 944 2084 πως
965 2020 1061 2074 καὶ⁵
1102 2020 1182 2091 τῷ
1201 2019 1541 2090 μεσιτεύοντι
1564 2022 1656 2074 καὶ
1679 2020 1955 2090 παιδαγωι

349 2113 539 2181 γοῦντι
575 2114 787 2167 Μωσεί.
851 2113 990 2165 Ἀλλ’
1044 2113 1146 2166 οὐκ
1204 2113 1392 2182 ἠγνόει
1440 2112 1574 2176 Θεὸς
1635 2111 1708 2165 τὰ
1753 2113 1840 2181 ἐφ’
1869 2107 1956 2176 οἷς

349 2204 680 2276 ἀνοιμώζειν
712 2207 744 2276 ἡ
778 2205 989 2276 πληθὺς
1026 2205 1311 2273 ἠπείγετο,
1337 2205 1430 2260 καὶ
1453 2205 1518 2276 δὴ
1537 2207 1630 2258 καὶ
1661 2205 1950 2259 ἐπιδώσειν

348 2297 539 2357 αὐτοῖς
569 2295 710 2366 κρέα
739 2295 1234 2366 κατεπηγγέλλετο.
1255 2295 1474 2366 Ἐπειδὴ
1503 2295 1559 2349 δέ
1575 2291 1642 2366 ἦν
1673 2298 1731 2349 ἐν
1759 2296 1953 2367 ἐρήμῳ

348 2385 447 2454 τῆς
485 2385 806 2455 φιλοτιμίας
851 2387 885 2456 ἡ
930 2386 1259 2455 ὑπόσχεσις,
1321 2385 1415 2438 καὶ
1462 2385 1759 2457 δυσήνυτόν
1811 2403 1950 2455 τιτως²

346 2479 471 2531 ὅσον
505 2472 642 2549 ἧκεν
697 2479 779 2542 είς
808 2478 1150 2549 ἀνθρώπινον
1183 2479 1342 2544 νοῦν,
1392 2479 1568 2533 ἐδόκει
1598 2481 1659 2534 τὸ
1693 2482 1951 2552 πρᾶγμα,

349 2568 641 2639 πρόσεισιν
683 2567 932 2622 ἀναϐοῶν
977 2571 1006 2622 ὁ
1044 2569 1287 2639 Μωσῆς·
1350 2587 1370 2620 ι
1423 2569 1736 2634 Ἐξακὸσιαι
1777 2571 1953 2642 χιλιά-

347 2659 439 2720 δες
489 2658 672 2723 πεζῶν
715 2661 744 2711 ὁ
770 2660 930 2724 λαὸς,
981 2663 1040 2714 ἐν
1083 2656 1165 2724 οἷς
1207 2663 1324 2732 είμι
1371 2663 1428 2714 ἐν
1473 2662 1690 2726 αὐτοῖς,
1736 2665 1832 2717 καὶ
1885 2667 1950 2718 σὺ

352 2748 548 2815 εἶπες,
580 2753 735 2824 Κρέα
761 2752 919 2806 δώσω
949 2754 1163 2818 αὐτοῖς,
1201 2755 1296 2808 καὶ
1330 2755 1596 2823 φάγονται
1633 2756 1778 2826 μῆνα
1809 2759 1949 2827 ἡμε-

355 2845 485 2914 ρῶν.
536 2845 628 2916 Μὴ
682 2844 934 2916 πρόϐατα
994 2846 1090 2899 καὶ
1151 2845 1273 2916 βόες
1311 2847 1684 2917 σφαγήσονται
1731 2847 1948 2913 αὐτοῖς,

351 2937 446 2989 καὶ
493 2935 723 3008 ἀρκέσει
777 2938 996 3003 αὑτοῖς;
1030 2957 1048 2989 ι
1103 2937 1216 2992 Καὶ
1264 2937 1318 2990 τί
1369 2938 1510 3008 πρὸς
1556 2939 1730 2994 ταῦτα
1781 2939 1948 3006 Θεός;

355 3049 374 3080 ι
414 3031 508 3099 Μὴ
560 3029 684 3100 χεὶρ
733 3029 940 3101 Κυρίου
1003 3030 1103 3083 ούκ
1160 3029 1425 3099 ἀρκέσει;
1471 3049 1489 3082 ι
1543 3031 1681 3100 Περὶ
1730 3031 1783 3084 τί
1844 3031 1951 3103 γὰρ

350 3121 417 3174 ἂν
453 3121 551 3172 καὶ
593 3119 930 3191 ἀδυνατήσαι
955 3119 1129 3183 Θεός;
1178 3118 1387 3173 Οὐκοῦν
1447 3121 1562 3190 ἐρεῖ
1593 3137 1678 3183 τις
1716 3120 1952 3188 εὐλόγως

352 3212 445 3264 καὶ
470 3211 569 3262 ἐπὶ
613 3214 728 3275 τοῖς
764 3212 922 3283 παρὰ
967 3211 1239 3265 Φιλίππου
1298 3213 1394 3265 καὶ
1435 3211 1682 3283 Ἀνδρέου
1731 3213 1909 3282 λόγοις
1933 3227 1945 3238 ·

349 3303 443 3371 Μὴ
493 3302 618 3372 χεὶρ
665 3303 874 3373 Κυρίου
923 3303 1026 3357 οὐκ
1068 3303 1334 3374 ἀρκέσει;
1402 3304 1692 3374 Δεχόμενοι
1749 3304 1807 3357 δὲ
1856 3304 1951 3356 καὶ

353 3397 518 3465 ἡμεῖς
571 3397 653 3458 εἰς
687 3395 1137 3467 παραδείγματος
1180 3397 1380 3468 τρόπον
1426 3396 1526 3468 τὴν
1561 3397 1656 3452 τοῦ
1689 3399 1950 3469 πραγμα-

349 3506 444 3553 τος
477 3488 663 3559 φύσιν,
701 3490 1023 3561 νοσημάτων
1051 3489 1279 3561 ἔσχατον
1334 3489 1432 3544 καὶ
1463 3490 1665 3554 παντὸς
1695 3491 1953 3543 ἐπέκεινα

353 3580 528 3635 κακοῦ
571 3581 670 3653 τὴν
725 3583 1096 3651 ὀλιγοπιστίαν
1146 3582 1450 3654 ἡγώμεθα,
1501 3575 1607 3636 κᾶν
1651 3583 1952 3655 ἐργάζηται

351 3673 511 3738 Θεὸς,
541 3673 575 3743 ἢ
604 3675 701 3728 καὶ
723 3673 946 3746 δράσειν
978 3675 1409 3747 ἐπαγγέλληται,
1443 3675 1623 3728 πίστει
1642 3675 1707 3744 δὴ
1731 3676 1952 3742 πάντως

352 3765 781 3838 ἀπεριεργάστῳ
813 3767 1052 3836 γινέσθω
1079 3769 1268 3822 δεκτὸν
1290 3809 1306 3833 ,
1358 3770 1454 3821 καὶ
1491 3769 1566 3838 μὴ
1592 3767 1672 3836 τῷ
1697 3768 1759 3820 οὺ
1789 3767 1952 3821 δύνα-

354 3854 480 3907 σθαι
509 3858 670 3921 νοεῖν,
693 3857 842 3920 ὅπως
867 3856 1022 3910 ἔσται
1046 3857 1116 3910 τά
1141 3859 1282 3928 ὑπὲρ
1302 3859 1475 3928 ἡμᾶς,
1497 3859 1583 3910 ἐπ’
1607 3857 1864 3929 ἀσθενείᾳ
1885 3862 1950 3930 τῇ

353 3946 446 3998 ἐπί
473 3963 620 4010 τισι,
670 3948 1088 4019 κατηγορείσθω
1111 3949 1174 4002 τὸ
1218 3950 1393 4003 Θεῖον.
1447 3949 1654 4020 Πρέποι
1691 3950 1735 4003 δ’
1775 3949 1842 4003 ἂν
1875 3949 1954 4022 τῷ

353 4036 568 4107 ἀγαθῷ,
610 4038 708 4091 καὶ
747 4038 988 4111 σώφρονι
1009 4082 1022 4104 ,
1059 4043 1154 4094 καὶ
1185 4040 1458 4112 βεϐηκότα
1485 4039 1667 4104 καλῶς
1698 4041 1953 4112 φοροῦντι

353 4130 446 4183 τὸν
472 4130 770 4202 λογισμὸν,
801 4132 1032 4185 κάκεῖνο.
1066 4132 1366 4203 λαμϐάνειν
1397 4134 1476 4196 είς
1505 4131 1630 4185 νοῦν
1650 4170 1665 4196 ,
1707 4133 1782 4196 ὡς
1809 4133 1903 4186 καὶ
1925 4134 1954 4185 ὁ

354 4223 448 4277 τοῦ
506 4223 761 4295 σώματος
804 4224 1119 4294 ὀφθαλμὸς,
1165 4224 1262 4295 οὐχ
1304 4225 1429 4278 ὅσον
1469 4224 1536 4278 ἂν
1573 4223 1816 4293 βούλοιτὸ
1845 4240 1951 4286 τις,

355 4313 582 4367 τοσοῦτο
599 4314 663 4385 δὴ
686 4317 906 4378 πάντως
928 4316 1021 4368 καὶ
1037 4315 1355 4385 κατόψεται,
1376 4314 1492 4368 ἀλλ’
1513 4316 1637 4368 ὅσον
1654 4314 1950 4384 ἐνδέχεται,

356 4407 450 4458 καὶ
481 4407 546 4458 τὸ
593 4407 694 4476 τῆς
741 4407 958 4476 φύσεως
995 4408 1184 4478 ἐφίησι
1238 4407 1438 4478 μέτρον
1466 4421 1481 4436 ’
1533 4407 1614 4460 τά-
1644 4406 1714 4459 δὲ-
1739 4409 1796 4460 ἐν
1830 4406 1953 4476 ὕψει

355 4495 543 4566 πολλῷ
562 4496 682 4549 λίαν
714 4497 1128 4569 ἀνατεθειμένα,
1159 4498 1264 4552 κᾶν
1291 4498 1429 4562 ὅλως
1456 4496 1820 4569 φαντάζηται,
1845 4498 1955 4553 δια-

2055 2033 2228 2087 serto,
2261 2031 2318 2076 et
2343 2023 2389 2077 si
2421 2031 2644 2092 captum
2669 2020 2872 2074 mentis
2903 2020 3164 2074 humanae
3202 2016 3549 2082 consideres,
3586 2031 3651 2072 ea

2053 2131 2144 2171 res
2197 2114 2573 2184 impossibilis
2609 2112 3018 2183 quodammodo
3072 2110 3387 2174 videbatur,
3436 2109 3652 2165 accedit

2053 2210 2305 2263 clamans
2343 2205 2605 2276 Moyses:
2649 2223 2668 2255 ι
2711 2203 2986 2259 Sexcenta
3026 2203 3200 2256 millia
3251 2201 3494 2272 peditum
3561 2201 3651 2255 hic

2053 2309 2208 2365 sunt,
2240 2301 2294 2354 in
2327 2300 2530 2370 quibus
2556 2313 2679 2354 sum
2714 2298 2768 2352 in
2805 2297 2918 2361 eis;
2955 2303 3010 2350 et
3041 2305 3096 2349 tu
3127 2294 3349 2348 dixisti:
3389 2293 3540 2348 Dabo
3569 2293 3652 2348 eis

2053 2408 2250 2448 carnes
2301 2391 2614 2457 comedere,
2657 2399 2706 2446 et
2759 2388 3054 2444 comedent
3102 2402 3350 2442 mensem
3399 2387 3647 2441 dierum.

2054 2484 2331 2556 Numquid
2365 2500 2497 2540 oves
2529 2492 2582 2538 et
2611 2484 2780 2538 boves
2811 2481 3292 2542 necidenturillis.
3326 2488 3380 2535 et
3413 2477 3652 2535 sufﬁciet

2053 2578 2196 2632 illis?
2221 2598 2238 2628 ι
2267 2575 2409 2643 Quid
2441 2583 2624 2630 autem
2656 2575 2720 2628 ad
2751 2574 2866 2627 hmc
2885 2572 3068 2627 Deus?
3109 2592 3126 2623 ι
3153 2569 3430 2642 Numquid
3453 2585 3650 2624 manus

2057 2669 2274 2724 Domini
2325 2682 2435 2721 nou
2491 2664 2727 2720 suﬂieiet
2761 2663 2857 2716 '6?
2895 2683 2911 2714 ι
2948 2662 3089 2728 Quid
3135 2662 3282 2717 enim
3330 2676 3442 2715 non
3472 2659 3652 2730 possit

2054 2759 2202 2815 Deus
2223 2739 2548 2824 ?"‘Quocirca
2577 2757 2644 2810 de
2675 2755 2913 2827 Philippi
2942 2763 2996 2810 et
3027 2755 3260 2810 Andreas
3291 2752 3648 2808 sermonibus

2049 2850 2174 2921 jure
2225 2849 2371 2903 dicet
2413 2848 2658 2916 aliquis:
2700 2844 2982 2916 Numquid
3028 2860 3225 2898 manus
3275 2843 3495 2897 Domini
3531 2856 3642 2896 non

2053 2942 2326 2998 suiiiciet?
2371 2941 2485 2996 Nos
2523 2947 2732 3004 autem,
2761 2939 2840 2992 rei
2880 2946 3082 2991 natura
3115 2937 3350 3006 exempli
3392 2935 3514 2991 vice
3549 2947 3646 2989 as-

2054 3046 2297 3106 sumpta,
2322 3035 2648 3090 morborum
2699 3039 2754 3086 et
2801 3032 3074 3085 malorum
3113 3037 3422 3084 extremum
3461 3027 3648 3082 incre-

2053 3129 2338 3183 dulitatem
2374 3141 2499 3182 esse
2525 3125 2815 3186 ducamus,
2845 3130 2922 3186 et,
2976 3124 3021 3178 si
3053 3122 3186 3191 quid
3223 3121 3388 3185 Deus,
3427 3129 3523 3175 aut
3558 3118 3646 3174 fa-

2053 3223 2208 3284 ciat,
2267 3228 2362 3274 aut
2399 3219 2675 3272 facturum
2731 3231 2790 3272 se
2849 3215 3182 3285 promittat,
3242 3213 3347 3268 (ide
3404 3211 3648 3282 simplici

2054 3311 2350 3368 confestim
2385 3309 2519 3364 illud
2567 3307 2929 3378 suscipiatur,
2982 3321 3080 3360 nec
3130 3321 3198 3359 ex
3246 3320 3313 3358 eo
3349 3303 3496 3373 quod
3537 3318 3648 3373 quo

2054 3413 2218 3476 pacto
2266 3403 2450 3458 futura
2481 3401 2594 3456 sint
2633 3414 2696 3456 ea
2730 3416 2853 3469 qua:
2895 3413 2996 3452 uos
3041 3404 3329 3466 superant,
3380 3409 3492 3465 prae
3541 3393 3646 3447 im-

2055 3496 2352 3552 becillitate
2389 3493 2681 3565 cogitando
2725 3491 2949 3560 assequi
2985 3505 3094 3543 non
3145 3502 3467 3558 possumus,
3503 3484 3649 3540 Deus

2055 3596 2370 3644 accusetur.
2419 3584 2632 3640 Bonum
2683 3596 2852 3653 porro
2894 3590 2948 3635 et
3000 3580 3309 3650 sapientem
3350 3592 3416 3631 ac
3449 3592 3646 3632 sanum

2055 3681 2214 3736 decet
2261 3669 2318 3733 iri
2368 3678 2614 3732 animum
2649 3674 2937 3736 inducere,
2971 3671 3228 3742 corporis
3253 3670 3500 3732 oculum,
3533 3684 3647 3723 non

2056 3783 2324 3845 quantum
2376 3772 2504 3842 quis
2550 3769 2678 3824 velit
2718 3767 3057 3837 perspicere,
3087 3764 3188 3818 sed
3229 3769 3497 3831 quantum
3532 3759 3648 3815 fieri

2057 3874 2271 3936 potest,
2326 3873 2386 3920 et
2433 3871 2645 3916 natura:
2697 3869 2902 3915 nostrae
2950 3857 3055 3912 fert
3095 3855 3495 3910 mediocritas:
3551 3852 3647 3907 sed

2055 3971 2177 4026 quae
2207 3954 2362 4008 valde
2398 3951 2656 4008 sublimia
2701 3958 2853 4012 sunt,
2889 3948 3018 4002 licet
3053 3946 3179 4016 quis
3236 3945 3438 3999 mentis
3471 3944 3646 3999 aciem

2056 4046 2438 4104 vehementius
2487 4043 2758 4107 intendat,
2810 4041 3132 4095 discernere
3184 4053 3294 4092 non
3339 4050 3524 4108 posse.
3569 4033 3647 4088 lla

2056 4151 2281 4206 quoque
2301 4134 2595 4189 considera
2625 4140 2863 4186 mentem
2892 4117 3139 4184 hominis
3163 4126 3230 4180 ad
3263 4135 3447 4182 certos
3474 4141 3648 4196 usque

2059 4231 2196 4286 lines
2232 4224 2592 4298 intelligendo
2615 4223 2894 4296 protendi,
2923 4223 3048 4276 licet
3071 4221 3260 4290 utique
3289 4227 3520 4290 purgata
3550 4219 3643 4272 sit.

2055 4320 2205 4376 Nihil
2255 4320 2404 4373 enim
2439 4332 2561 4388 quae
2609 4331 2778 4387 supra
2810 4301 2913 4371 nos
2962 4314 3142 4384 posita
3178 4323 3309 4368 sunt
3357 4309 3643 4382 perspicit,

2056 4410 2153 4468 sed
2200 4407 2724 4480 supernaturalihus
2773 4407 2939 4462 rebus
2971 4404 3138 4470 cedit,
3173 4404 3256 4459 vel
3292 4403 3486 4469 invita,
3519 4416 3643 4456 cum

2058 4504 2380 4568 nullatenus
2408 4515 2506 4554 eas
2532 4501 2710 4572 possit
2741 4496 3230 4568 comprehendere.
3271 4493 3403 4550 Fide
3442 4495 3642 4563 itaque,

354 4589 569 4659 κρίνειν
597 4589 660 4641 ού
689 4589 939 4654 δύναται,
963 4589 1303 4662 λεπτοτάτην
1335 4591 1425 4643 ἐπ’
1455 4591 1642 4654 αὺτοῖς
1668 4591 1764 4644 καὶ
1795 4591 1948 4663 μόλις

2057 4611 2164 4649 nou
2186 4594 2450 4664 indagine
2479 4608 2601 4661 quae
2631 4606 2797 4660 supra
2830 4597 3096 4658 nos‘sunt
3127 4587 3451 4658 capiuntur,
3486 4592 3541 4638 et
3585 4591 3646 4636 ut

354 4679 622 4751 ἁρπάζων
651 4682 752 4752 τὴν
784 4681 1054 4750 θεωρίαν.,
1093 4682 1252 4737 Οὕτω
1303 4701 1395 4754 μοι
1431 4685 1542 4738 νόει
1586 4683 1683 4738 καὶ
1718 4685 1811 4738 τὸν
1857 4687 1952 4740 ἀν-

2055 4686 2311 4744 laudatur
2343 4685 2434 4755 qui
2470 4684 2665 4742 credit.
2702 4684 2776 4736 ita
2804 4682 2966 4750 culpa
2994 4695 3102 4734 non
3138 4686 3292 4733 caret
3318 4677 3641 4746 quicunque

355 4769 633 4839 θρώπινον
662 4771 820 4824 νοῦψ
855 4773 1019 4843 μέχρι
1058 4770 1168 4842 γὰρ
1197 4771 1306 4826 τῶν
1331 4772 1596 4828 δοθέντων
1627 4776 1770 4846 ὅρων
1800 4775 1953 4844 αὐτῷ

2057 4781 2112 4836 in
2145 4777 2492 4835 contrarium
2523 4773 2738 4829 incidit.
2777 4771 2949 4841 Cujus
2979 4771 3055 4824 rei
3084 4769 3242 4823 testis
3273 4767 3388 4836 ipse
3423 4777 3646 4818 rursum

352 4861 512 4932 παρὰ
530 4862 628 4914 τοῦ
652 4864 1018 4934 πεποιηκότος
1039 4865 1364 4932 ἐφικνεῖται,
1385 4866 1479 4920 καὶ
1499 4867 1823 4929 ἐκτείνεται,
1847 4866 1952 4920 κᾶν

2059 4872 2314 4927 Salvator
2340 4869 2500 4924 nobis
2531 4867 2658 4929 erit,
2687 4865 2774 4919 bis
2806 4861 3027 4918 verbis:
3065 4879 3085 4919 ι
3117 4858 3222 4926 Qui
3259 4856 3435 4912 credit
3465 4855 3519 4909 in
3555 4852 3645 4908 Fi-

351 4954 495 5017 ὅλως
531 4955 756 5029 ὑπάρχῃ
788 4955 1204 5026 κεκαθαρμένος
1233 4972 1244 4984 ·
1295 4957 1485 5026 ὄψεται
1513 4958 1623 5030 γὰρ
1655 4959 1810 5023 οὐδὲν
1842 4959 1952 5012 τῶν

2057 4966 2211 5029 lium,
2246 4978 2356 5017 non
2390 4960 2716 5031 judicatur;
2759 4955 2854 5026 qui
2906 4962 3092 5008 autem
3139 4967 3250 5006 non
3302 4947 3501 5012 credit,
3530 4946 3646 5018 jam

353 5049 777 5120 ὑπερκειμένων
799 5091 814 5117 ,
848 5049 1248 5121 παραχωρήσει
1282 5049 1338 5102 δὲ
1359 5089 1373 5114 ,
1410 5052 1504 5105 καὶ
1535 5052 1635 5122 οὐχ
1667 5050 1810 5108 ἐκὼν
1839 5054 1953 5115 τοῖς

2057 5055 2340 5124 judicatus
2373 5060 2458 5108 est
2489 5052 2556 5106 ’⁷.
2585 5069 2604 5102 ι

329 5145 500 5214 ,ὑπὲρ
528 5142 628 5211 τὴν
659 5141 854 5211 φύσιν,
877 5141 1176 5213 οὐδαμόθεν
1204 5141 1343 5213 έχων
1369 5143 1549 5197 αὐτῶν
1585 5143 2062 5213 περιὸράττεσθαι.
2115 5147 2307 5201 Πίστει
2375 5144 2562 5204 ,τοίνυν
2621 5143 2693 5195 τὰ
2734 5140 2875 5210 ὑπὲρ
2917 5140 3092 5211 ὑμᾶς,
3161 5137 3255 5192 καὶ
3288 5136 3347 5190 οὐ
3421 5133 3648 5206 ζητήσει

352 5235 722 5307 λαμϐάνεται,
749 5235 844 5288 καὶ
877 5234 1218 5304 θαυμάζεται
1264 5235 1362 5305 μὲν
1389 5237 1416 5288 ὁ
1441 5234 1586 5287 οὕτω
1651 5235 1867 5301 πιστὸς,
1934 5239 2327 5310 ἀνεπιτίμητος
2374 5237 2431 5290 δέ
2497 5234 2746 5305 οὐδαμῶς
2788 5235 2815 5286 ὁ
2849 5234 2962 5297 τοῖς
3004 5231 3268 5294 ἐναντίοις
3309 5225 3643 5298 περιπεσών.

354 5331 472 5384 Καὶ
499 5329 596 5380 ἐπὶ
618 5325 794 5396 τούτῳ
833 5327 996 5381 πάλιν
1025 5328 1190 5391 αὐτὸς
1223 5329 1356 5398 ἡμῖν
1387 5330 1417 5382 ὁ
1450 5326 1642 5398 Σωτὴρ
1669 5329 2013 5401 μαρτυρήσει
2035 5331 2210 5399 λέγων
2236 5348 2250 5361 ·
2282 5351 2300 5384 ι
2324 5331 2382 5384 '0
2419 5313 2693 5383 πιστεύων
2721 5329 2803 5392 είς
2853 5327 2943 5380 τὸν
2959 5326 3087 5380 Υἱὺν
3153 5325 3214 5378 οὐ
3287 5322 3556 5394 κρίνεται,
3619 5319 3648 5369 ὁ

353 5422 412 5474 δὲ
445 5421 521 5492 μὴ
556 5418 851 5483 πιστεύων,
884 5418 986 5490 ἥδη
1018 5420 1294 5490 κέκριται.

429 5512 778 5583 Διειληφότες
807 5512 863 5564 δὲ
902 5511 1052 5578 ἅπαξ
1083 5512 1174 5566 τὸν
1207 5512 1368 5580 λόγον
1396 5512 1484 5565 τὸν
1521 5514 1614 5566 ἐπὶ
1638 5513 1716 5566 τῶ
1750 5513 1949 5584 χρῆναι

2133 5509 2238 5566 Sed
2285 5525 2408 5566 cum
2463 5509 2576 5580 jam
2624 5507 2793 5564 semel
2823 5505 2892 5560 de
2938 5501 3327 5558 incredulitate
3377 5498 3430 5551 in
3476 5497 3646 5554 Deum

360 5605 439 5676 μὴ
471 5606 722 5658 ἀπιστεῖν
738 5604 816 5674 τῷ
841 5603 980 5673 Θεῷ,
1016 5604 1152 5674 φέρε
1180 5603 1245 5674 δή
1270 5622 1324 5656 τι
1355 5603 1516 5657 πάλιν
1549 5605 1614 5657 ἐκ
1644 5603 1753 5658 τῶν
1790 5603 1951 5675 ἱερῶν

2059 5619 2171 5658 non
2199 5602 2553 5672 suscipienda
2591 5597 3045 5658 disseruerinms,
3088 5607 3206 5662 age,
3231 5604 3451 5645 rursum
3494 5604 3524 5644 e
3558 5605 3648 5646 sa-

357 5697 712 5768 Γραμμάτων
735 5695 1126 5767 ἀναλεξάμενοι
1150 5695 1490 5766 παραϐῶμεν
1517 5697 1598 5760 είς
1631 5695 1817 5768 μέσον,
1853 5697 1949 5751 καὶ

2060 5697 2173 5753 cris
2216 5695 2443 5753 Litteris
2491 5692 2741 5750 nonnihil
2787 5691 2842 5745 in
2895 5685 3136 5742 medium
3177 5680 3545 5754 proferamus,
3588 5692 3645 5738 et

429 5879 475 5911 "
499 5875 662 5934 Num.
697 5891 774 5942 xl,
821 5873 975 5949 1:25.
1056 5871 1284 5929 "Joan.
1324 5887 1407 5938 Ill,
1443 5872 1532 5931 18.
