4052 6510
428 442 522 498 ιῧι
1413 425 1469 482 S.
1509 422 1786 480 CYBlLLl
1827 421 2291 478 ALEXANDRINI
2331 420 2652 478 ARCIIIEP.
3585 423 3695 478 652

425 576 538 632 quo
568 564 730 628 pacto
757 551 1200 610 incredulitatem
1227 553 1420 603 secuta
1459 545 1533 601 sit
1567 541 2000 604 animadversio,

2105 540 2206 611 τὴν
2229 541 2324 593 ἐπὶ
2347 541 2469 604 ταῖς
2492 537 2774 602 ἀπιστίαις
2795 537 3020 594 κόλασιν
3048 537 3526 610 ἓκλαμπρύνωμεν
3551 538 3691 610 πρὸς

426 627 494 704 ad
527 627 793 704 lectorum
820 645 1107 700 utilitatem
1128 651 1491 709 exponamus.
1511 634 1697 689 Redeo
1722 634 1908 702 itaque
1933 630 2002 685 ad

2105 633 2376 701 ὠφέλειαν
2420 632 2530 687 τῶν
2561 631 2982 703 ἐντευξομένων.
3024 631 3238 686 Οὐκοῦν
3270 629 3359 683 ἐπ’
3381 629 3548 684 αὐτὸν
3575 627 3691 702 εἶμι

429 741 650 811 Moysen
709 739 860 792 illum
915 747 1204 791 sacrorum
1269 728 1607 784 antistitem.
1669 725 1868 780 Jussus
1919 729 2006 778 est

2106 727 2270 781 πάλιν
2295 725 2388 780 τὸν
2418 725 2743 796 ἱεροφάντην
2776 724 3002 780 Μωσέα.
3045 722 3358 777 Ἐκελεύετό
3387 739 3521 776 ποτε
3551 724 3694 777 κατά

426 834 578 896 olim,
614 846 738 885 cum
771 831 824 883 in
855 829 1077 883 deserto
1115 823 1353 895 pupulus
1378 817 1711 875 intolerabili
1754 816 1844 872 siti
1882 831 2007 885 pre-

2103 817 2204 889 τὴν
2225 816 2430 888 ἔρημον
2448 818 2707 888 ἀφορήτῳ
2728 817 2871 887 δίψει
2893 815 3396 887 καταδαρυνθὲντος
3411 815 3507 869 τοῦ
3533 815 3689 879 λαοῦ,

427 932 688 985 meretur,
721 921 936 976 socium
988 919 1089 974 sibi
1126 917 1400 969 Aaroncm
1445 911 1724 976 adhibere,
1755 909 1921 980 280
1949 914 2004 962 et

2105 909 2360 962 κοινωνὸν
2391 909 2493 979 μὲν
2518 910 2789 964 ποιεῖσθαι
2827 909 2918 964 τὸν
2959 907 3206 980 Ἀαρὼν,
3248 907 3690 978 κατακρούεσθαι

424 1017 576 1086 virga
603 1031 796 1068 saxum
829 1020 1138 1083 percutere,
1173 1015 1231 1062 ut
1277 1020 1546 1076 aquarum
1581 1003 1764 1057 fontes
1802 1003 2004 1055 educe-

2102 1001 2159 1054 δὲ
2180 1003 2246 1072 τῇ
2283 1000 2462 1070 ῥάϐδῳ
2484 1001 2585 1070 τὴν
2615 1001 2842 1071 πέτραν,
2875 1001 2964 1053 ἶνα
2996 1001 3093 1054 καὶ
3121 1000 3332 1054 ὑδάτων
3363 999 3693 1070 ἀνομϐρήσῃ

425 1115 528 1160 ret.
560 1104 666 1160 Sed
701 1119 824 1158 cum
860 1100 1272 1170 Dominijussis
1303 1096 1445 1151 haud
1471 1095 1702 1148 multum
1731 1092 2000 1157 crederet,

2104 1094 2309 1165 πηγάς.
2356 1095 2496 1149 Ἀλλ’
2529 1095 2590 1148 οὐ
2615 1094 2819 1164 σφόδρα
2845 1097 2958 1156 τοῖς
2973 1093 3068 1148 τοῦ
3103 1092 3538 1164 προστάττοντος
3556 1092 3689 1144 ἀνα-

423 1205 474 1248 et
524 1209 636 1264 pra:
682 1193 1028 1246 humanitate
1073 1189 1277 1259 pusillo
1306 1194 1457 1242 esset
1485 1185 1703 1238 animo:
1743 1202 1761 1233 ι
1805 1183 2004 1236 Audito

2103 1189 2471 1258 πεπεισμένος
2520 1186 2726 1254 λόγοις,
2778 1187 3180 1258 όλιγοψυχήσας
3229 1185 3288 1239 δέ
3342 1201 3460 1248 πως
3499 1183 3590 1238 διὰ
3625 1183 3691 1237 τὺ

424 1301 536 1352 me,
571 1283 770 1354 inquit,
809 1282 1114 1337 increduli:
1148 1277 1412 1349 numquid
1448 1293 1511 1331 ex
1543 1285 1696 1346 petra
1730 1274 1832 1328 hac
1860 1273 2000 1328 edu-

2101 1277 2439 1350 ἀνθρώπινον
2455 1295 2468 1310 ·
2489 1298 2508 1331 ι
2533 1278 2826 1332 Ἀκούσατέ
2863 1295 2987 1347 μου,
3002 1277 3189 1348 φησιν,
3206 1277 3258 1330 οι
3282 1275 3530 1337 ἀπειθεῖς
3552 1291 3564 1304 ·
3608 1273 3687 1344 μὴ

423 1389 612 1430 cetnus
652 1374 807 1428 vobis
851 1371 1096 1442 aquam?
1127 1369 1193 1423 Et
1225 1369 1495 1423 extollens
1533 1367 1744 1440 Moyses
1775 1380 1998 1421 manum

2101 1369 2167 1424 ὲκ
2195 1371 2296 1439 τῆς
2325 1370 2534 1442 πέτρας
2569 1369 2770 1441 ταύτης
2799 1369 3066 1440 ἐξάξομεν
3097 1369 3228 1439 ὑμῖν
3257 1365 3553 1437 ὕδωρ;1(αὶ
3579 1366 3683 1418 s1:-

424 1480 603 1531 suam,
653 1462 929 1534 percussit
964 1469 1174 1530 petram
1224 1458 1388 1513 semel
1442 1466 1496 1511 et
1539 1457 1647 1521 bis,
1692 1463 1746 1510 et
1789 1454 2002 1510 exsiliit

2102 1462 2240 1533 άρας
2267 1461 2472 1531 Μωσῆς
2499 1462 2598 1532 τὴν
2624 1463 2785 1532 χεῖρα
2811 1459 2999 1523 αὐτοῦ,
3023 1457 3264 1523 ἐπάταξε
3289 1460 3356 1528 τῇ
3383 1455 3564 1527 ῥάϐδῳ
3584 1453 3683 1526 τὴν

423 1571 562 1626 aqua
589 1555 775 1609 multa.
811 1552 878 1606 Et
909 1552 1046 1606 dixit
1068 1550 1336 1604 Dominus
1363 1548 1427 1602 ad
1445 1547 1666 1618 Moysen
1689 1557 1746 1602 et
1776 1546 1996 1601 Aaron:

2102 1555 2310 1625 πέτραν
2336 1554 2484 1621 ἀπαξ
2528 1554 2624 1608 καὶ
2659 1555 2774 1618 δὶς,
2808 1555 2900 1607 καὶ
2924 1552 3151 1622 ἐξῆλθεν
3181 1552 3326 1623 ὕδωρ
3360 1549 3517 1606 πολύ.
3569 1547 3683 1602 Καὶ

423 1647 561 1712 Quia
599 1661 708 1700 non
743 1642 1059 1699 credidistis
1090 1638 1438 1695 sanctiﬁcare
1470 1653 1556 1693 me
1598 1637 1655 1692 in
1695 1643 1998 1706 conspectu

2100 1640 2222 1698 εἷπε
2263 1644 2470 1715 Κύριος
2517 1645 2656 1714 πρὸς
2712 1643 2917 1714 Μωσῆν
2969 1646 3063 1698 καὶ
3097 1641 3348 1713 ’Δαρὼνο
3409 1641 3535 1695 Ὀτι
3580 1641 3685 1694 οὐκ

423 1737 657 1792 ﬁliorum
694 1735 884 1800 Israel,
917 1739 1204 1804 propterea
1237 1745 1346 1785 non
1387 1728 1662 1784 inducetis
1699 1743 1797 1784 vos
1837 1740 1996 1797 syna-

2099 1735 2457 1790 ἐπιστεύσατε
2484 1737 2709 1803 ἁγιάσαι
2740 1754 2806 1808 με
2838 1736 3078 1791 ἐναντίον
3099 1735 3209 1789 τῶν
3252 1734 3385 1788 υίῶν
3424 1731 3646 1804 Ἰσραήλ
3666 1747 3677 1760 ’

420 1839 611 1895 gogam
651 1823 794 1878 hanc
835 1823 891 1876 in
926 1830 1132 1876 terram
1182 1835 1347 1890 quam
1388 1819 1513 1874 dedi
1549 1819 1636 1874 eis
1663 1817 1730 1872 ⁸⁸.
1774 1837 1794 1870 ι
1827 1815 1996 1870 Num-

2101 1827 2188 1880 διὰ
2213 1825 2372 1880 τοῦτο
2403 1828 2502 1881 οὐκ
2540 1827 2784 1892 εἰσάξετε
2820 1828 2981 1898 ὑμεῖς
3003 1827 3104 1898 τὴν
3131 1825 3453 1894 συναγωγὴν
3480 1824 3683 1894 ταύτην

421 1916 555 1989 quid
609 1931 741 1986 ergo
791 1915 918 1969 hinc
971 1914 1148 1968 cuivis
1198 1912 1442 1983 patebit,
1491 1925 1654 1981 quam
1705 1910 1888 1979 gravis
1935 1911 2006 1963 sit

2105 1919 2186 1982 είς
2214 1917 2311 1989 τὴν
2343 1919 2477 1989 γῆν,
2525 1919 2592 1989 ἣν
2619 1918 2828 1972 δέδωκα
2858 1919 3062 1982 αὐτοῖς.
3094 1936 3113 1970 ι
3153 1917 3274 1988 'Ap'
3301 1913 3399 1971 οὖν
3435 1915 3686 1970 ἐντεῦθεν

420 2023 636 2064 merces
668 2005 1125 2061 incredulitatis?
1155 2004 1308 2071 Quod
1343 2003 1389 2058 si
1433 2003 1646 2074 Moyses
1675 2002 1765 2056 ille
1811 2009 2001 2054 tantus

2103 2011 2202 2064 οὐκ
2229 2010 2294 2064 ἀν
2323 2011 2534 2079 γένοιτο
2572 2012 2735 2065 παντί
2764 2029 2844 2082 τῳ
2881 2011 3082 2081 σαφὲς,
3121 2013 3270 2074 ὅπως
3313 2009 3433 2064 ἐστὶ
3473 2007 3690 2078 χαλεπά

420 2101 506 2155 vir
537 2116 666 2156 cum
701 2107 870 2168 esset,
901 2098 1270 2169 reprehensus
1299 2105 1405 2161 est,
1433 2097 1652 2150 cuinam
1678 2092 1822 2148 Deus
1848 2091 2002 2161 igno-

2099 2103 2200 2174 τῆς
2231 2103 2486 2167 ἀπιστίας
2510 2103 2580 2157 τά
2613 2102 2855 2174 ὀψώνιας
2895 2105 3006 2157 Καὶ
3043 2106 3092 2157 εί
3125 2101 3379 2165 τοσοῦτος
3425 2101 3687 2171 ὑπάρχων

421 2201 558 2256 scet,
587 2199 682 2248 aut
711 2193 837 2264 quis
867 2191 1301 2262 indignationem
1328 2188 1448 2258 ejus
1478 2186 1700 2259 eﬂ‘ugiet
1733 2185 1826 2256 qui
1861 2185 2000 2238 adeo

2100 2195 2409 2265 ἐπετιμήθη
2433 2195 2671 2265 Μωσῆς,
2720 2195 2864 2258 τίνος
2903 2195 2986 2248 ἔτι
3015 2194 3261 2264 φείσεται
3292 2193 3451 2256 Θεδς,
3491 2192 3600 2244 τίνι
3629 2190 3689 2243 δὲ

425 2300 783 2356 personarqu
817 2295 1073 2356 acceptor
1109 2299 1218 2338 non
1243 2290 1328 2339 est
1358 2283 1426 2347 ²⁹,
1461 2291 1519 2338 ιιι
1557 2295 1626 2336 ne
1653 2282 1834 2350 ipsum
1876 2279 1998 2348 qui-

2100 2287 2201 2340 ούκ
2227 2287 2436 2341 ἐποίσει
2464 2287 2556 2340 τὸν
2591 2287 2676 2356 ἐφ’
2715 2280 2798 2349 οἷς
2841 2284 2908 2339 ἀν
2935 2285 3216 2356 ἀπιστήσῃ
3250 2282 3423 2354 θυμὸν
3457 2283 3487 2336 ό
3514 2279 3690 2342 οῠτως

421 2373 547 2429 dem
601 2373 823 2446 Moysen
867 2375 1162 2428 immunem
1195 2386 1319 2427 esse
1345 2370 1604 2435 voluerit,
1629 2371 1695 2424 ad
1728 2381 1890 2439 quem
1918 2367 2000 2420 di-

2099 2377 2626 2449 άπροσωπόληπτος,
2673 2378 2748 2441 ὼς
2786 2376 2920 2448 μηδὲ
2949 2376 3112 2430 αὐτὸν
3150 2374 3408 2445 ἐθελῆσαι
3428 2372 3690 2427 δυσωπεῖ-

421 2471 570 2518 ctum
597 2475 724 2520 est:
768 2483 786 2516 ι
820 2464 955 2520 Novi
985 2472 1040 2520 te
1074 2471 1269 2534 praeter
1308 2477 1527 2527 omnes,
1559 2469 1613 2517 et
1647 2460 1877 2532 gratiam
1911 2459 1996 2512 in-

2103 2468 2229 2521 σθαι
2252 2467 2478 2532 Μωσέα,
2504 2467 2640 2539 πρὸς
2663 2468 2723 2522 δν
2747 2469 2992 2540 εἴρηταιο
3027 2461 3159 2522 Οἶδά
3181 2483 3244 2519 σε
3275 2464 3428 2536 παρὰ
3455 2464 3689 2527 πάντας,

419 2555 617 2612 venisti
654 2556 798 2628 apud
834 2571 921 2610 me
943 2555 1011 2612 ³ο.
1053 2574 1070 2607 ι
1827 2615 1830 2618 .

1827 2615 1830 2618 ,
2102 2560 2198 2613 καὶ
2224 2559 2387 2630 χάριν
2416 2551 2576 2632 εὗρες
2603 2560 2735 2631 παρ’
2771 2561 2915 2632 ἑμοίς

490 2643 580 2710 VI,
613 2615 707 2701 10:
749 2642 938 2699 Facite
969 2644 1213 2713 homines
1250 2640 1599 2696 discumbere.
1647 2639 1780 2694 Erat
1820 2615 1994 2693 autem

2169 2615 2660 2716 Πλήσατίτδὺς
2688 2615 3040 2718 ἀνθρώπους
3079 2647 3432 2704 ἀναπεσεῖν.
3473 2641 3586 2702 Ἦν
3616 2644 3687 2699 δὲ

420 2735 599 2805 fenum
641 2737 868 2789 multum
902 2736 957 2790 in
1009 2735 1145 2790 loco.
1178 2734 1571 2789 Discubuerunt
1603 2749 1726 2802 ergo
1765 2733 1864 2786 viri
1905 2747 2001 2785 nu-

2098 2739 2314 2808 χόρτος
2340 2740 2538 2806 πολὺς
2557 2739 2630 2794 ἐν
2653 2738 2734 2806 τῷ
2761 2740 2944 2808 τόπῳ.
2976 2738 3299 2795 Ἀνέπεσον
3325 2733 3441 2794 οὖν
3469 2736 3686 2805 ἄνδρες

420 2846 564 2884 mero
597 2831 752 2900 quasi
774 2831 1000 2900 quinque
1023 2828 1221 2881 millia.

2099 2830 2207 2883 τὸν
2243 2829 2496 2900 ἀριθμόν
2518 2829 2664 2884 ὡσεί
2686 2829 3189 2898 πεντακισχίλιοι.

491 2920 720 2976 Solitam
752 2937 905 2976 suam
944 2921 1338 2990 benignitatem
1373 2917 1629 2973 Salvator
1669 2922 1910 2982 exercet,
1944 2921 1999 2970 et

2172 2922 2468 2992 Πραότητα
2495 2923 2597 2992 μὲν
2618 2920 2716 2993 τὴν
2741 2919 2948 2992 συνήθη
2973 2920 3269 2991 τετίμηκεν
3293 2920 3322 2973 ὁ
3347 2917 3558 2988 Σωτὴρ,
3588 2913 3685 2968 καὶ

419 3009 490 3064 ab
547 3010 761 3080 asperis
825 3011 1302 3080 increpationibus
1358 3009 1622 3064 abstinet.
1681 3007 1791 3063 Nec
1847 3010 1993 3062 enim

2099 3012 2161 3066 τὸ
2194 3011 2293 3083 μὲν
2323 3012 2488 3084 δριμὺ
2520 3011 2630 3068 τῶν
2666 3013 2906 3083 ἐλέγχων
2947 3011 3264 3081 ἀφίστησιν.
3313 3009 3428 3063 Ούκ
3453 3007 3686 3078 ἐπιτιμᾷ

419 3102 674 3157 acerbius
705 3103 1010 3157 insectatur
1035 3102 1360 3171 discipulos,
1386 3101 1516 3154 licet
1545 3099 1775 3154 nimium
1796 3098 1997 3168 pusillo

2100 3103 2211 3173 γὰρ
2241 3102 2513 3174 δηκτικῶς
2563 3105 2658 3158 καὶ¹
2705 3103 2828 3159 λίαν
2874 3103 3196 3167 νυστάζουσι
3227 3103 3341 3163 τοῖς
3387 3099 3681 3170 μαθηταῖς,

417 3193 605 3248 animo
643 3207 708 3247 ac
757 3191 861 3248 ﬁde
911 3193 1253 3258 oscitantes;
1289 3191 1382 3247 sed
1425 3191 1594 3245 rebus
1627 3189 1763 3260 ipsis
1812 3189 1998 3258 potius

2101 3196 2225 3249 ὅσον
2249 3190 2383 3268 ἧκεν
2412 3197 2492 3259 είς
2524 3195 2585 3250 τὸ
2613 3197 2700 3250 ἐπ’
2729 3193 2882 3266 αὐτῷ
2925 3193 3262 3266 μικρόψυχόν
3302 3209 3363 3247 τε
3391 3191 3486 3246 καὶ
3508 3191 3685 3258 ὀλιγό-

417 3286 642 3339 instruit
674 3284 742 3339 ad
779 3283 1325 3353 comprehensionem
1350 3297 1543 3337 eorum
1581 3296 1701 3351 quae
1753 3280 1997 3335 nondum

2099 3305 2290 3342 πιστον
2316 3305 2330 3320 ·
2373 3289 2711 3358 παιδαγωγεῖ
2743 3289 2799 3342 δὲ
2855 3288 3056 3358 μᾶλλον
3095 3287 3184 3340 διὰ
3211 3284 3558 3357 πραγμάτων
3584 3284 3685 3337 αὑ-

415 3375 670 3430 creduut.
691 3373 828 3427 Illud
845 3375 1013 3439 enim,
1039 3393 1056 3425 ι
1075 3371 1265 3429 Facite
1297 3373 1550 3428 homines
1575 3372 1947 3434 discumbere.
1971 3388 1990 3423 ι

2098 3379 2208 3433 τῶν
2260 3382 2340 3444 είς
2385 3379 2690 3450 κατάληψιν
2733 3372 2810 3434 ὧν
2859 3378 3013 3434 οὔπω
3060 3377 3392 3432 πιστεύουσι.
3450 3375 3524 3430 Τὸ
3551 3377 3684 3450 γάρ,

418 3481 528 3520 non
585 3465 922 3519 mediocrem
969 3463 1136 3519 habet
1182 3462 1512 3533 emphasim,
1571 3473 1625 3517 et
1679 3460 1996 3516 istiusmodi

2109 3421 2204 3433 ...η
2260 3421 2336 3444 -.,
2388 3421 2687 3450 ...η-...ηπ
2734 3421 2807 3434 ..η
2860 3421 3013 3434 νυ...
3067 3421 3392 3432 ...ηνηηη
3459 3421 3522 3430 --
3563 3421 3685 3450 ...ιη

2105 3489 2125 3523 ι
2155 3471 2424 3542 Ποιήσατε
2451 3471 2580 3534 τοὺς
2604 3469 2928 3538 ἀνθρώπους
2957 3471 3278 3532 ἀναπεσεῖν,
3304 3488 3323 3521 ι
3353 3469 3414 3522 ού
3453 3466 3685 3538 μετρίαν

416 3555 676 3626 quiddam
704 3555 774 3609 ab
799 3553 928 3610 Jesu
961 3553 1068 3610 dici
1099 3561 1314 3609 tantum
1354 3568 1463 3608 non
1506 3553 1753 3630 indicat:
1785 3550 1830 3607 0
1857 3553 1997 3607 tardi

2099 3562 2215 3632 ἔχει
2237 3561 2335 3633 τὴν
2365 3543 2634 3632 ἔμφασιν,
2682 3561 2843 3632 μόνον
2869 3561 2929 3615 δὲ
2955 3561 3079 3631 ούχὶ
3111 3562 3208 3616 καὶ
3237 3559 3477 3614 τοιοῦτόν
3503 3576 3560 3612 τι
3587 3559 3683 3614 λέ-

415 3647 482 3702 ad
511 3646 918 3718 percipiendam
952 3661 1130 3702 meam
1162 3645 1446 3707 virtutem,
1493 3655 1545 3699 et
1579 3645 1995 3716 intelligendum

2097 3667 2264 3720 γοντα
2292 3650 2524 3705 δεικνύει
2543 3649 2633 3703 τὸν
2647 3648 2876 3721 Ἰησοῦν·
2900 3650 2964 3703 Ὢ
2987 3650 3201 3721 βραδεῖς
3231 3650 3313 3712 είς
3333 3649 3395 3703 τὸ
3421 3648 3518 3719 τὴν
3540 3647 3684 3720 ἐμὴν

414 3739 642 3808 quinam
677 3738 769 3793 ille
799 3739 871 3793 sit
919 3738 1015 3809 qui
1059 3737 1344 3808 loquitur:
1383 3734 1568 3791 Facite
1608 3736 1860 3792 homines
1891 3735 1998 3792 dis-

2101 3740 2342 3796 συνιὲναι
2365 3739 2616 3811 δύναμιν,
2634 3740 2733 3794 καὶ
2749 3740 2938 3810 νοῆσαι
2965 3740 3048 3804 τίς
3074 3742 3104 3794 ό
3121 3738 3321 3804 λαλῶν,
3356 3738 3681 3794 ἀνακλίνατε

415 3828 672 3883 cumbere
715 3847 764 3892 ι,
787 3836 847 3883 ιιι
877 3843 1003 3884 cum
1032 3828 1167 3882 nihil
1195 3842 1361 3898 penes
1393 3842 1490 3882 vos
1522 3827 1615 3890 sit,
1647 3825 1775 3881 inde
1809 3837 1996 3882 tamen

2096 3834 2224 3896 τοὺς
2266 3831 2496 3904 ἄνδρας,
2530 3831 2598 3885 ἶν’
2626 3833 2691 3885 ὲκ
2721 3831 2949 3902 μηδενὸς
2973 3831 3066 3885 τοῦ
3099 3831 3229 3901 παρ’
3264 3831 3393 3902 ύμῖν
3423 3832 3681 3900 κειμένου

413 3918 665 3975 videntes
711 3935 810 3974 eos
863 3925 1167 3983 saturatos,
1207 3918 1506 3973 miremini.
1551 3937 1571 3968 ι
1609 3916 1797 3972 Facite
1823 3916 1998 3972 homi-

2098 3924 2606 3995 κατακορεσθέντας
2633 3924 2870 3994 ὁρῶντες
2888 3923 3231 3994 θαυμάζητε.
3269 3941 3288 3974 ι
3329 3923 3681 3977 ’Δνακλίνατε

413 4028 511 4068 nes
538 4012 905 4068 discumbere.
934 4032 952 4065 ι
974 4012 1087 4068 Hoc
1116 4012 1261 4067 enim
1292 4010 1374 4066 eis
1401 4018 1674 4082 superest.
1700 4009 1820 4066 Non
1847 4013 1994 4066 enim

2095 4016 2221 4079 τοὺς
2246 4015 2465 4088 ἄνδρας.
2498 4033 2518 4068 ι
2546 4014 2718 4070 Τοῦτο
2744 4014 2854 4087 γὰρ
2881 4016 3064 4080 αὐτοῖς
3083 4015 3146 4069 τὸ
3164 4014 3350 4069 λεῖπόν
3390 4015 3562 4069 ἔστιν.
3602 4016 3679 4069 Οὐ

411 4106 625 4161 denarii
656 4105 879 4162 ducenti
912 4103 1307 4176 comparandis
1341 4104 1409 4159 iis
1440 4119 1560 4173 quae
1591 4103 1771 4158 turbis
1808 4119 1997 4159 neces-

2097 4106 2206 4177 γάρ
2250 4106 2484 4178 δηνάρια
2527 4106 2625 4177 μὲν
2675 4106 2928 4161 διακόσια
2969 4107 3040 4160 τὰ
3087 4105 3316 4178 ζωαρκῆ
3353 4108 3468 4171 τοῖς
3499 4106 3681 4177 δχλοις

412 4199 559 4252 saria
603 4206 735 4254 sunt
769 4197 1108 4259 suﬂ‘ecerint,
1142 4195 1236 4250 sed
1291 4195 1440 4264 quod
1476 4193 1683 4248 nummi
1734 4202 1994 4263 praestare

2096 4201 2404 4272 περιποιεῖν
2430 4199 2496 4254 ἂν
2519 4198 2731 4269 ίσχυσε,
2759 4215 2862 4270 χρη
2872 4199 3055 4268 μάτων
3074 4197 3131 4251 δὲ
3152 4197 3261 4250 τῶν
3281 4198 3340 4252 ἑν
3368 4197 3680 4270 ἀνθρώποις

412 4297 694 4361 nequeunt
733 4291 932 4343 virtute
967 4301 1089 4342 mea
1125 4300 1416 4356 assequar,
1451 4300 1572 4355 quae
1605 4284 1673 4340 ad
1707 4300 1832 4341 esse
1863 4300 1995 4340 cun-

2093 4290 2155 4343 τὸ
2194 4291 2344 4359 μεῖον
2383 4289 2442 4340 ἐν
2475 4286 2554 4358 τῷ
2581 4287 2840 4342 δύνασθαι
2881 4285 3076 4349 σώζειν
3097 4325 3110 4348 ,
3145 4287 3178 4356 ή
3213 4285 3328 4356 ἐμὴ.
3345 4286 3677 4356 κεκτήσεται

413 4393 502 4436 cta
539 4380 776 4444 vocavit,
803 4387 858 4433 et
883 4394 970 4432 res
993 4394 1023 4433 e
1053 4377 1228 4432 nihilo
1251 4376 1538 4447 produxit.
1573 4377 1655 4430 An
1681 4392 1813 4433 vero
1842 4377 1991 4435 Elias

2092 4380 2321 4452 δύναμις
2343 4418 2359 4443 ,
2390 4381 2424 4449 ὴ
2467 4379 2642 4433 πάντα
2674 4377 2810 4450 πρὸς
2843 4376 2905 4430 τὸ
2948 4372 3086 4428 εἶναι
3115 4373 3385 4441 καλοῦσα,
3447 4377 3538 4430 καὶ
3568 4373 3677 4429 τῶν

410 4471 676 4542 propheta
707 4470 800 4524 ille
827 4468 1005 4522 vidua:
1043 4483 1140 4524 vas
1189 4469 1312 4523 oleo
1355 4469 1595 4538 replere,
1637 4476 1694 4523 et
1739 4469 1990 4540 hydriam

2093 4471 2154 4538 ἐξ
2185 4472 2283 4525 οὐκ
2312 4471 2482 4526 ὄντων
2511 4468 2858 4542 δημιουργός.
2893 4467 3028 4522 Οὐδὲ
3061 4467 3247 4532 Ἠλίας
3282 4466 3380 4536 μὲν
3405 4469 3434 4520 ό
3461 4469 3677 4537 προφή-

411 4562 780 4618 indeﬁcientis
825 4561 932 4615 cibi
981 4569 1209 4615 matrem
1239 4559 1481 4636 efﬁcere
1524 4562 1704 4632 potuit
1755 4562 1841 4617 “z
1893 4562 1987 4633 qui

2089 4579 2191 4633 της
2215 4562 2438 4616 ἀνενδεᾶ
2459 4561 2552 4614 τὸν
2581 4559 2900 4631 ἐλαιοφόρον
2931 4559 3033 4630 τῆς
3061 4559 3234 4630 χήρας
3257 4556 3424 4611 ἐτίθει
3448 4557 3673 4627 καμψά-

410 4665 592 4711 autem
625 4652 704 4708 illi
742 4661 804 4708 ut
838 4653 890 4708 id
924 4659 1109 4722 posset
1143 4651 1358 4716 tribuit,
1407 4667 1515 4706 nun
1574 4654 1772 4722 poterit
1808 4654 1990 4708 multi-

2092 4671 2214 4725 κην,
2249 4653 2460 4725 μητέρα
2480 4669 2543 4706 τε
2577 4652 2928 4708 ἀνεκλείπτου
2959 4650 3165 4721 τροφῆς
3199 4649 3297 4721 τὴν
3316 4649 3508 4721 ὑδρίαν
3540 4651 3675 4704 ἀπο-

409 4747 616 4817 plicare
666 4744 924 4806 nihilum,
967 4751 1021 4797 et
1068 4743 1214 4813 quod
1249 4743 1303 4796 in
1337 4743 1590 4799 manibus
1621 4751 1725 4811 est,
1758 4753 1817 4799 ut
1863 4746 1992 4801 sim-

2096 4747 2268 4812 τελεῖ;
2319 4747 2348 4799 δ
2377 4745 2433 4798 δὲ
2475 4743 2712 4814 κάκείνῳ
2740 4742 2802 4796 τὸ
2839 4742 3098 4797 δύνασθαι
3123 4741 3299 4805 διδοὺς
3323 4780 3338 4801 .
3367 4742 3468 4795 οὐκ
3493 4740 3560 4796 ἂν
3588 4741 3675 4805 ἐξ·

411 4840 626 4911 pliciter
656 4836 1170 4900 dicam,ineﬂ‘abilis
1189 4835 1545 4906 benignitatis
1567 4836 1797 4901 fontem,
1821 4846 1987 4909 atque

2100 4837 2283 4906 ίσχυσε
2324 4833 2755 4889 πολυπλασιάσαι
2788 4834 2850 4888 τὸ
2899 4833 3084 4906 μηδὲν,
3123 4833 3220 4887 καὶ
3259 4833 3323 4886 τὸ
3369 4832 3675 4905 προστυχὸν

410 4930 706 5000 inopinate
735 4930 924 4999 gratiae
961 4933 1126 4996 caput
1153 4933 1208 4980 et
1252 4926 1490 4982 radicem
1531 4928 1798 4982 elllcere?
1827 4927 1983 4982 Talia

2095 4925 2284 4989 ἁπλῶς
2333 4925 2434 4996 τῆς
2463 4925 2703 4997 ἀρρήτου
2739 4923 3045 4994 φιλοτιμίας
3092 4924 3430 4997 ἐργάσασθαι
3465 4923 3671 4994 πηγὴν,

357 5033 360 5035 ‘
407 5022 569 5096 281
627 5036 757 5091 ergo
809 5021 863 5074 in
904 5019 1089 5072 animo
1122 5018 1402 5076 Christum
1441 5020 1704 5076 habuisse
1755 5035 1864 5075 non
1896 5036 1957 5076 es

2092 5018 2187 5072 καὶ
2221 5017 2486 5088 ἀδοκήτου
2519 5018 2741 5088 χάριτος
2774 5017 2952 5088 ἀρχήν
2979 5033 3042 5069 τε
3063 5017 3159 5069 καὶ
3189 5016 3381 5086 ρίζανς
3435 5015 3673 5068 Τοιαῦτα

407 5112 788 5184 improbabile,
831 5126 956 5166 cum
991 5111 1294 5182 emphatice
1331 5111 1738 5182 quodammodo
1792 5113 1984 5184 loque-

2094 5111 2194 5183 μὲν
2220 5104 2314 5166 οὖν
2341 5109 2594 5181 ἐννοῆσαι
2621 5109 2784 5179 τυχὸν
2809 5109 2910 5161 οὐκ
2935 5109 3200 5162 ἀπίθανον
3234 5108 3324 5161 διά
3359 5108 3461 5178 τῆς
3492 5108 3674 5179 ἐμφά-

407 5213 578 5262 retur.
616 5203 780 5260 Notat
813 5220 943 5260 vero
975 5205 1141 5261 etiam
1166 5206 1376 5261 utiliter
1414 5205 1611 5261 beatus
1643 5205 1983 5286 evangelista

2092 5220 2230 5267 σεως
2259 5202 2422 5256 οίονεὶ
2459 5201 2688 5270 λέγοντα
2715 5200 2806 5256 τὸν
2835 5201 3087 5272 Χριστόν.
3133 5201 3585 5272 Ἑπισημαίνεται
3617 5201 3671 5254 δὲ

409 5301 590 5354 fenum
616 5298 842 5364 multum
867 5297 921 5352 in
949 5314 1014 5354 eo
1031 5299 1152 5353 loco
1177 5297 1773 5363 fuisse,demonstrans
1795 5305 1979 5368 aptum

2135 5297 2372 5367 ρησίμως
2405 5296 2434 5348 ό
2467 5293 2738 5366 μακάριος
2764 5293 3184 5364 εύαγγελιστὴς,
3218 5295 3300 5348 ὅτι
3350 5293 3448 5346 καὶ
3478 5293 3671 5365 χόρτος
3695 5309 3735 5332 ι

407 5389 578 5446 fuisse
627 5389 811 5443 locum
847 5390 901 5444 in
938 5404 1050 5460 quo
1089 5388 1194 5443 viri
1248 5388 1682 5442 discumberent.
1742 5387 1983 5442 Observa

2085 5385 2154 5460 ἦν
2182 5391 2238 5442 ἐν
2270 5388 2349 5458 τῷ
2390 5387 2542 5458 τόπῳ
2575 5387 2764 5452 πολὺς,
2798 5386 3124 5458 ἐπιτηδείως
3153 5385 3350 5456 ἔχοντα
3375 5387 3466 5440 τὸν
3491 5385 3670 5457 χῶρον

405 5488 587 5536 autem
603 5495 712 5550 quo
733 5487 892 5550 pacto
911 5479 1264 5534 multitudine
1289 5477 1602 5547 promiscue
1626 5487 1979 5549 congregata,

2087 5481 2224 5552 πρὸς
2252 5479 2311 5532 τὸ
2337 5479 2431 5532 καὶ
2473 5479 2584 5530 δεῖν
2617 5477 3001 5533 ἀνακλίνεσθαι
3052 5479 3181 5541 τοὺς
3228 5478 3433 5550 ἄνδρας
3467 5477 3668 5531 ὲπιδει-

404 5585 638 5641 cumque
673 5571 931 5626 mulieres
969 5585 1074 5624 una
1111 5584 1234 5622 cum
1289 5568 1478 5623 liberis
1534 5569 1648 5624 suis
1702 5569 1980 5636 adessent,

2085 5570 2237 5635 κνύς.
2281 5570 2562 5640 Ἐπιτήρει
2594 5569 2651 5622 δὲ
2673 5571 2820 5633 ὅπως
2845 5569 3305 5641 ἀναμεμιγμένης
3351 5573 3431 5633 εἰς
3477 5570 3668 5624 ἑαυτὸν

405 5661 552 5717 solos
587 5671 768 5719 tamen
811 5665 960 5718 viros
1024 5661 1354 5725 numeravit,
1415 5661 1586 5732 legis,
1650 5671 1707 5714 ut
1763 5664 1980 5731 Opinor,

2086 5663 2185 5733 τῆς
2207 5660 2317 5714 τῶν
2343 5661 2695 5732 τρεφομένων
2716 5661 2978 5732 πληθύος,
3004 5666 3098 5716 ttat
3124 5663 3402 5730 γυναικῶν
3425 5663 3665 5734 δηλονότι

472 5838 515 5871 ιε
549 5835 708 5892 Num.
746 5854 840 5902 xx,
868 5837 1054 5894 lO-ﬂ.
1131 5838 1174 5868 ²⁹
1201 5837 1359 5892 lium.
1391 5854 1453 5902 tt,
1487 5839 1571 5904 ll,
1607 5847 1660 5895 ct
1692 5840 1844 5894 alibi.
1895 5833 1966 5871 ’ν’
2008 5838 2072 5892 Ei

1708 5840 1844 5894 tlibi.
1895 5833 1966 5871 ’ν’
2008 5838 2182 5895 Exod.
2229 5855 2426 5911 xxxttt,
2469 5840 2558 5895 l7.
2637 5841 2778 5896 "lll
2828 5840 2960 5912 Reg.
3007 5857 3130 5904 (ru,
3158 5841 3308 5896 9-16.
