4052 6498
309 436 416 492 ιδε

1414 428 1481 485 ΙΝ
1515 426 1806 486 JOANNIS
1828 423 2282 481 EVANGELIUM
2323 423 2448 482 LIB.
2482 424 2572 480 lli.

3494 424 3601 477 δ’ἱί

310 547 605 622 παρουσῶν
637 547 736 601 σὺν
766 546 1009 612 τέκνοις,
1057 546 1253 616 μόνους
1293 548 1424 610 τοὺς
1477 547 1680 620 ἄνδρας
1711 546 1912 615 ἀπηρι-

2025 540 2478 597 consuetudinem
2508 547 2754 596 secutus.
2811 539 2920 596 Deo
2968 539 3115 596 enim
3144 537 3373 609 jubente
3423 537 3604 610 Moysi

311 642 599 714 θμήσατο,
648 640 771 702 ταῖς
821 638 966 692 κατὰ
997 637 1185 708 νόμον,
1227 637 1305 702 ὡς
1351 632 1544 708 οῐμαι,
1601 637 1911 708 συνηθείαις

307 732 652 788 ἀκολουθῶν.
695 730 1090 794 Διατάττοντος
1140 729 1250 800 γὰρ
1288 729 1386 784 τοῦ
1416 729 1554 784 Θεοῦ
1574 771 1588 790 .
1627 729 1725 783 καὶ
1773 729 1912 801 πρὸς

307 825 404 879 τὸν
443 823 778 896 ἱεροφάντην
827 821 1080 891 λέγοντος
1114 821 1354 877 Μωσέα·
1403 841 1422 874 ι
1468 822 1681 878 Λάϐετε
1732 821 1912 892 ἀρχὴν

307 916 500 986 πάσης
548 915 876 985 συναγωγῆς
924 911 1061 968 υἱῶν
1113 911 1334 984 Ἰσραὴλ
1369 911 1517 966 κατὰ
1563 911 1908 980 συγγενείας,

310 1008 436 1063 κατ’
493 1007 678 1070 οἴκους
724 1004 974 1078 πατριῶν
998 1043 1017 1070 ,
1069 1004 1214 1058 κατὰ
1251 1002 1485 1074 ἀριθμὸν
1529 1001 1591 1068 ἐξ
1621 1001 1908 1072 ὀνόματος,

308 1099 460 1154 κατὰ
490 1096 738 1169 κεφαλὴν
771 1097 956 1152 αὐτῶν
981 1112 996 1127 ο
1045 1097 1156 1160 πᾶς
1184 1096 1362 1167 ἄρσην
1393 1094 1502 1149 ἀπὸ
1540 1091 1910 1157 είκοσαετοῦς,

306 1191 409 1243 καὶ
453 1188 646 1242 ἐπάνω
670 1205 687 1219 ο
718 1207 738 1242 ι
776 1186 1096 1242 άπετελεῖτο
1137 1186 1201 1239 τὸ
1241 1185 1584 1257 προσταχθὲν
1606 1225 1622 1251 ,
1671 1185 1768 1238 καὶ
1805 1199 1912 1253 μα-

309 1283 447 1354 κρὸν
479 1283 578 1352 μὲν
605 1280 892 1354 ὀνομάτων
912 1282 943 1334 ό
965 1280 1252 1352 προφήτης
1283 1278 1554 1334 συνετίθει
1582 1276 1908 1345 κατάλογον,

311 1375 556 1446 θηλειῶν
565 1375 620 1429 δέ
632 1373 912 1438 παντελῶς
924 1372 1066 1446 [καὶ]
1081 1371 1477 1444 μειρακιώδους
1487 1371 1703 1443 ἡλικίας
1714 1370 1912 1440 άλογή-

313 1481 421 1529 σας
441 1466 662 1537 δρᾶται,
681 1463 1034 1535 καταγράφει
1053 1462 1109 1516 δὲ
1122 1460 1278 1532 ὄχλον
1290 1461 1380 1515 τὸν
1401 1460 1703 1532 ἡϐήσαντα.
1716 1459 1759 1512 Τ
1763 1459 1910 1529 ίμιον

312 1559 428 1630 γὰρ
452 1556 552 1611 καὶ
579 1559 638 1610 ἐν
673 1555 866 1627 βιϐλίῳ
896 1553 1031 1608 Θεοῦ
1063 1555 1172 1608 πᾶν
1204 1555 1328 1608 ὅσον
1356 1551 1626 1625 ἀνδρῶδες
1661 1553 1757 1606 καὶ
1786 1567 1911 1606 νεα·

313 1650 506 1715 νικδν,
552 1653 654 1703 καὶ
679 1647 742 1701 οὐ
790 1646 1053 1717 νηπιάζον
1090 1648 1171 1710 είς
1213 1645 1480 1716 φρόνησιν
1517 1643 1617 1715 τὴν
1655 1643 1743 1696 ἐπ’
1771 1644 1910 1712 άγα-

314 1743 453 1808 θοῖς.
503 1739 719 1795 οὐκοῦν
775 1738 874 1794 καὶ
924 1738 1216 1811 συνήθειαν
1268 1737 1358 1792 διὰ
1400 1735 1594 1790 τούτου
1642 1735 1910 1806 τετίμηκε

316 1834 574 1906 νομικὴν,
603 1831 700 1887 καὶ
729 1829 1004 1903 θεώρημά,
1021 1848 1073 1884 τι
1099 1829 1264 1886 πάλιν
1307 1829 1626 1884 διαπλάττει
1662 1838 1911 1898 πνευμα-

2013 633 2101 688 his
2132 632 2358 689 verbis:
2397 651 2416 685 ι
2453 631 2665 687 Sumite
2713 632 3048 703 principium
3083 631 3264 686 omnis
3295 645 3604 702 congrega-

2012 723 2183 781 tionis
2225 722 2465 780 filiorum
2506 721 2679 776 lsrael
2733 723 3034 777 secundum
3089 720 3468 791 cOgnationes,
3510 735 3601 775 se-

2012 814 2258 871 cundum
2283 813 2477 869 domos
2504 813 2810 882 patriarnm
2833 828 3047 877 eorum,
3072 810 3378 867 secundum
3410 825 3606 866 nume-

2013 923 2135 962 rum
2168 922 2238 963 ει
2275 905 2504 961 nomine
2543 919 2762 972 eorum,
2805 903 3108 960 secundum
3169 915 3333 974 caput
3361 911 3550 959 eorum
3584 921 3599 958 :

2013 999 2199 1056 omnis
2229 998 2514 1054 masculus
2543 1011 2573 1050 a
2601 996 2800 1068 viginti
2831 997 2990 1052 annis
3019 1003 3075 1052 et
3104 1011 3272 1067 supra
3297 997 3380 1064 ³²;
3414 1013 3434 1046 ι
3473 995 3604 1051 fecit

2013 1090 2282 1162 prapheta
2347 1089 2495 1161 quod
2533 1089 2728 1158 jussus
2761 1096 2868 1156 est,
2933 1090 3266 1159 longumque
3321 1087 3602 1142 nominum

2011 1182 2324 1252 catalogum
2353 1179 2618 1247 instituit,
2662 1180 2715 1234 in
2743 1193 2853 1249 quo
2906 1177 3236 1234 feminarum
3270 1187 3324 1234 et
3379 1176 3604 1246 puerilis

2011 1271 2196 1324 aetatis
2225 1269 2433 1324 nullam
2468 1283 2700 1338 prorsus
2742 1267 3014 1321 rationem
3058 1265 3322 1321 habuisse
3363 1264 3603 1331 videtnr,

2013 1361 2112 1416 sed
2151 1376 2248 1416 eos
2283 1367 2496 1414 tantum
2529 1365 2818 1414 enumerat
2846 1357 2940 1427 qui
2977 1357 3326 1428 pubertatem
3352 1370 3607 1410 excesse-

2011 1463 2155 1509 rant.
2191 1451 2508 1507 llonoratur
2531 1449 2676 1505 enim
2710 1449 2766 1504 in
2796 1449 2938 1504 libro
2966 1463 3188 1519 quoque
3209 1440 3306 1503 Dei
3332 1446 3605 1519 quidquid

2011 1543 2169 1598 virile
2197 1549 2252 1598 et
2309 1541 2550 1612 juvenile
2581 1527 2687 1606 est,
2717 1553 2820 1594 nec
2855 1539 2911 1594 in
2951 1538 3265 1610 cognitione
3331 1537 3604 1592 bonorum

2012 1634 2372 1690 imbecillum.
2407 1630 2577 1703 Igitur
2609 1641 2664 1687 et
2703 1630 3163 1686 consuetudinem
3191 1629 3328 1700 legis
3357 1629 3448 1683 hic
3487 1645 3605 1684 ser-

2012 1727 2272 1793 vavit,et
2307 1724 2556 1796 spiritale
2606 1722 2999 1779 documentum
3053 1723 3278 1793 aliquod
3338 1722 3604 1778 instituit.

2013 1821 2213 1876 Annon
2241 1819 2415 1886 enim,
2447 1817 2494 1873 si
2521 1823 2703 1873 textus
2733 1815 2996 1887 propositi
3026 1815 3357 1871 sententiam
3380 1829 3602 1869 onmem

314 1891 615 1982 τικόν.’““ἐ1
659 1924 770 1998 γὰρ
808 1891 932 1978 uti;
959 1923 1200 1994 εὐλόγως
1237 1921 1474 1996 ἐροῦμεν
1527 1924 1608 1986 είς
1652 1921 1780 1990 ὅλην
1804 1891 1910 1973 ’τοῦ

2025 1911 2259 1984 penitius
2290 1915 2624 1974 scrutemur,
2659 1915 2807 1961 recte
2848 1905 3097 1960 dicemus
3127 1904 3408 1958 Christum
3452 1905 3605 1959 inso-

316 2019 690 2091 προκειμένου
745 2017 849 2090 τὴν
896 2017 1137 2072 διάνοιαν
1183 2015 1473 2087 βλέποντες
1493 2055 1510 2077 ,
1555 2014 1636 2068 ὅτι
1678 2014 1771 2068 τὸν
1810 2011 1912 2084 μὲν

317 2110 585 2184 ὑϐριστὴν
635 2111 734 2166 καὶ
767 2108 1004 2175 ἀλαζόνα
1047 2109 1156 2164 τῶν
1203 2108 1477 2164 Ἰουδαίων
1519 2108 1647 2162 λαὸν
1686 2108 1782 2162 καὶ
1821 2109 1914 2161 ἐκ·

315 2207 584 2278 τρέπεται
611 2205 862 2271 δικαίως,
891 2204 988 2258 καὶ
1017 2202 1423 2274 καταλιμπάνει
1459 2201 1718 2272 Χριστὸς,
1745 2216 1917 2272 προσ-

316 2299 538 2370 δέχεται
578 2297 640 2351 δὲ
689 2297 786 2350 καὶ
831 2295 956 2350 λίαν
984 2294 1158 2366 ἡδέως
1198 2295 1327 2359 τοὺς
1369 2293 1696 2366 προσιόντας
1739 2291 1912 2363 αὐτῷ,

319 2391 414 2444 καὶ
450 2390 575 2451 ταῖς
595 2385 870 2459 οὐρανίοις
914 2384 1270 2441 καταπιαίνει
1305 2388 1558 2456 τροφαῖς,
1599 2385 1766 2458 ἄρτον
1794 2384 1916 2456 ὁρέ-

318 2499 435 2551 γων
458 2480 556 2534 τὸν
599 2479 816 2550 νοητὸν,
855 2478 949 2532 τὸν
973 2476 1299 2549 στηρίζοντα
1327 2477 1557 2549 καρδίαν
1584 2476 1682 2531 ἀνθ
1692 2474 1912 2548 ρώπους

333 2573 669 2644 Ἀποτρὲφει
691 2572 751 2626 δὲ
791 2571 897 2626 οὐκ
923 2571 1201 2635 ἐπιπόνως
1224 2570 1444 2634 αὐτοὺς,
1469 2569 1586 2623 ἀλλ’
1620 2567 1824 2640 ἱλαρῶς
1855 2583 1915 2621 τε

320 2668 418 2721 καὶ
458 2665 788 2736 ἀνειμένως,
833 2665 930 2719 καὶ
976 2663 1118 2735 μετὰ
1172 2663 1379 2734 πολλῆς
1419 2663 1520 2733 τῆς
1563 2662 1620 2714 ἐν
1659 2659 1916 2731 εὐλαϐείᾳ

320 2759 593 2832 τέρψεως.
627 2757 803 2811 Τοῦτο
821 2757 933 2829 γὰρ
959 2757 1091 2829 ἡμῖν
1112 2757 1146 2827 ἡ
1171 2755 1266 2809 ἐπὶ
1291 2753 1372 2825 τῷ
1399 2754 1580 2825 χόρτῳ
1605 2751 1715 2806 τῶν
1744 2751 1917 2823 ὄχλων

320 2849 652 2914 κατάκλισις
696 2848 988 2921 σημαίνει,
1039 2849 1118 2912 ὡς
1175 2846 1278 2918 ήδη
1329 2845 1425 2899 καὶ
1456 2844 1658 2918 πρέπει
1702 2843 1919 2912 ἑκάστῳ

319 2943 431 2999 τῶν
464 2942 570 3013 τῆς
597 2941 861 3012 τοιαύτης
887 2939 1210 3011 ἠξιωμένων
1239 2937 1464 3010 χάριτος
1492 2935 1556 2989 τὸ
1582 2936 1642 2989 ἐν
1670 2933 1919 3005 Ψαλμοῖς

321 3038 504 3090 ἐκεῖνο
534 3033 752 3105 λέγειν·
792 3051 813 3087 ι
853 3031 1062 3106 Κύριος
1099 3031 1383 3101 ποιμαίνει
1419 3047 1511 3102 με,
1541 3029 1640 3083 καὶ
1663 3027 1816 3082 οὐδέν
1851 3043 1920 3098 με

323 3131 639 3202 ὑπερήσει,
663 3128 744 3191 είς
767 3126 934 3182 τόπον
961 3124 1128 3197 χλόης
1183 3125 1301 3178 ἐκεῖ
1335 3140 1402 3194 με
1424 3122 1861 3192 κατεσκήνωσεν.
1893 3137 1914 3171 ι

2017 2004 2219 2060 lentem
2277 2009 2333 2057 et
2393 1999 2700 2070 superbum
2759 1995 3072 2052 Judaeorum
3139 1997 3400 2066 populum
3455 1995 3607 2067 juste

2017 2093 2261 2150 aversari
2303 2106 2368 2147 ac
2399 2090 2687 2160 repellere,
2721 2095 2998 2158 quotquot
3030 2096 3212 2141 autem
3248 2090 3315 2142 ad
3345 2103 3470 2142 eum
3509 2104 3603 2142 ac-

2017 2185 2220 2242 cedunt
2259 2183 2642 2240 lubentissime
2677 2181 2982 2252 suscipere,
3018 2191 3071 2237 et
3102 2181 3421 2236 coelestibus
3460 2180 3606 2249 sagi-

2019 2295 2150 2335 nare
2174 2277 2335 2343 cibis,
2364 2275 2597 2348 spiritali
2641 2289 2783 2346 pane
2813 2272 3087 2338 videlicet,
3117 2272 3210 2344 qui
3235 2286 3332 2326 cor
3357 2272 3598 2327 hominis

2019 2371 2334 2436 confirmat,
2367 2367 2712 2440 porrecto”?
2733 2365 2843 2420 Alit
2866 2376 3048 2420 autem
3076 2379 3194 2431 eos,
3227 2380 3334 2419 non
3361 2375 3606 2434 gravate,

2018 2465 2113 2522 sed
2149 2465 2310 2520 hilari
2341 2470 2396 2517 et
2421 2458 2596 2517 eii'usa
2633 2457 2834 2526 mente‘,
2869 2472 2933 2513 ac
2968 2457 3137 2512 multa
3165 2471 3289 2510 cum
3327 2456 3608 2526 voluptate

2019 2554 2208 2627 pietati
2243 2551 2565 2622 conjuncta.
2613 2547 2729 2604 Hoc
2791 2548 2937 2604 enim
2997 2546 3158 2602 nobis
3194 2544 3468 2616 signiﬁcat
3519 2545 3610 2600 ille

2017 2645 2306 2700 turbarum
2339 2641 2391 2694 in
2425 2639 2551 2694 ferio
2585 2636 2919 2701 discubitus,
2952 2643 3012 2689 ut
3041 2633 3153 2704 jam
3185 2633 3484 2703 unicuique
3516 2647 3611 2687 eo-

2018 2751 2140 2792 rum
2176 2734 2270 2804 qui
2316 2731 2410 2786 tali
2448 2729 2626 2802 gratia
2675 2727 2863 2783 donati
2897 2725 3104 2782 fuerint
3137 2724 3271 2779 illud
3303 2724 3611 2780 Psalmistze

2020 2826 2312 2883 dicendum
2349 2824 2459 2880 sit:
2493 2841 2511 2874 ι
2549 2822 2812 2875 Dominus
2838 2819 3018 2890 pascit
3051 2833 3158 2882 me,
3200 2826 3253 2874 et
3281 2817 3418 2872 nihil
3475 2816 3610 2871 mihi

2019 2919 2235 2982 deerit;
2267 2917 2319 2970 iu
2370 2916 2491 2970 loco
2536 2928 2754 2984 pasruae
2804 2911 2878 2967 ibi
2943 2926 3032 2966 me
3069 2911 3358 2965 collocavit
3383 2909 3452 2966 “.
3491 2927 3510 2960 ›
3551 2908 3610 2962 In

2021 3011 2189 3065 multa
2223 3008 2368 3064 enim
2401 3007 2680 3076 voluptate
2705 3013 2760 3060 et
2794 3003 3033 3070 deliciis,
3080 3003 3344 3074 largiente
3398 3001 3610 3072 Spiritu

2021 3118 2338 3164 sanctorum
2382 3120 2537 3159 mens
2573 3103 2876 3167 educatur,
2907 3099 3066 3168 juxta
3105 3097 3239 3151 illud
3272 3092 3417 3166 quod
3471 3093 3614 3149 scri-

335 3223 429 3276 Ἐν
450 3187 636 3293 ἐτέλλῆ
681 3187 793 3292 γάρ
813 3187 1006 3291 τέρψέί
1148 3187 1476 3288 τρυφῇ-ταῖς
1507 3213 1597 3268 διὰ
1623 3187 1718 3267 τοῦ
1748 3207 1921 3265 Ilvati-

2033 3210 2184 3271 ptmn
2225 3207 2314 3256 est
2343 3199 2398 3253 in
2433 3197 2665 3251 Cantico
2693 3193 3071 3248 canticorum:
3106 3209 3124 3242 ‹
3151 3187 3457 3251 Comedite,
3489 3202 3617 3258 pro-

326 3329 499 3383 ματος
532 3310 821 3385 χορηγίαις
853 3311 882 3364 ό
903 3308 1012 3363 τῶν
1035 3307 1208 3378 άγίων
1238 3307 1572 3379 ἐκτρέφεται
1604 3303 1751 3367 νοῦς.
1779 3300 1925 3356 κατὰ

322 3406 386 3460 τὸ
418 3405 717 3477 εἰρημένον
736 3404 795 3457 ἐν
817 3401 896 3473 τῷ
928 3401 1172 3473 ’ᾼσματι
1197 3399 1307 3456 τῶν
1329 3398 1615 3472 ᾀσμάτων·
1645 3415 1664 3450 ι
1691 3397 1924 3465 Φάγετε,

325 3497 422 3552 καὶ
442 3496 622 3562 πίετε,
653 3494 752 3550 κα)⁸
789 3492 1119 3565 μεθύσθητε,
1160 3493 1209 3546 oi
1250 3490 1502 3562 πλησίον.
1548 3508 1568 3542 ι
1611 3486 1831 3543 Πολλῶν
1866 3486 1926 3541 δὲ

325 3592 500 3645 ὄντων
527 3589 626 3644 καὶ
671 3586 896 3659 ἀναμὶξ,
921 3585 1178 3657 καθάπερ
1210 3585 1316 3656 ήδη
1353 3583 1790 3656 προειρήκαμεν,
1816 3578 1926 3634 τῶν

328 3678 712 3752 ἀνακειμένων
747 3677 958 3751 ἀνδρῶν
985 3676 1306 3749 ἐπεμνήσθη
1341 3676 1519 3745 μόνων
1542 3715 1559 3739 ,
1603 3671 1929 3742 ἀποσιωπήο

332 3788 428 3834 σας
485 3771 755 3839 γυναῖκας
808 3768 907 3820 καὶ
944 3765 1112 3820 τέκνα
1154 3762 1444 3842 χρησίμως
1471 3761 1551 3832 τῷ
1584 3760 1924 3830 θεωρήματι.

331 3859 587 3912 Διδάσκει
606 3855 717 3927 γάρ
740 3855 908 3926 ἡμᾶς.
936 3853 1012 3916 ὡς
1028 3852 1097 3906 δι’
1118 3851 1471 3920 αἰνίγματος,
1499 3849 1583 3902 ὅτι
1603 3849 1715 3910 τοῖς
1741 3844 1927 3915 ἀνδρι-

332 3945 610 4017 ζομένοις,
671 3943 753 4006 είς
796 3941 858 3994 τὸ
893 3939 1107 4010 ἀγαθὸν
1147 3936 1431 4010 δηλονότι,
1477 3931 1929 4008 πρεπωδέστερόν

334 4049 451 4099 πως
481 4031 578 4086 καὶ
618 4030 949 4101 οἰκειότερον
974 4030 1009 4099 ἡ
1034 4025 1186 4098 παρὰ
1207 4025 1300 4078 τοῦ
1330 4023 1584 4095 Σωτῆρος
1610 4019 1928 4093 χορηγηθή-

333 4141 486 4184 σεται
515 4121 716 4194 τροφὴ,
753 4119 850 4174 καὶ
884 4120 1004 4191 οὐχὶ
1041 4120 1154 4182 τοῖς
1185 4114 1585 4188 ἐκθηλύνεσθαι
1622 4111 1928 4182 πεφυκόσιν

332 4220 409 4281 εἰς
435 4216 553 4284 ἕξιν
590 4216 694 4268 οὐκ
727 4212 963 4284 ἀγαθὴν,
994 4211 1108 4265 ἀλλ’
1137 4209 1259 4263 οὐδὲ
1291 4209 1402 4272 τοῖς
1445 4205 1773 4279 νηπιάζουσι
1807 4205 1928 4268 ταῖς

335 4305 560 4377 φρεσὶν,
601 4303 677 4368 ῶς
713 4303 802 4358 διὰ
837 4301 998 4356 τοῦτο
1033 4299 1201 4372 μηδὲν
1237 4297 1478 4352 συνιέναι
1516 4293 1778 4350 δύνασθαι
1818 4291 1929 4347 τῶν

334 4393 654 4465 ἀναγκαίων
687 4392 768 4456 είς
799 4389 1029 4461 γνῶσιν.

2032 3292 2184 3356 ximi,
2236 3297 2290 3346 et
2348 3289 2542 3353 bibite,
2580 3296 2636 3342 et
2694 3279 3143 3340 inebriamini".
3193 3297 3212 3332 ι
3263 3276 3400 3333 Cum
3434 3283 3615 3331 autem

2031 3382 2188 3438 multi
2222 3381 2537 3452 promiscue
2587 3385 2835 3450 agerent,
2894 3383 2956 3428 ut
2993 3372 3106 3444 jam
3140 3371 3294 3443 prius
3353 3368 3618 3432 diximus,

2033 3473 2496 3530 discumbentium
2535 3471 2779 3525 virorum
2809 3465 3081 3520 duntaxat
3129 3459 3624 3540 meminit,’mulie-

2034 3565 2188 3619 ribus
2213 3571 2267 3620 et
2293 3562 2479 3634 pueris
2505 3559 2711 3614 utiliter
2748 3556 2815 3612 ad
2843 3565 3088 3611 nostram
3113 3552 3423 3608 doctrinam
3451 3549 3623 3607 silen-

2037 3656 2113 3712 tio
2147 3655 2465 3727 praeteritis.
2504 3654 2672 3709 Docet
2707 3649 2908 3720 quippe
2941 3663 3042 3703 nos
3099 3655 3364 3717 tanquam
3395 3645 3450 3699 in
3482 3643 3621 3698 aani-

2033 3757 2238 3821 gmate,
2277 3747 2334 3802 in
2385 3746 2570 3802 studio
2622 3743 2753 3800 boui
2790 3740 3025 3795 viriliter
3063 3737 3356 3809 agentibus
3413 3751 3618 3792 conve-

2030 3841 2274 3895 nientius
2322 3835 2732 3909 quodammodo
2787 3842 2841 3888 et
2898 3829 3072 3901 magis
3109 3829 3329 3901 proprie
3368 3827 3550 3882 cibum
3591 3841 3624 3881 a

2031 3931 2316 3988 Salvatore
2341 3929 2750 4000 suppeditatum
2791 3924 2878 3989 iri,
2927 3939 3039 3978 non
3077 3930 3263 3976 autem
3302 3920 3369 3975 iis
3403 3920 3498 3990 qui
3532 3919 3614 3972 vi-

2035 4025 2195 4081 tiosis
2232 4021 2482 4078 moribus
2517 4020 2682 4090 282
2734 4030 2862 4074 sunt
2892 4013 3212 4079 eil'eminati,
3263 4012 3359 4068 sed
3423 4027 3523 4066 nec
3557 4011 3625 4068 iis

2038 4118 2133 4191 qui
2182 4123 2364 4172 mente
2416 4121 2547 4170 sunt
2594 4112 2773 4182 pueri,
2829 4117 2888 4163 ut
2951 4107 3160 4160 idcirco
3218 4104 3354 4158 nihil
3430 4118 3629 4175 capere

2035 4208 2247 4280 possint
2272 4219 2463 4262 eorum
2510 4218 2633 4275 qua:
2664 4209 2796 4258 sunt
2837 4198 2906 4253 ad
2947 4197 3182 4254 salutem
3211 4195 3552 4250 necessaria.

408 4458 676 4546 ’ἐλαϐεν
699 4458 823 4541 οὗν-
846 4482 991 4548 τοὺς
1019 4480 1240 4551 ἄρτους
1274 4480 1306 4534 ό
1337 4475 1594 4546 Ἰησοῦς,
1621 4473 1719 4528 καί
1750 4474 1921 4542 εὐχα-

2108 4470 2196 4536 νι,
2227 4471 2315 4526 ii.
2345 4468 2559 4540 Accepit
2607 4483 2729 4538 ergo
2756 4465 2918 4521 Iesus
2961 4479 3146 4534 panes,
3179 4469 3227 4516 ct
3275 4475 3393 4516 cum
3427 4458 3630 4530 gratias

327 4579 638 4650 ριστήσας
670 4575 914 4630 διέδωκε
950 4571 1077 4638 τοῖς
1111 4567 1406 4640 μαθηταῖς
1431 4582 1444 4596 ’
1484 4568 1540 4620 οί
1575 4564 1644 4618 δὲ
1668 4561 1930 4634 μαθηταί

335 4674 463 4741 τοῖς
495 4665 953 4738 ἀνακειμένοις·
997 4662 1215 4734 ὁμοίως
1253 4660 1352 4715 καὶ
1383 4658 1454 4713 ἐκ
1488 4655 1608 4712 τῶν
1641 4655 1932 4725 ὀψαρίων,

337 4767 492 4822 ὅσον
519 4763 765 4833 ἤθελον.

409 4856 746 4929 Εὑχαριστεῖ
772 4852 872 4926 μὲν
905 4851 986 4914 είς
1012 4847 1186 4901 τύπον
1216 4844 1506 4918 ἡμέτερον,
1539 4843 1636 4896 καὶ⁵
1663 4841 1764 4913 τῆς
1789 4839 1938 4910 ὀφει-

337 4948 545 5018 λούσης
602 4947 736 5018 ἡμῖν
789 4939 1119 5012 ἐνυπάρχειν
1195 4935 1485 4999 εὐλαϐείας
1547 4930 1934 5003 ὐπογραμμόν.

353 5037 673 5109 Ἀνατίθησι
715 5037 772 5090 δέ
809 5034 970 5090 πάλιν
996 5074 1010 5095 ,
1043 5030 1120 5094 ὼς
1160 5029 1476 5101 ἄνθρωπος,
1515 5026 1582 5097 τῇ
1628 5023 1749 5096 θείᾳ
1780 5022 1940 5093 φύσει

341 5133 442 5204 τὴν
472 5130 567 5184 ἐπὶ
591 5127 670 5201 τῷ
703 5125 993 5198 παραδόξῳ
1015 5122 1268 5194 δύναμιν.
1295 5118 1651 5173 Κατείθισται
1681 5116 1792 5186 γάρ
1823 5131 1942 5179 πως

341 5215 504 5286 οὗτος
532 5222 561 5276 ὁ
596 5217 799 5293 τρόπος
826 5215 997 5288 αὐτῷ,
1023 5215 1119 5268 καὶ
1144 5210 1445 5283 ὼφελοῦντι
1477 5208 1616 5280 πρὸς
1648 5209 1942 5293 ὑπογραμ-

348 5318 450 5390 μὸν
475 5292 783 5376 εὑλαεείας,
814 5309 1064 5380 καθάπερ
1093 5305 1425 5379 εἰρήκαμεν,
1447 5302 1575 5366 τοὺς
1601 5301 1688 5371 ἐφ’
1709 5292 1790 5364 οἷς
1815 5299 1945 5353 ἁνα-

345 5388 539 5479 δειχοῇ
568 5405 676 5460 τῶν
715 5401 1020 5457 καλλίστων
1065 5397 1398 5472 είσηγητὴς,
1445 5393 1542 5448 καὶ
1579 5388 1945 5462 οίκονομικῶς

347 5497 798 5572 κατακρύπτοντί
845 5513 964 5560 πως
1019 5493 1082 5548 τὸ
1138 5490 1447 5563 θεοπρεπὲς
1504 5488 1764 5560 ἀξίωμα,
1816 5485 1946 5557 πρὶν

2037 4567 2244 4640 egisset,
2295 4562 2570 4617 distribuit
2621 4559 2950 4630 discipulis;
2987 4555 3247 4626 discipuli
3286 4563 3464 4607 autem
3514 4552 3630 4605 dis-

2040 4654 2403 4714 cumbentibus
2441 4671 2460 4708 :
2498 4651 2748 4708 similiter
2771 4662 2820 4705 et
2861 4663 2926 4704 ea:
2951 4647 3184 4718 piscibus
3215 4653 3472 4716 quantum
3497 4643 3634 4697 vole-

2044 4752 2191 4806 banu

2117 4839 2336 4897 Gratias
2367 4837 2498 4908 agit,
2527 4833 2836 4907 exemplum
2867 4827 3030 4886 nobis
3065 4826 3315 4899 pnebcns
3350 4824 3470 4895 ejus
3513 4838 3635 4894 qua)

2048 4935 2104 4990 in
2137 4932 2298 4988 nobis
2327 4945 2453 4988 esse
2492 4928 2653 4984 debet
2685 4924 2929 4998 pietatis.
2974 4920 3192 4977 Tribuit
3222 4927 3402 4973 autem
3441 4932 3637 4972 rursus

2050 5034 2109 5082 ut
2142 5026 2308 5084 homo
2335 5032 2546 5078 naturae
2577 5019 2782 5075 divinae
2806 5014 3062 5072 miraculi
3091 5013 3374 5068 virtutem.
3405 5007 3461 5065 id
3491 5011 3638 5064 enim

2049 5117 2098 5175 ei
2126 5116 2399 5170 familiare
2425 5121 2512 5171 est
2542 5113 2658 5169 sive
2681 5111 2750 5166 ad
2789 5108 3015 5182 pietatis
3039 5106 3374 5176 exemplum,
3405 5110 3467 5157 ut
3495 5102 3640 5156 dixi-

2050 5224 2198 5272 mus.
2232 5222 2328 5263 eos
2357 5205 2603 5277 adjuvet,
2631 5218 2776 5276 quos
2814 5199 3103 5272 praeclaris
3132 5198 3300 5254 rebus
3332 5193 3640 5249 informan-

2049 5301 2151 5358 dos
2183 5299 2513 5370 susceperit,
2549 5297 2666 5353 sive
2693 5295 2909 5350 ratione
2941 5287 3368 5364 dispensationis
3399 5283 3641 5354 dignita-

2048 5399 2158 5446 tem
2192 5387 2305 5443 Deo
2335 5388 2752 5444 convenientem
2786 5383 2931 5439 celet
2981 5376 3411 5454 quodammodo,
3453 5373 3637 5443 prius-

2052 5497 2215 5556 quam
2249 5480 2490 5553 patiendi
2545 5491 2764 5550 tempus
2805 5475 3129 5533 advenerit:
3178 5467 3448 5541 imprimis
3494 5464 3642 5518 enim

349 5563 646 5665 ἐπιστηναι
677 5588 774 5646 τοῦ
807 5587 1004 5644 παθεῖν
1031 5587 1123 5640 τὸν
1149 5584 1343 5658 καιρόν
1361 5599 1375 5612 ·
1410 5579 1478 5656 ἦν
1513 5582 1622 5654 γὰρ
1650 5581 1715 5650 δὴ
1741 5579 1838 5632 καὶ
1860 5577 1921 5630 δα

2055 5574 2240 5632 saeculi
2282 5574 2450 5647 hujus
2480 5573 2789 5646 principem
2829 5571 3000 5625 latere
3029 5566 3270 5622 volebat.
3299 5563 3646 5630 Quapropter

349 5654 639 5762 φροντίδος
690 5681 838 5754 αὑτῷ
880 5681 942 5736 τὸ
979 5679 1163 5734 λαθεῖν
1214 5654 1536 5746 ἐπείγεσθαι
1584 5673 1674 5726 τὸν
1712 5671 1921 5742 ἄρχοντε

2058 5667 2196 5723 alias
2226 5681 2447 5739 quoque
2484 5679 2645 5722 voces
2671 5661 2993 5719 hominibus
3017 5654 3408 5714 convenientes
3441 5663 3555 5722 prae
3587 5661 3647 5702 se

427 5864 663 5923 "Num.
701 5879 739 5927 I,
773 5863 828 5927 2,
861 5862 912 5917 5.
995 5857 1202 5914 "Psal.
1239 5871 1356 5923 cui,
1388 5854 1476 5911 15.

1556 5851 1765 5908 ³⁵1³5³1.
1809 5865 1948 5917 χιιι,
1983 5848 2040 5903 2.
2119 5845 2348 5903 "Cant.
2393 5863 2446 5913 ν,
2489 5846 2537 5900 i.
