4002 6286
746 371 1460 386 ο--ι-------...-
1473 378 1478 382 .
1490 375 1771 383 ._—.————_.
1783 376 1829 382 ν..
1850 374 2320 383 “um”---
2333 373 2366 381 ,μ
2376 372 3017 390 --Μ-..ἢῆ

346 659 527 713 Seriei
579 657 802 738 Patrum
842 676 955 722 qua:
997 677 1028 713 α
1069 661 1387 716 Tertulliano
1431 665 1500 715 ad
1558 661 1864 734 Gregorium
1917 663 2164 733 Magnum
2216 666 2503 726 emiditur
2535 664 2678 732 quasi
2725 665 3012 718 coronidem
3064 667 3376 734 imponimus
3422 670 3562 726 Vitas

270 746 504 800 Patrum
548 749 854 819 lloswegdi,
890 768 1016 819 opus
1045 753 1273 807 videlicet
1322 755 1547 807 omnium
1579 758 1705 808 votis
1749 766 2082 822 exoptatum,
2130 760 2367 811 laudibus
2402 757 2828 810 commendatum.
2875 757 2985 811 Nec
3029 775 3059 810 a
3092 769 3267 814 nostro
3307 764 3566 830 proposito

269 837 430 890 nobis
469 837 709 892 aberrare
748 841 978 893 ridemur
1005 882 1019 905 ,
1054 848 1178 893 dum
1227 858 1315 894 sex
1363 843 1590 909 priorum
1645 845 1947 896 saeculorum
1997 847 2335 897 monumentis
2385 847 2516 898 hanc
2571 845 2808 898 Vitarum
2847 849 3196 901 collectionem
3234 850 3566 919 subiicimus,

268 942 506 996 quarum
537 939 771 982 auctores
803 935 936 998 forte
967 947 1136 984 omnes
1178 933 1244 984 ad
1276 934 1419 985 illam
1451 935 1690 998 temporis
1730 935 2028 1000 periodum,
2061 937 2186 988 satis
2229 937 2376 988 multi
2419 939 2484 988 ad
2520 937 2870 1007 Patrologiam
2904 938 3138 993 Latinam
3183 944 3432 1010 pertinent
3463 959 3479 996 :
3511 945 3576 996 iis

269 1023 370 1089 qui
416 1020 589 1074 (ἐνίετε
611 1023 926 1092 scripserunt
959 1025 1160 1078 nonnisi
1207 1024 1298 1078 sub
1347 1027 1721 1093 antiquissima:
1767 1027 2201 1095 interpretationis
2253 1029 2396 1081 larva
2441 1046 2494 1082 se
2541 1046 2673 1082 nunc
2716 1030 2916 1083 Lcctori
2952 1034 3178 1086 studioso
3228 1035 3578 1099 offerentibus.

269 1119 326 1163 et
356 1112 507 1177 quasi
528 1113 620 1177 jus
651 1112 926 1166 latiuitatis
955 1114 1017 1166 a'o
1061 1113 1156 1166 hac
1187 1115 1396 1184 speciali
1428 1117 1594 1184 forma
1624 1117 1864 1167 mutuatis
1885 1155 1900 1176 ,
1951 1117 2112 1168 donec
2144 1120 2300 1184 ipsos,
2332 1119 2384 1170 iu
2430 1120 2557 1172 serie
2609 1120 2789 1172 (ἕνα)ιά
2811 1162 2828 1186 ,
2858 1124 2961 1174 suis
3010 1124 3074 1174 ἰοί
3090 1123 3135 1174 is
3188 1121 3356 1193 legere
3405 1126 3575 1189 liceat,

274 1205 549 1271 propriam
582 1207 816 1276 linguam
847 1207 1112 1275 loquentes
1141 1207 1508 1274 recentior-ique
1539 1207 1958 1274 interpretatione
1989 1207 2224 1260 donatos.
2273 1208 2338 1260 Μ.

1135 1335 2190 1344 ψψ-...ηηφ
2202 1336 3551 1348 ___-_.____~..____________.

273 1330 3570 1390 Μ

2101 1376 2233 1382 ___
2245 1377 2358 1382 —.
2369 1377 2851 1387 ...ᾗ-..ὴ

1068 1473 1223 1555 AD
1300 1471 1927 1559 ANTONIUM
2006 1479 2166 1559 DE
2244 1429 2854 1576 WINGHE,

902 1675 1279 1738 ABBATEM
1327 1675 1804 1737 L/ETIENSEM
1848 1676 2170 1738 ORDINIS
2214 1677 2498 1740 SANCTI
2549 1677 2970 1738 BENEDICTI

1102 1859 1235 1936 ET
1290 1857 1919 1936 RELIGIOSUM
1973 1855 2214 1936 EJUS
2272 1857 2646 1936 C(ETUM
2687 1901 2716 1949 ν

719 2050 1384 2214 imminuti
1498 2049 2193 2220 Rosmcphi
2320 2046 3090 2223 prooemium.

362 2445 540 2498 Annus
559 2461 674 2514 1am
702 2445 870 2514 agitur
899 2454 1132 2512 quartus,
1185 2460 1249 2496 ex
1277 2459 1375 2510 quo
1426 2444 1549 2495 mihi
1577 2444 1889 2510 provinciam
1919 2443 2072 2500 hanc.
2121 2440 2400 2493 admodum
2443 2440 2856 2494 revereudissime
2888 2438 3124 2510 Domine,
3167 2443 3312 2498 Vitas
3355 2441 3570 2496 Patrum

285 2538 691 2605 recognoscendi
733 2538 1042 2606 imposuis'i,
1074 2553 1270 2589 omnem
1303 2551 1508 2605 operam
1539 2551 1640 2598 qua
1669 2552 1702 2586 a
1729 2535 2000 2601 libris,qua
2038 2550 2070 2586 a
2103 2533 2408 2602 sumptibus,
2443 2545 2494 2584 ut
2526 2534 2649 2585 olim
2680 2530 2927 2602 Euagrius
2958 2535 3011 2586 in
3040 2533 3210 2604 Syriae
3240 2549 3406 2589 eremo
3432 2532 3579 2588 Vitas

285 2639 580 2682 sanctorum
617 2627 833 2680 Patrum
864 2646 963 2681 twn
996 2632 1161 2682 minus
1191 2629 1384 2680 calamo
1412 2643 1562 2695 quam
1592 2628 1694 2680 vita
1736 2626 2040 2693 exprimenti
2087 2626 2408 2695 Hieronymo
2428 2665 2442 2687 ,
2483 2625 2762 2678 identidem
2789 2628 3068 2693 spondens.
3124 2624 3498 2680 Exstimulabat
3527 2633 3577 2678 te

287 2720 547 2787 copiosus,
575 2735 720 2786 quem
751 2737 812 2773 ex
840 2722 936 2772 hoc
979 2721 1108 2773 libro
1139 2723 1385 2790 cujusque
1417 2718 1711 2786 religiosum
1759 2718 1987 2770 animum
2016 2718 2252 2779 consequi
2280 2731 2427 2786 posse
2457 2715 2711 2775 censebas.
2763 2717 2978 2780 fructus.
3016 2714 3127 2783 Ego
3155 2715 3373 2784 primum
3404 2716 3575 2769 detre-

289 2821 449 2871 ctare,
478 2811 679 2862 causari
709 2810 846 2879 quod
887 2811 990 2863 alio
1021 2826 1169 2872 apere
1199 2809 1483 2873 distinerer,
1518 2823 1784 2876 suggerere
1811 2807 1877 2860 de
1920 2805 2134 2858 Baronii
2180 2807 2406 2874 legendis
2447 2804 2699 2871 reliquiis,
2733 2821 2881 2874 quem
2909 2806 3128 2859 sciebam
3159 2822 3216 2859 eo
3247 2807 3372 2859 olim
3400 2806 3571 2859 animo

292 2900 471 2968 fuisse,
507 2909 557 2950 ut
587 2917 701 2953 eam
733 2912 938 2953 ornaret
967 2901 1313 2964 provinciam;
1343 2898 1556 2967 ideoque
1583 2898 1760 2951 Romae
1787 2898 2146 2968 inquirendum
2175 2912 2302 2958 esse,
2334 2895 2378 2949 si
2403 2911 2515 2965 qua:
2549 2897 2677 2962 forte
2705 2909 3002 2952 ornamenta
3028 2899 3312 2970 reliquerit.

374 2993 547 3046 Primo
574 2996 735 3065 igitur
765 3005 964 3063 quotu
995 3004 1220 3060 tempore
1251 2992 1466 3046 Romam
1497 2992 1750 3060 cogitans,
1784 3007 1871 3055 per
1916 2991 2168 3044 illustrem
2209 2999 2253 3042 et
2283 2989 2754 3041 reverendisstmum
2782 2991 3061 3042 admodum
3100 2991 3365 3044 dominum
3398 2991 3576 3045 Moro-

296 3098 474 3139 natum
501 3088 664 3139 sancti
697 3085 967 3138 Michaelis
989 3086 1041 3137 in
1073 3083 1246 3137 Gallia
1294 3083 1549 3146 abbatem,
1580 3084 1730 3136 etiam
1761 3082 2096 3136 illustrissimi
2141 3082 2419 3134 cardinalis
2462 3078 2702 3133 Perronii
2731 3081 3082 3134 accedentibus
3111 3082 3377 3148 auspiciis,
3411 3099 3442 3134 a
3473 3081 3577 3135 Ba-

296 3182 625 3231 rom‘auorum
656 3177 950 3230 studiorum
979 3176 1194 3229 consciis
1229 3173 1464 3240 inquiris,
1512 3175 1557 3228 si
1592 3173 1714 3240 quid
1762 3158 1975 3226 subsidii
2005 3172 2074 3224 ad
2105 3170 2236 3224 hanc
2264 3188 2371 3224 rem
2402 3170 2854 3239 prtestantissimus
2882 3171 3162 3223 Annalium
3203 3172 3420 3240 scriptor
3457 3171 3580 3224 reli-

296 3271 478 3334 querit.
514 3271 830 3341 Responsum
860 3284 978 3321 vero
1011 3269 1106 3319 hoc
1137 3267 1297 3320 Roma
1323 3266 1570 3331 accipitur
1589 3263 1836 3332 (Epistol.
1860 3264 2014 3316 Rern.
2037 3263 2099 3314 ad
2133 3262 2336 3315 cartlin.
2371 3260 2648 3329 Perron.):
2672 3279 2690 3310 ι
2718 3258 2908 3313 Verum
2935 3259 3140 3330 quidem
3167 3271 3260 3326 est,
3292 3262 3359 3315 ad
3376 3263 3580 3316 instan-

302 3362 427 3414 tiam
454 3364 729 3414 tnultorum
762 3362 962 3430 piorum
991 3359 1211 3428 fratrum
1240 3358 1397 3426 fuisse
1425 3357 1652 3408 animum
1698 3355 2042 3409 illustrissimo
2072 3354 2323 3407 cardinali
2354 3351 2579 3407 Baronio
2625 3352 2687 3408 S.
2736 3352 2814 3407 Μ.
2854 3354 3172 3423 ampliﬁcare
3196 3363 3244 3407 et
3281 3355 3500 3410 scribere
3523 3358 3580 3410 in

300 3456 481 3506 librum
513 3454 654 3508 Vitas
686 3451 926 3518 Patrum,
955 3454 1091 3523 quod
1129 3461 1176 3504 et
1205 3451 1434 3519 promisit
1457 3451 1510 3503 in
1538 3447 1791 3514 aliquibus
1820 3448 1930 3501 suis
1957 3447 2134 3510 libris;
2165 3446 2254 3500 sed
2275 3446 2373 3500 huc
2401 3463 2558 3515 usque
2580 3446 2718 3516 operi
2748 3461 2849 3500 non
2879 3446 3180 3501 adhibuerat
3210 3464 3436 3514 manum,
3459 3450 3580 3516 quia

300 3545 472 3597 sti-dia
491 3561 581 3597 sua
600 3546 704 3596 alio
719 3545 926 3597 direxit.
948 3543 1270 3610 Pra’ceperut
1295 3543 1501 3609 quidem
1531 3541 1580 3592 in
1604 3556 1716 3592 eum
1743 3541 1895 3607 finem
1916 3539 2240 3607 procuratori
2271 3539 2462 3592 ordinis
2478 3536 2816 3602 Cassinensis,
2839 3548 2892 3593 ut
2919 3539 3157 3594 scriberet
3179 3541 3249 3592 ad
3261 3541 3364 3593 duo
3388 3542 3464 3594 vel
3484 3542 3580 3594 tria

303 3637 605 3706 principalia
637 3638 946 3689 monasteria
975 3637 1056 3688 sui
1083 3634 1308 3698 ordinis,
1349 3643 1395 3685 et
1423 3631 1699 3696 inquireret
1729 3647 1794 3683 an
1825 3629 2001 3682 haberi
2042 3637 2244 3698 possm
2275 3630 2393 3682 libri
2434 3629 2666 3707 impressi
2693 3630 2770 3682 vel
2810 3630 3165 3698 manuscripti,
3195 3631 3284 3699 qui
3314 3639 3580 3702 tangerent

300 3729 427 3781 hanc
456 3728 757 3790 materiam;
789 3737 835 3780 et
864 3727 905 3777 si
933 3726 1054 3778 bene
1082 3726 1312 3788 memini,
1341 3723 1494 3776 ttiam
1522 3721 1866 3774 illustrissimo
1896 3720 2152 3774 cardinali
2184 3721 2433 3790 Sappattc
2461 3721 2788 3788 supplicavit,
2832 3730 2885 3774 ut
2912 3722 2966 3774 in
2997 3721 3310 3789 Hispaniam
3338 3724 3578 3779 scriberet

301 3837 390 3888 pro
420 3821 576 3872 simili
618 3819 962 3887 inquisitione.
999 3816 1063 3869 Et
1104 3815 1426 3869 existimabat
1458 3814 1654 3884 aliquid
1677 3829 1728 3866 se
1754 3815 1904 3866 etiam
1933 3826 2253 3876 reptrturum
2277 3815 2330 3866 in
2354 3813 2658 3866 bibliotheca
2691 3812 2976 3878 Vaticana;
3003 3816 3092 3868 sed
3119 3824 3400 3884 prtcventus
3421 3829 3580 3873 morte

301 3909 500 3974 exsequi
529 3925 629 3960 non
663 3908 820 3972 potuit
869 3907 1007 3973 pium
1038 3922 1188 3958 suum
1219 3904 1550 3957 desiderium.
1588 3903 1736 3956 Domi
1765 3919 1863 3955 non
1891 3903 2059 3954 inveni
2091 3902 2190 3954 nisi
2219 3919 2378 3955 unum
2438 3902 2627 3955 Lbrunt
2663 3902 2809 3957 Vitas
2847 3903 3082 3968 Patrum,
3114 3906 3414 3975 impressum
3441 3908 3580 3978 Lug-

301 3998 423 4051 duni
448 4014 584 4049 anno
616 3996 777 4057 152-2.
808 4005 909 4048 tam
952 3994 1252 4046 mendosum
1282 4002 1333 4045 ut
1366 3993 1450 4046 vix
1486 3993 1646 4062 possit
1674 3992 1910 4061 intelligi.
1944 3991 2074 4045 Hth
2108 4008 2264 4047 causa
2291 4003 2360 4047 est
2400 4009 2490 4047 cur
2516 3995 2875 4049 illustrissimus
2909 3993 3253 4050 Dominationi
3282 4009 3457 4054 vestra:
3494 4017 3582 4057 ne-

299 4104 472 4154 queam
494 4091 809 4159 satisfacere,
845 4089 972 4140 sicut
997 4089 1112 4154 ipsa
1142 4086 1304 4152 cupit,
1334 4095 1380 4137 et
1407 4087 1536 4137 sicut
1568 4101 1660 4155 ego
1690 4083 1901 4139 libenter
1933 4095 1978 4138 et
2002 4102 2116 4137 cum
2163 4086 2303 4138 omni
2338 4085 2621 4141 reverentia
2650 4089 2891 4158 facerem,
2920 4090 2962 4143 si
2991 4090 3114 4142 mihi
3140 4102 3269 4144 esset
3298 4093 3573 4166 integrum.

302 4181 362 4236 Si
385 4184 493 4247 quis
517 4185 580 4236 sit
609 4185 706 4250 qui.
725 4199 931 4235 manum
963 4179 1203 4232 adhibere
1232 4179 1349 4232 velit
1393 4178 1510 4230 huic
1539 4179 1700 4243 operi,
1728 4187 1773 4231 et
1807 4193 2013 4248 Operam
2046 4195 2192 4232 suam
2219 4180 2514 4250 impendere
2539 4189 2591 4232 ut
2621 4181 2900 4250 perfectum
2931 4183 3112 4234 reddat
3162 4183 3257 4236 hoc
3283 4201 3432 4255 opus.
3464 4203 3571 4243 rem

302 4274 560 4346 prwstabit
591 4276 933 4344 gratissimam
967 4271 1075 4327 Deo
1104 4271 1295 4342 optimo
1324 4274 1547 4326 maximo
1574 4282 1622 4325 et
1651 4271 1973 4324 utilissimam
1998 4272 2236 4326 omnibus
2264 4273 2517 4342 religiosis
2554 4273 2838 4329 volentibus
2867 4275 2950 4344 pie
2977 4275 3156 4330 vivere.
3194 4295 3213 4329 ι

374 4367 484 4422 Hoc
511 4370 684 4424 habito
725 4386 986 4437 responso,
1016 4385 1133 4422 cum
1161 4369 1384 4422 viderem
1413 4369 1548 4422 hanc
1571 4369 1884 4438 provinciam
1907 4369 2032 4421 mihi
2053 4371 2304 4439 integrant
2352 4371 2612 4435 relictam,
2661 4388 2819 4441 quam
2841 4388 2873 4424 α
2920 4389 3001 4426 me
3035 4373 3280 4427 adornari
3325 4377 3536 4443 aptabas
3561 4416 3576 4441 ,

303 4465 522 4518 omnibus
551 4465 666 4517 aliis
696 4465 879 4518 studiis
917 4465 1176 4530 sepositis,
1221 4466 1272 4516 in
1303 4480 1457 4518 unam
1483 4463 1615 4518 hanc
1652 4478 1761 4518 rem
1788 4462 2017 4517 incubui.
2049 4462 2116 4516 Et
2143 4463 2348 4534 quidem
2375 4464 2476 4517 tria
2515 4463 2644 4516 mihi
2673 4464 2992 4532 potissimum
3035 4466 3086 4519 iu
3114 4466 3212 4520 hac
3239 4468 3582 4540 recoynitione

303 4557 584 4624 pra'sttmda
615 4573 721 4610 esse
762 4557 1048 4610 :entiebam.
1862 4620 1870 4627 ,

373 4644 571 4710 Primo,
600 4648 920 4712 ut,quoniam
952 4648 1016 4698 ab
1045 4646 1344 4700 auctoribus
1375 4647 1540 4702 omnis
1578 4645 1722 4699 libris
1751 4647 2057 4712 auctoritas,
2086 4648 2137 4700 in
2168 4663 2250 4700 eos
2281 4664 2383 4700 non
2427 4649 2772 4718 perfunctorie
2802 4648 3128 4717 inquirerem.
3159 4649 3309 4716 Quod
3337 4665 3435 4719 qua
3458 4665 3583 4703 cura

303 4737 636 4806 praestiterim,
670 4749 771 4789 tum
799 4737 1194 4790 manuductione
1223 4736 1471 4790 librorum
1504 4738 1836 4805 scriptorum,
1867 4745 1977 4789 tum
2008 4736 2237 4790 historia:
2283 4739 2441 4791 varia:
2487 4739 2706 4806 monitu,
2761 4738 3010 4793 docebunt
3057 4741 3288 4808 proxime
3324 4743 3583 4810 sequentia

304 4827 671 4897 prolegomena.

379 4917 629 4982 Secundo,
666 4930 718 4970 ut
748 4927 912 4972 textus
943 4919 1166 4984 prodiret
1195 4923 1465 4987 genuinus,
1492 4919 1646 4972 nullis
1677 4920 2014 4988 interspersus
2046 4920 2385 4990 glossematis,
2422 4921 2566 4974 nullo
2594 4922 2857 4974 subdititio
2885 4922 3172 4978 adornatus
3199 4929 3340 4992 fuco.
3388 4923 3585 4997 Nempe

302 5023 524 5065 ramenta
553 5027 663 5062 auri
696 5027 722 5063 e
749 5013 886 5066 venis
914 5014 1018 5064 suis
1061 5012 1339 5065 sinceriora
1397 5019 1614 5077 exeunt,
1662 5028 1817 5082 quam
1857 5029 1889 5065 α
1916 5016 2126 5082 fornace
2154 5012 2383 5081 auriﬁcis
2429 5014 2663 5066 mistione
2691 5014 2858 5066 nescio
2900 5029 3004 5082 qua
3035 5015 3250 5069 subinde
3274 5017 3582 5072 adulterata.

307 5101 467 5167 Quam
495 5103 546 5154 in
574 5118 681 5155 rem
710 5103 1084 5170 manuscriptos
1109 5103 1333 5173 undique
1362 5103 1574 5156 Codices
1599 5119 1702 5156 non
1731 5119 1758 5155 e
1787 5102 1967 5174 Belgio
1997 5113 2213 5166 tantum,
2240 5105 2328 5156 sed
2357 5103 2512 5156 etiam
2539 5119 2603 5156 ex
2631 5101 2909 5158 Germania
2935 5108 3158 5175 evocavi,
3189 5124 3407 5177 quorum
3435 5121 3579 5163 cata—

306 5192 476 5263 logum
503 5198 859 5267 prolegomeno
887 5195 959 5248 24
980 5199 1223 5266 reperies.
1260 5197 1485 5265 Qutcsivi
1512 5205 1561 5249 et
1591 5195 1835 5250 editiones
1862 5213 1991 5266 quas
2014 5196 2240 5249 nancisci
2271 5196 2410 5267 potui
2432 5195 2823 5260 vetustissimas;
2851 5197 2954 5250 imo
2983 5213 3062 5251 me
3094 5215 3252 5269 prope
3271 5217 3466 5263 omnes.
3493 5218 3584 5257 seu

309 5289 601 5342 recentiores
628 5303 719 5342 seu
755 5297 978 5341 vetustas
1007 5298 1211 5342 nactum
1239 5304 1344 5342 esse
1373 5289 1459 5342 vix
1487 5286 1713 5340 dubitem
1758 5303 1999 5342 asserere.
2031 5286 2178 5340 Certe
2206 5287 2272 5338 ad
2305 5301 2392 5339 χιχ
2422 5285 2618 5338 diversa
2661 5286 2978 5354 exemplaria
3005 5287 3243 5360 indagavi
3269 5301 3316 5343 et
3357 5292 3580 5362 inspexi,

308 5396 416 5452 qua:
442 5380 562 5434 locis
591 5391 638 5434 et
667 5383 817 5435 annis
847 5384 1121 5453 assignatis
1146 5385 1549 5454 Prolegomenon
1575 5382 1642 5436 17
1668 5392 1932 5456 suggeret.
1967 5382 2065 5435 llis
2089 5384 2250 5449 fretus
2293 5377 2535 5431 subsidiis
2565 5379 2919 5449 manuscripta
2949 5397 3064 5435 cum
3092 5383 3354 5454 impressis
3392 5385 3578 5455 impri-

308 5475 398 5527 mis
421 5475 730 5542 comparari,
754 5491 890 5528 nunc
916 5478 1262 5537 manuscripta
1291 5493 1405 5530 cum
1435 5479 1816 5545 manuscriptis,
1841 5495 1977 5532 nunc
2004 5478 2250 5544 impressa
2269 5489 2383 5527 cum
2408 5474 2664 5541 impressis
2689 5490 2890 5545 quoque
2919 5480 3253 5535 committens.

377 5568 561 5632 Tertio,
590 5578 645 5622 ut
671 5570 829 5622 sicubi
855 5571 1060 5622 verbum
1088 5571 1300 5639 aliquod
1344 5570 1562 5640 difﬁcile
1591 5581 1898 5637 occurreret,
1927 5571 2087 5625 sicubi
2112 5571 2237 5624 ritus
2265 5568 2455 5638 aliquis
2478 5569 2647 5621 rarior
2673 5569 2885 5622 dubium
2917 5579 3102 5626 teneret
3125 5571 3386 5638 lectorem,
3414 5574 3575 5627 sicubi

309 5659 514 5712 historia
541 5659 784 5728 perplexa
805 5675 1012 5716 sensum
1037 5663 1284 5726 turbaret,
1311 5662 1655 5732 difﬁcultatem
1684 5665 2021 5737 explicatione
2048 5665 2299 5729 tollerem,
2331 5664 2596 5719 raritatem
2617 5663 2863 5717 similium
2884 5663 3196 5720 adductione
3226 5668 3471 5720 notiorem
3496 5663 3574 5730 [a-

665 5751 934 5815 ΡΑτιιοῐ..
986 5753 1088 5812 ω(
1105 5753 1154 5810 Χ
1171 5753 1278 5814 Ill.

3261 5755 3289 5814 ι
3463 5763 3465 5768 .
