  <div class='ocr_page' id='page_1' title='image "/cluster/home/n/w/nwhite01/storage/ocr_20150623/73/uva.x000827085/013.png"; bbox 0 0 4002 6228; ppageno 0'>
   <div class='ocr_carea' id='block_1_1' title="bbox 382 271 3653 335">
    <p class='ocr_par' dir='ltr' id='par_1_1' title="bbox 382 271 3653 335">
     <span class='ocr_line' id='line_1_1' title="bbox 382 271 3653 335; baseline 0.002 -7"><span class='ocrx_word' id='word_1_1' title='bbox 382 274 431 328; x_wconf 79' lang='grc' dir='ltr'>Η</span> <span class='ocrx_word' id='word_1_2' title='bbox 1307 274 1372 329; x_wconf 83' lang='grc' dir='ltr'><strong><em>ΙΝ</em></strong></span> <span class='ocrx_word' id='word_1_3' title='bbox 1414 273 1615 331; x_wconf 85' lang='lat' dir='ltr'><strong><em>VITAS</em></strong></span> <span class='ocrx_word' id='word_1_4' title='bbox 1656 274 1937 329; x_wconf 82' lang='lat' dir='ltr'><strong><em>PATRUM</em></strong></span> <span class='ocrx_word' id='word_1_5' title='bbox 1980 271 2493 331; x_wconf 77' lang='lat' dir='ltr'><strong><em>PROLEGOMENA</em></strong></span> <span class='ocrx_word' id='word_1_6' title='bbox 2534 272 2719 328; x_wconf 66' lang='lat' dir='ltr'><strong><em>XXVI.</em></strong></span> <span class='ocrx_word' id='word_1_7' title='bbox 3587 281 3653 335; x_wconf 73' lang='grc' dir='ltr'><strong><em>ΙΞ</em></strong></span> 
     </span>
    </p>
   </div>
   <div class='ocr_carea' id='block_1_2' title="bbox 373 384 3652 458">
    <p class='ocr_par' dir='ltr' id='par_1_2' title="bbox 373 384 3652 458">
     <span class='ocr_line' id='line_1_2' title="bbox 373 384 3652 458; baseline 0.002 -19"><span class='ocrx_word' id='word_1_8' title='bbox 373 401 553 451; x_wconf 74' lang='lat' dir='ltr'><strong><em>cerens,</em></strong></span> <span class='ocrx_word' id='word_1_9' title='bbox 582 388 964 458; x_wconf 73' lang='lat' dir='ltr'><strong><em>perplexitatem</em></strong></span> <span class='ocrx_word' id='word_1_10' title='bbox 1012 385 1208 439; x_wconf 75' lang='lat' dir='ltr'><strong><em>collatis</em></strong></span> <span class='ocrx_word' id='word_1_11' title='bbox 1240 385 1367 438; x_wconf 89' lang='lat' dir='ltr'><strong><em>inter</em></strong></span> <span class='ocrx_word' id='word_1_12' title='bbox 1396 402 1448 439; x_wconf 90' lang='lat' dir='ltr'><strong><em>se</em></strong></span> <span class='ocrx_word' id='word_1_13' title='bbox 1492 385 1748 438; x_wconf 79' lang='lat' dir='ltr'><strong><em>historicis</em></strong></span> <span class='ocrx_word' id='word_1_14' title='bbox 1775 386 2069 451; x_wconf 86' lang='lat' dir='ltr'><strong><em>evolverem,</em></strong></span> <span class='ocrx_word' id='word_1_15' title='bbox 2097 385 2326 439; x_wconf 82' lang='lat' dir='ltr'><strong><em>omnibus</em></strong></span> <span class='ocrx_word' id='word_1_16' title='bbox 2371 386 2583 454; x_wconf 59' lang='lat' dir='ltr'><strong><em>denique</em></strong></span> <span class='ocrx_word' id='word_1_17' title='bbox 2611 384 2733 437; x_wconf 91' lang='lat' dir='ltr'><strong><em>locis</em></strong></span> <span class='ocrx_word' id='word_1_18' title='bbox 2761 386 3034 439; x_wconf 90' lang='lat' dir='ltr'><strong><em>tenebrosis</em></strong></span> <span class='ocrx_word' id='word_1_19' title='bbox 3056 428 3069 452; x_wconf 94' lang='lat'><strong><em>,</em></strong></span> <span class='ocrx_word' id='word_1_20' title='bbox 3113 397 3356 456; x_wconf 88' lang='lat' dir='ltr'><strong><em>quantum</em></strong></span> <span class='ocrx_word' id='word_1_21' title='bbox 3390 390 3513 443; x_wconf 87' lang='lat' dir='ltr'><strong><em>mihi</em></strong></span> <span class='ocrx_word' id='word_1_22' title='bbox 3553 393 3652 445; x_wconf 88' lang='lat' dir='ltr'><strong><em>do-</em></strong></span> 
     </span>
    </p>
   </div>
   <div class='ocr_carea' id='block_1_3' title="bbox 373 474 1618 546">
    <p class='ocr_par' dir='ltr' id='par_1_3' title="bbox 373 474 1618 546">
     <span class='ocr_line' id='line_1_3' title="bbox 373 474 1618 546; baseline -0.001 -19"><span class='ocrx_word' id='word_1_23' title='bbox 373 475 582 529; x_wconf 89' lang='lat' dir='ltr'><strong><em>mestica</em></strong></span> <span class='ocrx_word' id='word_1_24' title='bbox 611 477 906 546; x_wconf 83' lang='lat' dir='ltr'><strong><em>suggerebat</em></strong></span> <span class='ocrx_word' id='word_1_25' title='bbox 936 476 1133 543; x_wconf 65' lang='lat' dir='ltr'><strong><em>facula,</em></strong></span> <span class='ocrx_word' id='word_1_26' title='bbox 1160 475 1321 525; x_wconf 86' lang='lat' dir='ltr'><strong><em>lucem</em></strong></span> <span class='ocrx_word' id='word_1_27' title='bbox 1356 474 1618 543; x_wconf 78' lang='lat' dir='ltr'><strong><em>inferrem.</em></strong></span> 
     </span>
    </p>
   </div>
   <div class='ocr_carea' id='block_1_4' title="bbox 450 563 3653 640">
    <p class='ocr_par' dir='ltr' id='par_1_4' title="bbox 450 563 3653 640">
     <span class='ocr_line' id='line_1_4' title="bbox 450 563 3653 640; baseline 0.002 -21"><span class='ocrx_word' id='word_1_28' title='bbox 450 565 584 633; x_wconf 85' lang='lat' dir='ltr'><strong><em>Quia</em></strong></span> <span class='ocrx_word' id='word_1_29' title='bbox 612 583 727 619; x_wconf 84' lang='lat' dir='ltr'><strong><em>vero</em></strong></span> <span class='ocrx_word' id='word_1_30' title='bbox 758 568 1079 620; x_wconf 76' lang='lat' dir='ltr'><strong><em>memineram</em></strong></span> <span class='ocrx_word' id='word_1_31' title='bbox 1108 563 1383 617; x_wconf 85' lang='lat' dir='ltr'><strong><em>Baronium</em></strong></span> <span class='ocrx_word' id='word_1_32' title='bbox 1404 564 1541 617; x_wconf 88' lang='lat' dir='ltr'><strong><em>hisce</em></strong></span> <span class='ocrx_word' id='word_1_33' title='bbox 1572 563 1787 617; x_wconf 79' lang='lat' dir='ltr'><strong><em>Patrum</em></strong></span> <span class='ocrx_word' id='word_1_34' title='bbox 1817 565 1949 618; x_wconf 91' lang='lat' dir='ltr'><strong><em>Vitis</em></strong></span> <span class='ocrx_word' id='word_1_35' title='bbox 1968 567 2083 634; x_wconf 91' lang='lat' dir='ltr'><strong><em>jam</em></strong></span> <span class='ocrx_word' id='word_1_36' title='bbox 2106 566 2229 617; x_wconf 89' lang='lat' dir='ltr'><strong><em>olim</em></strong></span> <span class='ocrx_word' id='word_1_37' title='bbox 2251 566 2373 618; x_wconf 88' lang='lat' dir='ltr'><strong><em>bene</em></strong></span> <span class='ocrx_word' id='word_1_38' title='bbox 2395 566 2615 618; x_wconf 81' lang='lat' dir='ltr'><strong><em>voluisse</em></strong></span> <span class='ocrx_word' id='word_1_39' title='bbox 2637 565 2858 633; x_wconf 83' lang='lat' dir='ltr'><strong><em>(Baron.</em></strong></span> <span class='ocrx_word' id='word_1_40' title='bbox 2892 565 3069 618; x_wconf 79' lang='lat' dir='ltr'><strong><em>Natat.</em></strong></span> <span class='ocrx_word' id='word_1_41' title='bbox 3095 565 3145 619; x_wconf 87' lang='lat' dir='ltr'><strong><em>in</em></strong></span> <span class='ocrx_word' id='word_1_42' title='bbox 3177 566 3395 640; x_wconf 81' lang='lat' dir='ltr'><strong><em>Martyr.</em></strong></span> <span class='ocrx_word' id='word_1_43' title='bbox 3428 569 3653 626; x_wconf 78' lang='lat' dir='ltr'><strong><em>Roman.</em></strong></span> 
     </span>
    </p>
   </div>
   <div class='ocr_carea' id='block_1_5' title="bbox 380 655 3654 728">
    <p class='ocr_par' dir='ltr' id='par_1_5' title="bbox 380 655 3654 728">
     <span class='ocr_line' id='line_1_5' title="bbox 380 655 3654 728; baseline 0.001 -16"><span class='ocrx_word' id='word_1_44' title='bbox 380 658 443 712; x_wconf 70' lang='grc'><strong><em>17</em></strong></span> <span class='ocrx_word' id='word_1_45' title='bbox 477 656 646 725; x_wconf 88' lang='lat' dir='ltr'><strong><em>Jan.),</em></strong></span> <span class='ocrx_word' id='word_1_46' title='bbox 676 658 925 728; x_wconf 82' lang='lat' dir='ltr'><strong><em>quidquid</em></strong></span> <span class='ocrx_word' id='word_1_47' title='bbox 954 673 1018 708; x_wconf 75' lang='lat' dir='ltr'><strong><em>ex</em></strong></span> <span class='ocrx_word' id='word_1_48' title='bbox 1046 658 1154 727; x_wconf 84' lang='lat' dir='ltr'><strong><em>ejus</em></strong></span> <span class='ocrx_word' id='word_1_49' title='bbox 1176 656 1377 723; x_wconf 77' lang='lat' dir='ltr'><strong><em>scriptis</em></strong></span> <span class='ocrx_word' id='word_1_50' title='bbox 1403 656 1470 707; x_wconf 89' lang='lat' dir='ltr'><strong><em>ad</em></strong></span> <span class='ocrx_word' id='word_1_51' title='bbox 1510 655 1604 708; x_wconf 91' lang='lat' dir='ltr'><strong><em>has</em></strong></span> <span class='ocrx_word' id='word_1_52' title='bbox 1654 655 1795 709; x_wconf 84' lang='lat' dir='ltr'><strong><em>Vitas</em></strong></span> <span class='ocrx_word' id='word_1_53' title='bbox 1834 656 2168 709; x_wconf 88' lang='lat' dir='ltr'><strong><em>illustrandas</em></strong></span> <span class='ocrx_word' id='word_1_54' title='bbox 2210 656 2448 726; x_wconf 86' lang='lat' dir='ltr'><strong><em>colligere</em></strong></span> <span class='ocrx_word' id='word_1_55' title='bbox 2479 657 2642 723; x_wconf 81' lang='lat' dir='ltr'><strong><em>potui,</em></strong></span> <span class='ocrx_word' id='word_1_56' title='bbox 2676 657 2780 709; x_wconf 86' lang='lat' dir='ltr'><strong><em>suis</em></strong></span> <span class='ocrx_word' id='word_1_57' title='bbox 2809 657 2931 709; x_wconf 88' lang='lat' dir='ltr'><strong><em>locis</em></strong></span> <span class='ocrx_word' id='word_1_58' title='bbox 2981 660 3090 727; x_wconf 69' lang='lat' dir='ltr'><strong><em>ejus</em></strong></span> <span class='ocrx_word' id='word_1_59' title='bbox 3132 658 3296 712; x_wconf 77' lang='lat' dir='ltr'><strong><em>verbis</em></strong></span> <span class='ocrx_word' id='word_1_60' title='bbox 3334 662 3474 723; x_wconf 83' lang='lat' dir='ltr'><strong><em>dedi,</em></strong></span> <span class='ocrx_word' id='word_1_61' title='bbox 3505 673 3549 715; x_wconf 85' lang='lat' dir='ltr'><strong><em>et</em></strong></span> <span class='ocrx_word' id='word_1_62' title='bbox 3577 666 3654 718; x_wconf 65' lang='lat' dir='ltr'><strong><em>vel</em></strong></span> 
     </span>
    </p>
   </div>
   <div class='ocr_carea' id='block_1_6' title="bbox 375 750 3150 820">
    <p class='ocr_par' dir='ltr' id='par_1_6' title="bbox 375 750 3150 820">
     <span class='ocr_line' id='line_1_6' title="bbox 375 750 3150 820; baseline -0.003 -16"><span class='ocrx_word' id='word_1_63' title='bbox 375 768 432 806; x_wconf 87' lang='lat' dir='ltr'><strong><em>eo</em></strong></span> <span class='ocrx_word' id='word_1_64' title='bbox 462 754 664 804; x_wconf 87' lang='lat' dir='ltr'><strong><em>nomine</em></strong></span> <span class='ocrx_word' id='word_1_65' title='bbox 691 751 836 804; x_wconf 89' lang='lat' dir='ltr'><strong><em>libuit</em></strong></span> <span class='ocrx_word' id='word_1_66' title='bbox 864 767 1048 820; x_wconf 84' lang='lat' dir='ltr'><strong><em>magno</em></strong></span> <span class='ocrx_word' id='word_1_67' title='bbox 1080 750 1185 801; x_wconf 79' lang='lat' dir='ltr'><strong><em>riro</em></strong></span> <span class='ocrx_word' id='word_1_68' title='bbox 1207 758 1498 816; x_wconf 79' lang='lat' dir='ltr'><strong><em>parentare.</em></strong></span> <span class='ocrx_word' id='word_1_69' title='bbox 3140 803 3150 813; x_wconf 28' lang='grc' dir='ltr'><em>κ</em></span> 
     </span>
    </p>
   </div>
   <div class='ocr_carea' id='block_1_7' title="bbox 451 837 3647 911">
    <p class='ocr_par' dir='ltr' id='par_1_7' title="bbox 451 837 3647 911">
     <span class='ocr_line' id='line_1_7' title="bbox 451 837 3647 911; baseline 0.002 -19"><span class='ocrx_word' id='word_1_70' title='bbox 451 839 641 903; x_wconf 79' lang='lat' dir='ltr'><strong><em>Habes,</em></strong></span> <span class='ocrx_word' id='word_1_71' title='bbox 691 840 964 891; x_wconf 87' lang='lat' dir='ltr'><strong><em>admodum</em></strong></span> <span class='ocrx_word' id='word_1_72' title='bbox 1007 837 1414 891; x_wconf 84' lang='lat' dir='ltr'><strong><em>reverendissime</em></strong></span> <span class='ocrx_word' id='word_1_73' title='bbox 1456 838 1659 890; x_wconf 87' lang='lat' dir='ltr'><strong><em>domine</em></strong></span> <span class='ocrx_word' id='word_1_74' title='bbox 1689 840 1920 905; x_wconf 66' lang='lat' dir='ltr'><strong><em>praelate,</em></strong></span> <span class='ocrx_word' id='word_1_75' title='bbox 1954 838 2171 890; x_wconf 82' lang='lat' dir='ltr'><strong><em>instituti</em></strong></span> <span class='ocrx_word' id='word_1_76' title='bbox 2198 838 2296 892; x_wconf 90' lang='lat' dir='ltr'><strong><em>mei</em></strong></span> <span class='ocrx_word' id='word_1_77' title='bbox 2323 840 2595 902; x_wconf 86' lang='lat' dir='ltr'><strong><em>rationem,</em></strong></span> <span class='ocrx_word' id='word_1_78' title='bbox 2641 840 2793 893; x_wconf 85' lang='lat' dir='ltr'><strong><em>habes</em></strong></span> <span class='ocrx_word' id='word_1_79' title='bbox 2830 838 2976 893; x_wconf 85' lang='lat' dir='ltr'><strong><em>Vitas</em></strong></span> <span class='ocrx_word' id='word_1_80' title='bbox 3014 839 3230 894; x_wconf 85' lang='lat' dir='ltr'><strong><em>Patrum</em></strong></span> <span class='ocrx_word' id='word_1_81' title='bbox 3261 852 3525 911; x_wconf 81' lang='lat' dir='ltr'><strong><em>tantopere</em></strong></span> <span class='ocrx_word' id='word_1_82' title='bbox 3562 845 3647 898; x_wconf 87' lang='lat' dir='ltr'><strong><em>de-</em></strong></span> 
     </span>
    </p>
   </div>
   <div class='ocr_carea' id='block_1_8' title="bbox 373 928 3656 1002">
    <p class='ocr_par' dir='ltr' id='par_1_8' title="bbox 373 928 3656 1002">
     <span class='ocr_line' id='line_1_8' title="bbox 373 928 3656 1002; baseline 0 -17"><span class='ocrx_word' id='word_1_83' title='bbox 373 932 641 989; x_wconf 74' lang='lat' dir='ltr'><strong><em>sideratas.</em></strong></span> <span class='ocrx_word' id='word_1_84' title='bbox 702 932 838 996; x_wconf 83' lang='lat' dir='ltr'><strong><em>Quas</em></strong></span> <span class='ocrx_word' id='word_1_85' title='bbox 865 930 953 983; x_wconf 88' lang='lat' dir='ltr'><strong><em>tibi</em></strong></span> <span class='ocrx_word' id='word_1_86' title='bbox 1002 939 1188 997; x_wconf 90' lang='lat' dir='ltr'><strong><em>tuoque</em></strong></span> <span class='ocrx_word' id='word_1_87' title='bbox 1238 929 1388 981; x_wconf 63' lang='grc' dir='ltr'><strong><em>ειειαὶ</em></strong></span> <span class='ocrx_word' id='word_1_88' title='bbox 1439 928 1706 995; x_wconf 89' lang='lat' dir='ltr'><strong><em>impulabit</em></strong></span> <span class='ocrx_word' id='word_1_89' title='bbox 1754 928 2042 997; x_wconf 85' lang='lat' dir='ltr'><strong><em>posteritas,</em></strong></span> <span class='ocrx_word' id='word_1_90' title='bbox 2090 930 2227 997; x_wconf 86' lang='lat' dir='ltr'><strong><em>quod</em></strong></span> <span class='ocrx_word' id='word_1_91' title='bbox 2273 928 2446 996; x_wconf 83' lang='lat' dir='ltr'><strong><em>favore</em></strong></span> <span class='ocrx_word' id='word_1_92' title='bbox 2492 930 2797 997; x_wconf 82' lang='lat' dir='ltr'><strong><em>sumptaque</em></strong></span> <span class='ocrx_word' id='word_1_93' title='bbox 2826 938 3010 993; x_wconf 85' lang='lat' dir='ltr'><strong><em>vestro,</em></strong></span> <span class='ocrx_word' id='word_1_94' title='bbox 3058 940 3189 983; x_wconf 72' lang='lat' dir='ltr'><strong><em>reste</em></strong></span> <span class='ocrx_word' id='word_1_95' title='bbox 3236 948 3371 984; x_wconf 88' lang='lat' dir='ltr'><strong><em>nunc</em></strong></span> <span class='ocrx_word' id='word_1_96' title='bbox 3408 932 3656 1002; x_wconf 77' lang='lat' dir='ltr'><strong><em>prodeant</em></strong></span> 
     </span>
    </p>
   </div>
   <div class='ocr_carea' id='block_1_9' title="bbox 376 1014 3253 1075">
    <p class='ocr_par' dir='ltr' id='par_1_9' title="bbox 376 1014 3253 1075">
     <span class='ocr_line' id='line_1_9' title="bbox 376 1014 3253 1075; baseline 0 -1"><span class='ocrx_word' id='word_1_97' title='bbox 376 1021 605 1075; x_wconf 86' lang='lat' dir='ltr'><strong><em>cultiore.</em></strong></span> <span class='ocrx_word' id='word_1_98' title='bbox 3245 1014 3253 1023; x_wconf 73' lang='grc'><em>’</em></span> 
     </span>
    </p>
   </div>
   <div class='ocr_carea' id='block_1_10' title="bbox 449 1109 3651 1181">
    <p class='ocr_par' dir='ltr' id='par_1_10' title="bbox 449 1109 3651 1181">
     <span class='ocr_line' id='line_1_10' title="bbox 449 1109 3651 1181; baseline 0.001 -16"><span class='ocrx_word' id='word_1_99' title='bbox 449 1109 555 1166; x_wconf 88' lang='lat' dir='ltr'><strong><em>Sed</em></strong></span> <span class='ocrx_word' id='word_1_100' title='bbox 594 1110 828 1163; x_wconf 87' lang='lat' dir='ltr'><strong><em>nullasne</em></strong></span> <span class='ocrx_word' id='word_1_101' title='bbox 867 1110 1081 1164; x_wconf 86' lang='lat' dir='ltr'><strong><em>solemni</em></strong></span> <span class='ocrx_word' id='word_1_102' title='bbox 1112 1111 1440 1180; x_wconf 59' lang='lat' dir='ltr'><strong><em>pra’fatorum</em></strong></span> <span class='ocrx_word' id='word_1_103' title='bbox 1486 1127 1644 1175; x_wconf 91' lang='lat' dir='ltr'><strong><em>more,</em></strong></span> <span class='ocrx_word' id='word_1_104' title='bbox 1673 1110 1891 1164; x_wconf 83' lang='lat' dir='ltr'><strong><em>laudum</em></strong></span> <span class='ocrx_word' id='word_1_105' title='bbox 1920 1110 2011 1165; x_wconf 90' lang='lat' dir='ltr'><strong><em>tibi</em></strong></span> <span class='ocrx_word' id='word_1_106' title='bbox 2042 1118 2227 1180; x_wconf 89' lang='lat' dir='ltr'><strong><em>tuoque</em></strong></span> <span class='ocrx_word' id='word_1_107' title='bbox 2256 1111 2405 1164; x_wconf 80' lang='lat' dir='ltr'><strong><em>coetui</em></strong></span> <span class='ocrx_word' id='word_1_108' title='bbox 2436 1111 2606 1164; x_wconf 87' lang='lat' dir='ltr'><strong><em>licebit</em></strong></span> <span class='ocrx_word' id='word_1_109' title='bbox 2637 1111 2721 1165; x_wconf 89' lang='lat' dir='ltr'><strong><em>hic</em></strong></span> <span class='ocrx_word' id='word_1_110' title='bbox 2768 1113 2966 1167; x_wconf 87' lang='lat' dir='ltr'><strong><em>laureas</em></strong></span> <span class='ocrx_word' id='word_1_111' title='bbox 3015 1118 3219 1169; x_wconf 73' lang='lat' dir='ltr'><strong><em>texere?</em></strong></span> <span class='ocrx_word' id='word_1_112' title='bbox 3252 1114 3371 1167; x_wconf 80' lang='lat' dir='ltr'><strong><em>Non</em></strong></span> <span class='ocrx_word' id='word_1_113' title='bbox 3403 1115 3651 1181; x_wconf 81' lang='lat' dir='ltr'><strong><em>permittis</em></strong></span> 
     </span>
    </p>
   </div>
   <div class='ocr_carea' id='block_1_11' title="bbox 380 1203 3657 1280">
    <p class='ocr_par' dir='ltr' id='par_1_11' title="bbox 380 1203 3657 1280">
     <span class='ocr_line' id='line_1_11' title="bbox 380 1203 3657 1280; baseline 0.001 -22"><span class='ocrx_word' id='word_1_114' title='bbox 380 1204 488 1258; x_wconf 86' lang='lat' dir='ltr'><strong><em>Deo</em></strong></span> <span class='ocrx_word' id='word_1_115' title='bbox 520 1204 905 1271; x_wconf 75' lang='lat' dir='ltr'><strong><em>domesticoque</em></strong></span> <span class='ocrx_word' id='word_1_116' title='bbox 923 1212 999 1256; x_wconf 88' lang='lat' dir='ltr'><strong><em>sat</em></strong></span> <span class='ocrx_word' id='word_1_117' title='bbox 1029 1203 1283 1273; x_wconf 87' lang='lat' dir='ltr'><strong><em>gloriosus</em></strong></span> <span class='ocrx_word' id='word_1_118' title='bbox 1315 1213 1458 1257; x_wconf 89' lang='lat' dir='ltr'><strong><em>teste.</em></strong></span> <span class='ocrx_word' id='word_1_119' title='bbox 1491 1204 1756 1257; x_wconf 86' lang='lat' dir='ltr'><strong><em>Sustinere</em></strong></span> <span class='ocrx_word' id='word_1_120' title='bbox 1786 1204 1944 1271; x_wconf 82' lang='lat' dir='ltr'><strong><em>igitur</em></strong></span> <span class='ocrx_word' id='word_1_121' title='bbox 1976 1220 2052 1255; x_wconf 89' lang='lat' dir='ltr'><strong><em>me</em></strong></span> <span class='ocrx_word' id='word_1_122' title='bbox 2082 1204 2335 1255; x_wconf 82' lang='lat' dir='ltr'><strong><em>calamum</em></strong></span> <span class='ocrx_word' id='word_1_123' title='bbox 2362 1219 2392 1256; x_wconf 92' lang='lat' dir='ltr'><strong><em>a</em></strong></span> <span class='ocrx_word' id='word_1_124' title='bbox 2423 1204 2521 1257; x_wconf 86' lang='lat' dir='ltr'><strong><em>tuis</em></strong></span> <span class='ocrx_word' id='word_1_125' title='bbox 2559 1213 2863 1275; x_wconf 86' lang='lat' dir='ltr'><strong><em>tuorumque</em></strong></span> <span class='ocrx_word' id='word_1_126' title='bbox 2903 1206 3137 1261; x_wconf 87' lang='lat' dir='ltr'><strong><em>laudibus</em></strong></span> <span class='ocrx_word' id='word_1_127' title='bbox 3152 1210 3333 1280; x_wconf 87' lang='lat' dir='ltr'><strong><em>jubes,</em></strong></span> <span class='ocrx_word' id='word_1_128' title='bbox 3386 1227 3405 1260; x_wconf 70' lang='grc' dir='ltr'>ι</span> <span class='ocrx_word' id='word_1_129' title='bbox 3443 1224 3508 1261; x_wconf 90' lang='lat' dir='ltr'><strong><em>ne</em></strong></span> <span class='ocrx_word' id='word_1_130' title='bbox 3529 1208 3657 1273; x_wconf 69' lang='lat' dir='ltr'><strong><em>affe-</em></strong></span> 
     </span>
    </p>
   </div>
   <div class='ocr_carea' id='block_1_12' title="bbox 377 1296 3651 1373">
    <p class='ocr_par' dir='ltr' id='par_1_12' title="bbox 377 1296 3651 1373">
     <span class='ocr_line' id='line_1_12' title="bbox 377 1296 3651 1373; baseline 0.002 -24"><span class='ocrx_word' id='word_1_131' title='bbox 377 1306 511 1364; x_wconf 85' lang='lat' dir='ltr'><strong><em>ctus,</em></strong></span> <span class='ocrx_word' id='word_1_132' title='bbox 538 1296 729 1366; x_wconf 87' lang='lat' dir='ltr'><strong><em>inquis,</em></strong></span> <span class='ocrx_word' id='word_1_133' title='bbox 762 1305 879 1349; x_wconf 90' lang='lat' dir='ltr'><strong><em>tuus</em></strong></span> <span class='ocrx_word' id='word_1_134' title='bbox 910 1313 1031 1366; x_wconf 89' lang='lat' dir='ltr'><strong><em>erga</em></strong></span> <span class='ocrx_word' id='word_1_135' title='bbox 1074 1314 1164 1350; x_wconf 90' lang='lat' dir='ltr'><strong><em>nos</em></strong></span> <span class='ocrx_word' id='word_1_136' title='bbox 1189 1298 1467 1367; x_wconf 69' lang='lat' dir='ltr'><strong><em>transferat</em></strong></span> <span class='ocrx_word' id='word_1_137' title='bbox 1509 1309 1554 1350; x_wconf 89' lang='lat' dir='ltr'><strong><em>te</em></strong></span> <span class='ocrx_word' id='word_1_138' title='bbox 1596 1299 1855 1366; x_wconf 73' lang='lat' dir='ltr'><strong><em>suprarei</em></strong></span> <span class='ocrx_word' id='word_1_139' title='bbox 1884 1299 2145 1351; x_wconf 87' lang='lat' dir='ltr'><strong><em>veritatem</em></strong></span> <span class='ocrx_word' id='word_1_140' title='bbox 2184 1297 2380 1367; x_wconf 83' lang='lat' dir='ltr'><strong><em>(Epist.</em></strong></span> <span class='ocrx_word' id='word_1_141' title='bbox 2435 1298 2656 1352; x_wconf 82' lang='lat' dir='ltr'><strong><em>Abbatis</em></strong></span> <span class='ocrx_word' id='word_1_142' title='bbox 2686 1298 2922 1368; x_wconf 81' lang='lat' dir='ltr'><strong><em>Winghii</em></strong></span> <span class='ocrx_word' id='word_1_143' title='bbox 2951 1302 3016 1355; x_wconf 90' lang='lat' dir='ltr'><strong><em>ad</em></strong></span> <span class='ocrx_word' id='word_1_144' title='bbox 3049 1300 3275 1373; x_wconf 78' lang='lat' dir='ltr'><strong><em>llerib.).</em></strong></span> <span class='ocrx_word' id='word_1_145' title='bbox 3309 1320 3329 1354; x_wconf 83' lang='lat' dir='ltr'><strong><em>s</em></strong></span> <span class='ocrx_word' id='word_1_146' title='bbox 3365 1301 3476 1372; x_wconf 84' lang='lat' dir='ltr'><strong><em>Ego</em></strong></span> <span class='ocrx_word' id='word_1_147' title='bbox 3504 1318 3651 1367; x_wconf 82' lang='lat' dir='ltr'><strong><em>vero,</em></strong></span> 
     </span>
    </p>
   </div>
   <div class='ocr_carea' id='block_1_13' title="bbox 372 1382 3657 1461">
    <p class='ocr_par' dir='ltr' id='par_1_13' title="bbox 372 1382 3657 1461">
     <span class='ocr_line' id='line_1_13' title="bbox 372 1382 3657 1461; baseline 0.002 -21"><span class='ocrx_word' id='word_1_148' title='bbox 372 1387 469 1440; x_wconf 92' lang='lat' dir='ltr'><strong><em>etsi</em></strong></span> <span class='ocrx_word' id='word_1_149' title='bbox 498 1388 559 1438; x_wconf 89' lang='lat' dir='ltr'><strong><em>de</em></strong></span> <span class='ocrx_word' id='word_1_150' title='bbox 585 1385 772 1454; x_wconf 74' lang='lat' dir='ltr'><strong><em>affectu</em></strong></span> <span class='ocrx_word' id='word_1_151' title='bbox 802 1388 981 1440; x_wconf 90' lang='lat' dir='ltr'><strong><em>testari</em></strong></span> <span class='ocrx_word' id='word_1_152' title='bbox 1013 1387 1223 1453; x_wconf 89' lang='lat' dir='ltr'><strong><em>possim,</em></strong></span> <span class='ocrx_word' id='word_1_153' title='bbox 1256 1382 1385 1440; x_wconf 85' lang='lat' dir='ltr'><strong><em>nihil</em></strong></span> <span class='ocrx_word' id='word_1_154' title='bbox 1410 1402 1488 1441; x_wconf 91' lang='lat' dir='ltr'><strong><em>me</em></strong></span> <span class='ocrx_word' id='word_1_155' title='bbox 1516 1396 1661 1441; x_wconf 76' lang='lat' dir='ltr'><strong><em>extra</em></strong></span> <span class='ocrx_word' id='word_1_156' title='bbox 1687 1403 1859 1441; x_wconf 86' lang='lat' dir='ltr'><strong><em>verum</em></strong></span> <span class='ocrx_word' id='word_1_157' title='bbox 1890 1388 1952 1440; x_wconf 91' lang='lat' dir='ltr'><strong><em>de</em></strong></span> <span class='ocrx_word' id='word_1_158' title='bbox 1981 1396 2027 1440; x_wconf 88' lang='lat' dir='ltr'><strong><em>te</em></strong></span> <span class='ocrx_word' id='word_1_159' title='bbox 2053 1388 2251 1457; x_wconf 82' lang='lat' dir='ltr'><strong><em>tuisque</em></strong></span> <span class='ocrx_word' id='word_1_160' title='bbox 2278 1388 2485 1453; x_wconf 88' lang='lat' dir='ltr'><strong><em>sentire,</em></strong></span> <span class='ocrx_word' id='word_1_161' title='bbox 2517 1404 2579 1441; x_wconf 90' lang='lat' dir='ltr'><strong><em>ne</em></strong></span> <span class='ocrx_word' id='word_1_162' title='bbox 2608 1397 2778 1441; x_wconf 87' lang='lat' dir='ltr'><strong><em>tamen</em></strong></span> <span class='ocrx_word' id='word_1_163' title='bbox 2802 1390 2855 1443; x_wconf 91' lang='lat' dir='ltr'><strong><em>in</em></strong></span> <span class='ocrx_word' id='word_1_164' title='bbox 2889 1389 3084 1458; x_wconf 90' lang='lat' dir='ltr'><strong><em>limine,</em></strong></span> <span class='ocrx_word' id='word_1_165' title='bbox 3119 1395 3252 1461; x_wconf 91' lang='lat' dir='ltr'><strong><em>quod</em></strong></span> <span class='ocrx_word' id='word_1_166' title='bbox 3282 1394 3450 1459; x_wconf 88' lang='lat' dir='ltr'><strong><em>aiunt,</em></strong></span> <span class='ocrx_word' id='word_1_167' title='bbox 3489 1393 3557 1446; x_wconf 89' lang='lat' dir='ltr'><strong><em>ad</em></strong></span> <span class='ocrx_word' id='word_1_168' title='bbox 3577 1395 3657 1446; x_wconf 89' lang='lat' dir='ltr'><strong><em>in-</em></strong></span> 
     </span>
    </p>
   </div>
   <div class='ocr_carea' id='block_1_14' title="bbox 376 1476 1665 1546">
    <p class='ocr_par' dir='ltr' id='par_1_14' title="bbox 376 1476 1665 1546">
     <span class='ocr_line' id='line_1_14' title="bbox 376 1476 1665 1546; baseline 0 -17"><span class='ocrx_word' id='word_1_169' title='bbox 376 1478 680 1531; x_wconf 80' lang='lat' dir='ltr'><strong><em>obedientia:</em></strong></span> <span class='ocrx_word' id='word_1_170' title='bbox 706 1477 960 1531; x_wconf 87' lang='lat' dir='ltr'><strong><em>lubricum</em></strong></span> <span class='ocrx_word' id='word_1_171' title='bbox 991 1476 1275 1545; x_wconf 79' lang='lat' dir='ltr'><strong><em>offendam,</em></strong></span> <span class='ocrx_word' id='word_1_172' title='bbox 1300 1477 1462 1545; x_wconf 86' lang='lat' dir='ltr'><strong><em>jussis</em></strong></span> <span class='ocrx_word' id='word_1_173' title='bbox 1492 1493 1665 1546; x_wconf 83' lang='lat' dir='ltr'><strong><em>pareo.</em></strong></span> 
     </span>
    </p>
   </div>
   <div class='ocr_carea' id='block_1_15' title="bbox 451 1568 3657 1643">
    <p class='ocr_par' dir='ltr' id='par_1_15' title="bbox 451 1568 3657 1643">
     <span class='ocr_line' id='line_1_15' title="bbox 451 1568 3657 1643; baseline 0.002 -21"><span class='ocrx_word' id='word_1_174' title='bbox 451 1569 602 1623; x_wconf 83' lang='lat' dir='ltr'><strong><em>Nihil</em></strong></span> <span class='ocrx_word' id='word_1_175' title='bbox 627 1571 794 1625; x_wconf 78' lang='lat' dir='ltr'><strong><em>dicant</em></strong></span> <span class='ocrx_word' id='word_1_176' title='bbox 816 1571 879 1624; x_wconf 92' lang='lat' dir='ltr'><strong><em>de</em></strong></span> <span class='ocrx_word' id='word_1_177' title='bbox 908 1570 1170 1639; x_wconf 86' lang='lat' dir='ltr'><strong><em>religionis</em></strong></span> <span class='ocrx_word' id='word_1_178' title='bbox 1193 1585 1295 1640; x_wconf 91' lang='lat' dir='ltr'><strong><em>quo</em></strong></span> <span class='ocrx_word' id='word_1_179' title='bbox 1337 1571 1529 1641; x_wconf 80' lang='lat' dir='ltr'><strong><em>ﬂagras</em></strong></span> <span class='ocrx_word' id='word_1_180' title='bbox 1556 1571 1729 1622; x_wconf 89' lang='lat' dir='ltr'><strong><em>studio</em></strong></span> <span class='ocrx_word' id='word_1_181' title='bbox 1749 1609 1764 1633; x_wconf 96' lang='lat'><strong><em>,</em></strong></span> <span class='ocrx_word' id='word_1_182' title='bbox 1798 1568 1927 1621; x_wconf 80' lang='lat' dir='ltr'><strong><em>nihil</em></strong></span> <span class='ocrx_word' id='word_1_183' title='bbox 1969 1569 2033 1622; x_wconf 85' lang='lat' dir='ltr'><strong><em>de</em></strong></span> <span class='ocrx_word' id='word_1_184' title='bbox 2062 1572 2380 1637; x_wconf 81' lang='lat' dir='ltr'><strong><em>paupertatis</em></strong></span> <span class='ocrx_word' id='word_1_185' title='bbox 2405 1587 2504 1639; x_wconf 91' lang='lat' dir='ltr'><strong><em>quo</em></strong></span> <span class='ocrx_word' id='word_1_186' title='bbox 2546 1572 2736 1640; x_wconf 84' lang='lat' dir='ltr'><strong><em>gaudes</em></strong></span> <span class='ocrx_word' id='word_1_187' title='bbox 2763 1589 2959 1639; x_wconf 90' lang='lat' dir='ltr'><strong><em>amore,</em></strong></span> <span class='ocrx_word' id='word_1_188' title='bbox 2990 1576 3122 1630; x_wconf 84' lang='lat' dir='ltr'><strong><em>nihil</em></strong></span> <span class='ocrx_word' id='word_1_189' title='bbox 3148 1576 3210 1629; x_wconf 87' lang='lat' dir='ltr'><strong><em>de</em></strong></span> <span class='ocrx_word' id='word_1_190' title='bbox 3236 1576 3438 1643; x_wconf 90' lang='lat' dir='ltr'><strong><em>pietatis</em></strong></span> <span class='ocrx_word' id='word_1_191' title='bbox 3474 1591 3573 1643; x_wconf 90' lang='lat' dir='ltr'><strong><em>quo</em></strong></span> <span class='ocrx_word' id='word_1_192' title='bbox 3600 1577 3657 1629; x_wconf 83' lang='lat' dir='ltr'><strong><em>in</em></strong></span> 
     </span>
    </p>
   </div>
   <div class='ocr_carea' id='block_1_16' title="bbox 375 1660 3655 1736">
    <p class='ocr_par' dir='ltr' id='par_1_16' title="bbox 375 1660 3655 1736">
     <span class='ocr_line' id='line_1_16' title="bbox 375 1660 3655 1736; baseline 0.002 -21"><span class='ocrx_word' id='word_1_193' title='bbox 375 1661 539 1715; x_wconf 84' lang='lat' dir='ltr'><strong><em>Deum</em></strong></span> <span class='ocrx_word' id='word_1_194' title='bbox 593 1672 843 1716; x_wconf 63' lang='lat' dir='ltr'><strong><em>exaestuas</em></strong></span> <span class='ocrx_word' id='word_1_195' title='bbox 870 1664 1076 1728; x_wconf 80' lang='lat' dir='ltr'><strong><em>ardore,</em></strong></span> <span class='ocrx_word' id='word_1_196' title='bbox 1129 1660 1257 1715; x_wconf 84' lang='lat' dir='ltr'><strong><em>nihil</em></strong></span> <span class='ocrx_word' id='word_1_197' title='bbox 1289 1661 1351 1715; x_wconf 90' lang='lat' dir='ltr'><strong><em>de</em></strong></span> <span class='ocrx_word' id='word_1_198' title='bbox 1396 1662 1644 1732; x_wconf 79' lang='lat' dir='ltr'><strong><em>pra’claro</em></strong></span> <span class='ocrx_word' id='word_1_199' title='bbox 1680 1674 1881 1714; x_wconf 88' lang='lat' dir='ltr'><strong><em>tuorum</em></strong></span> <span class='ocrx_word' id='word_1_200' title='bbox 1914 1661 2199 1731; x_wconf 80' lang='lat' dir='ltr'><strong><em>regimine,</em></strong></span> <span class='ocrx_word' id='word_1_201' title='bbox 2230 1664 2409 1728; x_wconf 87' lang='lat' dir='ltr'><strong><em>quibus</em></strong></span> <span class='ocrx_word' id='word_1_202' title='bbox 2451 1680 2551 1716; x_wconf 89' lang='lat' dir='ltr'><strong><em>non</em></strong></span> <span class='ocrx_word' id='word_1_203' title='bbox 2597 1666 2757 1718; x_wconf 82' lang='lat' dir='ltr'><strong><em>verbis</em></strong></span> <span class='ocrx_word' id='word_1_204' title='bbox 2802 1666 2968 1736; x_wconf 87' lang='lat' dir='ltr'><strong><em>magis</em></strong></span> <span class='ocrx_word' id='word_1_205' title='bbox 3007 1683 3159 1735; x_wconf 56' lang='lat' dir='ltr'><strong><em>quam</em></strong></span> <span class='ocrx_word' id='word_1_206' title='bbox 3187 1667 3417 1734; x_wconf 75' lang='lat' dir='ltr'><strong><em>exemplo</em></strong></span> <span class='ocrx_word' id='word_1_207' title='bbox 3473 1671 3655 1735; x_wconf 64' lang='lat' dir='ltr'><strong><em>pratis;</em></strong></span> 
     </span>
    </p>
   </div>
   <div class='ocr_carea' id='block_1_17' title="bbox 372 1749 3657 1824">
    <p class='ocr_par' dir='ltr' id='par_1_17' title="bbox 372 1749 3657 1824">
     <span class='ocr_line' id='line_1_17' title="bbox 372 1749 3657 1824; baseline 0.003 -21"><span class='ocrx_word' id='word_1_208' title='bbox 372 1750 504 1803; x_wconf 87' lang='lat' dir='ltr'><strong><em>nihil</em></strong></span> <span class='ocrx_word' id='word_1_209' title='bbox 532 1749 748 1819; x_wconf 84' lang='lat' dir='ltr'><strong><em>denique</em></strong></span> <span class='ocrx_word' id='word_1_210' title='bbox 777 1751 864 1823; x_wconf 90' lang='lat' dir='ltr'><strong><em>(de</em></strong></span> <span class='ocrx_word' id='word_1_211' title='bbox 898 1768 1002 1820; x_wconf 89' lang='lat' dir='ltr'><strong><em>quo</em></strong></span> <span class='ocrx_word' id='word_1_212' title='bbox 1031 1760 1201 1804; x_wconf 89' lang='lat' dir='ltr'><strong><em>tamen</em></strong></span> <span class='ocrx_word' id='word_1_213' title='bbox 1246 1765 1338 1822; x_wconf 84' lang='lat' dir='ltr'><strong><em>ego</em></strong></span> <span class='ocrx_word' id='word_1_214' title='bbox 1368 1749 1714 1817; x_wconf 84' lang='lat' dir='ltr'><strong><em>capiosissime</em></strong></span> <span class='ocrx_word' id='word_1_215' title='bbox 1752 1750 1909 1818; x_wconf 87' lang='lat' dir='ltr'><strong><em>loqui,</em></strong></span> <span class='ocrx_word' id='word_1_216' title='bbox 1943 1759 1996 1802; x_wconf 89' lang='lat' dir='ltr'><strong><em>tu</em></strong></span> <span class='ocrx_word' id='word_1_217' title='bbox 2028 1749 2358 1805; x_wconf 82' lang='lat' dir='ltr'><strong><em>libentissime</em></strong></span> <span class='ocrx_word' id='word_1_218' title='bbox 2386 1753 2567 1806; x_wconf 87' lang='lat' dir='ltr'><strong><em>audire</em></strong></span> <span class='ocrx_word' id='word_1_219' title='bbox 2593 1756 2800 1822; x_wconf 88' lang='lat' dir='ltr'><strong><em>posses)</em></strong></span> <span class='ocrx_word' id='word_1_220' title='bbox 2833 1758 2895 1808; x_wconf 90' lang='lat' dir='ltr'><strong><em>de</em></strong></span> <span class='ocrx_word' id='word_1_221' title='bbox 2923 1756 3172 1824; x_wconf 88' lang='lat' dir='ltr'><strong><em>singulari</em></strong></span> <span class='ocrx_word' id='word_1_222' title='bbox 3204 1766 3289 1809; x_wconf 91' lang='lat' dir='ltr'><strong><em>tuo</em></strong></span> <span class='ocrx_word' id='word_1_223' title='bbox 3314 1758 3367 1810; x_wconf 91' lang='lat' dir='ltr'><strong><em>in</em></strong></span> <span class='ocrx_word' id='word_1_224' title='bbox 3396 1758 3657 1813; x_wconf 84' lang='lat' dir='ltr'><strong><em>minimam</em></strong></span> 
     </span>
    </p>
   </div>
   <div class='ocr_carea' id='block_1_18' title="bbox 373 1842 3640 1917">
    <p class='ocr_par' dir='ltr' id='par_1_18' title="bbox 373 1842 3640 1917">
     <span class='ocr_line' id='line_1_18' title="bbox 373 1842 3640 1917; baseline 0.003 -22"><span class='ocrx_word' id='word_1_225' title='bbox 373 1843 662 1898; x_wconf 87' lang='lat' dir='ltr'><strong><em>societatem</em></strong></span> <span class='ocrx_word' id='word_1_226' title='bbox 692 1854 920 1897; x_wconf 89' lang='lat' dir='ltr'><strong><em>nostram</em></strong></span> <span class='ocrx_word' id='word_1_227' title='bbox 949 1843 1140 1911; x_wconf 78' lang='lat' dir='ltr'><strong><em>affectu</em></strong></span> <span class='ocrx_word' id='word_1_228' title='bbox 1157 1882 1172 1908; x_wconf 93' lang='lat'><strong><em>,</em></strong></span> <span class='ocrx_word' id='word_1_229' title='bbox 1198 1858 1347 1913; x_wconf 89' lang='lat' dir='ltr'><strong><em>quem</em></strong></span> <span class='ocrx_word' id='word_1_230' title='bbox 1369 1843 1571 1895; x_wconf 83' lang='lat' dir='ltr'><strong><em>animus</em></strong></span> <span class='ocrx_word' id='word_1_231' title='bbox 1600 1843 1867 1910; x_wconf 88' lang='lat' dir='ltr'><strong><em>tunicaque</em></strong></span> <span class='ocrx_word' id='word_1_232' title='bbox 1898 1857 1998 1893; x_wconf 91' lang='lat' dir='ltr'><strong><em>non</em></strong></span> <span class='ocrx_word' id='word_1_233' title='bbox 2027 1842 2196 1895; x_wconf 89' lang='lat' dir='ltr'><strong><em>minus</em></strong></span> <span class='ocrx_word' id='word_1_234' title='bbox 2223 1853 2521 1910; x_wconf 83' lang='lat' dir='ltr'><strong><em>nostratem,</em></strong></span> <span class='ocrx_word' id='word_1_235' title='bbox 2554 1861 2707 1913; x_wconf 89' lang='lat' dir='ltr'><strong><em>quam</em></strong></span> <span class='ocrx_word' id='word_1_236' title='bbox 2734 1847 2973 1917; x_wconf 89' lang='lat' dir='ltr'><strong><em>religiosa</em></strong></span> <span class='ocrx_word' id='word_1_237' title='bbox 2996 1847 3186 1917; x_wconf 69' lang='lat' dir='ltr'><strong><em>regula:</em></strong></span> <span class='ocrx_word' id='word_1_238' title='bbox 3208 1847 3511 1902; x_wconf 80' lang='lat' dir='ltr'><strong><em>discretione</em></strong></span> <span class='ocrx_word' id='word_1_239' title='bbox 3534 1865 3640 1915; x_wconf 72' lang='lat' dir='ltr'><strong><em>pra!</em></strong></span> 
     </span>
    </p>
   </div>
   <div class='ocr_carea' id='block_1_19' title="bbox 371 1928 3703 2006">
    <p class='ocr_par' dir='ltr' id='par_1_19' title="bbox 371 1928 3703 2006">
     <span class='ocr_line' id='line_1_19' title="bbox 371 1928 3703 2006; baseline 0.002 -20"><span class='ocrx_word' id='word_1_240' title='bbox 371 1934 537 2003; x_wconf 63' lang='lat' dir='ltr'><strong><em>cipue</em></strong></span> <span class='ocrx_word' id='word_1_241' title='bbox 560 1933 876 1988; x_wconf 87' lang='lat' dir='ltr'><strong><em>observantia</em></strong></span> <span class='ocrx_word' id='word_1_242' title='bbox 903 1932 1090 2004; x_wconf 81' lang='lat' dir='ltr'><strong><em>(Greg.</em></strong></span> <span class='ocrx_word' id='word_1_243' title='bbox 1122 1934 1161 1987; x_wconf 87' lang='grc' dir='ltr'><strong><em>Ι.</em></strong></span> <span class='ocrx_word' id='word_1_244' title='bbox 1196 1949 1230 1988; x_wconf 86' lang='grc' dir='ltr'>ιι</span> <span class='ocrx_word' id='word_1_245' title='bbox 1264 1933 1424 1996; x_wconf 61' lang='lat' dir='ltr'><strong><em>Di&#39;a|.,</em></strong></span> <span class='ocrx_word' id='word_1_246' title='bbox 1454 1947 1503 1985; x_wconf 89' lang='lat' dir='ltr'><strong><em>c.</em></strong></span> <span class='ocrx_word' id='word_1_247' title='bbox 1530 1931 1641 2000; x_wconf 76' lang='lat' dir='ltr'><strong><em>3h).</em></strong></span> <span class='ocrx_word' id='word_1_248' title='bbox 1675 1942 1720 1984; x_wconf 87' lang='lat' dir='ltr'><strong><em>et</em></strong></span> <span class='ocrx_word' id='word_1_249' title='bbox 1752 1932 1966 2000; x_wconf 80' lang='lat' dir='ltr'><strong><em>maforte</em></strong></span> <span class='ocrx_word' id='word_1_250' title='bbox 1994 1928 2381 1985; x_wconf 81' lang='lat' dir='ltr'><strong><em>Benedictinum</em></strong></span> <span class='ocrx_word' id='word_1_251' title='bbox 2411 1935 2554 2003; x_wconf 87' lang='lat' dir='ltr'><strong><em>facit.</em></strong></span> <span class='ocrx_word' id='word_1_252' title='bbox 2590 1934 2742 1987; x_wconf 86' lang='lat' dir='ltr'><strong><em>Nihil</em></strong></span> <span class='ocrx_word' id='word_1_253' title='bbox 2772 1937 2925 2006; x_wconf 86' lang='lat' dir='ltr'><strong><em>igitur</em></strong></span> <span class='ocrx_word' id='word_1_254' title='bbox 2970 1938 3031 1989; x_wconf 88' lang='lat' dir='ltr'><strong><em>de</em></strong></span> <span class='ocrx_word' id='word_1_255' title='bbox 3056 1938 3156 1991; x_wconf 84' lang='lat' dir='ltr'><strong><em>tuis</em></strong></span> <span class='ocrx_word' id='word_1_256' title='bbox 3184 1937 3425 1991; x_wconf 87' lang='lat' dir='ltr'><strong><em>laudibus</em></strong></span> <span class='ocrx_word' id='word_1_257' title='bbox 3465 1938 3656 2006; x_wconf 81' lang='lat' dir='ltr'><strong><em>dicant,</em></strong></span> <span class='ocrx_word' id='word_1_258' title='bbox 3700 1958 3703 1961; x_wconf 94' lang='grc'>·</span> 
     </span>
    </p>
   </div>
   <div class='ocr_carea' id='block_1_20' title="bbox 374 2022 1908 2095">
    <p class='ocr_par' dir='ltr' id='par_1_20' title="bbox 374 2022 1908 2095">
     <span class='ocr_line' id='line_1_20' title="bbox 374 2022 1908 2095; baseline -0.003 -18"><span class='ocrx_word' id='word_1_259' title='bbox 374 2026 511 2094; x_wconf 86' lang='lat' dir='ltr'><strong><em>quod</em></strong></span> <span class='ocrx_word' id='word_1_260' title='bbox 534 2024 641 2078; x_wconf 83' lang='lat' dir='ltr'><strong><em>htec</em></strong></span> <span class='ocrx_word' id='word_1_261' title='bbox 663 2025 878 2077; x_wconf 87' lang='lat' dir='ltr'><strong><em>laudum</em></strong></span> <span class='ocrx_word' id='word_1_262' title='bbox 900 2025 1111 2095; x_wconf 68' lang='lat' dir='ltr'><strong><em>flabella</em></strong></span> <span class='ocrx_word' id='word_1_263' title='bbox 1140 2038 1338 2092; x_wconf 81' lang='lat' dir='ltr'><strong><em>semper</em></strong></span> <span class='ocrx_word' id='word_1_264' title='bbox 1363 2025 1574 2092; x_wconf 78' lang='lat' dir='ltr'><strong><em>ﬂagella</em></strong></span> <span class='ocrx_word' id='word_1_265' title='bbox 1605 2022 1908 2075; x_wconf 69' lang='lat' dir='ltr'><strong><em>existimasti</em></strong></span> 
     </span>
    </p>
   </div>
   <div class='ocr_carea' id='block_1_21' title="bbox 448 2110 3666 2185">
    <p class='ocr_par' dir='ltr' id='par_1_21' title="bbox 448 2110 3666 2185">
     <span class='ocr_line' id='line_1_21' title="bbox 448 2110 3666 2185; baseline -0 -15"><span class='ocrx_word' id='word_1_266' title='bbox 448 2116 555 2171; x_wconf 89' lang='lat' dir='ltr'><strong><em>Sed</em></strong></span> <span class='ocrx_word' id='word_1_267' title='bbox 584 2131 676 2168; x_wconf 90' lang='lat' dir='ltr'><strong><em>nec</em></strong></span> <span class='ocrx_word' id='word_1_268' title='bbox 704 2126 750 2169; x_wconf 87' lang='lat' dir='ltr'><strong><em>te</em></strong></span> <span class='ocrx_word' id='word_1_269' title='bbox 780 2133 872 2185; x_wconf 90' lang='lat' dir='ltr'><strong><em>pro</em></strong></span> <span class='ocrx_word' id='word_1_270' title='bbox 902 2118 1083 2170; x_wconf 80' lang='lat' dir='ltr'><strong><em>merito</em></strong></span> <span class='ocrx_word' id='word_1_271' title='bbox 1113 2116 1380 2168; x_wconf 85' lang='lat' dir='ltr'><strong><em>convenire</em></strong></span> <span class='ocrx_word' id='word_1_272' title='bbox 1424 2114 1611 2177; x_wconf 86' lang='lat' dir='ltr'><strong><em>licebit,</em></strong></span> <span class='ocrx_word' id='word_1_273' title='bbox 1644 2113 1878 2183; x_wconf 83' lang='lat' dir='ltr'><strong><em>religiose</em></strong></span> <span class='ocrx_word' id='word_1_274' title='bbox 1913 2120 2071 2165; x_wconf 80' lang='lat' dir='ltr'><strong><em>caelus</em></strong></span> <span class='ocrx_word' id='word_1_275' title='bbox 2102 2110 2383 2177; x_wconf 71' lang='lat' dir='ltr'><strong><em>Laetiensis,</em></strong></span> <span class='ocrx_word' id='word_1_276' title='bbox 2424 2115 2512 2183; x_wconf 87' lang='lat' dir='ltr'><strong><em>qui</em></strong></span> <span class='ocrx_word' id='word_1_277' title='bbox 2542 2116 2815 2182; x_wconf 86' lang='lat' dir='ltr'><strong><em>disciplina</em></strong></span> <span class='ocrx_word' id='word_1_278' title='bbox 2841 2118 3555 2185; x_wconf 73' lang='lat' dir='ltr'><strong><em>vestrareprtesentatisnobis</em></strong></span> <span class='ocrx_word' id='word_1_279' title='bbox 3570 2116 3666 2169; x_wconf 83' lang='lat' dir='ltr'><strong><em>Ta-</em></strong></span> 
     </span>
    </p>
   </div>
   <div class='ocr_carea' id='block_1_22' title="bbox 372 2202 3655 2277">
    <p class='ocr_par' dir='ltr' id='par_1_22' title="bbox 372 2202 3655 2277">
     <span class='ocr_line' id='line_1_22' title="bbox 372 2202 3655 2277; baseline 0 -18"><span class='ocrx_word' id='word_1_280' title='bbox 372 2206 585 2260; x_wconf 90' lang='lat' dir='ltr'><strong><em>bennam</em></strong></span> <span class='ocrx_word' id='word_1_281' title='bbox 627 2206 915 2273; x_wconf 88' lang='lat' dir='ltr'><strong><em>Paehomii,</em></strong></span> <span class='ocrx_word' id='word_1_282' title='bbox 955 2206 1216 2260; x_wconf 82' lang='lat' dir='ltr'><strong><em>Ammonis</em></strong></span> <span class='ocrx_word' id='word_1_283' title='bbox 1246 2204 1498 2269; x_wconf 88' lang='lat' dir='ltr'><strong><em>Nitriam,</em></strong></span> <span class='ocrx_word' id='word_1_284' title='bbox 1544 2203 1761 2258; x_wconf 80' lang='lat' dir='ltr'><strong><em>Macarii</em></strong></span> <span class='ocrx_word' id='word_1_285' title='bbox 1791 2202 2013 2258; x_wconf 80' lang='lat' dir='ltr'><strong><em>Sceleri?</em></strong></span> <span class='ocrx_word' id='word_1_286' title='bbox 2050 2204 2189 2268; x_wconf 89' lang='lat' dir='ltr'><strong><em>Quos</em></strong></span> <span class='ocrx_word' id='word_1_287' title='bbox 2229 2204 2363 2256; x_wconf 88' lang='lat' dir='ltr'><strong><em>enim</em></strong></span> <span class='ocrx_word' id='word_1_288' title='bbox 2412 2221 2511 2257; x_wconf 88' lang='lat' dir='ltr'><strong><em>non</em></strong></span> <span class='ocrx_word' id='word_1_289' title='bbox 2542 2222 2644 2257; x_wconf 89' lang='lat' dir='ltr'><strong><em>una</em></strong></span> <span class='ocrx_word' id='word_1_290' title='bbox 2673 2204 2879 2259; x_wconf 78' lang='lat' dir='ltr'><strong><em>Lcetitia</em></strong></span> <span class='ocrx_word' id='word_1_291' title='bbox 2916 2206 3162 2258; x_wconf 88' lang='lat' dir='ltr'><strong><em>virtutum</em></strong></span> <span class='ocrx_word' id='word_1_292' title='bbox 3195 2207 3485 2277; x_wconf 87' lang='lat' dir='ltr'><strong><em>manipulos</em></strong></span> <span class='ocrx_word' id='word_1_293' title='bbox 3510 2206 3655 2260; x_wconf 81' lang='lat' dir='ltr'><strong><em>exhi-</em></strong></span> 
     </span>
    </p>
   </div>
   <div class='ocr_carea' id='block_1_23' title="bbox 372 2295 3657 2368">
    <p class='ocr_par' dir='ltr' id='par_1_23' title="bbox 372 2295 3657 2368">
     <span class='ocr_line' id='line_1_23' title="bbox 372 2295 3657 2368; baseline 0.001 -19"><span class='ocrx_word' id='word_1_294' title='bbox 372 2297 477 2349; x_wconf 89' lang='lat' dir='ltr'><strong><em>buit</em></strong></span> <span class='ocrx_word' id='word_1_295' title='bbox 517 2298 607 2349; x_wconf 92' lang='lat' dir='ltr'><strong><em>sub</em></strong></span> <span class='ocrx_word' id='word_1_296' title='bbox 651 2296 823 2351; x_wconf 51' lang='lat' dir='ltr'><strong><em>Blasio</em></strong></span> <span class='ocrx_word' id='word_1_297' title='bbox 846 2298 871 2350; x_wconf 85' lang='lat'><strong><em>?</em></strong></span> <span class='ocrx_word' id='word_1_298' title='bbox 908 2296 1091 2367; x_wconf 87' lang='lat' dir='ltr'><strong><em>quibus</em></strong></span> <span class='ocrx_word' id='word_1_299' title='bbox 1142 2312 1244 2350; x_wconf 88' lang='lat' dir='ltr'><strong><em>non</em></strong></span> <span class='ocrx_word' id='word_1_300' title='bbox 1274 2297 1537 2349; x_wconf 89' lang='lat' dir='ltr'><strong><em>charitatis</em></strong></span> <span class='ocrx_word' id='word_1_301' title='bbox 1581 2296 1793 2366; x_wconf 81' lang='lat' dir='ltr'><strong><em>pyropis</em></strong></span> <span class='ocrx_word' id='word_1_302' title='bbox 1832 2295 2153 2362; x_wconf 72' lang='lat' dir='ltr'><strong><em>exsplenduit</em></strong></span> <span class='ocrx_word' id='word_1_303' title='bbox 2182 2296 2275 2348; x_wconf 89' lang='lat' dir='ltr'><strong><em>sub</em></strong></span> <span class='ocrx_word' id='word_1_304' title='bbox 2330 2295 2627 2350; x_wconf 80' lang='lat' dir='ltr'><strong><em>Doulletio.’</em></strong></span> <span class='ocrx_word' id='word_1_305' title='bbox 2663 2314 2764 2368; x_wconf 87' lang='lat' dir='ltr'><strong><em>quo</em></strong></span> <span class='ocrx_word' id='word_1_306' title='bbox 2807 2314 2906 2351; x_wconf 88' lang='lat' dir='ltr'><strong><em>non</em></strong></span> <span class='ocrx_word' id='word_1_307' title='bbox 2937 2297 3127 2362; x_wconf 74' lang='lat' dir='ltr'><strong><em>e/fulsit</em></strong></span> <span class='ocrx_word' id='word_1_308' title='bbox 3178 2296 3439 2366; x_wconf 88' lang='lat' dir='ltr'><strong><em>religionis</em></strong></span> <span class='ocrx_word' id='word_1_309' title='bbox 3478 2298 3657 2351; x_wconf 87' lang='lat' dir='ltr'><strong><em>decore</em></strong></span> 
     </span>
    </p>
   </div>
   <div class='ocr_carea' id='block_1_24' title="bbox 372 2386 3658 2464">
    <p class='ocr_par' dir='ltr' id='par_1_24' title="bbox 372 2386 3658 2464">
     <span class='ocr_line' id='line_1_24' title="bbox 372 2386 3658 2464; baseline 0 -23"><span class='ocrx_word' id='word_1_310' title='bbox 372 2388 463 2441; x_wconf 84' lang='lat' dir='ltr'><strong><em>sub</em></strong></span> <span class='ocrx_word' id='word_1_311' title='bbox 492 2389 561 2442; x_wconf 85' lang='lat' dir='ltr'><strong><em>Le</em></strong></span> <span class='ocrx_word' id='word_1_312' title='bbox 584 2386 920 2456; x_wconf 80' lang='lat' dir='ltr'><strong><em>Francquio?</em></strong></span> <span class='ocrx_word' id='word_1_313' title='bbox 953 2389 1198 2457; x_wconf 81' lang='lat' dir='ltr'><strong><em>Quisquis</em></strong></span> <span class='ocrx_word' id='word_1_314' title='bbox 1231 2388 1455 2456; x_wconf 88' lang='lat' dir='ltr'><strong><em>profecto</em></strong></span> <span class='ocrx_word' id='word_1_315' title='bbox 1492 2388 1635 2441; x_wconf 87' lang='lat' dir='ltr'><strong><em>Vitas</em></strong></span> <span class='ocrx_word' id='word_1_316' title='bbox 1671 2387 1883 2441; x_wconf 87' lang='lat' dir='ltr'><strong><em>Patrum</em></strong></span> <span class='ocrx_word' id='word_1_317' title='bbox 1910 2388 2059 2457; x_wconf 82' lang='lat' dir='ltr'><strong><em>leget,</em></strong></span> <span class='ocrx_word' id='word_1_318' title='bbox 2093 2388 2216 2464; x_wconf 83' lang='lat' dir='ltr'><strong><em>dum</em></strong></span> <span class='ocrx_word' id='word_1_319' title='bbox 2242 2386 2464 2458; x_wconf 66' lang='lat' dir='ltr'><strong><em>Egypti</em></strong></span> <span class='ocrx_word' id='word_1_320' title='bbox 2495 2389 2849 2456; x_wconf 84' lang='lat' dir='ltr'><strong><em>perambulans</em></strong></span> <span class='ocrx_word' id='word_1_321' title='bbox 2880 2388 3209 2454; x_wconf 81' lang='lat' dir='ltr'><strong><em>solitudines,</em></strong></span> <span class='ocrx_word' id='word_1_322' title='bbox 3256 2387 3466 2452; x_wconf 87' lang='lat' dir='ltr'><strong><em>Paulos,</em></strong></span> <span class='ocrx_word' id='word_1_323' title='bbox 3501 2389 3658 2442; x_wconf 82' lang='lat' dir='ltr'><strong><em>Anto-</em></strong></span> 
     </span>
    </p>
   </div>
   <div class='ocr_carea' id='block_1_25' title="bbox 376 2470 3657 2549">
    <p class='ocr_par' dir='ltr' id='par_1_25' title="bbox 376 2470 3657 2549">
     <span class='ocr_line' id='line_1_25' title="bbox 376 2470 3657 2549; baseline 0.001 -18"><span class='ocrx_word' id='word_1_324' title='bbox 376 2470 510 2543; x_wconf 66' lang='grc' dir='ltr'><strong><em>πίοι,</em></strong></span> <span class='ocrx_word' id='word_1_325' title='bbox 547 2478 870 2546; x_wconf 85' lang='lat' dir='ltr'><strong><em>Paphnutios</em></strong></span> <span class='ocrx_word' id='word_1_326' title='bbox 897 2478 1125 2542; x_wconf 86' lang='lat' dir='ltr'><strong><em>lustrat;</em></strong></span> <span class='ocrx_word' id='word_1_327' title='bbox 1156 2478 1278 2529; x_wconf 90' lang='lat' dir='ltr'><strong><em>dum</em></strong></span> <span class='ocrx_word' id='word_1_328' title='bbox 1330 2476 1623 2532; x_wconf 67' lang='lat' dir='ltr'><strong><em>Palatstina:</em></strong></span> <span class='ocrx_word' id='word_1_329' title='bbox 1669 2479 1867 2531; x_wconf 88' lang='lat' dir='ltr'><strong><em>deserta</em></strong></span> <span class='ocrx_word' id='word_1_330' title='bbox 1914 2479 2212 2545; x_wconf 82' lang='lat' dir='ltr'><strong><em>pervadens,</em></strong></span> <span class='ocrx_word' id='word_1_331' title='bbox 2254 2478 2572 2540; x_wconf 83' lang='lat' dir='ltr'><strong><em>Hilariones,</em></strong></span> <span class='ocrx_word' id='word_1_332' title='bbox 2615 2478 2906 2548; x_wconf 86' lang='lat' dir='ltr'><strong><em>Hesychas,</em></strong></span> <span class='ocrx_word' id='word_1_333' title='bbox 2957 2477 3275 2549; x_wconf 81' lang='lat' dir='ltr'><strong><em>Epiphanios</em></strong></span> <span class='ocrx_word' id='word_1_334' title='bbox 3304 2481 3503 2545; x_wconf 87' lang='lat' dir='ltr'><strong><em>invisit;</em></strong></span> <span class='ocrx_word' id='word_1_335' title='bbox 3534 2481 3657 2533; x_wconf 79' lang='lat' dir='ltr'><strong><em>dum</em></strong></span> 
     </span>
    </p>
   </div>
   <div class='ocr_carea' id='block_1_26' title="bbox 374 2568 3658 2640">
    <p class='ocr_par' dir='ltr' id='par_1_26' title="bbox 374 2568 3658 2640">
     <span class='ocr_line' id='line_1_26' title="bbox 374 2568 3658 2640; baseline 0.001 -17"><span class='ocrx_word' id='word_1_336' title='bbox 374 2572 543 2640; x_wconf 68' lang='lat' dir='ltr'><strong><em>Syria:</em></strong></span> <span class='ocrx_word' id='word_1_337' title='bbox 570 2585 723 2636; x_wconf 82' lang='lat' dir='ltr'><strong><em>rupes</em></strong></span> <span class='ocrx_word' id='word_1_338' title='bbox 750 2579 994 2636; x_wconf 86' lang='lat' dir='ltr'><strong><em>antraque</em></strong></span> <span class='ocrx_word' id='word_1_339' title='bbox 1040 2581 1353 2639; x_wconf 88' lang='lat' dir='ltr'><strong><em>perreptans,</em></strong></span> <span class='ocrx_word' id='word_1_340' title='bbox 1387 2568 1724 2638; x_wconf 77' lang='lat' dir='ltr'><strong><em>Ephrtemos,</em></strong></span> <span class='ocrx_word' id='word_1_341' title='bbox 1776 2571 2081 2637; x_wconf 80' lang='lat' dir='ltr'><strong><em>Aphraates,</em></strong></span> <span class='ocrx_word' id='word_1_342' title='bbox 2127 2568 2370 2622; x_wconf 76' lang='lat' dir='ltr'><strong><em>Iulianos</em></strong></span> <span class='ocrx_word' id='word_1_343' title='bbox 2411 2572 2573 2621; x_wconf 83' lang='lat' dir='ltr'><strong><em>visita!</em></strong></span> <span class='ocrx_word' id='word_1_344' title='bbox 2595 2586 2610 2633; x_wconf 89' lang='lat'><strong><em>;</em></strong></span> <span class='ocrx_word' id='word_1_345' title='bbox 2644 2571 2688 2622; x_wconf 89' lang='lat' dir='ltr'><strong><em>is</em></strong></span> <span class='ocrx_word' id='word_1_346' title='bbox 2730 2569 2941 2623; x_wconf 81' lang='lat' dir='ltr'><strong><em>Lwtiam</em></strong></span> <span class='ocrx_word' id='word_1_347' title='bbox 2986 2571 3168 2635; x_wconf 85' lang='lat' dir='ltr'><strong><em>oculis,</em></strong></span> <span class='ocrx_word' id='word_1_348' title='bbox 3214 2571 3425 2624; x_wconf 70' lang='lat' dir='ltr'><strong><em>Lartium</em></strong></span> <span class='ocrx_word' id='word_1_349' title='bbox 3466 2573 3658 2634; x_wconf 90' lang='lat' dir='ltr'><strong><em>animo,</em></strong></span> 
     </span>
    </p>
   </div>
   <div class='ocr_carea' id='block_1_27' title="bbox 374 2656 3661 2732">
    <p class='ocr_par' dir='ltr' id='par_1_27' title="bbox 374 2656 3661 2732">
     <span class='ocr_line' id='line_1_27' title="bbox 374 2656 3661 2732; baseline 0.001 -18"><span class='ocrx_word' id='word_1_350' title='bbox 374 2659 590 2714; x_wconf 74' lang='lat' dir='ltr'><strong><em>Ltetiam</em></strong></span> <span class='ocrx_word' id='word_1_351' title='bbox 626 2660 803 2712; x_wconf 83' lang='lat' dir='ltr'><strong><em>adoret</em></strong></span> <span class='ocrx_word' id='word_1_352' title='bbox 850 2657 1091 2728; x_wconf 82' lang='lat' dir='ltr'><strong><em>vestigiis.</em></strong></span> <span class='ocrx_word' id='word_1_353' title='bbox 1121 2656 1206 2710; x_wconf 86' lang='lat' dir='ltr'><strong><em>Ibi</em></strong></span> <span class='ocrx_word' id='word_1_354' title='bbox 1234 2674 1533 2728; x_wconf 84' lang='lat' dir='ltr'><strong><em>magnorum</em></strong></span> <span class='ocrx_word' id='word_1_355' title='bbox 1576 2659 1783 2711; x_wconf 73' lang='lat' dir='ltr'><strong><em>illorum</em></strong></span> <span class='ocrx_word' id='word_1_356' title='bbox 1827 2660 2050 2712; x_wconf 88' lang='lat' dir='ltr'><strong><em>virorum</em></strong></span> <span class='ocrx_word' id='word_1_357' title='bbox 2078 2659 2379 2723; x_wconf 89' lang='lat' dir='ltr'><strong><em>imitatores,</em></strong></span> <span class='ocrx_word' id='word_1_358' title='bbox 2417 2675 2631 2726; x_wconf 90' lang='lat' dir='ltr'><strong><em>quorum</em></strong></span> <span class='ocrx_word' id='word_1_359' title='bbox 2672 2676 2818 2712; x_wconf 91' lang='lat' dir='ltr'><strong><em>sacra</em></strong></span> <span class='ocrx_word' id='word_1_360' title='bbox 2850 2662 2902 2712; x_wconf 91' lang='lat' dir='ltr'><strong><em>in</em></strong></span> <span class='ocrx_word' id='word_1_361' title='bbox 2943 2661 3298 2729; x_wconf 83' lang='lat' dir='ltr'><strong><em>religiosorum</em></strong></span> <span class='ocrx_word' id='word_1_362' title='bbox 3325 2661 3508 2715; x_wconf 80' lang='lat' dir='ltr'><strong><em>animis</em></strong></span> <span class='ocrx_word' id='word_1_363' title='bbox 3530 2662 3661 2732; x_wconf 84' lang='lat' dir='ltr'><strong><em>viget</em></strong></span> 
     </span>
    </p>
   </div>
   <div class='ocr_carea' id='block_1_28' title="bbox 374 2748 3657 2823">
    <p class='ocr_par' dir='ltr' id='par_1_28' title="bbox 374 2748 3657 2823">
     <span class='ocr_line' id='line_1_28' title="bbox 374 2748 3657 2823; baseline 0.002 -20"><span class='ocrx_word' id='word_1_364' title='bbox 374 2752 640 2815; x_wconf 80' lang='lat' dir='ltr'><strong><em>memoria,</em></strong></span> <span class='ocrx_word' id='word_1_365' title='bbox 682 2750 885 2803; x_wconf 82' lang='lat' dir='ltr'><strong><em>abbates</em></strong></span> <span class='ocrx_word' id='word_1_366' title='bbox 906 2750 1144 2803; x_wconf 81' lang='lat' dir='ltr'><strong><em>inveniet.</em></strong></span> <span class='ocrx_word' id='word_1_367' title='bbox 1188 2748 1383 2814; x_wconf 83' lang='lat' dir='ltr'><strong><em>Quibus</em></strong></span> <span class='ocrx_word' id='word_1_368' title='bbox 1419 2766 1480 2802; x_wconf 87' lang='lat' dir='ltr'><strong><em>ne</em></strong></span> <span class='ocrx_word' id='word_1_369' title='bbox 1514 2748 1813 2819; x_wconf 84' lang='lat' dir='ltr'><strong><em>Winghium</em></strong></span> <span class='ocrx_word' id='word_1_370' title='bbox 1856 2768 1958 2804; x_wconf 89' lang='lat' dir='ltr'><strong><em>non</em></strong></span> <span class='ocrx_word' id='word_1_371' title='bbox 2003 2751 2172 2803; x_wconf 89' lang='lat' dir='ltr'><strong><em>minus</em></strong></span> <span class='ocrx_word' id='word_1_372' title='bbox 2202 2751 2441 2804; x_wconf 88' lang='lat' dir='ltr'><strong><em>virtutum</em></strong></span> <span class='ocrx_word' id='word_1_373' title='bbox 2480 2768 2631 2820; x_wconf 89' lang='lat' dir='ltr'><strong><em>quam</em></strong></span> <span class='ocrx_word' id='word_1_374' title='bbox 2663 2753 2927 2819; x_wconf 87' lang='lat' dir='ltr'><strong><em>dignitatis</em></strong></span> <span class='ocrx_word' id='word_1_375' title='bbox 2970 2768 3310 2806; x_wconf 88' lang='lat' dir='ltr'><strong><em>successorem</em></strong></span> <span class='ocrx_word' id='word_1_376' title='bbox 3340 2769 3657 2823; x_wconf 90' lang='lat' dir='ltr'><strong><em>accenseam,</em></strong></span> 
     </span>
    </p>
   </div>
   <div class='ocr_carea' id='block_1_29' title="bbox 371 2840 3551 2916">
    <p class='ocr_par' dir='ltr' id='par_1_29' title="bbox 371 2840 3551 2916">
     <span class='ocr_line' id='line_1_29' title="bbox 371 2840 3551 2916; baseline -0 -17"><span class='ocrx_word' id='word_1_377' title='bbox 371 2846 483 2916; x_wconf 85' lang='lat' dir='ltr'><strong><em>ejus</em></strong></span> <span class='ocrx_word' id='word_1_378' title='bbox 519 2860 620 2897; x_wconf 83' lang='lat' dir='ltr'><strong><em>nou</em></strong></span> <span class='ocrx_word' id='word_1_379' title='bbox 647 2843 843 2914; x_wconf 88' lang='lat' dir='ltr'><strong><em>patitur</em></strong></span> <span class='ocrx_word' id='word_1_380' title='bbox 876 2842 1143 2895; x_wconf 89' lang='lat' dir='ltr'><strong><em>modestia.</em></strong></span> <span class='ocrx_word' id='word_1_381' title='bbox 1189 2840 1363 2906; x_wconf 82' lang='lat' dir='ltr'><strong><em>Quare</em></strong></span> <span class='ocrx_word' id='word_1_382' title='bbox 1389 2858 1503 2895; x_wconf 86' lang='lat' dir='ltr'><strong><em>eum</em></strong></span> <span class='ocrx_word' id='word_1_383' title='bbox 1541 2842 1779 2908; x_wconf 85' lang='lat' dir='ltr'><strong><em>posteris,</em></strong></span> <span class='ocrx_word' id='word_1_384' title='bbox 1814 2858 1913 2894; x_wconf 90' lang='lat' dir='ltr'><strong><em>non</em></strong></span> <span class='ocrx_word' id='word_1_385' title='bbox 1952 2844 2196 2912; x_wconf 86' lang='lat' dir='ltr'><strong><em>suspectis</em></strong></span> <span class='ocrx_word' id='word_1_386' title='bbox 2224 2852 2545 2895; x_wconf 88' lang='lat' dir='ltr'><strong><em>mortuorum</em></strong></span> <span class='ocrx_word' id='word_1_387' title='bbox 2575 2844 2868 2897; x_wconf 86' lang='lat' dir='ltr'><strong><em>censoribus</em></strong></span> <span class='ocrx_word' id='word_1_388' title='bbox 2892 2884 2906 2906; x_wconf 87' lang='lat'><strong><em>,</em></strong></span> <span class='ocrx_word' id='word_1_389' title='bbox 2955 2844 3277 2897; x_wconf 80' lang='lat' dir='ltr'><strong><em>laudandam</em></strong></span> <span class='ocrx_word' id='word_1_390' title='bbox 3298 2846 3551 2912; x_wconf 89' lang='lat' dir='ltr'><strong><em>relinquo.</em></strong></span> 
     </span>
    </p>
   </div>
   <div class='ocr_carea' id='block_1_30' title="bbox 445 2930 3661 3005">
    <p class='ocr_par' dir='ltr' id='par_1_30' title="bbox 445 2930 3661 3005">
     <span class='ocr_line' id='line_1_30' title="bbox 445 2930 3661 3005; baseline 0.001 -18"><span class='ocrx_word' id='word_1_391' title='bbox 445 2932 639 2988; x_wconf 84' lang='lat' dir='ltr'><strong><em>Fruere</em></strong></span> <span class='ocrx_word' id='word_1_392' title='bbox 672 2933 883 2997; x_wconf 86' lang='lat' dir='ltr'><strong><em>interea,</em></strong></span> <span class='ocrx_word' id='word_1_393' title='bbox 927 2930 1211 2985; x_wconf 86' lang='lat' dir='ltr'><strong><em>admodum</em></strong></span> <span class='ocrx_word' id='word_1_394' title='bbox 1252 2932 1666 2985; x_wconf 83' lang='lat' dir='ltr'><strong><em>revereudissime</em></strong></span> <span class='ocrx_word' id='word_1_395' title='bbox 1691 2934 1897 2986; x_wconf 88' lang='lat' dir='ltr'><strong><em>domine</em></strong></span> <span class='ocrx_word' id='word_1_396' title='bbox 1925 2933 2156 3000; x_wconf 71' lang='lat' dir='ltr'><strong><em>prazlate,</em></strong></span> <span class='ocrx_word' id='word_1_397' title='bbox 2189 2950 2303 2986; x_wconf 91' lang='lat' dir='ltr'><strong><em>cum</em></strong></span> <span class='ocrx_word' id='word_1_398' title='bbox 2330 2932 2570 3003; x_wconf 87' lang='lat' dir='ltr'><strong><em>religioso</em></strong></span> <span class='ocrx_word' id='word_1_399' title='bbox 2624 2945 2711 2987; x_wconf 91' lang='lat' dir='ltr'><strong><em>tuo</em></strong></span> <span class='ocrx_word' id='word_1_400' title='bbox 2737 2946 2865 2989; x_wconf 72' lang='lat' dir='ltr'><strong><em>antu</em></strong></span> <span class='ocrx_word' id='word_1_401' title='bbox 2892 2935 2987 2988; x_wconf 89' lang='lat' dir='ltr'><strong><em>hoc</em></strong></span> <span class='ocrx_word' id='word_1_402' title='bbox 3012 2938 3297 3005; x_wconf 88' lang='lat' dir='ltr'><strong><em>sumptibus</em></strong></span> <span class='ocrx_word' id='word_1_403' title='bbox 3326 2938 3426 2991; x_wconf 90' lang='lat' dir='ltr'><strong><em>tuis</em></strong></span> <span class='ocrx_word' id='word_1_404' title='bbox 3453 2938 3661 2992; x_wconf 90' lang='lat' dir='ltr'><strong><em>elimato</em></strong></span> 
     </span>
    </p>
   </div>
   <div class='ocr_carea' id='block_1_31' title="bbox 373 3021 3661 3097">
    <p class='ocr_par' dir='ltr' id='par_1_31' title="bbox 373 3021 3661 3097">
     <span class='ocr_line' id='line_1_31' title="bbox 373 3021 3661 3097; baseline 0.002 -17"><span class='ocrx_word' id='word_1_405' title='bbox 373 3030 435 3083; x_wconf 85' lang='lat' dir='ltr'><strong><em>de</em></strong></span> <span class='ocrx_word' id='word_1_406' title='bbox 464 3025 600 3081; x_wconf 88' lang='lat' dir='ltr'><strong><em>Vitis</em></strong></span> <span class='ocrx_word' id='word_1_407' title='bbox 636 3024 848 3077; x_wconf 86' lang='lat' dir='ltr'><strong><em>Patrum</em></strong></span> <span class='ocrx_word' id='word_1_408' title='bbox 872 3032 1030 3077; x_wconf 83' lang='lat' dir='ltr'><strong><em>tonso.</em></strong></span> <span class='ocrx_word' id='word_1_409' title='bbox 1060 3021 1157 3077; x_wconf 86' lang='lat' dir='ltr'><strong><em>Cui</em></strong></span> <span class='ocrx_word' id='word_1_410' title='bbox 1181 3023 1225 3076; x_wconf 89' lang='lat' dir='ltr'><strong><em>si</em></strong></span> <span class='ocrx_word' id='word_1_411' title='bbox 1247 3022 1376 3075; x_wconf 87' lang='lat' dir='ltr'><strong><em>alter</em></strong></span> <span class='ocrx_word' id='word_1_412' title='bbox 1404 3024 1710 3093; x_wconf 86' lang='lat' dir='ltr'><strong><em>quandoque</em></strong></span> <span class='ocrx_word' id='word_1_413' title='bbox 1736 3032 1898 3077; x_wconf 87' lang='lat' dir='ltr'><strong><em>tomus</em></strong></span> <span class='ocrx_word' id='word_1_414' title='bbox 1925 3025 2152 3086; x_wconf 89' lang='lat' dir='ltr'><strong><em>accedat,</em></strong></span> <span class='ocrx_word' id='word_1_415' title='bbox 2191 3025 2279 3092; x_wconf 89' lang='lat' dir='ltr'><strong><em>qui</em></strong></span> <span class='ocrx_word' id='word_1_416' title='bbox 2306 3025 2477 3078; x_wconf 90' lang='lat' dir='ltr'><strong><em>omnia</em></strong></span> <span class='ocrx_word' id='word_1_417' title='bbox 2517 3023 2735 3078; x_wconf 90' lang='lat' dir='ltr'><strong><em>Patrum</em></strong></span> <span class='ocrx_word' id='word_1_418' title='bbox 2765 3027 2981 3079; x_wconf 89' lang='lat' dir='ltr'><strong><em>ascetica</em></strong></span> <span class='ocrx_word' id='word_1_419' title='bbox 3009 3030 3196 3097; x_wconf 90' lang='lat' dir='ltr'><strong><em>scripta</em></strong></span> <span class='ocrx_word' id='word_1_420' title='bbox 3224 3045 3322 3081; x_wconf 91' lang='lat' dir='ltr'><strong><em>uno</em></strong></span> <span class='ocrx_word' id='word_1_421' title='bbox 3352 3030 3488 3082; x_wconf 89' lang='lat' dir='ltr'><strong><em>velut</em></strong></span> <span class='ocrx_word' id='word_1_422' title='bbox 3522 3030 3661 3097; x_wconf 84' lang='lat' dir='ltr'><strong><em>fasce</em></strong></span> 
     </span>
    </p>
   </div>
   <div class='ocr_carea' id='block_1_32' title="bbox 375 3113 3660 3187">
    <p class='ocr_par' dir='ltr' id='par_1_32' title="bbox 375 3113 3660 3187">
     <span class='ocr_line' id='line_1_32' title="bbox 375 3113 3660 3187; baseline -0.002 -15"><span class='ocrx_word' id='word_1_423' title='bbox 375 3116 788 3187; x_wconf 81' lang='lat' dir='ltr'><strong><em>comprehendat,</em></strong></span> <span class='ocrx_word' id='word_1_424' title='bbox 818 3115 1032 3168; x_wconf 82' lang='lat' dir='ltr'><strong><em>haberes</em></strong></span> <span class='ocrx_word' id='word_1_425' title='bbox 1066 3113 1316 3181; x_wconf 85' lang='lat' dir='ltr'><strong><em>quidquid</em></strong></span> <span class='ocrx_word' id='word_1_426' title='bbox 1342 3114 1409 3165; x_wconf 90' lang='lat' dir='ltr'><strong><em>ad</em></strong></span> <span class='ocrx_word' id='word_1_427' title='bbox 1443 3123 1664 3166; x_wconf 77' lang='lat' dir='ltr'><strong><em>veterum</em></strong></span> <span class='ocrx_word' id='word_1_428' title='bbox 1693 3116 1906 3167; x_wconf 74' lang='lat' dir='ltr'><strong><em>ascesim</em></strong></span> <span class='ocrx_word' id='word_1_429' title='bbox 1959 3115 2152 3184; x_wconf 84' lang='lat' dir='ltr'><strong><em>requiri</em></strong></span> <span class='ocrx_word' id='word_1_430' title='bbox 2184 3115 2363 3183; x_wconf 88' lang='lat' dir='ltr'><strong><em>possit.</em></strong></span> <span class='ocrx_word' id='word_1_431' title='bbox 2408 3114 2522 3178; x_wconf 91' lang='lat' dir='ltr'><strong><em>Quo</em></strong></span> <span class='ocrx_word' id='word_1_432' title='bbox 2562 3116 2693 3168; x_wconf 88' lang='lat' dir='ltr'><strong><em>enim</em></strong></span> <span class='ocrx_word' id='word_1_433' title='bbox 2724 3116 2805 3168; x_wconf 88' lang='lat' dir='ltr'><strong><em>hic</em></strong></span> <span class='ocrx_word' id='word_1_434' title='bbox 2835 3116 2961 3169; x_wconf 89' lang='lat' dir='ltr'><strong><em>liber</em></strong></span> <span class='ocrx_word' id='word_1_435' title='bbox 3003 3120 3071 3170; x_wconf 90' lang='lat' dir='ltr'><strong><em>ad</em></strong></span> <span class='ocrx_word' id='word_1_436' title='bbox 3101 3135 3264 3171; x_wconf 90' lang='lat' dir='ltr'><strong><em>mores</em></strong></span> <span class='ocrx_word' id='word_1_437' title='bbox 3313 3118 3660 3185; x_wconf 69' lang='lat' dir='ltr'><strong><em>efformimdos</em></strong></span> 
     </span>
    </p>
   </div>
   <div class='ocr_carea' id='block_1_33' title="bbox 375 3206 3660 3281">
    <p class='ocr_par' dir='ltr' id='par_1_33' title="bbox 375 3206 3660 3281">
     <span class='ocr_line' id='line_1_33' title="bbox 375 3206 3660 3281; baseline 0.001 -17"><span class='ocrx_word' id='word_1_438' title='bbox 375 3210 615 3281; x_wconf 75' lang='lat' dir='ltr'><strong><em>exemplis</em></strong></span> <span class='ocrx_word' id='word_1_439' title='bbox 659 3209 840 3275; x_wconf 69' lang='lat' dir='ltr'><strong><em>prwit,</em></strong></span> <span class='ocrx_word' id='word_1_440' title='bbox 882 3208 1013 3259; x_wconf 90' lang='lat' dir='ltr'><strong><em>alter</em></strong></span> <span class='ocrx_word' id='word_1_441' title='bbox 1048 3207 1275 3260; x_wconf 85' lang='lat' dir='ltr'><strong><em>docendo</em></strong></span> <span class='ocrx_word' id='word_1_442' title='bbox 1313 3206 1699 3261; x_wconf 89' lang='lat' dir='ltr'><strong><em>manuduceret.</em></strong></span> <span class='ocrx_word' id='word_1_443' title='bbox 1744 3207 1849 3260; x_wconf 87' lang='lat' dir='ltr'><strong><em>Sed</em></strong></span> <span class='ocrx_word' id='word_1_444' title='bbox 1893 3208 2012 3275; x_wconf 88' lang='lat' dir='ltr'><strong><em>quia</em></strong></span> <span class='ocrx_word' id='word_1_445' title='bbox 2059 3209 2308 3275; x_wconf 85' lang='lat' dir='ltr'><strong><em>scriptum</em></strong></span> <span class='ocrx_word' id='word_1_446' title='bbox 2353 3207 2604 3259; x_wconf 87' lang='lat' dir='ltr'><strong><em>memini:</em></strong></span> <span class='ocrx_word' id='word_1_447' title='bbox 2645 3208 2833 3262; x_wconf 75' lang='lat' dir='ltr'><strong>C(EPIT</strong></span> <span class='ocrx_word' id='word_1_448' title='bbox 2878 3208 3039 3264; x_wconf 72' lang='lat' dir='ltr'><strong><em>Jasvs</em></strong></span> <span class='ocrx_word' id='word_1_449' title='bbox 3085 3226 3290 3265; x_wconf 80' lang='lat' dir='ltr'><strong><em>FACERE</em></strong></span> <span class='ocrx_word' id='word_1_450' title='bbox 3336 3226 3404 3265; x_wconf 82' lang='lat' dir='ltr'><strong><em>ET</em></strong></span> <span class='ocrx_word' id='word_1_451' title='bbox 3452 3225 3660 3266; x_wconf 69' lang='lat' dir='ltr'><strong><em>nocua:</em></strong></span> 
     </span>
    </p>
   </div>
   <div class='ocr_carea' id='block_1_34' title="bbox 376 3291 1659 3367">
    <p class='ocr_par' dir='ltr' id='par_1_34' title="bbox 376 3291 1659 3367">
     <span class='ocr_line' id='line_1_34' title="bbox 376 3291 1659 3367; baseline -0.003 -12"><span class='ocrx_word' id='word_1_452' title='bbox 376 3291 510 3360; x_wconf 77' lang='lat' dir='ltr'><strong><em>(Act.</em></strong></span> <span class='ocrx_word' id='word_1_453' title='bbox 536 3299 603 3367; x_wconf 85' lang='lat' dir='ltr'><strong><em>I),</em></strong></span> <span class='ocrx_word' id='word_1_454' title='bbox 634 3299 715 3352; x_wconf 83' lang='lat' dir='ltr'><strong><em>hic</em></strong></span> <span class='ocrx_word' id='word_1_455' title='bbox 742 3313 878 3352; x_wconf 85' lang='lat' dir='ltr'><strong><em>nunc</em></strong></span> <span class='ocrx_word' id='word_1_456' title='bbox 910 3301 1167 3366; x_wconf 88' lang='lat' dir='ltr'><strong><em>factorum</em></strong></span> <span class='ocrx_word' id='word_1_457' title='bbox 1198 3297 1326 3350; x_wconf 89' lang='lat' dir='ltr'><strong><em>liber</em></strong></span> <span class='ocrx_word' id='word_1_458' title='bbox 1357 3307 1659 3365; x_wconf 67' lang='lat' dir='ltr'><strong><em>prwcurrat.</em></strong></span> 
     </span>
    </p>
   </div>
   <div class='ocr_carea' id='block_1_35' title="bbox 450 3389 3659 3463">
    <p class='ocr_par' dir='ltr' id='par_1_35' title="bbox 450 3389 3659 3463">
     <span class='ocr_line' id='line_1_35' title="bbox 450 3389 3659 3463; baseline 0.002 -19"><span class='ocrx_word' id='word_1_459' title='bbox 450 3392 599 3458; x_wconf 82' lang='lat' dir='ltr'><strong><em>Quod</em></strong></span> <span class='ocrx_word' id='word_1_460' title='bbox 628 3390 672 3443; x_wconf 91' lang='lat' dir='ltr'><strong><em>si</em></strong></span> <span class='ocrx_word' id='word_1_461' title='bbox 701 3390 853 3443; x_wconf 89' lang='lat' dir='ltr'><strong><em>solito</em></strong></span> <span class='ocrx_word' id='word_1_462' title='bbox 884 3391 1059 3457; x_wconf 87' lang='lat' dir='ltr'><strong><em>favore</em></strong></span> <span class='ocrx_word' id='word_1_463' title='bbox 1088 3389 1261 3442; x_wconf 89' lang='lat' dir='ltr'><strong><em>studia</em></strong></span> <span class='ocrx_word' id='word_1_464' title='bbox 1285 3404 1394 3442; x_wconf 89' lang='lat' dir='ltr'><strong><em>mea</em></strong></span> <span class='ocrx_word' id='word_1_465' title='bbox 1418 3391 1699 3459; x_wconf 71' lang='lat' dir='ltr'><strong><em>perrexeris</em></strong></span> <span class='ocrx_word' id='word_1_466' title='bbox 1735 3393 1994 3460; x_wconf 84' lang='lat' dir='ltr'><strong><em>prosequi,</em></strong></span> <span class='ocrx_word' id='word_1_467' title='bbox 2026 3402 2068 3444; x_wconf 90' lang='lat' dir='ltr'><strong><em>et</em></strong></span> <span class='ocrx_word' id='word_1_468' title='bbox 2100 3405 2259 3444; x_wconf 74' lang='lat' dir='ltr'><strong><em>sacra:</em></strong></span> <span class='ocrx_word' id='word_1_469' title='bbox 2284 3390 2511 3444; x_wconf 81' lang='lat' dir='ltr'><strong><em>historice</em></strong></span> <span class='ocrx_word' id='word_1_470' title='bbox 2548 3401 2776 3445; x_wconf 88' lang='lat' dir='ltr'><strong><em>amantes</em></strong></span> <span class='ocrx_word' id='word_1_471' title='bbox 2814 3407 2841 3444; x_wconf 93' lang='lat' dir='ltr'><strong><em>e</em></strong></span> <span class='ocrx_word' id='word_1_472' title='bbox 2872 3392 2977 3445; x_wconf 90' lang='lat' dir='ltr'><strong><em>suis</em></strong></span> <span class='ocrx_word' id='word_1_473' title='bbox 3015 3393 3208 3459; x_wconf 88' lang='lat' dir='ltr'><strong><em>singuli</em></strong></span> <span class='ocrx_word' id='word_1_474' title='bbox 3232 3394 3503 3463; x_wconf 87' lang='lat' dir='ltr'><strong><em>provinciis</em></strong></span> <span class='ocrx_word' id='word_1_475' title='bbox 3523 3394 3659 3452; x_wconf 85' lang='lat' dir='ltr'><strong><em>San-</em></strong></span> 
     </span>
    </p>
   </div>
   <div class='ocr_carea' id='block_1_36' title="bbox 374 3481 3265 3555">
    <p class='ocr_par' dir='ltr' id='par_1_36' title="bbox 374 3481 3265 3555">
     <span class='ocr_line' id='line_1_36' title="bbox 374 3481 3265 3555; baseline 0 -18"><span class='ocrx_word' id='word_1_476' title='bbox 374 3493 571 3538; x_wconf 90' lang='lat' dir='ltr'><strong><em>ctorum</em></strong></span> <span class='ocrx_word' id='word_1_477' title='bbox 604 3481 748 3536; x_wconf 86' lang='lat' dir='ltr'><strong><em>Vitas</em></strong></span> <span class='ocrx_word' id='word_1_478' title='bbox 772 3490 984 3552; x_wconf 84' lang='lat' dir='ltr'><strong><em>pergant</em></strong></span> <span class='ocrx_word' id='word_1_479' title='bbox 1007 3482 1318 3547; x_wconf 87' lang='lat' dir='ltr'><strong><em>submittere,</em></strong></span> <span class='ocrx_word' id='word_1_480' title='bbox 1360 3483 1493 3537; x_wconf 90' lang='lat' dir='ltr'><strong><em>dabo</em></strong></span> <span class='ocrx_word' id='word_1_481' title='bbox 1526 3499 1733 3552; x_wconf 87' lang='lat' dir='ltr'><strong><em>operam</em></strong></span> <span class='ocrx_word' id='word_1_482' title='bbox 1780 3494 1836 3537; x_wconf 91' lang='lat' dir='ltr'><strong><em>ut</em></strong></span> <span class='ocrx_word' id='word_1_483' title='bbox 1868 3483 1973 3555; x_wconf 74' lang='lat' dir='ltr'><strong><em>illa:</em></strong></span> <span class='ocrx_word' id='word_1_484' title='bbox 1998 3501 2199 3555; x_wconf 89' lang='lat' dir='ltr'><strong><em>quoque</em></strong></span> <span class='ocrx_word' id='word_1_485' title='bbox 2229 3483 2384 3536; x_wconf 90' lang='lat' dir='ltr'><strong><em>simili</em></strong></span> <span class='ocrx_word' id='word_1_486' title='bbox 2406 3486 2558 3537; x_wconf 88' lang='lat' dir='ltr'><strong><em>modo</em></strong></span> <span class='ocrx_word' id='word_1_487' title='bbox 2594 3483 2856 3537; x_wconf 70' lang='lat' dir='ltr'><strong><em>recensita:</em></strong></span> <span class='ocrx_word' id='word_1_488' title='bbox 2877 3484 3265 3551; x_wconf 86' lang='lat' dir='ltr'><strong><em>subsequantur.</em></strong></span> 
     </span>
    </p>
   </div>
   <div class='ocr_carea' id='block_1_37' title="bbox 1610 3772 2399 3867">
    <p class='ocr_par' dir='ltr' id='par_1_37' title="bbox 1610 3772 2399 3867">
     <span class='ocr_line' id='line_1_37' title="bbox 1610 3772 2399 3867; baseline 0.005 -4"><span class='ocrx_word' id='word_1_489' title='bbox 1610 3779 1863 3867; x_wconf 62' lang='lat' dir='ltr'><strong><em>saeva</em></strong></span> <span class='ocrx_word' id='word_1_490' title='bbox 1936 3772 2399 3867; x_wconf 53' lang='lat' dir='ltr'><strong><em>allocutio.</em></strong></span> 
     </span>
    </p>
   </div>
   <div class='ocr_carea' id='block_1_38' title="bbox 455 4079 3661 4157">
    <p class='ocr_par' dir='ltr' id='par_1_38' title="bbox 455 4079 3661 4157">
     <span class='ocr_line' id='line_1_38' title="bbox 455 4079 3661 4157; baseline -0.002 -10"><span class='ocrx_word' id='word_1_491' title='bbox 455 4091 581 4147; x_wconf 74' lang='grc' dir='ltr'><strong><em>Ηωο</em></strong></span> <span class='ocrx_word' id='word_1_492' title='bbox 601 4098 718 4147; x_wconf 88' lang='lat' dir='ltr'><strong><em>vola</em></strong></span> <span class='ocrx_word' id='word_1_493' title='bbox 744 4105 855 4145; x_wconf 89' lang='lat' dir='ltr'><strong><em>mea</em></strong></span> <span class='ocrx_word' id='word_1_494' title='bbox 885 4096 1028 4145; x_wconf 89' lang='lat' dir='ltr'><strong><em>erant</em></strong></span> <span class='ocrx_word' id='word_1_495' title='bbox 1051 4102 1186 4141; x_wconf 79' lang='lat' dir='ltr'><strong><em>anno</em></strong></span> <span class='ocrx_word' id='word_1_496' title='bbox 1213 4082 1372 4149; x_wconf 72' lang='lat' dir='ltr'><strong><em>iﬁi5,</em></strong></span> <span class='ocrx_word' id='word_1_497' title='bbox 1404 4084 1608 4154; x_wconf 90' lang='lat' dir='ltr'><strong><em>quando</em></strong></span> <span class='ocrx_word' id='word_1_498' title='bbox 1624 4098 1689 4137; x_wconf 76' lang='lat' dir='ltr'><strong><em>ea:</em></strong></span> <span class='ocrx_word' id='word_1_499' title='bbox 1712 4082 1889 4135; x_wconf 88' lang='lat' dir='ltr'><strong><em>umbra</em></strong></span> <span class='ocrx_word' id='word_1_500' title='bbox 1911 4080 1979 4133; x_wconf 90' lang='lat' dir='ltr'><strong><em>ad</em></strong></span> <span class='ocrx_word' id='word_1_501' title='bbox 1997 4079 2155 4135; x_wconf 89' lang='lat' dir='ltr'><strong><em>solem</em></strong></span> <span class='ocrx_word' id='word_1_502' title='bbox 2179 4081 2424 4153; x_wconf 87' lang='lat' dir='ltr'><strong><em>auspiciis</em></strong></span> <span class='ocrx_word' id='word_1_503' title='bbox 2443 4084 2621 4139; x_wconf 80' lang='lat' dir='ltr'><strong><em>vestris</em></strong></span> <span class='ocrx_word' id='word_1_504' title='bbox 2646 4083 2781 4139; x_wconf 76' lang='lat' dir='ltr'><strong><em>Vita:</em></strong></span> <span class='ocrx_word' id='word_1_505' title='bbox 2800 4081 3018 4138; x_wconf 90' lang='lat' dir='ltr'><strong><em>Patrum</em></strong></span> <span class='ocrx_word' id='word_1_506' title='bbox 3047 4087 3179 4157; x_wconf 81' lang='lat' dir='ltr'><strong><em>typis</em></strong></span> <span class='ocrx_word' id='word_1_507' title='bbox 3211 4086 3514 4141; x_wconf 75' lang='lat' dir='ltr'><strong><em>Moretianis</em></strong></span> <span class='ocrx_word' id='word_1_508' title='bbox 3539 4103 3661 4157; x_wconf 87' lang='lat' dir='ltr'><strong><em>pro-</em></strong></span> 
     </span>
    </p>
   </div>
   <div class='ocr_carea' id='block_1_39' title="bbox 386 4172 3661 4254">
    <p class='ocr_par' dir='ltr' id='par_1_39' title="bbox 386 4172 3661 4254">
     <span class='ocr_line' id='line_1_39' title="bbox 386 4172 3661 4254; baseline -0.001 -18"><span class='ocrx_word' id='word_1_509' title='bbox 386 4184 584 4238; x_wconf 87' lang='lat' dir='ltr'><strong><em>dibant.</em></strong></span> <span class='ocrx_word' id='word_1_510' title='bbox 619 4182 685 4236; x_wconf 84' lang='lat' dir='ltr'><strong><em>Et</em></strong></span> <span class='ocrx_word' id='word_1_511' title='bbox 702 4185 819 4254; x_wconf 86' lang='lat' dir='ltr'><strong><em>jam</em></strong></span> <span class='ocrx_word' id='word_1_512' title='bbox 847 4190 1144 4235; x_wconf 85' lang='lat' dir='ltr'><strong><em>sanctorum</em></strong></span> <span class='ocrx_word' id='word_1_513' title='bbox 1170 4177 1483 4246; x_wconf 90' lang='lat' dir='ltr'><strong><em>reliquorum</em></strong></span> <span class='ocrx_word' id='word_1_514' title='bbox 1516 4172 1761 4227; x_wconf 69' lang='lat' dir='ltr'><strong><em>Historia:</em></strong></span> <span class='ocrx_word' id='word_1_515' title='bbox 1797 4189 1876 4226; x_wconf 90' lang='lat' dir='ltr'><strong><em>me</em></strong></span> <span class='ocrx_word' id='word_1_516' title='bbox 1903 4172 2246 4242; x_wconf 88' lang='lat' dir='ltr'><strong><em>accingebam,</em></strong></span> <span class='ocrx_word' id='word_1_517' title='bbox 2279 4189 2394 4226; x_wconf 89' lang='lat' dir='ltr'><strong><em>cum</em></strong></span> <span class='ocrx_word' id='word_1_518' title='bbox 2420 4188 2533 4227; x_wconf 90' lang='lat' dir='ltr'><strong><em>ecce</em></strong></span> <span class='ocrx_word' id='word_1_519' title='bbox 2573 4174 2661 4227; x_wconf 90' lang='lat' dir='ltr'><strong><em>tibi</em></strong></span> <span class='ocrx_word' id='word_1_520' title='bbox 2689 4174 2882 4245; x_wconf 87' lang='lat' dir='ltr'><strong><em>prodiit</em></strong></span> <span class='ocrx_word' id='word_1_521' title='bbox 2904 4192 3156 4230; x_wconf 88' lang='lat' dir='ltr'><strong><em>nonnemo</em></strong></span> <span class='ocrx_word' id='word_1_522' title='bbox 3198 4176 3443 4232; x_wconf 67' lang='lat' dir='ltr'><strong><em>Ecclesia</em></strong></span> <span class='ocrx_word' id='word_1_523' title='bbox 3467 4178 3661 4245; x_wconf 87' lang='lat' dir='ltr'><strong><em>hostis,</em></strong></span> 
     </span>
    </p>
   </div>
   <div class='ocr_carea' id='block_1_40' title="bbox 386 4263 3563 4338">
    <p class='ocr_par' dir='ltr' id='par_1_40' title="bbox 386 4263 3563 4338">
     <span class='ocr_line' id='line_1_40' title="bbox 386 4263 3563 4338; baseline -0.001 -12"><span class='ocrx_word' id='word_1_524' title='bbox 386 4274 471 4328; x_wconf 89' lang='lat' dir='ltr'><strong><em>cui</em></strong></span> <span class='ocrx_word' id='word_1_525' title='bbox 500 4272 787 4328; x_wconf 82' lang='lat' dir='ltr'><strong><em>necessario</em></strong></span> <span class='ocrx_word' id='word_1_526' title='bbox 815 4268 1187 4326; x_wconf 90' lang='lat' dir='ltr'><strong><em>occurrendum</em></strong></span> <span class='ocrx_word' id='word_1_527' title='bbox 1211 4268 1326 4338; x_wconf 89' lang='lat' dir='ltr'><strong><em>fuit.</em></strong></span> <span class='ocrx_word' id='word_1_528' title='bbox 1355 4263 1564 4318; x_wconf 83' lang='lat' dir='ltr'><strong><em>Relictis</em></strong></span> <span class='ocrx_word' id='word_1_529' title='bbox 1590 4265 1745 4334; x_wconf 85' lang='lat' dir='ltr'><strong><em>igitur</em></strong></span> <span class='ocrx_word' id='word_1_530' title='bbox 1774 4274 2063 4318; x_wconf 90' lang='lat' dir='ltr'><strong><em>sanctorum</em></strong></span> <span class='ocrx_word' id='word_1_531' title='bbox 2091 4264 2329 4318; x_wconf 87' lang='lat' dir='ltr'><strong><em>armariis</em></strong></span> <span class='ocrx_word' id='word_1_532' title='bbox 2356 4266 2424 4318; x_wconf 90' lang='lat' dir='ltr'><strong><em>ad</em></strong></span> <span class='ocrx_word' id='word_1_533' title='bbox 2453 4268 2766 4320; x_wconf 87' lang='lat' dir='ltr'><strong><em>sancitorum</em></strong></span> <span class='ocrx_word' id='word_1_534' title='bbox 2787 4269 3186 4323; x_wconf 83' lang='lat' dir='ltr'><strong><em>armamentaria</em></strong></span> <span class='ocrx_word' id='word_1_535' title='bbox 3214 4284 3295 4323; x_wconf 88' lang='lat' dir='ltr'><strong><em>me</em></strong></span> <span class='ocrx_word' id='word_1_536' title='bbox 3318 4271 3563 4324; x_wconf 89' lang='lat' dir='ltr'><strong><em>converti.</em></strong></span> 
     </span>
    </p>
   </div>
   <div class='ocr_carea' id='block_1_41' title="bbox 459 4353 3665 4435">
    <p class='ocr_par' dir='ltr' id='par_1_41' title="bbox 459 4353 3665 4435">
     <span class='ocr_line' id='line_1_41' title="bbox 459 4353 3665 4435; baseline -0.001 -16"><span class='ocrx_word' id='word_1_537' title='bbox 459 4362 528 4419; x_wconf 84' lang='lat' dir='ltr'><strong><em>Et</em></strong></span> <span class='ocrx_word' id='word_1_538' title='bbox 550 4374 665 4435; x_wconf 89' lang='lat' dir='ltr'><strong><em>post</em></strong></span> <span class='ocrx_word' id='word_1_539' title='bbox 692 4372 793 4418; x_wconf 90' lang='lat' dir='ltr'><strong><em>tres</em></strong></span> <span class='ocrx_word' id='word_1_540' title='bbox 820 4361 1104 4416; x_wconf 90' lang='lat' dir='ltr'><strong><em>debellatos</em></strong></span> <span class='ocrx_word' id='word_1_541' title='bbox 1124 4359 1310 4426; x_wconf 88' lang='lat' dir='ltr'><strong><em>hostes,</em></strong></span> <span class='ocrx_word' id='word_1_542' title='bbox 1334 4366 1448 4426; x_wconf 90' lang='lat' dir='ltr'><strong><em>post</em></strong></span> <span class='ocrx_word' id='word_1_543' title='bbox 1476 4354 1763 4409; x_wconf 85' lang='lat' dir='ltr'><strong><em>Historiam</em></strong></span> <span class='ocrx_word' id='word_1_544' title='bbox 1787 4353 2202 4409; x_wconf 87' lang='lat' dir='ltr'><strong><em>Ecclesiasticam</em></strong></span> <span class='ocrx_word' id='word_1_545' title='bbox 2225 4364 2272 4408; x_wconf 89' lang='lat' dir='ltr'><strong><em>et</em></strong></span> <span class='ocrx_word' id='word_1_546' title='bbox 2302 4356 2552 4410; x_wconf 90' lang='lat' dir='ltr'><strong><em>nonnulla</em></strong></span> <span class='ocrx_word' id='word_1_547' title='bbox 2575 4359 2680 4411; x_wconf 89' lang='lat' dir='ltr'><strong><em>alia</em></strong></span> <span class='ocrx_word' id='word_1_548' title='bbox 2708 4359 2888 4427; x_wconf 66' lang='lat' dir='ltr'><strong><em>patrie</em></strong></span> <span class='ocrx_word' id='word_1_549' title='bbox 2908 4359 3047 4423; x_wconf 90' lang='lat' dir='ltr'><strong><em>data,</em></strong></span> <span class='ocrx_word' id='word_1_550' title='bbox 3079 4376 3192 4414; x_wconf 84' lang='lat' dir='ltr'><strong><em>cum</em></strong></span> <span class='ocrx_word' id='word_1_551' title='bbox 3207 4364 3317 4430; x_wconf 77' lang='lat' dir='ltr'><strong><em>iam</em></strong></span> <span class='ocrx_word' id='word_1_552' title='bbox 3352 4358 3499 4414; x_wconf 84' lang='lat' dir='ltr'><strong><em>Vitas</em></strong></span> <span class='ocrx_word' id='word_1_553' title='bbox 3523 4358 3665 4415; x_wconf 84' lang='lat' dir='ltr'><strong><em>San-</em></strong></span> 
     </span>
    </p>
   </div>
   <div class='ocr_carea' id='block_1_42' title="bbox 380 4447 3664 4520">
    <p class='ocr_par' dir='ltr' id='par_1_42' title="bbox 380 4447 3664 4520">
     <span class='ocr_line' id='line_1_42' title="bbox 380 4447 3664 4520; baseline -0.002 -8"><span class='ocrx_word' id='word_1_554' title='bbox 380 4466 579 4512; x_wconf 90' lang='lat' dir='ltr'><strong><em>ctorum</em></strong></span> <span class='ocrx_word' id='word_1_555' title='bbox 604 4457 656 4511; x_wconf 91' lang='lat' dir='ltr'><strong><em>in</em></strong></span> <span class='ocrx_word' id='word_1_556' title='bbox 682 4470 865 4509; x_wconf 89' lang='lat' dir='ltr'><strong><em>manus</em></strong></span> <span class='ocrx_word' id='word_1_557' title='bbox 894 4466 1219 4513; x_wconf 88' lang='lat' dir='ltr'><strong><em>resumerem,</em></strong></span> <span class='ocrx_word' id='word_1_558' title='bbox 1246 4459 1291 4503; x_wconf 91' lang='lat' dir='ltr'><strong><em>et</em></strong></span> <span class='ocrx_word' id='word_1_559' title='bbox 1322 4447 1607 4502; x_wconf 75' lang='lat' dir='ltr'><strong><em>Ianuarius</em></strong></span> <span class='ocrx_word' id='word_1_560' title='bbox 1629 4453 1856 4515; x_wconf 87' lang='lat' dir='ltr'><strong><em>pluteum</em></strong></span> <span class='ocrx_word' id='word_1_561' title='bbox 1881 4454 2150 4517; x_wconf 84' lang='lat' dir='ltr'><strong><em>premeret,</em></strong></span> <span class='ocrx_word' id='word_1_562' title='bbox 2182 4456 2237 4501; x_wconf 90' lang='lat' dir='ltr'><strong><em>ut</em></strong></span> <span class='ocrx_word' id='word_1_563' title='bbox 2265 4447 2335 4499; x_wconf 92' lang='lat' dir='ltr'><strong><em>ad</em></strong></span> <span class='ocrx_word' id='word_1_564' title='bbox 2363 4447 2577 4517; x_wconf 79' lang='lat' dir='ltr'><strong><em>prtelum</em></strong></span> <span class='ocrx_word' id='word_1_565' title='bbox 2623 4449 2987 4517; x_wconf 80' lang='lat' dir='ltr'><strong><em>adornaretur,</em></strong></span> <span class='ocrx_word' id='word_1_566' title='bbox 3017 4451 3313 4520; x_wconf 88' lang='lat' dir='ltr'><strong><em>interpellor</em></strong></span> <span class='ocrx_word' id='word_1_567' title='bbox 3355 4451 3419 4504; x_wconf 88' lang='lat' dir='ltr'><strong><em>ab</em></strong></span> <span class='ocrx_word' id='word_1_568' title='bbox 3447 4467 3664 4506; x_wconf 83' lang='lat' dir='ltr'><strong><em>accura-</em></strong></span> 
     </span>
    </p>
   </div>
   <div class='ocr_carea' id='block_1_43' title="bbox 376 4538 3666 4619">
    <p class='ocr_par' dir='ltr' id='par_1_43' title="bbox 376 4538 3666 4619">
     <span class='ocr_line' id='line_1_43' title="bbox 376 4538 3666 4619; baseline -0.002 -12"><span class='ocrx_word' id='word_1_569' title='bbox 376 4551 577 4607; x_wconf 80' lang='lat' dir='ltr'><strong><em>tissinio</em></strong></span> <span class='ocrx_word' id='word_1_570' title='bbox 624 4546 943 4619; x_wconf 79' lang='lat' dir='ltr'><strong><em>typographo</em></strong></span> <span class='ocrx_word' id='word_1_571' title='bbox 983 4544 1205 4614; x_wconf 89' lang='lat' dir='ltr'><strong><em>mihique</em></strong></span> <span class='ocrx_word' id='word_1_572' title='bbox 1250 4541 1559 4595; x_wconf 88' lang='lat' dir='ltr'><strong><em>amicissimo</em></strong></span> <span class='ocrx_word' id='word_1_573' title='bbox 1602 4538 1909 4593; x_wconf 79' lang='lat' dir='ltr'><strong><em>Balthasare</em></strong></span> <span class='ocrx_word' id='word_1_574' title='bbox 1954 4538 2174 4607; x_wconf 79' lang='lat' dir='ltr'><strong><em>Moreto,</em></strong></span> <span class='ocrx_word' id='word_1_575' title='bbox 2206 4540 2296 4608; x_wconf 89' lang='lat' dir='ltr'><strong><em>qui</em></strong></span> <span class='ocrx_word' id='word_1_576' title='bbox 2318 4541 2573 4594; x_wconf 86' lang='lat' dir='ltr'><strong><em>asserebat</em></strong></span> <span class='ocrx_word' id='word_1_577' title='bbox 2623 4540 2767 4594; x_wconf 88' lang='lat' dir='ltr'><strong><em>Vitas</em></strong></span> <span class='ocrx_word' id='word_1_578' title='bbox 2820 4541 3041 4595; x_wconf 88' lang='lat' dir='ltr'><strong><em>Patrum</em></strong></span> <span class='ocrx_word' id='word_1_579' title='bbox 3080 4544 3238 4611; x_wconf 85' lang='lat' dir='ltr'><strong><em>posci,</em></strong></span> <span class='ocrx_word' id='word_1_580' title='bbox 3284 4542 3666 4614; x_wconf 75' lang='lat' dir='ltr'><strong><em>identidemquc</em></strong></span> 
     </span>
    </p>
   </div>
   <div class='ocr_carea' id='block_1_44' title="bbox 382 4629 3662 4712">
    <p class='ocr_par' dir='ltr' id='par_1_44' title="bbox 382 4629 3662 4712">
     <span class='ocr_line' id='line_1_44' title="bbox 382 4629 3662 4712; baseline -0.002 -15"><span class='ocrx_word' id='word_1_581' title='bbox 382 4642 603 4712; x_wconf 86' lang='lat' dir='ltr'><strong><em>reposci.</em></strong></span> <span class='ocrx_word' id='word_1_582' title='bbox 642 4637 781 4692; x_wconf 80' lang='lat' dir='ltr'><strong><em>Huic</em></strong></span> <span class='ocrx_word' id='word_1_583' title='bbox 812 4638 970 4708; x_wconf 85' lang='lat' dir='ltr'><strong><em>igitur</em></strong></span> <span class='ocrx_word' id='word_1_584' title='bbox 1001 4636 1143 4704; x_wconf 89' lang='lat' dir='ltr'><strong><em>operi</em></strong></span> <span class='ocrx_word' id='word_1_585' title='bbox 1172 4650 1346 4687; x_wconf 88' lang='lat' dir='ltr'><strong><em>rursus</em></strong></span> <span class='ocrx_word' id='word_1_586' title='bbox 1374 4648 1454 4685; x_wconf 91' lang='lat' dir='ltr'><strong><em>me</em></strong></span> <span class='ocrx_word' id='word_1_587' title='bbox 1479 4632 1725 4712; x_wconf 85' lang='lat' dir='ltr'><strong><em>impendi,</em></strong></span> <span class='ocrx_word' id='word_1_588' title='bbox 1761 4640 1807 4683; x_wconf 90' lang='lat' dir='ltr'><strong><em>et</em></strong></span> <span class='ocrx_word' id='word_1_589' title='bbox 1834 4630 1925 4682; x_wconf 90' lang='lat' dir='ltr'><strong><em>hos</em></strong></span> <span class='ocrx_word' id='word_1_590' title='bbox 1954 4629 2152 4684; x_wconf 70' lang='lat' dir='ltr'><strong><em>mstivos</em></strong></span> <span class='ocrx_word' id='word_1_591' title='bbox 2195 4647 2388 4686; x_wconf 85' lang='lat' dir='ltr'><strong><em>menses</em></strong></span> <span class='ocrx_word' id='word_1_592' title='bbox 2419 4634 2717 4688; x_wconf 88' lang='lat' dir='ltr'><strong><em>correctioni</em></strong></span> <span class='ocrx_word' id='word_1_593' title='bbox 2744 4643 2789 4687; x_wconf 88' lang='lat' dir='ltr'><strong><em>et</em></strong></span> <span class='ocrx_word' id='word_1_594' title='bbox 2828 4635 3042 4689; x_wconf 87' lang='lat' dir='ltr'><strong><em>editioni</em></strong></span> <span class='ocrx_word' id='word_1_595' title='bbox 3065 4636 3205 4702; x_wconf 89' lang='lat' dir='ltr'><strong><em>dedi,</em></strong></span> <span class='ocrx_word' id='word_1_596' title='bbox 3238 4636 3447 4704; x_wconf 82' lang='lat' dir='ltr'><strong><em>adjutus</em></strong></span> <span class='ocrx_word' id='word_1_597' title='bbox 3476 4637 3662 4707; x_wconf 89' lang='lat' dir='ltr'><strong><em>singu-</em></strong></span> 
     </span>
    </p>
   </div>
   <div class='ocr_carea' id='block_1_45' title="bbox 379 4710 2028 4795">
    <p class='ocr_par' dir='ltr' id='par_1_45' title="bbox 379 4710 2028 4795">
     <span class='ocr_line' id='line_1_45' title="bbox 379 4710 2028 4795; baseline -0.007 -7"><span class='ocrx_word' id='word_1_598' title='bbox 379 4710 577 4790; x_wconf 82' lang='lat' dir='ltr'><strong><em>laribus</em></strong></span> <span class='ocrx_word' id='word_1_599' title='bbox 599 4735 699 4788; x_wconf 89' lang='lat' dir='ltr'><strong><em>tuis</em></strong></span> <span class='ocrx_word' id='word_1_600' title='bbox 727 4730 1154 4785; x_wconf 83' lang='lat' dir='ltr'><strong><em>observationibus</em></strong></span> <span class='ocrx_word' id='word_1_601' title='bbox 1174 4767 1191 4794; x_wconf 91' lang='lat'><strong><em>,</em></strong></span> <span class='ocrx_word' id='word_1_602' title='bbox 1214 4727 1462 4781; x_wconf 85' lang='lat' dir='ltr'><strong><em>bonarum</em></strong></span> <span class='ocrx_word' id='word_1_603' title='bbox 1485 4710 1820 4795; x_wconf 72' lang='lat' dir='ltr'><strong><em>spoiigiarum</em></strong></span> <span class='ocrx_word' id='word_1_604' title='bbox 1846 4723 2028 4792; x_wconf 89' lang='lat' dir='ltr'><strong><em>plenis.</em></strong></span> 
     </span>
    </p>
   </div>
   <div class='ocr_carea' id='block_1_46' title="bbox 458 4814 3662 4896">
    <p class='ocr_par' dir='ltr' id='par_1_46' title="bbox 458 4814 3662 4896">
     <span class='ocr_line' id='line_1_46' title="bbox 458 4814 3662 4896; baseline -0.003 -14"><span class='ocrx_word' id='word_1_605' title='bbox 458 4826 650 4883; x_wconf 78' lang='lat' dir='ltr'><strong><em>Gratus</em></strong></span> <span class='ocrx_word' id='word_1_606' title='bbox 669 4839 827 4896; x_wconf 84' lang='lat' dir='ltr'><strong><em>porro</em></strong></span> <span class='ocrx_word' id='word_1_607' title='bbox 854 4836 1012 4888; x_wconf 81' lang='lat' dir='ltr'><strong><em>nunc,</em></strong></span> <span class='ocrx_word' id='word_1_608' title='bbox 1036 4820 1111 4876; x_wconf 89' lang='lat' dir='ltr'><strong><em>uti</em></strong></span> <span class='ocrx_word' id='word_1_609' title='bbox 1132 4820 1277 4886; x_wconf 89' lang='lat' dir='ltr'><strong><em>olim,</em></strong></span> <span class='ocrx_word' id='word_1_610' title='bbox 1310 4823 1404 4872; x_wconf 89' lang='lat' dir='ltr'><strong><em>has</em></strong></span> <span class='ocrx_word' id='word_1_611' title='bbox 1428 4828 1656 4872; x_wconf 87' lang='lat' dir='ltr'><strong><em>veterum</em></strong></span> <span class='ocrx_word' id='word_1_612' title='bbox 1678 4814 1893 4867; x_wconf 88' lang='lat' dir='ltr'><strong><em>Patrum</em></strong></span> <span class='ocrx_word' id='word_1_613' title='bbox 1916 4815 2126 4869; x_wconf 86' lang='lat' dir='ltr'><strong><em>melotas</em></strong></span> <span class='ocrx_word' id='word_1_614' title='bbox 2155 4814 2320 4868; x_wconf 90' lang='lat' dir='ltr'><strong><em>denuo</em></strong></span> <span class='ocrx_word' id='word_1_615' title='bbox 2341 4817 2705 4885; x_wconf 76' lang='lat' dir='ltr'><strong><em>expumicatas,</em></strong></span> <span class='ocrx_word' id='word_1_616' title='bbox 2728 4817 2782 4869; x_wconf 85' lang='lat' dir='ltr'><strong><em>in</em></strong></span> <span class='ocrx_word' id='word_1_617' title='bbox 2804 4819 3007 4885; x_wconf 60' lang='lat' dir='ltr'><strong><em>piorum</em></strong></span> <span class='ocrx_word' id='word_1_618' title='bbox 3039 4825 3309 4896; x_wconf 74' lang='lat' dir='ltr'><strong><em>auctorum</em></strong></span> <span class='ocrx_word' id='word_1_619' title='bbox 3330 4817 3662 4873; x_wconf 75' lang='lat' dir='ltr'><strong><em>domesticum</em></strong></span> 
     </span>
    </p>
   </div>
   <div class='ocr_carea' id='block_1_47' title="bbox 382 4891 3660 4985">
    <p class='ocr_par' dir='ltr' id='par_1_47' title="bbox 382 4891 3660 4985">
     <span class='ocr_line' id='line_1_47' title="bbox 382 4891 3660 4985; baseline -0.001 -12"><span class='ocrx_word' id='word_1_620' title='bbox 382 4929 530 4975; x_wconf 85' lang='lat' dir='ltr'><strong><em>tuum</em></strong></span> <span class='ocrx_word' id='word_1_621' title='bbox 559 4891 954 4973; x_wconf 87' lang='lat' dir='ltr'><strong><em>cimiliarchium</em></strong></span> <span class='ocrx_word' id='word_1_622' title='bbox 980 4924 1241 4979; x_wconf 89' lang='lat' dir='ltr'><strong><em>venturas,</em></strong></span> <span class='ocrx_word' id='word_1_623' title='bbox 1271 4927 1416 4985; x_wconf 89' lang='lat' dir='ltr'><strong><em>spem</em></strong></span> <span class='ocrx_word' id='word_1_624' title='bbox 1445 4912 1567 4983; x_wconf 88' lang='lat' dir='ltr'><strong><em>facit</em></strong></span> <span class='ocrx_word' id='word_1_625' title='bbox 1595 4919 1783 4965; x_wconf 85' lang='lat' dir='ltr'><strong><em>certam</em></strong></span> <span class='ocrx_word' id='word_1_626' title='bbox 1814 4909 2065 4979; x_wconf 70' lang='lat' dir='ltr'><strong><em>praclara</em></strong></span> <span class='ocrx_word' id='word_1_627' title='bbox 2111 4909 2205 4964; x_wconf 88' lang='lat' dir='ltr'><strong><em>illa</em></strong></span> <span class='ocrx_word' id='word_1_628' title='bbox 2233 4923 2319 4966; x_wconf 89' lang='lat' dir='ltr'><strong><em>tua</em></strong></span> <span class='ocrx_word' id='word_1_629' title='bbox 2367 4913 2626 4974; x_wconf 86' lang='lat' dir='ltr'><strong><em>sedulitas,</em></strong></span> <span class='ocrx_word' id='word_1_630' title='bbox 2673 4930 2825 4982; x_wconf 88' lang='lat' dir='ltr'><strong><em>quam</em></strong></span> <span class='ocrx_word' id='word_1_631' title='bbox 2871 4915 2923 4967; x_wconf 87' lang='lat' dir='ltr'><strong><em>in</em></strong></span> <span class='ocrx_word' id='word_1_632' title='bbox 2963 4891 3275 4968; x_wconf 71' lang='lat' dir='ltr'><strong><em>elucidando</em></strong></span> <span class='ocrx_word' id='word_1_633' title='bbox 3323 4922 3372 4966; x_wconf 86' lang='lat' dir='ltr'><strong><em>et</em></strong></span> <span class='ocrx_word' id='word_1_634' title='bbox 3428 4915 3660 4971; x_wconf 81' lang='lat' dir='ltr'><strong><em>ornando</em></strong></span> 
     </span>
    </p>
   </div>
   <div class='ocr_carea' id='block_1_48' title="bbox 383 5003 3661 5080">
    <p class='ocr_par' dir='ltr' id='par_1_48' title="bbox 383 5003 3661 5080">
     <span class='ocr_line' id='line_1_48' title="bbox 383 5003 3661 5080; baseline -0.001 -13"><span class='ocrx_word' id='word_1_635' title='bbox 383 5010 584 5080; x_wconf 80' lang='lat' dir='ltr'><strong><em>Blasio,</em></strong></span> <span class='ocrx_word' id='word_1_636' title='bbox 637 5018 846 5080; x_wconf 85' lang='lat' dir='ltr'><strong><em>parente</em></strong></span> <span class='ocrx_word' id='word_1_637' title='bbox 897 5006 1224 5064; x_wconf 69' lang='lat' dir='ltr'><strong><em>Laetiensium</em></strong></span> <span class='ocrx_word' id='word_1_638' title='bbox 1251 5006 1461 5076; x_wconf 90' lang='lat' dir='ltr'><strong><em>optimo,</em></strong></span> <span class='ocrx_word' id='word_1_639' title='bbox 1497 5019 1599 5059; x_wconf 90' lang='lat' dir='ltr'><strong><em>non</em></strong></span> <span class='ocrx_word' id='word_1_640' title='bbox 1627 5003 1909 5068; x_wconf 88' lang='lat' dir='ltr'><strong><em>laboribus,</em></strong></span> <span class='ocrx_word' id='word_1_641' title='bbox 1934 5020 2038 5059; x_wconf 90' lang='lat' dir='ltr'><strong><em>non</em></strong></span> <span class='ocrx_word' id='word_1_642' title='bbox 2060 5006 2350 5075; x_wconf 87' lang='lat' dir='ltr'><strong><em>sumptibus</em></strong></span> <span class='ocrx_word' id='word_1_643' title='bbox 2391 5022 2600 5075; x_wconf 80' lang='lat' dir='ltr'><strong><em>parcens</em></strong></span> <span class='ocrx_word' id='word_1_644' title='bbox 2625 5008 2855 5074; x_wconf 84' lang='lat' dir='ltr'><strong><em>adhibes,</em></strong></span> <span class='ocrx_word' id='word_1_645' title='bbox 2889 5010 3050 5065; x_wconf 87' lang='lat' dir='ltr'><strong><em>donec</em></strong></span> <span class='ocrx_word' id='word_1_646' title='bbox 3071 5013 3274 5067; x_wconf 88' lang='lat' dir='ltr'><strong><em>tandem</em></strong></span> <span class='ocrx_word' id='word_1_647' title='bbox 3299 5030 3429 5068; x_wconf 85' lang='lat' dir='ltr'><strong><em>nova</em></strong></span> <span class='ocrx_word' id='word_1_648' title='bbox 3449 5013 3661 5066; x_wconf 75' lang='lat' dir='ltr'><strong><em>amictus</em></strong></span> 
     </span>
    </p>
   </div>
   <div class='ocr_carea' id='block_1_49' title="bbox 380 5096 3664 5175">
    <p class='ocr_par' dir='ltr' id='par_1_49' title="bbox 380 5096 3664 5175">
     <span class='ocr_line' id='line_1_49' title="bbox 380 5096 3664 5175; baseline 0 -18"><span class='ocrx_word' id='word_1_649' title='bbox 380 5102 609 5175; x_wconf 78' lang='lat' dir='ltr'><strong><em>synthesi</em></strong></span> <span class='ocrx_word' id='word_1_650' title='bbox 637 5111 749 5172; x_wconf 87' lang='lat' dir='ltr'><strong><em>post</em></strong></span> <span class='ocrx_word' id='word_1_651' title='bbox 780 5105 930 5157; x_wconf 87' lang='lat' dir='ltr'><strong><em>hasce</em></strong></span> <span class='ocrx_word' id='word_1_652' title='bbox 964 5097 1134 5165; x_wconf 90' lang='lat' dir='ltr'><strong><em>Vitas,</em></strong></span> <span class='ocrx_word' id='word_1_653' title='bbox 1164 5099 1244 5153; x_wconf 91' lang='lat' dir='ltr'><strong><em>his</em></strong></span> <span class='ocrx_word' id='word_1_654' title='bbox 1273 5098 1403 5168; x_wconf 87' lang='lat' dir='ltr'><strong><em>ipsis</em></strong></span> <span class='ocrx_word' id='word_1_655' title='bbox 1434 5096 1505 5152; x_wconf 89' lang='lat' dir='ltr'><strong><em>D.</em></strong></span> <span class='ocrx_word' id='word_1_656' title='bbox 1539 5096 1727 5151; x_wconf 83' lang='lat' dir='ltr'><strong><em>Moreti</em></strong></span> <span class='ocrx_word' id='word_1_657' title='bbox 1751 5099 1903 5151; x_wconf 75' lang='lat' dir='ltr'><strong><em>amici</em></strong></span> <span class='ocrx_word' id='word_1_658' title='bbox 1936 5099 2007 5151; x_wconf 89' lang='lat' dir='ltr'><strong><em>tui</em></strong></span> <span class='ocrx_word' id='word_1_659' title='bbox 2034 5098 2191 5169; x_wconf 78' lang='lat' dir='ltr'><strong><em>typis,</em></strong></span> <span class='ocrx_word' id='word_1_660' title='bbox 2226 5099 2427 5167; x_wconf 85' lang='lat' dir='ltr'><strong><em>publico</em></strong></span> <span class='ocrx_word' id='word_1_661' title='bbox 2464 5102 2751 5154; x_wconf 90' lang='lat' dir='ltr'><strong><em>animarum</em></strong></span> <span class='ocrx_word' id='word_1_662' title='bbox 2783 5102 2933 5170; x_wconf 90' lang='lat' dir='ltr'><strong><em>bono,</em></strong></span> <span class='ocrx_word' id='word_1_663' title='bbox 2955 5104 3007 5158; x_wconf 88' lang='lat' dir='ltr'><strong><em>in</em></strong></span> <span class='ocrx_word' id='word_1_664' title='bbox 3033 5106 3194 5161; x_wconf 88' lang='lat' dir='ltr'><strong><em>lucem</em></strong></span> <span class='ocrx_word' id='word_1_665' title='bbox 3224 5107 3407 5162; x_wconf 83' lang='lat' dir='ltr'><strong><em>veniat.</em></strong></span> <span class='ocrx_word' id='word_1_666' title='bbox 3438 5104 3588 5174; x_wconf 81' lang='lat' dir='ltr'><strong><em>Quod</em></strong></span> <span class='ocrx_word' id='word_1_667' title='bbox 3611 5115 3664 5158; x_wconf 85' lang='lat' dir='ltr'><strong><em>ut</em></strong></span> 
     </span>
    </p>
   </div>
   <div class='ocr_carea' id='block_1_50' title="bbox 380 5200 1101 5270">
    <p class='ocr_par' dir='ltr' id='par_1_50' title="bbox 380 5200 1101 5270">
     <span class='ocr_line' id='line_1_50' title="bbox 380 5200 1101 5270; baseline 0.001 -16"><span class='ocrx_word' id='word_1_668' title='bbox 380 5203 480 5257; x_wconf 86' lang='lat' dir='ltr'><strong><em>cito</em></strong></span> <span class='ocrx_word' id='word_1_669' title='bbox 502 5200 620 5270; x_wconf 78' lang='lat' dir='ltr'><strong><em>fiat,</em></strong></span> <span class='ocrx_word' id='word_1_670' title='bbox 646 5216 818 5256; x_wconf 90' lang='lat' dir='ltr'><strong><em>omnes</em></strong></span> <span class='ocrx_word' id='word_1_671' title='bbox 845 5214 1101 5255; x_wconf 75' lang='lat' dir='ltr'><strong><em>uouemus.</em></strong></span> 
     </span>
    </p>
   </div>
   <div class='ocr_carea' id='block_1_51' title="bbox 458 5286 3659 5363">
    <p class='ocr_par' dir='ltr' id='par_1_51' title="bbox 458 5286 3659 5363">
     <span class='ocr_line' id='line_1_51' title="bbox 458 5286 3659 5363; baseline -0.003 -13"><span class='ocrx_word' id='word_1_672' title='bbox 458 5291 686 5359; x_wconf 85' lang='lat' dir='ltr'><strong><em>Interea,</em></strong></span> <span class='ocrx_word' id='word_1_673' title='bbox 717 5292 996 5349; x_wconf 89' lang='lat' dir='ltr'><strong><em>admodum</em></strong></span> <span class='ocrx_word' id='word_1_674' title='bbox 1024 5290 1439 5346; x_wconf 81' lang='lat' dir='ltr'><strong><em>reverendissime</em></strong></span> <span class='ocrx_word' id='word_1_675' title='bbox 1461 5290 1685 5355; x_wconf 89' lang='lat' dir='ltr'><strong><em>domine,</em></strong></span> <span class='ocrx_word' id='word_1_676' title='bbox 1707 5288 1837 5342; x_wconf 90' lang='lat' dir='ltr'><strong><em>redit</em></strong></span> <span class='ocrx_word' id='word_1_677' title='bbox 1859 5286 1927 5339; x_wconf 81' lang='lat' dir='ltr'><strong><em>ad</em></strong></span> <span class='ocrx_word' id='word_1_678' title='bbox 1957 5296 2004 5339; x_wconf 89' lang='lat' dir='ltr'><strong><em>te</em></strong></span> <span class='ocrx_word' id='word_1_679' title='bbox 2024 5297 2258 5356; x_wconf 83' lang='lat' dir='ltr'><strong><em>tuamque</em></strong></span> <span class='ocrx_word' id='word_1_680' title='bbox 2280 5288 2604 5343; x_wconf 76' lang='lat' dir='ltr'><strong><em>Laztiensium</em></strong></span> <span class='ocrx_word' id='word_1_681' title='bbox 2630 5306 2899 5356; x_wconf 86' lang='lat' dir='ltr'><strong><em>coronam,</em></strong></span> <span class='ocrx_word' id='word_1_682' title='bbox 2930 5308 3030 5361; x_wconf 86' lang='lat' dir='ltr'><strong><em>qua</em></strong></span> <span class='ocrx_word' id='word_1_683' title='bbox 3054 5292 3233 5346; x_wconf 88' lang='lat' dir='ltr'><strong><em>merito</em></strong></span> <span class='ocrx_word' id='word_1_684' title='bbox 3259 5290 3474 5363; x_wconf 86' lang='lat' dir='ltr'><strong><em>gloriari</em></strong></span> <span class='ocrx_word' id='word_1_685' title='bbox 3496 5301 3659 5360; x_wconf 77' lang='lat' dir='ltr'><strong><em>pares,</em></strong></span> 
     </span>
    </p>
   </div>
   <div class='ocr_carea' id='block_1_52' title="bbox 389 5378 3656 5453">
    <p class='ocr_par' dir='ltr' id='par_1_52' title="bbox 389 5378 3656 5453">
     <span class='ocr_line' id='line_1_52' title="bbox 389 5378 3656 5453; baseline -0.003 -10"><span class='ocrx_word' id='word_1_686' title='bbox 389 5388 512 5443; x_wconf 89' lang='lat' dir='ltr'><strong><em>liber</em></strong></span> <span class='ocrx_word' id='word_1_687' title='bbox 558 5387 643 5441; x_wconf 92' lang='lat' dir='ltr'><strong><em>hic</em></strong></span> <span class='ocrx_word' id='word_1_688' title='bbox 694 5387 937 5453; x_wconf 86' lang='lat' dir='ltr'><strong><em>laborque</em></strong></span> <span class='ocrx_word' id='word_1_689' title='bbox 983 5384 1148 5437; x_wconf 90' lang='lat' dir='ltr'><strong><em>denuo</em></strong></span> <span class='ocrx_word' id='word_1_690' title='bbox 1192 5382 1503 5443; x_wconf 87' lang='lat' dir='ltr'><strong><em>desudatas;</em></strong></span> <span class='ocrx_word' id='word_1_691' title='bbox 1548 5381 1635 5443; x_wconf 91' lang='lat' dir='ltr'><strong><em>qui</em></strong></span> <span class='ocrx_word' id='word_1_692' title='bbox 1660 5380 1879 5449; x_wconf 86' lang='lat' dir='ltr'><strong><em>priscas,</em></strong></span> <span class='ocrx_word' id='word_1_693' title='bbox 1909 5378 1996 5446; x_wconf 89' lang='lat' dir='ltr'><strong><em>qui</em></strong></span> <span class='ocrx_word' id='word_1_694' title='bbox 2037 5393 2195 5430; x_wconf 88' lang='lat' dir='ltr'><strong><em>novus</em></strong></span> <span class='ocrx_word' id='word_1_695' title='bbox 2224 5388 2341 5431; x_wconf 90' lang='lat' dir='ltr'><strong><em>tuus</em></strong></span> <span class='ocrx_word' id='word_1_696' title='bbox 2371 5389 2443 5431; x_wconf 80' lang='lat' dir='ltr'><strong><em>est</em></strong></span> <span class='ocrx_word' id='word_1_697' title='bbox 2467 5388 2623 5444; x_wconf 89' lang='lat' dir='ltr'><strong><em>totus,</em></strong></span> <span class='ocrx_word' id='word_1_698' title='bbox 2656 5391 2771 5433; x_wconf 89' lang='lat' dir='ltr'><strong><em>tuus</em></strong></span> <span class='ocrx_word' id='word_1_699' title='bbox 2806 5396 2906 5434; x_wconf 66' lang='lat' dir='ltr'><strong><em>a&#39;re</em></strong></span> <span class='ocrx_word' id='word_1_700' title='bbox 2939 5381 3181 5449; x_wconf 88' lang='lat' dir='ltr'><strong><em>libraque,</em></strong></span> <span class='ocrx_word' id='word_1_701' title='bbox 3214 5381 3486 5449; x_wconf 82' lang='lat' dir='ltr'><strong><em>mancupio</em></strong></span> <span class='ocrx_word' id='word_1_702' title='bbox 3516 5387 3656 5434; x_wconf 86' lang='lat' dir='ltr'><strong><em>tuus.</em></strong></span> 
     </span>
    </p>
   </div>
   <div class='ocr_carea' id='block_1_53' title="bbox 389 5470 3656 5549">
    <p class='ocr_par' dir='ltr' id='par_1_53' title="bbox 389 5470 3656 5549">
     <span class='ocr_line' id='line_1_53' title="bbox 389 5470 3656 5549; baseline -0.002 -16"><span class='ocrx_word' id='word_1_703' title='bbox 389 5478 613 5533; x_wconf 82' lang='lat' dir='ltr'><strong><em>Tantum</em></strong></span> <span class='ocrx_word' id='word_1_704' title='bbox 640 5495 729 5533; x_wconf 94' lang='lat' dir='ltr'><strong><em>oro</em></strong></span> <span class='ocrx_word' id='word_1_705' title='bbox 757 5488 909 5549; x_wconf 89' lang='lat' dir='ltr'><strong><em>atque</em></strong></span> <span class='ocrx_word' id='word_1_706' title='bbox 938 5477 1179 5539; x_wconf 89' lang='lat' dir='ltr'><strong><em>obtestor,</em></strong></span> <span class='ocrx_word' id='word_1_707' title='bbox 1204 5485 1257 5527; x_wconf 89' lang='lat' dir='ltr'><strong><em>ut</em></strong></span> <span class='ocrx_word' id='word_1_708' title='bbox 1287 5472 1523 5543; x_wconf 80' lang='lat' dir='ltr'><strong><em>precibus</em></strong></span> <span class='ocrx_word' id='word_1_709' title='bbox 1546 5473 1688 5541; x_wconf 89' lang='lat' dir='ltr'><strong><em>apud</em></strong></span> <span class='ocrx_word' id='word_1_710' title='bbox 1711 5470 1872 5525; x_wconf 90' lang='lat' dir='ltr'><strong><em>Deum</em></strong></span> <span class='ocrx_word' id='word_1_711' title='bbox 1903 5471 2151 5541; x_wconf 88' lang='lat' dir='ltr'><strong><em>optimum</em></strong></span> <span class='ocrx_word' id='word_1_712' title='bbox 2181 5472 2458 5525; x_wconf 72' lang='lat' dir='ltr'><strong><em>maximum</em></strong></span> <span class='ocrx_word' id='word_1_713' title='bbox 2488 5473 2669 5541; x_wconf 88' lang='lat' dir='ltr'><strong><em>quibus</em></strong></span> <span class='ocrx_word' id='word_1_714' title='bbox 2698 5474 2854 5537; x_wconf 83' lang='lat' dir='ltr'><strong><em>vales,</em></strong></span> <span class='ocrx_word' id='word_1_715' title='bbox 2876 5475 2999 5527; x_wconf 89' lang='lat' dir='ltr'><strong><em>velis</em></strong></span> <span class='ocrx_word' id='word_1_716' title='bbox 3028 5474 3273 5539; x_wconf 88' lang='lat' dir='ltr'><strong><em>obtinere,</em></strong></span> <span class='ocrx_word' id='word_1_717' title='bbox 3304 5485 3356 5527; x_wconf 91' lang='lat' dir='ltr'><strong><em>ut</em></strong></span> <span class='ocrx_word' id='word_1_718' title='bbox 3399 5478 3508 5528; x_wconf 78' lang='lat' dir='ltr'><strong><em>lucc</em></strong></span> <span class='ocrx_word' id='word_1_719' title='bbox 3535 5488 3656 5528; x_wconf 85' lang='lat' dir='ltr'><strong><em>nov-</em></strong></span> 
     </span>
    </p>
   </div>
   <div class='ocr_carea' id='block_1_54' title="bbox 389 5563 3662 5642">
    <p class='ocr_par' dir='ltr' id='par_1_54' title="bbox 389 5563 3662 5642">
     <span class='ocr_line' id='line_1_54' title="bbox 389 5563 3662 5642; baseline -0.002 -17"><span class='ocrx_word' id='word_1_720' title='bbox 389 5572 603 5642; x_wconf 83' lang='lat' dir='ltr'><strong><em>anliqua</em></strong></span> <span class='ocrx_word' id='word_1_721' title='bbox 630 5570 803 5634; x_wconf 89' lang='lat' dir='ltr'><strong><em>editio,</em></strong></span> <span class='ocrx_word' id='word_1_722' title='bbox 837 5568 905 5621; x_wconf 81' lang='lat' dir='ltr'><strong><em>ad</em></strong></span> <span class='ocrx_word' id='word_1_723' title='bbox 936 5566 1280 5621; x_wconf 67' lang='lat' dir='ltr'><strong><em>cumulandum</em></strong></span> <span class='ocrx_word' id='word_1_724' title='bbox 1312 5573 1604 5619; x_wconf 88' lang='lat' dir='ltr'><strong><em>sanctorum</em></strong></span> <span class='ocrx_word' id='word_1_725' title='bbox 1649 5564 1869 5619; x_wconf 81' lang='lat' dir='ltr'><strong><em>Patrum</em></strong></span> <span class='ocrx_word' id='word_1_726' title='bbox 1893 5566 2127 5619; x_wconf 79' lang='lat' dir='ltr'><strong><em>virtutem</em></strong></span> <span class='ocrx_word' id='word_1_727' title='bbox 2158 5565 2211 5619; x_wconf 90' lang='lat' dir='ltr'><strong><em>in</em></strong></span> <span class='ocrx_word' id='word_1_728' title='bbox 2239 5563 2376 5620; x_wconf 89' lang='lat' dir='ltr'><strong><em>omni</em></strong></span> <span class='ocrx_word' id='word_1_729' title='bbox 2400 5565 2639 5635; x_wconf 84' lang='lat' dir='ltr'><strong><em>religioso</em></strong></span> <span class='ocrx_word' id='word_1_730' title='bbox 2667 5576 2818 5634; x_wconf 76' lang='lat' dir='ltr'><strong><em>ctztu,</em></strong></span> <span class='ocrx_word' id='word_1_731' title='bbox 2850 5575 2953 5621; x_wconf 91' lang='lat' dir='ltr'><strong><em>toto</em></strong></span> <span class='ocrx_word' id='word_1_732' title='bbox 2975 5567 3093 5623; x_wconf 85' lang='lat' dir='ltr'><strong><em>orbe</em></strong></span> <span class='ocrx_word' id='word_1_733' title='bbox 3120 5577 3371 5622; x_wconf 83' lang='lat' dir='ltr'><strong><em>terrarum</em></strong></span> <span class='ocrx_word' id='word_1_734' title='bbox 3396 5566 3662 5633; x_wconf 75' lang='lat' dir='ltr'><strong><em>fecundior</em></strong></span> 
     </span>
    </p>
   </div>
   <div class='ocr_carea' id='block_1_55' title="bbox 388 5665 860 5732">
    <p class='ocr_par' dir='ltr' id='par_1_55' title="bbox 388 5665 860 5732">
     <span class='ocr_line' id='line_1_55' title="bbox 388 5665 860 5732; baseline 0 -17"><span class='ocrx_word' id='word_1_735' title='bbox 388 5680 636 5731; x_wconf 85' lang='lat' dir='ltr'><strong><em>apparere</em></strong></span> <span class='ocrx_word' id='word_1_736' title='bbox 680 5665 860 5732; x_wconf 83' lang='lat' dir='ltr'><strong><em>possit.</em></strong></span> 
     </span>
    </p>
   </div>
  </div>
