4002 6236
1236 601 1385 714 ΙΝ
1474 602 1906 720 VITAS
1998 604 2575 717 PATRUM

601 844 2269 1009 PROLEGOMEN
2278 852 2428 1012 Α
2561 845 3230 1009 XXVI.

336 1134 625 1189 Benevolo
655 1137 841 1191 lectori
872 1140 1119 1194 salutem.

327 1224 390 1296 [ι]
430 1226 510 1280 Ne
538 1227 840 1293 otl‘endare,
870 1230 1058 1294 lector,
1090 1230 1133 1283 si
1166 1232 1338 1302 stylus
1365 1234 1683 1305 quandoque
1708 1236 1913 1301 rudior,
1938 1238 1982 1290 si
2005 1236 2216 1306 phrasis
2248 1245 2491 1290 occurrat
2520 1236 2570 1289 in
2604 1234 2737 1288 Vilis
2759 1235 2971 1288 Patrum
2990 1243 3043 1289 et
3069 1232 3242 1287 verbis
3271 1230 3539 1286 seniorum

271 1319 620 1388 incomptior;
652 1337 764 1376 rem
803 1324 971 1390 ipsam
998 1326 1264 1393 appende,
1298 1343 1403 1381 non
1433 1329 1636 1395 verba;
1665 1330 1893 1384 fructum
1925 1332 2060 1397 lege,
2113 1346 2221 1384 non
2253 1331 2406 1394 folia;
2452 1330 2638 1383 florem
2687 1343 2866 1395 carpe,
2904 1343 2969 1381 ne
3015 1325 3276 1380 volaticos
3304 1322 3547 1377 desidera

282 1429 497 1483 pappos.
532 1414 800 1469 Prteclare
826 1430 1015 1484 magna
1040 1417 1298 1473 Ecclesiae
1327 1420 1553 1486 lumina,
1584 1434 1801 1478 sanctus
1834 1422 2191 1493 Hieronymus
2216 1440 2229 1476 :
2269 1441 2287 1474 ι
2317 1422 2376 1477 ln
2409 1422 2671 1492 loquendo
2699 1421 3097 1489 simplicitatem
3126 1417 3403 1472 excusabit
3425 1429 3548 1469 san-

270 1508 529 1562 ctimonia:
562 1509 871 1579 magnitudo
903 1508 1180 1581 (Hierom,
1230 1513 1378 1582 epist.
1415 1515 1538 1579 101,
1568 1516 1635 1569 ad
1680 1515 2036 1587 Pammach.).
2070 1515 2300 1571 Sanctus
2330 1514 2655 1584 Augustinus
2683 1532 2694 1565 :
2732 1531 2750 1564 ‹
2784 1512 3052 1566 Bonorum
3087 1508 3421 1579 ingeniorum
3465 1508 3548 1559 in-

269 1598 426 1666 signis
456 1607 542 1652 est
565 1599 794 1665 indoles,
827 1599 877 1653 in
911 1600 1090 1655 verbis
1113 1617 1299 1657 verum
1329 1618 1536 1674 amare,
1564 1620 1670 1659 non
1694 1607 1878 1661 verba.
1909 1608 2045 1675 Quid
2077 1608 2218 1661 enim
2247 1605 2463 1673 prodest
2494 1605 2661 1659 clavis
2687 1620 2872 1672 aurea,
2906 1606 2950 1659 si
2992 1601 3200 1673 aperire
3228 1601 3366 1667 quod
3398 1601 3547 1653 volu-

270 1707 375 1745 mus
400 1706 510 1745 non
534 1692 752 1759 potest?
780 1702 869 1746 aut
889 1684 1014 1762 quid
1047 1694 1200 1749 obest
1232 1696 1424 1765 lignea,
1455 1700 1499 1752 si
1524 1699 1625 1753 hoc
1655 1710 1856 1767 potest,
1886 1700 2099 1769 quando
2144 1700 2274 1753 nihil
2304 1699 2615 1768 quaerimus,
2672 1696 2768 1751 nisi
2803 1706 2984 1765 patere
3006 1696 3144 1765 quod
3190 1694 3427 1748 clausum
3464 1702 3547 1748 est

270 1783 590 1851 (.tugustin.,
623 1783 711 1834 lib.
743 1798 795 1835 IV
819 1783 882 1835 de
912 1782 1161 1838 Doctrina
1194 1785 1544 1861 Christ.,cap.
1578 1791 1712 1861 ll)?
1744 1811 1764 1845 ι
1798 1791 2003 1860 Quibus
2029 1792 2243 1862 egregie
2270 1792 2495 1845 succinit
2516 1789 2909 1843 illustrissimus
2931 1788 3220 1843 cardinalis
3250 1788 3504 1841 Baronius
3529 1801 3545 1838 :

276 1892 292 1924 ι
325 1874 477 1928 Sicut
504 1871 759 1927 etlossum
786 1874 1012 1929 informe
1039 1891 1226 1930 aurum
1261 1888 1314 1933 et
1344 1880 1477 1935 rude
1503 1896 1568 1935 eo
1596 1881 1807 1937 charius
1838 1897 1958 1937 esse
2004 1883 2159 1945 solet,
2200 1880 2339 1950 quod
2373 1879 2503 1933 nihil
2530 1879 2777 1933 videatur
2822 1877 3047 1932 alterius
3102 1876 3307 1932 metalli
3347 1875 3546 1930 habere

271 1968 631 2031 cotnmistum,
663 1968 732 2021 ita
761 1969 972 2039 egregia
1008 1980 1353 2025 monumenta
1377 1988 1468 2025 sua
1504 1974 1669 2041 ipsius
1698 1984 1964 2029 vetustate
1991 1986 2151 2043 atque
2174 1973 2514 2051 simplicitate
2542 1971 2791 2025 micantia
2812 2012 2825 2034 ,
2849 1969 3042 2037 quibus
3064 1983 3151 2022 res
3183 1968 3356 2035 potius
3384 1981 3542 2037 quam

271 2058 425 2110 verba
454 2057 508 2110 in
541 2060 713 2124 pretio
742 2073 863 2112 esse
894 2059 1087 2127 solent,
1116 2060 1346 2127 gratiora
1374 2063 1529 2130 plane
1552 2072 1711 2118 erunt
1739 2076 1897 2133 atque
1917 2064 2230 2132 jucundiora
2265 2062 2453 2133 quovis
2472 2062 2671 2131 scripto
2694 2061 3011 2115 recentioris
3032 2059 3286 2127 auctoris,
3311 2058 3534 2126 quibus-

266 2160 469 2213 cunque
493 2147 813 2216 eloquentiae
841 2152 1073 2217 phaleris
1103 2159 1383 2209 exornato.
1412 2154 1676 2225 Quidquid
1700 2158 1841 2212 enim
1890 2158 2173 2213 obducitur
2218 2155 2339 2210 fuco
2367 2166 2528 2223 atque
2576 2156 2877 2225 pigmentis,
2909 2163 3217 2221 suspectum
3265 2152 3506 2206 redditur
3527 2196 3543 2219 ,

274 2238 658 2308 pulchriorque
707 2242 951 2297 enitescit
985 2245 1093 2312 ipsa
1140 2260 1232 2299 sua
1267 2247 1494 2314 puritate
1544 2249 1877 2316 simplicitas.
1930 2265 2050 2317 qua:
2079 2247 2219 2315 quod
2252 2248 2463 2301 mentiri
2496 2246 2717 2309 nesciat,
2744 2259 2904 2300 omne
2938 2244 3181 2312 quamvis
3202 2242 3268 2296 ad
3298 2251 3545 2297 ornatum

267 2329 623 2396 compositum
658 2332 1016 2386 velamentum
1046 2333 1299 2389 abhorret
1335 2335 1632 2405 (Baronius,
1665 2347 1765 2390 tom
1792 2335 1913 2403 III,
1960 2353 2094 2391 anno
2116 2334 2266 2403 “556).
2310 2354 2327 2387 ι

333 2420 443 2487 Ego
473 2436 605 2474 vero
639 2422 712 2474 ita
745 2438 954 2476 mecum
985 2423 1293 2478 ratiocinari
1321 2426 1471 2479 soleo
1497 2444 1508 2478 :
1538 2427 1637 2491 Qui
1667 2427 1779 2481 Ι)ωο
1808 2427 2005 2496 legent,
2042 2426 2123 2478 vel
2176 2426 2228 2478 in
2262 2422 2562 2477 Latinitatis
2590 2421 2748 2493 adyta
2779 2429 3146 2489 penetrarunt,
3177 2419 3262 2474 vel
3291 2427 3415 2474 ante
3442 2416 3545 2481 La-

278 2511 499 2563 tinitatis
528 2521 707 2580 portas
736 2514 1025 2567 etiamnum
1057 2512 1139 2584 [tt]
1171 2525 1487 2570 exercentur
1517 2528 1571 2570 et
1598 2517 1886 2584 suspirant,
1918 2498 2196 2582 prioribus.
2232 2530 2335 2566 non
2367 2512 2541 2566 oberit
2566 2511 2737 2581 stylus
2782 2510 2957 2563 minus
2988 2508 3227 2575 Latinus,
3256 2523 3380 2563 cum
3411 2506 3543 2579 ipsis

194 2674 197 2675 ν
270 2599 407 2654 domi
437 2610 711 2669 suppetat,
736 2601 876 2655 unde
908 2602 1231 2657 Latiuioretn
1259 2606 1606 2671 depromunt;
1653 2605 1982 2674 posteriores
2029 2604 2115 2657 hic
2147 2603 2466 2658 incunabula
2496 2616 2589 2655 sua
2619 2602 2941 2671 quandoque
2972 2600 3267 2669 reperient,
3301 2614 3401 2654 nec
3441 2599 3543 2670 ipsi

265 2700 433 2768 lingua
470 2699 648 2752 minus
680 2701 909 2769 prompti
942 2701 1262 2755 erubescent
1290 2701 1356 2755 ad
1389 2704 1597 2757 tertiata
1626 2713 1680 2757 et
1708 2701 1856 2754 velut
1893 2699 2207 2754 offensantis
2248 2699 2442 2765 lingute
2477 2696 2739 2766 fragmine
2768 2696 3040 2750 dimidiata
3066 2695 3248 2750 verba.
3279 2694 3538 2762 Equidem

264 2789 491 2843 solidum
516 2804 732 2851 aurum,
763 2788 888 2841 licet
910 2791 1202 2844 terrulenta
1231 2791 1519 2845 obductum
1554 2792 1705 2853 fame.
1737 2790 2022 2861 caryoticis
2064 2788 2248 2841 vilium
2292 2786 2653 2842 Kalendarum
2683 2788 2883 2843 strenis
2924 2802 3135 2856 semper
3164 2786 3407 2856 praetuli;
3451 2798 3542 2838 ve-

261 2883 426 2935 nusuis
453 2880 672 2947 quidem
697 2882 899 2951 specie,
934 2882 1216 2952 fronteque
1238 2885 1452 2939 divitias
1481 2885 1883 2949 mentientibus,
1914 2888 2011 2939 sed
2065 2882 2211 2935 tenui
2255 2890 2432 2936 tamen
2468 2888 2674 2935 tantum
2704 2882 2819 2936 auri
2857 2881 3009 2935 illitis
3031 2878 3339 2951 aspergine,
3364 2886 3419 2934 et
3439 2877 3541 2933 hoc

259 2976 376 3031 fuco
400 2975 754 3030 domesticam
789 2978 1089 3045 tegentibus
1132 2992 1350 3046 paupert
1372 2988 1517 3033 rtem.

326 3067 405 3121 Ne
449 3068 649 3121 mirere
671 3082 905 3135 quoque,
940 3069 1127 3136 lector,
1166 3071 1312 3123 Vitas
1339 3071 1551 3124 Patrum
1580 3070 1737 3125 toties
1768 3083 1927 3124 cusas
1947 3108 1961 3133 ,
1990 3081 2227 3133 recusas,
2257 3076 2311 3123 et
2340 3082 2434 3135 per
2463 3074 2540 3120 tot
2566 3065 2845 3121 doctorum
2868 3067 3101 3121 virorum
3132 3065 3388 3121 transisse
3424 3080 3542 3122 ma-

259 3176 386 3227 nus,
423 3175 525 3215 nec
581 3161 740 3213 nitori
774 3169 948 3214 tamen
1005 3176 1104 3214 suo
1135 3163 1357 3227 pristino
1388 3163 1644 3217 hactenus
1686 3162 1941 3217 redditas.
1975 3160 2081 3217 Sed
2128 3161 2270 3214 enim
2315 3160 2640 3215 considerari
2663 3169 2812 3228 opto,
2841 3161 2979 3228 quod
3024 3168 3203 3212 monet
3230 3157 3385 3212 divus
3431 3162 3540 3213 Au-

258 3253 528 3322 gustinus,
555 3265 748 3319 nempe
773 3265 979 3315 sumus,
1017 3268 1035 3300 ε
1077 3261 1324 3319 tanquam
1358 3253 1725 3305 minuscularii
1756 3250 2094 3322 vectigalium
2144 3250 2530 3313 conductores,
2570 3251 2655 3305 vel
2686 3260 2935 3320 tanquam
2958 3250 3176 3317 opifices
3208 3248 3261 3302 in
3318 3249 3437 3302 vico
3465 3263 3541 3302 ar.

257 3343 524 3411 gentario,
559 3339 647 3393 ubi
677 3355 839 3393 uutuu
870 3341 1165 3403 vasculum,
1200 3348 1258 3393 ut
1290 3342 1581 3407 perfectum
1612 3353 1787 3407 exeat,
1818 3356 1915 3411 per
1942 3340 2138 3395 multos
2168 3341 2404 3395 artifices
2447 3340 2657 3406 transit,
2704 3354 2825 3394 cum
2854 3342 2921 3393 ab
2952 3354 3058 3393 uno
3090 3339 3327 3408 perfecto
3359 3339 3541 3406 perlici

257 3434 449 3502 possit.
480 3430 584 3486 Sed
616 3430 772 3483 aliter
802 3444 905 3483 nou
944 3439 1181 3499 putatum
1215 3440 1295 3484 est
1319 3431 1657 3498 operantium
1683 3431 2008 3485 multitudini
2031 3431 2443 3497 consulendum,
2476 3430 2578 3484 nisi
2608 3440 2663 3483 ut
2705 3430 2943 3499 singulas
2981 3429 3110 3483 artis
3141 3438 3316 3495 partes
3343 3431 3451 3483 cito
3480 3443 3541 3483 ac

258 3525 411 3579 laede
438 3522 712 3575 discerent
743 3520 960 3587 singuli,
994 3538 1058 3573 ne
1082 3536 1267 3574 omnes
1315 3522 1368 3575 in
1402 3532 1515 3576 arte
1547 3536 1648 3575 una
1680 3521 1829 3575 tarde
1869 3531 1926 3577 et
1953 3520 2173 3576 difficile
2210 3531 2529 3591 cogerentur
2558 3536 2678 3576 esse
2726 3522 2945 3590 perfecti
2995 3522 3176 3591 (Aug.,
3230 3521 3319 3575 lib.
3368 3537 3435 3577 vn
3481 3522 3542 3575 de

257 3616 474 3669 Civitati:
504 3611 619 3672 Dei,
648 3610 839 3678 capJ).
864 3628 881 3659 ι

326 3708 402 3760 Ita
432 3706 751 3773 plerumque
781 3701 956 3754 evenit
981 3701 1030 3753 in
1062 3700 1209 3754 libris
1240 3702 1601 3756 recensendis.
1636 3703 1748 3756 Non
1780 3704 1848 3756 ab
1880 3718 1984 3758 uno
2007 3704 2203 3772 aliquo,
2230 3716 2334 3755 non
2375 3717 2404 3753 a
2430 3701 2653 3767 duobus,
2688 3703 2781 3755 Sed
2810 3716 2838 3753 a
2874 3702 3110 3769 pluribus
3139 3717 3282 3769 saepe
3315 3718 3401 3756 res
3431 3720 3536 3758 una

258 3796 564 3868 perficitur;
598 3808 717 3845 cum
743 3791 827 3845 hic
858 3792 908 3844 in
938 3793 1359 3861 antiquariorum
1389 3798 1753 3862 prmstantiam
1780 3797 2023 3866 inquirit,
2046 3806 2104 3849 ut
2155 3796 2609 3873 typographorum
2638 3794 2862 3863 castiget
2908 3796 3065 3857 vitia;
3122 3795 3221 3849 iste
3258 3795 3461 3850 ordinis
3487 3808 3541 3855 et

255 3910 434 3949 rerum
458 3894 719 3961 majorem
751 3894 1015 3947 rationem
1049 3893 1229 3960 habet,
1264 3894 1351 3947 ille
1380 3894 1641 3949 historiae.
1664 3895 1746 3961 ulta
1775 3897 2062 3951 multorum
2094 3892 2284 3947 collata
2316 3905 2496 3955 manu,
2530 3899 2685 3958 prout
2715 3906 2979 3961 quemque
3006 3891 3190 3963 genius
3223 3892 3388 3958 ducit,
3415 3909 3538 3962 pro-

254 3986 327 4039 dit
355 3986 574 4041 tandem
608 3984 805 4054 aliquid
832 3994 1155 4038 accuratum.
1620 4040 1627 4045 ,

322 4077 480 4144 Quod
515 4087 569 4129 ut
599 4076 669 4131 de
691 4076 927 4130 editione
956 4077 1054 4130 hac
1083 4077 1350 4144 spondere
1384 4093 1487 4130 non
1517 4078 1763 4145 audeam,
1804 4079 1874 4133 ita
1894 4081 2149 4133 lectorem
2179 4078 2407 4132 invitare
2436 4092 2539 4130 non
2573 4092 2779 4143 vereor,
2828 4088 2878 4131 ut
2906 4078 3194 4133 editionem
3248 4080 3385 4134 hanc
3410 4092 3533 4135 eum

255 4171 373 4224 aliis
394 4170 729 4225 editionibus
759 4168 1022 4231 conferat,
1052 4178 1105 4223 et
1136 4169 1333 4224 arbiter
1354 4172 1540 4226 sedeat
1561 4188 1739 4240 operte
1768 4188 1797 4225 a
1824 4173 2044 4242 singulis
2068 4170 2341 4239 prtestitae.

329 4260 465 4328 Quae
490 4262 622 4314 mihi
650 4261 881 4314 subsidia
903 4259 1120 4325 fuerint,
1152 4271 1259 4314 tum
1285 4276 1315 4316 a
1346 4262 1498 4316 libris
1528 4279 1683 4330 mss.,
1716 4274 1826 4318 tum
1849 4264 1917 4318 ab
1946 4265 2132 4327 Editis,
2164 4264 2290 4333 quid
2322 4263 2408 4317 alii
2432 4277 2640 4333 quoque
2673 4264 3034 4332 praestiterint,
3067 4266 3300 4334 quiante
3322 4282 3406 4321 me
3438 4266 3538 4325 hac

258 4351 557 4407 decurrere
585 4352 778 4414 orbita,
803 4352 1093 4407 edisseram
1128 4353 1335 4418 ordine,
1366 4358 1409 4407 si
1455 4358 1598 4423 prius
1620 4356 1686 4409 de
1720 4358 1906 4409 horum
1955 4358 2212 4410 librorum
2237 4354 2587 4423 inscriptione
2610 4397 2622 4419 ,
2656 4358 2983 4421 auctoribus,
3010 4359 3410 4428 interpretibus,
3441 4357 3535 4415 aul-

254 4442 503 4496 ctoritatc
528 4443 668 4511 (quae
696 4440 953 4495 solemnia
986 4442 1096 4496 fere
1121 4444 1443 4510 praeambula
1491 4445 1638 4515 Sunt)
1668 4460 1775 4498 non
1815 4447 2033 4500 omnino
2060 4446 2419 4514 perfunctorie
2451 4446 2782 4502 disseruero.

253 4583 3537 4619 ___....____._________.______,.__________________________

610 4676 1163 4732 PROLEGOMENUN
1190 4678 1478 4733 PRIMUM.
1865 4686 1918 4741 Α
2012 4682 2066 4735 2.
2106 4672 2442 4751 Gennadius,
2474 4686 2541 4740 de
2569 4688 2761 4743 illustr.
2799 4690 3053 4745 Ecclesite
3092 4692 3375 4759 Scriptor..
3403 4706 3522 4761 cap.

576 4790 707 4852 om,
743 4789 927 4841 horum
959 4790 1206 4843 “brorum
1235 4791 1518 4863 ξηεετξριίυ.
1958 4774 2039 4836 l1,
2063 4774 2115 4826 in
2138 4775 2363 4845 Evagrio
2379 4782 2671 4832 monacho:
2703 4797 2720 4831 ι
2750 4780 2910 4849 Cujus
2926 4782 3087 4837 etiam
3106 4783 3258 4851 liber,
3280 4784 3371 4853 qui
3398 4785 3529 4838 atti-

1953 4866 2148 4918 tulatur
2184 4864 2319 4920 Vitta
2347 4866 2586 4931 Patrum,
2615 4869 2761 4923 velut
2787 4872 3235 4927 continentissiuti
3262 4883 3313 4928 et
3341 4875 3533 4929 erudi-

1954 4955 2138 5007 εἰδεῖιηί
2170 4956 2269 5010 viri
2300 4958 2625 5012 mentionem
2656 4957 2801 5013 facit.
2836 4979 2854 5011 ι
2891 4961 2955 5014 Et
2985 4976 3103 5030 cap.
3130 4964 3224 5029 41,
3247 4963 3315 5021 de
3345 4966 3536 5022 Petro-

1954 5046 2041 5098 nio
2064 5046 2387 5102 Bononiensi
2420 5050 2710 5119 episcopo:
2748 5069 2766 5101 ‹
2805 5051 3096 5120 Scripsisse
3140 5066 3356 5125 putatur
3390 5060 3535 5115 Vitas

1955 5136 2169 5192 Patrum
2191 5140 2571 5196 monachorum
2605 5141 2838 5212 (Egypti.
2879 5163 2896 5195 ι

2019 5230 2074 5284 5.
2117 5232 2435 5287 Paschasius
2471 5234 2527 5288 S.
2563 5234 2625 5288 R.
2679 5236 2739 5289 E.
2773 5236 3031 5294 diaconus
3063 5243 3280 5311 prologo
3328 5258 3428 5299 suo
3476 5244 3530 5299 in

1950 5321 2165 5387 librum,
2211 5339 2369 5392 quem
2402 5325 2469 5379 de
2507 5326 2639 5380 Vitis
2675 5329 2892 5383 Patrum
2941 5341 3127 5398 rogatu
3178 5334 3384 5389 Martini
3426 5335 3533 5389 Du-

1948 5413 2167 5468 miensis
2206 5416 2414 5469 abbatis
2464 5416 2733 5472 Latinitati
2766 5421 3024 5475 donavit:
3081 5442 3098 5474 ι
3131 5423 3277 5477 Vitas
3311 5425 3526 5480 Patrum

1946 5516 2274 5569 sanctorum,
2306 5505 2612 5563 Graecorum
2646 5510 2726 5580 (ut
2754 5518 2973 5579 Caetera)
3014 5512 3261 5569 facundia
3288 5514 3528 5569 studiose

1946 5598 2297 5666 conscriptas,
2320 5596 2505 5666 jussus
2536 5616 2565 5653 a
2606 5610 2679 5665 te,
2721 5601 3058 5657 sanctissima
3086 5603 3265 5670 Pater,
3296 5603 3349 5657 in
3378 5602 3523 5658 Lati-

1946 5704 2069 5741 num
2102 5691 2392 5745 transferre
2430 5706 2751 5745 sermonem.
2790 5709 2810 5741 ι

316 4897 427 4969 [tu]
449 4896 581 4950 Dico
613 4896 809 4965 primo,
839 4906 896 4951 ut
923 4914 1062 4952 nunc
1090 4901 1309 4968 passim,
1341 4902 1407 4954 ita
1427 4901 1539 4970 jam
1568 4902 1693 4955 olim
1722 4903 1839 4955 libri

244 4987 299 5042 hi
339 4989 447 5061 (vel
462 5000 611 5043 certe
626 5003 810 5043 eorum
827 4993 967 5059 pars)
990 4990 1227 5059 inscripti
1244 4992 1420 5047 fuere:
1448 4992 1581 5046 Vita:
1600 4993 1840 5048 Patrum.

321 5083 371 5134 l.
402 5082 654 5136 Gelasius
684 5098 841 5151 papa,
874 5084 924 5135 in
955 5084 1180 5138 concilio
1201 5101 1341 5139 anno
1363 5085 1555 5140 Christi
1588 5087 1693 5141 494
1719 5104 1839 5141 cuin

212 5190 346 5237 ,ιιι
378 5175 654 5243 episcopis
682 5174 865 5228 Romae
898 5174 1081 5228 habito
1125 5176 1387 5230 delectum
1434 5177 1619 5231 habuit
1665 5180 1838 5234 eccle-

240 5266 591 5319 siasticorum
642 5265 918 5329 librorum,
968 5267 1346 5336 decretumque
1382 5267 1655 5332 condidit,
1699 5270 1839 5336 quod

244 5356 478 5410 habetur
511 5358 564 5409 in
618 5356 837 5410 decreto
888 5356 1125 5410 Gratiani
1180 5358 1305 5411 dist.
1354 5358 1441 5423 15,
1478 5374 1597 5426 cap.
1648 5360 1841 5413 Sancta

244 5446 486 5499 Romana
512 5446 773 5512 Ecclesia,
808 5446 858 5499 in
888 5461 991 5513 quo
1024 5447 1121 5500 ista
1156 5449 1313 5502 habet
1340 5466 1389 5500 ει
1410 5448 1555 5501 Vitas
1600 5450 1837 5516 Patrum,

240 5537 416 5603 Pauli,
464 5538 714 5603 Antonii,
748 5537 1054 5602 Hilarionis,
1106 5550 1157 5593 et
1185 5540 1421 5593 omnium
1473 5542 1835 5607 eretnitarum,

237 5648 373 5700 quas
394 5643 578 5687 tamen
598 5630 678 5685 vir
702 5633 885 5685 beatus
906 5634 1116 5703 scripit
1143 5632 1519 5703 Hieronymus,
1546 5650 1665 5688 cum
1694 5639 1836 5691 omni

241 5726 450 5780 honore
479 5726 829 5794 suscipimus.
865 5744 883 5778 ι
