4002 6216
394 322 458 373 15
1328 326 1389 380 IN
1438 328 1631 383 VITAS
1674 328 1953 384 PATRUM
1999 326 2504 384 PROLECOMENA
2551 324 2743 383 XXVI.
3295 325 3311 337 ’
3610 325 3672 377 16

467 433 522 489 4.
559 430 910 488 Cassiodorus
949 435 1116 489 Instlt.
1146 436 1313 490 divin.
1343 439 1465 492 lect.
1490 455 1609 508 cap.
1640 441 1744 493 δὶς
1781 460 1797 492 ι
1835 439 1981 493 Vitas
2014 444 2056 498 Α
2090 444 2361 493 mentione
2392 440 2441 492 iu
2470 440 2615 493 lii-ce
2639 442 2808 493 libris.
2838 440 2992 508 Apud
3018 439 3310 508 Ruffluum,
3344 442 3436 496 lib.
3467 457 3522 496 ιιι
3572 442 3666 499 Vi-

396 524 630 589 Patrum,
662 524 1024 579 confessiones
1068 526 1323 591 fidelium,
1361 528 1633 595 passiones
1683 541 1974 599 martyrum

395 612 551 682 legite
572 622 908 677 constanter;
942 630 1072 679 quas
1122 615 1260 667 inter
1303 614 1401 667 alia
1433 616 1483 669 in
1526 617 1748 685 epistola
1794 618 1977 671 Iliero-

397 705 541 775 nymi
587 704 654 758 ad
699 704 1059 759 Chromatium
1117 714 1171 759 et
1220 706 1562 761 Heliodorum
1632 708 1977 776 proculdubio

400 795 669 865 reperitis,
698 795 786 861 qui
818 810 911 863 per
941 804 1107 850 totum
1131 796 1316 850 orbem
1348 806 1605 851 terrarum
1641 798 1894 861 floruere,
1918 804 1977 849 ut

394 896 576 941 sancta
616 885 842 940 imitatio
890 902 985 941 vos
1036 902 1360 956 provocans,
1406 888 1472 941 ad
1512 890 1751 944 cmlestia
1813 902 1977 956 regna

396 977 672 1047 perducat.
714 998 733 1029 ι

468 1067 520 1120 5.
560 1068 785 1123 Sanctus
828 1068 1144 1124 Benedictus
1195 1070 1245 1124 in
1300 1070 1480 1138 regula
1524 1085 1641 1137 sua,
1691 1086 1811 1140 cap.
1860 1070 1972 1123 4:2:

397 1156 641 1213 Monachi
699 1160 845 1213 omni
897 1170 1160 1229 tempore,
1216 1160 1329 1216 sive
1372 1160 1559 1231 jejunii
1608 1164 1721 1217 sive
1769 1164 1977 1232 prandii

392 1249 570 1315 fuerit,
604 1267 724 1305 mox
756 1261 812 1304 ut
860 1253 1190 1307 surrexerint
1229 1268 1257 1306 a
1305 1270 1483 1321 omna,
1526 1256 1748 1310 sedeant
1787 1272 1977 1312 omnes

397 1346 447 1396 in
471 1361 655 1411 mium,
685 1355 735 1398 et
768 1346 904 1413 legat
931 1362 1066 1401 unus
1088 1348 1414 1403 Collationes
1436 1350 1518 1403 vel
1553 1351 1697 1405 Vitas
1737 1352 1974 1417 Patrum,

395 1446 487 1490 aut
509 1447 654 1493 certe
684 1439 881 1508 aliquid
908 1440 1046 1509 quod
1072 1440 1300 1509 agdilicet
1320 1443 1617 1498 audientes.

464 1527 516 1580 6.
560 1527 848 1598 Gregorius
894 1531 1245 1599 Turonensis,
1303 1533 1395 1587 lib.
1433 1549 1447 1588 ι
1479 1534 1545 1588 de
1594 1534 1713 1588 Vita
1763 1532 1976 1588 Patrum

393 1617 472 1671 sui
503 1620 705 1682 smculi,
742 1620 792 1672 in
822 1620 1102 1677 Leobardo
1130 1624 1339 1678 recluso
1361 1665 1376 1689 ,
1409 1638 1529 1693 cap.
1558 1623 1642 1689 12,
1675 1625 1758 1677 cui
1803 1632 1979 1679 tenta-

395 1694 481 1760 tio‘
514 1709 760 1762 cellulam
821 1710 1152 1780 relinquendi
1207 1714 1498 1769 incesserat
1547 1731 1561 1768 :

1619 1733 1637 1766 ι
1696 1715 1806 1783 Ego
1852 1731 1996 1794 vero

2086 540 2256 583 tarum
2291 531 2523 594 Patrum,
2558 546 2703 584 num.
2738 530 2873 584 I50:
2905 550 2922 581 ι
2962 533 3113 598 Quod
3137 535 3355 587 verbum
3383 544 3665 601 antequam

2078 620 2376 687 quiescam,
2403 635 2523 673 sero
2551 635 2619 674 ex
2676 621 2854 674 cordis
2909 625 3011 675 mei
3057 639 3311 677 recenseo
3363 627 3605 680 veritate.
3642 644 3662 676 ι

2080 708 2233 777 Apud
2268 710 2561 778 Pelagium,
2597 711 2736 765 libro
2766 727 2801 766 ν
2832 712 3068 766 Vitarum
3102 714 3342 779 Patrum,
3376 715 3557 771 libello
3588 732 3666 781 ιιι,

2081 820 2135 856 ιι.
2166 802 2203 855 2
2241 820 2253 854 :
2292 821 2311 853 α
2344 803 2438 858 Dic
2468 805 2597 857 mihi
2628 805 2838 873 aliquod
2874 807 3111 860 verbum.
3154 827 3172 858 ι
3205 806 3267 861 Et
3300 825 3354 862 ιι.
3386 809 3418 862 9
3453 825 3465 860 :
3518 826 3538 860 ι
3577 809 3671 863 Bo-

2078 896 2274 963 gabant
2300 904 2476 949 autem
2506 910 2629 950 eum
2648 911 2827 962 senes,
2876 907 2935 953 ut
2965 898 3161 953 faceret
3187 900 3405 953 verbum
3443 899 3511 953 ad
3560 900 3669 955 fra-

2082 995 2211 1043 tres.
2250 1008 2268 1039 ι
2297 988 2366 1043 Ει
2397 1005 2543 1042 ιιιιιιι.
2576 989 2687 1043 Ξιιε
2734 1006 2753 1041 ι
2796 991 2970 1058 Abba,
2995 992 3082 1045 dic
3115 992 3244 1045 mihi
3294 993 3510 1062 aliquod
3546 1009 3667 1048 ver-

2080 1082 2229 1136 bum.
2267 1099 2287 1133 ι
2324 1080 2393 1134 Et
2418 1082 2596 1136 libello
2624 1097 2674 1147 ν,
2708 1098 2763 1135 ιι.
2800 1080 2903 1136 15ε
2965 1100 2983 1133 ι
3042 1083 3282 1137 Ostende
3328 1084 3664 1149 charitatem,

2081 1173 2239 1239 abba,
2266 1182 2319 1227 et
2346 1173 2431 1227 dic
2464 1173 2592 1226 mihi
2624 1173 2870 1227 verbum.
2904 1190 2922 1224 ι
2961 1172 3029 1227 Et
3076 1190 3225 1229 num.
3258 1173 3363 1227 '52:
3401 1193 3421 1226 ι
3473 1175 3667 1229 Audivi

2083 1265 2227 1318 enim
2256 1266 2379 1333 quia
2414 1264 2611 1319 dixerit
2652 1264 2816 1319 abbas
2848 1262 3057 1333 Pastor,
3121 1267 3214 1321 sed
3259 1278 3313 1320 et
3342 1268 3429 1321 alii
3477 1268 3669 1321 fratres

2082 1353 2183 1409 hoc
2213 1355 2454 1407 verbum.
2496 1372 2514 1404 ι
2550 1354 2751 1408 Libello
2781 1370 2850 1418 vn,
2882 1371 3028 1409 num.
3061 1355 3131 1409 5:
3161 1374 3181 1408 ι
3224 1357 3412 1412 Diceus
3438 1358 3666 1424 quodam

2090 1448 2273 1513 verbo,
2301 1444 2445 1514 quod
2499 1446 2774 1499 memorias
2826 1446 3047 1515 dignum
3095 1458 3178 1501 est
3233 1449 3612 1503 commendari.
3646 1468 3665 1499 ι

2086 1537 2242 1588 bum.
2275 1535 2388 1588 12:
2428 1553 2447 1587 ι
2505 1535 2598 1587 Dic
2648 1535 2778 1589 mihi
2829 1552 2988 1589 unum
3043 1539 3286 1593 verbum.
3324 1557 3343 1591 ι
3408 1539 3474 1593 Et
3526 1541 3667 1609 apud

2081 1627 2367 1689 Joannem,
2392 1626 2529 1679 libro
2555 1641 2604 1680 vn
2639 1625 2876 1680 Vitarum
2904 1627 3141 1694 Patrum,
3175 1628 3353 1683 libello
3399 1644 3480 1692 ιιι,
3510 1646 3564 1682 ιι.
3596 1612 3663 1682 κίε

2090 1736 2108 1768 ι
2139 1718 2231 1771 Dic
2259 1716 2515 1772 fratribus
2536 1717 2754 1771 verbum
2784 1717 3169 1784 aedilicationis,
3198 1730 3375 1787 pater.
3410 1737 3427 1769 ι
3450 1718 3515 1774 Et
3542 1720 3666 1774 alibi

393 1800 671 1866 suspirans
720 1816 824 1853 non
882 1803 1105 1857 minimo
1131 1803 1316 1858 dolore
1366 1806 1648 1875 increpare
1702 1807 1976 1861 hominem
2015 1810 2055 1870 Β
2086 1809 2307 1879 passim.

392 1894 553 1958 Ctepi,
580 1905 828 1946 asserens
848 1892 1041 1947 diaboli
1065 1909 1184 1948 esse
1213 1895 1555 1949 calliditatem
1588 1896 1864 1966 ILbrosque
1898 1897 1969 1962 ei,

397 1992 450 2035 et
488 1982 635 2037 Vitas
667 1984 901 2047 Patrum,
936 1998 997 2038 ac
1025 1985 1415 2041 institutionem
1460 1987 1865 2053 monachorum,
1900 1988 1982 2041 vel

396 2072 580 2139 quales
606 2074 694 2139 qui
728 2074 1078 2128 recluduntur
1123 2089 1244 2130 esse
1273 2076 1526 2139 debeant,
1572 2078 1653 2130 vel
1683 2092 1804 2130 cum
1837 2077 1981 2146 quali

392 2161 598 2217 cautela
627 2162 916 2216 monachos
947 2164 1124 2218 vivere
1150 2172 1425 2231 Oporteat,
1458 2164 1754 2219 abscedens
1806 2168 1874 2218 ab
1909 2181 1980 2220 eo

392 2249 583 2305 direxi.
610 2251 811 2318 Quibus
843 2253 1055 2307 relectis
1089 2268 1192 2307 non
1222 2255 1394 2307 solum
1437 2255 1814 2323 cogitationem
1857 2270 1983 2324 pra-

392 2356 513 2396 vam
545 2357 575 2397 a
597 2357 655 2397 se
675 2343 943 2407 discussit,
980 2357 1163 2397 verum
1205 2343 1366 2397 etiam
1413 2352 1562 2400 tanto
1603 2360 1819 2399 sensum
1851 2359 1980 2400 acu-

393 2410 536 2487 mine
566 2434 829 2501 erudivit,
884 2445 938 2487 ut
989 2434 1308 2490 miraremur
1354 2434 1659 2491 facundiam
1699 2436 1980 2491 locutionis

392 2539 531 2595 ejus.
556 2543 574 2577 ι

464 2638 516 2692 7.
559 2638 821 2708 Georgius
861 2642 1249 2699 Ali-xandrinus
1280 2644 1333 2698 in
1396 2643 1511 2697 Vita
1553 2642 1722 2697 sancti
1752 2642 1980 2698 Joannis

392 2726 779 2807 Chrysostomi,
803 2746 853 2787 c.
880 2731 950 2784 Ἡ
976 2750 988 2786 :
1014 2733 1097 2788 Ἐν
1128 2732 1181 2790 δὲ
1201 2744 1320 2796 ταῖς
1345 2741 1657 2806 συντυχίαις
1678 2739 1830 2791 αὐτοῦ
1866 2740 1976 2792 Βίον

392 2815 548 2889 ἁγίων
576 2822 807 2895 Πατὲρων
844 2824 928 2874 καὶ
962 2824 1344 2897 ἀναχωρητῶν,
1391 2829 1479 2879 καὶ
1508 2823 1742 2896 [1111]τὴν
1784 2826 1981 2880 τούτων

392 2916 650 2971 πολιτείαν
688 2921 767 2971 καὶ
803 2920 986 2992 ἀρετήν
1017 2921 1278 2992 ἐξηγεῖτο,
1321 2922 1455 2975 ὥστε
1501 2923 1555 2974 ἐκ
1588 2928 1687 2974 τῶν
1734 2921 1981 2975 τοιούτων

392 3006 628 3083 ῥημάτων
665 3007 882 3068 πολλοὺς
931 3011 1337 3063 καταν·ἱττεσθαι
1374 3013 1454 3063 καὶ
1514 3010 1693 3069 πλῆθος
1744 3007 1979 3082 δακρύων

391 3097 682 3171 καταφέρειν
709 3099 760 3151 ἐκ
781 3106 881 3152 τῶν
914 3100 1173 3172 ὀφθαλμῶν
1202 3104 1402 3163 αὐτῶν,
1432 3102 1652 3158 ποθῆσαι
1686 3099 1739 3155 δέ
1784 3104 1866 3154 καὶ
1893 3102 1979 3155 τὸν

2157 1899 2300 1954 Sane
2325 1899 2435 1968 jam
2483 1898 2609 1952 oliui
2666 1899 2901 1969 profanis
2953 1900 3260 1954 auctoribus
3310 1902 3517 1954 verbum
3574 1915 3669 1968 pro

2088 1991 2358 2046 axiomate
2414 1991 2499 2045 vel
2547 1992 2693 2047 brevi
2736 1993 3021 2058 sententia,
3074 1993 3250 2062 qualia
3295 1992 3411 2047 bzec
3452 1994 3669 2048 Patrum

2085 2082 2248 2136 verba
2275 2090 2420 2148 sunt,
2472 2093 2807 2152 usurpatum.
2861 2083 3143 2138 Terentius
3192 2084 3429 2151 Andria,
3464 2095 3567 2139 act.
3616 2087 3670 2153 l,

2083 2190 2233 2230 scen.
2265 2175 2298 2229 5
2330 2192 2343 2230 :
2382 2195 2399 2227 ι
2439 2177 2686 2232 Miseram
2717 2193 2821 2243 me,
2851 2178 2992 2247 quod
3018 2180 3233 2233 verbum
3265 2180 3424 2235 audio
3451 2181 3475 2235 ?
3504 2199 3525 2234 ι
3570 2181 3670 2236 Ubi

2087 2268 2325 2322 Donatus
2355 2287 2368 2321 :
2427 2291 2447 2321 ι
2486 2270 2717 2325 Verbum
2751 2286 2847 2339 pro
2877 2274 3077 2342 ἀξίωμα
3112 2288 3262 2327 more
3282 2290 3378 2325 suo
3409 2274 3607 2343 posuit.
3643 2292 3664 2326 ε

2085 2360 2307 2428 Ibidem,
2335 2370 2440 2416 act.
2476 2363 2561 2428 11,
2592 2377 2740 2428 scen,
2765 2363 2798 2416 5
2826 2381 2840 2419 :
2876 2382 2896 2415 ι
2930 2365 3126 2418 Verum
3162 2365 3291 2421 illud
3319 2368 3537 2422 verbum
3563 2378 3667 2434 est,

2083 2452 2241 2520 vulgo
2272 2446 2411 2523 quod
2434 2454 2538 2509 dici
2569 2454 2726 2509 solet.
2768 2474 2788 2508 ι
2819 2455 2914 2511 Ubi
2941 2457 3214 2511 Donatus:
3247 2475 3267 2509 ι
3323 2458 3375 2513 Id
3404 2468 3508 2525 est,
3541 2475 3670 2530 pro-

2086 2548 2349 2611 verbium,
2380 2545 2454 2619 [v]
2478 2557 2531 2602 et
2553 2549 2857 2613 sententia;
2896 2557 2945 2603 et
2975 2549 3054 2604 sic
3077 2560 3288 2605 veteres
3314 2552 3531 2605 verbum
3577 2568 3671 2620 pro

2083 2641 2373 2694 sen‘entia.
2407 2659 2425 2691 ι
2467 2640 2629 2704 Idem,
2662 2639 2940 2703 Eunucho,
2968 2649 3076 2695 act.
3109 2642 3129 2694 1
3159 2681 3174 2705 ,
3204 2657 3352 2696 scen.
3388 2642 3462 2695 2:
3502 2662 3522 2695 ι
3561 2643 3670 2698 Uti-
3744 2662 3749 2667 ·

2084 2732 2368 2786 namistuc
2398 2731 2637 2786 verbum.
2680 2750 2697 2783 ι
2751 2731 3027 2785 Donatus:
3078 2751 3097 2784 ι
3156 2733 3220 2786 Ει
3255 2732 3393 2787 istuc
3421 2734 3670 2799 verbum,

2086 2837 2182 2891 pro
2228 2832 2335 2877 tota
2376 2822 2662 2877 sententia.
2714 2822 2944 2876 Verbum
2977 2824 3072 2891 pro
3114 2822 3278 2878 dicto.
3311 2823 3414 2878 Sed
3458 2827 3670 2893 proprie

2089 2914 2308 2985 ἀξίωμα,
2340 2912 2392 2965 id
2415 2920 2497 2966 est
2517 2910 2782 2965 sententia
2814 2912 2897 2964 vel
2920 2913 3237 2979 enuntiatio,
3269 2929 3387 2982 qua:
3412 2916 3670 2983 unoliga-

2085 3009 2172 3055 tur
2192 3012 2247 3055 et
2277 3002 2591 3070 astringitur
2621 3002 2807 3065 verbo,
2843 3001 3066 3055 verbum
3096 3016 3127 3054 a
3156 3002 3430 3057 veteribus
3455 2994 3670 3057 diceba-

2085 3101 2191 3147 tur.
2228 3112 2246 3144 ι
2280 3092 2477 3147 Ibidem
2503 3109 2514 3144 :
2556 3111 2575 3145 ε
2605 3092 2786 3146 Victus
2809 3109 2914 3147 uno
2942 3096 3105 3147 verbo
3132 3109 3289 3164 quam
3314 3095 3446 3149 cito.
3487 3113 3509 3148 ε
3566 3097 3670 3150 Do-

391 3192 581 3262 μονήρη
600 3189 707 3260 βίον
727 3190 998 3262 μετελθεῖν,
1044 3195 1129 3245 καὶ
1162 3193 1524 3255 ἀποτάξασθαι
1558 3198 1649 3252 τῆς
1679 3191 1872 3262 τύρϐης
1901 3194 1978 3245 καί

2088 3191 2240 3237 natus
2271 3200 2283 3237 :
2313 3182 2545 3237 Verbum
2587 3183 2788 3237 dictum
2839 3184 3127 3253 intelligas,
3156 3186 3297 3254 quod
3325 3186 3492 3241 verbo
3518 3200 3670 3242 com-

392 3283 710 3352 συγχύσεως
730 3289 823 3337 τοῦ
853 3283 992 3354 βίον.
1029 3302 1047 3334 ι
1088 3282 1255 3338 Porro
1282 3286 1337 3337 in
1360 3284 1471 3338 suis
1502 3284 1850 3337 familiaribus
1870 3284 1979 3339 col-

393 3370 587 3441 loquiis
612 3371 839 3426 subinde
869 3376 1239 3429 commeminit
1260 3374 1401 3429 Vitae
1419 3384 1727 3429 sanctorum
1757 3375 1974 3430 Patrum

392 3468 447 3514 et
475 3461 937 3529 anachoretarum,
971 3480 1266 3535 eorumque
1311 3466 1735 3521 conversationis
1764 3481 1829 3521 ac
1863 3466 1975 3521 vir-

396 3553 543 3615 tutis,
577 3552 648 3607 ita
692 3564 749 3608 ut
800 3555 1064 3623 ejusmodi
1114 3558 1453 3614 sermonibus
1494 3569 1981 3628 compungerentur

392 3656 499 3695 non
526 3642 700 3711 pauci,
749 3642 819 3697 ita
853 3653 908 3698 ut
934 3659 997 3700 ex
1027 3660 1213 3700 eorum
1266 3648 1435 3701 oculis
1486 3647 1774 3701 uberrimae
1818 3647 1979 3702 elice-

391 3745 576 3791 rentur
598 3750 662 3791 ac
692 3735 988 3792 defluerent
1029 3739 1303 3809 lacrymm,
1358 3748 1415 3795 et
1457 3740 1659 3810 ingenti
1710 3739 1979 3795 desiderio

391 3838 719 3897 caperentur
747 3829 1045 3884 solitariam
1069 3828 1351 3885 exercendi
1380 3832 1567 3897 vitam,
1593 3841 1647 3885 et
1672 3839 1976 3887 extremum

391 3919 512 3974 vale
538 3918 750 3973 dicendi
783 3919 1102 3975 turbulentae
1132 3919 1432 3975 confusioni
1482 3921 1607 3975 vita:
1633 3919 1811 3990 hujus.
1848 3938 1868 3972 ι

461 4010 516 4065 8.
560 4008 842 4066 Fulbertus
895 4010 1243 4067 Carnotensis
1287 4012 1603 4083 episcopus,
1648 4014 1805 4082 epist.
1850 4011 1917 4070 79
1963 4030 1976 4066 :

395 4118 416 4153 ε
454 4102 605 4157 Mitto
627 4101 719 4156 tibi
744 4101 1089 4174 Cyprianum,
1119 4102 1495 4174 Porphyrium,
1522 4113 1576 4159 et
1600 4103 1746 4159 Vitas
1763 4104 1980 4181 Patrum

374 4209 512 4250 cum
538 4194 818 4259 Psalterio,
849 4208 908 4249 ut
943 4196 1140 4263 petisti.
1169 4214 1187 4248 ι
1221 4196 1287 4250 Et
1313 4198 1365 4250 in
1397 4195 1501 4252 line
1526 4196 1649 4251 libri
1681 4204 1802 4265 post
1829 4197 1981 4268 hym-

393 4301 522 4342 num
553 4286 622 4341 de
652 4286 939 4343 Nativitate
983 4286 1188 4341 Christi
1217 4296 1271 4342 et
1310 4286 1606 4357 Epiphania
1635 4306 1649 4343 :
1683 4306 1701 4340 ι
1740 4290 1797 4344 In
1846 4288 1982 4343 Vitis

394 4376 608 4433 Patrum
680 4389 918 4433 veterum
974 4378 1227 4448 quiddam
1290 4378 1396 4449 legi
1439 4379 1758 4449 jucundum.
1807 4399 1827 4432 ι
1880 4380 1980 4435 Ubi

391 4468 697 4539 rhythmice
718 4477 963 4524 recenset
991 4467 1210 4523 Joannis
1259 4467 1417 4523 Parvi
1465 4484 1559 4524 seu
1591 4470 1777 4525 Brevis
1815 4471 1982 4525 histo-

2086 3273 2353 3342 plectitur,
2402 3282 2457 3327 et
2504 3273 2786 3341 completas
2834 3273 3116 3327 sententiae
3160 3276 3665 3343 pronuntiationem,

2082 3365 2227 3434 quod
2274 3367 2477 3438 ἀξίωμα
2524 3366 2921 3421 nominabatur.
2983 3386 3002 3418 ι
3038 3366 3204 3433 Idem,
3242 3367 3533 3434 Eunucho,
3562 3380 3669 3425 act.

2082 3458 2136 3522 ι,
2166 3472 2315 3511 scen.
2345 3455 2421 3510 5:
2483 3476 2501 3509 ι
2565 3456 2822 3524 Verbum,
2880 3458 3089 3523 Hercle,
3147 3459 3269 3513 hoc.
3308 3477 3329 3512 ε
3388 3460 3667 3515 Donatus:

2089 3568 2107 3602 ι
2144 3550 2400 3617 Verbum,
2429 3551 2793 3619 proverbium.
2840 3569 2858 3602 ι
2912 3550 3077 3617 Idem,
3132 3550 3394 3621 Adelph.,
3451 3561 3557 3609 act.
3610 3553 3666 3617 5,

2082 3660 2239 3700 scena
2270 3647 2343 3700 8:
2374 3664 2392 3697 ι
2427 3645 2543 3699 Νοιι
2574 3660 2750 3700 meum
2782 3645 2910 3700 illud
2937 3645 3157 3700 verbum
3205 3645 3365 3699 facio.
3403 3664 3421 3698 ι
3487 3646 3666 3700 Dona-

2082 3746 2168 3793 tus
2195 3755 2207 3790 :
2241 3755 2261 3789 ι
2297 3737 2535 3792 Verbum
2564 3752 2662 3806 pro
2689 3740 2939 3811 ἀξιώματι
2974 3738 3167 3805 posuit,
3198 3738 3338 3807 quod
3368 3753 3475 3792 uno
3504 3739 3669 3792 strin-

2082 3829 2223 3897 gitur
2250 3830 2437 3883 verbo.
2472 3827 2615 3897 Ergo
2657 3827 2879 3881 verbum
2912 3829 3090 3883 brevis
3129 3830 3416 3895 sententia,
3446 3830 3668 3884 verbum

2083 3919 2224 3973 dixit
2255 3933 2436 3974 veram
2467 3918 2811 3974 sententiam.
2851 3917 2985 3973 Nam
3015 3919 3177 3976 verba
3215 3936 3336 3978 esse
3380 3935 3411 3976 a
3442 3922 3668 3978 veritate

2083 4010 2246 4079 dicta,
2276 4019 2506 4067 testatur
2533 4010 2725 4066 Varro.
2756 4030 2777 4065 ε

2154 4102 2283 4169 Quae
2304 4102 2395 4156 alii
2411 4101 2582 4167 verba,
2599 4103 2889 4158 Cassianus
2916 4104 3045 4159 scita
3062 4113 3219 4160 vocat
3240 4104 3377 4161 libro
3414 4121 3449 4160 v
3470 4104 3667 4173 Instit.,

2085 4208 2203 4263 cap.
2226 4191 2336 4246 24:
2366 4211 2385 4247 ι
2413 4192 2545 4248 Cum
2568 4193 2635 4248 de
2659 4193 2833 4264 Syriae
2850 4195 3089 4265 partibus
3120 4195 3402 4253 Seniorum
3434 4196 3567 4249 scita
3590 4195 3671 4250 di-

2085 4299 2238 4340 scere
2264 4284 2563 4353 cupientes,
2594 4284 2819 4356 IEgypti
2873 4286 3204 4353 provinciam
3256 4285 3605 4353 petissemus.
3644 4302 3666 4337 ι

2155 4377 2481 4431 Dicebantur
2533 4376 2694 4431 etiam
2732 4378 3013 4431 sententiaz.
3058 4377 3328 4447 Pelagius,
3358 4376 3539 4432 libello
3589 4391 3671 4443 ιι,

2087 4485 2143 4524 ιι.
2168 4468 2240 4523 ‘20
2273 4486 2286 4521 ε
2325 4488 2344 4521 ι
2382 4469 2593 4538 Loquar
2623 4468 2692 4523 de
2719 4469 2897 4524 verbis
2919 4478 2973 4524 et
2997 4470 3278 4525 sententiis
3307 4468 3616 4524 Seniorum.
3648 4487 3667 4520 ι

391 4560 605 4625 riolam,
644 4560 732 4629 qui
778 4560 946 4614 instar
996 4560 1184 4627 Angeli
1234 4574 1397 4629 agere
1446 4559 1794 4615 desiderabat
1844 4561 1975 4616 nihil
2005 4557 2060 4619 Ι)
2153 4559 2483 4629 Quandoque
2528 4575 2804 4613 sermones.
2834 4559 3111 4628 Pelagius,
3138 4559 3321 4614 libello
3368 4572 3421 4612 tv
3456 4601 3472 4627 ,
3506 4573 3561 4611 ιι.
3596 4558 3619 4611 1
3655 4572 3673 4612 z

391 4664 646 4719 operans,
679 4651 819 4717 quod
854 4651 1021 4704 habes
1061 4648 1198 4717 apud
1224 4648 1449 4715 Buffin.,
1485 4651 1577 4706 lib.
1612 4666 1692 4716 ιιι,
1726 4667 1781 4706 ιι.
1811 4650 1902 4716 56,
1925 4661 1980 4708 et

393 4741 688 4811 Pelagium,
716 4740 882 4795 libell.
916 4756 971 4801 ι.
1004 4756 1151 4794 ιιιιιιι.
1186 4739 1275 4793 27.

467 4836 599 4891 Dico
624 4836 860 4889 secundo
886 4852 899 4888 :
923 4835 1148 4903 Quidam
1174 4850 1236 4889 ex
1267 4835 1351 4890 his
1374 4835 1526 4891 libris
1551 4836 1791 4910 inscripti
1813 4852 1984 4908 quan-

393 4925 569 4998 doque
600 4927 768 4991 fuere,
805 4925 972 4980 Verba
1015 4927 1291 4980 seniorum.

466 5018 537 5071 Ita
564 5017 703 5072 Beda
727 5017 1107 5089 Martyrologio
1135 5032 1255 5083 suo,
1286 5017 1354 5074 19
1405 5016 1528 5074 Julii
1556 5034 1568 5073 :
1604 5036 1623 5070 ι
1660 5018 1814 5087 Apud
1842 5020 1983 5075 'l'he-

394 5108 605 5165 baidam
636 5108 805 5163 sancti
838 5108 1009 5163 Patris
1035 5110 1204 5164 nostri
1236 5110 1473 5175 Arsenii,
1499 5110 1569 5165 de
1598 5125 1707 5179 quo
1739 5112 1791 5165 in
1839 5111 1977 5166 Ver-

399 5204 479 5259 bis
505 5201 796 5258 Seniorum
849 5202 1098 5267 refertur,
1133 5203 1258 5273 quia
1292 5212 1510 5273 propter
1538 5202 1978 5257 redundationem

399 5295 751 5366 laerymarum
801 5294 1175 5364 tergendarum
1208 5294 1481 5349 sudarium
1529 5308 1742 5363 semper
1769 5294 1821 5348 in
1862 5295 1980 5348 sinu

400 5387 487 5443 vel
524 5389 577 5441 in
607 5402 769 5441 manu
825 5387 1087 5442 habuerit.
1154 5405 1173 5439 ι
1230 5386 1430 5442 Eadem
1481 5385 1620 5455 apud
1661 5385 1981 5449 Usuardum,

400 5480 697 5545 Rabanutu,
731 5478 996 5544 Adonem,
1027 5477 1672 5546 Notkerum.,Desumpta
1723 5489 1848 5532 sunt
1894 5494 1985 5531 au-

401 5584 514 5630 tem
545 5587 614 5627 ex
638 5570 730 5627 lib.
766 5586 823 5626 ιιι
846 5570 1064 5639 Bullini,
1087 5584 1238 5624 num.
1275 5566 1399 5635 165,
1444 5575 1501 5623 et
1549 5567 1770 5638 Pelagii,
1804 5568 1984 5623 libello

404 5679 482 5734 nt,
508 5680 562 5719 ιι.
588 5665 644 5719 1.
812 5654 878 5703 ’θ’

472 5759 743 5829 Originem
793 5757 932 5812 tituli
963 5756 1121 5825 hujus
1148 5755 1309 5813 credo
1335 5770 1454 5811 esse
1501 5770 1565 5811 ex
1592 5753 1781 5809 crebra
1836 5754 1982 5810 verbi

880 6208 969 6213 πμ-
1008 6204 1105 6213 ..ναέ
1156 6204 1295 6213 ν-η-ο-
1394 6206 1437 6213 σο.

1596 6203 1905 6213 ..δίη-λῳ
1946 6205 2111 6216 “-7,”
2158 6203 2291 6213 -.Αῂγγ
2476 6202 2583 6210 νίθν-
2626 6204 2635 6209 -
2738 6206 2743 6209 ς
2828 6208 2843 6209 κ
2906 6207 3171 6213 7~-vra»

2092 4670 2112 4704 ε
2149 4652 2414 4707 Sedentes
2435 4652 2487 4705 in
2520 4651 2642 4705 navi
2669 4650 3022 4721 loquebantur
3050 4664 3355 4706 sermonem
3380 4649 3618 4703 Patrum.
3648 4667 3671 4701 ε

2095 4762 2113 4795 ε
2153 4746 2214 4795 Et
2244 4742 2382 4810 apud
2422 4739 2754 4805 Cassianum,
2792 4740 2973 4793 collat.
3001 4740 3055 4808 1,
3087 4753 3206 4809 cap.
3234 4739 3287 4807 1,
3312 4738 3477 4794 babes
3502 4756 3523 4792 ι
3550 4738 3678 4794 Ser-

2087 4846 2305 4888 monem
2335 4829 2722 4884 azdilicationis.
2753 4844 2776 4881 ε

2161 4922 2398 4979 Subinde
2448 4936 2710 4988 responsa.
2764 4918 3079 4975 Paschasius
3101 4920 3123 4987 ,’
3147 4933 3267 4989 cap.
3296 4918 3389 4987 41,
3423 4919 3475 4975 in
3519 4918 3623 4975 line
3655 4936 3671 4975 :

2098 5037 2116 5070 ι
2150 5018 2275 5073 Haec
2295 5015 2617 5085 sapientium
2645 5023 2699 5068 et
2721 5012 3079 5081 Spiritualium
3107 5027 3361 5082 responsa
3376 5013 3612 5067 Patrum.
3648 5032 3668 5064 ι

2085 5110 2151 5165 Ει
2203 5108 2512 5180 Sigebertus
2565 5105 2631 5160 de
2686 5106 2882 5160 illustr.
2919 5104 3173 5161 Ecclesia
3228 5104 3518 5176 Scriptor.,
3549 5118 3671 5173 cap.

2087 5203 2190 5259 118
2221 5221 2231 5255 :
2263 5221 2280 5253 ι
2321 5199 2764 5269 luterrogationes
2789 5211 2842 5255 et
2872 5200 3305 5269 responsiones.»

2158 5293 2286 5347 Item
2341 5292 2793 5363 apophthegmata.
2848 5288 3148 5355 Petronius,
3178 5285 3529 5343 Bononiensis
3558 5290 3676 5355 epi—

2090 5400 2303 5455 scopus,
2333 5385 2470 5453 apud
2490 5385 2821 5455 Alphonsum
2848 5382 3161 5437 Ciacconem
3178 5421 3193 5445 ,
3214 5388 3439 5434 tractatu
3465 5379 3532 5432 de
3560 5392 3678 5430 sau-

2091 5478 2166 5531 eti
2190 5476 2499 5546 llieronymi
2538 5475 2890 5540 cardinalitio,
2917 5482 2973 5526 ut
2996 5486 3119 5526 mox
3146 5471 3395 5526 citabitur
3424 5467 3677 5539 prolegoa

2092 5587 2251 5626 meno
2276 5568 2334 5636 ι,
2366 5568 2471 5640 §7.
2510 5569 2573 5622 Et
2602 5582 2768 5635 nuper
2794 5567 2847 5620 in
2883 5565 3213 5621 Bibliotheca
3261 5563 3500 5628 Patrum,
3529 5569 3674 5614 touto

2096 5660 2187 5724 IX.
2220 5662 2273 5716 in
2302 5658 2535 5715 secunda
2587 5667 2640 5713 et
2699 5656 2851 5712 tertia
2883 5656 3142 5721 editione,
3173 5654 3311 5709 liber
3358 5652 3575 5723 quintus
3623 5658 3678 5702 et

2094 5762 2277 5808 sextus
2309 5751 2545 5806 Vitarum
2576 5750 2792 5805 Patrum
2820 5750 2920 5823 hoc
2952 5748 3170 5805 nomine
3197 5745 3373 5804 editus
3399 5751 3502 5799 est.
3535 5740 3676 5810 Quin
