4002 6230
281 339 340 391 ΓΙ
1486 334 1879 392 PRULEGOMI

1998 334 2037 388 Ν
2079 332 2361 391 ιιιιιιιυιι.
3499 337 3563 391 l8
3602 406 3603 409 γ

278 464 333 505 et
378 454 636 524 prologtts
666 455 807 509 Prati
840 457 1152 525 Spiritualis,
1180 472 1273 513 seu
1329 456 1448 511 novi
1482 453 1750 513 Paradisi,
1775 452 1863 519 qui
1898 452 1940 508 Α
1974 465 2064 503 seu
2100 462 2465 520 tyrannm-nm,
2501 454 2619 507 sive
2642 451 3043 521 C:csarutn,qui
3071 468 3175 507 non
3217 452 3305 506 diu
3328 456 3552 521 impera.

275 546 501 602 Parisiis
529 547 722 603 Graece
740 550 910 603 editus
939 558 1021 603 est
1041 566 1179 603 anno
1209 549 1345 604 1604
1372 564 1435 603 ex
1460 546 1748 600 Codicibus
1767 543 1873 596 Va.

276 639 471 693 ticanis
502 648 562 692 et
608 639 707 692 viri
739 638 1021 693 clarissimi
1055 638 1320 693 Francisci
1372 637 1613 698 Olivarii,
1649 650 1771 689 eum
1806 634 1870 685 li-

273 731 431 786 brum
454 733 736 785 continere
766 732 839 783 ait
861 731 1149 802 διηγὴματά
1164 753 1217 786 τε
1237 735 1321 783 καὶ
1339 730 1699 799 ἀποφθέγματα
1729 726 1879 780 ὁσίων

275 826 366 877 καὶ
390 820 605 878 δικαίων
647 825 734 876 καὶ
781 821 1127 895 φιλοχρίστων
1178 821 1480 888 πατέρωντε
1503 820 1587 870 καὶ
1636 814 1875 886 ἀδελφῶνε

281 930 303 962 σ
344 914 686 965 narrationes
715 925 778 964 ac
808 911 941 964 scite
966 910 1107 963 dicta
1156 922 1249 961 seu
1278 906 1756 976 apophthegmata,
1787 919 1875 956 sa-

273 1018 525 1069 crorum,
555 1001 851 1071 iustorum,
883 1000 1187 1069 Christique
1234 999 1527 1053 amantium
1584 998 1791 1049 Patrum
1825 1004 1880 1048 et

274 1097 535 1150 fratrum.
565 1114 585 1148 ι
722 1090 729 1091 ί

358 1188 749 1254 Nonnunquam
790 1194 928 1255 gesta
953 1200 1147 1237 senum.
1180 1184 1410 1239 Joannes
1436 1182 1702 1247 Moschus,
1739 1182 1879 1235 Prati

278 1280 586 1350 spiritualis
608 1293 729 1346 cap.
750 1276 819 1330 55
844 1295 857 1329 :
884 1294 902 1327 ι
930 1276 1087 1331 Dedit
1113 1276 1242 1328 mihi
1268 1276 1458 1328 lihrnm
1482 1273 1547 1327 ad
1573 1273 1878 1344 legendum,

283 1374 343 1426 in
376 1388 481 1441 quo
534 1380 685 1440 gesta
716 1385 903 1424 senum
936 1370 1131 1434 scripta
1180 1376 1355 1423 erant.
1397 1388 1415 1421 ι
1450 1369 1502 1421 In
1536 1367 1722 1421 Graeco
1754 1377 1835 1420 est
1866 1386 1877 1419 :

284 1466 479 1520 Βίϐλιον
507 1464 807 1535 γεροντικὸν.
843 1462 915 1515 Ita
957 1476 1171 1531 quoque
1204 1462 1519 1515 nominatur
1549 1461 1686 1529 apud
1718 1461 1883 1513 Duro-

287 1559 472 1612 tlteum
502 1556 557 1608 in
592 1555 875 1608 Doctrinis.

364 1647 501 1701 Dicti
524 1645 841 1715 quandoque
859 1643 910 1698 hi
936 1644 1054 1698 libri
1082 1654 1205 1698 sunt
1220 1646 1491 1720 Πατιρικὸν
1505 1657 1599 1696 seu
1619 1644 1878 1717 Πατρικὸν.

289 1738 364 1791 lta
418 1737 507 1791 hic
560 1744 684 1804 post.
726 1737 889 1789 habes
938 1736 1323 1806 prolegomeno
1378 1734 1567 1799 12,de
1622 1733 1878 1788 Paradiso

1986 552 2191 602 verunt,
2226 544 2275 595 in
2331 544 2558 597 obscuro
2616 545 2803 598 latent.
2846 563 2863 593 ι
2903 544 2970 598 Et
3024 560 3147 598 mox
3179 563 3193 599 :
3222 564 3244 599 ι
3286 546 3393 602 Sed
3424 550 3561 616 ejus,

1982 634 2070 699 qui
2100 633 2250 686 Vitas
2280 635 2502 687 aliorum
2551 636 2787 689 scribere
2841 635 3075 702 orditur,
3103 636 3339 691 ofﬁcium
3372 650 3455 693 est
3484 643 3563 693 di-

1983 741 2079 790 gna
2099 727 2400 792 cognitione
2427 728 2779 796 perscribere.
2805 747 2823 779 ι
2853 729 3208 798 Lampridius,
3226 731 3277 785 in
3298 733 3562 787 Alexand.

1982 816 2184 869 Severo
2216 834 2228 868 :
2266 834 2285 867 ι
2328 818 2475 871 Vitas
2530 818 2831 887 principum
2868 819 3128 873 honorum
3163 822 3404 874 versibus
3433 824 3562 876 scri-

1985 910 2107 973 psit.
2140 928 2157 959 ι
2191 910 2355 963 Divus
2401 910 2746 979 Augu‘tinus,
2773 913 2839 963 de
2886 910 3068 975 Civit.,
3099 913 3236 968 libro
3290 930 3419 977 xm,
3444 931 3563 983 cap.

1982 998 2086 1052 29:
2118 1017 2136 1051 ι
2180 999 2332 1054 Unde
2387 1001 2741 1054 discernimus
2770 1017 2798 1054 a
2829 1016 2932 1055 non
2963 1003 3262 1059 viventibus
3310 1021 3561 1074 corpora,

1985 1089 2086 1141 nisi
2135 1105 2360 1158 corpora
2421 1091 2575 1144 simul
2609 1092 2848 1159 vitasque
2880 1092 3191 1147 videamus?
3227 1113 3247 1146 ι
3281 1094 3554 1163 Sidonius,

1984 1180 2122 1233 libro
2149 1196 2221 1243 tv,
2252 1179 2495 1247 epist.”
2516 1198 2528 1234 :
2552 1199 2571 1233 ι
2596 1182 2728 1249 Quia
2749 1182 2960 1236 Christo
2989 1199 3075 1237 res
3105 1185 3362 1240 humanas
3395 1186 3559 1240 vitis-

1985 1285 2087 1335 que
2140 1270 2468 1325 medicaturo
2501 1312 2514 1335 ,
2590 1274 2822 1339 putrium
2873 1273 3321 1329 conscientiarum
3392 1277 3566 1332 cultro

1983 1360 2233 1427 squalens
2266 1361 2413 1414 ulcus
2435 1362 2725 1429 aperimus.
2749 1380 2770 1413 ι
2786 1361 3189 1435 Accedunt[vn]
3221 1365 3564 1421 auctoritates

1989 1450 2334 1516 procedentis
2377 1452 2755 1517 conclusionis,
2782 1454 2867 1507 ubi
2898 1463 2951 1508 et
3008 1454 3121 1523 ipse
3150 1455 3437 1524 Gregorius
3478 1456 3567 1512 Vi-

1987 1550 2066 1594 tas
2096 1542 2331 1606 Patrum,
2356 1557 2489 1612 quas
2515 1545 2599 1597 hic
2632 1558 2737 1613 ιιι-,υ
2779 1546 3027 1599 manibus
3055 1546 3335 1613 habemus,
3370 1548 3442 1602 ita
3473 1564 3566 1604 vo-

1986 1642 2091 1700 cat,
2122 1633 2261 1700 quod
2292 1647 2356 1687 eo
2393 1634 2607 1689 nomine
2634 1634 3015 1703 vulgatissimaa
3041 1647 3243 1693 essent.
3366 1692 3373 1699 ,

2056 1730 2299 1808 ριιςιξιυιει⁸
2322 1729 2558 1781 secundo
2609 1729 2907 1798 religiosior
2952 1730 3118 1791 alius.
3175 1746 3300 1785 num
3348 1732 3562 1788 Patrum

288 1829 516 1884 Joannis
540 1828 761 1882 Moschi.
785 1829 850 1881 Ει
874 1828 975 1881 alia
1000 1842 1209 1898 quoque
1229 1828 1354 1882 MSS,
1375 1826 1478 1880 vim
1498 1843 1614 1894 (μω
1641 1828 1884 1900 Πατρικδν
1920 1818 1960 1876 Β
1990 1834 2185 1872 nomen
2214 1816 2372 1872 nimis
2398 1818 2717 1874 invidiosum
2745 1821 2838 1888 sit,
2865 1835 2965 1875 nec
2986 1823 3051 1875 ab
3082 1823 3343 1892 religiOsis
3362 1834 3413 1879 et
3444 1839 3565 1879 ere-

290 1934 389 1989 pro
418 1917 574 1971 titulo
596 1918 815 1972 habent.

366 2008 463 2079 [vi]
477 2010 691 2075 Quarret
713 2008 796 2061 hic
823 2009 994 2077 primo
1018 2010 1236 2064 criticns
1252 2009 1539 2079 quispiam,
1559 2026 1678 2080 qua:
1697 2011 1883 2064 inscri-

293 2113 404 2171 ptio
436 2103 506 2154 sit
530 2101 724 2170 potior,
749 2100 958 2167 Vitane,
986 2119 1050 2155 an
1086 2102 1249 2156 Vitae?
1274 2102 1388 2156 Non
1421 2104 1556 2156 hanc
1614 2118 1882 2157 moverem

290 2192 665 2261 qnatstionem,
709 2192 809 2245 nisi
838 2191 947 2259 jam
977 2192 1107 2244 olim
1139 2190 1208 2245 de
1235 2206 1296 2244 ea
1325 2190 1608 2255 quaesitum
1634 2192 1881 2261 legissem

290 2286 429 2348 apud
452 2282 1182 2353 Cregor'ium'l’uronensem.
1224 2284 1325 2338 llle
1359 2285 1541 2353 igitur,
1577 2286 1884 2352 prtel'atione

293 2378 343 2428 in
390 2375 580 2428 librum
637 2391 796 2428 suum
838 2374 904 2427 de
943 2374 1062 2428 Vita
1094 2375 1332 2439 Patrum,
1369 2376 1460 2443 qui
1492 2375 1627 2430 liber
1662 2377 1770 2444 agit
1815 2377 1883 2432 de

292 2463 613 2531 quibusdam
644 2464 827 2517 saeculi
869 2462 948 2517 sui
991 2464 1188 2518 sanctis
1220 2464 1345 2517 viris
1379 2482 1389 2515 :
1425 2482 1445 2515 ι
1483 2464 1774 2531 Quaeritur,
1804 2466 1882 2519 iu-

291 2554 482 2622 quit,a
514 2555 852 2624 quibusdam,
885 2563 1061 2608 utrum
1109 2554 1225 2609 Vita
1272 2563 1575 2610 sanctorum
1628 2571 1695 2609 an
1746 2556 1881 2610 νιιεε

295 2648 474 2701 dicere
502 2647 824 2712 debeamus;
845 2647 1011 2701 Aulus
1038 2646 1242 2701 Cellius
1291 2658 1469 2702 autem
1501 2657 1554 2700 ct
1584 2648 1883 2715 complures

291 2734 378 2790 Ilii
410 2734 895 2790 Grammaticorum
921 2736 1068 2789 Vitas
1094 2737 1273 2791 dicere
1296 2738 1603 2790 voluerunt.
1630 2737 1758 2790 Nam
1784 2739 1885 2791 Pli-

292 2828 415 2881 nius
462 2838 673 2891 auctor,
709 2826 762 2880 in
810 2826 968 2881 tertio
1013 2828 1158 2881 Artis
1204 2827 1728 2916 grammatit-glibro
1758 2829 1831 2880 ait
1867 2846 1878 2879 :

294 2938 317 2968 σ
353 2918 502 2971 Vitas
525 2918 731 2987 antiqui
762 2918 1129 2986 cujuscunque
1174 2928 1413 2971 nostrum
1450 2917 1730 2982 dixerunt;
1783 2919 1877 2972 sed

290 3007 636 3077 grammatici
685 3007 943 3076 pluralem
994 3023 1099 3061 non
1150 3017 1335 3075 putant
1393 3008 1589 3062 habere
1619 3007 1816 3061 Vitam.
1859 3028 1877 3062 ι

292 3100 448 3155 Unde
502 3098 840 3155 manifestius
890 3108 1003 3166 est,
1032 3100 1226 3155 rectius
1272 3100 1376 3154 dici
1429 3101 1599 3155 Vitam
1648 3100 1867 3154 Patrum

1988 1911 2132 1962 mitis
2160 1910 2240 1964 vel
2264 1911 2628 1979 usurpandum
2661 1913 2963 1982 promiscue
3002 1915 3085 1969 vel
3131 1915 3568 1971 admittendum?

1987 2000 2360 2071 Hieronymus,
2395 2002 2529 2055 libro
2552 2019 2586 2056 ιι
2615 2002 2664 2055 ἰιι
2691 2004 2846 2071 epist.
2876 2005 2941 2058 ad
2971 2004 3207 2067 Galatas,
3238 2008 3291 2060 in
3314 2010 3566 2076 explana-

1988 2092 2130 2144 tione
2161 2093 2439 2145 comtnatis
2468 2092 2622 2160 hujus
2643 2133 2656 2159 ,
2684 2094 2826 2147 Misit
2854 2093 2994 2147 Deus
3007 2096 3384 2159 Spiritumlt‘t'lii
3406 2101 3486 2150 sui
3513 2100 3567 2153 in

1987 2184 2143 2235 corda
2174 2192 2349 2234 nostra
2380 2186 2699 2247 clamantem,
2726 2184 2886 2249 Abba,
2924 2184 3079 2239 Pater
3101 2186 3246 2257 (Gal.
3274 2192 3372 2257 tv),
3397 2191 3569 2245 credi-

1990 2285 2074 2327 tur
2101 2274 2436 2343 improbasse
2466 2277 2607 2342 piam
2656 2280 3045 2331 monachorum
3086 2280 3561 2345 consuetudinem,

1987 2369 2076 2438 qui
2127 2367 2410 2437 prmfectos
2442 2381 2568 2423 suos
2609 2367 2826 2422 honoris
2863 2371 3027 2437 gratia
3066 2372 3284 2424 abbates
3309 2383 3363 2426 et
3395 2384 3571 2451 patres

1987 2459 2289 2525 appellant;
2340 2467 2535 2526 praeter
2577 2458 2676 2513 hoc
2718 2470 2937 2527 autem,
2968 2462 3131 2515 etiatu
3160 2464 3445 2530 juratuenti
3485 2464 3572 2533 jus

1986 2548 2305 2602 Christianis
2352 2548 2562 2602 videtur
2615 2548 2900 2603 ademisse.
2956 2550 3123 2605 llahet
3169 2553 3311 2606 enim
3360 2569 3428 2606 eo
3469 2554 3573 2610 loci

1992 2641 2153 2691 verba
2202 2638 2508 2709 ltttjusntodi
2544 2656 2557 2691 :
2597 2656 2615 2691 t
2653 2640 2785 2693 Cum
2815 2656 2991 2694 autem
3035 2640 3217 2709 Abba,
3255 2642 3430 2711 Pater,
3464 2642 3570 2698 lle-

1989 2729 2133 2781 hrteo
2154 2726 2677 2797 Syroquesermone
2707 2728 2938 2797 dicatur,
2990 2739 3044 2784 et
3086 2732 3343 2786 Dominus
3391 2742 3571 2787 noster

1990 2820 2040 2871 iu
2094 2819 2390 2888 Evangelio
2438 2821 2714 2889 prmcipiat
2760 2821 2964 2874 nullum
3015 2821 3226 2876 Patrem
3282 2824 3574 2879 vocandum

1988 2910 2089 2964 nisi
2121 2911 2286 2965 Deum
2320 2910 2538 2981 (Matth.
2569 2911 2719 2983 xxv),
2767 2914 2949 2968 nescio
2986 2929 3090 2983 qua
3137 2916 3347 2971 licentia
3379 2918 3430 2971 in
3462 2932 3575 2972 mo-

1991 3003 2237 3056 nasteriis
2276 3004 2361 3058 vel
2393 3017 2647 3058 vocemus
2692 3004 2794 3058 hoc
2832 3005 3046 3058 nomine
3082 3005 3250 3071 alios,
3282 3007 3367 3062 vel
3398 3010 3575 3065 vocari

1990 3110 2088 3149 uos
2116 3096 2546 3165 acquiescamus.
2580 3096 2645 3149 Et
2675 3106 2824 3151 certe
2853 3097 2967 3165 ipse
3000 3100 3253 3167 praecepit
3302 3099 3403 3155 hoc
3426 3140 3441 3165 ,
3486 3103 3576 3170 qui

292 3206 452 3259 quam
484 3192 657 3256 Vitas,
686 3192 808 3260 quia
855 3206 975 3246 cum
1004 3192 1074 3247 sit
1104 3193 1390 3248 diversitas
1432 3194 1743 3248 meritorum
1779 3196 1883 3245 vir-
1914 3186 1959 3247 C
1990 3189 2202 3241 dixerat
2230 3203 2333 3242 non
2366 3203 2487 3242 esse
2512 3188 2824 3257 iurandum.
2852 3187 2908 3242 Si
2941 3206 3044 3243 non
3070 3190 3349 3259 juramus,
3382 3207 3451 3246 ne
3477 3192 3576 3246 Pa-

298 3292 610 3351 tutumque,
638 3297 742 3336 una
788 3291 993 3338 tantum
1027 3299 1212 3339 omnes
1257 3285 1363 3339 vita
1409 3286 1649 3355 corporis
1698 3288 1793 3341 alit
1838 3287 1888 3346 in

294 3371 523 3424 mundo.
562 3390 582 3423 ι

364 3462 474 3517 Pro
492 3461 752 3529 Gregorio
771 3464 891 3533 quis
920 3464 1188 3521 adducere
1222 3464 1409 3534 possit,
1429 3467 1571 3537 quod
1598 3467 1759 3523 habet
1787 3468 1886 3524 So-

292 3556 505 3627 sipater
531 3554 826 3620 Charisius,
854 3558 945 3611 lib.
969 3574 1004 3613 tt
1024 3559 1193 3613 lnstit.
1213 3574 1406 3629 gram.,
1434 3574 1550 3627 cap.
1579 3560 1648 3615 de
1673 3560 1892 3630 intevje-

291 3648 517 3703 ctione:
558 3667 575 3698 ι
610 3648 727 3700 Vita
772 3648 935 3701 Deum
968 3649 1369 3702 immortaliunt.
1402 3649 1535 3702 Cato
1572 3664 1757 3703 senex.
1795 3651 1889 3704 Ubi

292 3741 540 3795 Statilius
582 3740 841 3795 Maximus
878 3759 889 3793 :
923 3745 1260 3815 Ἐκφὼνησις,
1294 3741 1501 3810 inquit,
1538 3744 1791 3817 ἀρχαξκή,
1823 3746 1890 3804 ὡς

293 3834 353 3885 τὸ
406 3832 586 3886 nonor.
653 3833 783 3884 Cum
860 3832 1000 3885 enim
1065 3832 1198 3886 Cato
1262 3832 1328 3885 de
1394 3832 1635 3900 pluribus
1709 3836 1892 3901 loque-

294 3931 471 3988 retur,
504 3923 621 3976 Vita
688 3925 862 3991 potius
915 3923 1051 3977 dixit
1101 3939 1257 3992 quam
1305 3922 1461 3979 Vita).
1496 3944 1513 3973 ι
1547 3923 1636 3978 Sic
1681 3924 1891 3979 Flavius

297 4015 566 4083 chiscus
612 4018 666 4070 in
713 4017 947 4072 Carino:
980 4036 998 4069 ι
1040 4018 1271 4073 Maxime
1328 4034 1448 4073 cum
1513 4020 1597 4073 vel
1643 4019 1888 4073 vivorum

294 4110 600 4179 principum
634 4110 752 4164 Vita
783 4126 887 4166 non
914 4111 1030 4164 sine
1064 4112 1487 4179 reprehensione
1515 4112 1753 4165 dicatur.
1793 4128 1812 4163 ι

367 4199 511 4253 Olim
537 4210 711 4253 tamen
736 4200 965 4254 obtinuit
991 4209 1096 4255 tam
1134 4202 1273 4269 apud
1298 4203 1572 4271 profanos,
1601 4217 1761 4272 quam
1794 4217 1887 4257 ec-

296 4292 633 4346 clesiasticos
660 4292 973 4359 scriptores,
1008 4301 1065 4346 ut
1096 4291 1230 4347 Vita:
1252 4293 1581 4350 dicerentur.
1620 4291 1804 4363 Virgil.
1839 4308 1890 4346 tv

300 4379 500 4448 Georg.
521 4397 536 4434 :

393 4472 655 4532 Quemque
677 4474 773 4523 sibi
798 4481 998 4524 teneras
1022 4483 1303 4525 nascentem
1330 4488 1590 4526 arcessere
1617 4478 1761 4529 vitas.

304 4551 447 4607 Idem
476 4570 521 4606 vi
544 4551 795 4624 Eneid.,
817 4556 886 4613 de
917 4557 1089 4612 Minoe
1116 4576 1127 4611 :

1098 4648 1333 4712 Vitasque
1357 4658 1408 4700 et
1430 4652 1636 4701 crimina
1661 4651 1793 4703 dicit.

300 4710 365 4765 Et
390 4704 581 4759 eodem
607 4705 777 4762 libro:

396 4813 516 4866 inde
538 4817 785 4867 hominum
810 4822 1156 4883 pecudumque
1181 4834 1341 4885 genus
1360 4826 1574 4889 vitaeque
1601 4828 1867 4881 volantum.

302 4920 505 4975 Rursus
528 4921 664 4977 libro
685 4923 911 4979 eodem:

389 5029 522 5098 Etni
546 5033 684 5081 docta
709 5046 876 5098 comes
898 5034 1034 5082 tenui
1059 5035 1168 5084 sine
1201 5048 1408 5098 corpore
1434 5038 1559 5086 vitas

391 5097 667 5143 Admoneat
692 5095 915 5143 volitare.

302 5195 509 5264 Cicero,
531 5197 600 5253 de
628 5196 749 5252 Nat.
780 5197 941 5251 Deor.
968 5196 1099 5253 lib.t
1128 5216 1139 5251 :
1176 5217 1195 5250 ‹
1248 5199 1389 5252 Deus
1428 5198 1702 5253 hominum
1742 5215 1886 5253 com-

307 5292 457 5343 moda
491 5292 728 5360 vitasque
760 5300 960 5345 tuetur.
994 5308 1012 5341 ι
1046 5290 1187 5345 Idem
1245 5292 1310 5345 de
1339 5290 1556 5349 Amicit.
1586 5309 1599 5344 :
1635 5312 1652 5342 ι
1701 5292 1881 5361 Serpit

310 5399 399 5451 per
425 5387 660 5441 omnium
683 5392 821 5442 vitas
843 5385 1094 5445 amicitia.
1129 5403 1146 5437 ι
1170 5385 1475 5452 Terentius,
1502 5386 1751 5456 Adelph.,
1770 5399 1877 5443 act.

307 5474 359 5540 3,
380 5490 529 5531 scen.
552 5474 586 5527 5
612 5495 625 5529 :

391 5586 650 5653 Inspicere
673 5592 980 5653 tauquamhlo
1000 5591 1250 5653 speculum
1277 5591 1324 5639 in
1354 5591 1478 5653 vitas
1498 5592 1712 5638 omnium

395 5650 577 5712 Iubeo,
606 5657 759 5712 atque
782 5662 846 5699 ex
870 5651 979 5702 aliis
997 5650 1197 5703 sumere
1219 5651 1503 5714 exemplum
1526 5653 1635 5699 sibi.

311 5750 637 5822 Capitolinus
666 5752 725 5810 in
779 5752 1053 5813 Macrino:
1084 5772 1102 5807 ι
1135 5755 1268 5813 Vitae
1314 5754 1526 5812 illorum
1554 5753 1875 5826 principum,

1995 3290 2127 3333 trem
2156 3279 2371 3347 quidem
2403 3281 2704 3349 quempiam
2736 3281 3098 3336 nominemus.
3122 3282 3179 3337 Si
3211 3284 3281 3338 de
3307 3284 3466 3339 Patre
3491 3285 3576 3338 in-

1994 3370 2405 3438 terpretabimur
2450 3371 2622 3438 aliter,
2680 3383 2736 3428 et
2784 3372 2851 3428 de
2894 3372 3124 3441 jurando
3170 3374 3327 3430 aliter
3375 3377 3577 3433 sentire

1992 3479 2262 3533 cogemur.
2300 3482 2319 3516 ι
2355 3463 2479 3519 ilazc
2505 3465 2619 3520 ille.

2066 3554 2169 3609 Sed
2201 3558 2490 3626 respondet.
2520 3558 2701 3614 Sixtus
2730 3560 3011 3628 Senensis,
3045 3563 3136 3618 lib.
3158 3563 3578 3620 "Bibliotheca:

1993 3658 2212 3713 Sanctae,
2235 3661 2474 3705 annotat.
2504 3653 2647 3709 9.79:
2679 3672 2696 3704 ι
2726 3655 2991 3723 Arbitror,
3021 3659 3113 3721 ait,
3140 3658 3276 3712 hanc
3300 3660 3578 3727 periodum

1994 3757 2021 3791 ιι
2052 3740 2368 3796 seditiosulo
2392 3743 2644 3812 quopiam
2678 3748 2941 3800 monacho
2970 3749 3023 3801 in
3054 3748 3232 3803 fronte
3261 3752 3465 3820 pagina:
3488 3753 3579 3806 de-

1994 3834 2246 3897 scriptam
2275 3876 2292 3901 ,
2321 3843 2375 3890 et
2405 3835 2529 3891 inde
2560 3844 2743 3905 postea
2775 3838 2845 3891 ab
2873 3840 3224 3895 oscitantihus
3258 3842 3487 3896 librariis
3525 3844 3577 3898 in

1995 3937 2305 3982 contextum
2362 3929 2697 3984 translatam.
2753 3929 2864 3984 Nec
2920 3946 3007 3986 me
3054 3930 3209 3999 falli,
3265 3944 3581 4006 argumento

1995 4028 2119 4071 sunt
2146 4034 2264 4087 quae
2296 4019 2655 4090 Hieronymus
2703 4022 2969 4076 sententia
3008 4024 3165 4091 plane
3193 4029 3495 4089 contraria,
3529 4039 3582 4083 et

1996 4125 2058 4163 ex
2093 4111 2332 4177 professo
2371 4114 2588 4181 scripsit
2620 4114 2758 4169 libro
2788 4124 2979 4183 quarto
3019 4118 3071 4171 in
3122 4119 3459 4185 Matthazum,
3496 4121 3583 4180 ubi

1998 4203 2269 4272 inquirens
2299 4205 2567 4274 quomodo
2595 4206 2999 4276 intelligendum
3027 4209 3094 4263 sit
3122 4209 3254 4264 illud
3281 4210 3585 4269 Servatoris

1996 4292 2335 4358 mandatum,
2366 4292 2542 4349 Nolite
2566 4297 2739 4348 vocari
2777 4297 3041 4367 magistri,
3085 4309 3133 4353 et
3185 4310 3380 4367 patrem
3430 4302 3583 4356 nolite

1995 4398 2175 4437 vorare
2200 4385 2335 4439 vobis
2364 4402 2518 4454 super
2556 4397 2747 4441 terram
2772 4430 2784 4449 .
2824 4397 2931 4443 etc.
2968 4389 3185 4461 (Matth.
3229 4408 3359 4447 χχιιι
3380 4435 3397 4460 ,
3420 4396 3473 4458 8,
3505 4395 3583 4466 9),

1996 4474 2075 4527 sic
2103 4474 2176 4528 ait
2202 4492 2214 4527 :
2254 4493 2273 4526 ι
2309 4476 2578 4541 Quaeritur
2598 4493 2764 4546 quare
2802 4479 3061 4549 adversus
3093 4482 3192 4537 hoc
3223 4493 3544 4553 perceptum
3565 4527 3582 4553 ,

1920 4564 2274 4624 Ddoctorem
2324 4568 2559 4638 gentium
2612 4570 2899 4639 Apostolus
2944 4588 3003 4628 se
3056 4588 3179 4630 esse
3231 4577 3454 4644 dixerit,
3490 4590 3583 4636 aut

1995 4657 2263 4723 quomodo
2292 4659 2509 4727 vulgato
2532 4674 2781 4715 sermone
2806 4703 2819 4726 ,
2857 4663 3087 4718 maxime
3116 4665 3171 4719 in
3196 4665 3484 4722 Palaestina
3525 4678 3582 4725 et

1995 4748 2213 4821 Egypti
2243 4750 2604 4817 monasteriis,
2626 4767 2685 4807 se
2709 4753 2936 4808 invicem
2972 4756 3157 4810 Patres
3186 4759 3580 4829 vocantiquod

1993 4845 2072 4897 sic
2101 4843 2363 4898 solvitur:
2395 4846 2551 4899 Aliud
2581 4857 2663 4901 est
2706 4858 2893 4902 natura
2925 4864 3047 4904 esse
3081 4859 3288 4919 patrem
3332 4855 3415 4908 vel
3466 4870 3579 4908 ma-

1994 4933 2214 5004 gistrum
2238 4974 2252 4999 ,
2296 4934 2438 4989 aliud
2487 4935 2850 5005 indulgentia;
2884 4954 2980 4993 nos
3002 4939 3045 4993 si
3074 4941 3340 4997 hominem
3372 4954 3573 5013 patrem

1999 5037 2270 5086 vocamus,
2305 5025 2560 5080 honorem
2603 5027 2744 5081 aetati
2793 5028 3105 5096 deferimus,
3160 5046 3265 5086 non
3300 5043 3570 5091 auctorem

1996 5122 2194 5167 nostrae
2218 5116 2547 5169 ostendimus
2580 5117 2719 5170 vita}.
2752 5117 3005 5187 Magister
3035 5136 3248 5191 quoque
3275 5125 3471 5180 dicitur
3509 5146 3571 5183 ex

1994 5208 2265 5261 consortio
2286 5210 2394 5261 veri
2430 5210 2691 5279 magistri.
2720 5212 2783 5266 Et
2812 5227 2878 5266 ne
2907 5212 3109 5269 iniinita
3142 5217 3420 5287 replicem,
3445 5236 3571 5291 quo-

1997 5301 2153 5351 modo
2177 5315 2311 5353 unus
2345 5316 2437 5366 per
2484 5313 2728 5360 naturam
2773 5304 2949 5374 Deus,
2993 5315 3049 5362 et
3089 5324 3227 5364 unus
3267 5310 3431 5367 Filius
3472 5330 3576 5370 non

1997 5393 2304 5459 pru‘jttdicat
2330 5394 2563 5461 caeteris,
2601 5411 2666 5449 tte
2696 5411 2791 5465 per
2816 5398 3156 5466 adoptionem
3189 5402 3263 5457 dii
3296 5416 3574 5472 vocentur,

1994 5491 2043 5535 et
2078 5481 2202 5547 ﬁlii;
2240 5483 2311 5534 ita
2340 5492 2391 5535 et
2420 5499 2556 5536 unus
2588 5496 2736 5554 pater
2756 5495 2811 5539 et
2833 5492 3088 5560 magister
3116 5507 3224 5549 non
3261 5495 3574 5568 praeiudicat

1994 5574 2148 5639 aliis,
2199 5585 2255 5629 nt
2296 5578 2515 5632 abusive
2560 5580 2896 5649 appellentur
2924 5592 3106 5651 patres
3149 5595 3202 5642 et
3243 5588 3501 5659 magistri.
3544 5607 3564 5644 ι

1961 5743 1973 5750 ο
1995 5669 2258 5723 Hactenus
2290 5686 2354 5726 ex
2380 5670 2501 5729 divo
2526 5672 2851 5744 Hieronymo
2877 5673 3081 5735 Sirius.-

2061 5757 2119 5815 ιιι
2150 5760 2397 5819 eamdem
2428 5777 2642 5835 quoque
2670 5763 2992 5821 sententiam
3034 5765 3187 5825 divus
3209 5767 3533 5837 Augustinus
3552 5809 3570 5834 ,
