4002 6254
395 335 462 391 19
1316 323 1378 378 IN
1424 320 1622 378 VI'I'AS
1660 316 1942 373 PATRUM
1987 310 2493 370 PROLEGOMENA
2531 305 2718 362 XXVI.
3589 294 3659 352 20

397 446 683 504 collatione
709 439 1116 512 Carthaginensi
1147 437 1335 503 tertia,
1366 437 1539 504 capite
1558 432 1705 488 2-59.:
1737 453 1754 484 ι
1791 431 1970 487 liono-
2002 432 2052 491 Α
2079 429 2198 498 quia
2233 426 2556 482 Humbertus
2581 423 2694 490 ipse
2725 416 3025 512 praefatur:
3057 415 3159 484 ipsi
3204 413 3660 512 “umbrato-eum

397 540 674 598 rificentite
701 552 862 593 causa
895 545 1073 604 patres
1117 533 1451 602 appellamus
1495 546 1589 586 eos
1631 529 1721 596 qui
1755 543 1851 583 nos
1889 527 1973 581 vel

397 641 642 702 tempore
680 629 764 684 vel
815 627 1021 682 meritis
1067 631 1477 694 praecesserunt.
1514 620 1672 674 Aliud
1724 628 1808 672 est
1855 632 1974 670 cum

399 720 687 789 querimus
715 717 782 770 ad
828 715 984 769 lideut
1036 728 1193 782 quem
1245 710 1536 764 habeamus
1582 716 1811 774 patrem.
1842 703 1976 759 Nam

399 814 530 870 illud
561 810 783 866 honoris
825 817 942 873 est,
990 815 1045 860 ut
1086 804 1329 873 quotidie
1361 802 1576 857 senibus
1599 801 1858 861 dicamus,
1888 812 1978 865 pa.

401 914 515 972 ter;
543 903 778 974 quotidie
806 903 967 955 etiam
999 896 1316 968 quibusdam
1343 911 1449 948 nun
1480 893 1760 947 nobiscum
1791 891 1843 944 in
1875 905 1977 944 una

400 996 628 1054 ecclesia
653 1039 669 1064 ,
701 1009 799 1048 nec
827 993 880 1046 in
911 991 1100 1045 iisdem
1129 985 1484 1042 Sacramentis
1514 983 1818 1038 constitutis
1847 981 1981 1036 dici—

403 1103 544 1153 mus,
573 1086 759 1140 frater.
785 1081 921 1154 [vnt]
953 1080 1244 1138 Sodomitis
1274 1078 1432 1132 etiam
1463 1075 1598 1130 dixit
1637 1074 1735 1128 Lot
1755 1115 1770 1135 .
1815 1071 1981 1127 frater

409 1181 563 1253 (Gen.
581 1179 693 1249 xu)
716 1179 931 1247 :utique
957 1174 1022 1228 ad
1042 1170 1348 1228 leniendunt
1363 1184 1546 1223 eorum
1562 1166 1980 1228 animositatem,

405 1288 511 1328 nou
539 1271 606 1325 ad
635 1265 1346 1338 cognataml‘raternitatem,
1376 1273 1430 1316 et
1450 1261 1602 1330 quasi
1633 1259 1788 1312 unius
1813 1257 1982 1310 haere-

404 1360 585 1417 ditatis
599 1357 1243 1414 consortium.'l‘o'lantttr
1270 1368 1400 1422 ergo
1430 1353 1550 1406 ista.
1587 1351 1983 1420 Distinguamus

405 1455 684 1518 vocabula,
714 1467 833 1522 qua:
865 1448 1169 1504 hominibus
1209 1455 1425 1515 propter
1477 1445 1733 1498 honorem
1768 1443 1983 1496 ‘deben-

407 1555 512 1607 tur,
562 1554 619 1599 et
664 1543 978 1597 vocabulum
1019 1539 1159 1606 quod
1214 1547 1432 1606 propter
1479 1537 1706 1590 salutem
1754 1533 1984 1603 requiri-

404 1652 542 1690 mus.
578 1654 596 1700 ξ
1009 1619 1018 1628 ’

481 1728 583 1779 Sed
611 1737 668 1782 et
711 1727 833 1779 alibi
885 1735 1103 1780 sanctus
1132 1723 1498 1792 ilierouymus
1544 1721 1982 1805 artaqhoretarum

407 1818 674 1886 principes
715 1833 890 1886 patres
921 1828 1074 1872 vocat
1114 1820 1275 1887 epist.
1318 1815 1424 1881 22,
1475 1815 1537 1866 ad
1590 1811 1934 1866 Eustochium
1967 1827 1980 1864 :
2017 1812 2060 1870 Β

411 1926 432 1958 ι
469 1908 760 1966 Macarius.
789 1908 1009 1971 Pambo,
1044 1907 1309 1968 Isidorus,
1341 1921 1473 1974 quos
1504 1913 1683 1972 patres
1714 1910 1927 1954 vocant.
1962 1919 1980 1950 ι

406 1998 641 2066 Cyrillus
688 2000 847 2051 etiam
898 1997 1291 2052 Alexandrinus
1335 1996 1614 2062 epistulam
1655 2008 1812 2061 quam
1846 1991 1988 2044 misit

403 2089 470 2142 ad
521 2088 862 2157 presbyteros
906 2096 961 2140 et
1003 2086 1287 2148 diaconos,
1318 2101 1438 2152 quae
1472 2083 1700 2136 habetur
1745 2082 1797 2134 itt
1839 2080 1986 2134 Actis

404 2177 592 2247 synodi
627 2177 940 2249 Ephesium,
971 2185 1125 2244 parte
1157 2192 1206 2238 t,
1235 2190 1354 2242 cap.
1379 2174 1447 2239 ‘2,
1475 2172 1632 2226 simul
1686 2173 1984 2240 inscripsit,

403 2270 640 2343 Ηατράσι
659 2276 936 2337 μοναχοῖς,
970 2286 988 2317 ι
1028 2264 1272 2320 Putribus
1300 2264 1593 2318 monachis.
1638 2283 1656 2313 ι

477 2357 690 2423 Quaeret
735 2357 894 2411 tertio
923 2356 1152 2408 fortasse
1182 2353 1490 2408 curiosulus
1539 2354 1729 2420 aliquis
1763 2349 1900 2404 unde
1933 2351 1983 2403 itt

406 2445 675 2516 plerisque
699 2447 851 2501 libris
879 2440 1037 2500 editis
1061 2446 1211 2514 quasi
1245 2454 1391 2498 recto
1427 2459 1589 2507 casu,
1620 2444 1702 2497 vel
1736 2446 1986 2499 ἀπτὼτως

405 2553 503 2594 seu
558 2538 1007 2594 intleclinabiliter
1043 2537 1191 2591 Vitas
1234 2537 1448 2591 Patrum
1507 2537 1862 2592 inscribatur?
1913 2539 1983 2588 Ita

407 2629 623 2699 quidem
648 2629 809 2686 editio
831 2630 1052 2695 Veneta,
1079 2644 1220 2684 anno
1240 2629 1397 2691 1508,
1424 2630 1474 2683 in
1505 2629 1679 2684 fronte
1711 2645 1805 2697 pro
1832 2628 1984 2682 titulo

408 2720 644 2789 praefert.
676 2720 1014 2790 Respondet),
1042 2721 1210 2775 videri
1243 2721 1413 2790 possit
1458 2729 1630 2773 ortum
1679 2734 1748 2772 ex
1798 2719 1984 2786 primis

407 2810 724 2880 quibusdam
752 2810 1110 2874 editionibus,
1136 2811 1188 2864 in
1219 2809 1411 2880 quibus
1437 2825 1558 2864 cum
1598 2808 1803 2862 nullum
1849 2807 1986 2861 libro

410 2899 798 2969 frontispicium
847 2901 1174 2970 praeligatur,
1220 2901 1313 2955 sed
1364 2900 1572 2953 initium
1611 2898 1984 2968 appellationis

407 2993 662 3059 ducatur;
692 2993 773 3048 vel
803 3009 833 3048 a
864 2994 1087 3063 prologo
1125 2994 1212 3062 qui
1245 2995 1295 3047 in
1329 2993 1758 3062 Norimbergensi
1785 3032 1801 3056 ,
1843 3007 1984 3046 anno

408 3081 568 3148 M78,
599 3085 677 3139 sic
713 3083 908 3140 habet:
942 3083 1135 3156 Incipit
1183 3087 1425 3155 prologue
1471 3085 1632 3138 sancti
1679 3084 1984 3154 Hieronymi

2080 523 2308 576 fortasse
2340 517 2525 571 tribuit
2550 512 2941 568 Theodericus.
2984 508 3135 562 Nunc
3166 521 3323 573 vero,
3364 520 3484 558 eum
3511 504 3662 558 Vitas

2081 611 2176 663 bas
2199 607 2433 662 secundo
2457 602 2555 677 [ut]
2589 603 2730 675 typis
2761 599 3042 664 subtnitto,
3075 597 3275 668 prodiit
3303 597 3348 648 is
3371 595 3502 649 liber
3529 593 3668 649 Dua-

2079 699 2126 754 ci
2151 698 2287 768 apud
2314 696 2680 751 Baltltasarem
2717 691 2984 745 Bellerum
3017 703 3160 742 anno
3185 686 3341 740 1619.

2149 787 2415 843 Jordanus
2445 799 2657 853 quoque
2694 783 2761 836 de
2786 781 3014 834 Sztxonia
3043 777 3243 832 ordinis
3275 775 3503 830 fratrum
3547 791 3670 830 ere—

2081 881 2327 934 mitarum
2367 878 2539 932 sancti
2584 875 2862 945 Augustini
2914 875 3105 927 librum
3145 871 3468 940 composuit,
3513 886 3671 939 quem

2081 970 2232 1025 Vitas
2263 969 2504 1024 Fratrum
2537 969 2826 1036 inscripsit,
2853 967 3141 1033 editusque
3188 973 3274 1018 est
3310 965 3492 1017 Roma:
3535 981 3679 1018 anno

2085 1060 2244 1124 i587,
2275 1070 2492 1116 curante
2524 1059 2821 1130 Augustino
2862 1057 3156 1121 Fivizanio,
3202 1056 3443 1124 ejusdem
3472 1057 3672 1112 ordinis

2084 1151 2352 1216 religioso,
2381 1151 2658 1216 apo~tolici
2715 1149 2893 1218 palatii
2922 1136 3194 1208 'sacrista,
3250 1161 3371 1200 cum
3432 1151 3570 1202 notis
3601 1149 3669 1202 Μ.

2086 1241 2302 1295 Antonii
2357 1239 2542 1294 Μειηωί
2608 1237 2952 1294 Salernitani.
3018 1237 3287 1303 Josephas
3365 1237 3673 1302 Pamphilus

2085 1330 2368 1399 episcopus
2409 1331 2661 1399 Signinus
2694 1329 2743 1381 itt
2784 1326 3052 1380 Cill‘ﬂlli:0
3083 1325 3288 1379 ordinis
3319 1327 3667 1380 erentitarum

2085 1422 2252 1474 sancti
2284 1420 2562 1488 Augustini
2588 1420 2708 1472 citat
2740 1433 2805 1472 ex
2833 1416 2966 1470 Vitis
2998 1417 3104 1470 illis
3140 1416 3344 1470 initium
3370 1417 3677 1486 Spit-itualis

2091 1512 2519 1582 pulchritudinis,
2549 1509 2688 1578 quod
2717 1509 2922 1562 initiutn
2955 1524 3093 1560 nunc
3118 1508 3169 1560 in
3212 1507 3368 1562 editis
3393 1524 3497 1562 non
3527 1525 3679 1562 cout-

2091 1613 2258 1672 paret.
2290 1603 2445 1656 Forte
2467 1603 2593 1654 olim
2624 1617 2688 1655 eo
2716 1600 2864 1654 initio
2897 1596 3132 1666 praefatio
3157 1597 3255 1651 fuit
3278 1600 3514 1668 praefixa,
3544 1616 3666 1668 quae

2090 1711 2229 1750 nunc
2252 1695 2419 1749 deest.

2159 1785 2374 1838 Accedit
2405 1785 2561 1836 etiam
2591 1793 2827 1836 vetustos
2854 1797 2982 1852 quos
3006 1785 3105 1837 lam
3133 1785 3258 1839 Mss.
3292 1783 3501 1837 titulum
3531 1797 3671 1850 pra:-

2091 1877 2231 1932 ferre
2263 1877 2401 1929 Vitas
2444 1877 2675 1928 Palt‘lllll.
2709 1875 2781 1928 lta
2815 1877 2946 1930 liber
2979 1877 3296 1930 Vedastinus
3323 1886 3450 1928 ante
3490 1890 3658 1930 annos

2091 1987 2244 2034 supra
2281 1985 2406 2023 nccc
2427 1970 2654 2037 scrip'us
2682 1969 2890 2032 litteris,
2926 1979 2982 2021 ttt
3006 1979 3219 2035 vocant,
3251 1969 3591 2036 capitalibus.

2163 2063 2262 2114 Sed
2297 2079 2392 2127 qu:t
2423 2061 2788 2128 grattttttalica,
2823 2062 2904 2114 vel
2939 2078 3040 2128 qua
3085 2063 3369 2115 occasione
3403 2061 3537 2114 liber
3582 2061 3672 2114 ille

2089 2151 2158 2204 ita
2188 2151 2510 2218 inscriptus?
2559 2151 2618 2204 D.
2655 2152 2914 2218 Georgius
2943 2151 3310 2213 Colvenerius,
3343 2151 3408 2203 Μ.
3444 2149 3507 2204 Ν.
3537 2150 3671 2203 Aca-

2093 2245 2278 2298 demia-
2313 2245 2570 2297 [)uacena:
2616 2244 2986 2306 cancellaritts,
3017 2227 3388 2304 existimabat,
3421 2243 3668 2296 vetustis-

2086 2335 2225 2388 simo
2255 2350 2400 2389 more
2430 2335 2494 2388 ad
2525 2335 2833 2388 Grmcorum
2874 2333 3226 2387 imitationem
3261 2333 3452 2386 librutn
3495 2333 3666 2400 primo

2087 2429 2282 2481 d‘ctttm
2309 2437 2363 2481 et.
2390 2427 2720 2492 inscriptum,
2759 2427 2906 2480 Liber
2948 2426 3091 2481 Vitas
3118 2425 3356 2489 Patrum,
3391 2439 3488 2492 pro
3517 2424 3671 2477 Liber

2095 2517 2224 2571 Vittr
2256 2516 2488 2580 Patrum,
2522 2517 2573 2571 id
2622 2526 2720 2580 est,
2774 2516 2907 2570 liber
2939 2519 3024 2585 qui
3076 2516 3313 2570 continet
3339 2513 3514 2568 Vitam
3574 2514 3674 2568 Pa-

2089 2620 2258 2672 trum;
2303 2618 2361 2661 ttt
2390 2607 2535 2660 Vitas
2580 2608 2650 2660 sit
2696 2608 2964 2674 genitivus
2995 2607 3300 2676 singularis,
3347 2614 3403 2657 ut
3444 2605 3670 2660 familias

2088 2698 2141 2751 in
2173 2697 2571 2765 paterfamilias.
2605 2698 2807 2752 Deinde
2854 2697 3006 2751 Liber
3045 2697 3305 2752 omissum
3341 2713 3482 2762 esse,
3541 2700 3670 2752 sitn-

2088 2787 2398 2857 pliciterque
2419 2787 2620 2842 dictum
2649 2788 2792 2843 Vitas
2815 2788 3056 2842 Patrum.
3087 2790 3197 2859 Ego
3239 2805 3364 2844 vero
3395 2789 3576 2844 nescio
3601 2804 3672 2845 an

2085 2885 2350 2953 quispiam
2387 2861 2524 2940 ii'anc
2555 2887 2881 2954 antiquitatis
2914 2886 3138 2940 formam
3191 2888 3244 2940 itt
3285 2886 3672 2954 posterioribus

2086 2975 2296 3029 saeculis
2320 2977 2388 3029 sit
2408 2976 2756 3030 admissurus.
2785 2977 2945 3033 Certe
2985 2978 3211 3032 ioaunes
3261 2978 3663 3046 Despztuterius,

2087 3065 2180 3119 lib.
2202 3079 2238 3119 ll
2262 3068 2784 3122 Commentariorum
2806 3071 3291 3136 gt-atttmaticnrum,
3313 3071 3364 3123 in
3389 3071 3553 3137 prima
3581 3069 3676 3125 de-

407 3175 688 3245 presbyteri
716 3177 769 3229 iis
797 3175 950 3234 libros
995 3176 1141 3230 Vitas
1175 3176 1427 3241 Patrum;
1455 3177 1538 3230 vel
1567 3192 1597 3229 a
1635 3177 1892 3242 registro,
1924 3187 1982 3229 ttt

2101 3160 2404 3222 :linatione,
2438 3162 2553 3214 ait:
2599 3163 2758 3217 Liber
2815 3162 2955 3216 Vitas
3000 3162 3210 3215 Patrum
3257 3163 3335 3216 sic
3381 3178 3489 3216 non
3542 3163 3677 3219 dici-

407 3263 462 3318 in
503 3261 838 3320 Gertttanicis
867 3267 1055 3321 incerti
1094 3267 1197 3321 loci
1225 3307 1240 3330 ,
1283 3283 1424 3320 anno
1454 3268 1592 3323 M85
1621 3281 1674 3322 et
1703 3267 1840 3322 1485
1869 3286 1884 3321 :
1918 3267 1984 3322 In

407 3359 734 3426 antiquorum
769 3356 987 3410 Patrum
1032 3357 1210 3424 Vitas,
1251 3375 1284 3410 a
1323 3358 1466 3412 beato
1512 3355 1832 3427 Hieronymo
1861 3374 1985 3411 can-

406 3449 625 3519 scriptas
645 3450 948 3518 regiarum;
978 3451 1173 3504 factum
1204 3449 1415 3505 videtur
1444 3460 1499 3504 ut
1528 3452 1852 3519 posteriores
1875 3451 1989 3505 edi-

407 3547 572 3607 tores,
614 3541 758 3596 Vitas
785 3542 1001 3598 Patrum
1024 3583 1040 3608 ,
1067 3545 1357 3606 ἀπτὼτως,
1385 3557 1478 3595 seu
1513 3541 1876 3596 inflexibiliter
1900 3557 1988 3597 ce-

409 3635 601 3704 perint.
627 3635 782 3690 Certe
809 3634 975 3702 prima
997 3633 1238 3689 omnium
1267 3634 1449 3698 editio,
1476 3636 1621 3689 nullo
1647 3643 1796 3690 certo
1825 3651 1986 3698 anno,

408 3727 548 3793 loco,
608 3727 942 3798 typographo
991 3730 1304 3798 consignata
1355 3727 1511 3782 aliter
1558 3729 1761 3783 habet:
1793 3727 1990 3796 Incipit

408 3817 647 3886 πενίαιίο
677 3817 807 3870 beati
841 3815 1145 3886 Hieronymi
1170 3817 1449 3886 presbyteri
1476 3819 1527 3871 in
1551 3819 1771 3888 primum
1801 3818 1991 3870 librum

409 3910 473 3965 de
508 3909 630 3964 Vita
649 3919 945 3964 sanctorum
976 3909 1214 3965 Patrum.
1240 3909 1310 3965 Ut
1341 3925 1445 3964 non
1471 3911 1739 3964 immerito
1761 3909 1992 3964 Galenus

410 4000 822 4067 Westcapellus,
854 3999 1124 4055 catechesi
1150 3998 1260 4054 225
1287 4011 1493 4054 asserat
1532 4015 1592 4055 se
1638 4002 1844 4055 nescire
1889 4016 1990 4070 qua

411 4093 757 4164 grammatica
789 4092 922 4148 ltber
951 4092 1035 4145 hic
1059 4093 1382 4146 inscribatur
1405 4091 1553 4145 Vitas
1588 4090 1828 4145 Patrum.

483 4184 588 4239 Sed
618 4200 722 4238 non
755 4195 1030 4252 acceptam
1061 4184 1400 4239 occasionem
1432 4198 1495 4237 es
1521 4182 1709 4250 primis
1743 4182 1993 4236 editioni-

411 4274 513 4330 bus
541 4275 734 4330 librum
757 4291 878 4330 eum
905 4273 1130 4329 vocandi
1157 4285 1212 4329 et
1238 4272 1560 4328 inscribendi
1585 4273 1728 4326 Vitas
1753 4272 1992 4337 Patrum,

411 4366 498 4422 vel
527 4367 652 4422 inde
682 4377 847 4437 patet,
881 4367 1025 4438 quod
1050 4375 1262 4438 constet
1301 4367 1575 4434 antiquam
1626 4367 1786 4421 luisse
1813 4369 1995 4436 appel-

412 4457 667 4514 lationem
711 4457 861 4516 Vitas
900 4459 1150 4522 Patrum,
1193 4457 1354 4512 etiam
1398 4469 1522 4512 ante
1567 4459 1991 4526 impressionem.

2095 3261 2200 3315 tur,
2240 3251 2333 3306 sed
2373 3250 2506 3305 Vita:
2540 3253 2790 3316 Patrum;
2822 3253 2923 3325 legi
2961 3252 3103 3306 Vitas
3137 3251 3374 3318 Patrum,
3405 3264 3511 3308 etc.

2090 3333 2094 3337 ’
2167 3342 2464 3394 Hadrianus
2520 3343 2751 3396 Courtett
2804 3355 3022 3406 noster,
3083 3344 3352 3413 Belgiiqtte
3392 3344 3562 3397 nostri
3617 3343 3671 3397 in

2094 3435 2456 3501 grammaticae
2503 3435 2746 3501 palaestra
2776 3434 2906 3488 alter
2937 3434 3228 3499 Palmmou,
3275 3437 3544 3489 existitmt
3575 3435 3679 3488 im-

2097 3528 2339 3593 pisritiant
2369 3525 2642 3593 scripturis
2688 3541 2752 3580 ex
2792 3528 2872 3578 his
2929 3527 3108 3580 verbis
3166 3527 3285 3580 Vita
3341 3527 3402 3583 S.
3453 3527 3678 3581 Patruus

2097 3613 2285 3668 fecisse
2324 3614 2467 3668 Vitas
2503 3613 2736 3681 Patrum,
2782 3616 3049 3684 probabili
3102 3616 3154 3670 in
3201 3619 3385 3686 primis
3435 3619 3678 3688 facilique

2095 3705 2422 3774 conjectura.
3538 3770 3544 3776 _

2169 3794 2292 3849 Mihi
2325 3810 2455 3850 vero
2483 3795 2801 3851 occurrebat
2825 3795 2982 3864 hujus
3002 3798 3389 3864 appellationis
3418 3797 3678 3864 originem

2098 3886 2414 3952 profluxisse
2439 3902 2502 3941 ex
2538 3897 2774 3940 veterum
2816 3887 3094 3955 citatione,
3125 3886 3218 3958 qui
3247 3891 3314 3940 ita
3345 3886 3456 3942 fere
3488 3889 3678 3940 librum

2098 3977 2238 4030 hunc
2283 3977 2484 4041 citant,
2537 3979 2661 4032 licet
2707 3979 2873 4032 verbo
2922 3980 3144 4044 addito,
3196 3991 3254 4035 ut
3294 3989 3437 4049 patet
3487 3979 3572 4032 hic
3628 3982 3680 4033 itt

2101 4069 2266 4136 prima
2300 4069 2664 4134 conclusione,
2702 4070 2790 4123 ubi
2819 4071 3062 4125 Gelasius
3093 4073 3188 4135 ait,
3227 4090 3246 4123 ι
3285 4071 3429 4125 Vitas
3463 4070 3678 4124 Patrum

2097 4173 2216 4212 cum
2248 4159 2388 4212 omni
2417 4160 2617 4213 honore
2638 4159 2976 4228 suscipimus.
3001 4181 3019 4212 ι
3055 4161 3357 4216 Gentttditts
3391 4180 3404 4212 :
3442 4180 3460 4212 ι
3484 4161 3680 4216 Petro-

2101 4251 2222 4304 nius
2247 4251 2524 4318 scripsisse
2555 4262 2766 4320 putatur
2799 4252 2945 4307 Vitas
2979 4255 3218 4307 Patrum.
3259 4274 3276 4304 ι
3317 4253 3684 4309 Paschasius:

2107 4360 2126 4393 ι
2167 4342 2311 4396 Vitas
2349 4343 2560 4396 Patrum
2591 4344 2769 4411 jussus
2791 4345 2842 4398 in
2875 4345 3122 4398 Latinum
3149 4345 3442 4399 transferre
3473 4360 3680 4400 εει-αισι

2103 4447 2244 4486 Item.
2281 4450 2300 4484 ι
2321 4430 2672 4487 Cassiodorus
2702 4451 2716 4489 :
2745 4451 2762 4485 t
2800 4433 2947 4488 Vitas
2980 4435 3190 4489 Patrum
3217 4435 3565 4505 proculdubio
3601 4450 3688 4489 re-

413 4548 629 4606 Clamm
660 4548 712 4603 id
739 4558 824 4603 est
855 4549 1002 4603 νίωε
1024 4547 1299 4613 prauum,
1332 4563 1556 4617 quam,“
1597 4525 1844 4605 auctores
1875 4550 1998 4603 hinc
2029 4536 2076 4596 ι)
2107 4526 2310 4617 peritis.
2346 4546 2364 4578 ι
2419 4525 2646 4580 Sanctus
2695 4529 3016 4582 Benedictus
3043 4546 3056 4583 :
3088 4547 3106 4580 t
3172 4531 3332 4597 Legat
3362 4544 3499 4582 unus
3545 4530 3694 4585 Vitas

415 4658 574 4700 suum
626 4641 838 4695 titulum
865 4641 1114 4694 videntur
1145 4640 1389 4695 hausisse
1431 4651 1486 4694 et
1531 4640 1901 4696 adttmbrasse.
1938 4641 2004 4694 Et

416 4737 630 4806 quidem
658 4734 907 4790 diversus
933 4747 962 4785 a
991 4732 1219 4788 diversis
1247 4748 1312 4788 eo
1337 4734 1490 4788 titulo
1521 4733 1654 4787 liber
1675 4743 1757 4788 est
1778 4735 2002 4802 insigni-

419 4836 526 4882 tus.
562 4825 884 4880 Humbertus
932 4823 1152 4890 quintus
1182 4825 1435 4892 magister
1478 4826 1752 4894 generalis
1797 4827 2004 4881 ordinis

421 4917 486 4971 D.
521 4914 806 4980 Dominici,
839 4914 1036 4968 dicitur
1064 4913 1209 4968 Vitas
1233 4913 1477 4969 Fratrum
1505 4917 1587 4969 sui
1609 4915 1815 4970 ordinis
1855 4931 2004 4970 com-

423 5006 706 5075 posuisse,
735 5014 795 5058 ut
825 5004 986 5060 habet
1039 5005 1205 5060 frater
1248 5005 1617 5061 Theudoricus
1658 5007 1725 5062 de
1779 5006 2002 5074 Apoldia

423 5097 650 5165 cpistola
705 5096 1006 5166 prtelatoria
1060 5107 1185 5152 ante
1214 5097 1388 5152 Vitam
1430 5099 1601 5152 sancti
1643 5098 1938 5163 Dominici,
1975 5099 2007 5152 5

423 5187 667 5256 Augusti.
702 5187 947 5244 Nondum
981 5189 1085 5242 vidi
1111 5203 1234 5244 eum
1286 5189 1480 5243 librum
1515 5188 1774 5256 prodiisse
1813 5205 1879 5240 eo
1909 5203 2006 5241 att-

423 5289 590 5335 cture.
629 5279 808 5334 Habeo
852 5295 1017 5350 penes
1061 5295 1149 5336 me
1189 5281 1317 5336 Mss.
1351 5280 1500 5335 Vitas
1532 5280 1774 5333 Fratrum
1803 5280 2010 5332 ordinis

426 5371 490 5426 D.
526 5370 788 5426 Dominici
813 5412 828 5436 ,
872 5380 1093 5428 auctore
1113 5373 1355 5429 Gerardo
1390 5373 1457 5426 dc
1487 5371 1747 5425 Fracheto
1777 5371 2012 5425 Domini-

423 5475 584 5528 cano,
606 5462 695 5530 qui
721 5477 843 5517 eum
873 5463 1068 5518 librum
1102 5463 1318 5530 scripsit
1341 5461 1495 5530 jussu
1529 5460 1803 5515 lluntberti
1850 5476 2004 5529 gene-

426 5551 552 5606 ralis
571 5554 740 5622 quinti
769 5568 912 5608 anno
941 5551 1103 5610 i260.
1128 5551 1267 5607 Citat
1292 5559 1347 5606 et
1372 5566 1492 5604 eum
1517 5551 1778 5605 Antonius
1806 5551 2014 5606 Sent-n-

428 5646 504 5699 sis
534 5644 588 5699 in
616 5641 947 5699 Bibliotheca
973 5644 1295 5710 scriptorum
1327 5642 1406 5694 sui
1437 5640 1660 5695 ordinis.
1691 5643 1824 5706 Quia
1852 5643 2014 5713 igitur

431 5736 686 5806 auspiciis
719 5734 998 5792 llumberti
1027 5747 1150 5790 eum
1172 5732 1369 5790 librum
1398 5732 1616 5802 scripsit
1639 5729 1932 5804 Gerardus,
1959 5743 2012 5790 et

2107 4615 2344 4669 Patrum.
2380 4636 2400 4669 s
2450 4617 2738 4686 Gregorius
2783 4617 3158 4673 Turonensis:
3219 4639 3238 4672 ι
3281 4621 3425 4673 Vitas
3472 4620 3694 4675 Patrum

2107 4708 2397 4763 abscedens
2427 4708 2494 4762 ab
2544 4726 2609 4764 eo
2659 4711 2850 4764 direxi.
2895 4732 2913 4762 ι
2952 4712 3084 4765 Hinc
3131 4712 3311 4780 igitur,
3362 4713 3484 4781 quia
3539 4714 3698 4769 toties

2106 4799 2244 4865 apud
2285 4809 2529 4854 auctores
2557 4801 2802 4868 legebant
2830 4801 3044 4870 quidam
3087 4800 3232 4856 Vit-is
3285 4804 3518 4868 Patrum,
3560 4819 3680 4857 eam

2108 4889 2516 4957 appellationem
2561 4899 2812 4961 τεχνικῶς
2865 4891 3001 4944 libro
3031 4891 3296 4948 indidere.
3341 4893 3488 4948 Satis
3514 4903 3694 4948 attbettl

2107 4989 2317 5035 constat
2343 4997 2404 5034 ex
2438 4981 2714 5033 Gennadiu
2744 4997 2903 5048 supra
2934 4983 3122 5048 citato,
3155 4984 3346 5037 librum
3382 4985 3523 5037 ltuuc
3565 4984 3695 5036 olint

2113 5084 2258 5126 recte
2294 5075 2344 5124 itt
2375 5082 2520 5125 recto
2550 5071 2867 5140 inscriptum
2903 5073 3035 5129 Vitae
3065 5073 3303 5127 Patrum.
3338 5075 3410 5128 Ita
3436 5079 3579 5130 enim
3611 5076 3699 5130 ille

2114 5178 2233 5230 cap.
2270 5165 2354 5230 li,
2383 5163 2434 5216 in
2469 5163 2730 5231 Evagrio:
2770 5183 2788 5216 ι
2826 5166 2992 5235 Cujus
3020 5167 3179 5220 etiam
3215 5169 3369 5233 liber,
3402 5168 3490 5237 qui
3516 5169 3701 5222 attitu-

2118 5255 2255 5308 latur
2292 5253 2422 5307 Vita:
2451 5252 2688 5318 Patrum,
2722 5257 2865 5311 velut.
2888 5258 3336 5313 contitteutissimi
3365 5271 3418 5313 et
3439 5256 3700 5314 eruditis-

2120 5345 2237 5398 simi
2268 5345 2364 5398 viri
2395 5347 2719 5400 mentionem
2743 5345 2890 5402 facit.
2927 5367 2946 5400 ι

2579 5460 3134 5516 PliOLEGOMENON
3175 5462 3238 5515 ll.

2464 5552 2563 5617 Qui
2604 5551 2787 5605 horum
2827 5553 3072 5606 librorum
3108 5563 3362 5607 auctores.

2169 5639 2262 5712 -[x]
2288 5641 2381 5696 Hic
2403 5656 2530 5696 vero
2559 5641 2724 5696 cardo
2757 5643 2918 5696 tonus
2953 5643 3030 5698 rei
3053 5642 3302 5698 vertitur.
3335 5642 3563 5699 Utenim
3585 5657 3702 5696 tuu-

2113 5743 2251 5789 netae
2281 5748 2385 5788 non
2416 5741 2618 5788 tantum
2663 5749 2694 5787 a
2739 5734 2996 5806 pondere,
3045 5733 3142 5792 sed
3185 5742 3242 5792 et
3268 5735 3336 5790 ab
3364 5734 3544 5807 efﬁgie
3571 5747 3703 5791 suos
