4002 6230
284 308 344 364 21
1607 308 2159 366 PROLEGOMENON
2198 310 2283 366 IV.
3498 318 3573 375 2?.

284 430 371 475 est
412 416 588 483 valor,
623 418 700 472 ita
747 427 803 472 ct
848 418 969 473 libri
1001 418 1228 488 pretium
1274 433 1379 475 non
1428 427 1631 474 tantum
1662 436 1691 474 a
1725 421 1883 485 mole,
1917 422 1967 480 A
1993 421 2248 489 obstaret,
2273 423 2480 479 etiamsi
2502 433 2689 481 auctor
2710 424 2997 483 haereticus
3024 436 3185 495 esset,
3217 427 3389 483 Vitam
3419 429 3573 489 abeo

285 512 382 567 sed
409 526 464 567 et
490 511 564 565 ab
591 518 819 564 auclore
855 512 1170 566 mstitnatur.

358 600 512 668 Quod
543 602 589 655 si
620 610 815 655 auctor
858 602 1179 670 quandoque
1208 602 1358 667 latet,
1390 612 1515 657 tunc
1559 604 1883 670 investigare

284 692 612 749 conabimur
642 691 1028 758 interpretem;
1072 692 1161 759 qui
1189 691 1233 745 si
1279 693 1551 762 antiquus,
1581 695 1623 747 si
1673 695 1880 759 doetus,

283 785 331 838 si
362 784 585 853 probus,
618 797 727 836 non
760 795 1083 850 magnopere
1113 782 1179 838 de
1224 792 1443 839 auctore
1492 785 1881 841 laborabimus.

284 870 397 927 Cur
422 873 570 928 enim
602 872 1059 941 quodjudiciosos
1084 873 1349 942 interpres
1379 890 1480 930 suo
1495 876 1714 946 dignum
1746 878 1883 947 ston

284 962 567 1017 calamore
582 962 861 1031 judicavit,
896 977 1001 1016 non
1027 964 1108 1018 vel
1137 963 1304 1033 ipsius
1327 965 1430 1021 [ide
1452 968 1773 1037 recipiamus
1788 971 1813 1022 ’ἒ

359 1052 497 1120 Quia
527 1067 659 1107 vero
686 1052 838 1106 multi
869 1052 952 1106 hic
981 1052 1101 1106 libri
1133 1064 1280 1121 sunt,
1327 1071 1357 1110 a
1386 1056 1614 1113 diversis
1655 1058 1884 1114 auctori-

286 1141 391 1197 bus
417 1142 730 1210 conscripti,
779 1152 834 1197 et
887 1141 956 1196 de
1008 1143 1326 1209 quibusdam
1360 1146 1779 1216 perplexissima.
1798 1161 1885 1202 res

290 1240 398 1299 est,
431 1232 499 1287 de
540 1230 764 1301 singulis
792 1230 941 1285 libris
988 1232 1255 1300 inquiram
1288 1234 1512 1306 singulis
1545 1238 1877 1307 prolegome-

289 1338 399 1379 ms'
756 1391 1311 1450 rnocccousuou
1352 1394 1435 1450 ιη.

722 1503 847 1568 Quis
886 1503 1040 1573 primi
1078 1503 1199 1557 libri
1236 1509 1458 1559 auctor?

365 1610 495 1665 Dico
524 1611 677 1679 primi
700 1612 823 1667 libri
852 1622 1099 1667 auctores
1128 1615 1259 1668 varii
1290 1626 1410 1671 sunt
1436 1634 1448 1669 :
1478 1615 1691 1686 quidam
1725 1621 1879 1685 certi,

288 1702 507 1770 quidam
534 1702 700 1765 dubii,
736 1703 951 1772 quidam
984 1705 1193 1760 incerti.

361 1791 509 1845 Certi
560 1804 827 1856 auctores,
861 1807 1076 1847 suarum
1108 1796 1299 1862 sniguli
1334 1796 1599 1863 Vitarum,
1628 1809 1794 1853 sunt:
1831 1802 1879 1853 l.
1918 1800 1964 1860 Β

292 1880 456 1935 Divus
491 1882 865 1954 Hieronymus,
910 1896 1099 1938 auetor
1132 1885 1365 1939 Vitarutu
1397 1888 1615 1957 aliquot.
1649 1900 1702 1942 ut
1734 1890 1881 1944 l’auli

292 1972 451 2041 primi
481 1973 740 2038 crcmitas,
776 1973 1071 2039 Hilarionis,
1112 1978 1475 2041 auachorctzc,
1528 1977 1717 2032 Malchi
1765 1995 1880 2033 mo-

292 2064 448 2117 nachi
472 2064 691 2132 captivi,
720 2064 970 2128 l-‘abiolte,
1003 2066 1474 2129 Paul.e,;\|arcell:c
1520 2070 1881 2125 Romanarum

290 2154 595 2210 viduarum.
644 2156 698 2209 2.
728 2156 954 2210 Sanctus
987 2157 1307 2212 Athanasius
1337 2161 1620 2229 episcomts
1651 2162 1881 2215 Alexan-

288 2249 497 2312 drinus,
530 2248 880 2303 auctor‘Vita:
931 2251 1099 2305 sancti
1154 2252 1390 2309 Antonii.
1527 2254 1882 2323 Paphnutius,

288 2350 476 2393 auctor
508 2339 643 2394 Vitze
687 2342 858 2395 sancti
899 2342 1158 2409 Onuphrii
1224 2346 1486 2398 cremitar.
1538 2344 1593 2398 4.
1649 2344 1885 2401 Sanctus

289 2428 527 2498 Ephrem
557 2428 753 2499 Syrus,
795 2440 979 2486 auctor
1002 2432 1136 2487 Vitze
1166 2434 1336 2487 sancti
1367 2435 1598 2489 Abrahae
1622 2440 1879 2500 ercmitar,

285 2526 339 2573 et
389 2520 572 2574 Marim
620 2520 738 2590 ejus
791 2524 987 2590 neptis.
1038 2525 1092 2578 5.
1132 2524 1538 2592 Amphilochius
1596 2527 1885 2583 lc0nicnsis

287 2609 600 2680 episcopus,
623 2624 812 2667 auctor
845 2612 977 2667 Vitae
1015 2614 1129 2668 Divi
1179 2616 1355 2670 Basilii
1381 2617 1645 2673 Cmsarem
1675 2617 1883 2688 Cappa-

287 2700 460 2758 docia:
480 2707 745 2774 episcopi.
780 2707 833 2759 li.
884 2708 1172 2771 Antonius,
1199 2720 1386 2763 auctor
1417 2708 1550 2763 Vita:
1596 2713 1765 2765 sancti
1800 2712 1886 2766 Si-

285 2793 495 2848 meonis
540 2794 769 2863 Stylitm.
797 2795 869 2871 7.]
884 2794 1137 2850 Leontius
1168 2796 1415 2864 Neapolis
1453 2796 1771 2867 Cypriorum
1805 2801 1884 2854 iu-

284 2882 419 2936 sulae
447 2883 759 2952 episcopus,
792 2895 980 2939 auctor
1013 2885 1142 2938 \itac
1171 2889 1341 2941 sancti
1373 2887 1597 2943 Joannis
1639 2890 1883 2944 Elecmo-

283 2972 836 3041 synariipatriarehae
866 2975 1235 3030 Alcs'tttdt'itti.
1296 2976 1353 3033 8.
1403 2978 1639 3036 Joannes
1688 2981 1885 3038 Dama-

284 3078 483 3119 scenus
513 3075 705 3121 auctor
737 3066 868 3122 Vitae
895 3079 1201 3122 sant-torum
1235 3069 1476 3125 Barlaam
1521 3083 1575 3126 et
1600 3073 1879 3143 .losaphat.

286 3156 341 3211 9.
363 3158 627 3222 Iacobus,
646 3159 903 3215 diaconus
945 3160 985 3214 Ε

286 3244 545 3317 Pelagia}.
599 3248 685 3303 l0.
727 3249 1091 3321 Sophrouius,
1152 3255 1446 3321 patriarcha
1479 3256 1882 3330 Jerosoljmita-

285 3351 416 3402 nus,
451 3347 638 3393 auctor
664 3339 798 3394 Vita:
828 3353 1028 3396 sanctm
1060 3342 1240 3397 Maria:
1278 3343 1632 3416 Aigyptiaczc.

363 3426 468 3498 ξκιι
516 3430 716 3485 Dubius
772 3446 910 3486 unus
960 3441 1042 3487 est
1094 3434 1465 3505 Theophilus,
1527 3451 1712 3495 auctor
1752 3441 1889 3505 Vita)

284 3516 513 3573 Macarii
548 3519 790 3575 Romani.
820 3522 952 3577 Nam
977 3524 1115 3590 quod
1144 3524 1405 3581 Barouius
1448 3540 1557 3582 not.
1587 3533 1651 3584 ad
1691 3532 1886 3604 Marty-

284 3608 469 3678 rolog.
506 3610 663 3666 Rom.
693 3612 729 3664 9.
771 3611 1005 3668 Januarii
1037 3618 1129 3680 ait,
1165 3617 1379 3674 Macarii
1416 3620 1639 3677 Romani
1689 3624 1882 3689 Vitam,

281 3714 413 3769 quze
443 3712 521 3755 est
556 3702 609 3755 in
647 3702 777 3758 Vitis
810 3704 1051 3769 Patrum,
1088 3710 1343 3777 scriptam
1380 3726 1473 3777 per
1500 3713 1883 3783 'I‘thphilum,

282 3791 481 3845 nescio
503 3808 571 3847 an
599 3794 674 3848 illi
704 3796 776 3849 sit
804 3800 1106 3851 tribuenda.
1157 3798 1394 3854 llabetur
1420 3802 1635 3871 quidem
1689 3821 1884 3862 nomen

282 3877 579 3949 Theophili
614 3882 767 3937 initio
809 3882 943 3938 Viue
990 3886 1229 3952 Macarii,
1278 3891 1369 3943 sed
1403 3904 1457 3945 et
1501 3895 1714 3948 nomina
1745 3895 1885 3951 duo-

282 3983 416 4023 rum
469 3973 741 4027 sociorum
787 3973 1177 4044 adjunguntur,
1225 3978 1399 4050 Sergii
1448 3992 1501 4036 et
1547 3984 1761 4054 Hygini.
1819 3986 1886 4040 Et

277 4060 438 4129 quod
488 4073 759 4127 narratur,
805 4066 1044 4120 omnium
1086 4078 1330 4125 narratur
1377 4074 1613 4141 nomine,
1669 4084 1726 4130 ut
1777 4091 1883 4131 non

274 4149 531 4217 proclive
585 4151 655 4205 sit
712 4152 937 4210 delinire
989 4157 1111 4225 quis
1166 4173 1352 4215 eorum
1409 4165 1566 4219 trium
1625 4166 1764 4221 hanc
1817 4168 1886 4224 de

278 4235 530 4293 Macario
561 4242 922 4298 narrationem
953 4246 1006 4299 in
1038 4247 1237 4317 scripta
1268 4253 1528 4308 retulerit.

355 4330 483 4385 [tuo
525 4333 849 4399 Gratianus,
902 4338 951 4390 in
998 4338 1218 4395 decreto
1262 4343 1352 4407 ‘37,
1391 4360 1446 4415 q.
1494 4346 1559 4409 2,
1618 4362 1735 4417 cap.
1778 4348 1881 4417 9.6,

278 4420 608 4493 llieronymi
644 4427 875 4493 nomine,
910 4428 1123 4485 Macarii
1174 4448 1205 4487 e
1244 4434 1479 4492 thalamo
1512 4440 1688 4509 fugam
1729 4441 1881 4509 citat,

275 4515 435 4583 quod
477 4530 582 4570 non
614 4518 830 4575 aliunde
860 4535 1017 4589 quam
1046 4539 1115 4578 ex
1153 4525 1250 4580 hac
1277 4528 1486 4584 Macarii
1522 4530 1583 4586 Vi

273 4606 557 4666 hausisse.

349 4699 516 4767 Quod
547 4717 678 4757 vero
706 4704 1018 4778 Hieronymi
1064 4712 1279 4767 nomine
1303 4713 1568 4775 citaverit,
1601 4715 1661 4785 id
1694 4731 1879 4772 errore

266 4792 559 4847 communi
610 4797 831 4865 laetum,
879 4815 987 4869 quo
1025 4801 1157 4855 \‘ita:
1209 4804 1420 4857 Patrum
1487 4820 1677 4862 omnes
1719 4809 1878 4878 vulgo

267 4880 620 4954 Hieronymo
647 4885 797 4943 luere
840 4891 1051 4945 tributa:
1077 4908 1091 4956 ;
1127 4893 1280 4961 cujus
1308 4895 1509 4949 erroris
1538 4898 1875 4954 occasionem

265 4982 325 5028 et
355 4976 632 5043 originem
684 4980 808 5035 vide
833 4982 998 5049 inl‘ra,
1036 4984 1328 5053 prolegom.
1360 4985 1411 5052 4,
1443 4987 1469 5057 §
1495 4988 1549 5041 8.

346 5063 555 5119 Incerti
604 5077 856 5126 auctores
902 5082 1028 5127 sunt
1075 5076 1398 5144 reliquarum
1449 5078 1716 5146 Vitarutn,
1762 5100 1879 5152 qum

266 5154 473 5220 primo
499 5154 635 5211 libro
664 5161 1028 5218 continentur.

345 5241 473 5299 Sed
499 5246 811 5336 interpellat
832 5252 918 5307 hic
951 5253 1009 5307 Ι).
1041 5254 1425 5315 Constantinus
1449 5258 1757 5332 Cajetanus,
1789 5269 1878 5336 qui

266 5332 326 5386 iu
362 5334 636 5404 Apologia
666 5352 763 5393 sua
792 5355 889 5409 pro
914 5342 1121 5401 Joanne
1144 5345 1370 5411 Gersen.
1400 5360 1600 5406 sanctae
1633 5332 1874 5422 Euphro-

264 5438 442 5493 synaa
479 5423 609 5481 Vitae
638 5441 844 5486 certum
875 5434 1085 5489 videtur
1111 5438 1247 5492 Vrile
1277 5440 1552 5510 assignare
1581 5455 1877 5512 auctorem,

263 5526 326 5569 et
355 5515 594 5585 quidem
620 5518 957 5580 haretieum.
989 5526 1141 5595 Quod
1174 5530 1420 5598 equidem
1456 5534 1597 5589 unde
1641 5538 1880 5594 hauserit

264 5609 501 5673 nescio,
530 5624 679 5670 certe
704 5616 899 5673 nullius
924 5635 1119 5677 nomen
1150 5626 1326 5691 prodit
1353 5629 1611 5683 auctoris.
1644 5628 1747 5696 Qui
1790 5631 1877 5686 ubi

268 5699 542 5767 proditus
572 5699 758 5772 fuerit,
786 5712 1179 5771 examinabitur
1211 5716 1327 5783 ejus
1367 5719 1627 5777 conditio.
1659 5722 1726 5777 Et
1750 5723 1876 5791 quid
1924 5732 1931 5738 '

1989 512 2316 581 descriptam
2347 515 2609 570 sinceram
2641 516 2799 573 esse?
2828 517 3005 573 Facile
3022 519 3211 588 cuique
3239 522 3571 597 θειὰερομα-

1990 626 2124 675 χειν.

2442 678 2995 737 PHOLEGOMENON
3032 682 3120 737 IV.

2403 793 2529 857 Quis
2556 795 2766 848 secundi
2791 794 2909 849 libri
2934 804 3112 850 auctor
3130 794 3159 850 Ρ

2060 898 2137 953 De
2182 898 2282 954 hoc
2326 902 2663 968 potissimum
2692 904 2835 961 libro
2876 908 3103 977 qumstio
3128 917 3235 965 est.
3277 909 3378 967 Hic
3423 914 3571 971 enim

1989 991 2078 1045 ille
2108 1000 2191 1045 est
2232 1006 2392 1058 quem
2434 1002 2642 1050 veteres
2672 996 2933 1067 plerique,
2979 998 3105 1055 dum
3153 1000 3304 1059 Vitas
3347 1003 3568 1061 Patrum

1988 1081 2189 1148 citant,
2245 1084 2564 1154 intelligunt.
2598 1086 2750 1155 Quod
2788 1088 3042 1160 colligere
3068 1100 3153 1148 est
3182 1102 3290 1149 tum
3337 1110 3402 1150 ex
3445 1095 3572 1151 divo

1995 1174 2339 1244 Hieronymo,
2375 1176 2533 1245 epist.
2568 1181 2635 1234 ad
2679 1180 3079 1251 Ctesiphontem
3123 1184 3387 1241 adversus
3420 1187 3569 1243 Pela-

1989 1266 2158 1334 gian.,
2188 1267 2272 1321 ubi
2296 1269 2393 1334 ait,
2423 1268 2684 1326 Joannem
2712 1272 2764 1327 in
2792 1274 2958 1342 ipsius
2987 1276 3108 1330 libri
3134 1277 3259 1343 poni
3287 1279 3571 1348 principio,

1990 1372 2147 1423 quem
2197 1358 2281 1411 hic
2313 1360 2539 1426 primum
2573 1365 2847 1432 reperies;
2898 1376 3009 1420 tum
3056 1383 3119 1421 ex
3166 1368 3464 1436 Gennadio,
3496 1371 3573 1426 De

1992 1445 2187 1500 illustr.
2225 1447 2401 1503 Eccle.
2454 1452 2664 1520 script.,
2713 1469 2831 1523 cap.
2865 1456 2954 1519 40,
2987 1460 3077 1526 qui
3127 1460 3321 1514 asserit
3354 1460 3572 1526 librum,

1997 1556 2014 1587 ι
2047 1538 2136 1607 qui
2169 1540 2466 1594 attitulatur
2514 1540 2642 1596 Vita:
2672 1542 2913 1613 Patrum,
2945 1549 3091 1603 velut
3118 1552 3571 1608 continentissimi

1991 1638 2045 1679 et
2091 1628 2436 1682 eruditissimi
2485 1632 2584 1685 viri
2616 1633 2876 1708 (Evagrii)
2930 1639 3256 1697 mentionem
3296 1641 3512 1708 l'aoere;
3547 1664 3565 1697 ι

1992 1720 2078 1786 qui
2109 1720 2228 1773 libri
2266 1722 2419 1796 hujus
2446 1738 2563 1792 cap.
2595 1724 2662 1777 27
2696 1728 2954 1783 occurrit.

2064 1811 2193 1863 Tam
2228 1815 2390 1867 varia:
2442 1827 2843 1887 pugnantesque
2872 1820 2939 1875 de
2985 1831 3205 1879 auctore
3249 1824 3406 1894 hujus
3453 1827 3575 1882 libri

1990 1901 2113 1969 (nisi
2147 1903 2369 1955 velimus
2412 1920 2439 1955 a
2480 1907 2708 1975 singulis
2741 1909 2983 1966 diversos
3014 1913 3181 1968 libros
3229 1916 3457 1985 scriptos
3490 1920 3573 1973 vel

1993 1993 2365 2063 interpolatos)
2419 2000 2699 2053 sententi-.e
2748 2010 2893 2066 sunt,
2929 2012 2985 2057 ut
3028 2021 3204 2072 operte
3235 2007 3461 2074 pretium
3505 2009 3575 2065 sit

1990 2096 2084 2135 eas
2118 2084 2168 2135 in
2202 2086 2559 2152 paragraphos
2588 2092 2794 2156 partiri,
2827 2100 2884 2145 ut
2930 2094 3258 2162 singularum
3302 2110 3572 2153 momenta

1990 2186 2301 2242 appareant,
2340 2187 2391 2230 et
2419 2178 2559 2247 justa
2607 2181 2794 2248 judieii
2835 2186 3031 2238 trutina
3070 2186 3299 2254 expendi
3345 2189 3570 2257 possint.

1992 2266 2323 2332 Auspicabor
2350 2281 2377 2319 a
2406 2268 2624 2323 Gracis.

1994 2376 2020 2445 §
2056 2377 2093 2430 Ι.
2137 2376 2408 2444 Auctorem
2456 2381 2611 2435 rideri
2640 2382 2962 2505 Timotheum
3004 2388 3299 2456 episwpum
3342 2391 3567 2445 Alexan-

2700 2470 2884 2505 riuum.

2700 2470 2884 2508 riuum.

2063 2546 2179 2618 [sit]
2214 2546 2562 2617 Sozlimenus,
2597 2553 2690 2607 hb.
2719 2570 2791 2620 vt,
2815 2572 2933 2625 cap.
2966 2557 3036 2613 29
3090 2557 3225 2614 llist.
3254 2560 3424 2624 Eccl.,
3450 2576 3569 2616 eum

1990 2638 2058 2692 de
2082 2639 2362 2708 Apollone,
2393 2643 2483 2710 qui
2510 2643 2563 2697 in
2589 2644 2860 2702 Thebaide
2883 2649 3107 2713 vixerat,
3129 2651 3351 2717 egisset,
3379 2652 3527 2705 addit
3558 2670 3570 2704 :

1988 2726 2111 2783 Ἀλλ’
2155 2734 2238 2806 οἵᾳ
2267 2738 2357 2803 μέν
2400 2739 2579 2812 ἀγωγῇ
2623 2737 2839 2817 ἐχρῆτο.
2882 2747 2966 2796 καὶ
3016 2745 3194 2803 ἡλίκων
3239 2743 3299 2805 ἦν
3325 2747 3465 2802 θείων
3496 2751 3575 2805 καὶ

1990 2821 2294 2897 παραδόξων
2319 2828 2640 2901 πραγμάτων
2667 2838 2901 2897 ποιητὴς,
2931 2835 3133 2909 ἱστορεῖ
3160 2837 3398 2907 Τιμόθεος
3429 2838 3453 2893 ὅ
3476 2847 3575 2894 τῶν

1989 2913 2368 2991 Ἀλεξανδρείων
2414 2921 2679 2979 ἐκκλησίαν
2718 2924 3097 2999 ἐπιτροπεύσας
3137 2922 3193 2981 εὖ
3223 2929 3381 2998 μάλα,
3416 2931 3574 2983 αὐτοῦ

1989 3011 2075 3061 καὶ
2104 3008 2296 3062 πολὶῶν
2323 3008 2389 3064 ὧν
2412 3013 2745 3084 ἐπεμνήσθην,
2779 3020 2859 3070 καὶ
2880 3009 3042 3071 ⁴ἄλλων
3082 3016 3303 3088 δονίμων
3330 3028 3576 3091 μοναχῶν

1989 3102 2111 3159 τοὺς
2154 3100 2299 3170 βίους
2331 3101 2603 3166 διεξελθὼν.
2644 3122 2663 3155 ‹
2686 3105 2788 3159 δρᾶ
2810 3121 3052 3176 qua-natu
3087 3108 3244 3162 fuerit
3271 3109 3387 3178 ejus
3416 3112 3576 3165 disci-

992 3161 1274 3225 (Ιυδεθηυεο
1305 3174 1504 3265 ³¹¹ςί⁰¹ξ
1526 3166 1663 3221 Vim
1686 3180 1885 3225 ⁵³³³⁸⁸³⁵
1917 3169 1961 3231 C
1996 3191 2155 3258 plinae
2185 3193 2344 3257 ratio,
2373 3204 2423 3246 et
2454 3203 2652 3262 quanta
2693 3212 2958 3265 quamque
2986 3197 3163 3251 divina
3196 3198 3382 3256 fecerit
3410 3201 3574 3256 mira-

1994 3282 2153 3346 cula,
2217 3282 2530 3337 Timotheus
2592 3286 2843 3341 Ecclesize
2920 3290 3295 3346 Alexandrina:
3350 3293 3573 3349 antistes

1993 3382 2241 3429 accurate
2286 3386 2502 3429 narrat:
2539 3378 2625 3445 qui
2658 3395 2762 3433 non
2811 3380 2951 3435 illius
2982 3382 3158 3446 modo,
3210 3383 3307 3438 sed
3350 3386 3575 3439 aliorqu

1992 3464 2154 3518 etiam
2180 3466 2557 3533 complurium,
2584 3467 2651 3522 de
2674 3468 2868 3538 quibus
2898 3470 3032 3525 facta
3063 3483 3145 3526 est
3168 3489 3198 3527 a
3229 3489 3316 3528 me
3346 3475 3573 3536 mentio,

1997 3554 2145 3611 Vitas
2188 3556 2382 3611 litteris
2432 3570 2741 3626 persecutus
2770 3572 2873 3616 est.
2907 3582 2925 3614 ι
2956 3564 3113 3632 Atqui
3160 3566 3335 3634 capite
3379 3580 3576 3635 praece-

1994 3646 2144 3699 denti
2174 3647 2374 3700 mentio
2394 3646 2537 3703 facta
2565 3650 2948 3706 monachorum
2980 3652 3219 3720 Joannis,
3252 3656 3348 3720 Or,
3376 3657 3572 3721 Amon,

1995 3738 2145 3803 lieni,
2174 3738 2435 3809 Theonda,
2461 3739 2646 3811 Copri,
2694 3741 2871 3810 Helle,
2923 3744 3075 3811 Elim,
3110 3747 3335 3815 Apellis,
3365 3748 3571 3812 lsidori,

1992 3828 2344 3899 Serapionis,
2397 3831 2637 3888 Dioscori
2674 3843 2730 3889 et
2770 3834 3015 3906 Eulogii,
3061 3853 3287 3905 quorum
3335 3839 3579 3895 omnium

1998 3918 2131 3974 Vita:
2180 3921 2234 3974 in
2283 3921 2384 3977 hoc
2442 3923 2683 3979 secundo
2738 3924 2981 3982 Vitarum
3038 3926 3252 3982 Patrum
3300 3928 3436 3985 libro
3483 3932 3574 3986 ba-

1993 4010 2205 4065 bentur.

2070 4102 2356 4171 Equidem,
2407 4105 2496 4174 qui
2541 4105 2881 4164 ‘l‘imOtheum
2931 4110 3049 4166 libri
3107 4112 3263 4183 hujus
3302 4122 3574 4170 auctorem

1993 4192 2217 4260 faceret,
2266 4194 2500 4250 nondum
2545 4195 2686 4268 legi;
2737 4201 2911 4257 visum
2958 4213 3137 4259 tamen
3189 4204 3319 4260 mihi
3368 4205 3468 4263 fuit
3522 4209 3573 4261 id

1991 4283 2137 4351 quod
2167 4285 2236 4340 de
2258 4302 2324 4339 eo
2357 4287 2516 4342 habet
2535 4287 2867 4347 Sozomenus
2892 4291 2944 4347 in
2981 4294 3214 4350 medium
3255 4296 3571 4364 producere,

1993 4386 2050 4431 ut
2095 4378 2390 4433 doctiorum
2443 4379 2650 4449 judicio
2696 4384 2951 4451 perpendi
3000 4387 3193 4454 possit.
3242 4386 3381 4467 Mihi.
3425 4397 3573 4443 certe

1993 4467 2209 4529 omnino
2243 4483 2371 4524 vero
2397 4471 2570 4525 simile
2598 4471 2657 4526 llt
2686 4475 2970 4545 plerasque
2997 4477 3118 4532 libri
3146 4477 3304 4548 hujus
3332 4478 3481 4535 Vitas
3506 4496 3570 4537 ex

1592 4542 1643 4588 ¹³
1673 4533 1883 4590 Viden"
1912 4541 1966 4600 D
1992 4559 2277 4616 Timotheo
2322 4533 2698 4619 adumbratas:
2724 4533 3003 4636 Apollonis
3048 4586 3178 4627 sane
3216 4533 3567 4644 .Vita,ﬁquain

1988 4650 2300 4708 Timotheus
2345 4655 2542 4710 dicitur
2572 4652 2627 4711 εὖ
2656 4660 2816 4727 μάλα,
2849 4674 2945 4715 seu
2976 4673 3223 4718 accurate
3264 4665 3566 4734 scripsisse,

1990 4742 2090 4797 hoc
2116 4743 2275 4808 libro,
2306 4759 2425 4813 cap.
2460 4747 2516 4810 7,
2551 4758 2799 4805 accurate
2830 4753 3179 4820 perscriptam
3206 4752 3371 4809 habes
3400 4757 3560 4824 Apol-

1990 4834 2116 4888 lonii
2172 4835 2407 4890 nomine.
2469 4837 2655 4891 Exstat
2705 4839 2918 4908 quidem
2971 4844 3163 4895 eodem
3212 4842 3372 4898 modo
3426 4848 3566 4915 apud

1989 4924 2278 4979 Palladium
2323 4926 2562 4983 Lausiac.
2599 4930 2734 4984 Hist.
2765 4946 2882 4999 cap.
2915 4931 3005 4996 52,
3050 4932 3141 4987 sed
3173 4934 3393 4993 omnino
3435 4939 3570 4994 alter

1992 5018 2056 5069 ab
2099 5018 2271 5073 altero
2319 5018 2497 5086 habet,
2531 5023 2799 5077 recentior
2827 5023 2969 5078 forte
2999 5039 3027 5078 a
3052 5030 3371 5095 vetusdure;
3400 5049 3568 5101 quan-

1987 5122 2142 5171 quam
2170 5118 2327 5163 :ctate
2360 5112 2534 5178 potius
2564 5127 2820 5180 suppares
2850 5126 2991 5171 sunt.

1992 5198 2019 5266 §
2055 5197 2115 5251 ΙΙ.
2161 5203 2427 5253 Auctorem
2460 5201 2619 5284 videri
2661 5201 2959 5284 Palladium
2986 5206 3227 5263 Calatam
3281 5211 3569 5284 Helenopo-

2550 5273 2651 5325 leos
2689 5275 3007 5343 episcopum.

2060 5359 2291 5415 Galenus
2320 5361 2756 5433 Westcapellius,
2806 5369 3019 5426 catech.
3066 5371 3194 5435 215,
3245 5375 3329 5428 ubi
3376 5377 3568 5432 refutat

1992 5451 2320 5507 historiolam
2348 5455 2416 5509 de
2441 5455 2695 5525 Macario,
2714 5460 2801 5528 qui
2834 5461 3032 5518 dicitur
3058 5480 3089 5520 e
3120 5468 3318 5537 nuptiis
3345 5470 3565 5539 lugissu,

1992 5542 2283 5597 Palladium
2318 5543 2475 5615 hujus
2526 5548 2644 5602 libri
2679 5561 2951 5609 auctorem
3000 5554 3212 5612 videtur
3241 5558 3435 5614 facere.
3480 5562 3560 5615 Ait

1986 5632 2129 5689 enim
2158 5651 2170 5686 :
2205 5654 2223 5685 ι
2255 5634 2331 5691 Ne
2360 5636 2411 5691 iu
2462 5637 2553 5693 illo
2582 5640 2797 5707 quidem
2833 5644 3021 5699 lietitio
3052 5644 3208 5709 libro,
3240 5647 3328 5715 qui
3374 5647 3549 5702 inscri-

1988 5726 2150 5793 bitur,
2184 5730 2363 5787 neseio
2391 5746 2494 5800 qua
2535 5733 2904 5801 grammatica,
2952 5735 3099 5792 Vitas
3127 5736 3368 5805 Patrum,
3403 5737 3536 5806 quid
