4002 6244
409 274 480 327 25

1338 276 1401 331 IN
1446 278 1645 335 VITAS
1690 281 1972 339 PATHUM
2016 286 2530 348 PROLEGOMENA
2573 294 2761 352 XXVI.

3611 314 3677 366 24

407 404 566 458 quam
610 388 973 458 deprehendi;
1026 391 1115 445 ubi
1165 392 1451 459 Palladius,
1501 398 1708 465 utrique
1753 397 1979 452 Macario
2009 403 2053 459 A
2091 406 2399 472 praefatione
2429 409 2493 462 ad
2544 416 2838 466 lectorem:
2896 433 2915 464 ι
2967 415 3043 468 Ex
3088 433 3250 485 opere
3300 421 3413 488 ipso
3458 426 3675 493 agnosci

408 478 737 534 familiariter
770 490 950 548 notus,
982 481 1137 552 longe
1162 484 1264 536 alia
1298 484 1483 539 refert.
1518 503 1535 535 ι

481 574 742 641 Equidem
772 576 913 643 quod
945 576 1236 643 Palladius,
1265 581 1352 632 vel
1396 580 1637 648 quisquis
1682 580 1799 634 libri
1830 582 1986 650 hujus

410 675 495 720 est
523 676 731 734 auctor,
750 670 975 737 utrique
1007 669 1237 724 Macario
1270 671 1598 726 familiariter
1627 682 1781 727 notus
1805 676 1981 744 fuerit,

416 755 469 810 iu
503 756 604 810 huc
643 758 798 825 libro,
833 775 927 813 seu
963 760 1095 815 Vitis
1129 762 1339 815 Patrum
1392 780 1493 816 non
1536 765 1757 843 dicitur;
1806 767 1897 821 scd
1931 769 1983 820 in

406 850 516 916 ipsi
552 851 767 905 Palladii
801 853 1055 906 Lausiaca
1104 854 1333 908 Historia
1366 855 1641 922 profitetur
1690 855 1981 923 Palladius,

403 959 463 997 se
497 944 727 997 Macario
761 944 1124 1000 Alexandrino
1149 947 1469 1001 convixisse.

473 1034 579 1089 Sed
609 1044 664 1088 ut
698 1032 955 1089 Galenum
1001 1050 1190 1090 errore
1220 1036 1465 1102 liberem,
1498 1052 1601 1091 non
1643 1035 1708 1091 de
1751 1037 1983 1091 Macario

402 1125 662 1196 Egyptio
687 1129 768 1182 vel
800 1128 1166 1183 A‘exandrino
1196 1128 1277 1199 (ut
1305 1128 1537 1183 Calenus
1564 1129 1775 1182 videtur
1796 1130 1983 1184 existi-

402 1216 599 1287 inasse)
638 1228 884 1272 narratur
927 1234 991 1273 ea
1039 1219 1333 1285 historiola,
1366 1221 1457 1274 sed
1490 1221 1556 1274 de
1606 1220 1835 1273 Macario
1877 1221 1983 1274 Ro-

401 1324 579 1371 mano,
605 1308 755 1377 cujus
790 1309 959 1362 Vitam
993 1310 1162 1377 primo
1214 1311 1347 1365 libro
1382 1312 1465 1364 hic
1497 1312 1734 1378 reperies
1764 1329 1777 1375 ;
1808 1311 1979 1365 habe-

400 1409 486 1453 tur
525 1415 738 1468 quoque
785 1416 849 1455 ea
880 1401 948 1455 de
990 1403 1202 1456 Macarii
1253 1418 1283 1457 e
1316 1403 1549 1455 thalamo
1580 1402 1700 1472 fuga
1744 1403 1980 1458 narratio

400 1491 452 1542 in
482 1491 697 1544 decreto
725 1488 821 1556 27,
849 1507 903 1560 q.
934 1491 994 1555 2,
1023 1506 1143 1561 cap.
1173 1490 1271 1560 26,
1300 1492 1537 1561 Scripsit.

469 1579 602 1645 Quia
624 1588 797 1634 tamen
824 1588 877 1635 et
900 1581 954 1635 in
985 1584 1083 1637 hoc
1106 1582 1265 1647 libro,
1286 1591 1340 1635 et
1366 1584 1418 1637 in
1444 1583 1698 1637 Lausiaca
1728 1584 1976 1649 Historia,

400 1672 585 1724 eadem
619 1671 729 1726 fere
759 1669 902 1743 [xlii]
933 1688 1037 1727 non
1085 1682 1288 1731 tantum
1332 1674 1399 1726 de
1444 1682 1671 1742 utroque
1725 1674 1977 1739 Maiarin,

396 1763 490 1816 sed
533 1769 587 1815 et
619 1760 687 1815 de
739 1762 859 1815 aliis
911 1763 1185 1831 plerisque
1234 1764 1483 1817 ontnibns
1535 1764 1815 1829 habentur,
1867 1782 1970 1819 non
2008 1772 2050 1829 Β

396 1848 570 1902 inanis
602 1850 826 1904 omnino
854 1852 1090 1919 suspicio
1119 1862 1218 1918 est,
1254 1854 1337 1907 vel
1361 1863 1632 1907 auctorem
1666 1856 1823 1922 hujus
1850 1856 1971 1910 libri

398 1952 430 1990 a
458 1936 715 2005 Palladio,
750 1940 829 1994 vel
864 1941 1005 1996 hunc
1035 1943 1102 1996 ab
1132 1942 1243 2011 illo,
1298 1945 1379 1998 vel
1420 1952 1703 2013 utrumque
1756 1962 1783 1997 a
1817 1947 1974 2001 tertio

389 2028 662 2095 quopiam,
689 2028 880 2084 ordine
919 2039 1124 2085 tantum
1170 2042 1403 2102 mutato,
1450 2034 1767 2103 Quibusdam
1794 2035 1968 2092 detra-

387 2115 488 2171 etis
517 2118 601 2172 vel
629 2118 845 2185 additis,
878 2134 974 2173 sua
1002 2131 1292 2177 mutuatos.

452 2207 545 2261 Est
572 2207 786 2277 quidem
824 2209 1077 2264 nonnulla
1107 2211 1160 2264 in
1188 2213 1493 2269 narratione
1535 2213 1843 2282 diversitas,
1874 2218 1969 2272 sed

384 2314 443 2353 ea
479 2315 758 2368 perparva.
791 2301 919 2354 Nam
951 2302 1003 2354 in
1033 2303 1130 2354 hoc
1164 2303 1300 2357 libro
1329 2319 1450 2372 cap.
1476 2306 1529 2371 1,
1556 2306 1696 2372 quod
1719 2307 1787 2361 de
1811 2307 1973 2363 Joan-

385 2407 454 2445 ne
482 2400 583 2455 est,
613 2402 792 2445 narrat
821 2405 1005 2447 auctor
1026 2409 1085 2450 se
1107 2409 1228 2448 cum
1257 2406 1461 2465 septem
1512 2400 1761 2454 fratribus
1808 2402 1969 2455 Joan-

385 2496 505 2535 nem
538 2482 865 2548 accessisse;
902 2484 955 2536 in
988 2482 1240 2538 Lausiaca
1283 2496 1461 2541 autem
1510 2487 1739 2542 Historia
1792 2502 1972 2546 narrat

383 2580 570 2623 auctor
596 2571 737 2639 quod
766 2572 912 2625 solus
937 2571 1195 2627 Joannem
1227 2577 1566 2644 convenerit,
1600 2588 1653 2633 et
1704 2590 1822 2646 post
1868 2582 1973 2635 fra-

384 2661 555 2714 tribus
584 2661 695 2713 suis
727 2660 884 2715 siciis
916 2662 982 2717 de
1029 2678 1094 2717 eo
1144 2664 1477 2730 iudicaverit,
1522 2670 1611 2737 qui
1658 2669 1852 2724 deinde
1902 2672 1969 2725 ad

384 2768 507 2807 eum
547 2753 765 2821 profecti
798 2762 945 2820 sunt,
977 2768 1043 2808 ex
1073 2771 1299 2825 quorum
1334 2768 1515 2812 narrat
1556 2773 1652 2814 ore
1681 2777 1799 2829 qua:
1829 2776 1967 2829 pra:-

386 2854 529 2899 terca
590 2859 747 2912 quam
777 2845 888 2912 ipse
914 2845 1213 2904 viderat,de
1236 2848 1442 2903 Joanne
1482 2849 1667 2906 refert.
1718 2852 1965 2922 Prolcgo-

384 2952 543 2991 meno
575 2937 657 3002 14,
691 2937 743 2991 in
769 2937 1060 3008 interprete
1085 2938 1205 2995 libri
1239 2958 1346 2996 vni.

454 3047 714 3119 Equidem
753 3050 805 3105 in
857 3053 1222 3109 vetustissimo
1271 3056 1501 3126 quodam
1548 3059 1729 3114 libello
1776 3075 1966 3116 manu-

381 3140 579 3212 scripto
600 3142 809 3212 collegii
834 3146 1001 3199 nostri
1026 3147 1328 3213 Brugensis,
1353 3164 1458 3216 quo
1482 3149 1640 3203 varize
1657 3162 1965 3207 sanctorum

382 3231 515 3287 Vita:
542 3232 899 3300 contineatur,
932 3243 1091 3305 atque
1120 3236 1259 3290 inter
1297 3250 1521 3293 caeteras
1565 3240 1798 3296 Abrahae
1846 3257 1968 3298 ere-

380 3324 545 3392 Initse,
572 3327 912 3396 praemittitur
939 3328 985 3380 ei
1016 3327 1147 3382 Vita:
1173 3328 1429 3396 praelatio,
1464 3330 1779 3387 Benedictus
1806 3333 1966 3402 Deus,

379 3430 431 3474 et
462 3434 582 3473 cum
615 3421 713 3474 hoc
745 3422 896 3475 titulo
931 3439 943 3473 :
988 3419 1178 3492 Incipit
1205 3420 1447 3493 profugus
1477 3420 1709 3479 Palladii
1752 3426 1847 3481 viri
1875 3427 1965 3481 do-

378 3511 589 3564 ctissimi
617 3512 679 3563 de
733 3510 866 3564 Vitis
911 3512 1279 3584 ngyptiorum
1331 3514 1568 3578 Patrum,
1603 3532 1721 3584 qua:
1752 3518 1964 3585 quidem

378 3603 620 3671 prazfatio
660 3603 748 3659 hic
775 3604 896 3660 huic
918 3608 1157 3664 secundo
1187 3607 1324 3662 libro
1351 3610 1667 3679 praaftgitur.

377 3733 513 3804 §lll.
542 3735 815 3791 Auctorem
838 3738 998 3793 videri
1015 3737 1341 3794 Heraclidem
1366 3739 1623 3810 Bithynae
1646 3746 1960 3811 episcopum.

447 3866 548 3933 Qui
580 3866 681 3922 hoc
700 3869 900 3924 diserte
926 3880 1212 3938 assereret,
1240 3882 1435 3941 praeter
1460 3872 1759 3930 Gesnerum
1786 3876 1960 3933 inveni

375 3959 670 4014 neminem.
701 3960 775 4015 lta
806 3963 945 4016 enim
975 3963 1066 4019 ille
1093 3964 1436 4020 Bibliotheca:
1465 3981 1575 4021 suae
1600 3978 1729 4022 tom.
1760 3969 1844 4032 Ill,
1875 3973 1959 4025 tit.

278 4054 283 4057 ’
372 4063 473 4114 vn,
495 4065 547 4118 p.
585 4052 609 4106 l
647 4068 661 4105 :
699 4070 718 4103 ι
750 4051 1042 4109 Heraclidis
1071 4055 1294 4110 historia
1313 4070 1418 4111 non
1440 4058 1539 4111 alia
1562 4069 1689 4126 puto
1710 4076 1865 4129 quam
1894 4062 1963 4117 de

374 4137 511 4194 Vitis
540 4140 775 4195 Patrum.
828 4161 848 4195 ι

452 4233 801 4301 'frithemius,
818 4236 985 4291 Catal.
1011 4240 1145 4292 eccl.
1182 4240 1393 4308 script.,
1412 4241 1604 4296 asserit
1626 4242 1954 4298 Heraclidem

371 4325 691 4379 monachum
722 4326 788 4381 de
825 4328 942 4381 Vita
969 4342 1025 4383 et
1066 4331 1476 4386 conversatioiie
1520 4342 1824 4389 sanctorum
1859 4336 1957 4389 Pa-

371 4422 511 4469 trum
538 4415 816 4486 scripsisse
850 4434 863 4469 :
900 4436 919 4469 ‹
953 4417 1278 4485 Heraclides,
1309 4419 1501 4489 inquit,
1532 4423 1846 4489 monachus,
1874 4426 1957 4479 vir

2093 508 2266 561 potest
2311 501 2449 568 quod
2498 503 2907 570 Alexandriam,
2941 508 3082 574 quod
3137 510 3333 566 Christi
3386 528 3676 569 succensus

2090 602 2306 657 amore,
2339 592 2476 644 inter
2530 594 2736 647 deserta
2784 607 2840 650 et
2886 610 3033 651 antra
3087 601 3315 655 ferarum
3368 605 3674 674 pauperiem

2088 690 2340 741 secutus;
2375 684 2513 747 quod
2542 684 2802 755 Bithyniae
2834 687 2994 759 (ipso
3020 692 3235 757 quidem
3269 694 3435 748 invito
3482 712 3543 751 ac
3589 712 3678 753 re-

2087 769 2389 837 clamante)
2426 774 2588 828 totius
2616 776 2794 843 populi
2826 778 3076 848 sull‘ragio
3108 783 3158 835 in
3212 787 3517 852 episcopum
3567 789 3676 841 suf-

2087 860 2278 915 fectus.
2318 882 2335 914 ι
2380 864 2510 919 Vide
2539 866 2687 933 plura
2716 870 2784 923 de
2813 885 2879 924 eo
2911 875 3046 941 apud
3080 876 3317 944 Petrum,
3343 880 3394 933 in
3425 880 3674 951 Catalugo

2085 952 2207 1020 SS.,
2236 955 2373 1010 libro
2396 972 2469 1021 x1,
2495 973 2614 1027 cap.
2648 960 2738 1015 87.

2157 1066 2435 1135 Baronius,
2457 1072 2633 1126 annali
2661 1071 2761 1127 588
2787 1075 3078 1132 Heraclidis
3095 1080 3401 1137 Paradisum
3422 1090 3668 1143 eumdem

2084 1153 2203 1209 facit
2261 1172 2382 1212 cum
2430 1160 2689 1216 Lausiaca
2741 1165 2967 1220 Historia
3019 1168 3258 1225 Palladii.
3302 1173 3441 1229 Sane
3483 1178 3668 1231 cadem

2083 1246 2364 1317 utrobique
2392 1253 2647 1318 reperias.
2683 1251 2813 1325 [xw]
2849 1256 2920 1311 De
2951 1269 3175 1330 utroque
3208 1264 3367 1333 igitur
3395 1268 3529 1321 idem
3554 1281 3669 1324 esto

2077 1337 2360 1407 judicium,
2396 1346 2571 1413 quoad
2602 1348 2723 1401 lihri
2758 1349 2913 1418 hujus
2942 1366 3236 1411 auctorem.

2151 1455 2294 1511 idem
2324 1468 2449 1514 ante
2484 1461 2769 1520 Barouium
2798 1480 3041 1524 senserat
3073 1473 3318 1542 Aloysius
3342 1476 3681 1545 Lipomanus,

2080 1548 2362 1615 episcopus
2397 1550 2736 1617 Veronensis,
2770 1566 2915 1613 torno
2949 1559 3009 1613 lll
3040 1562 3107 1617 de
3158 1564 3290 1620 Vitis
3336 1583 3663 1640 sanctorum,

2079 1640 2169 1707 qui
2218 1641 2504 1698 editionem
2565 1646 2899 1714 Heraclidis,
2933 1655 3184 1709 nonnulla
3230 1659 3665 1728 'interpolatione

2083 1735 2317 1792 adhibita
2350 1740 2453 1811 (de
2484 1756 2584 1806 qua
2609 1742 2729 1797 vide
2761 1746 3137 1814 prolegomeno
3165 1750 3246 1814 Η,
3274 1755 3361 1807 ubi
3391 1759 3568 1823 agitur
3598 1760 3664 1814 de

2082 1826 2372 1897 interprete
2401 1831 2519 1884 libri
2551 1848 2639 1886 vm
2661 1875 2673 1894 ,
2705 1835 2854 1901 Cujus
2885 1849 3071 1892 au~-tor
3098 1853 3178 1894 est
3208 1844 3664 1914 Palladius).Pal-

2080 1918 2201 1973 ladii
2232 1922 2445 1976 nomine
2476 1935 2618 1976 torno
2648 1922 2722 1977 illi
2758 1926 2819 1978 Ill
2851 1928 3093 1983 inseruit.
3126 1932 3227 1998 Qui
3276 1951 3433 2003 porro
3481 1940 3661 1994 discu-

2079 2008 2313 2064 tiendum
2364 2011 2464 2065 sibi
2511 2028 2685 2077 opera:
2736 2017 2960 2080 pretium
3010 2021 3302 2078 arbitratus
3357 2038 3477 2092 est,
3524 2030 3664 2084 unde

2078 2095 2273 2152 factum
2292 2101 2360 2155 sit
2377 2110 2433 2155 ut
2454 2105 2709 2158 ementito
2732 2122 2861 2160 vero
2885 2107 3041 2177 hujus
3067 2111 3182 2165 libri
3207 2126 3424 2171 auctore
3447 2118 3526 2189 (ut
3550 2121 3663 2189 ipse

2076 2188 2376 2259 existimat)
2410 2194 2508 2249 sub
2557 2194 2710 2250 titulo
2757 2197 2991 2253 Paradisi
3047 2201 3345 2261 Heraclidis
3392 2208 3443 2263 in
3491 2188 3661 2266 lucem

2077 2288 2383 2343 emerserit.
3468 2358 3475 2367 .

2147 2375 2309 2446 quue
2352 2381 2601 2447 primum,
2636 2384 2825 2453 inquit,
2859 2389 3024 2443 menti
3068 2393 3322 2459 occurrit,
3350 2395 3649 2454 Parisinum

2076 2472 2463 2538 typographum
2518 2474 2669 2528 istius
2716 2481 3004 2534 commenti
3051 2494 3322 2548 parentem
3368 2489 3658 2548 exstitisse.

2070 2558 2206 2613 Cum
2253 2562 2396 2615 enim
2451 2565 2667 2633 legisset
2712 2568 2757 2622 is
2808 2586 2902 2635 per
2946 2573 3125 2626 divum
3178 2576 3555 2648 Hieronymum
3602 2584 3659 2637 in

2075 2653 2337 2718 prooemio
2364 2653 2704 2724 Dialogorum
2736 2670 2921 2715 contra
2954 2660 3269 2732 Pelagianos
3319 2668 3483 2724 fuisse
3526 2675 3659 2729 scri—

2074 2750 2242 2808 ptum,
2274 2760 2291 2793 t
2329 2742 2645 2814 Palladium,
2680 2750 2887 2803 servilis
2915 2754 3167 2822 nequitia:
3195 2757 3384 2821 virum,
3411 2760 3658 2831 Origenis

2071 2832 2318 2889 haeresim
2353 2835 2647 2892 instaurare
2669 2883 2683 2905 ,
2719 2858 2738 2891 ι
2774 2842 2952 2896 divum
2983 2860 3195 2916 quoque
3222 2849 3572 2918 Epipltanium
3604 2854 3657 2909 in

2070 2925 2292 2990 epistola
2346 2928 2410 2979 ad
2464 2926 2723 2983 Joannem
2789 2934 3093 3003 episcopum
3134 2937 3656 3011 Jerosolymitanum

2070 3025 2419 3079 asserentem,
2448 3037 2465 3067 ‹
2496 3017 2786 3075 Palladium
2812 3024 3076 3092 Galatam,
3104 3029 3190 3093 qui
3217 3030 3345 3084 olim
3364 3032 3464 3087 sibi
3486 3034 3656 3093 fuerat

1998 3112 2044 3174 ρ
2074 3104 2301 3174 charos,
2348 3108 2593 3175 (irigenis
2640 3112 2884 3168 haeresim
2935 3119 3225 3184 praedicare
3271 3131 3326 3174 et
3378 3124 3591 3193 docere,
3632 3147 3651 3181 ι

2077 3198 2278 3253 veritus
2306 3212 2385 3254 est
2408 3202 2581 3256 bonus
2607 3205 2917 3275 impressor,
2946 3223 3030 3274 ne,
3065 3210 3107 3262 si
3138 3210 3331 3266 librum
3364 3217 3463 3269 sub
3486 3229 3655 3274 aucto-

2076 3288 2151 3342 ris
2176 3291 2392 3344 nomine
2418 3295 2707 3363 evulgaret,
2740 3298 2783 3351 is
2808 3300 2987 3354 statim
3015 3302 3082 3354 ab
3111 3303 3279 3369 initio,
3309 3314 3365 3360 ut
3389 3310 3457 3362 ab
3487 3310 3654 3369 haere-

2078 3381 2179 3435 tico
2248 3380 2466 3437 homine
2532 3389 2893 3457 conscriptus,
2935 3394 3341 3460 exploderetur.
3394 3400 3654 3473 Cogitavit

2074 3470 2236 3542 igitur
2263 3472 2282 3546 (
2306 3488 2425 3528 meo
2450 3473 2651 3545 judicio
2676 3479 2694 3547 )
2723 3481 2995 3551 stropham
3029 3484 3198 3553 illam,
3221 3499 3278 3546 ut
3304 3491 3370 3547 de
3415 3470 3653 3554 Palladio

2073 3564 2380 3619 Paradisum
2404 3565 2624 3634 faceret,
2640 3571 2790 3641 cujus
2816 3575 3079 3642 perfacilis
3099 3580 3330 3638 inversio
3354 3587 3651 3657 videbatur,

2071 3664 2124 3709 et
2155 3665 2405 3725 tanquam
2436 3660 2504 3715 ab
2531 3661 2635 3715 alio
2661 3668 3015 3733 compositum
3049 3672 3298 3729 volumen
3328 3678 3513 3743 edidit,
3544 3698 3651 3751 quo

2069 3747 2255 3801 doctos
2283 3749 2424 3803 viros
2468 3752 2533 3805 ad
2556 3752 2671 3821 ejus
2714 3760 3035 3823 emptionem
3077 3763 3281 3820 facilius
3309 3747 3587 3826 animaret.
3627 3791 3647 3826 ι

2070 3839 2143 3894 lta
2169 3842 2381 3908 quidem
2408 3844 2677 3914 Aloysius.

2138 3957 2302 4027 Cujus
2326 3974 2456 4016 sane
2514 3961 2617 4016 viri
2666 3962 2963 4020 doctissimi
3012 3970 3245 4026 studium
3293 3985 3451 4044 atque
3494 3977 3647 4033 induo

2066 4050 2254 4104 Striam
2284 4051 2512 4107 obscura
2581 4066 2802 4125 quaeque
2834 4060 3222 4131 pervestigandi
3246 4068 3320 4120 uti
3345 4068 3643 4136 laudamus,

2067 4141 2136 4196 ita
2170 4147 2255 4197 hic
2283 4145 2606 4213 conjecturas
2632 4147 2938 4204 felicitatem
2965 4154 3192 4221 probare
3217 4172 3320 4210 non
3342 4174 3655 4225 possumus.

2068 4232 2209 4289 Vere
2237 4238 2379 4289 enim
2411 4239 2772 4308 typographus
2802 4240 2994 4295 librum
3025 4258 3146 4297 eum
3200 4246 3491 4304 Heraclidis
3543 4267 3644 4309 no-

2066 4326 2210 4379 mine
2239 4336 2588 4393 praenotatum
2619 4330 2843 4396 invenit,
2866 4344 2920 4389 et
2952 4334 3103 4388 titulo
3134 4335 3370 4393 Paradisi
3417 4344 3643 4413 ius’gni-

2066 4426 2195 4472 tum.
2228 4417 2301 4470 lta
2328 4418 2470 4472 enim
2500 4420 2599 4474 Ms.
2633 4422 2847 4489 prtefert
2869 4441 3024 4493 quem
3055 4429 3285 4498 inspexi,
3305 4443 3357 4485 et
3381 4434 3489 4501 jam
3515 4437 3641 4491 olim

372 4502 609 4558 moribus
635 4513 873 4571 sanctus,
904 4516 958 4561 et
1000 4507 1300 4563 divinarum
1354 4510 1746 4579 Scripturarum
1778 4516 1957 4570 erudi-
1991 4490 2040 4549 υ
2066 4521 2095 4560 3
2130 4507 2407 4562 νίηεθηιίο
2454 4510 2760 4567 Βθίνθοθηεί
2810 4515 2864 4568 in
2915 4516 3142 4585 δβθουιο
3192 4521 3471 4587 “moria”.
3504 4524 3641 4581 libro

368 4596 515 4650 tione
544 4597 786 4666 insignis,
816 4610 1118 4653 sanctorum
1155 4599 1366 4654 Patrum
1398 4603 1865 4671 anachoretarum,
1888 4622 1952 4661 ac

371 4687 758 4742 monachorum
795 4688 1237 4759 diligentissimus
1266 4692 1549 4763 inquisitor
1592 4705 1645 4750 et
1691 4697 1949 4768 imitator,

366 4778 457 4846 qui
487 4778 631 4831 velut
659 4789 1032 4849 argumentosa
1060 4782 1173 4849 apis
1203 4781 1270 4835 de
1298 4783 1625 4854 singulorum
1663 4800 1952 4842 conversa-

364 4867 510 4921 tione
536 4868 696 4924 llores
724 4871 973 4924 virtutum
998 4870 1049 4923 in
1075 4871 1338 4925 alveolum
1363 4858 1596 4941 pectoris
1639 4875 1720 4929 sui
1766 4876 1948 4931 confe-

359 4973 516 5025 rens,
553 4961 656 5015 mel
707 4964 957 5030 spiritalis
1006 4963 1301 5018 dulcedinis
1355 4967 1684 5034 procreavit,
1734 4968 1949 5037 scripsit

358 5051 501 5106 inter
529 5052 631 5104 alia
664 5052 729 5105 ad
761 5052 1171 5109 ardificationem
1198 5053 1484 5124 legentium
1533 5071 1665 5123 opus
1712 5057 1941 5128 insigne,

360 5142 429 5196 de
452 5141 567 5195 Vita
588 5150 643 5196 et
665 5144 1071 5198 conversatione
1093 5154 1396 5198 sanctorum
1423 5145 1635 5200 Patrum
1660 5148 1710 5201 in
1735 5164 1939 5216 eremo,

357 5229 443 5285 vel
475 5231 526 5284 in
553 5230 815 5286 creuabiis
859 5231 1163 5303 degentium
1194 5235 1294 5288 sub
1316 5235 1517 5304 regula,
1550 5237 1703 5307 cujus
1754 5240 1942 5293 titulus

354 5328 456 5385 est,
491 5318 801 5385 Paradisus,
834 5321 1025 5375 libr‘um
1049 5337 1087 5376 ι.
1120 5322 1322 5378 Claruit
1349 5327 1674 5394 temporibus
1697 5327 1934 5383 Gvatiaui

352 5411 691 5478 imperatoris
718 5427 859 5467 anno
883 5412 1092 5468 Domini
1119 5413 1244 5469 380.
1276 5434 1296 5466 ι

424 5505 629 5559 Prodiit
660 5504 745 5560 hic
773 5505 908 5561 liber
936 5504 1174 5572 Parisiis,
1203 5521 1267 5562 ex
1317 5507 1529 5561 officina
1582 5510 1932 5565 Bellovisiana

352 5597 490 5663 apud
521 5596 781 5653 Joannem
833 5599 1079 5662 Parvum.
1131 5614 1271 5653 anno
1322 5599 1527 5654 Domini
1582 5600 1749 5667 1504,
1805 5618 1929 5657 cura

347 5685 532 5744 Jacobi
560 5687 718 5746 Fabri
741 5688 1097 5760 Stapuleasis,
1131 5689 1220 5759 qui
1274 5687 1388 5743 haec
1435 5689 1505 5748 de
1554 5706 1619 5746 eo
1666 5689 1826 5748 habet
1875 5695 1928 5748 in

2061 4615 2188 4665 xvn,
2217 4615 2246 4651 a
2272 4602 2449 4670 capite
2477 4600 2568 4667 64,
2601 4604 2842 4674 adusque
2872 4608 2962 4672 99,
2993 4620 3046 4664 et
3083 4611 3241 4666 Petro
3292 4629 3321 4666 a
3368 4614 3642 4673 Natalibus

2060 4692 2115 4744 in
2146 4692 2396 4777 Catajogo
2423 4706 2750 4763 sanctorum,
2782 4696 2919 4752 libro
2945 4716 3017 4763 XI,
3048 4716 3167 4768 cap.
3199 4704 3287 4768 87,
3319 4720 3385 4759 eo
3414 4708 3634 4764 nomine

2058 4781 2315 4849 tituloque
2353 4783 2613 4838 adductus
2642 4795 2742 4840 est.
2784 4788 2919 4855 Quin
2965 4799 3021 4843 et
3050 4793 3323 4848 veteribus
3351 4795 3638 4856 Paradisus

2056 4882 2212 4927 notus
2240 4875 2354 4929 fuit.
2386 4874 2607 4931 Photius
2637 4879 2778 4932 enim
2803 4881 3147 4938 Bibliotheca:
3174 4900 3285 4940 suae
3309 4887 3509 4946 Codice
3534 4889 3636 4946 l98

2054 4964 2175 5019 libri
2204 4970 2445 5022 meminit
2471 4970 2558 5038 qui
2588 4970 2873 5040 inscriptus
2922 4983 3005 5029 est
3046 4978 3169 5032 Νέον
3197 4978 3551 5055 Παραόείσιον,
3580 4983 3632 5037 id

2050 5067 2152 5124 est,
2189 5058 2367 5113 Novus
2398 5061 2704 5128 Paradiaus,
2733 5065 2874 5132 quod
2896 5068 2960 5119 de
2989 5067 3316 5135 Limonario,
3346 5086 3440 5127 seu
3466 5074 3625 5129 Prato

2047 5151 2305 5217 spirituali
2324 5150 2543 5206 Joannis
2567 5154 2769 5208 Moschi
2796 5155 3038 5226 intelligi,
3057 5160 3356 5214 declaratur
3377 5164 3623 5231 sequenti

2045 5240 2242 5296 Codice
2273 5242 2393 5297 1119.
2428 5242 2577 5297 Unde
2608 5244 2761 5300 facile
2791 5246 3040 5316 colligere
3081 5259 3184 5316 est,
3207 5252 3250 5303 si
3298 5252 3478 5309 Novus
3525 5257 3628 5310 ali-

2044 5331 2161 5397 quis
2192 5331 2474 5386 Paradisus
2495 5343 2598 5403 est,
2627 5344 2680 5388 et
2714 5334 2958 5391 Veterem
2983 5338 3213 5405 aliquem
3241 5340 3423 5408 fuisse,
3463 5360 3624 5413 quem

2043 5437 2146 5475 non
2176 5423 2336 5474 alium
2370 5424 2439 5476 ab
2465 5424 2566 5477 hoc
2593 5433 2775 5479 nostro
2806 5426 2971 5481 fuisse
2998 5428 3155 5483 liceat
3180 5432 3507 5487 existimare.

2112 5500 2709 5584 lleraclides’quoque,
2756 5521 3051 5574 monachus
3104 5523 3319 5591 quidam
3379 5534 3620 5590 tempore

2040 5602 2387 5658 Macariorum
2418 5614 2574 5658 notus
2600 5604 2717 5670 fuit,
2755 5619 2811 5660 ut
2837 5622 3045 5665 constat
3068 5628 3133 5665 ex
3164 5613 3484 5684 Nicephoro,
3518 5616 3615 5672 lib.

2035 5704 2115 5761 tx,
2148 5708 2265 5764 cap.
2303 5695 2388 5751 il.
2439 5695 2577 5762 Quin
2624 5705 2679 5753 et
2722 5699 2959 5769 synodus
2988 5701 3053 5757 ad
3096 5703 3361 5772 Quercum
3408 5706 3619 5776 habita,
