4002 6250
470 282 532 331 27
1403 273 1467 329 IN
1508 271 1711 328 VITAS
1751 268 2030 326 PATRUM
2072 266 2591 327 PROLEGOMENA
2632 268 2814 325 XXVI.
3656 272 3727 325 ‘28

470 392 573 446 lata
600 389 760 446 verba
787 388 983 445 Gelasii
1012 403 1075 443 ex
1107 386 1344 453 decreto,
1369 387 1423 441 d.
1451 386 1554 441 15:
1587 405 1603 437 ‹
1641 386 1785 439 Vitas
1814 388 2047 445 Patrum,
2083 381 2124 438 Α
2157 378 2343 433 Graeca
2386 380 2595 451 Evngrii
2644 381 2696 434 iu
2742 381 2986 434 Latinum
3030 395 3332 436 sermonem
3386 384 3737 438 transtulisse.

472 482 619 537 Pauli
639 522 654 545 ,
685 481 899 535 Antonii
922 521 937 543 ,
973 479 1281 541 Hilarionis,
1309 487 1361 531 et
1393 478 1630 530 omnium
1671 477 2043 543 ereutitarum,

471 586 608 642 quas
640 580 815 626 tamen
847 571 929 625 vir
958 569 1295 623 beatissimus
1343 567 1625 634 descripsit
1670 567 2046 636 Hieronymus,

470 677 588 717 cum
613 662 989 717 omuiJionore
1009 660 1362 726 suscipimus;
1392 677 1411 709 ι
1441 658 1557 711 htec
1578 657 1756 710 subdit
1782 674 1794 709 :
1827 676 1843 708 ι
1872 658 1944 709 Ea
1968 669 2048 710 est

472 768 599 809 usus
621 753 825 807 cautela
856 749 1121 817 Gelasius,
1149 751 1401 819 quoniam
1431 759 1484 803 et
1513 748 1772 816 Evagrius
1798 748 2048 802 Ponticus

472 844 687 912 scripsit
722 843 863 897 Vitas
908 841 1155 906 Patrum,
1198 848 1254 895 et
1297 840 1513 894 miscuit
1552 840 1888 908 Origenistas
1919 855 2051 894 non-

474 935 678 1000 nullos,
728 946 861 1002 quos
908 930 1048 986 idem
1104 931 1456 1002 Hieronymus
1504 939 1653 984 notat
1701 931 1943 986 scribens
1987 932 2052 985 ad

474 1026 896 1094 Ctesiphontem.
927 1044 945 1076 ι
976 1024 1043 1078 Et
1072 1023 1269 1093 passim
1302 1022 1517 1092 Evagrii
1549 1024 1764 1077 nomine
1790 1037 1880 1076 eas
1907 1022 2054 1078 Vitas

473 1118 600 1168 citat
627 1125 735 1167 tum
764 1118 816 1166 in
846 1111 1240 1184 Martyrulogio,
1268 1123 1378 1167 tum
1409 1113 1461 1167 in
1489 1114 1805 1167 Annalibus.
1834 1115 1888 1168 lu
1917 1116 2056 1169 Mar.

474 1205 736 1275 tyrologio
762 1202 976 1271 quidem
1003 1202 1070 1256 15
1089 1203 1353 1267 Januarii,
1379 1204 1652 1257 notatione
1669 1204 1734 1255 ad
1762 1204 2051 1267 lsidormu;

479 1306 534 1351 et
558 1297 622 1350 l7
663 1292 933 1357 Januarii,
968 1303 1136 1346 notat.
1166 1294 1231 1347 ad
1262 1302 1505 1347 sanctum
1539 1294 1857 1359 Antonium;
1902 1307 1958 1350 et
1984 1295 2054 1349 27

477 1386 680 1449 Martii,
712 1393 878 1438 notat.
904 1383 971 1437 ad
1017 1384 1275 1437 Joannem
1322 1384 1624 1438 eremitam.
1658 1384 1712 1438 In
1760 1385 2057 1439 Annalibus

476 1491 601 1529 vero
625 1490 765 1530 anno
785 1475 977 1530 Christi
1007 1476 1056 1541 l,
1077 1484 1130 1529 et
1157 1490 1299 1529 anno
1320 1474 1447 1540 535,
1464 1485 1519 1531 et
1549 1491 1689 1530 anno
1713 1475 1837 1542 594,
1861 1486 1915 1531 et
1940 1477 2056 1530 aliis

476 1566 623 1620 locis.

547 1657 875 1713 Possevinus
896 1673 1107 1728 quoque
1135 1660 1186 1713 in
1218 1663 1489 1727 Apparatu
1517 1674 1693 1727 sacro,
1718 1661 1772 1714 in
1803 1661 2053 1731 Evagrio,

2152 468 2267 522 Non
2289 470 2583 524 absimilem
2608 470 2826 524 Honorii
2869 472 2950 525 vel
2972 487 3212 525 errorem
3244 473 3323 527 vel
3344 477 3737 541 corruptionem

2152 562 2273 614 vide
2304 562 2454 617 initio
2484 564 2602 617 libri
2632 578 2699 626 ιι,
2735 564 3008 617 notatione
3035 564 3102 617 ad
3126 574 3379 619 -veterum
3408 566 3473 620 de
3522 566 3739 621 Rufﬁuo

2153 654 2346 722 elogia.

2226 749 2426 801 Omitto
2447 747 2587 813 quod
2616 748 2667 800 in
2700 746 2801 800 hoc
2821 747 3056 800 secundo
3083 747 3219 802 libro
3243 748 3312 802 de
3338 747 3470 802 Vitis
3490 748 3705 803 Patrum
3722 792 3739 811 ,

2154 857 2272 912 cap.
2300 841 2393 901 27,
2418 849 2592 896 exstet
2622 840 2736 894 Vita
2786 839 3030 908 Evagrii,
3068 857 3087 890 ι
3114 849 3364 908 tanquam
3391 837 3743 896 continentis-

2155 940 2275 993 simi
2304 948 2360 992 et
2388 936 2733 993 eruditissimi
2769 935 2901 999 viri,
2928 952 2946 985 ι
2983 942 3041 988 ut
3069 949 3185 988 eam
3217 934 3289 989 ibi
3322 935 3508 989 haberi
3550 935 3745 989 asserit

2157 1028 2485 1084 Gennadius.
2509 1025 2639 1080 Nam
2664 1025 2781 1095 ejus
2804 1041 2871 1077 eo
2891 1026 2945 1078 in
2970 1023 3105 1077 libro
3132 1041 3151 1073 σ
3174 1024 3529 1091 spiritualium
3563 1038 3741 1077 rerum

2160 1120 2407 1185 scientia,
2440 1130 2493 1172 et
2532 1116 2865 1171 incredibilis
2901 1115 3221 1168 abstinentia
3256 1133 3275 1165 ι
3309 1115 3741 1180 commendatur,

2159 1227 2315 1279 quam
2364 1226 2469 1264 non
2500 1218 2583 1264 est
2627 1209 2805 1263 simile
2845 1221 2975 1262 vero
3024 1207 3311 1275 Eva‘grium
3360 1207 3532 1275 ipsum
3573 1206 3641 1262 de
3687 1222 3748 1261 se

2161 1299 2435 1354 historiam
2473 1298 2728 1352 texuisse.

2232 1390 2284 1443 5.
2330 1387 2483 1455 Quod
2534 1388 2576 1439 si
2626 1386 2973 1453 manuscripti
3020 1385 3237 1452 quidam
3288 1383 3409 1438 libri
3459 1383 3745 1454 Evagrium

2162 1478 2485 1548 prtcferunt,
2524 1485 2582 1530 ut
2627 1476 2739 1540 illc,
2768 1475 2838 1529 de
2882 1489 2990 1543 quo
3016 1474 3274 1538 diximus,
3309 1473 3746 1542 Burdegalensis,

2162 1578 2219 1624 et
2247 1569 2456 1637 qualem
2488 1581 2608 1620 esse
2638 1565 2798 1619 audio
2830 1564 3048 1618 Parisiis
3092 1563 3230 1631 apud
3277 1564 3634 1618 clarissimum
3666 1565 3747 1617 vi-

2166 1678 2285 1715 rum
2314 1661 2590 1715 Nicolaum
2627 1658 2855 1711 Fabrum
2874 1699 2887 1721 ,
2923 1671 3030 1711 non
3060 1670 3382 1725 magnopere
3413 1671 3626 1711 movere
3654 1657 3751 1709 de-

475 1748 550 1801 ait
595 1749 888 1803 existimari
920 1766 1039 1804 eum
1079 1751 1222 1804 Vitas
1274 1751 1487 1804 Patrum
1532 1752 1918 1821 composuisse,
1954 1754 2059 1809 hoc
2090 1751 2135 1810 B
2169 1753 2276 1807 bet.
2310 1751 2513 1819 Duplici
2543 1751 2684 1803 enim
2719 1751 2819 1803 hoc
2844 1762 3003 1801 causa
3039 1748 3151 1801 fieri
3185 1748 3374 1815 potuit,
3404 1756 3513 1801 tum
3537 1762 3599 1800 ex
3632 1746 3747 1800 Vita

477 1849 592 1900 est,
629 1840 852 1906 primam
896 1855 1078 1892 earum
1131 1850 1335 1908 partem
1384 1842 1532 1909 (citat
1561 1857 1626 1894 ex
1665 1842 2056 1910 vulgatissima,

477 1946 635 1996 quam
683 1932 973 1985 secundam
1006 1948 1157 1995 voco,
1191 1932 1450 2003 editione)
1499 1934 1566 1986 ab
1610 1935 1759 1988 initio
1803 1937 2007 2005 prologi
2042 1955 2054 1990 :

478 2021 781 2077 Benedictus
829 2024 965 2077 Deus
1012 2027 1100 2093 qui
1136 2028 1241 2079 vult
1285 2042 1489 2088 omnes,
1536 2043 1701 2095 usque
1742 2029 1810 2082 ad
1858 2039 2055 2096 caput:

482 2115 557 2169 De
594 2117 835 2185 periculis
877 2119 929 2169 in
970 2134 1157 2182 eremo,
1189 2119 1327 2187 quod
1374 2120 1627 2186 praecedit
1674 2120 1842 2174 Vitam
1889 2123 2059 2176 sancti

477 2206 647 2260 Pauli.

547 2296 652 2350 Sed
683 2304 737 2349 et
768 2294 1018 2364 Aloysius
1047 2295 1391 2364 Ltpomanus,
1424 2298 1734 2365 praefatione
1762 2311 1885 2356 ante
1936 2303 2059 2356 Pal-

477 2384 709 2445 ladium,
741 2399 898 2451 quem
932 2395 1281 2451 reprtesentat
1314 2396 1459 2439 tomo
1490 2388 1553 2441 Ill
1585 2389 1652 2443 de
1686 2390 1817 2443 Vitis
1845 2400 2061 2445 sancto-

480 2493 595 2530 rum
617 2518 633 2541 ,
666 2478 784 2531 loco
814 2477 908 2531 illo
938 2478 1047 2531 divi
1081 2461 1386 2548 Hieronymi
1433 2479 1706 2548 inductus,
1736 2482 2061 2536 existimavit

478 2568 548 2621 ab
596 2568 820 2636 Evagrio
854 2567 1045 2621 librum
1078 2568 1225 2635 quasi
1256 2569 1322 2622 de
1356 2570 1633 2623 monachis
1662 2571 2023 2637 conscriptum
2044 2608 2060 2636 ,

480 2657 566 2724 qui
592 2666 768 2710 tamen
796 2672 900 2711 non
928 2660 1175 2726 exprimit
1203 2675 1270 2712 an
1304 2659 1460 2728 hujus
1488 2676 1609 2713 eum
1640 2662 1759 2714 libri
1790 2671 2059 2716 auctorem

481 2759 722 2814 censeat;
775 2751 882 2803 imo
928 2752 1128 2807 sentire
1176 2753 1385 2805 videtur
1433 2768 1554 2807 eum
1609 2755 1817 2825 Evagrii
1866 2756 2059 2809 librum

481 2840 588 2907 jam
616 2853 722 2892 non
750 2848 989 2893 exstare.

560 2928 841 2984 Videamus
872 2946 1015 2984 nunc
1054 2932 1249 3000 quibus
1297 2933 1411 2987 haec
1450 2936 1737 3002 sententia,
1771 2954 1889 3004 qute
1930 2942 2065 2993 Eva-

479 3020 654 3086 grium
697 3019 979 3074 Ponticum
1031 3023 1153 3075 libri
1204 3023 1359 3092 hujus
1406 3035 1678 3080 auctorem
1722 3027 1871 3091 facit,
1907 3045 2063 3099 argu-

483 3110 675 3163 mentis
701 3111 797 3164 niti
829 3112 1014 3179 possit.

558 3219 608 3272 l.
642 3220 756 3274 Non
785 3222 927 3274 aliud
960 3223 1170 3276 videtur
1211 3223 1472 3278 Barouius
1516 3231 1797 3281 sententiae
1841 3244 1951 3282 sua:
1978 3247 2064 3283 ar-

480 3321 790 3381 gumentum
824 3313 1074 3368 habuisse
1103 3331 1260 3384 quam
1291 3318 1433 3369 illam
1473 3319 1577 3371 divi
1613 3319 1921 3390 Hieronymi
1953 3324 2064 3389 epi-

481 3403 673 3456 stolam
702 3403 769 3457 ad
808 3405 1206 3473 Ctesiphontem
1226 3446 1239 3469 ,
1271 3407 1526 3462 adversus
1579 3411 1914 3479 Pelagianos,
1945 3430 2064 3481 qua:

483 3493 602 3547 libri
632 3494 906 3563 cujusdam
938 3496 1005 3551 de
1037 3497 1308 3552 Mouachis
1338 3516 1431 3565 seu
1466 3500 1680 3554 Patrum
1732 3503 1863 3557 Vitis
1908 3521 2061 3558 men-

482 3585 682 3638 tionem
714 3584 857 3639 facit.
891 3586 1210 3657 llespondeo
1240 3606 1256 3644 :
1288 3590 1401 3643 Non
1438 3592 1538 3645 rite
1577 3607 1695 3645 eam
1742 3593 2063 3649 intellectam

479 3691 509 3730 a
544 3677 771 3731 Baronio
801 3694 922 3731 tnox
955 3681 1266 3748 ostendam,
1297 3683 1383 3737 ubi
1427 3682 1694 3738 Rufflnum
1728 3686 1940 3739 illarum
1973 3687 2064 3741 Vi-

484 3777 655 3821 tarum
685 3777 959 3823 auctorem
993 3772 1098 3841 (vel
1129 3782 1280 3826 certe
1327 3775 1700 3844 interpretem)
1738 3791 1801 3829 ex
1828 3776 2066 3844 ipsomet

483 3857 590 3910 divi
621 3856 929 3927 Hieronymi
961 3858 1082 3911 loco
1108 3860 1404 3914 clarissime
1432 3864 1689 3928 probabo.

541 3945 599 4000 2.
634 3945 739 4001 Pro
769 3948 1034 4001 sententia
1065 3948 1276 4001 Baronii
1305 3950 1571 4005 adducere
1594 3955 1713 4018 quis
1746 3965 1926 4021 posset
1959 3955 2067 4009 Ho-

484 4037 728 4104 norium,
757 4038 825 4092 de
869 4036 1165 4092 illustribus
1215 4040 1467 4094 Ecclesia:
1511 4041 1898 4111 Scriptoribus,
1944 4061 2064 4116 cap.

481 4125 574 4191 40,
609 4126 697 4180 ubi
730 4126 802 4179 ita
846 4127 1006 4181 habet
1033 4147 1045 4181 :
1084 4147 1104 4179 ‹
1137 4127 1399 4198 Evagrius
1426 4133 1740 4196 monachus,
1770 4137 2067 4204 supradicti

485 4217 697 4273 Macarii
724 4217 1011 4289 (Egyptii)
1041 4219 1315 4275 familiaris
1339 4221 1652 4290 discipulus,
1679 4225 1855 4279 divlna
1889 4237 1941 4281 et
1970 4228 2066 4282 hu-

486 4322 644 4361 mana
703 4308 1005 4361 litteratura
1044 4308 1290 4378 insignis,
1322 4311 1537 4380 scripsit
1567 4315 1734 4368 multa
1765 4320 2065 4374 necessaria

482 4402 780 4467 monachis,
811 4403 1019 4457 scilicet
1050 4402 1222 4456 Vitam
1260 4403 1500 4470 Patrum,
1532 4417 1588 4460 et
1611 4408 1907 4465 Adversum
1939 4422 2063 4468 octo

2166 1848 2333 1901 sancti
2368 1843 2620 1913 Antonii,
2664 1857 2781 1911 quae
2824 1841 3039 1894 Patrum
3088 1839 3219 1893 Vitis
3249 1839 3563 1908 plerumque
3611 1855 3751 1906 pra:-

2165 1937 2411 2000 mittitur,
2433 1935 2519 1988 cui
2556 1934 2766 2002 Evagrii
2795 1942 3044 2001 tauquam
3069 1930 3375 1999 interpretis
3407 1931 3589 1984 titulus
3621 1944 3751 1998 prat-

2164 2030 2359 2097 ﬁgitur,
2386 2029 2473 2095 qui
2505 2037 2559 2081 et
2588 2027 2707 2079 aliis
2733 2021 3077 2092 sequentibus
3110 2030 3228 2089 post
3254 2007 3508 2084 adhaesit;
3540 2031 3646 2072 tum
3680 2035 3749 2073 ex

2162 2118 2268 2172 divi
2310 2116 2618 2186 Hieronymi
2659 2114 2725 2168 ad
2765 2113 3171 2181 Ctesiphontem
3210 2108 3436 2177 epistula
3490 2111 3627 2163 male
3669 2112 3751 2161 in-

2166 2211 2397 2274 tellecta,
2432 2210 2499 2263 de
2525 2222 2629 2278 qua
2660 2206 2822 2274 paulo
2853 2213 2970 2273 post
3000 2205 3051 2257 in
3077 2203 3288 2257 Rullino
3314 2201 3573 2256 dicemus.

2236 2303 2287 2355 4.
2332 2302 2529 2355 Locum
2578 2298 2798 2352 invenio
2843 2296 2895 2349 in
2941 2297 3183 2359 δοιτςιιθ,
3227 2293 3319 2347 lib.
3372 2308 3448 2354 tv,
3490 2309 3608 2360 cap.
3652 2293 3753 2357 25.

2165 2393 2293 2449 edit.
2323 2392 2442 2455 Gr.,
2470 2399 2525 2443 et
2565 2405 2614 2444 c.
2652 2389 2736 2452 l8,
2765 2389 2897 2443 edit.
2943 2388 3085 2449 Ιλτιι.τ
3118 2387 3207 2455 qui
3256 2386 3309 2439 in
3354 2386 3490 2439 hanc
3534 2395 3757 2439 senten-

2166 2485 2291 2538 tiam
2334 2478 2510 2538 afferri
2556 2489 2759 2550 posset.
2790 2481 2862 2534 Ita
2892 2481 3032 2534 enim
3063 2480 3251 2549 capitis
3292 2480 3470 2534 titulus
3512 2480 3758 2548 concipi-

2166 2582 2297 2628 tur:
2340 2579 2458 2650 Περὶ
2502 2582 2593 2630 τοῦ
2637 2576 2785 2647 ἁγίου
2837 2575 3140 2643 μονάζοντος
3186 2572 3400 2645 ’Δριμοί
3450 2577 3529 2626 καὶ
3573 2573 3764 2645 ἑτάρων

2166 2668 2321 2738 ἀγγέων
2346 2667 2538 2742 ἀνδρῶν
2581 2669 2861 2739 κατάλογος
2892 2668 2947 2720 ἑκ
2986 2674 3078 2726 τῆς
3112 2666 3363 2739 Εὖαγρίον
3406 2660 3707 2739 συγγραφῆς
3745 2682 3761 2720 :

2168 2757 2247 2812 De
2275 2770 2449 2813 sancto
2480 2762 2699 2812 Ammun
2728 2759 2996 2820 monacho,
3024 2770 3069 2810 et
3093 2759 3211 2811 aliis
3243 2758 3362 2810 viris
3402 2763 3588 2811 sanctis
3613 2767 3761 2810 cnla-

2166 2849 2335 2921 Iogus,
2359 2867 2422 2904 ea:
2449 2849 2662 2920 Evagrii
2688 2849 2837 2902 libro.
2869 2849 3059 2901 Verum
3089 2849 3142 2901 in
3176 2850 3276 2901 hoc
3297 2849 3469 2915 capite
3498 2854 3761 2900 tractatur

2167 2940 2248 2994 de‘
2268 2943 2551 3003 Ammone,
2584 2941 2831 3010 Didymo,
2870 2939 3047 3003 Piore,
3079 2937 3307 3002 Isidoro,
3339 2936 3627 3001 Pambone,
3658 2937 3765 2994 Pe-

2172 3033 2296 3095 tiro,
2334 3030 2574 3086 Macariis
2606 3031 2835 3095 duobus,
2862 3032 2930 3083 de
2956 3029 3151 3098 quibus
3174 3030 3335 3084 etiam
3370 3030 3543 3097 agitur
3570 3029 3620 3082 in
3655 3030 3762 3084 hoc

2090 3118 2137 3180 C
2167 3125 2402 3179 secundo
2429 3124 2497 3179 de
2530 3123 2664 3178 Vitis
2708 3124 2923 3177 Patrum
2968 3123 3123 3177 libro.
3170 3122 3226 3177 Si
3278 3123 3440 3191 igitur
3484 3123 3573 3176 illa
3615 3124 3761 3190 apud

2170 3215 2445 3270 Socratem
2486 3215 2764 3281 desumpta
2794 3222 2917 3267 sunt
2943 3228 3007 3267 ex
3039 3213 3173 3266 libro
3205 3213 3456 3283 Evagrii,
3491 3223 3543 3266 ut
3574 3213 3760 3269 titulus

2169 3306 2362 3374 capitis
2394 3304 2640 3373 pratfert,
2671 3305 2920 3359 videntur
2950 3311 3005 3357 et
3036 3303 3147 3357 ha‘c
3186 3303 3239 3357 in
3273 3303 3409 3357 \‘itis
3440 3302 3656 3357 Patrum
3686 3319 3759 3359 ex

2169 3398 2286 3465 ejus
2328 3398 2467 3451 libro
2508 3396 2808 3463 desumpta.
2862 3394 3181 3463 Respondeo
3209 3412 3221 3446 :
3254 3393 3395 3448 Περδὶ
3446 3394 3531 3450 hic
3575 3397 3754 3464 primo

2169 3486 2363 3555 gradu,
2396 3501 2493 3540 nec
2541 3485 2787 3539 videbam
2819 3486 2906 3553 qui
2940 3499 3024 3537 me
3063 3485 3131 3537 ab
3172 3486 3271 3538 hac
3312 3485 3495 3553 pedica
3533 3486 3758 3555 expedio

2170 3591 2316 3641 rem;
2347 3576 2436 3630 ubi
2483 3584 2659 3630 tamen
2689 3584 2848 3645 caput
2886 3583 3054 3629 totum
3097 3576 3319 3644 perlegi,
3355 3590 3386 3630 e
3414 3577 3635 3646 vestigio
3655 3592 3756 3631 ex-

2168 3665 2381 3738 peditus
2410 3665 2503 3720 fui.

2240 3767 2375 3822 Nam
2407 3767 2656 3823 Socrates
2701 3765 2857 3819 initio
2893 3767 3085 3831 capitis
3126 3768 3235 3834 agit
3277 3765 3491 3834 quidem
3530 3766 3601 3822 de
3638 3766 3757 3819 istis

2170 3858 2440 3923 Patribus,
2470 3855 2567 3911 sed
2597 3854 2798 3908 nullam
2828 3858 2883 3908 in
2914 3864 3060 3909 textu
3090 3856 3418 3911 mentionem
3450 3857 3577 3913 facit
3614 3856 3755 3912 unde

2171 3965 2233 4002 ea
2263 3946 2643 4016 desumpserit.
2678 3945 2803 3999 Post
2830 3945 3064 4000 medium
3091 3948 3286 4015 capitis
3311 3947 3583 4016 subjungit
3608 3961 3755 4018 qua-

2170 4037 2292 4091 dam
2318 4036 2387 4091 de
2415 4035 2532 4090 Vita
2566 4034 2781 4103 Evagrii
2809 4045 2863 4088 et
2893 4034 3016 4103 ejus
3054 4038 3290 4105 scriptis.
3319 4038 3456 4092 inter
3481 4054 3597 4107 qua:
3636 4039 3754 4091 ttul-

2172 4132 2277 4185 lurn
2302 4141 2609 4184 numeratur
2624 4129 2765 4197 quod
2789 4128 2989 4183 diserte
3009 4130 3155 4185 Vitas
3179 4131 3390 4184 Patrum
3412 4133 3750 4199 complexum

2172 4222 2348 4273 fuerit.
2382 4221 2509 4273 lude
2537 4221 2607 4273 ait
2636 4228 2994 4286 uppartunum
3023 4233 3145 4274 esse
3173 4230 3403 4287 tempus,
3440 4238 3459 4271 ι
3492 4237 3657 4290 pauca
3682 4236 3750 4275 ex

2170 4309 2275 4365 illis
2313 4325 2434 4378 qua:
2477 4318 2605 4363 sunt
2648 4311 2715 4361 ab
2761 4323 2827 4363 eo
2876 4308 2943 4363 de
2984 4310 3260 4365 monachis
3302 4319 3753 4375 commemorata,

2172 4401 2307 4473 [xix]
2342 4402 2464 4456 huic
2504 4401 2741 4456 sermoni
2774 4402 3075 4456 attexendi.
3109 4422 3128 4453 ι
3175 4403 3435 4457 Ιὶεαεηδει
3471 4412 3649 4456 autem
3681 4402 3754 4455 ibi

484 4493 856 4563 principalium
897 4493 1148 4546 vitiorum
1194 4497 1584 4565 suggestiones.
1622 4518 1638 4550 ι
1695 4499 2057 4569 Respondes:

2174 4493 2415 4561 quaedam
2466 4492 2739 4547 Didactica
2793 4507 2857 4546 ex
2911 4492 3047 4547 libro
3089 4494 3176 4564 qui
3219 4493 3504 4548 Monachus
3541 4508 3637 4547 seu
3680 4491 3755 4546 De

482 4584 712 4636 Omnino
744 4598 935 4636 vereor
966 4600 1034 4639 ne
1066 4584 1177 4638 limi
1208 4584 1405 4656 aliquid
1436 4591 1765 4645 contraxerit
1807 4593 1891 4647 hic
1923 4595 2067 4648 rivu-

484 4672 585 4735 lus,
614 4671 789 4745 [xvlttl
830 4673 918 4742 qui
954 4675 1005 4725 in
1050 4674 1194 4729 fonte
1238 4691 1336 4731 suo
1386 4678 1503 4732 ﬂuit
1548 4682 1749 4748 purius.
1797 4683 1874 4737 Ita
1924 4687 2065 4740 enim

482 4761 791 4816 Gennadius
816 4778 935 4831 cap.
967 4762 1051 4829 il,
1079 4779 1147 4819 ex
1177 4781 1285 4835 quo
1327 4783 1419 4822 sua
1450 4770 1721 4826 corrivare
1767 4773 1960 4828 solitus
1986 4784 2068 4829 est

487 4852 790 4907 Honorius:
826 4872 846 4905 ι
879 4855 1135 4923 Evagrius
1164 4861 1479 4925 monachus,
1512 4864 1805 4931 supradicti
1851 4865 2066 4921 Macarii

484 4944 775 5017 (/Egyptii)
797 4945 1299 5015 discipulus,divina
1320 4960 1481 5020 atque
1510 4954 1737 5009 humana
1767 4958 2068 5027 litteratura

483 5041 725 5111 insignis,
770 5043 926 5109 cujus
968 5042 1125 5095 etiam
1172 5043 1310 5098 liber
1338 5045 1426 5114 qui
1458 5048 1759 5102 attitulatur
1796 5049 1925 5105 Vitae
1955 5050 2063 5105 Pa-

486 5141 651 5196 mmt,
681 5130 830 5183 velut
856 5133 1297 5188 continentissimi
1322 5146 1377 5189 et
1404 5139 1755 5195 eruditissimi
1783 5142 1879 5196 viri
1915 5159 2066 5197 men-

481 5221 681 5276 tionem
712 5218 868 5286 facit,
899 5222 1109 5292 scripsit
1135 5226 1299 5281 multa
1332 5230 1611 5283 monachis
1644 5235 1968 5294 necessaria,
1999 5249 2064 5288 ex

483 5314 676 5383 quibus
705 5314 800 5366 ista
828 5322 951 5367 sunt
977 5332 992 5368 :
1025 5318 1279 5373 Adversus
1302 5330 1414 5375 octo
1443 5322 1803 5390 principalium
1829 5324 2065 5378 vitiorum

483 5406 848 5475 suggestiones.
878 5424 897 5457 ι

556 5496 666 5551 Nec
711 5497 961 5552 existimo
995 5514 1315 5567 quemquam
1350 5502 1434 5556 hic
1478 5501 1627 5557 facile
1664 5503 2057 5573 dubitaturum,

488 5589 733 5658 potiorne
760 5587 1037 5645 Gennadio
1065 5606 1130 5645 an
1169 5592 1402 5648 Honorio
1450 5593 1583 5648 fides
1626 5597 1697 5650 sit
1735 5597 2061 5666 adhibenda,

491 5698 610 5736 cum
662 5682 777 5751 ipse
830 5683 1136 5739 Gennadius
1189 5684 1383 5742 ibidem
1436 5699 1642 5744 asserat
1691 5706 1749 5747 se
1814 5693 2065 5765 pleraque

2170 4586 2274 4635 vita
2313 4582 2364 4634 in
2403 4581 2599 4634 actione
2638 4584 2805 4647 posita
2845 4583 3185 4647 inscribitur;
3235 4583 3360 4637 item
3401 4583 3645 4651 qutedam
3685 4599 3751 4637 ex

2173 4674 2329 4742 libro,
2356 4676 2445 4741 qui
2473 4674 2745 4730 Gnosticus
2777 4693 2868 4730 seu
2899 4677 3127 4732 Scientia
3158 4677 3404 4743 prwditus
3437 4675 3657 4728 dicitur.
3693 4674 3758 4728 Et

2172 4766 2303 4819 nihil
2344 4781 2527 4819 eorum
2572 4767 2624 4819 in
2675 4768 2774 4819 hoc
2807 4767 2942 4820 libro
2971 4766 3038 4820 de
3067 4766 3225 4834 cujus
3274 4773 3493 4820 auclore
3541 4772 3758 4818 contro—

2173 4854 2429 4909 vertimus
2456 4853 2741 4922 reperitur.
2777 4853 3103 4921 Nicephorus
3132 4868 3364 4922 quoque.
3399 4852 3492 4906 lib.
3521 4867 3607 4913 χι,
3633 4866 3756 4919 cap.

2172 4942 2273 5010 42,
2316 4954 2592 4999 enumerat
2629 4944 2823 5010 scripta
2871 4945 3116 5009 Evagrii,
3148 4951 3204 4998 et
3247 4942 3377 4996 nihil
3422 4943 3490 4997 de
3537 4941 3755 4996 Patrum

2180 5036 2312 5089 Vitis
2354 5036 2540 5097 habet;
2572 5045 2626 5088 et
2672 5050 2790 5101 «ευρ.
2820 5036 2918 5096 45.
2950 5035 3078 5089 citat
3114 5035 3355 5105 quaedam
3397 5050 3466 5087 ex
3514 5032 3650 5087 libro
3686 5031 3755 5087 de

2176 5126 2446 5182 Mouachis
2470 5135 2523 5180 et
2551 5123 2841 5191 Gnosticis,
2868 5126 2961 5180 sed
2997 5126 3125 5179 nihil
3166 5140 3348 5181 eorum
3392 5126 3442 5179 in
3487 5123 3587 5179 hoc
3617 5123 3754 5177 libro

2173 5233 2288 5272 com
2298 5225 2463 5286 paret.

2244 5328 2420 5395 Quare
2444 5326 2585 5396 quod
2618 5327 2799 5381 titulus
2825 5326 3014 5394 capitis
3045 5327 3234 5392 habet,
3264 5342 3325 5381 ex
3357 5324 3569 5396 Evagrii
3599 5325 3751 5387 libro,

2173 5421 2514 5477 referendum
2544 5433 2622 5475 est
2660 5437 2762 5476 non
2807 5422 2870 5475 ad
2905 5431 3068 5475 totum
3102 5432 3290 5492 eaput,
3322 5423 3413 5476 sed
3445 5422 3511 5475 ad
3543 5434 3607 5474 ea
3636 5435 3754 5485 quat:

2173 5522 2348 5569 textus
2391 5514 2661 5583 expressis
2700 5515 2879 5569 verbis
2908 5523 3093 5568 monet
3130 5530 3195 5569 ex
3242 5516 3452 5584 Evagrii
3497 5516 3633 5568 libro
3661 5513 3755 5567 de-

2173 5612 2414 5671 sumpta,
2467 5602 2727 5657 Monacho
2774 5603 2978 5659 scilicet
3016 5614 3072 5658 et
3119 5604 3394 5660 Gnostico.
3432 5606 3497 5659 Et
3543 5603 3754 5673 epigra-

2175 5700 2277 5765 phe
2306 5698 2534 5766 capitum
2565 5708 2709 5766 saepe
2735 5708 2843 5749 non
2887 5695 3036 5751 valde
3067 5697 3335 5763 distincta,
3363 5698 3486 5767 quia
3518 5696 3750 5767 plerum.
