4002 6228
232 270 292 324 29
1516 267 2063 325 PROLEGOMENUN
2100 268 2188 323 IV.
3459 272 3526 325 πθ

239 402 342 457 que
367 399 479 441 non
520 386 595 440 ab
617 395 865 449 auctore,
892 386 983 442 sed
1017 400 1045 438 a
1076 384 1296 439 librario
1336 385 1515 455 aliquo
1546 387 1835 441 concinna-
1862 389 1910 445 Α
1938 383 2219 437 eottl'usum
2244 382 2381 447 vidi,
2408 385 2596 451 partim
2625 384 3110 452 reinterpretando,
3136 396 3335 455 parum
3353 401 3528 444 eaten-

245 490 347 535 tur.
369 478 463 535 Sic
494 478 695 533 Petrus
738 480 926 533 Gillius
956 477 1217 545 Bosphori
1247 476 1455 530 Thracii
1490 477 1580 530 lib.
1608 493 1641 530 u
1663 518 1678 542 ,
1711 492 1831 546 cap.

246 570 330 636 10,
358 572 505 624 clare
530 571 892 639 deprehendit
924 570 1175 625 clencbos
1208 571 1436 637 capitum
1468 571 1703 623 historiae
1735 575 1834 626 So-

242 662 454 717 zomeni
481 662 550 714 ab
584 660 780 715 inscito
815 661 1030 714 homine
1064 660 1251 713 factos.
1280 659 1410 713 Nam
1440 661 1580 726 quod
1608 663 1753 714 clare
1784 662 1834 712 in

240 763 396 808 testu
424 762 507 805 est
539 752 633 805 lib.
662 768 720 814 ll,
752 755 876 817 ca’p.
900 754 956 815 5,
982 752 1047 806 de
1079 752 1383 817 Michaelio,
1414 752 1541 805 illud
1571 754 1620 804 in
1642 753 1829 806 llestiis

238 858 364 898 esse
411 843 503 896 ille
532 845 867 917 ὶληχοποιὸς
910 844 1039 896 dicit
1085 858 1208 896 esse
1250 844 1300 896 in
1352 844 1659 911 Sosthenio,
1694 844 1833 912 quod

244 934 438 989 Giliius
458 936 536 988 ait
557 937 790 1001 amplius
812 937 1175 1005 duodeviginti
1194 936 1384 989 stadiis
1402 936 1528 989 inde
1552 947 1834 990 remotum.

247 1024 350 1080 l’ro
376 1025 667 1081 Sostbenio
689 1026 827 1094 apud
855 1026 1184 1084 Steph'mum
1202 1066 1218 1092 ,
1242 1027 1312 1080 de
1338 1027 1557 1081 urbibus
1587 1028 1635 1080 in
1662 1040 1838 1082 Γυναι-

239 1117 450 1177 imula;
475 1129 559 1171 est
585 1120 934 1172 Διωσθένειον.

312 1207 397 1263 Ne
417 1209 537 1277 quis
559 1223 719 1279 porro
746 1210 965 1262 lecturis
988 1210 1167 1262 animo
1190 1209 1469 1277 scrupulus
1498 1208 1727 1263 insideat
1754 1210 1835 1261 vel

244 1301 317 1354 ob
351 1300 565 1353 Baronii
586 1340 601 1365 ,
632 1300 716 1354 vel
744 1301 974 1353 al'orum
1006 1300 1411 1362 auctoritatem,
1452 1300 1595 1352 Vitas
1626 1300 1837 1352 Patrum

250 1392 480 1461 Evagrio
505 1392 729 1445 Pontico
750 1393 1107 1446 asserentium
1127 1435 1140 1457 ,
1168 1392 1447 1455 sultjciam
1474 1392 1561 1445 hic
1588 1392 1837 1445 librorum

252 1484 458 1552 Evagrii
508 1482 861 1551 Catalogutn,
912 1495 966 1536 ιιι
1013 1484 1057 1536 is
1110 1493 1283 1536 exstat
1333 1484 1473 1551 apud
1525 1482 1838 1545 Socratem,

254 1574 470 1629 Suitlam
490 1617 503 1635 ,
533 1574 887 1641 Nicephorum
907 1615 919 1635 ,
946 1573 1299 1627 Gennadium.

328 1665 400 1717 Ita
446 1665 611 1734 igitur
637 1664 886 1717 Socrates
918 1679 1079 1731 supra
1108 1682 1121 1718 :
1151 1662 1326 1730 Τούτῳ
1374 1668 1461 1718 καὶ
1502 1665 1674 1734 βιϐλία
1713 1659 1842 1733 ἄγαν

1939 480 2140 542 dando,
2166 479 2401 531 auctoris
2432 477 2644 532 veritati
2676 481 2908 533 restitui.

2018 588 2039 621 ι
2076 570 2388 647 Composuit
2430 581 2482 624 et
2520 570 2807 625 cmnobitis
2841 581 2895 625 et
2934 570 3197 643 synoditis
3230 571 3527 629 doctrinam

1938 650 2112 729 aptam
2146 663 2266 716 vitae
2289 664 2610 715 communis.

2015 772 2034 803 ‹
2074 756 2137 805 l‘It
2176 753 2241 805 ad
2278 754 2511 822 virgines
2546 754 2655 807 Deo
2683 762 2920 809 sacratas
2949 754 3185 811 libellum
3217 766 3528 827 competen-

1940 850 1971 895 ιι
1995 858 2045 896 m
2077 844 2320 914 religioni
2347 854 2401 897 et
2427 845 2596 897 sexui.

2020 953 2039 985 ι
2082 934 2260 989 Edidit
2299 944 2352 988 et
2385 950 2575 1001 paucas
2604 935 2973 997 sententiolas,
3008 936 3161 991 valde
3190 936 3446 992 obscuras
3473 947 3528 991 et

1941 1027 2022 1095 (ut
2050 1026 2163 1093 ipse
2194 1024 2245 1078 in
2280 1024 2363 1077 his
2404 1024 2502 1088 ait)
2552 1025 2680 1077 solis
2722 1025 3103 1079 monachorum
3146 1026 3395 1081 cordibus
3436 1042 3528 1081 co-

1940 1116 2282 1187 gnosciltiles.
2313 1116 2456 1182 Quas
2476 1116 2721 1171 similiter
2744 1132 2843 1185 ego
2867 1116 3071 1171 Latinis
3096 1116 3261 1171 edidi.
3288 1136 3308 1170 ι

2012 1208 2129 1261 Non
2160 1208 2245 1261 hic
2286 1207 2451 1261 affero
2528 1223 2646 1276 qua:
2695 1208 2761 1261 de
2812 1207 2999 1261 eodem
3054 1207 3213 1261 habet
3261 1208 3527 1262 Honorius

1944 1299 2197 1367 Catalogo
2226 1313 2325 1351 suo
2356 1297 2422 1352 de
2452 1298 2648 1351 illustr.
2681 1298 2929 1351 Ecclesiae
2958 1298 3244 1367 Scriptor.,
3274 1299 3359 1365 qui
3389 1296 3528 1353 Geu-

1945 1391 2159 1443 nadium
2192 1390 2500 1443 exscribere
2549 1390 2757 1450 solitus,
2790 1388 2950 1456 idque
2996 1388 3223 1442 subinde
3265 1390 3527 1456 mutilate,

1947 1492 2003 1536 ut
2031 1484 2211 1535 monui
2246 1483 2331 1535 hic
2354 1492 2667 1550 argumento
2692 1482 2946 1535 secundo.

2020 1575 2077 1629 Si
2109 1576 2365 1643 Evagrius
2407 1576 2600 1629 alicubi
2636 1583 2914 1628 tractasset
2954 1574 3019 1627 de
3062 1574 3193 1628 Vitis
3232 1574 3446 1628 Patrum
3476 1577 3526 1629 iu

1947 1667 2126 1736 aliquo
2169 1669 2424 1721 librorum
2455 1669 2522 1721 ab
2554 1668 2859 1720 auctoribus
2890 1667 3068 1719 citatis
3104 1666 3526 1735 assignatorum,

256 1753 521 1809 σπουδαῖα
552 1759 958 1830 συγγέγραπται.
992 1754 1083 1807 Ὠν
1126 1758 1182 1809 τὸ
1222 1758 1311 1823 μὲν
1358 1756 1626 1822 Μοναχὸς.
1657 1755 1687 1812 ἦ
1726 1757 1842 1827 περὶ

1963 1759 2101 1811 valde
2142 1759 2315 1811 simile
2346 1773 2472 1812 vero
2507 1768 2589 1811 est
2627 1757 2767 1824 quod
2800 1760 2901 1811 hoc
2934 1759 3266 1824 przestitisset
3311 1757 3364 1810 in
3393 1757 3527 1811 libro

255 1854 541 1911 πρακτικῆς
558 1848 951 1918 ἐπιγέγραπται,
974 1849 1030 1901 τὸ
1054 1846 1105 1899 δὲ
1138 1848 1413 1905 Γνωστικὸς
1435 1846 1464 1904 ἦ
1487 1848 1568 1900 τὸν
1597 1848 1841 1909 καταξιωο

254 1935 393 1987 θέντα
416 1938 655 2002 γνώσεως
672 1936 810 2004 (lege
832 1952 895 1988 ex
921 1936 1101 1999 Sttltla,
1126 1936 1154 1994 ἡ
1179 1940 1296 2008 περὶ
1320 1944 1416 1988 τῶν
1440 1938 1841 1999 καταξιωθέντων

253 2025 529 2095 γνώσεως),
560 2028 802 2097 κεφάλαια
824 2026 876 2080 δὲ
904 2032 1067 2083 αὑτοῦ
1090 2034 1420 2086 πεντήκοντα.
1454 2034 1519 2080 To
1547 2027 1622 2089 δέ,
1651 2032 1838 2099 Ἀντιῤ-

251 2117 445 2192 ρητικὸς
474 2118 575 2169 ἀπὸ
620 2124 719 2169 τῶν
749 2120 890 2170 θείων
923 2126 1125 2193 γραφῶν
1168 2122 1298 2191 πρὸς
1339 2121 1457 2178 τοὺς
1507 2123 1839 2192 πειραζοντας

249 2205 510 2277 δαίμονας,
544 2208 597 2260 ἐν
630 2210 758 2261 ὀκτὼ
787 2207 1076 2280 διῃρημένον
1107 2212 1307 2281 μέρεσι,
1341 2210 1471 2261 κατὰ
1511 2209 1598 2262 τὸν
1636 2210 1841 2279 ἀριθμὸν

254 2305 347 2351 τῶν
399 2300 529 2352 ὀκτώ
579 2300 855 2369 λογισμῶν.
904 2304 995 2354 Καὶ
1034 2302 1271 2363 ἑξακόσια
1312 2303 1676 2374 προγνωστικὰ
1714 2322 1840 2375 προ-

250 2391 481 2460 ὧκήματα
516 2408 529 2421 ·
551 2392 627 2445 ἔτι
653 2399 748 2462 μὴν
778 2397 864 2445 καὶ
884 2396 1115 2469 στιχηρὰ
1144 2392 1258 2454 δύο,
1292 2392 1340 2445 ἓν
1363 2396 1489 2466 πρὸς
1516 2396 1633 2452 τοὺς
1659 2396 1708 2446 ἐν
1738 2416 1838 2448 κοι-

249 2483 430 2542 nam;
456 2482 485 2541 ἦ
528 2484 578 2536 ἐν
614 2484 870 2543 quaeritat;
912 2487 1195 2554 μιοιοιχθύς⁹
1229 2488 1314 2537 καὶ
1343 2484 1391 2537 ἓν
1422 2486 1549 2560 πρὸς
1588 2492 1675 2543 τὴν
1703 2506 1835 2556 παρ-

248 2575 379 2628 εὲνσν
411 2592 426 2628 ;
464 2592 481 2621 ι
514 2574 654 2627 Libri
703 2576 770 2627 ab
812 2576 899 2627 illo
948 2586 1197 2628 accurate
1241 2575 1563 2641 conscripti,
1611 2592 1836 2644 quorum

248 2679 387 2718 unus
440 2666 762 2730 Monachus,
810 2666 925 2720 sive
973 2667 1039 2719 de
1087 2666 1294 2720 vivendi
1349 2667 1559 2720 ratione
1609 2684 1728 2735 qua:
1788 2670 1836 2722 iu

247 2755 454 2825 agendo
481 2757 753 2820 cernitur;
780 2758 919 2830 alter
952 2756 1258 2820 Gnosticus,
1290 2757 1404 2810 sive
1445 2762 1665 2811 scientia
1700 2774 1836 2825 prae-

246 2847 392 2902 ditus
421 2849 681 2902 dicendus
709 2851 812 2911 sit,
844 2850 896 2903 in
925 2866 1029 2919 quo
1066 2861 1189 2904 sunt
1216 2851 1387 2917 capita
1425 2851 1836 2920 quinquaginta;

244 2939 385 2993 alter
419 2942 835 3005 Antirrheticus,
870 2942 919 2995 id
961 2952 1073 3006 est,
1114 2942 1371 2995 adversus
1411 2943 1681 2996 dwmones
1720 2952 1837 2997 ten-

245 3042 426 3086 nntes
469 3034 786 3097 conlutatio,
827 3050 890 3087 cx
934 3036 1099 3087 sacris
1143 3034 1356 3088 Litteris
1400 3036 1645 3099 collecta,
1678 3034 1837 3102 inque

1944 1854 2009 1904 de
2054 1850 2357 1913 Monachis;
2401 1866 2520 1903 nam
2555 1852 2734 1903 tilulue
2777 1850 2865 1903 ille
2896 1850 2945 1901 in
2976 1865 3095 1903 eam
3139 1865 3249 1902 rem
3297 1850 3527 1903 maxime

1941 1939 2193 2007 quadrat;
2219 1940 2404 2004 reliqui
2426 1940 2568 1990 enim
2593 1938 2734 1989 aliud
2762 1938 3069 2003 promittere
3096 1938 3340 1991 videntur
3361 1952 3517 2005 quam

1947 2031 2092 2083 Vitas
2143 2030 2389 2089 Patrum,
2423 2028 2666 2081 videlicet
2715 2028 2974 2097 didactica
3016 2028 3291 2095 quaedam,
3324 2036 3377 2080 et
3405 2042 3526 2081 seno

1944 2122 2155 2171 tentias.
2174 2117 2276 2170 Sed
2304 2118 2432 2169 nihil
2460 2117 2693 2169 Vitarum
2717 2118 2766 2166 iu
2795 2116 2932 2168 libro
2951 2114 3019 2168 de
3046 2116 3319 2169 Monachis
3343 2114 3525 2175 fuiSse,
3550 2159 3558 2163 .

1942 2210 2114 2277 Colligi
2151 2219 2323 2276 potest
2347 2223 2412 2260 ex
2440 2208 2679 2275 reliquiis
2705 2207 2841 2274 apud
2873 2206 3149 2261 Socratem
3178 2216 3232 2260 et
3262 2205 3525 2273 Nicepho-

1942 2318 2091 2363 rum,
2121 2317 2239 2366 qua:
2282 2310 2483 2353 tantum
2518 2298 2748 2352 morales
2777 2297 3032 2366 quasdam
3062 2298 3440 2353 instructiones
3468 2306 3525 2352 et

1941 2394 2232 2448 sententias
2282 2394 2587 2455 continent,
2618 2403 2749 2457 quas
2795 2402 2894 2441 suo
2940 2390 3058 2442 loco
3092 2390 3268 2443 verbis
3316 2389 3524 2457 Evagrii

1940 2485 2207 2547 dabimus,
2244 2482 2328 2534 ubi
2358 2480 2557 2533 eaedem
2591 2480 2691 2531 illa;
2723 2479 3003 2532 sententia:
3032 2476 3171 2544 apud
3210 2477 3434 2532 aliorum
3470 2476 3524 2531 li-

1941 2574 2154 2628 brorum
2184 2574 2249 2625 de
2283 2573 2414 2625 Vitis
2448 2572 2659 2624 Patrum
2692 2571 3037 2639 interpretem
3090 2569 3301 2640 Evagrii
3332 2585 3391 2626 se
3419 2585 3518 2626 no-

1942 2666 2085 2719 mine
2118 2665 2358 2733 prodent.

1940 2796 1943 2799 ·
1977 2777 2005 2847 ς
2044 2778 2126 2831 Vl.
2181 2779 2447 2829 Auctorem
2496 2774 2654 2855 uideri
2699 2771 2954 2826 Joannem
2998 2768 3485 2840 Jerosolyutitattttm

2568 2859 2886 2912 eptscopum.

2016 2949 2274 3003 Henricus
2314 2946 2561 3011 Gravius,
2608 2944 2748 2998 notis
2773 2943 2837 2997 ad
2871 2942 3155 3011 epistolam
3201 2940 3307 2994 divi
3338 2939 3524 2996 Hiem-

1943 3041 2085 3111 nymi
2116 3040 2180 3093 ad
2212 3037 2649 3105 Ctesiphontem,
2682 3048 2801 3087 cum
2832 3033 2961 3086 dicit
3005 3032 3144 3085 hunc
3188 3030 3377 3084 librum
3422 3045 3522 3083 non

243 3135 366 3177 octo
403 3135 581 3192 partes
612 3125 802 3190 divisa,
834 3142 1055 3178 numero
1078 3134 1200 3179 octo
1228 3126 1609 3195 cogitationum
1644 3129 1835 3181 mentis
1864 3118 1909 3177 C
1942 3148 2063 3185 esse
2095 3132 2399 3201 Hieronymi
2432 3130 2515 3182 vel
2546 3125 2770 3181 Joannis
2812 3122 3244 3194 Jerosolymitani
3268 3163 3281 3187 ,
3316 3121 3526 3175 videtur

252 3226 459 3269 nostra:
488 3228 611 3283 apte
653 3217 1054 3285 respondentia.
1095 3218 1361 3270 Sescenta
1414 3229 1667 3284 praeterea
1720 3234 1841 3286 pro-

244 3306 484 3360 blemata
510 3308 578 3359 de
604 3323 784 3360 rerum
818 3308 1188 3374 prasensimte
1218 3305 1536 3360 futurarum.
1570 3307 1661 3360 llis
1689 3324 1841 3361 acce-

243 3396 381 3451 dunt
413 3397 517 3452 duo
553 3399 852 3452 carminum
886 3398 1044 3451 libri:
1076 3413 1215 3451 unus
1244 3398 1310 3451 ad
1343 3398 1635 3451 monachos
1664 3398 1755 3462 qui
1788 3399 1838 3450 in

241 3490 518 3544 manubiis
559 3499 612 3543 et
656 3492 1011 3544 conventibus
1057 3498 1270 3544 aetatem
1318 3490 1553 3560 degunt.
1592 3490 1731 3544 alter
1774 3490 1841 3542 ad

244 3580 590 3652 virginem.»
644 3581 773 3649 Qua:
832 3580 1018 3635 eadem
1074 3582 1140 3635 ad
1195 3581 1417 3635 verbum
1477 3580 1646 3634 habes
1704 3581 1840 3648 apud

242 3673 469 3727 Suidam
512 3675 563 3727 iu
605 3678 887 3748 Μακάριος,
919 3682 974 3728 et
1014 3674 1152 3740 apud
1194 3673 1593 3742 Nicephorum,
1628 3673 1718 3727 lib.
1753 3688 1840 3737 ιι,

242 3780 364 3833 cap.
391 3764 487 3819 42.

314 3876 636 3930 Gennadius
684 3891 816 3929 vero
853 3876 921 3931 de
965 3875 1259 3930 illustribus
1310 3875 1566 3930 Ecclesia:
1608 3875 1846 3942 Scripto-

244 3966 425 4032 ribus,
452 3983 572 4034 cap.
600 3969 657 4021 ll
692 3986 702 4019 :
742 3987 761 4017 ε
795 3969 1055 4037 Evagrius
1091 3967 1384 4021 monachus
1415 3966 1704 4033 supradicti
1737 3966 1843 4019 Ma-

243 4060 381 4115 earii
434 4058 728 4130 (Egyptii)
776 4059 1052 4113 familiaris
1089 4058 1414 4126 discipulus,
1459 4057 1642 4111 divina
1686 4066 1845 4125 atque

245 4150 490 4204 humana
538 4151 836 4203 litteratura
884 4149 1127 4219 insignis.
1153 4146 1318 4218 Cujus
1362 4149 1527 4201 etiam
1576 4146 1711 4201 liber
1755 4148 1843 4213 qui

242 4240 561 4296 attitulatur
616 4240 744 4294 Viue
792 4239 1048 4303 Patrum,
1099 4239 1249 4293 velut
1299 4238 1747 4293 continentissitni
1794 4246 1848 4292 et

246 4332 611 4387 eruditissimi
638 4332 738 4385 viri
771 4328 884 4401 [xx]
912 4329 1237 4386 mentionem
1267 4328 1413 4392 facit,
1440 4328 1654 4398 scripsit
1678 4329 1845 4382 multa

246 4425 542 4480 monachis
572 4425 895 4488 necessaria,
924 4438 992 4478 ex
1024 4422 1215 4492 quibus
1246 4422 1345 4475 ista
1376 4429 1498 4474 sunt
1524 4438 1537 4473 :

326 4556 348 4588 ι
386 4538 692 4592 Adversum
720 4544 845 4590 octo
877 4534 1247 4604 principalium
1279 4532 1526 4586 vitiorum
1553 4531 1847 4601 suggestio-

247 4642 373 4691 κς,
405 4642 543 4695 quas
570 4635 659 4680 aut
691 4627 894 4694 primus
923 4624 1180 4688 advertit,
1215 4632 1305 4676 aut
1335 4623 1475 4676 inter
1519 4622 1720 4689 primos
1762 4621 1847 4673 di-

247 4720 420 4787 dicit,
456 4735 517 4773 es
550 4719 653 4775 SS.
688 4718 1083 4787 Scripturarum
1124 4717 1442 4771 testimoniis
1488 4715 1741 4783 opposuit
1788 4715 1845 4766 lf-

249 4795 414 4877 bros;
449 4813 514 4865 ad
563 4810 964 4864 similitudinem
995 4809 1247 4863 videlicet
1278 4808 1521 4871 Domini,
1552 4808 1643 4876 qui
1679 4818 1846 4860 tenta-

250 4907 354 4959 tori
394 4919 501 4959 suo
541 4917 756 4969 semper
786 4901 1181 4964 Scripturarum
1221 4901 1539 4954 testimoniis
1580 4899 1847 4961 obviavit,

250 4997 324 5051 ita
368 5006 437 5048 ut
486 5009 819 5063 unaquteque
866 4996 1074 5062 species
1124 4995 1204 5047 vel
1255 4993 1494 5054 diaboli,
1532 4995 1611 5045 vel
1656 4993 1853 5045 vitiata:

248 5101 474 5143 natura:
511 5090 914 5157 suggestionum
945 5096 1129 5140 contra
1171 5102 1229 5141 se
1260 5088 1483 5141 haberet
1527 5086 1851 5142 testimonia.

250 5180 413 5247 Quod
448 5195 582 5245 opus
610 5179 795 5232 eadem
827 5178 1185 5246 simplicitate,
1220 5194 1322 5248 qua
1351 5180 1399 5231 in
1433 5178 1622 5232 Graeco
1652 5177 1850 5240 inveni,

249 5274 448 5341 jussus
476 5271 525 5322 in
560 5268 803 5323 Latinum
837 5269 1106 5324 transtuli.

336 5381 354 5413 ι
392 5359 716 5427 Composuit
746 5370 798 5412 et
830 5360 1167 5413 anachoretis
1206 5358 1523 5425 simpliciter
1555 5356 1858 5409 viventibus

252 5453 467 5508 librum
494 5458 713 5505 centum
741 5450 1125 5503 sententiarum
1147 5493 1161 5514 ,
1194 5466 1289 5519 per
1311 5451 1541 5516 capitula
1569 5449 1856 5516 digestum.

335 5563 360 5595 ι
402 5543 480 5597 Et
508 5541 736 5597 eruditis
777 5556 839 5595 ac
868 5541 1124 5597 studiosis
1154 5540 1534 5610 quinquaginta
1577 5541 1863 5593 sententia-

258 5649 387 5688 rum
412 5673 432 5699 ,
468 5646 627 5701 quem
660 5646 758 5700 ego
788 5630 1033 5684 Latinum
1074 5631 1275 5699 primus
1307 5630 1426 5684 feci.
1463 5628 1589 5683 Nam
1618 5620 1860 5697 superio-

255 5739 382 5780 rem
433 5722 565 5779 olim
610 5721 953 5790 trauslatutu,
986 5721 1108 5791 quia
1150 5724 1394 5776 vitiatum
1444 5737 1536 5792 per
1568 5730 1776 5791 tempus
1805 5729 1860 5775 ct

1944 3227 2162 3277 inuucre
2196 3222 2359 3275 fuisse
2407 3221 2615 3290 aliquos
2646 3219 2699 3272 in
2730 3232 2807 3279 ea
2832 3216 3120 3279 sententia,
3152 3221 3211 3266 ut
3249 3212 3524 3267 existima-

1942 3317 2117 3369 vet-int
2163 3314 2427 3367 Joannem
2475 3307 2987 3380 Jerostzlymitanum
3045 3305 3232 3360 harum
3290 3302 3527 3357 Vitarurn

1943 3420 2063 3459 esse
2089 3414 2307 3458 auctore
2318 3418 2390 3456 m.

2015 3496 2116 3561 Qui
2167 3496 2267 3547 hoc
2306 3492 2567 3546 sentirent
2608 3503 2714 3542 non
2758 3487 2893 3556 legi,
2936 3499 3101 3555 quare
3148 3500 3249 3538 nec
3291 3483 3530 3538 rationes

1944 3602 2131 3641 eorum
2159 3584 2398 3638 divinare
2429 3594 2666 3648 possum.
2697 3577 2832 3633 Fors
2874 3576 3075 3631 inducti
3122 3574 3273 3630 fuere
3308 3574 3363 3627 in
3411 3588 3527 3628 eam

1945 3675 2251 3745 opinionem
2281 3672 2348 3726 de
2375 3670 2602 3732 Joanne,
2633 3669 2756 3737 quia
2791 3666 2876 3720 hic
2904 3666 3040 3720 libro
3070 3681 3145 3727 tv,
3173 3679 3290 3731 cap.
3322 3662 3411 3726 35,
3441 3678 3532 3716 au~

1945 3776 2060 3820 ctor
2087 3764 2155 3819 de
2194 3761 2479 3816 Theodoro
2523 3759 2715 3813 abbate
2756 3756 2926 3811 dicit:
2960 3772 2980 3806 ι
3010 3755 3236 3823 Meoque
3274 3768 3362 3807 me
3397 3750 3533 3823 [ut]

1946 3859 2187 3927 vocitans
2230 3853 2445 3909 nomine
2491 3850 2663 3906 dixit;
2695 3847 2925 3916 Quanti,
2972 3846 3177 3915 inquit,
3207 3859 3240 3897 o
3278 3843 3536 3907 Joannes,

1946 3952 2015 4007 de
2057 3951 2167 4005 Deo
2196 3945 2524 4017 loquuntur?
2552 3964 2573 3996 ι
2607 3957 2775 4013 quare
2804 3954 2928 3995 eum
2952 3934 3215 3993 Joannem
3252 3934 3535 3990 existima-

1947 4042 2119 4097 verint
2149 4037 2501 4109 quorumdam
2532 4035 2791 4090 librorum
2822 4031 2891 4086 de
2924 4029 3054 4084 Vitis
3085 4027 3301 4082 Patrum
3343 4034 3532 4079 aucto-

1950 4146 2086 4185 rem.
2113 4127 2268 4196 Quod
2298 4135 2479 4181 autem
2511 4122 3020 4193 Jerosolymitanum
3051 4119 3137 4172 hic
3176 4116 3350 4187 potius
3377 4130 3536 4186 quam

1948 4224 2193 4295 quemvis
2217 4222 2381 4275 alium
2429 4218 2815 4280 intellexerint,
2844 4229 2907 4270 ea
2952 4228 3111 4267 causa
3157 4224 3279 4265 esse
3331 4211 3538 4279 potuit,

1951 4316 2090 4386 quod
2121 4316 2260 4369 liber
2284 4311 2497 4381 quidam
2525 4312 2591 4364 de
2615 4309 2857 4364 asceticis
2880 4304 3286 4361 circumletatur
3306 4300 3541 4355 Joannis

1950 4405 2383 4477 Jerosolymitani
2417 4402 2655 4466 nomine,
2685 4400 2775 4469 qui
2806 4398 2884 4453 eis
2911 4394 3271 4464 suspicionem
3318 4394 3535 4462 ingene-

1876 4485 2075 4551 Drare
2114 4496 2289 4564 petuit
2340 4493 2590 4549 eumdem
2622 4505 2743 4545 esse
2790 4502 2912 4543 cum
2953 4501 3020 4541 eo
3066 4484 3219 4554 cujus
3266 4482 3403 4536 libro
3450 4480 3544 4535 illo

1957 4596 2148 4655 quarto
2179 4585 2236 4638 lit
2263 4583 2485 4638 mentio.

2025 4676 2129 4731 Sed
2162 4690 2260 4729 nec
2288 4673 2409 4728 libri
2441 4673 2580 4726 illius
2608 4667 2802 4739 quarti,
2835 4682 2935 4722 nec
2976 4666 3130 4730 huius
3174 4660 3393 4717 secundi
3429 4674 3525 4713 au-

1954 4778 2071 4824 ctor
2102 4780 2184 4820 est
2211 4766 2446 4819 Joannes
2474 4761 2981 4830 Jerosolytnitanus.
3006 4758 3137 4823 Quae
3169 4755 3310 4809 enim
3343 4752 3545 4806 habeu-
3621 4791 3643 4812 ,

1960 4872 2048 4915 tur
2071 4860 2209 4913 libro
2242 4873 2315 4919 tv,
2349 4874 2467 4926 cap.
2500 4854 2591 4919 '55,
2623 4854 2905 4917 desumpta
2934 4856 3148 4902 suntex
3177 4845 3383 4898 Joanne
3412 4840 3545 4896 Cas-

1962 4954 2135 5012 siano,
2166 4950 2262 5003 lib.
2290 4965 2317 4999 ν
2345 4948 2611 5008 lnStitut..,
2642 4960 2759 5011 cap.
2786 4940 2877 5001 55,
2900 4954 2967 4991 ex
2998 4952 3101 5005 quo
3122 4944 3173 4986 ct
3195 4935 3394 4987 Severo
3422 4930 3545 4985 Sul-

1963 5042 2103 5112 picio
2144 5051 2287 5095 lotus
2310 5041 2396 5092 ille
2426 5038 2558 5091 liber
2584 5044 2865 5087 contextus
2889 5038 2992 5089 est,
3028 5038 3085 5080 ttt
3130 5024 3200 5077 ibi
3247 5022 3546 5076 ostendam.

1966 5134 2116 5189 Unde
2147 5144 2200 5185 ct
2232 5132 2329 5185 Ms.
2374 5127 2653 5182 Lattiensis
2686 5122 2856 5191 major
2896 5130 3086 5190 quarto
3125 5117 3261 5170 libro
3290 5114 3547 5168 Joannem

1962 5225 2282 5278 Cassianum
2317 5218 2564 5289 praaligit.

1968 5336 1995 5407 §
2025 5335 2129 5389 VII.
2170 5333 2442 5386 Auctorem
2465 5328 2625 5382 videri
2648 5325 2947 5379 Petronium
2966 5321 3213 5375 Bononia:
3232 5321 3548 5388 episcopum.

2036 5444 2342 5503 Gennadius
2374 5444 2502 5512 (non
2552 5440 2943 5504 Hieronymus,
2978 5443 3033 5488 ut
3083 5448 3186 5487 non
3235 5441 3381 5487 recte
3410 5431 3551 5499 apud

1965 5537 2318 5599 Antoninum,
2351 5543 2486 5603 part.
2518 5530 2576 5596 2,
2611 5529 2692 5583 tit.
2729 5528 2817 5592 tl,
2848 5540 2969 5593 cap.
3002 5523 3088 5579 ll.
3122 5522 3229 5593 §5)
3261 5520 3329 5575 de
3354 5517 3554 5572 illustr.

1967 5627 2222 5684 Ecclesia:
2251 5625 2536 5692 Scriptor.,
2560 5636 2677 5688 cap.
2702 5620 2796 5682 «tl,
2824 5613 3134 5670 Petronium
3168 5608 3418 5666 Bononiae
3439 5610 3556 5674 opi-

1968 5732 2191 5790 scopum
2218 5717 2341 5773 libri
2373 5716 2532 5784 hujus
2560 5719 2833 5765 auctorem
2864 5719 2962 5759 suo
2995 5709 3238 5770 tempore
3276 5695 3555 5753 existima-
