4002 6254
469 308 526 360 Si
1385 305 1447 358 IN
1490 304 1691 360 VITAS
1735 303 2016 359 PATRUM
2058 297 2565 361 PROLEGOMENA
2608 302 2797 360 XXVI.
3670 300 3747 354 ἷιῖ

468 410 575 449 tuin
625 396 793 451 refert
823 412 838 450 :
878 414 898 449 ι
933 396 1211 452 Petronius
1233 438 1249 465 ,
1281 396 1373 456 ait,
1411 396 1760 451 Bononiensis
1793 393 2049 450 Ecclesia:
2078 398 2125 451 Α
2160 407 2404 466 truinque
2455 398 2601 453 Vitas
2634 401 2917 467 insignium
2950 413 3040 453 ver
3076 399 3294 453 cissinto
3322 400 3536 469 eloquio
3564 405 3748 458 texuit

466 490 769 557 cpiscottus,
823 490 901 543 vir
932 503 1131 545 sancta:
1162 492 1316 554 vitai,
1365 500 1420 543 et
1447 491 1830 544 monachorum
1862 487 2051 542 studiis

468 582 534 635 ab
562 580 924 635 adolescentia
955 582 1310 642 exercitatus,
1337 582 1623 649 scripsisse
1664 589 1878 649 putatur
1906 581 2052 633 Vitas

470 673 682 725 Patrum
718 676 1103 726 monachorum
1148 673 1395 742 1E3ypti,
1428 688 1559 740 quas
1600 674 1747 727 velut
1776 673 2051 740 speculum

469 777 532 815 ac
551 778 792 816 normam
819 765 1163 831 professionis
1185 781 1293 816 sua:
1319 764 1564 817 monachi
1583 766 2001 832 amplectuntur.
2028 781 2046 814 ι

469 854 675 906 Similia
712 857 871 907 habet
903 856 1169 908 Honorius
1199 856 1705 925 Augustudunensis
1733 857 2049 925 episcopus;

474 943 785 999 Vincentius
812 947 1167 1010 Belvacensis,
1200 946 1249 998 in
1273 947 1499 1012 Speculo
1525 946 1819 1008 Historiali,
1842 946 1933 999 lib.
1961 962 2048 1011 xx,

468 1053 587 1107 cap.
614 1038 712 1102 25;
745 1038 1091 1098 Mumbritius,
1118 1048 1247 1091 tom.
1286 1038 1327 1091 ll
1357 1038 1424 1091 de
1455 1038 1587 1092 Vitis
1618 1048 1949 1101 sanctorum,
1997 1047 2054 1091 et

471 1132 514 1185 Τ
520 1131 794 1185 ritbemius
815 1132 868 1184 in
893 1131 1147 1200 Catalogu
1178 1131 1372 1184 illustr.
1409 1132 1665 1185 Ecclesia:
1692 1131 2049 1198 Scriptorum.

544 1225 654 1278 Nec
683 1226 896 1277 aliunde
927 1240 1082 1291 quam
1117 1240 1180 1278 ex
1216 1223 1492 1279 Gennadio
1517 1222 1771 1277 existimo
1802 1226 2054 1291 deprom-

474 1326 561 1382 pta
609 1331 724 1382 qtltl‘.
755 1315 1017 1368 habentur
1049 1316 1098 1367 in
1123 1315 1241 1368 Vita
1270 1315 1442 1368 sancti
1467 1315 1724 1381 Petronii,
1753 1312 1788 1367 4
1810 1316 2051 1381 Detulit,

479 1405 619 1458 Petri
678 1404 869 1458 Galesii
896 1405 929 1459 ii
960 1405 1220 1459 industria
1250 1406 1589 1469 concinnata,
1624 1412 1679 1459 ut
1710 1406 1826 1473 ipse
1858 1405 2054 1460 fatetur

471 1494 829 1548 notationibus
870 1496 981 1549 suis
1029 1494 1095 1548 ad
1144 1495 1616 1564 Martyrologium,
1671 1495 1805 1550 licet
1847 1496 2054 1563 Sigouii

472 1583 688 1635 nomine
738 1584 876 1651 apud
933 1582 1147 1637 Surium
1205 1594 1351 1636 tomo
1394 1582 1432 1635 V
1467 1594 1682 1639 exstet:
1715 1604 1733 1636 ‹
1771 1584 1955 1654 Itaque
2001 1586 2052 1640 in

470 1670 761 1741 IEgyptum
793 1673 957 1737 venit,
989 1673 1075 1726 ubi
1114 1673 1165 1727 iit
1199 1673 1438 1726 intimam
1473 1690 1710 1727 ercmum
1746 1686 2049 1743 penetrans,

2161 486 2426 542 historiis.
2450 508 2468 539 ι
2506 489 2827 558 Respondeo
2876 488 3145 544 Gelasium
3179 500 3379 544 tantum
3403 507 3641 545 asse-rere
3680 507 3745 545 se

2153 578 2295 629 οηιηί
2325 593 2444 631 cum
2492 579 2693 632 honore
2722 579 2959 632 omnittm
3008 581 3354 633 ercmitarum
3386 580 3572 646 Vitas,
3605 598 3747 647 quas

2152 669 2368 733 scripsit
2393 669 2583 723 beatus
2612 669 2970 737 Hieronymus
2992 669 3294 736 suscipere,
3321 686 3427 724 non
3451 680 3629 725 tamen
3657 673 3748 725 itt-

2153 758 2219 811 de
2240 760 2541 813 necessario
2564 760 2748 813 deduci
2778 770 2950 827 potest
2971 778 3095 814 eum
3118 764 3359 816 omnium
3386 767 3743 820 eremitarunt

2159 848 2302 901 Vitas
2333 849 2637 918 scripsisse.
2666 852 2893 916 Scripsit
2923 863 3118 919 praeter
3147 862 3488 907 enituit-ratas
3521 855 3748 912 disertis

2156 941 2458 993 nominibus
2476 941 2720 1011 (excepta
2747 942 2835 994 illa
2862 944 3101 1007 Antonii,
3128 962 3243 1010 qua:
3258 962 3319 999 ex
3341 948 3584 1003 versione
3604 949 3749 1002 Eva-

2154 1031 2253 1100 grii
2285 1033 2602 1085 Antiocheni
2634 1043 2737 1095 est,
2774 1042 2828 1085 ut
2859 1033 3042 1088 videre
3081 1045 3164 1088 est
3198 1036 3248 1089 in
3280 1040 3646 1094 notationibus
3673 1042 3747 1095 ad

2155 1135 2272 1172 eam
2309 1120 2527 1187 Vitam),
2566 1122 2739 1174 Vitam
2780 1122 2968 1177 Malchi
3001 1128 3194 1192 captivi
3226 1130 3508 1193 monachi,
3539 1133 3652 1186 fors
3687 1142 3746 1188 et

2156 1212 2378 1264 aliorqu
2406 1214 2757 1280 quorumdam
2784 1258 2798 1281 ,
2834 1216 2899 1267 de
2948 1217 3145 1283 quibus
3190 1217 3333 1271 hunc
3383 1222 3582 1288 liquide
3631 1240 3745 1279 non

2155 1311 2383 1355 constat.
2413 1304 2588 1370 Quare
2619 1316 2765 1361 recte
2810 1307 2858 1359 in
2892 1310 3055 1361 veteri
3102 1309 3190 1361 illa
3229 1310 3343 1363 Vita
3374 1313 3570 1368 dicitur
3611 1316 3748 1371 scri-

2158 1394 2327 1459 psisse
2363 1411 2381 1444 (
2411 1394 2624 1448 Patrum
2658 1395 2808 1450 Vitas
2837 1397 3158 1467 insignium,
3189 1401 3361 1469 qualis
3394 1403 3607 1467 Paulus.
3645 1405 3746 1460 Hi-

2157 1483 2348 1547 larion,
2378 1483 2637 1551 Malchus,
2678 1506 2696 1538 ι
2734 1497 2838 1541 etc.

2228 1575 2360 1627 Fors
2381 1574 2673 1629 editoribus
2698 1592 2725 1629 a
2752 1576 2966 1631 Gelasio
2982 1578 3101 1631 data
3120 1591 3200 1634 est
3215 1584 3447 1647 occasio,
3482 1593 3538 1637 ut
3561 1585 3748 1642 hacte-

2158 1680 2258 1718 nus
2283 1666 2591 1736 Hieronymi
2616 1669 2952 1735 potissimum
2977 1671 3182 1723 titulum
3211 1671 3343 1726 Vitis
3369 1675 3582 1729 Patrum
3604 1693 3749 1745 pra-

467 1764 793 1828 singulorum
852 1762 1121 1831 colloquio
1174 1765 1245 1816 uti
1290 1779 1394 1817 ηοιι
1430 1764 1636 1817 destitit
1657 1806 1672 1830 ν
1719 1766 2046 1835 «Ιυοθιίλριδ-
2085 1773 2130 1832 Β
2163 1754 2394 1809 list-rint.
2424 1755 2520 1810 Cui
2552 1767 2606 1811 et
2630 1760 2713 1811 illa
2743 1761 2997 1814 accedere
3023 1763 3209 1827 potuit,
3235 1763 3450 1831 quodin
3480 1766 3749 1834 Mss.qui-

469 1868 537 1906 ne
565 1853 811 1920 cognovit
841 1862 1024 1906 sancta
1053 1869 1238 1907 eorum
1264 1855 1385 1908 vita:
1407 1854 1665 1909 instituta.
1692 1855 1816 1911 Inde
1830 1856 2046 1911 domum

471 1956 716 1997 reversus
750 1942 895 1997 illam
925 1944 1259 2012 disciplinam
1293 1955 1399 1997 tam
1452 1947 1797 2000 vehementer
1824 1948 2044 2010 amavit,

468 2040 525 2085 ut
564 2034 860 2087 litterarum
909 2034 1268 2089 monumentis
1323 2034 1604 2089 tradiderit
1659 2036 2044 2090 Monacltorum

466 2125 644 2188 Vitas,
694 2141 826 2195 quas
876 2128 1123 2196 religiose
1144 2129 1474 2194 conscriptas
1501 2127 1765 2197 valdeque
1796 2128 2050 2196 probatas

464 2217 622 2270 iidem
670 2217 923 2270 monachi
975 2218 1210 2283 amplexi
1257 2227 1417 2285 sunt,
1465 2218 1617 2286 quasi
1667 2229 1841 2274 certas
1886 2235 2049 2289 quas-

461 2307 582 2359 dam
613 2308 855 2375 rcgulas,
890 2308 941 2359 in
973 2307 1166 2375 quibus
1197 2309 1430 2363 maxime
1477 2310 1717 2363 elucerct
1749 2313 1923 2365 omnis
1952 2325 2048 2380 op-

464 2398 587 2451 tima
611 2399 890 2452 monastici
920 2398 1159 2455 instituti.
1190 2400 1270 2452 sui
1300 2402 1459 2453 ratio.
1491 2421 1507 2451 ι
1548 2402 1603 2457 Si
1636 2412 1810 2456 tamen
1840 2403 1954 2457 hinc
1981 2420 2049 2458 ex

467 2490 741 2543 veteribus
771 2492 1132 2544 monumentis
1157 2492 1472 2545 adumbrata
1504 2503 1649 2558 sunt,
1684 2510 1789 2548 non
1813 2511 1880 2549 ex
1908 2495 2050 2550 Gen-

463 2582 643 2646 nadio,
671 2583 773 2636 erit
805 2585 904 2636 hoc
932 2582 1225 2637 secundum
1252 2599 1347 2651 pro
1379 2584 1478 2638 hac
1505 2586 1771 2641 sententia
1802 2587 2039 2642 testimo-

463 2674 629 2727 nium.

531 2760 663 2828 Quia
696 2771 872 2818 tamen
905 2762 1215 2818 Gennadius
1243 2766 1348 2831 ait,
1378 2776 1590 2834 putatur
1617 2770 1905 2840 scripsisse,
1940 2779 2046 2823 non

462 2853 684 2905 omnino
711 2862 918 2907 certum
949 2864 1029 2907 est
1059 2869 1180 2909 eum
1218 2855 1361 2911 Vitas
1393 2859 1605 2911 Patrum
1640 2862 1946 2930 scripsisse.
1984 2861 2051 2915 Et

460 2948 519 2995 ut
546 2941 755 3010 aliquas
779 2945 1088 3013 scripserit,
1121 2957 1273 3001 certe
1304 2952 1397 3002 tias
1426 2950 1494 3002 ab
1537 2966 1602 3004 eo
1631 2968 1733 3006 non
1765 2968 1885 3008 esse
1914 2954 2050 3008 scri-

460 3044 599 3102 ptas,
632 3037 868 3093 evidenti
899 3038 1009 3093 divi
1043 3039 1352 3111 Hieronymi
1386 3044 1693 3098 testimonio
1721 3046 1919 3100 firmari
1952 3062 2048 3114 po-

460 3134 585 3191 test,
617 3128 707 3196 qui
738 3144 830 3182 eas
860 3129 1013 3183 alteri
1043 3132 1285 3197 ascribit,
1313 3135 1384 3186 uti
1410 3135 1612 3187 clarum
1647 3137 1737 3190 liet
1765 3136 1791 3204 §
1820 3137 1904 3191 l0.

532 3218 596 3271 Et
623 3220 838 3287 quidem
863 3220 1168 3287 Alplionsus
1189 3224 1402 3290 Ciacco,
1433 3235 1662 3280 tractatu
1690 3228 1762 3282 De
1787 3229 1898 3282 divi
1921 3229 2045 3285 Hie-

460 3310 665 3375 runymi
693 3310 1032 3365 cardinalitio
1062 3312 1244 3384 ξχκιι]
1273 3316 1386 3369 tunc
1428 3318 1557 3371 citat
1584 3334 1647 3372 ex
1682 3335 1783 3372 ms.
1819 3330 2046 3376 tractatu

460 3395 691 3451 Petronii
742 3399 809 3454 de
850 3400 1066 3456 selectis
1110 3403 1213 3457 SS.
1249 3405 1468 3460 Patrum
1520 3409 2041 3481 Ap0phthcgmatis:

465 3507 484 3539 ι
520 3487 872 3559 Hieronymus
903 3492 985 3544 vir
1028 3494 1080 3546 in
1118 3497 1267 3552 omni
1316 3499 1678 3554 doctrinarum
1710 3518 1906 3571 genere
1954 3505 2047 3560 ab-

460 3577 846 3645 solutissimus,
881 3579 937 3634 S.
974 3580 1037 3635 lt.
1068 3581 1127 3635 Ε.
1162 3586 1445 3655 presbyter
1485 3588 1793 3657 cardinalis,
1827 3607 1947 3645 cum
1980 3594 2042 3649 ah

459 3670 667 3725 aemulis
693 3672 808 3726 suis
833 3685 1195 3737 aecusriretur,
1223 3691 1286 3730 ev
1318 3678 1677 3733 voluminibus
1698 3684 1945 3752 Origenis
1965 3684 2047 3738 iu-

461 3775 683 3816 numera
736 3764 788 3816 in
832 3780 927 3816 sua
957 3766 1293 3819 transtulisse
1320 3783 1507 3834 opera,
1533 3771 1892 3826 dixitchaus
1922 3789 2043 3843 quae

458 3852 621 3907 debet
651 3854 867 3923 Origeni
900 3856 1113 3918 ochrri,
1148 3859 1379 3912 maxima
1408 3868 1519 3925 cst;
1573 3872 1627 3915 et
1655 3877 1776 3917 eum
1811 3863 1956 3919 illum
1991 3865 2044 3920 in

459 3943 595 3997 meis
625 3946 877 4012 operibus
909 3946 1147 4000 imitatus
1175 3962 1316 4011 sum,
1353 3949 1503 4004 illum
1538 3951 1734 4007 imitari
1765 3958 2042 4025 proposui,

457 4049 615 4101 quem
646 4034 801 4088 nobis
826 4048 882 4089 et
907 4036 1155 4090 omnibus
1188 4038 1536 4105 prudentibus
1571 4042 1789 4110 placere
1821 4047 2041 4105 minime

455 4138 667 4178 vereor.
704 4143 722 4176 ι
760 4125 889 4193 Quae
918 4128 1074 4182 verba
1103 4142 1225 4181 cum
1260 4129 1310 4182 in
1355 4131 1455 4185 hoc
1484 4131 1620 4186 libro
1653 4150 1759 4191 non
1788 4149 2042 4206 exsueut,

457 4215 661 4267 cértum
692 4225 777 4268 est
804 4216 967 4270 alium
995 4216 1065 4270 ali
1092 4233 1229 4282 ,uem
1264 4219 1457 4274 librum
1490 4222 1556 4277 de
1590 4223 1724 4279 Vitis
1753 4238 1808 4280 et
1833 4231 2039 4297 apOph-

461 4304 824 4374 thegmatibus
864 4307 1075 4362 Patrum
1122 4311 1403 4380 scripsisse
1430 4322 1673 4371 Sanctum
1707 4317 2041 4377 Petronium.

457 4396 627 4459 Quem
658 4397 817 4451 variis
847 4398 1036 4454 litteris
1059 4414 1125 4456 ex
1156 4401 1303 4457 Italia
1336 4414 1617 4463 evocatum
1646 4410 1884 4466 nondum
1911 4430 2043 4466 nau-

459 4483 585 4539 cisci
620 4490 786 4553 potui.

602 4598 629 4670 §
657 4598 785 4653 Vlll.
812 4601 1080 4655 Auctorem
1110 4604 1267 4658 videri
1293 4606 1466 4660 divum
1496 4606 1891 4682 Hieronymum.

533 4691 602 4747 ita
635 4692 850 4759 quidem
903 4696 1168 4750 editiones
1213 4698 1479 4769 pleneque
1526 4717 1716 4758 omnes
1754 4706 1815 4760 in
1865 4705 2041 4763 fronte

462 4785 775 4854 praeferunt.
810 4788 874 4841 Et
905 4788 1069 4841 videri
1116 4800 1339 4859 possunt
1368 4792 1432 4847 iis
1465 4809 1564 4848 nec
1610 4808 1894 4863 auctores,
1940 4813 2039 4854 nec

455 4877 829 4941 astipulatores
860 4875 1117 4932 defuisse.

528 4970 580 5021 t.
624 4968 867 5022 Gelasius
914 4969 1187 5025 Romanus
1225 4973 1458 5041 pontifex
1494 4976 1544 5028 in
1574 4980 1805 5033 concilio
1834 4980 2035 5036 Roma-

455 5074 549 5121 no,
572 5060 640 5113 de
664 5076 770 5125 quo
792 5077 974 5127 supra,
995 5064 1294 5132 l‘rolcgom.
1333 5064 1382 5131 l,
1415 5065 1634 5121 decreto
1664 5069 1731 5122 de
1762 5070 1911 5124 libris
1938 5088 2038 5126 au-

456 5150 725 5214 tltenticis,
750 5151 853 5204 ait:
877 5169 893 5201 t
919 5152 1044 5204 item
1075 5153 1217 5205 Vitas
1243 5154 1455 5209 Patrum
1482 5156 1651 5221 Pauli,
1683 5161 1921 5227 Antonii,
1950 5162 2040 5215 lli-

454 5244 697 5310 lariouis,
744 5258 796 5299 et
844 5247 1084 5300 omnium
1133 5250 1500 5313 ercmitarum,
1547 5267 1680 5319 quas
1730 5265 1909 5308 tamen
1959 5257 2041 5309 vir

455 5336 641 5392 beatus
672 5339 882 5404 scripsit
906 5338 1283 5409 Hieronymus,
1314 5358 1437 5394 cum
1461 5344 1605 5397 omni
1640 5345 1841 5398 honore
1864 5348 2038 5401 susci-

455 5430 649 5497 pimus.
688 5449 707 5482 ι
761 5430 965 5497 Quibus
1012 5435 1225 5501 quidem
1273 5435 1450 5487 verbis
1501 5435 1776 5492 insinuare
1828 5440 2039 5493 vidctur

453 5519 720 5591 Gelasius,
750 5526 910 5577 etiam
943 5525 1169 5578 aliorum
1204 5525 1406 5591 aliquot
1426 5526 1769 5581 eremitarum
1804 5530 1949 5585 Vitas
1970 5532 2037 5585 ab

454 5614 780 5688 Hieronyme
831 5618 1000 5672 l‘ni~se
1048 5616 1401 5683 conscriptas.
1440 5616 1603 5671 Vetus
1647 5635 1861 5691 quoque
1914 5624 2029 5678 Vita

452 5708 558 5762 divi
617 5710 926 5775 Hieronymi
958 5724 1099 5762 nis.:
1131 5728 1148 5759 ι
1182 5708 1501 5780 Plerumque
1547 5709 1889 5769 ercmitarutu
1938 5715 2035 5769 Pa-

2159 1847 2379 1901 busdam
2414 1851 2689 1916 praamissa
2721 1849 2881 1904 fuerit
2916 1852 3029 1904 Vita
3061 1853 3302 1920 qumdam
3334 1864 3485 1909 certo
3516 1857 3585 1911 ab
3618 1858 3749 1912 Ilie-

2158 1956 2384 2010 ronymo
2415 1943 2715 2010 conscripta
2737 1985 2750 2007 ,
2791 1954 2844 1997 et
2876 1956 2992 2011 post
3035 1946 3175 2000 idem
3207 1949 3513 2019 Hieronymi
3542 1968 3746 2006 nomen

2154 2032 2374 2101 reliquis
2418 2035 2770 2101 sequentibus
2804 2036 2953 2090 libris
2982 2038 3356 2108 applicuerint,
3404 2051 3461 2093 ut
3503 2042 3570 2097 de
3603 2042 3748 2097 Eva-

2153 2124 2268 2188 grio
2291 2123 2627 2176 Antiuclteno
2659 2124 2758 2177 hoc
2790 2124 2905 2191 ipso
2942 2127 3319 2195 prolegomeno
3349 2127 3410 2193 4,
3444 2130 3471 2200 §
3499 2131 3566 2196 4,
3599 2133 3749 2187 dixi-

2155 2227 2293 2264 mus.
2324 2214 2463 2266 Sane
2492 2213 2544 2266 in
2566 2215 2663 2268 Ms.
2696 2215 2941 2268 Lzetiensi
2968 2218 3172 2273 minore
3202 2221 3376 2287 primu
3411 2224 3628 2288 ponitur
3654 2225 3748 2280 1Ιὶ-
3814 2258 3815 2261 η

2154 2303 2371 2358 latinis
2424 2306 2538 2358 Vita
2591 2322 2684 2373 per
2731 2307 2912 2361 divum
2964 2310 3346 2380 Hiemuymum
3400 2327 3748 2385 conscripta,

2154 2394 2275 2445 inde
2306 2394 2438 2447 Vita.-
2463 2396 2700 2461 Patrum,
2734 2413 2826 2451 seu
2878 2401 3011 2453 liber
3034 2402 3118 2456 hic
3147 2405 3416 2458 sccuudus
3447 2422 3565 2459 cum
3599 2410 3751 2460 duo-

2155 2484 2253 2538 bus
2276 2488 2624 2554 sequentibus
2648 2491 3000 2545 subnectitur.

2231 2574 2321 2628 Vel
2348 2586 2493 2630 certe
2528 2593 2632 2630 non
2686 2578 2945 2633 absonum
2974 2582 3076 2635 erit
3101 2584 3283 2638 dicere
3312 2583 3582 2639 Gelasium
3613 2602 3755 2642 cen-

2155 2671 2328 2723 sitisse
2362 2671 2510 2725 Vitas
2545 2672 2756 2725 Patrum
2787 2675 2853 2726 ab
2883 2676 3208 2745 Hieronymo
3235 2680 3583 2744 eontpositas,
3615 2694 3755 2734 cum

2148 2763 2257 2831 jam
2288 2764 2415 2815 olim
2445 2779 2508 2818 ea
2539 2765 2718 2832 Opinio
2749 2765 2993 2819 videatur
3024 2768 3334 2821 invaluisse.
3365 2767 3523 2823 Certe
3552 2770 3683 2823 Griu
3698 2772 3750 2823 ci

2156 2856 2297 2908 hunc
2310 2855 2604 2908 secundum
2628 2857 2815 2911 librum
2831 2872 2861 2910 e
2883 2858 3034 2909 Latio
3052 2858 3103 2911 itt
3128 2858 3167 2911 G
3179 2858 3384 2913 ra'ciam
3399 2859 3679 2913 deduxeru
3699 2872 3762 2914 nt

2154 2946 2328 3019 [χχιιι]
2360 2945 2442 3000 Hii
2464 2954 2672 3017 ronytni
2701 2951 2936 3013 nomine,
2962 2950 3117 3019 cujus
3142 2961 3343 3017 partem
3371 2952 3614 3005 Graecam
3642 2970 3671 3005 ιι
3692 2968 3758 3006 u-

2156 3051 2249 3103 per
2277 3037 2456 3103 accepi
2489 3034 2762 3099 Venetiis;
2792 3045 2846 3089 ct
2873 3038 2923 3089 itt
2954 3042 3258 3106 Augustaua
3291 3054 3505 3106 quoque
3534 3041 3758 3095 Biblio-

2072 3129 2115 3191 C
2152 3130 2303 3183 theca
2329 3128 2595 3198 quoddam
2629 3133 2921 3200 Διηγήτεως
2964 3129 3032 3182 de
3066 3130 3196 3182 Vitis
3227 3130 3440 3183 Patrum
3471 3131 3752 3197 fragmen-

2151 3234 2259 3277 tum
2292 3232 2466 3276 exstat
2516 3221 2701 3276 Grtece
2732 3223 3039 3292 Hieronymi
3070 3221 3244 3275 titulo.
3292 3224 3444 3288 Quod
3480 3240 3581 3277 non
3632 3228 3749 3280 alia

2149 3314 2356 3368 ratione
2406 3313 2694 3381 contigisse
2734 3314 3003 3380 existimo,
3055 3328 3212 3382 quam
3259 3315 3397 3376 quod
3453 3315 3577 3378 libri
3618 3315 3746 3385 ejus

2148 3418 2335 3462 auctor
2358 3407 2593 3461 incertus
2624 3414 2769 3459 esset
2814 3408 2896 3460 cui
2922 3408 3150 3477 quisque
3192 3422 3290 3476 pro
3319 3419 3477 3477 captu
3503 3424 3600 3463 suo
3644 3425 3747 3465 au-

2147 3498 2307 3554 ctoris
2338 3514 2531 3552 nomen
2565 3498 2811 3565 prwﬁxit.
3254 3554 3261 3557 ν

2221 3588 2278 3642 2.
2321 3589 2645 3653 Cassianus,
2678 3588 2993 3657 praefatione
3020 3587 3073 3639 in
3123 3587 3291 3642 libros
3341 3588 3741 3643 lnstitutionum

2160 3682 2225 3736 ad
2254 3681 2530 3737 Castorem
2560 3680 2895 3749 episcopum,
2947 3681 3085 3733 inter
3117 3681 3346 3750 reliquas
3377 3682 3743 3736 ext-usatimiis

2136 3790 2370 3837 causas,
2419 3778 2488 3827 ob
2518 3789 2651 3839 quas
2693 3774 2868 3825 minus
2903 3785 3150 3841 prompte
3192 3789 3251 3827 se
3298 3790 3431 3825 onus
3463 3772 3744 3827 setibendi

2151 3869 2536 3921 mooacliorum
2571 3864 2808 3917 instituta
2838 3862 3112 3928 suscipere
3143 3864 3381 3932 exponit,
3416 3864 3492 3916 ait
3520 3881 3533 3915 :
3564 3882 3583 3914 α
3623 3865 3743 3920 Huc

2147 3957 2353 4013 accedit
2380 3957 2520 4024 quod
2545 3970 2706 4022 super
2730 3955 2829 4007 hac
2861 3970 2917 4006 re
2942 3954 3039 4007 viri
3069 3964 3122 4008 et
3144 3956 3248 4007 vita
3282 3954 3505 4014 nobiles.
3532 3966 3586 4009 et
3613 3970 3737 4007 ser-

2150 4064 2309 4102 mone
2331 4049 2658 4113 scientiaque
2681 4046 2943 4113 prtcclari,
2973 4047 3137 4099 multa
3157 4045 3265 4112 jam
3292 4045 3544 4110 opuscula
3572 4044 3739 4099 deau-

2147 4141 2362 4204 darunt,
2387 4148 2627 4194 sanctum
2660 4138 2912 4191 Basilium
2939 4148 2994 4191 et
3027 4137 3405 4208 Hieronymum
3433 4139 3552 4191 dicit
3576 4138 3739 4190 alios-

2147 4249 2252 4301 que
2277 4233 2591 4297 nonnullos;
2626 4246 2852 4297 quorum
2878 4230 3115 4283 anterior
3135 4229 3534 4284 sciscitantibus
3560 4229 3738 4285 fratri-

2148 4324 2248 4379 bus
2279 4338 2440 4390 super
2471 4323 2700 4377 diversis
2748 4323 3004 4377 iustitutis
3036 4323 3121 4376 vel
3168 4323 3548 4388 qumstionibus
3569 4363 3584 4385 ,
3628 4339 3735 4377 non

2147 4419 2319 4470 Solum
2343 4416 2593 4478 facundo,
2619 4408 2805 4469 verum
2826 4416 2987 4469 etiam
3008 4414 3308 4467 divinarum
3332 4414 3731 4481 scripturarum

2074 4499 2117 4555 Ι)
2148 4508 2470 4561 testimoniis
2510 4509 2732 4573 cupioso
2781 4520 3029 4560 sermone
3074 4505 3381 4573 respondit:
3434 4506 3571 4559 alius
3604 4523 3731 4560 veru

2148 4615 2252 4654 nou
2307 4601 2477 4653 solum
2518 4615 2615 4654 suo
2652 4600 2993 4654 elucubratus
3042 4600 3254 4666 ingenio
3311 4599 3478 4653 edidit
3525 4599 3733 4663 libros.

2144 4708 2329 4746 verum
2352 4694 2512 4747 etiam
2548 4693 2732 4746 Grazca
2767 4691 2943 4759 lingua
2967 4693 3226 4759 digestos,
3263 4693 3315 4745 in
3342 4692 3585 4746 Latinum
3611 4710 3730 4748 ver-

2145 4785 2208 4838 tit
2260 4784 2553 4851 cloquium.
2587 4803 2605 4835 ι
2658 4786 2731 4837 lix
2762 4786 2916 4850 cujus
2946 4783 3253 4837 testimonio
3302 4784 3513 4838 videtur
3556 4786 3731 4855 colligi

2145 4893 2305 4947 posse
2340 4878 2719 4948 Hieronymum
2752 4878 2819 4931 ile
2854 4878 2986 4931 Vitis
3020 4876 3237 4930 Patrum
3270 4879 3575 4943 scripsisse.
3631 4881 3732 4933 lte-

2145 4965 2421 5034 spondco,
2468 4978 2613 5019 recte
2641 4966 2855 5033 quidem
2907 4981 2970 5019 ex
3024 4967 3278 5019 Cassiano
3321 4967 3498 5035 colligi
3544 4966 3723 5022 divum
3795 4994 3809 5008 ι

2146 5058 2524 5126 Hieronymum
2552 5056 2795 5124 quaadatn
2822 5059 3204 5109 monachorum
3231 5056 3468 5110 instituta
3496 5066 3550 5110 et
3575 5056 3724 5112 Vitas

2144 5151 2255 5203 suis
2297 5149 2509 5215 scriptis
2551 5150 2816 5215 attigisse,
2865 5164 2959 5203 seu
3010 5149 3176 5202 latino
3206 5165 3266 5201 ea
3296 5151 3437 5219 stylo
3486 5150 3724 5203 conscri-

2148 5240 2337 5308 pserit,
2368 5255 2460 5294 seu
2484 5255 2520 5292 e
2550 5238 2739 5292 Graeco
2786 5241 3043 5303 vertorit;
3077 5239 3231 5307 hujus
3259 5250 3435 5294 tamen
3465 5239 3583 5293 libri
3607 5254 3731 5293 eum

2144 5344 2415 5387 auctorem
2438 5348 2559 5387 esse
2597 5335 2740 5385 nullo
2768 5334 2925 5385 modo
2951 5334 3126 5400 colligi
3154 5342 3347 5399 potest.

2214 5445 2265 5497 ες.
2309 5444 2690 5508 (Ias~iudorus,
2743 5445 2912 5498 Instit.
2945 5446 3110 5499 divin.
3144 5446 3302 5507 lect..
3352 5462 3472 5515 cap.
3498 5444 3603 5511 52,
3650 5446 3734 5500 sic

2140 5535 2209 5587 ait
2234 5552 2246 5587 :
2277 5553 2294 5585 ι
2333 5534 2481 5588 Vitas
2516 5536 2753 5598 Patrum,
2777 5536 3141 5591 confessiones
3166 5537 3426 5603 ﬁdelium,
3455 5540 3729 5606 passiones

2143 5639 2433 5697 martyrum
2482 5628 2643 5699 legite
2680 5637 3013 5691 constanter,
3044 5644 3177 5698 quas
3210 5632 3348 5685 inter
3376 5631 3480 5685 alia
3511 5633 3560 5685 in
3606 5632 3719 5700 epi-

2140 5720 2277 5774 stola
2310 5718 2617 5791 Hieronymi
2648 5719 2714 5774 ad
2746 5720 3108 5776 Chromatium
3140 5731 3193 5777 et
3238 5723 3587 5781 Heliodorum
3613 5725 3704 5781 do-
