4002 6262
220 309 278 366 53
1506 289 2057 349 PROLEGOMENON
2100 291 2185 345 tv.
3406 294 3478 351 st

220 420 394 472 uitiata
427 409 604 481 procul
634 405 802 463 dubio
834 405 1080 475 reperitis
1101 446 1114 470 ,
1148 406 1234 471 qui
1267 419 1357 472 per
1389 413 1553 456 totum
1585 402 1774 457 orbem
1809 406 1855 465 Α
1886 415 2200 469 persuasum
2224 409 2308 454 est
2332 399 2506 453 Fabro
2531 444 2544 465 ,
2596 401 2981 469 Hieronymum
3007 416 3217 474 quoque
3256 405 3324 463 dc
3357 407 3477 468 Vita

221 519 469 561 terrarum
495 500 758 563 ﬂoruere,
785 506 844 552 ut
874 507 1053 549 sant-ta
1089 497 1313 547 imitatio
1349 510 1442 547 vos
1477 508 1778 563 provocans

220 599 273 652 ad
301 594 541 649 cmlesria
582 605 745 659 regna
801 588 1075 657 perducat.
1109 605 1126 636 ι
1165 585 1519 653 ltespondeo,
1571 596 1786 636 exStare

219 706 322 747 eam
352 686 633 753 epistolam
664 682 972 749 Hieronymi
1000 682 1212 733 nomine
1235 678 1385 731 initio
1415 674 1777 744 lltartyrologii

222 779 478 840 Usuardi,
520 774 615 828 sed
648 773 795 826 nulla
824 772 895 825 ibi
928 772 1129 823 mentio
1156 769 1393 822 Vitarum
1430 769 1667 820 Patrum.
1720 764 1788 818 Ut

223 872 353 926 tmllo
379 868 539 921 modo
567 866 690 918 inde
720 863 897 933 οιιΙΙίςί
950 866 1115 927 possit
1164 862 1543 929 Hieronymum
1576 858 1661 910 vel
1694 857 1788 909 ha-

224 979 325 1019 rum
377 960 612 1012 Vitarum
662 956 745 1009 vel
777 954 1003 1007 aliarum
1054 960 1325 1005 auctorem
1372 967 1511 1003 esse.
1560 948 1784 1001 Tantum

225 1052 435 1126 epistola
468 1066 526 1105 ea
576 1047 795 1116 respicit
823 1045 1257 1114 Martyrologium
1301 1042 1440 1111 quod
1482 1041 1787 1109 Hieronymi

228 1145 455 1201 nomine.
478 1148 594 1207 post
621 1138 902 1207 epistolam
932 1150 1048 1189 eam
1084 1146 1210 1186 tunc
1236 1134 1497 1185 exstabat.
1533 1130 1789 1198 Quodque

227 1250 354 1292 nunc
371 1246 554 1287 recens
575 1241 765 1283 nactus
789 1242 904 1279 sum
930 1241 996 1280 ex
1027 1224 1355 1277 Bibliotheca
1384 1220 1786 1290 Epternaceusi,

223 1343 342 1379 sane
372 1320 785 1377 vetusussimum
807 1359 821 1380 ,
854 1324 981 1367 ante
1013 1329 1174 1367 ncccc
1203 1328 1392 1374 annos,
1428 1314 1475 1364 id
1508 1322 1589 1364 est
1620 1310 1787 1363 sancti

225 1416 531 1473 Willibrordi
586 1424 856 1477 tempora,
892 1408 1167 1474 scriptum.
1204 1405 1347 1470 Quas
1380 1404 1539 1471 igitur
1568 1418 1633 1455 eu
1664 1402 1787 1454 loco

232 1526 323 1562 non
355 1510 517 1560 refert
552 1501 976 1556 remotissimum
1012 1498 1157 1550 Vitas
1191 1497 1435 1561 l’atium,
1468 1496 1559 1549 sed
1585 1504 1791 1547 tantum

228 1600 324 1653 duo
348 1598 657 1665 sequentia,
704 1592 1072 1647 confessiones
1118 1589 1384 1652 fidelium,
1420 1597 1476 1641 et
1520 1586 1794 1655 passiones

231 1702 503 1758 martyrum
544 1699 776 1754 quorum
828 1681 1141 1735 brevissima
1176 1680 1226 1732 in
1275 1678 1656 1748 Martyrologio
1700 1676 1792 1730 illo

231 1780 485 1841 memoria,
512 1792 608 1829 seu
641 1775 813 1843 potius
843 1769 1198 1825 nomenclatio
1221 1777 1417 1823 exstat.

290 1873 336 1923 ι.
375 1870 697 1937 Gratianus,
751 1867 803 1919 iu
873 1867 1127 1926 decreto,
1180 1869 1328 1930 parte
1378 1860 1440 1923 2,
1491 1873 1648 1912 causa
1696 1857 1789 1922 27,

232 1972 398 2030 quaest.
422 1959 474 2026 2,
524 1974 644 2027 cap.
692 1956 786 2018 26,
820 1965 939 2025 post
986 1956 1205 2007 recitata
1242 1951 1405 2005 verba
1455 1951 1653 2004 Nicolai
1684 1950 1698 2001 Ι
1727 1951 1792 2003 ad

234 2055 452 2104 tiarolum
502 2063 707 2116 regem,
743 2036 938 2115 quibus
984 2043 1224 2097 decernit
1269 2059 1286 2092 ι
1324 2056 1429 2092 non
1462 2040 1644 2103 licere,
1691 2038 1792 2091 nisi

235 2159 286 2195 ex
319 2153 573 2194 consensu
628 2139 904 2202 utriusque
955 2134 1238 2202 conjugis,
1290 2142 1410 2184 vota
1456 2131 1796 2183 continentiae

236 2232 510 2300 sitstipere;
554 2248 573 2278 ι
605 2228 789 2281 subdit
811 2226 1074 2293 glossam,
1110 2241 1128 2273 ι
1161 2225 1342 2285 licere,
1364 2221 1577 2289 quando
1595 2228 1795 2271 tantum

239 2323 692 2388 siintdesponsati.
725 2337 743 2367 ι
778 2317 1113 2382 Probatque:
1139 2332 1157 2364 ι
1180 2312 1408 2373 Uteuitn
1424 2308 1590 2364 refert
1613 2310 1796 2363 beatus

237 2415 586 2481 Hieronymus,
620 2410 886 2463 Macarius
919 2410 1215 2475 prmcipuus
1263 2408 1401 2458 inter
1445 2404 1648 2458 Christi
1679 2418 1799 2457 ere-

237 2508 386 2565 initas,
431 2497 611 2575 [uiv]
662 2502 935 2553 cetebrato
987 2499 1290 2566 nuptiarum
1345 2496 1629 2560 convivio,
1674 2509 1796 2547 cum

240 2613 430 2664 vespere
462 2596 766 2647 thalamum
814 2602 957 2646 esset
987 2593 1346 2656 ingressurus,
1393 2605 1456 2641 ex
1488 2588 1620 2641 urbe
1648 2602 1800 2657 egre-

238 2692 385 2751 diens,
420 2689 776 2740 transmarina
809 2683 981 2752 p:-tiit,
1033 2692 1084 2735 et
1114 2682 1279 2735 erctiti
1326 2679 1668 2733 solitudinem
1697 2673 1801 2729 sibi

240 2785 390 2851 elegit.
430 2800 449 2832 ι
501 2782 662 2846 Quod
715 2779 765 2830 in
806 2778 918 2829 Vita
968 2777 1183 2830 Macarii
1236 2774 1457 2825 Romani
1512 2770 1796 2832 invenitur,

240 2891 337 2942 que
359 2873 583 2925 habetur
627 2886 766 2922 nunc
810 2867 1027 2935 quidem
1060 2867 1199 2919 libro
1229 2867 1401 2933 primo
1444 2865 1509 2915 de
1541 2860 1671 2913 Vitzs
1702 2859 1803 2912 [δτι-

240 2980 373 3029 trum,
395 2969 517 3019 olim
542 2967 685 3017 forte
712 2965 846 3015 libro
865 2960 1098 3013 secundo
1119 2972 1326 3011 annexa
1343 2955 1461 3018 fuit,
1488 2955 1573 3006 tibi
1592 2952 1659 3006 de
1682 2951 1801 3004 aliis

238 3057 419 3110 duobus
433 3056 684 3108 Macariis
701 3053 892 3121 agitur.
922 3050 1240 3116 Respondeo
1265 3048 1575 3101 Gratianum
1603 3044 1799 3095 fortas-

1888 506 1941 547 et
1961 494 2201 545 moribus
2227 500 2538 545 sanctorum
2563 493 2776 545 Patrum
2823 494 3015 547 librum
3041 497 3324 565 scripsisse
3342 539 3358 566 ,
3387 502 3478 568 qui

1890 597 2029 637 nunc
2078 583 2447 647 desideretur;
2483 598 2581 636 nec
2611 585 2753 636 enim
2788 584 2910 638 inde
2957 588 3109 652 sequi
3140 588 3475 654 sustinebat,

1887 691 2008 730 eum
2040 676 2231 729 librum
2274 676 2362 743 qui
2397 676 2553 745 vulgo
2586 676 2736 728 titulo
2766 675 3005 730 \‘itarum
3040 678 3254 733 Patrum
3296 681 3477 736 incre-

1891 769 2022 832 buit,
2041 768 2107 820 ab
2122 768 2450 836 Hieronymo
2461 768 2820 835 conscriptum
2838 782 2979 834 esse.
2998 768 3199 834 Primo,
3218 772 3339 839 quia
3355 772 3479 825 "ic-

1892 873 2153 928 ronymus
2184 858 2300 925 ipse
2341 858 2501 911 alium
2531 873 2715 912 earum
2751 856 3026 914 auetorem
3059 862 3480 917 evidentissimis

1891 947 2103 1002 indiciis
2134 948 2399 1017 designat,
2432 946 2507 1001 uti
2544 958 2665 1017 post
2699 947 3019 1003 videbimus.
3049 952 3317 1018 Secundo,
3354 971 3421 1023 qu
3447 972 3473 1007 a

1893 1054 1954 1093 ex
1989 1038 2106 1092 Vita
2140 1039 2381 1105 Joannis,
2423 1056 2540 1108 quae
2568 1042 2742 1109 primo
2775 1041 2893 1096 loco
2936 1044 3173 1112 ponitur,
3225 1046 3481 1101 discimus

1895 1144 2014 1182 eum
2047 1129 2135 1198 qui
2166 1130 2355 1182 librum
2384 1132 2728 1198 conscripsit,
2764 1134 3135 1204 presbyterum
3162 1153 3265 1191 non
3294 1138 3482 1204 fuisse,

1895 1220 1989 1273 sed
2020 1221 2192 1274 solum
2244 1220 2562 1287 diaconum;
2616 1238 2722 1275 non
2777 1238 2995 1288 senem,
3047 1227 3140 1281 sed
3186 1226 3481 1296 juvenem:

1898 1314 2277 1381 Hieronymum
2309 1324 2485 1366 autem
2511 1329 2631 1367 cum
2660 1315 2870 1369 deserta
2902 1317 3071 1382 petiit,
3107 1328 3163 1372 et
3196 1320 3477 1391 presbyte-

1894 1416 2013 1454 rum
2046 1402 2236 1467 tuisse,
2271 1410 2324 1455 ct
2347 1411 2502 1455 aetate
2534 1416 2744 1471 senem,
2778 1405 2951 1457 nullus
2980 1406 3117 1460 forte
3148 1407 3373 1462 dubitat.
3408 1410 3423 1462 Ι
3450 1424 3480 1464 a

1895 1493 2109 1563 quidem
2143 1494 2334 1548 Faber.

1970 1587 2074 1641 Sed
2123 1596 2177 1639 ut
2208 1586 2533 1640 recte’Vitas
2582 1586 2678 1640 has
2708 1587 2777 1640 ab
2820 1586 3150 1658 Hieronymo
3178 1603 3336 1659 negat
3363 1607 3481 1648 esse

1899 1676 2187 1747 prolectas,
2206 1678 2281 1731 ita
2298 1693 2402 1732 non
2427 1678 2561 1732 satis
2584 1679 2971 1748 circumspecte
2993 1682 3154 1734 citato
3178 1685 3483 1739 testimonio

1823 1787 1870 1846 Β
1900 1768 2001 1822 sibi
2045 1784 2233 1837 passus
2262 1778 2346 1824 est
2395 1769 2740 1836 persuaderi,
2791 1770 2860 1823 ab
2907 1770 3234 1842 Hieronymo
3253 1790 3466 1845 quoque

1899 1857 2058 1911 Vitas
2076 1858 2318 1924 Patrum,
2344 1860 2446 1913 etsi
2504 1859 2636 1913 alias
2671 1875 2699 1913 a
2736 1861 3003 1931 vulgatis,
3038 1864 3201 1918 fuisse
3243 1868 3485 1920 conseri-

1899 1958 2047 2016 ptas;
2080 1965 2203 2004 cum
2234 1949 2452 2019 Regula:
2500 1951 2608 2005 illa:
2638 1951 3126 2006 sanctimonialium
3167 1970 3196 2006 a
3252 1958 3483 2017 pruden-

1898 2043 2125 2097 tioribus
2178 2045 2307 2096 viris
2365 2045 2433 2099 ab
2477 2059 2641 2112 opere
2690 2042 2843 2116 [xxv]
2900 2046 3318 2115 llierouymiauo
3363 2048 3477 2118 jam

1899 2134 2103 2202 pridem
2130 2136 2236 2187 sint
2266 2134 2549 2202 ablegatae;
2582 2142 2638 2188 et.
2664 2133 2717 2187 in
2744 2136 2946 2187 calcem
2980 2136 3213 2203 reiectae,
3246 2138 3477 2192 velutab

1900 2227 2208 2297 Hieronymi
2240 2228 2397 2294 genio
2421 2226 2633 2280 alienae.

1972 2319 2201 2386 Scripsit
2222 2317 2437 2387 quidem
2475 2318 2832 2386 Hieronymus
2858 2318 3137 2386 epistolam
3189 2317 3254 2372 ad
3284 2319 3481 2373 Eusto—

1902 2409 2110 2475 chium,
2148 2423 2268 2476 qua!
2298 2418 2379 2461 est
2426 2407 2617 2459 ordine
2645 2406 2736 2474 22,
2768 2407 2836 2459 de
2884 2406 3228 2460 custodienda
3274 2406 3489 2476 virgini-

1905 2512 2032 2566 tate,
2067 2503 2117 2553 iu
2149 2516 2252 2569 qua
2285 2502 2530 2569 quzedam
2578 2498 2791 2565 attingit
2818 2500 2885 2554 de
2917 2502 3297 2554 monachorum
3330 2516 3491 2569 gene-

1902 2592 2073 2659 ribus,
2120 2604 2173 2645 et
2233 2606 2416 2645 eorum
2453 2592 2635 2660 regula
2661 2602 2822 2658 atque
2862 2591 3123 2645 instituto.
3152 2592 3255 2645 Sed
3288 2594 3491 2646 uultum

1903 2683 2027 2738 inde
2078 2681 2329 2736 iudicium
2378 2682 2551 2749 colligi
2607 2690 2789 2749 potest
2841 2683 2982 2749 quod
3029 2680 3385 2753 Hieronymus
3410 2682 3492 2740 Vel

1905 2775 2102 2842 regula:
2150 2775 2291 2827 illius
2322 2775 2549 2840 vulgata:
2577 2774 2627 2825 iu
2660 2776 2805 2825 calce
2855 2788 3077 2840 opt-rum
3108 2773 3224 2842 ejus
3257 2775 3491 2842 t'ejectze,

1903 2867 1987 2920 vel
2019 2865 2139 2919 libri
2175 2866 2329 2933 hujus
2352 2875 2536 2917 auctor
2567 2863 2655 2917 sit.

1978 2958 2114 3024 Quin
2169 2959 2276 3010 imo
2326 2956 2711 3024 Hieronymum
2744 2953 2906 3021 hujus
2933 2954 3053 3007 libri
3086 2964 3358 3008 auctorem
3390 2969 3494 3011 non

1906 3065 2049 3115 esse,
2107 3065 2171 3103 ex
2229 3050 2344 3116 ipso
2378 3050 2706 3119 Hieronymo
2755 3050 3037 3114 evincitur,
3064 3061 3111 3101 ut
3143 3048 3169 3119 §
3208 3051 3265 3103 ιο
3296 3050 3498 3105 videbi-

240 3146 955 3208 tisOccasionemsumpsisse
977 3139 1376 3193 Vitamhlacarii
1397 3138 1663 3190 tribuendi
1688 3135 1805 3190 Hie-
1831 3144 1879 3208 ο
1909 3157 2051 3196 mus.
2087 3142 2185 3207 Qui
2239 3143 2384 3195 enim
2439 3142 2817 3211 Hieronymus,
2851 3157 2985 3207 quos
3016 3143 3129 3210 ipse
3156 3144 3355 3196 detexit
3381 3158 3501 3200 esse

242 3252 464 3309 ronymn,
515 3237 664 3305 quod
698 3236 1032 3287 existimaret
1079 3248 1267 3285 omnes
1300 3230 1445 3282 Vitas
1489 3228 1704 3281 Patrum
1735 3228 1803 3281 ab

241 3330 542 3397 Hieronymo
577 3328 930 3394 conscripta»,
965 3324 1212 3376 inductus
1241 3320 1448 3374 duabus
1483 3317 1802 3386 rationibus,

239 3435 352 3487 quas
369 3418 473 3488 jam
508 3417 687 3485 primo
711 3425 1024 3485 argumento
1051 3413 1288 3479 provime
1314 3411 1588 3463 dedimus.

297 3510 346 3563 5.
384 3510 714 3563 Tritltetnitts
743 3522 989 3577 quoque,
1025 3508 1076 3557 in
1107 3503 1361 3569 Catulogo
1393 3502 1537 3555 Eccl.
1584 3500 1793 3568 Scripl.,

242 3597 369 3651 Vitas
408 3598 625 3651 Patroni
661 3597 985 3664 lterunymo
1035 3594 1239 3646 tribuit.
1272 3592 1335 3644 Et
1366 3607 1431 3644 ne
1460 3591 1577 3658 quis
1624 3589 1809 3642 existi-

240 3701 333 3744 met
376 3691 441 3745 de
488 3691 613 3742 aliis
643 3704 765 3742 eum
821 3688 952 3740 Vitis
983 3686 1126 3753 loqui
1176 3699 1333 3751 quam
1378 3682 1640 3749 vulgatis,
1690 3694 1809 3748 qua:

242 3784 528 3853 Hieronymi
562 3786 793 3834 nomine
821 3779 1295 3841 circumferuntur,
1329 3790 1511 3828 earum
1540 3771 1809 3839 praefatio-

245 3890 349 3928 nem
380 3876 637 3927 inchoare
659 3872 753 3933 ait,
786 3868 1090 3923 Benedictus
1120 3866 1277 3930 Deus,
1308 3881 1340 3919 a
1371 3883 1471 3934 qua
1504 3874 1558 3918 et
1588 3867 1810 3932 vulgata:

242 3966 331 4019 illa:
354 3967 559 4017 initium
585 3964 807 4017 ducunt.
837 3961 1156 4029 Respondeo
1182 3979 1194 4011 :
1226 3959 1485 4027 lmpo~uit
1510 3956 1810 4010 Trithemio

243 4058 433 4127 vulgata
458 4057 660 4119 editio;
693 4070 812 4107 nam
839 4053 893 4107 in
918 4054 1042 4107 Mss.
1067 4053 1153 4105 alii
1181 4063 1426 4105 auctores
1448 4052 1807 4119 assignantur,

244 4147 308 4200 uti
330 4150 513 4214 partim
547 4148 803 4212 vidimus,
832 4146 1020 4213 partim
1056 4145 1216 4197 visuri
1244 4158 1451 4197 sumus.

300 4238 350 4292 6.
388 4239 623 4293 Jacohus
666 4238 836 4291 Faber
866 4237 1224 4304 Stapulrnsis,
1282 4236 1596 4304 praefatione
1625 4236 1689 4288 ad
1739 4236 1814 4289 le-

243 4339 461 4394 ctorem,
495 4347 657 4399 quam
691 4329 989 4383 Heraclidis
1020 4328 1269 4381 Paradiso
1303 4327 1513 4380 Parisiis
1542 4330 1720 4393 edito,
1748 4329 1815 4383 de

245 4437 339 4490 quo
365 4439 548 4492 supra,
583 4423 611 4493 §
636 4421 687 4483 5,
719 4422 965 4490 praeﬁxit,
998 4423 1192 4475 asserit
1214 4436 1272 4474 se
1294 4438 1320 4473 a
1344 4423 1570 4489 quodam
1595 4437 1811 4474 suorum

1914 3233 2219 3297 haereticos,
2248 3244 2304 3286 et
2332 3234 2526 3285 asserit
2556 3233 2605 3285 in
2625 3232 2852 3286 concdio
2880 3232 3254 3301 cpisc0porum
3282 3235 3502 3289 damna-

1913 3332 2014 3387 tos,
2049 3324 2101 3377 in
2131 3326 2336 3378 litteras
2367 3326 2625 3385 mitteret,
2680 3333 2736 3378 ct
2784 3334 3032 3393 tanquam
3083 3336 3299 3382 sanctos
3350 3344 3504 3383 com-

1912 3415 2191 3470 mendaret
2211 3415 2234 3467 Ἰ

1982 3506 2093 3561 Nec
2142 3507 2232 3560 illa
2287 3505 2450 3560 Fabri
2489 3506 2719 3560 assertio
2759 3514 2841 3560 sat
2887 3508 3207 3575 solida,qua
3240 3510 3506 3574 pertendit

1914 3599 2301 3668 Hieronymum
2330 3608 2383 3651 et
2415 3598 2787 3667 presbyterum
2834 3598 2997 3651 fuisse
3045 3609 3100 3652 et
3146 3615 3352 3666 senem,
3381 3615 3503 3653 cum

1913 3692 1978 3746 ad
2012 3691 2182 3761 Syria:
2223 3705 2285 3743 se
2333 3690 2535 3757 recepit
2583 3704 2845 3742 eremum.
2898 3690 3006 3741 lmo
3054 3705 3153 3743 nec
3198 3705 3360 3744 senex
3408 3706 3505 3744 nec

1914 3782 2193 3852 presbyter
2219 3790 2345 3833 tunc
2372 3787 2508 3833 erat.
2540 3778 2673 3832 Vide
2705 3777 2792 3831 hic
2824 3779 2974 3831 initio
3028 3779 3184 3849 primi
3228 3780 3345 3834 libri
3378 3781 3505 3835 Hie-

1913 3873 2126 3943 ronymi
2176 3871 2683 3941 peregrinationem,
2734 3878 2789 3924 et
2837 3885 2957 3939 qua:
2999 3869 3051 3924 iu
3102 3871 3216 3941 lege
3246 3872 3503 3933 Talionis.

1917 3967 2093 4020 tabula
2118 3967 2173 4030 5,
2207 3980 2303 4033 pro
2328 3965 2558 4017 Baronio
2581 3972 2765 4017 contra
2816 3964 3188 4018 Cusaubouum
3221 3967 3505 4034 disputavi.

1981 4056 2009 4127 ᾗ
2044 4056 2132 4110 ΙΧ.
2175 4058 2448 4109 Auctorem
2478 4054 2641 4107 videri
2690 4054 3093 4107 l’oslumianum
3122 4060 3446 4110 monac/ium.

1928 4130 1934 4137 ’
2000 4150 2222 4202 Invenio
2243 4150 2296 4201 in
2319 4147 2640 4214 quibusdam
2667 4147 3155 4215 manuscriptis,uti
3182 4150 3508 4218 Aquicineti-

1918 4255 2009 4305 no,
2040 4237 2289 4293 Laetiensi
2316 4241 2539 4308 majore,
2573 4248 2626 4292 et
2654 4238 3101 4304 Celtiberonensi,
3151 4240 3291 4294 hunc
3315 4257 3507 4295 secun—

1921 4329 2048 4383 dum
2079 4328 2275 4381 librum
2304 4342 2404 4380 una
2430 4343 2550 4380 cum
2577 4338 2770 4395 quarto
2801 4327 2997 4381 ascribi
3032 4329 3374 4383 Postumiano
3398 4346 3510 4384 mo-

1924 4421 2122 4474 nacho.
2160 4421 2290 4473 Eum
2325 4420 2537 4472 titulum
2586 4422 2747 4472 etiam
2778 4420 3021 4488 quaedam
3051 4419 3215 4474 editio
3260 4426 3511 4489 p'mlerrtt

244 4518 483 4567 monitum
515 4516 657 4583 quod
695 4532 802 4569 non
828 4517 928 4569 rite
959 4515 1008 4567 in
1044 4516 1266 4583 epistola
1299 4514 1623 4569 dedicatoria
1661 4515 1805 4567 Vitas
1842 4517 1893 4576 D
1919 4510 2136 4564 dicitur.
2192 4508 2333 4562 Ntllll
2380 4510 2447 4562 de
2494 4524 2560 4562 eo
2590 4508 2693 4579 legi
2724 4509 2863 4576 quod
2896 4510 3031 4563 hanc
3057 4510 3367 4579 opinionem
3400 4522 3503 4567 sta-

244 4603 441 4659 Patrum
493 4606 826 4676 Hieronymo
854 4604 1251 4673 abjudit-asset,
1299 4620 1430 4672 quas
1465 4605 1815 4675 Hieronymus

244 4695 342 4762 ipse
385 4712 413 4749 a
466 4711 529 4750 se
570 4697 799 4764 scriptas
848 4707 1198 4761 agnosceret;
1246 4710 1404 4763 quem
1458 4696 1598 4747 enim
1655 4695 1815 4747 alium

246 4790 514 4841 certiorem
542 4804 704 4857 quam
741 4788 912 4855 ipsum
944 4795 1134 4839 testem
1168 4786 1569 4838 desideremus?
1600 4784 1727 4839 Nam
1762 4786 1814 4837 in

244 4879 405 4946 regula
428 4878 945 4940 sanctimonialium,
967 4893 1123 4946 quam
1149 4878 1359 4945 scripsit
1381 4878 1444 4929 ad
1474 4877 1816 4931 Eustochium

246 4976 293 5022 et
317 4968 553 5036 reliquas
578 4966 837 5036 virgines,
869 4982 986 5034 cap.
1020 4968 1106 5029 ltl,
1142 4968 1211 5018 ita
1245 4969 1469 5020 scribit:
1502 4986 1518 5015 ‹
1555 4966 1684 5019 Dum
1721 4965 1814 5033 igi-

247 5068 319 5111 tur
346 5076 437 5125 per
461 5073 769 5112 eremorum
797 5068 949 5111 antra
977 5068 1181 5121 septem
1209 5058 1362 5109 annis
1387 5069 1599 5108 sanctos
1632 5058 1814 5109 Patres

248 5150 492 5221 degentes
524 5153 721 5206 ibidem
751 5152 805 5205 in
838 5153 1013 5205 terris.
1043 5150 1185 5203 velut
1217 5150 1266 5202 in
1295 5149 1448 5202 caelis
1480 5150 1698 5215 angelos
1732 5164 1815 5200 as-

249 5245 489 5299 sistentes
522 5246 739 5300 assiduo
776 5246 958 5297 labore
989 5244 1195 5297 itineris
1220 5283 1234 5305 ,
1285 5241 1572 5309 arduisque
1603 5242 1815 5293 vivendi

249 5336 610 5397 incommodis,
634 5338 949 5405 ueterisque
976 5334 1273 5388 innumeris
1295 5331 1681 5386 calamitatibus
1706 5347 1821 5397 per-

249 5431 468 5495 agrando
502 5430 770 5483 visitaicm
790 5471 805 5493 ,
837 5428 902 5482 de
926 5443 1149 5497 quorum
1182 5426 1287 5479 vita
1313 5425 1650 5493 moribusque
1674 5425 1825 5478 miriv

249 5522 366 5585 ticis,
398 5537 521 5590 qua:
552 5521 843 5575 luculenter
866 5522 978 5589 ipse
1004 5519 1270 5588 perspexi,
1299 5518 1534 5573 libellum
1562 5516 1820 5586 compcgi,

246 5613 323 5681 qui
346 5614 499 5666 vobis
533 5613 602 5666 sit
632 5621 693 5667 ut
714 5612 928 5666 lucerna
960 5612 1011 5665 in
1046 5612 1401 5678 candelabro,
1432 5610 1496 5664 ad
1530 5610 1826 5663 meditatio-

247 5718 353 5756 netu
405 5701 682 5772 religionis
732 5713 784 5757 et
837 5705 979 5756 vit-.e.
1014 5723 1030 5754 ι
1081 5702 1198 5769 Quo
1247 5701 1460 5771 quidem
1517 5698 1823 5754 testimonio

1923 4602 2073 4655 bilire
2105 4602 2285 4670 possit.

1996 4695 2113 4749 Non
2149 4696 2358 4748 inanem
2387 4708 2603 4759 prorsus
2632 4692 2991 4762 suspicionem
3024 4694 3295 4760 existimo,
3318 4694 3361 4749 si
3393 4696 3511 4763 quis

1923 4787 2067 4840 dicat
2097 4795 2272 4839 ortum
2307 4787 2445 4839 hunc
2480 4785 2689 4839 titulum
2722 4801 2786 4841 ex
2818 4786 3021 4841 Severo
3047 4786 3309 4855 Sulpicio,
3343 4789 3429 4856 qui
3460 4790 3512 4844 iit

1928 4876 2162 4944 Dialogis
2196 4878 2305 4928 suis
2339 4876 2743 4930 Postumianum
2774 4893 2837 4929 ex
2868 4875 3085 4930 Oriente
3133 4886 3251 4943 post
3278 4878 3514 4933 trienna-

1927 4969 2030 5021 lem
2067 4968 2552 5035 peregrinationem
2607 4968 2882 5031 reducem,
2934 4966 3098 5020 multa
3128 4966 3194 5020 de
3223 4967 3502 5025 monacho-

1924 5076 2041 5113 rum
2070 5071 2120 5111 et
2154 5062 2496 5114 eremitarum
2533 5060 2637 5112 vita
2684 5074 2746 5112 ac
2808 5058 3049 5111 instituto
3081 5069 3386 5114 narrantem
3421 5061 3509 5114 in-

1928 5150 2162 5203 troducit
2190 5167 2201 5202 :
2236 5169 2254 5201 ι
2284 5148 2681 5212 Postumianus,
2715 5166 2733 5198 ι
2765 5148 2935 5215 inquit
2956 5148 3109 5203 initio
3124 5151 3512 5221 dialogiprimi,

1936 5258 1953 5289 ι
1994 5241 2062 5292 ab
2108 5240 2345 5302 Oriente,
2378 5252 2483 5305 quo
2512 5251 2568 5289 se
2590 5245 2715 5299 ante
2764 5238 3052 5293 triennium
3100 5240 3321 5309 patriam
3356 5241 3519 5294 relin-

1933 5346 2106 5399 quens
2136 5330 2455 5388 contulerat,
2489 5342 2787 5396 regressus,
2813 5347 2831 5379 ι
2865 5341 2969 5383 etc.
2991 5331 3117 5384 Nam
3143 5347 3262 5398 quae
3290 5330 3373 5384 hic
3395 5330 3518 5384 libri

1936 5424 2108 5491 quarti
2142 5420 2407 5488 prioribus
2430 5419 2631 5488 aliquot
2654 5420 2918 5491 capitibus
2942 5420 3225 5487 habentur,
3252 5434 3316 5475 ea
3341 5424 3519 5474 omnia

1933 5512 2254 5577 compeudio
2281 5511 2519 5566 subiecta
2547 5522 2675 5565 sunt
2699 5528 2764 5566 et
2803 5510 2975 5580 primo
3004 5511 3187 5565 Severi
3219 5510 3521 5577 dtalogo,itt

1933 5626 2040 5679 quo
2072 5608 2448 5662 l’ostumiauus
2483 5620 2726 5660 narrator
2750 5603 3128 5657 introducitur.
