4002 6220
498 260 567 316 53
1429 271 1492 325 ΙΝ
1533 272 1733 328 νΠΑδ
1777 271 2055 329 PATRUM
2099 274 2606 339 PROLEGOMENA
2656 286 2846 344 XXVI.

3706 308 3783 364 36

500 376 527 445 §
564 373 629 427 Χ.
674 381 945 429 Auctorem
993 393 1100 432 esse
1148 378 1401 449 Ilu/finum
1447 383 1821 453 Aquileiensem
1874 387 2083 457 presby-
2114 388 2158 445 A
2188 390 2253 444 de
2282 391 2496 447 Rultino
2524 396 2739 461 dicitur,
2758 400 2847 469 qui
2876 399 3383 476 XystiPytliagormi
3410 413 3785 479 librumtitulo

1197 460 1376 505 terum.

570 558 803 623 Primus,
829 560 969 628 quod
1000 564 1188 628 sciam,
1233 580 1263 617 e
1294 568 1682 622 recentioribus
1727 571 1915 624 librum
1947 571 2085 625 hunc

502 648 717 703 Rnlﬂno
748 653 935 705 saltem
964 663 1022 707 ut
1051 654 1328 723 interpreti
1377 658 1520 728 (nam
1561 660 1839 731 Evagrinm
1874 680 2084 732 quoque

502 742 659 810 hujus
683 743 803 796 libri
836 756 1105 798 auctorem
1133 746 1306 800 facere
1328 749 1561 817 videtur)
1613 754 1900 807 vindicavit
1928 755 2084 809 .laco-

496 831 596 885 bus
630 832 798 885 Faber
817 832 1150 902 Stapuleusis
1181 838 1493 903 prastationc
1544 843 1608 893 ad
1639 844 1948 899 Paradisnm
1980 848 2082 901 lle-

496 921 731 988 raclidis,
793 922 947 977 nixus
994 924 1101 977 divi
1157 925 1464 998 Hieronymi
1523 937 1861 1001 auctoritate,
1909 938 1996 1005 qui
2030 939 2080 990 in

492 1015 715 1081 cpistola
761 1014 828 1068 ad
855 1014 1252 1084 Ctesiphontem
1299 1031 1485 1075 contra
1518 1022 1853 1092 Pelagianos,
1902 1029 1968 1081 ita
2013 1030 2082 1083 de

502 1106 729 1172 Evagrio
752 1116 807 1159 et
837 1108 1051 1167 Rttflino
1079 1112 1264 1164 scribit
1299 1130 1309 1163 :
1349 1132 1367 1164 σ
1409 1115 1681 1182 Evagrius,
1718 1120 1906 1187 inquit,
1944 1122 2081 1175 Pon-

496 1195 635 1250 ticus
667 1196 1045 1267 Hyperborita,
1077 1203 1165 1269 qui
1198 1204 1385 1258 scribit
1406 1208 1470 1260 ad
1522 1209 1771 1276 virgines,
1803 1214 1985 1268 scribit
2013 1216 2080 1269 ad

498 1289 813 1353 monachos,
840 1290 1030 1344 scribit
1055 1292 1119 1345 ad
1145 1308 1286 1359 eam,
1338 1296 1490 1366 cujus
1539 1316 1734 1355 nomen
1789 1306 2078 1370 nigredinis

498 1377 803 1443 (llelaniam
837 1379 1007 1453 [xxvi]
1038 1385 1205 1438 innuit
1234 1389 1468 1443 nominis
1502 1392 1823 1464 significatu)
1856 1406 2080 1452 testatur

489 1473 541 1516 ct
567 1466 801 1532 perﬁdia:
824 1468 1095 1536 tenebras,
1118 1472 1285 1527 edidit
1323 1475 1513 1529 librum
1556 1490 1607 1531 et
1638 1483 1931 1535 sententias
1959 1490 2078 1559 περὶ

487 1555 737 1615 ἀπαθείας
764 1556 944 1625 (quam
979 1574 1077 1613 nos
1099 1560 1579 1624 impassibilitatem
1601 1570 1685 1623 vel
1717 1573 2075 1639 imperturba-

488 1645 687 1700 tionem
720 1662 1002 1714 possumus
1044 1651 1245 1723 dicere)
1272 1698 1286 1721 ,
1323 1659 1535 1725 quando
1565 1676 1832 1730 nunquam
1866 1668 2073 1723 animus

490 1734 600 1787 ullo
630 1739 1050 1802 perturbationis
1073 1743 1204 1797 vitio
1244 1760 1643 1813 commovetur;
1672 1763 1744 1817 et,
1776 1767 1831 1807 ut
1865 1756 2071 1822 simpli-

487 1827 621 1882 citer
666 1829 865 1897 (licam,
899 1833 984 1886 vel
1014 1849 1201 1889 saxum
1229 1838 1311 1893 vel
1345 1840 1486 1894 Deus
1533 1853 1635 1896 est.
1692 1845 1858 1912 llujus
1910 1847 2071 1905 libros

492 1934 586 1986 per
608 1920 882 1977 Orientem
914 1923 1155 1993 Grrecos,
1189 1939 1241 1981 et
1259 1930 1647 2000 interpretante.
1674 1937 1934 2007 discipulo
1951 1941 2067 2008 ejus

495 2010 709 2064 lluflino
737 2012 972 2079 Latinos,
1000 2017 1237 2087 plerique
1270 2020 1320 2074 in
1350 2022 1636 2078 Occidente
1663 2026 1921 2081 lectitant.

558 2118 577 2151 ι
605 2102 710 2168 Qui
760 2103 951 2157 librum
1005 2122 1216 2176 quoque
1245 2112 1459 2177 Scripsit
1485 2115 1634 2183 quasi
1666 2116 1733 2169 de
1764 2120 2062 2186 monachis,

481 2192 786 2262 multosque
805 2196 855 2249 in
885 2211 950 2250 eo
973 2211 1276 2262 enumerat,
1306 2204 1393 2269 qui
1418 2220 1687 2275 nunquam
1723 2207 1962 2275 fuerunt;
1986 2222 2061 2277 et,

479 2300 617 2351 quos
646 2288 812 2341 fuisse
833 2274 1039 2354 scribit,
1071 2289 1403 2362 Origenistas
1432 2299 1499 2351 ab
1546 2274 1811 2369 episcopis
1841 2274 2065 2358 damna;

478 2388 561 2431 tos
605 2394 731 2434 esse
776 2395 881 2434 non
937 2382 1155 2437 dubium
1188 2396 1300 2451 est;
1336 2390 1674 2445 Ammonium
1707 2394 1974 2461 videlicet,
2007 2407 2063 2451 et

479 2469 788 2535 Eusebium,
844 2482 897 2525 et
928 2473 1293 2546 Eutbyminm,
1339 2490 1393 2532 et
1433 2482 1605 2551 ipsum
1655 2484 2061 2555 Evagrium,0r

472 2574 688 2631 quoque
738 2573 793 2618 et
825 2563 1110 2633 lsidorum,
1145 2579 1197 2623 et
1220 2572 1415 2625 multos
1466 2575 1620 2641 alios,
1654 2593 1787 2646 quos
1816 2579 2060 2637 dinume-

476 2666 597 2706 rare
622 2653 836 2707 taedium
863 2664 965 2723 est,
992 2669 1043 2710 et
1069 2659 1218 2726 juxta
1246 2661 1369 2716 illud
1406 2664 1632 2719 Lucretii
1669 2685 1682 2721 τ

595 2764 662 2839 ξε
687 2764 841 2839 veluti
867 2771 1052 2828 pueris,
1078 2771 1315 2839 absinthia
1343 2781 1467 2823 tetra
1500 2780 1776 2839 medentes,

596 2825 720 2898 Eum
738 2825 1296 2898 darc‘conautur,»prius
1311 2848 1421 2883 oras
1446 2825 1611 2898 pocula
1625 2825 1814 2892 Vcircuin

587 2886 887 2950 Coiitinguut
908 2892 1036 2939 dulci
1064 2886 1222 2944 mellis
1245 2886 1467 2959 ﬂavoque
1494 2886 1706 2964 liquore;

468 2988 539 3041 ita
564 2987 653 3042 ille
678 3005 837 3045 unum
860 2992 1121 3048 Joannem
1145 2997 1195 3048 in
1221 2998 1389 3065 ipsius
1418 3001 1535 3054 libri
1562 3006 1730 3069 posuit
1762 3008 2043 3078 principio,

466 3097 622 3148 quem
653 3099 704 3139 et
732 3087 1077 3154 catholicum,
1132 3102 1186 3145 et
1214 3102 1456 3146 sanctum
1497 3096 1660 3150 fuisse
1689 3113 1791 3153 non
1822 3101 2041 3156 dubium
2071 3110 2119 3172 α

465 3182 570 3241 est,
594 3183 651 3228 ut
679 3191 773 3244 per
802 3177 942 3231 illius
968 3181 1304 3237 occasionem
1335 3196 1583 3251 caeteros,
1603 3204 1736 3257 quos
1768 3203 2040 3261 posuerat,

466 3264 747 3322 hiereticos
772 3270 1023 3325 Ecclesia-
1051 3274 1433 3331 introduceret.
1474 3298 1491 3330 ι

534 3358 744 3413 Audisti
776 3362 955 3415 divum
992 3365 1392 3435 Hieronymum,
1426 3371 1620 3436 lector;
1653 3374 1778 3441 qttid
1811 3391 1951 3431 nunc
1975 3378 2042 3432 de

442 3448 621 3517 ,ltujus
645 3451 765 3505 libri
797 3463 1016 3508 auctore
1042 3472 1252 3523 censes,
1291 3462 1341 3512 in
1374 3476 1481 3529 quo
1522 3466 1759 3519 omnium
1816 3466 2038 3523 istorum

459 3541 545 3608 qui
572 3555 955 3599 enumerantur
979 3548 1035 3598 lit
1058 3550 1289 3603 mentio?

534 3633 667 3688 Vide
688 3635 849 3704 igitur
880 3653 1005 3691 num
1041 3641 1130 3695 alii
1153 3657 1272 3695 cum
1308 3644 1533 3701 Barouio
1553 3649 1659 3703 sint
1710 3652 1865 3720 lapsi,
1894 3655 2037 3721 quod

458 3725 805 3783 existimarint
834 3729 948 3785 haec
976 3734 1158 3801 verba,
1188 3754 1206 3785 ι
1237 3740 1324 3803 qui
1359 3739 1551 3791 librum
1582 3758 1791 3807 quoque
1823 3745 2038 3811 scripsit

454 3819 601 3877 quasi
625 3820 692 3872 de
722 3824 1017 3885 monachis,
1053 3843 1071 3872 ι
1104 3826 1167 3876 de
1195 3825 1421 3896 Evagrio
1453 3830 1817 3900 intelligenda.
1842 3835 1946 3889 Sed
1969 3837 2036 3890 de

456 3908 665 3961 ltul‘lino
706 3911 926 3980 intelligi
966 3914 1179 3979 debere,
1213 3919 1365 3987 cujus
1394 3937 1587 3977 nomen
1619 3924 1862 3990 proxime
1894 3943 2034 3995 prte-

450 4000 631 4061 cessit,
663 4002 1006 4057 manifestum
1030 4017 1112 4060 est
1131 4016 1456 4077 argumentis
1481 4018 1848 4084 sequentibus.

524 4113 575 4166 l.
616 4113 749 4180 Quia
799 4116 977 4171 subdit
1026 4120 1179 4175 divus
1230 4121 1586 4196 Hieronymus
1635 4130 1774 4197 quod
1826 4132 1913 4185 ille
1942 4136 2028 4197 qui

456 4205 646 4260 librum
671 4208 736 4261 de
759 4210 1032 4265 monachis
1062 4215 1297 4280 scripsit,
1322 4218 1373 4271 in
1398 4235 1463 4272 eo
1487 4233 1761 4277 enumerat
1782 4234 1835 4279 et
1857 4225 2025 4291 ipsum

450 4297 763 4368 Evagrium:
823 4302 1075 4357 videlicet
1105 4305 1255 4373 cujus
1295 4308 1403 4377 jam
1452 4324 1575 4366 ante
1622 4316 1819 4369 mentio
1868 4318 2024 4371 facta.

446 4388 553 4444 Nec
584 4391 762 4446 simile
791 4408 941 4458 vero,
976 4403 1034 4449 ut
1056 4396 1166 4465 jam
1199 4416 1380 4469 supra,
1410 4402 1435 4471 ᾗ
1469 4403 1522 4470 5,
1572 4406 1701 4471 disi,
1734 4421 1938 4463 suomet
1965 4378 2023 4465 sb

2191 485 2325 541 Sixti
2356 495 2609 561 martyris
2640 495 2831 561 edidit,
2865 509 2923 551 ut
2947 501 3148 554 clarum
3173 513 3255 557 est
3285 521 3348 559 ex
3380 509 3496 564 aliis
3521 513 3626 567 divi
3652 515 3777 571 Ilie-

2191 581 2401 647 rouymi
2434 580 2590 647 locis,
2616 596 2672 637 ut
2706 585 2756 638 in
2786 602 2893 641 xxn
2915 605 3028 657 cap.
3057 591 3282 663 Jerem.,
3311 598 3396 651 ubi
3426 615 3545 655 eum
3569 610 3784 667 nomine

2191 664 2413 722 Grunnii
2446 674 2774 743 persuingit.
2830 688 2883 730 et
2915 680 2964 732 in
3004 696 3125 750 cap.
3157 700 3282 739 xvtu
3311 688 3530 759 Ezecb.,
3559 694 3685 749 item
3712 715 3779 755 ex

2190 760 2488 827 Augustino
2534 766 2623 818 lib.
2679 782 2713 819 ιι
2764 766 3083 835 Retractat.,
3118 788 3237 841 cap.
3262 777 3331 831 40
3361 780 3474 847 (qui
3525 783 3782 852 deceptus

2187 857 2311 902 ante
2338 850 2475 905 libro
2504 853 2698 927 [xxvu]
2727 857 2793 910 de
2812 858 2933 910 Nat.
2963 872 3012 914 et
3042 862 3216 928 om,
3237 880 3355 933 cap.
3382 869 3623 931 ansam
3645 850 3781 932 ro..-

2187 941 2343 995 tilicis
2394 946 2607 1000 nomine
2639 949 2919 1023 allegarat)
2946 992 2960 1016 ,
2989 965 3039 1007 et
3073 970 3139 1008 ex
3173 958 3282 1024 ipsa
3320 959 3513 1016 llullini
3547 969 3779 1030 epistola

2185 1035 2249 1087 ad
2280 1035 2846 1111 Apronianum,quam
2871 1048 3298 1118 interpretationi
3324 1056 3619 1115 Encbiridii
3642 1068 3771 1121 Sixti

2186 1126 2426 1191 praalixit.

2255 1218 2308 1271 5.
2353 1217 2486 1284 Quia
2519 1222 2747 1277 similem
2783 1229 3022 1282 fraudem
3062 1233 3333 1289 subnectit
3364 1239 3446 1292 liic
3470 1241 3622 1296 divus
3645 1246 3772 1301 llie.

2181 1324 2438 1379 ronymus
2464 1314 2531 1368 de
2558 1319 2898 1386 supposititio
2913 1316 3188 1391 Pamphilo
3219 1330 3267 1381 in
3302 1330 3617 1390 defensione
3648 1340 3769 1394 Ori-

2180 1402 2329 1466 genis
2356 1422 2369 1456 :
2410 1422 2428 1454 r
2468 1406 2713 1473 Fecerat,
2736 1412 2831 1475 ait,
2852 1411 2952 1467 hoc
2981 1427 3032 1466 et
3067 1419 3116 1469 in
3144 1422 3314 1474 sancti
3349 1421 3605 1491 Pamphili
3631 1446 3772 1484 mar-

2183 1492 2314 1561 tyris
2347 1499 2580 1562 nomine,
2611 1509 2665 1552 ut.
2695 1500 2887 1556 librum
2917 1506 3145 1571 primum
3170 1524 3261 1563 sex
3299 1512 3553 1569 librorum
3586 1521 3771 1575 defen-

2181 1583 2348 1638 sionis
2376 1585 2643 1656 Origenis,
2710 1592 2924 1648 Eusebii
2974 1595 3343 1668 Ca‘sariensis,
3391 1621 3546 1675 quem
3604 1610 3769 1668 fuisse

2182 1672 2435 1730 Arianum
2490 1696 2646 1734 nemo
2695 1695 2775 1737 est
2823 1687 2913 1755 qui
2968 1690 3190 1757 nesriat,
3250 1698 3465 1751 nomine
3498 1699 3762 1770 Pamphili

2103 1756 2150 1814 Β
2182 1771 2428 1843 martyris
2459 1785 2801 1839 prarnotarel.
2837 1796 2855 1829 ι
2883 1781 3039 1847 Atqui
3070 1798 3098 1833 a
3127 1783 3339 1838 Hullino
3368 1802 3485 1842 eam
3522 1756 3766 1849 fraudein

2174 1874 2472 1928 consutam,
2500 1867 2657 1921 nimis
2678 1886 2832 1937 quam
2864 1883 3068 1927 notum.
3092 1876 3331 1931 Meminit
3356 1880 3592 1948 ejusdem
3614 1888 3764 1940 trau-

2174 1950 2432 2008 disi‘livus
2462 1956 2818 2030 Hieronymus
2834 1964 2975 2031 apol.
3006 1963 3031 2016 l
3058 1967 3317 2023 adversus
3336 1970 3555 2039 llul‘liu.,
3586 1975 3678 2030 liti.
3700 1991 3761 2042 tt,

2173 2051 2227 2095 et
2274 2047 2433 2113 epist.
2478 2048 2567 2115 (35,
2625 2037 2689 2104 ad
2749 2053 2896 2110 Pam.
2954 2065 3010 2109 et
3052 2057 3275 2120 (lt-eam,
3303 2070 3357 2114 et
3387 2063 3436 2114 iu
3464 2037 3584 2132 cap.
3622 2082 3755 2121 xvm

2170 2134 2397 2203 Ezcclt.,
2427 2147 2479 2190 et
2529 2141 2661 2193 dial.
2691 2143 2814 2197 adv.
2841 2144 3171 2217 Pelagianos,
3206 2167 3360 2220 quam
3390 2158 3623 2211 nondum
3656 2160 3755 2214 de-

2169 2233 2377 2281 texerat
2425 2229 2580 2284 divus
2628 2233 3005 2307 Hieronymus,
3060 2256 3181 2295 cum
3231 2245 3492 2301 scriberet
3544 2248 3757 2304 Catalo-

2164 2333 2287 2386 gum
2348 2324 2533 2392 script.
2592 2325 2823 2393 Eccles.,
2878 2340 2935 2383 ut
2979 2341 3120 2400 patet
3174 2335 3416 2407 ejusdem
3448 2354 3565 2408 cap.
3600 2341 3667 2393 75
3698 2343 3753 2396 in

2163 2408 2463 2479 Pamphilo.

2239 2500 2407 2557 Unum
2447 2508 2547 2560 hoc
2572 2507 2679 2561 divi
2713 2509 3020 2583 Hieronymi
3079 2516 3443 2573 testimonium
3499 2514 3754 2579 sufﬁcere

2158 2592 2365 2661 judicti,
2399 2607 2453 2650 ut
2484 2599 2616 2653 liber
2643 2599 2730 2654 hic
2760 2601 2971 2657 ll-illino
3005 2618 3295 2662 asseratur.
3329 2612 3531 2666 Omitto
3556 2614 3753 2669 suma-

2158 2684 2270 2751 gari
2302 2686 2426 2740 Mss.
2461 2693 2789 2757 complures,
2837 2703 2893 2746 ttt
2938 2696 3397 2754 Audomareusem
3431 2712 3569 2758 nota:
3599 2706 3749 2771 Opti-

2158 2789 2280 2838 mzc,
2302 2783 2357 2828 et
2379 2790 2406 2827 a
2440 2788 2648 2832 vetusta
2676 2797 2858 2849 manu,
2887 2799 2992 2852 quo
3021 2792 3285 2855 przecipue
3316 2792 3364 2844 in
3397 2796 3751 2851 recensendis

2156 2863 2243 2917 his
2273 2865 2420 2920 libris
2447 2884 2573 2923 usus
2601 2885 2750 2936 sum;
2787 2883 2841 2925 ut
2870 2875 3004 2929 alios
3033 2893 3168 2946 quos
3208 2882 3405 2937 vidisse
3442 2899 3503 2938 se
3545 2890 3749 2941 asserit

2152 2955 2413 3013 Henricus
2444 2960 2689 3029 Gravius,
2726 2965 2864 3018 notis
2905 2969 2967 3018 ad
2999 2969 3158 3037 epist.
3192 2972 3302 3026 divi
3332 2974 3637 3047 Hieronymi
3670 2979 3745 3033 ad

2151 3048 2575 3118 Ctesiphontem,
2606 3055 2670 3108 de
2693 3072 2792 3125 qua
2821 3060 2929 3125 jam
2957 3069 3154 3118 actum.

2223 3142 2416 3197 Nescio
2453 3161 2517 3198 an
2559 3154 2613 3199 et
2661 3147 2904 3203 Rul’ﬁnus
2932 3152 3044 3219 ipse
3066 3155 3230 3207 videri
3266 3159 3431 3223 possit
3460 3160 3739 3217 insinuare

2150 3246 2208 3286 se
2239 3231 2395 3301 hujus
2433 3235 2554 3288 libri
2602 3248 2876 3292 aucturcm
2910 3242 2990 3295 vel
3026 3244 3372 3312 interpretetur
3424 3263 3563 3302 esse.
3597 3250 3733 3303 Nam

2148 3337 2266 3390 cap.
2296 3323 2363 3378 29
2392 3325 2509 3379 libri
2543 3326 2701 3394 hujus
2732 3332 2973 3393 secundi,
3002 3332 3089 3384 ubi
3120 3333 3188 3386 de
3232 3334 3463 3391 Macario
3504 3339 3735 3394 Alexan-

2145 3413 2305 3468 drino
2334 3415 2461 3483 agit,
2497 3418 2641 3470 addit
2675 3436 2686 3470 :
2727 3438 2744 3468 σ
2787 3420 2890 3474 Sed
2923 3433 2977 3475 et
3004 3425 3183 3487 multa,
3236 3437 3293 3478 ut
3344 3429 3594 3496 diximus,
3624 3433 3730 3487 alia

2145 3508 2214 3563 de
2242 3511 2496 3578 operibus
2524 3514 2693 3567 sancti
2722 3514 2934 3570 Macarii
2973 3517 3318 3573 Alexandrini
3361 3523 3620 3578 mirabilia
3652 3526 3731 3580 fe-

2142 3611 2349 3667 runtur,
2374 3617 2436 3655 ex
2465 3604 2657 3672 quibus
2687 3609 2936 3661 nonnulla
2972 3610 3022 3661 in
3078 3611 3213 3665 libro
3257 3629 3307 3666 XI
3349 3615 3555 3671 Ecclcs.
3583 3618 3725 3675 Hist.

2141 3693 2340 3746 inserta
2370 3696 2457 3761 qui
2491 3699 2714 3765 requirit
2742 3702 2993 3754 inveniet.
3032 3723 3049 3753 ι
3083 3703 3136 3756 In
3169 3721 3272 3773 quo
3310 3707 3447 3763 libro
3471 3725 3539 3772 χι,
3577 3713 3725 3766 vide-

2142 3784 2263 3837 licet
2293 3789 2592 3851 posteriore
2638 3805 2700 3843 ex
2746 3792 2971 3857 duobus,
3007 3793 3075 3847 ab
3124 3796 3351 3862 ipsomet
3404 3799 3613 3855 Hnl'ﬁno
3654 3805 3721 3858 ad

2142 3874 2353 3930 Eusebii
2402 3877 2833 3935 Ecclesiasticam
2890 3882 3174 3938 Historiam
3239 3888 3415 3957 (quam
3458 3907 3488 3944 e
3532 3891 3721 3948 Greco

2138 3972 2392 4043 verterat)
2431 3974 2644 4041 additis,
2679 3992 2796 4045 cap.
2826 3983 2879 4042 4,
2912 3980 3171 4034 habentur
3200 3988 3438 4053 quaedam
3461 3986 3526 4039 de
3547 3987 3718 4042 Maia-

2138 4062 2215 4111 rio
2249 4063 2634 4129 Alexandrino,
2654 4082 2773 4136 qum
2806 4070 2905 4122 hoc
2938 4070 3075 4125 libro
3105 4076 3339 4129 seeimdo
3360 4079 3426 4131 de
3459 4077 3590 4132 Vitis
3620 4079 3715 4133 Pa-

2136 4160 2272 4204 trum
2299 4152 2527 4221 desunt;
2557 4173 2781 4226 quorum
2816 4163 3044 4226 primum
3096 4176 3178 4218 est
3226 4167 3292 4222 de
3317 4183 3459 4223 CJ‘CO
3490 4171 3714 4224 relumi-

2134 4252 2278 4305 nato,
2301 4244 2389 4312 qui
2421 4248 2638 4313 pulvere
2666 4265 2728 4302 ex
2773 4253 2906 4305 cella
2952 4254 3167 4309 Macarii
3215 4260 3446 4324 deterso,
3497 4273 3549 4315 et
3580 4281 3713 4331 aqua

2134 4333 2272 4393 putei
2336 4349 2444 4401 quo
2505 4335 2688 4393 bibere
2743 4343 2930 4398 solitus
2985 4358 3101 4400 erat
3159 4363 3464 4414 macerato,
3529 4357 3715 4410 oculos

2132 4422 2370 4488 inunxit;
2397 4429 2690 4483 secundum
2728 4447 2859 4486 vero
2883 4434 2946 4490 de
2974 4437 3153 4491 lezenre.
3182 4443 3369 4495 catulis
3396 4444 3515 4497 visu
3545 4447 3712 4500 dona-

444 4495 666 4537 Ornasse
701 4490 965 4551 prmconio
992 4490 1295 4561 Evagriutn,
1322 4506 1376 4549 ct
1403 4513 1552 4552 suam
1573 4515 1780 4569 quoque
1796 4504 2019 4559 aliorum
2054 4484 2106 4543 D
2133 4511 2221 4575 tis,
2247 4514 2311 4568 ad
2339 4532 2455 4583 qum
2488 4519 2599 4586 ipsa
2635 4523 2898 4579 mirabilia
2929 4531 3103 4593 capite
3134 4531 3223 4584 illo
3246 4532 3315 4587 ‘29
3346 4535 3463 4588 libri
3489 4539 3712 4596 secundi

444 4568 575 4596 ητις..
600 4572 743 4596 2..-.ηε
764 4578 912 4596 .-ηρη
1005 4582 1044 4596 η
1142 4585 1151 4596 .
1187 4584 1207 4596 ..
1278 4595 1281 4596 ,
1439 4591 1448 4596 .
1562 4591 1572 4596 -

442 4568 578 4624 Vitis
600 4572 972 4634 immiscuisse.
1002 4582 1151 4647 Quod
1185 4584 1323 4641 forte
1365 4591 1794 4648 animadverlcns
1827 4596 2017 4651 Maria-

440 4675 540 4715 nus
570 4662 834 4723 Victorius
862 4669 1174 4744 Hieronymi
1206 4677 1541 4744 sclioliastes,
1590 4685 1910 4740 exisdmavit
1936 4703 2017 4741 se-

441 4754 620 4807 cundo
645 4757 746 4811 hoc
775 4758 893 4814 loco
918 4762 1140 4819 alterius
1162 4768 1364 4837 Evagrii
1393 4773 1697 4828 distinctam
1717 4777 1784 4830 ab
1810 4778 2015 4848 Hyper-

436 4845 606 4901 borita
631 4855 958 4910 mentionem
987 4858 1121 4914 ﬁeri.
1158 4862 1259 4916 Sed
1300 4865 1368 4919 de
1401 4867 1750 4937 llyperborita
1779 4845 2015 4928 secundo

433 4952 645 5008 quoque
664 4943 781 4998 loco
805 4945 1206 5018 intelligendum
1225 4954 1405 5009 divum
1426 4960 1832 5030 Hieronymum,
1850 4967 2008 5020 nimis

427 5043 584 5096 quam
612 5034 952 5090 manifestum
981 5055 1100 5096 esse
1125 5046 1347 5115 quisque
1379 5051 1763 5119 deprehendet.

495 5118 550 5173 2.
582 5121 714 5187 Quia
749 5127 1051 5186 immediate
1093 5148 1209 5203 post
1237 5140 1395 5194 verba
1428 5118 1512 5194 hic
1558 5159 1619 5196 ex
1664 5146 1787 5198 divo
1818 5148 2007 5208 llieroo

426 5224 587 5279 nymo
629 5216 831 5272 reddita
887 5224 1155 5295 subjungit
1212 5230 1349 5284 idem
1393 5232 1546 5287 divus
1590 5235 1942 5312 Hieronymus
1986 5261 1999 5294 :

430 5321 457 5353 ir
489 5302 633 5359 Illam
660 5320 835 5364 autem
867 5318 1241 5384 temeritatem,
1286 5323 1391 5376 imo
1443 5327 1701 5383 insaniam
1734 5332 1850 5398 ejus
1880 5338 1999 5397 quis

422 5397 585 5466 digno
618 5401 782 5466 possit
809 5405 1077 5472 explicare
1107 5424 1378 5478 sermone,
1427 5417 1565 5483 quod
1617 5397 1807 5475 librum
1850 5424 2003 5493 Xysti

423 5487 781 5561 Pythagoran,
816 5494 1047 5552 hominis
1084 5500 1285 5569 absque
1315 5505 1528 5560 Christo
1576 5520 1735 5580 atque
1778 5487 1998 5584 ethnici,

419 5580 696 5639 imtnntato
723 5588 957 5654 nomine,
983 5589 1113 5644 Sixti
1140 5598 1410 5666 martyris,
1440 5609 1494 5653 et
1527 5602 1781 5671 Romana:
1809 5609 1999 5668 Eccle-

417 5674 513 5729 siae
542 5677 777 5747 episcopi
811 5687 1165 5749 pra‘notavit?
1186 5705 1207 5738 ι
1228 5690 1369 5757 quod
1398 5708 1503 5749 non
1532 5694 1600 5752 de
1630 5698 1881 5773 Evagrio,
1901 5707 1995 5763 sed

2125 4604 2192 4659 de
2226 4606 2357 4661 Vitis
2381 4608 2597 4665 Patrum
2624 4615 2832 4670 videtur
2853 4618 3102 4673 lectorem
3129 4626 3420 4682 remittere.

2195 4699 2454 4769 Equidem
2489 4702 2632 4757 Vitas
2669 4706 2883 4762 Patrum
2931 4712 3155 4779 scriptas
3199 4729 3321 4770 esse
3380 4729 3493 4786 post
3542 4719 3709 4777 libros

2122 4790 2244 4845 illos
2269 4792 2504 4850 historia:
2535 4797 2925 4857 Ecclesiastica:
2941 4818 2968 4855 a
2988 4803 3199 4859 Rullino
3217 4848 3232 4871 ,
3253 4811 3444 4877 partim
3479 4815 3709 4869 transla-

2122 4892 2225 4948 tos,
2259 4884 2447 4952 partim
2477 4894 2828 4956 compositos,
2864 4892 2978 4960 ipse
3011 4894 3249 4963 ejusdem
3305 4900 3420 4953 libri
3475 4919 3550 4968 xi,
3581 4920 3701 4972 cap.

2114 4973 2221 5040 jam
2254 4974 2419 5040 dicto,
2452 4978 2732 5036 manifeste
2769 4982 3035 5051 declarat;
3090 4989 3267 5043 subdit
3315 4993 3457 5046 enim
3492 5011 3506 5047 :
3541 5013 3560 5045 ι
3600 4996 3705 5052 Ve-

2117 5077 2232 5116 rum
2264 5065 2308 5117 si
2336 5068 2663 5136 singulorum
2710 5070 3033 5131 mirabilium
3080 5091 3226 5148 gesta
3275 5086 3523 5154 prosequi
3569 5087 3702 5142 veli-

2114 5170 2253 5220 mus,
2286 5160 2622 5215 excludimur
2646 5177 2675 5216 a
2703 5168 2972 5233 proposita
3005 5169 3283 5240 brevitate,
3309 5175 3539 5230 maxime
3569 5193 3690 5233 eum

2113 5250 2474 5307 narrationem
2500 5255 2697 5324 proprii
2723 5259 2899 5326 operis
2928 5270 3258 5320 mereantur.
3297 5286 3313 5319 ι
3347 5267 3497 5335 Quod
3518 5271 3694 5339 ipsum

2116 5352 2298 5404 postea
2330 5348 2662 5415 prarsdtisse,
2694 5352 2885 5407 librum
2918 5353 3054 5409 hunc
3100 5373 3130 5411 e
3170 5359 3359 5415 Grazco
3391 5371 3537 5416 textu
3564 5379 3697 5418 con-

2113 5435 2404 5505 eiuuando,
2440 5440 2547 5495 divi
2581 5442 2889 5517 Hieronymi
2916 5451 3291 5507 tesdlieatiouc
3322 5456 3627 5513 didicimus.

2183 5526 2401 5593 Qumres
2426 5549 2439 5582 :
2467 5535 2605 5587 unde
2638 5547 2742 5589 tam
2776 5537 3033 5607 incertus,
3058 5544 3216 5598 etiam
3234 5547 3344 5616 jam
3363 5548 3516 5616 olim,
3537 5549 3698 5622 hujus

2111 5616 2227 5671 libri
2283 5633 2469 5677 auctor
2506 5625 2639 5679 fuit?
2685 5627 3044 5698 Respoudeo:
3078 5636 3211 5703 Quia
3264 5651 3453 5697 auctor
3498 5616 3693 5702 nomen

2107 5725 2259 5765 suum
2282 5719 2600 5784 siippressit,
2616 5721 2687 5774 uti
2713 5731 2764 5776 et
2786 5722 3069 5795 interpres,
3089 5729 3302 5803 [xxviii]
3325 5734 3688 5803 cnjusnomeu
