4002 6244
226 279 280 332 57
1501 271 2053 336 PRULEGOMENQN
2097 275 2155 330 V.
3399 276 3472 331 38

226 411 316 451 una
343 394 444 446 nisi
473 391 579 445 divi
612 390 922 461 Hieronymi
950 397 1007 446 et
1061 402 1347 460 paucorum
1401 388 1529 443 Mss.
1585 387 1781 442 indicio
1812 391 1853 445 Α
1886 385 2151 453 quoddam
2198 385 2443 438 volumen
2501 383 2741 437 Gothicis
2783 384 2974 439 littoris
2999 384 3283 453 scriptum,
3311 386 3467 457 cujus

224 484 465 541 norimus.
696 530 699 533 λ

280 578 383 630 Cur
431 581 607 626 autem
660 571 901 625 [lumnas
949 583 1145 624 nomen
1193 584 1348 624 suum
1404 568 1782 636 suppresserit,

221 667 455 722 existimo
480 665 610 715 duas
639 663 874 716 rationes
901 662 1162 731 assignari
1200 674 1377 729 posse.
1414 659 1592 714 Primo
1621 677 1632 710 ε
1664 675 1783 711 cum

222 762 371 819 enim,
404 755 674 811 referente
707 756 1035 825 Hieronymo
1066 754 1223 823 epist.
1254 754 1319 808 ad
1358 752 1783 821 Ctesiphontem,

224 858 421 903 constet
452 845 743 899 nonnullos
767 844 1100 912 Origenistas
1126 845 1211 898 hic
1241 842 1521 924 immistus,
1565 859 1667 897 non
1694 846 1817 895 au-’

225 956 297 994 sus
323 936 415 990 fuit
446 951 567 990 eum
597 936 793 988 librum
837 935 1051 988 nomine
1080 949 1176 987 suo
1221 933 1505 987 extrudere
1527 943 1578 986 et
1604 933 1786 986 vendi-

224 1041 320 1082 tare
349 1026 613 1091 Ruftinus,
634 1024 779 1093 quod
813 1026 926 1092 ipse
950 1025 1016 1078 de
1039 1023 1231 1077 ha'resi
1257 1038 1319 1076 ea
1348 1032 1624 1091 suspectus
1647 1032 1779 1075 erat.

224 1121 284 1175 Ut
308 1120 458 1190 igitur
479 1118 609 1172 liber
637 1118 722 1171 hic
742 1119 859 1170 sine
890 1118 1001 1171 ullo
1036 1118 1088 1170 in
1129 1117 1317 1170 limine
1346 1114 1671 1170 olfendiculu
1695 1128 1785 1166 re-

222 1212 487 1277 ciperetur,
517 1206 890 1275 praefationem
922 1205 1138 1273 quidem
1193 1204 1439 1273 przclixit,
1466 1202 1556 1257 sed
1590 1217 1785 1256 nomen

224 1299 474 1353 subucuit.
524 1296 726 1350 Eodem
772 1296 935 1350 modo
985 1313 1178 1353 nomen
1228 1310 1380 1349 suum
1410 1297 1701 1365 suppressit
1734 1297 1784 1349 in

223 1393 433 1446 editione
462 1390 828 1444 translationis
860 1391 1109 1445 librorum
1142 1390 1385 1458 Origenis
1420 1396 1539 1466 περί
1581 1394 1785 1465 ἀρχῶν,

225 1483 346 1553 quod
395 1483 748 1551 Hieronymus
800 1482 1000 1536 indicat
1047 1483 1203 1550 epist.
1255 1480 1322 1534 66
1372 1483 1439 1536 ad
1471 1482 1785 1536 Bullinum:

230 1596 247 1628 ι
282 1574 673 1629 Prmfatiuucula
707 1576 963 1630 librorum
992 1580 1111 1648 περὶ
1157 1579 1341 1652 ἀρχῶν
1387 1576 1455 1631 ad
1506 1592 1595 1632 me
1623 1577 1786 1632 missa

223 1677 311 1731 est,
335 1683 485 1735 quam
512 1682 578 1722 ex
601 1669 740 1736 stylu
771 1667 1008 1722 intellexi
1035 1679 1176 1722 tuam
1215 1684 1359 1723 esse.
1391 1687 1410 1720 ι

1893 476 2077 528 titulus
2107 484 2239 539 erat,
2283 475 2408 528 Vita:
2444 474 2655 526 Patrum
2690 476 3048 541 Oriente/ium,
3080 478 3197 531 sine
3224 488 3468 534 auctore.

1892 567 2039 633 Quod
2076 577 2250 621 tamen
2282 567 2457 619 inveni
2494 567 2544 618 in
2580 564 2888 633 przi-fatione
2920 569 3171 635 scriptum
3201 583 3230 620 a
3260 568 3471 624 Valerio

1893 658 2219 711 Asturicensi
2266 657 2750 726 archipresbytero,
2786 672 2890 709 tera
2918 656 3043 720 9H),
3080 657 3181 710 hoc
3218 668 3299 711 est
3326 673 3470 714 anno

1894 750 2097 803 Domini
2130 750 2253 804 902.
2288 750 2672 803 Exordiebatir
2718 759 2893 804 autem
2926 767 2951 801 τι
2980 751 3094 803 Vita
3123 750 3371 813 Joannis,
3398 752 3468 807 de

1890 858 1995 911 quo
2020 843 2154 897 liber
2188 843 2395 909 Evagrii
2429 843 2629 913 (verius
2650 842 2863 904 Rul'fmi,
2882 852 2935 893 ut
2954 844 3061 909 jam
3088 843 3349 910 probavi),
3375 842 3471 898 sed

1891 936 2056 989 multo
2080 936 2335 1004 long'ore.
2366 934 2564 988 Deinde
2588 934 2810 987 habebat
2836 938 3028 988 multas
3051 934 3199 987 Vitas
3222 935 3464 998 Patrum,

1893 1026 2046 1092 longe
2074 1026 2402 1077 diversorum
2437 1024 2502 1075 ab
2556 1022 2618 1076 iis
2642 1022 2732 1091 qui
2770 1022 3073 1076 referuntur
3101 1022 3465 1077 communiter

1893 1116 1943 1168 in
2002 1114 2131 1167 Vitis
2190 1115 2440 1178 Patrum,
2493 1128 2652 1183 quam
2709 1114 2776 1167 ob
2849 1128 2959 1167 rem
3021 1129 3231 1167 onmem
3292 1130 3465 1168 tneam

1894 1208 2255 1273 susiiicioncm
2286 1206 2481 1274 abjcci.
2523 1225 2541 1257 ›
2580 1206 2843 1259 llattenus
2868 1206 3103 1259 Castrius
3129 1216 3328 1261 noster.

1961 1297 2192 1351 Omnino
2222 1296 2431 1351 occasio
2461 1297 2767 1364 suspicandi
2800 1306 2933 1356 erat.
2963 1312 3082 1351 cum
3116 1313 3308 1353 nomen
3341 1298 3467 1353 illud

1894 1389 2133 1459 prrefatio
2159 1388 2456 1457 praeferret.
2483 1386 2587 1442 Sed
2604 1388 2963 1441 certissimum
2990 1388 3141 1440 nobis
3164 1389 3229 1441 de
3252 1401 3471 1442 auctore

1892 1480 1974 1533 vel
2006 1479 2298 1547 interprete
2330 1478 2484 1546 hujus
2509 1478 2724 1532 secundi
2756 1478 2871 1531 libri
2902 1494 2965 1531 ex
2999 1478 3121 1532 divo
3150 1479 3473 1550 Hieronymo

1893 1571 2127 1639 suppetit
2178 1572 2560 1625 testimonium.
2587 1572 2746 1637 Quin,
2782 1570 2920 1637 quod
2971 1570 3104 1625 liber
3143 1571 3229 1626 ille
3258 1571 3473 1627 Toleta-

1895 1676 1994 1714 nus
2026 1661 2234 1715 dicatur
2285 1661 2517 1729 scriptus
2564 1675 2593 1713 a
2625 1659 2859 1725 Valerio,
2890 1677 2993 1714 non
3039 1660 3217 1715 statim
3242 1662 3366 1717 inde
3393 1678 3473 1717 se-

285 1757 545 1821 Secundo,
571 1759 694 1826 quia
728 1759 972 1813 Bullinus
1001 1759 1159 1829 hujus
1182 1758 1298 1814 libri
1328 1775 1434 1813 non
1468 1769 1573 1813 tam
1600 1770 1790 1817 auctor
1822 1760 1865 1819 Β
1893 1754 2073 1821 quitur
2100 1770 2221 1807 eum
2249 1753 2366 1820 ejus
2391 1754 2509 1807 libri
2534 1765 2805 1807 auctorem
2833 1768 2971 1808 esse.
3004 1754 3148 1809 Multi
3175 1755 3467 1824 scriptorcs

226 1850 297 1920 (ut
313 1851 417 1918 jam
442 1850 574 1918 dixi)
604 1866 763 1919 quam
789 1852 1055 1920 interpres
1075 1861 1189 1917 est;
1220 1853 1447 1921 ideoque
1478 1853 1788 1908 noluiteum

222 1955 309 1993 suo
338 1940 529 1992 nomini
558 1955 831 2010 arrogarc.
860 1940 996 1996 Cum
1022 1944 1164 1997 enim
1197 1943 1309 1998 fere
1333 1945 1510 1997 omnia
1539 1959 1659 2013 quae
1690 1944 1790 1998 hoc

223 2032 344 2086 libro
373 2043 653 2087 narrantur
680 2036 813 2104 (uno
856 2036 1032 2102 capite
1078 2039 1148 2091 de
1191 2038 1516 2108 Oxyryncho
1542 2038 1789 2107 excepto)

224 2123 493 2177 habeantur
523 2126 662 2191 apud
698 2126 991 2180 Palladium
1019 2137 1071 2181 et
1106 2127 1464 2193 Heraclidem,
1497 2127 1790 2183 verisimile

222 2216 333 2268 mihi
363 2214 415 2265 fit
442 2215 739 2267 Palladium
774 2217 857 2270 vel
876 2217 1221 2271 Heraclidem
1253 2219 1335 2272 vel
1360 2219 1524 2272 alium
1555 2220 1788 2287 aliquem

224 2306 321 2359 liter.
343 2306 526 2361 Crrce
553 2307 808 2371 edidisse,
843 2324 1130 2376 suppresso
1179 2312 1416 2378 nomine,
1448 2327 1566 2381 qua:
1617 2311 1788 2365 Rufli-

223 2414 306 2450 nus
345 2400 519 2450 vertit.
554 2400 686 2462 Qum
742 2408 863 2462 post
908 2399 1175 2455 Palladius
1220 2393 1467 2455 aucriora
1498 2402 1664 2456 edidit
1692 2416 1789 2455 suo

224 2489 411 2541 nomine
443 2492 694 2555 praefixo,
731 2498 786 2543 et
817 2489 1107 2544 Historiam
1156 2491 1460 2546 Lausiacam
1493 2494 1785 2561 inscripsit.

280 2578 391 2631 Hac
430 2594 577 2632 nunc
627 2579 898 2633 sufficiant
947 2580 1014 2634 de
1060 2583 1355 2650 quzestione
1385 2585 1483 2636 hac
1515 2582 1783 2651 perplexa.

221 2666 277 2722 Β.
330 2668 383 2721 Ρ.
431 2668 702 2736 Georgius
753 2671 1047 2736 Garnelelt,
1102 2673 1400 2727 Carthusitc
1451 2674 1788 2729 Coloniensis

219 2758 454 2819 alumnos,
515 2770 570 2811 et
623 2759 1087 2828 bibliothecarius,
1137 2765 1327 2816 studiis
1382 2765 1515 2817 meis
1548 2767 1789 2833 impense

220 2844 396 2910 favens,
418 2852 469 2899 in
506 2850 806 2916 appendice
834 2865 928 2903 sua
948 2852 1011 2903 ad
1037 2852 1427 2908 Elucidaiiones
1451 2870 1627 2907 sacras
1650 2857 1785 2909 ima-

215 2938 370 3004 ginum
402 2941 784 3005 eremitarum,
829 2956 1057 3009 operose
1104 2944 1324 3010 inquirit
1376 2950 1444 2998 de
1480 2946 1786 3001 auctoribus

220 3027 430 3084 Vitarurn
465 3030 925 3097 Patrum,voleus
956 3048 1043 3086 me
1075 3038 1371 3100 sublevare,
1403 3038 1485 3090 vel
1516 3046 1782 3091 errantem

1893 1859 2048 1898 suum
2082 1860 2274 1899 nomen
2338 1844 2619 1914 prteliguut
2649 1845 2729 1899 \el
2775 1854 3101 1914 postponunt
3134 1845 3285 1900 libris
3334 1863 3469 1917 quos

1892 1937 2310 2005 exscripserunt,
2335 1935 2439 1990 etsi
2483 1951 2587 1989 non
2618 1937 3031 2004 composuerint,
3061 1937 3199 2005 quod
3231 1937 3473 2005 ignorare

1895 2040 1999 2078 non
2030 2034 2205 2093 potest
2233 2024 2322 2094 qui
2346 2025 2429 2078 vel
2462 2040 2657 2094 paucos
2689 2026 2854 2079 libros
2876 2026 3189 2081 Mss.oculis
3212 2028 3471 2080 lustravit.

1891 2115 2028 2169 Cum
2084 2126 2259 2169 autem
2319 2115 2452 2169 liber
2494 2116 2583 2170 ille
2628 2116 2920 2175 Toletanus,
2959 2117 3165 2169 dicatur
3194 2116 3472 2170 continere

1898 2224 1917 2258 ι
1951 2206 2146 2260 multas
2180 2206 2324 2260 Vitas
2376 2207 2589 2260 Patrum
2648 2207 2802 2275 longe
2832 2207 3164 2261 diversorum
3197 2207 3265 2260 ab
3307 2207 3411 2270 his,
3449 2224 3471 2259 a

1894 2299 2067 2364 potuit
2096 2297 2340 2352 Valerius
2370 2296 2459 2351 ille
2484 2313 2670 2350 novam
2698 2298 3068 2351 collectionem
3104 2294 3340 2351 Vitarum
3370 2295 3474 2351 Pa-

1892 2398 2033 2443 trum
2066 2390 2378 2443 instituisse.

2294 2473 2973 2529 PIlOLEGOMENON
3015 2475 3086 2529 V.

2356 2567 2481 2632 Quis
2511 2569 2646 2620 tertii
2674 2568 2787 2620 libri
2808 2569 3024 2621 auctor?

1965 2660 2106 2715 Editi
2152 2659 2239 2715 hic
2271 2658 2387 2713 libri
2443 2667 2667 2727 pergunt
2711 2658 2910 2711 erroris
2940 2658 3120 2713 funem
3152 2672 3389 2725 nectere,
3415 2669 3472 2716 et

1893 2752 2079 2805 Divum
2109 2752 2487 2822 llieronymmn
2510 2759 2787 2803 auctorem
2817 2750 3052 2815 faciunt;
3084 2753 3177 2805 sed
3201 2755 3371 2824 srylus
3390 2770 3473 2808 sa.

1893 2842 1961 2896 tis
2009 2842 2183 2914 arguit
2231 2843 2346 2911 ejus
2374 2857 2477 2894 non
2509 2856 2649 2905 es-e,
2679 2842 2803 2895 licet
2835 2843 2931 2894 tria
2986 2842 3168 2895 ultima
3199 2846 3373 2910 capita
3406 2862 3473 2901 ex

1891 2931 2007 3000 ejus
2057 2932 2298 2999 epistolis
2338 2934 2614 2997 desumpta
2648 2932 2777 2994 sint,
2812 2948 2928 2999 qua:
2983 2944 3259 2987 auctor-ein
3317 2952 3472 2991 suum

1894 3037 2170 3081 \euustate
2196 3028 2444 3081 dictionis
2472 3028 2719 3093 produnt.

219 3122 262 3173 in
286 3124 413 3174 viam
439 3122 732 3178 reducere.
766 3125 1055 3179 Contendit
1109 3127 1360 3194 maxime,
1404 3128 1783 3198 Hieronymum

1963 3116 2103 3170 Nihil
2160 3118 2379 3170 subsidii
2420 3118 2482 3168 ad
2537 3127 2808 3171 auctorem
2859 3118 3212 3187 indagandum
3265 3136 3293 3172 a
3347 3122 3473 3177 Mss.

220 3214 264 3265 in
287 3214 505 3281 epistola
532 3217 599 3267 ad
629 3214 1060 3284 Ctesiphontem,
1108 3233 1229 3272 cum
1274 3222 1368 3281 ait,
1402 3238 1420 3270 ι
1455 3222 1545 3289 qui
1592 3223 1783 3276 librum

217 3318 407 3370 quoque
438 3306 663 3373 scripsit
692 3309 847 3374 quasi
893 3308 960 3361 de
1007 3307 1298 3372 Monachis,
1332 3330 1351 3361 ι
1386 3310 1784 3381 intelligendum

216 3392 273 3445 de
300 3393 545 3462 Evagrio,
573 3412 678 3449 non
700 3398 765 3450 de
794 3397 1033 3451 liuflino.
1068 3398 1206 3452 Nihil
1253 3400 1337 3454 hic
1364 3400 1522 3454 addo.
1554 3401 1787 3455 Judieio—

216 3486 479 3538 suslcctor
534 3495 737 3539 textum
771 3497 973 3540 tantum
1020 3488 1292 3554 ἱιιδιιίεἱειι,
1335 3506 1490 3559 quem
1536 3492 1620 3546 hic
1664 3504 1788 3549 ante

216 3578 344 3643 dedi,
371 3590 424 3630 et
446 3579 661 3647 jndicct
696 3598 707 3630 :
747 3580 982 3650 cujusvis
1020 3582 1221 3649 judicio
1249 3598 1469 3637 securus
1498 3588 1670 3640 stabo.
1721 3588 1789 3641 Et

215 3668 290 3733 qui
315 3670 623 3722 meminerit
654 3686 761 3724 non
789 3673 955 3727 semel
984 3688 1068 3726 me
1097 3674 1376 3742 scripsisse
1394 3673 1661 3730 Bullinum
1695 3694 1787 3745 po-

221 3760 310 3810 tius
339 3760 690 3827 interpretem
726 3777 884 3831 quam
933 3774 1205 3817 auctorem
1256 3778 1397 3831 esse,
1453 3777 1693 3819 contorta
1722 3769 1789 3821 ab

216 3849 367 3902 amica
400 3865 567 3903 manu
598 3851 703 3904 tela
735 3856 926 3905 evadet
970 3854 1169 3907 omnia.
1211 3855 1343 3907 Nolo
1386 3856 1472 3909 hic.
1502 3858 1785 3912 umbonem

218 3954 475 4006 opponere
502 3943 676 3995 amico
704 3942 982 4008 benevolo,
1011 3946 1094 3998 vel
1115 3948 1214 3999 tela
1252 3948 1303 3999 in
1344 3948 1574 4003 amicum
1607 3960 1789 4017 pectus

214 4040 534 4101 retorquere.
564 4034 697 4088 Nam
747 4046 800 4090 et
848 4038 963 4104 ipse
995 4042 1208 4094 tandem
1241 4057 1361 4094 cum
1396 4045 1577 4095 omnia
1600 4060 1789 4099 excus-

215 4125 298 4186 sit,
330 4125 563 4196 Evagrio
609 4143 729 4181 eum
783 4129 977 4184 librum
1030 4135 1271 4202 abrogat,
1304 4142 1356 4187 et
1383 4134 1643 4188 incertum
1672 4137 1789 4204 ejus

213 4224 471 4269 auctorem
530 4218 739 4271 statuit.
772 4218 922 4286 Quod
958 4236 985 4273 a
1013 4232 1193 4276 mente
1234 4238 1347 4276 ruea
1379 4238 1485 4277 non
1515 4227 1786 4289 abhorret,

213 4319 319 4357 cum
354 4306 633 4359 Rufﬁnum
668 4309 858 4363 saltem
908 4310 1025 4379 ejus
1072 4313 1416 4381 interpretem
1448 4318 1789 4370 aSsrruerim.

213 4394 357 4452 Certe
406 4398 609 4453 Buffini
663 4400 749 4456 hic
784 4417 999 4457 manum
1060 4406 1376 4472 accessisse,
1409 4407 1496 4475 qui
1529 4423 1790 4476 perpense

1890 3208 2041 3263 libris
2095 3210 2180 3262 hic
2209 3210 2395 3261 habeo.
2432 3209 2636 3262 Nullius
2668 3210 2810 3264 enim
2840 3212 2926 3265 hic
2949 3228 3141 3266 nomen
3163 3223 3474 3270 constanter

1892 3302 2205 3370 prodigitur.
2245 3302 2333 3354 Vel
2365 3303 2614 3371 enimqui
2646 3304 2970 3371 princedenti
3002 3305 3135 3359 libro
3152 3314 3210 3360 et
3232 3306 3477 3375 sequenti

1890 3393 2177 3463 Evagrium
2221 3404 2311 3447 aut
2364 3395 2764 3459 Postumianum
2824 3397 3138 3463 inscr.bunt,
3170 3398 3309 3455 hunc
3360 3402 3479 3456 sino

1892 3484 2235 3553 inscriptione
2280 3487 2511 3540 medium
2548 3487 2773 3541 transire
2797 3490 3139 3557 permittunt;
3169 3492 3247 3545 vel
3276 3493 3325 3543 si
3352 3507 3477 3546 eoa-

1890 3574 2010 3627 dem
2041 3584 2287 3629 auctores
2305 3578 2465 3628 etiam
2493 3576 2614 3629 huic
2637 3577 2930 3631 inserilnmt
2950 3624 2965 3645 ,
3003 3597 3229 3634 erronee
3258 3582 3475 3646 faciunt,

1893 3676 1948 3720 ut
1976 3667 2041 3719 de
2067 3667 2403 3733 ptzei'edente
2434 3668 2567 3721 libro
2602 3667 2713 3737 jam
2749 3657 2924 3723 docui.
2957 3672 3104 3737 Quod
3137 3672 3181 3724 .«i
3211 3688 3334 3726 eum
3383 3676 3475 3742 qui

1894 3757 2211 3824 praecedenti
2238 3758 2373 3811 libro
2405 3760 2729 3825 inscribitur,
2755 3760 2915 3813 etiam
2947 3763 3101 3829 hujus
3120 3772 3177 3815 et
3204 3770 3479 3831 sequentis

1892 3855 2012 3910 libri
2043 3864 2314 3909 auctorem
2369 3871 2489 3908 esse
2522 3856 2724 3915 volunt,
2758 3856 2958 3909 nullum
2987 3854 3074 3924 jus
3128 3859 3302 3925 puiius
3339 3858 3479 3911 Era-

1888 3951 2004 4015 grio
2034 3959 2085 4002 et
2116 3948 2478 4012 Postumanio,
2510 3962 2666 4013 quam
2698 3944 2935 4016 Rufﬁno,
2964 3962 3083 3999 cum
3110 3962 3163 4001 et
3196 3948 3351 4016 hujus
3383 3964 3479 4003 no-

1893 4028 2011 4091 men
2064 4041 2114 4090 iu
2166 4038 2289 4091 ωδε.
2324 4038 2640 4106 quibusdam
2690 4038 3013 4107 praecedenti
3053 4038 3190 4092 libro
3240 4042 3479 4108 praescri-

1890 4128 2064 4182 batur.

1962 4217 2097 4285 Quid
2152 4219 2342 4287 igitur?
2374 4218 2626 4274 uullusne
2689 4220 2773 4274 hic
2800 4230 2981 4276 certus
3028 4232 3214 4277 auctor
3244 4224 3478 4295 indagari

1892 4309 2122 4378 poterit?
2160 4310 2416 4380 Equidem
2443 4310 2591 4383 [xxx]
2623 4314 2798 4366 evenit
2824 4313 2973 4377 mihi,
3009 4313 3149 4381 quod
3174 4298 3300 4370 olim
3345 4318 3473 4373 divo

1892 4398 2217 4467 Hieronymo
2265 4404 2317 4455 in
2369 4418 2428 4456 re
2485 4418 2589 4455 non
2640 4404 2911 4468 absimili;
2953 4406 3037 4459 cui
3070 4421 3190 4458 eum
3235 4406 3475 4474 praefatio

210 4486 513 4570 Ilieronymi
545 4493 688 4546 illam
712 4494 777 4547 ad
803 4494 1210 4566 Ctesiphontem
1258 4498 1538 4567 epistolam
1585 4499 1613 4551 ll
1633 4500 1787 4569 gerit,
1821 4498 1869 4557 Β
1894 4491 2152 4547 librorum
2206 4498 2325 4569 περὶ
2372 4498 2553 4571 ἀρχῶν
2586 4494 2833 4564 Origenis
2859 4495 3145 4552 offerretur
3172 4500 3317 4552 nullo
3344 4516 3477 4568 pra:-

215 4578 445 4636 dubitare
479 4598 588 4636 non
624 4585 839 4652 poterit.

216 4693 239 4764 ς
268 4694 350 4751 XI.
392 4699 672 4753 Auctorem
701 4700 859 4753 rideri
915 4699 1184 4753 Valerium
1212 4700 1590 4755 Aatnricensem
1619 4702 1763 4756 urchi
1780 4736 1787 4741 -

809 4772 1179 4841 prcsbytrrum.

273 4860 448 4928 Atque
483 4860 553 4915 de
578 4861 887 4914 anetoribus
920 4862 1067 4915 hisce
1092 4862 1202 4930 jam
1246 4863 1313 4915 ita
1354 4860 1785 4931 disquisiveram,

216 4962 321 5002 cum
352 4966 484 5003 ecce
503 4966 567 5004 ex
589 4950 843 5018 Haspania
872 4952 1032 5005 mittit
1060 4954 1125 5005 ad
1150 4968 1234 5005 me
1259 4953 1599 5006 tractatulum
1632 4967 1785 5006 suun)

214 5037 273 5091 de
300 5040 613 5094 auctoribus
648 5042 881 5096 Vitarum
910 5041 1083 5115 [χχιχ]
1119 5044 1330 5097 Patrum
1363 5043 1425 5097 Β.
1464 5044 1521 5097 P.
1546 5045 1787 5097 Christo-

217 5130 404 5192 phorus
429 5129 501 5185 de
522 5132 729 5197 Castro,
766 5147 931 5187 sacrte
957 5134 1248 5201 Scriptum
1276 5136 1327 5188 in
1380 5136 1787 5189 Salmanticensi

216 5216 492 5273 Academia
527 5221 817 5289 professor,
852 5223 902 5276 in
935 5239 1039 5293 quo
1066 5226 1206 5278 inter
1233 5225 1333 5277 alia
1365 5226 1553 5278 scribit
1598 5229 1649 5278 in
1676 5227 1790 5280 hmo

215 5311 360 5361 verba
384 5327 401 5362 :

285 5419 301 5450 ι
338 5401 468 5455 Mihi
497 5402 783 5470 aliquando
809 5406 858 5457 in
883 5417 1118 5462 mentem
1150 5408 1395 5462 veniebat
1439 5419 1653 5461 essetne
1695 5423 1791 5459 au-

219 5503 321 5545 ctor
364 5493 491 5548 libri
534 5494 779 5551 Valerius
824 5500 1183 5555 Asmricensis
1230 5500 1685 5569 archipresbyter,
1733 5501 1785 5553 in

218 5590 356 5655 cuius
379 5590 580 5657 scripta
613 5606 740 5645 casu
771 5593 961 5659 incidi,
985 5610 1104 5648 cum
1137 5593 1191 5649 in
1242 5594 1561 5649 bibliotheca
1608 5595 1789 5649 eccle-

224 5684 303 5735 sia:
328 5680 602 5737 Toletante
631 5682 804 5752 aliqua
833 5685 1135 5741 evolverem
1167 5686 1291 5742 Mss.
1324 5685 1411 5741 ubi
1453 5684 1558 5740 vidi
1586 5685 1786 5753 justum

1896 4584 2001 4639 fixo
2050 4584 2242 4651 titulo,
2298 4600 2361 4640 ex
2411 4586 2550 4656 stylu
2602 4586 2954 4654 deprehendit
2984 4590 3174 4642 ltuflini
3212 4605 3368 4655 esse,
3419 4602 3477 4645 ut

1896 4679 2012 4745 ipse
2068 4688 2293 4733 testator
2342 4679 2499 4749 epist.
2548 4679 2720 4743 66,ad
2775 4680 3023 4735 eumdem
3072 4682 3365 4758 Bullinum.
3417 4682 3475 4737 Si

1896 4769 2036 4824 idem
2085 4769 2243 4824 hodie
2300 4771 2763 4835 mihi,obtusioris
2815 4774 2932 4826 licet
2983 4773 3157 4838 naris,
3188 4773 3477 4843 contigisse

1892 4859 2104 4925 dixero,
2139 4860 2362 4915 fortasse
2397 4877 2501 4917 non
2556 4863 2777 4916 omnino
2823 4877 3094 4916 erravero.
3125 4864 3229 4918 Sed
3256 4864 3478 4935 vestigia

1895 4952 2053 5021 hujus
2084 4953 2364 5023 indaginis,
2393 4963 2541 5010 certa
2569 4956 2719 5018 satis,
2748 4955 2846 5008 nisi
2879 4969 2963 5007 ine
2994 4954 3140 5017 fallo,
3173 4971 3316 5013 nunc
3338 4960 3479 5014 uoi-

1889 5046 2082 5115 gnabo.

1965 5139 2097 5192 Cum
2146 5148 2392 5194 accurate
2438 5139 2593 5206 hujus
2644 5150 2697 5192 et
2743 5139 3094 5207 praecedentis
3125 5140 3243 5195 libri
3288 5141 3482 5211 praefa-

1899 5228 2095 5278 tionem
2147 5228 2285 5279 inter
2326 5241 2384 5279 se
2434 5225 2734 5278 conferrem
2765 5267 2778 5289 ,
2809 5225 3139 5294 deprehendi
3194 5243 3300 5281 non
3356 5229 3479 5302 styli

1907 5329 2106 5369 tantum
2158 5320 2456 5386 paritalem,
2486 5316 2579 5369 sed
2638 5316 2743 5371 duo
2797 5330 3078 5385 pra'lerea,
3107 5334 3227 5387 quin
3258 5335 3343 5374 me
3386 5335 3472 5375 au-

1899 5412 2084 5475 cmris,
2119 5414 2200 5463 vel
2232 5421 2374 5463 certe
2405 5410 2732 5477 interpretis,
2764 5411 3047 5466 certiorem
3075 5413 3334 5465 fecerunt.

1978 5510 2027 5559 l.
2059 5505 2298 5559 Ruflinus
2334 5545 2347 5567 ,
2390 5504 2701 5570 praefatione
2756 5504 2874 5557 libri
2938 5505 3289 5573 prmeedentis
3317 5545 3332 5566 ,
3362 5504 3480 5561 haec

1898 5598 2056 5651 habet
2087 5598 2138 5651 in
2170 5596 2685 5650 commendationem
2716 5600 3139 5650 monachorum:
3170 5614 3189 5647 ο
3233 5594 3293 5650 Ut
3324 5594 3480 5648 dubi-

1900 5690 1998 5744 tari
2022 5704 2124 5745 non
2152 5688 2342 5743 debeat
2360 5702 2547 5743 eorum
2574 5687 2775 5741 meritis
2792 5683 2964 5738 adhuc
2985 5694 3130 5740 stare
3153 5682 3429 5738 mundutn.
3454 5703 3475 5735 ι
