4002 6244
528 280 593 332 39
1453 284 1514 339 IN
1556 286 1756 342 VITAS
1796 286 2080 346 PATRUM
2123 287 2633 346 PROLEGOMENA
2672 291 2862 348 XXVI.
3739 300 3824 355 ιθ

525 392 603 445 Ad
649 405 805 461 quem
833 392 1078 447 eumdem
1131 391 1304 449 locum
1355 406 1543 450 auctor
1587 399 1901 467 rcSpiciens,
1930 412 1982 455 et
2005 400 2104 455 sibi
2136 403 2183 459 Δ
2213 398 2367 455 video
2391 416 2486 455 cur
2510 417 2616 455 non
2650 403 2817 472 possit
2850 404 3011 459 tribui
3037 404 3301 460 Eucherio
3329 406 3440 462 haec
3459 422 3527 464 ex
3548 408 3824 467 Cassiano

522 483 672 552 quasi
716 482 1177 551 epiphonematice
1232 487 1595 555 respondens,
1632 491 1910 559 prologum
1954 491 2110 559 hujus

521 575 738 629 secundi
782 576 897 628 libri
954 578 1028 630 ita
1076 578 1429 645 auspicatur:
1461 598 1479 630 α
1514 580 1651 635 Vere
1705 584 1959 638 mundutn
1993 585 2109 653 quis

519 666 743 721 dubitett
758 667 961 720 meritis
990 678 1135 722 stare
1160 672 1509 725 sanctorum?
1546 691 1564 723 ι

590 776 643 829 2.
675 773 937 840 Ruffinus,
965 777 1278 845 praefatione
1329 782 1517 835 eadem
1550 784 1904 850 praecedentis
1964 784 2108 850 libri,

520 864 761 932 quaedam
791 866 1123 919 adumbravit
1165 883 1231 921 ex
1253 872 1525 936 prooemia
1552 871 1771 925 Palladii
1812 873 1862 926 in
1893 872 2112 926 Lausia-

522 973 639 1009 cam
672 957 992 1022 Historiam;
1052 959 1103 1012 in
1135 959 1290 1027 hujus
1325 977 1452 1015 vero
1485 962 1604 1016 libri
1638 964 1857 1035 prologo
1894 981 1958 1019 ex
1989 965 2110 1019 Pal-

519 1046 643 1100 ladii
674 1048 899 1113 epistola
945 1048 1009 1100 ad
1063 1049 1328 1114 Lausum,
1360 1066 1479 1117 qute
1533 1054 1796 1120 prommio
1842 1055 2110 1108 subnecti-

525 1147 632 1202 tur,
666 1138 993 1205 transcribit,
1024 1153 1144 1208 qua:
1195 1140 1325 1194 locis
1369 1142 1479 1196 suis
1500 1143 1696 1197 collata
1736 1150 1790 1198 et
1818 1152 1998 1198 notata
2031 1145 2112 1198 in-

517 1231 721 1284 venies.

585 1322 760 1388 Quare
807 1336 928 1374 cum
991 1338 1094 1377 una
1150 1322 1395 1392 praefatio
1448 1324 1674 1379 alteram
1734 1325 1989 1392 respiciat
2036 1325 2105 1380 ad

514 1426 737 1483 eamque
782 1413 1001 1477 alludat,
1029 1426 1083 1467 et
1138 1426 1366 1483 utraque
1410 1431 1475 1470 ex
1506 1418 1697 1471 eodem
1750 1416 1898 1472 fonte
1928 1429 2105 1472 ortum

515 1504 728 1573 habeat,
755 1507 978 1576 parique
1009 1508 1131 1577 Styli
1172 1508 1424 1562 decurrat
1480 1509 1661 1575 alveo,
1688 1510 1941 1564 existimo
1978 1509 2108 1563 satis

514 1598 861 1666 probabiliter
912 1598 1190 1667 utriusque
1235 1600 1572 1667 praefationis
1602 1609 1657 1656 et
1702 1601 1825 1654 libri
1858 1601 2106 1656 eumdem

513 1696 788 1742 auctorem
809 1689 888 1742 vel
920 1690 1261 1757 interpretem
1276 1705 1434 1761 posse
1451 1692 1629 1745 statui.
1664 1689 1818 1746 Unde
1832 1702 1883 1748 et
1908 1691 2100 1745 librum

518 1777 662 1831 hunc
692 1776 904 1832 Ruftino
934 1778 1198 1846 inscripsi.

898 1885 1567 1943 PROLEGOMENON
1618 1889 1702 1945 VI.

939 1997 1071 2060 Quis
1098 2000 1269 2068 quarti
1304 1999 1423 2051 libri
1459 2004 1673 2054 auctor?

580 2106 743 2160 Dico:
777 2107 1007 2174 Quartus
1056 2111 1191 2165 liber
1221 2127 1285 2165 ex
1315 2114 1517 2168 Severo
1545 2115 1780 2183 Sulpicio
1819 2126 1871 2170 et
1894 2116 2100 2172 Joanne

503 2194 760 2250 Cassiano
784 2209 862 2252 est
889 2202 1256 2256 concinnatus.

575 2290 708 2343 Sunt
737 2292 879 2344 enim
936 2302 1138 2347 tantum
1171 2306 1421 2362 excerpta
1452 2297 1698 2364 qumdam
1724 2312 1789 2350 ex
1821 2312 2004 2350 eormn
2038 2298 2099 2351 li-

510 2379 642 2446 bris,
665 2382 843 2434 verbis
866 2396 1001 2449 pene
1036 2382 1260 2436 eisdem.
1294 2384 1428 2437 Loca
1460 2386 1687 2453 singula,
1717 2388 1858 2439 unde
1884 2388 2096 2439 desum.

506 2479 592 2538 pta
624 2481 765 2535 sunt,
798 2472 861 2524 ad
890 2472 1092 2540 singula
1117 2474 1288 2541 capita
1320 2477 1711 2529 annomvitnus.

573 2562 702 2627 Quis
749 2573 927 2615 autem
960 2578 1022 2616 ea
1076 2566 1500 2633 concinnaverit,
1555 2582 1661 2620 non
1712 2567 1884 2622 habeo
1942 2581 2096 2625 certo

503 2652 701 2707 dicere.
740 2654 1027 2708 Videamus
1071 2664 1246 2710 tamen
1296 2673 1363 2712 an
1414 2670 1467 2713 et
1527 2660 1614 2713 hic
1648 2660 1788 2713 felici
1847 2660 2097 2729 indagine

506 2749 771 2813 possimus
800 2749 865 2802 ad
896 2751 1288 2806 concinnatoris
1314 2756 1594 2820 pervenire
1623 2756 1841 2811 cubilia.
1861 2757 2015 2824 Quod
2047 2759 2090 2811 si

503 2854 609 2891 non
652 2840 871 2893 omnino
918 2844 1352 2911 pervenerimus,
1400 2845 1694 2914 jucundum
1748 2852 1937 2904 saltem
1995 2853 2095 2905 erit

503 2943 682 2997 pressa
707 2929 898 2994 legisse
931 2933 1171 3000 vestigia.

570 3020 694 3075 Scio
719 3020 1075 3088 Gennadium,
1106 3024 1174 3078 de
1195 3024 1393 3093 Script.
1424 3026 1733 3096 Eccl.,cap.
1760 3030 1850 3095 65,
1881 3033 2092 3086 tradere

2212 495 2573 546 concinnatic.

2282 585 2391 638 Nisi
2422 584 2647 641 fortasse
2695 587 2956 654 quispiam
3008 589 3223 645 obstare
3269 589 3394 645 velit
3417 593 3558 659 quod
3590 593 3689 650 hoc
3713 611 3821 651 co-

2213 670 2334 726 dem
2378 674 2694 743 compendio
2727 690 2822 741 per
2870 677 3052 732 Severi
3079 678 3250 731 vineta
3291 681 3395 733 itur
3418 724 3431 746 ,
3460 697 3577 749 qius
3607 693 3661 738 et
3689 686 3819 754 ipsa

2214 764 2475 831 putatoria
2520 764 2797 819 caeduntur
2850 764 3007 820 falce.
3036 765 3107 819 Ita
3162 768 3376 837 quidem
3425 769 3617 824 librum
3661 774 3821 827 hunc

2210 863 2456 923 quartum
2484 866 2537 908 et
2573 857 2706 909 Editi
2739 867 2792 910 et
2824 857 2948 911 Mss.
2977 873 3041 911 ex
3070 859 3270 913 Severo
3298 870 3353 913 et
3406 862 3688 930 Cassiano,
3726 876 3819 918 ta-

2211 949 2333 1003 citis
2360 957 2533 1003 tamen
2562 951 2886 1016 nominibus,
2926 952 3240 1006 adornatum
3265 955 3540 1009 exhibent.
3573 957 3683 1012 Non
3710 960 3816 1014 de-

2212 1048 2337 1093 sunt
2359 1049 2532 1094 tamen
2561 1041 2713 1103 Mss.,
2747 1042 2821 1095 uti
2847 1041 3314 1107 Camberonensis,
3335 1047 3421 1113 qui
3448 1047 3637 1100 librum
3660 1050 3815 1103 hunc

2213 1140 2463 1200 quartum
2489 1147 2555 1187 ex
2585 1133 2700 1185 solo
2728 1133 2985 1187 Cassiano
3012 1135 3205 1188 habeat
3228 1140 3809 1206 expressum,otnissis

2212 1223 2316 1276 illis
2342 1240 2461 1291 qua:
2480 1240 2546 1277 ex
2578 1224 2778 1280 Severo
2809 1228 3010 1292 passim
3055 1228 3468 1294 prtemitlunlur.
3501 1230 3673 1299 Atque
3726 1232 3803 1286 ita

2212 1311 2478 1368 Eucherio
2519 1314 2634 1369 haec
2660 1315 2896 1383 epitome
2936 1316 3094 1371 tribui
3126 1332 3286 1386 posse
3310 1319 3478 1373 videri
3504 1325 3685 1389 possit.

2280 1404 2504 1459 Accedit
2553 1407 2695 1461 Petri
2740 1407 2982 1460 Damiani
3017 1425 3122 1462 non
3146 1408 3365 1464 omnino
3385 1427 3511 1465 vero
3540 1413 3797 1468 absimile

2209 1494 2571 1549 testimonium
2603 1497 2693 1550 lib.
2714 1512 2766 1558 ν,
2790 1500 2948 1566 epist.
2982 1498 3048 1551 19
3073 1516 3088 1550 :
3112 1515 3132 1550 ι
3161 1499 3310 1566 Quod
3342 1502 3385 1554 si
3408 1502 3555 1556 vobis
3573 1503 3797 1559 dubium

2211 1584 2443 1649 videtur,
2468 1586 2656 1640 saltem
2689 1595 2984 1642 vestrarum
3015 1590 3240 1657 partium
3274 1592 3581 1648 testimonio
3608 1609 3799 1649 aurem

2210 1683 2643 1745 accommodate;
2696 1680 2854 1750 legite
2884 1679 3213 1737 Collationes
3267 1682 3502 1748 Patrum,
3536 1701 3665 1754 quas
3689 1687 3801 1741 Eu-

2132 1760 2175 1831 Β
2203 1766 2418 1821 cherius
2441 1768 2806 1836 Lugdunensis
2836 1772 3121 1841 episcopus
3165 1775 3383 1828 eliman
3406 1789 3660 1831 sermone
3699 1779 3801 1832 ah-

2208 1857 2456 1913 breviare
2480 1861 2714 1926 studuit;
2744 1870 2798 1915 et
2823 1862 2866 1915 si
2899 1864 3055 1918 nobis
3090 1864 3312 1919 credere
3342 1882 3445 1919 non
3474 1868 3657 1935 vultis,
3689 1870 3800 1923 sal-

2204 1956 2310 2002 tem
2331 1949 2473 2003 illius
2506 1952 2700 2006 littem
2729 1953 2950 2008 credite.
2986 1972 3006 2005 ι
3037 1953 3154 2023 Agit
3184 1955 3253 2008 ibi
3290 1955 3356 2010 de
3384 1959 3576 2012 vestitu
3609 1975 3799 2014 mona-

2202 2040 2428 2094 chorum
2464 2042 2770 2108 Damianus,
2797 2046 2862 2096 de
2889 2060 2996 2113 quo
3039 2046 3090 2098 in
3142 2045 3241 2101 hoc
3266 2046 3450 2102 Severi
3473 2058 3528 2103 et
3549 2046 3796 2104 Cassiani

2203 2133 2527 2200 compendio
2546 2135 2708 2187 habes
2729 2151 2845 2204 cap.
2883 2137 2965 2189 15.

2272 2221 2406 2288 Quia
2430 2232 2607 2277 tamen
2643 2226 2777 2278 Editi
2822 2242 3009 2281 omnes
3049 2239 3104 2283 et
3152 2230 3402 2299 plerique
3441 2231 3568 2285 Mss.
3597 2232 3794 2288 librum

2204 2312 2343 2365 hunc
2366 2329 2430 2366 ex
2462 2324 2691 2384 utroque
2719 2328 3051 2372 contractum
3074 2332 3481 2388 repraa-entant,
3499 2323 3790 2378 videndum

2201 2422 2267 2459 an
2292 2408 2431 2474 quod
2462 2408 2619 2463 habet
2651 2409 3025 2478 Cassiodorus,
3058 2415 3239 2468 Divin.
3268 2416 3791 2485 instit.,cap.29,de

2205 2497 2415 2553 Victore
2442 2500 2858 2567 quodam-Afro,
2884 2504 2986 2557 huc
3017 2506 3189 2561 facere
3225 2506 3429 2575 possit:
3469 2528 3488 2559 ε
3524 2510 3787 2575 Cassiani,

2202 2586 2399 2656 inquit,
2430 2590 2570 2643 dicta
2602 2590 2781 2645 Victor
2828 2594 3209 2665 Martyritanus
3239 2602 3517 2667 episcopus
3546 2601 3658 2654 Afer
3695 2603 3786 2668 ita,

2204 2679 2429 2735 Domino
2451 2682 2691 2749 jnvante,
2717 2688 2997 2756 purgavit,
3022 2698 3076 2743 et
3104 2706 3221 2757 qua:
3254 2692 3426 2744 minus
3456 2703 3605 2746 erant
3633 2693 3787 2748 addi-

2197 2772 2292 2836 dit,
2327 2782 2381 2825 ut
2431 2775 2476 2827 ei
2523 2791 2695 2827 rerum
2731 2778 2951 2830 istarum
2996 2781 3167 2847 palma
3215 2784 3405 2834 merito
3429 2782 3775 2837 conferatur:

2196 2876 2353 2928 quem
2385 2862 2521 2915 inter
2550 2864 2652 2917 alia
2676 2864 2744 2917 de
2774 2866 2971 2919 Africae
3013 2868 3253 2934 partibus
3277 2867 3463 2941 [xxxii]
3492 2871 3598 2923 cito
3627 2872 3786 2926 nobis

2199 2954 2463 3008 credimus
2491 2970 2612 3008 esse
2634 2957 2992 3025 dirigendum.
3025 2980 3042 3011 ›
3078 2960 3235 3015 Forte
3264 2964 3404 3016 enim
3432 2963 3633 3018 additio
3666 2964 3784 3018 haec

2198 3040 2417 3109 intelligi
2475 3056 2647 3112 potest
2681 3046 2747 3100 de
2778 3047 2963 3102 Severi
2993 3050 3102 3116 epit
3140 3065 3245 3113 me,
3279 3066 3399 3119 qute
3425 3051 3510 3105 hic
3540 3049 3781 3107 Cassiani

503 3110 825 3167 Eucherium
850 3114 1222 3183 Lugdunensis
1251 3116 1503 3171 Ecclesia:
1529 3122 1921 3188 presbyterum,
1947 3137 2093 3191 quze-
2122 3133 2167 3194 ρ
2200 3134 2448 3199 epitonia:
2476 3110 2727 3203 adjuncta
2750 3145 2852 3191 θμι.
2886 3138 2995 3192 Nisi
3022 3140 3263 3204 quaedam
3289 3110 3552 3194 addiderit
3581 3142 3643 3197 iis
3664 3159 3783 3212 qua:

501 3204 620 3258 dam
651 3204 889 3259 Cassiani
920 3206 1175 3275 opttscnla
1208 3209 1312 3261 lato
1362 3218 1509 3261 tens:i
1554 3224 1802 3264 sermone
1826 3254 1841 3279 ,
1864 3222 2087 3281 angusto

500 3296 647 3350 verbi
666 3297 953 3351 reSolvisse
981 3299 1215 3362 tramite,
1240 3308 1293 3350 et
1314 3300 1362 3351 in
1381 3315 1540 3352 unum
1562 3302 1814 3355 volumen
1827 3307 2085 3372 coegisse.

570 3387 695 3442 Scic
720 3390 1117 3453 Cassiodorum,
1141 3388 1314 3445 lnstit.
1341 3393 1533 3460 divin.,
1555 3408 1673 3459 cap.
1702 3394 1794 3459 29,
1818 3397 2089 3451 altirmare

501 3477 771 3534 Victorem
797 3482 1082 3547 quemdam
1113 3480 1730 3552 Al'rurnJllartyriIanum
1755 3487 2087 3555 episcopum,

500 3566 742 3623 Cassiani
794 3570 863 3623 de
910 3570 1241 3645 institutione
1288 3572 1459 3645 [sui]
1514 3576 1898 3631 monachorum
1947 3578 2088 3632 dicta

500 3675 778 3729 purgasse,
800 3672 854 3715 et
880 3677 1000 3731 qua:
1054 3643 1228 3717 minus
1260 3643 1414 3718 erant
1440 3706 1454 3731 ,
1483 3666 1778 3734 addidisse,
1821 3684 1926 3722 non
1974 3670 2089 3721 sine

502 3752 726 3822 paltnari
760 3753 932 3807 laude.

567 3845 672 3899 Sed
702 3861 768 3897 an
828 3848 915 3899 hic
969 3847 1119 3912 liber,
1154 3862 1310 3915 quem
1346 3847 1603 3902 habemus
1657 3865 1770 3916 pra:
1815 3852 2085 3916 manibus,

500 3935 580 3989 vel
605 3936 722 3988 libri
750 3935 930 4003 aliqua
966 3950 1114 4004 pars,
1148 3939 1299 3990 alteri
1335 3953 1521 3991 eorum
1546 3940 1825 3993 tribuenda
1858 3944 1948 4007 sit,
1982 3958 2088 3996 non

499 4025 665 4076 ausim
689 4025 978 4078 aftirmare.
1000 4027 1066 4078 At
1098 4036 1313 4093 praestat
1344 4028 1431 4081 hic
1455 4028 1564 4096 ipsa
1588 4028 1847 4083 Cenoadii
1879 4030 2091 4085 Cassio-

500 4120 726 4191 dorique
778 4121 940 4175 verba
1001 4121 1347 4190 solujungere,
1379 4134 1436 4174 ut
1480 4124 1647 4177 lector
1689 4124 1938 4179 videatsi
1965 4127 2086 4194 quid

497 4213 628 4268 certi
660 4215 727 4279 de
747 4215 1130 4269 concinnatore
1159 4216 1258 4268 hoc
1288 4208 1599 4269 discernere
1628 4217 1813 4284 possit.

569 4302 877 4357 Gennadius
907 4303 1063 4374 igitur
1096 4304 1210 4357 haec
1241 4304 1306 4358 de
1331 4304 1628 4360 Eucherio:
1661 4328 1678 4358 ι
1705 4306 1810 4360 Sed
1835 4315 1887 4359 et
1916 4305 2087 4360 sancti

495 4396 730 4450 Cassiani
754 4396 994 4464 quaedam
1023 4396 1301 4463 opuscula,
1323 4395 1431 4455 lato
1456 4408 1608 4451 tensa
1646 4411 1921 4461 sermone,
1944 4397 2085 4451 idem

498 4487 793 4541 Eucherius
822 4497 1049 4556 angusto
1081 4489 1226 4543 verbi
1259 4488 1533 4542 τθευινεηε
1566 4490 1803 4552 tramite,
1838 4488 1891 4541 in
1919 4504 2082 4542 unum
2115 4501 2163 4560 ι)

493 4578 667 4648 coegit
700 4579 970 4633 volumen.
1013 4598 1030 4630 ο
1066 4579 1189 4633 Ηςιιρ
1220 4579 1558 4644 Gennadius,
1589 4581 1759 4649 inquit
1815 4580 2072 4635 Baronius

496 4687 559 4723 an
570 4670 680 4723 nal.
694 4668 821 4731 455,
835 4669 1074 4739 ejusdem
1101 4669 1447 4742 (Pelagiana!)
1465 4671 1647 4725 farinae
1665 4686 1783 4725 cum
1801 4671 2082 4737 Cassiano;

494 4763 581 4830 qui
614 4777 681 4815 ne
701 4761 904 4816 diceret
933 4763 1202 4815 erroribus
1224 4762 1509 4817 confutatis
1533 4762 1856 4818 Eucherium
1878 4779 2081 4834 expur-

495 4852 674 4921 gando
726 4856 1057 4907 contraxisse
1087 4870 1248 4922 Opera
1280 4856 1554 4925 Cassiani,
1588 4856 1751 4910 latum
1777 4870 2081 4911 sermonem

494 4947 896 5002 circumcidisse
924 4948 1224 5015 przrlexuit.
1261 4948 1334 5001 Ita
1362 4949 1471 5003 ille.

560 5052 711 5119 Quod
766 5052 812 5106 si
865 5052 1166 5106 Eucherius
1216 5052 1388 5119 hujus,
1418 5052 1559 5119 quod
1589 5052 1694 5107 hoc
1725 5051 1863 5107 libro
1889 5059 2082 5120 quarto

491 5144 702 5210 damus,
735 5145 1035 5211 compendii
1060 5154 1142 5197 est
1170 5153 1375 5207 auctor,
1402 5159 1527 5198 eum
1556 5152 1609 5197 et
1638 5143 1897 5208 scalpello
1928 5159 2080 5198 usum

494 5245 548 5289 cl
573 5236 796 5303 forcipe,
821 5251 964 5288 nunc
994 5251 1180 5289 venam
1241 5235 1546 5299 incidenda,
1573 5236 1901 5304 noxiumque
1958 5250 2076 5289 san-

492 5329 705 5396 guinem
734 5329 1086 5390 extrahendo,
1115 5344 1256 5382 nunc
1304 5328 1579 5380 luxurians
1629 5327 1941 5394 capillitium
1970 5328 2080 5379 cir-

490 5419 881 5482 cumcidendo,
939 5420 1130 5473 merito
1178 5419 1396 5471 dixeris.
1454 5417 1585 5471 Nam
1635 5418 1704 5471 ita
1755 5432 1949 5481 sanus,
2007 5417 2076 5470 ita

491 5510 734 5563 concisus
765 5509 854 5563 hic
877 5508 1164 5563 Cassianus
1190 5516 1292 5571 est,
1325 5519 1383 5559 ut
1438 5507 1583 5560 nullo
1614 5506 1913 5575 Pelagiana:
1945 5524 2081 5576 pra:—

489 5596 723 5652 fidentiae
760 5596 926 5650 nimio
960 5594 1168 5650 fervore
1197 5610 1330 5651 vena
1360 5595 1538 5659 micet,
1572 5597 1729 5651 nullis
1760 5595 2078 5666 prolixitatis

489 5687 748 5744 cincinnis
775 5686 1039 5742 exuberet
1067 5686 1339 5741 fastidiosa
1371 5685 1634 5742 facundia.
1667 5686 1920 5756 Equidem
1968 5703 2073 5743 non

2197 3225 2460 3291 purgavit,
2494 3225 2541 3277 id
2589 3237 2704 3289 est,
2756 3228 3048 3282 antidotum
3102 3240 3286 3282 contra
3330 3233 3516 3284 veneni
3573 3232 3783 3287 intima-

2195 3316 2415 3381 tionem,
2432 3317 2569 3383 quod
2587 3317 2800 3386 scriptis
2817 3305 2929 3373 suis
2942 3324 3169 3389 sparsim
3189 3323 3781 3389 ii’iserehatCassianus,

2196 3408 2527 3476 appo‘suerit,

2269 3516 2529 3571 Baronius
2583 3533 2738 3587 supra
2789 3519 3057 3573 existimat
3090 3520 3474 3576 Cassiodorum
3527 3537 3620 3593 Spe
3666 3526 3780 3579 frit-

2195 3618 2421 3662 stratum
2470 3624 2574 3662 non
2605 3610 2880 3680 accepisse
2924 3612 3063 3681 quod
3096 3628 3160 3666 ex
3195 3613 3371 3666 Africa
3416 3617 3778 3681 exspectabat.

2194 3697 2471 3767 Siquidem
2524 3700 2639 3755 Ado
2675 3701 2991 3755 Viennensis
3037 3703 3352 3770 episcopus,
3388 3702 3440 3756 in
3481 3703 3779 3771 Chronico,

2198 3804 2336 3844 anno
2361 3789 2489 3853 ΗΒ,
2517 3791 2584 3844 ab
2610 3791 2728 3858 ipso
2754 3792 3146 3847 Cassiodoroid
3170 3796 3367 3864 operis,
3396 3805 3449 3847 ut
3466 3794 3779 3852 Cassianum

2193 3881 2519 3952 corrigeret,
2557 3882 2889 3936 elaboratum
2920 3881 3189 3945 afﬁrmat,
3238 3886 3361 3938 dum
3408 3886 3479 3938 ait
3507 3903 3519 3938 :
3552 3905 3570 3936 ι
3603 3889 3779 3954 Opera

2194 3975 2334 4027 illius
2377 3990 2404 4027 a
2437 3974 2716 4028 catholicis
2764 3975 3073 4029 cautissime
3127 3977 3380 4045 legenda,
3431 3978 3661 4033 maxime
3709 3979 3781 4033 de

2195 4066 2361 4120 libero
2391 4066 2616 4120 arbitrio
2644 4075 2698 4120 et
2722 4069 2923 4134 gratia;
2953 4068 3046 4120 sed
3080 4078 3135 4121 et
3160 4068 3550 4123 Encratitarum
3582 4069 3781 4126 haeresi

2195 4158 2461 4214 iniautius
2494 4157 2645 4213 favit.
2675 4159 2900 4213 Errores
2944 4160 3081 4214 illius
3111 4160 3462 4216 Cassiodorus
3493 4163 3780 4217 Ravenna-

2195 4258 2305 4302 tum
2338 4260 2556 4304 senator
2604 4266 2829 4320 purgare
2869 4251 3089 4319 volens,
3124 4267 3231 4306 non
3261 4252 3327 4306 ad
3376 4254 3586 4321 plenum
3630 4256 3780 4311 omni

2192 4356 2256 4395 ex
2294 4353 2441 4410 parte
2474 4344 2661 4410 potuit.
2694 4362 2714 4396 ι

2266 4434 2397 4499 Quis
2420 4449 2556 4487 nunc
2576 4438 2764 4488 horum
2794 4444 3172 4501 excerptorum
3186 4443 3371 4487 auctor
3392 4435 3549 4488 statui
3578 4436 3776 4503 possit,

2193 4527 2333 4580 malo
2362 4527 2413 4580 in
2445 4527 2621 4582 medio
2650 4528 2984 4598 relinquere.
3026 4543 3183 4597 quam
3225 4537 3427 4582 temere
3462 4528 3587 4597 quid
3624 4543 3778 4584 asse-

2192 4633 2331 4673 rere.

2266 4709 2455 4762 Petrus
2471 4708 2807 4771 Ciacconius,
2832 4708 3144 4778 praefatione
3158 4710 3221 4763 ad
3241 4710 3493 4765 lectorem
3510 4709 3777 4778 Cassiani,

2191 4800 2356 4854 refert
2386 4801 2437 4852 in
2467 4799 2722 4853 Vaticana
2753 4799 3073 4853 bibliotheca
3099 4801 3445 4855 collectioncs
3473 4802 3697 4869 aliquot,
3722 4811 3780 4860 et

2189 4903 2314 4946 octo
2342 4900 2644 4958 postremos
2668 4891 2831 4944 libros
2862 4890 3261 4946 lnstitutiooum
3307 4894 3357 4946 in
3395 4892 3636 4948 Graecam
3670 4894 3779 4948 lin-

2188 5001 2344 5055 gnam
2370 5000 2661 5039 conversos
2691 5000 2845 5049 esse,
2874 4985 2969 5039 sed
3004 4987 3055 5040 in
3085 4986 3458 5055 compendium
3490 4987 3662 5057 p0tius
3685 5000 3778 5040 re-

2187 5079 2398 5142 dactos,
2433 5093 2591 5144 quam
2621 5078 2826 5146 integre
2856 5092 3173 5148 conversos,
3206 5096 3364 5151 quem
3394 5094 3456 5133 ea
3484 5079 3550 5132 de
3582 5092 3639 5131 re
3661 5077 3779 5130 dis-

2186 5182 2450 5226 serentem
2484 5172 2658 5239 legere
2686 5170 2916 5240 quisque
2948 5184 3145 5242 potest.

2545 5282 3234 5340 PROLEGOMENON
3271 5281 3410 5336 VII.

2625 5392 2751 5457 Qui:
2780 5394 2945 5457 quinti
2974 5388 3093 5443 libri
3123 5391 3341 5444 auctor?

2263 5503 2390 5557 Dico
2414 5519 2425 5555 :
2452 5502 2633 5569 Quinti
2666 5504 2784 5559 libri
2808 5514 2992 5557 auctor
3015 5502 3272 5556 incertus.

2259 5593 2309 5648 l.
2348 5594 2486 5662 Quia
2513 5594 2845 5665 Sigebertus,
2870 5594 2938 5649 de
2966 5594 3155 5648 illustr.
3192 5591 3452 5647 Ecclesia:
3481 5588 3765 5659 Scriptor.,

2181 5689 2234 5745 in
2282 5686 2522 5759 Pelagio,
2571 5702 2692 5758 cap.
2727 5685 2852 5756 “6,
2886 5686 3077 5744 librum
3114 5698 3242 5743 cum
3291 5691 3448 5740 vocat
3479 5680 3552 5735 De
3591 5682 3691 5735 vim
3718 5692 3769 5737 ιι
