4002 6246
233 313 296 366 Η
1261 335 1268 339 -
1521 297 2072 361 PROLEGOMENON
2113 297 2248 353 Vill.
2576 326 2580 330 -
3432 297 3498 352 η

237 421 460 474 doctrina
486 429 532 472 et
561 421 872 488 perfectione
893 418 996 475 SS.
1034 417 1272 481 Patrum,
1307 431 1404 471 nec
1447 416 1681 470 aucturis
1715 427 1813 466 no-
1844 413 1890 469 A
1919 411 2328 476 sententiarum,
2356 423 2514 478 quem
2559 424 2658 480 ego
2700 408 2940 465 [.alimtm
2990 410 3189 479 primus
3219 407 3338 462 feci.
3374 411 3500 464 Nam

239 529 357 568 men
393 511 677 579 exprimit.

304 605 357 656 9..
409 608 548 674 Quia
587 604 746 657 etiam
777 599 830 656 in
863 597 1036 652 ΡΙ]οῐἱί
1085 597 1448 660 Bibliotheca,
1496 594 1632 650 Cod.
1681 592 1820 657 198,

233 699 350 752 sine
372 695 608 751 auctoris
631 695 845 747 nomine
873 693 1064 745 citatur
1089 707 1103 742 :
1129 691 1434 762 Ἀνιγνὼσθη
1455 688 1649 763 ἀνδρῶν
1669 687 1823 757 ἁγίων

235 789 418 858 βίϐλος
441 805 456 840 :
482 786 666 838 Lectus
692 792 764 838 est
805 783 913 837 SS.
941 783 1170 836 virorum
1205 781 1351 835 liber.
1383 780 1645 834 Eumdem
1679 778 1823 833 enim

235 880 481 933 Graecum
513 890 665 942 esse,
705 889 826 928 cum
873 889 939 928 eo
992 887 1150 942 quem
1183 887 1282 926 nos
1314 871 1499 925 Latine
1532 869 1786 928 habemus
1807 908 1821 932 ,

232 990 298 1026 eo
325 971 446 1022 loco
472 965 844 1020 manifestabo.

309 1062 643 1131 Margarinus
670 1061 736 1110 tle
768 1059 813 1110 la
843 1058 1030 1124 Bigne,
1061 1057 1308 1126 catalogo
1339 1071 1434 1111 seu
1462 1055 1638 1110 indice
1665 1053 1825 1106 chr0-

235 1157 486 1224 uologico
519 1154 569 1206 in
606 1150 996 1204 Bibliutliecatn
1036 1148 1275 1213 Patrum,
1322 1148 1517 1201 smeulo
1557 1161 1610 1212 v,
1643 1144 1826 1198 existi-

239 1255 350 1300 mat
381 1243 672 1317 Evagrium
703 1249 974 1294 auctorem
1007 1255 1128 1295 esse
1156 1240 1336 1308 operis
1355 1239 1498 1308 quod
1529 1241 1643 1306 ipse
1683 1247 1827 1290 tomo

245 1337 315 1393 lli
343 1336 595 1390 secunda:
644 1332 897 1388 editionis
941 1330 1110 1385 edidit
1158 1331 1258 1383 hoc
1289 1327 1441 1382 titulo
1471 1345 1483 1382 :
1515 1326 1624 1383 SS.
1657 1325 1827 1395 Egy-

243 1431 466 1500 ptiorunt
494 1426 929 1478 anachoretarum
959 1419 1423 1490 apophthegmata,
1472 1434 1594 1487 qua:
1639 1419 1828 1472 eadem

242 1530 362 1576 sunt
412 1535 535 1573 cum
591 1518 729 1572 liliro
783 1515 887 1569 hoc
915 1529 969 1580 ν,
1024 1512 1240 1580 Pelagio
1292 1513 1623 1578 interprete,
1668 1519 1723 1565 et
1752 1525 1824 1576 Vl,

242 1613 445 1666 Joanne
472 1611 788 1676 interprete.
824 1605 982 1658 Ratio
1010 1603 1126 1672 ejus
1149 1612 1251 1667 est,
1282 1603 1424 1671 quod
1471 1601 1828 1671 Nicephorus,

245 1704 451 1757 Ecclcs.
495 1699 630 1754 Hist.
663 1698 801 1752 libro
832 1712 904 1764 χι,
938 1710 1059 1764 cap.
1091 1696 1179 1759 63,
1213 1695 1343 1748 citet
1363 1710 1428 1748 ex
1462 1694 1673 1762 Evagrii
1701 1708 1829 1764 ope-

1925 503 2255 571 superiorem
2285 502 2410 556 olim
2447 506 2758 557 translatum
2789 546 2804 570 ,
2833 504 2955 572 quia
2987 505 3228 558 vitiatum
3257 521 3349 574 per
3373 518 3507 560 temo

1924 608 2022 664 pus
2044 603 2098 647 et
2124 592 2406 648 confusum
2431 595 2556 661 vidi,
2577 596 2766 665 partim
2800 595 3288 668 reinterpretando,
3316 601 3506 664 partim

1924 687 2259 742 emendando
2288 687 2525 743 auctoris
2555 690 2766 744 veritati
2813 690 3042 744 restitui.
3086 709 3105 742 ι
3141 690 3264 743 Ηωε
3297 689 3511 744 Genna-

1925 779 2065 835 dius.
2101 780 2359 848 Equidem
2392 782 2495 836 etsi
2529 781 2753 836 velimus
2775 784 2971 836 multas
2996 797 3116 838 esse
3139 784 3434 837 sententias
3460 785 3510 836 in

1928 867 2030 922 hoc
2061 886 2224 938 opere
2267 886 2331 925 ex
2376 872 2588 941 Evagrii
2617 871 2934 927 collectione
2983 882 3260 942 acceptas,
3293 881 3349 926 at
3387 881 3511 927 sunt

1928 960 2015 1015 hic
2063 962 2182 1030 plus
2225 978 2383 1031 quam
2441 979 2524 1020 nc.
2573 964 2788 1018 Etcum
2841 965 2943 1020 hoc
2990 980 3152 1035 opere
3188 965 3281 1020 ﬁat
3314 967 3515 1020 mentio

1928 1050 2215 1117 TheOphili
2273 1052 2657 1118 Alexandrini,
2709 1054 2934 1108 Joannis
2988 1054 3280 1120 Cassiani,
3330 1056 3514 1127 Cyrilli

1928 1141 2281 1196 Alexandrini
2308 1143 2419 1211 jam
2449 1143 2823 1198 defunctorum
2849 1185 2864 1209 ,
2896 1155 3099 1200 certum
3130 1155 3212 1201 est
3235 1147 3514 1215 Evagrium

1928 1230 2245 1298 Ponticum,
2305 1234 2552 1302 tametsi,
2611 1243 2748 1290 teste
2796 1235 3107 1302 Gennadio,
3162 1237 3314 1307 longa
3362 1249 3519 1293 aetate

1929 1323 2158 1388 vixerit,
2192 1339 2299 1378 non
2332 1325 2574 1394 potuisse
2623 1335 2811 1382 sancto
2841 1327 3042 1398 Cyrillo
3090 1344 3211 1384 esse
3260 1331 3520 1397 superstic

1930 1425 2033 1471 tem
2065 1433 2078 1469 :
2111 1418 2180 1470 ob
2208 1433 2364 1488 quam
2390 1420 2550 1472 etiam
2578 1420 2839 1475 rationem
2870 1421 3211 1489 exploratum
3265 1431 3347 1476 est
3397 1439 3519 1476 san-

1929 1515 2072 1560 ctum
2093 1505 2472 1578 Hieronymum
2503 1525 2606 1562 non
2636 1524 2757 1564 esse
2779 1509 2970 1564 borum
3001 1512 3516 1580 apophthegmatnm

1931 1598 2299 1666 interpretem.
2316 1597 3006 1670 Nominanturinterpretes
3022 1601 3267 1670 Pelagius
3291 1602 3346 1658 S.
3368 1603 3430 1656 li.
3455 1605 3516 1657 Ε.

1932 1689 2210 1755 diaconus,
2245 1699 2300 1745 et
2327 1688 2558 1745 Joannes
2586 1689 2828 1761 ejusdem
2861 1691 2919 1747 S.
2953 1692 3015 1746 [ἶ.
3045 1691 3107 1746 E.
3133 1693 3515 1751 subdiaconus.

247 1794 394 1844 ribus
426 1791 591 1842 multa
615 1789 680 1842 de
705 1788 920 1841 Pa'rum
943 1785 1122 1850 dictis,
1144 1801 1261 1854 quae
1282 1797 1566 1840 occurrunt
1591 1785 1641 1840 in
1665 1800 1828 1855 opere
1858 1771 1908 1834 Β
1936 1783 2010 1836 De
2043 1781 2247 1853 [xxxtv]
2275 1784 2468 1852 quibus
2497 1783 2605 1852 agit
2647 1782 2980 1852 Sigebertus,
3027 1785 3095 1840 de
3140 1785 3253 1840 Vir.
3301 1787 3521 1853 illustr.,

244 1888 346 1936 isto
373 1881 485 1951 jam
513 1881 677 1934 dicto.

319 1971 430 2027 Sed
462 1986 648 2025 vereor
680 1978 737 2022 ut
761 1967 973 2022 labatur
1004 1967 1359 2037 Margarinus.

333 2062 385 2112 1.
412 2059 685 2126 Quia,etsi
709 2058 951 2124 quaedam
984 2057 1036 2112 in
1065 2057 1149 2111 his
1178 2056 1326 2111 libris
1357 2056 1696 2124 reperiantur
1714 2069 1836 2124 qua)

251 2153 590 2222 Nicephorus
617 2168 684 2207 ex
721 2148 934 2223 jxxxm]
977 2149 1188 2218 Evagrii
1234 2148 1484 2216 operibus
1531 2147 1676 2212 citat,
1730 2162 1833 2202 non

251 2245 594 2310 rct'criuntur
637 2256 705 2295 co
736 2241 915 2304 modo,
942 2241 1090 2308 quasi
1125 2239 1380 2308 EVagrius
1407 2253 1466 2291 ea
1500 2237 1613 2305 ipse
1641 2236 1837 2292 referat

253 2336 445 2389 librum
505 2323 649 2386 velut
703 2330 1082 2394 conscribcns,
1131 2328 1225 2382 sed
1280 2327 1454 2397 potius
1501 2342 1568 2381 ex
1610 2327 1838 2396 Evagrio

248 2427 501 2482 citantur.
729 2459 740 2466 —
823 2469 860 2502 .

321 2518 388 2572 Ut
410 2516 549 2586 quod
583 2513 912 2583 Nicephorus
935 2513 1066 2566 citat
1093 2526 1163 2566 ex
1193 2512 1329 2566 libro
1359 2509 1600 2564 Practico
1627 2509 1839 2579 Evagrii

251 2611 398 2664 senis
425 2608 708 2678 cujusdam
737 2606 929 2662 scitum
966 2604 1036 2660 de
1063 2602 1297 2657 aridiore
1337 2602 1493 2657 dizcta
1512 2642 1528 2666 ,
1560 2602 1725 2656 habes
1753 2601 1841 2656 hic

253 2699 429 2753 libello
475 2713 490 2750 ι
533 2696 753 2767 Pelagii,
805 2711 953 2749 num.
996 2693 1100 2759 4η(
1140 2693 1280 2748 Dixit
1317 2693 1484 2747 abbas
1532 2691 1836 2761 Evagrius:

254 2791 385 2856 Quia
430 2789 686 2842 dicebant
723 2785 942 2856 quidam
975 2783 1215 2840 Patrum.
1249 2800 1268 2834 ι
1304 2782 1456 2849 Quod
1501 2781 1545 2835 si
1583 2781 1842 2849 Evagrius

257 2882 410 2950 hujus
438 2881 608 2936 libelli
636 2887 824 2934 auctor
851 2885 1015 2945 esset,
1049 2891 1156 2932 non
1182 2876 1388 2931 diceret
1414 2892 1426 2927 :
1457 2892 1476 2927 ι
1507 2873 1651 2928 Dixit
1676 2873 1842 2928 abbas

257 2973 541 3042 Evagrius.
583 2989 600 3022 ι

327 3068 556 3132 Ibidem,
579 3080 728 3118 num.
755 3065 808 3118 5.
840 3080 860 3114 ι
882 3061 1076 3118 lterum
1105 3059 1238 3115 dixit
1267 3059 1496 3132 (scilicet
1527 3056 1836 3127 Evagrlus):

1933 1887 2052 1942 cap.
2087 1873 2187 1927 H6
2216 1882 2270 1928 et
2301 1874 2424 1927 H7.
2460 1873 2726 1929 Hactenus
2757 1876 3016 1945 magister
3057 1877 3195 1932 sacri
3226 1879 3427 1947 palatii.
3463 1898 3482 1932 ι

2004 1965 2103 2029 Qui
2135 1973 2192 2018 ut
2219 1973 2364 2019 recte
2396 1966 2492 2018 hos
2522 1965 2687 2019 lihros
2714 1967 2943 2036 Evagrio
2992 1969 3195 2024 auctori
3246 1981 3298 2023 ct
3331 1971 3518 2025 lliero-

1935 2070 2099 2127 nymo
2127 2056 2402 2123 interpreti
2433 2056 2748 2126 adjudicat,
2793 2057 2864 2113 ita
2904 2059 3079 2114 minus
3132 2074 3276 2115 reete
3318 2073 3522 2116 certum

1938 2163 2060 2204 esse
2089 2149 2187 2214 ait,
2219 2148 2414 2203 librum
2444 2148 2592 2203 Vitas
2623 2149 2838 2204 Patrum
2863 2165 2981 2206 esse
3013 2154 3246 2220 Evagrii,
3277 2171 3397 2208 cum
3430 2172 3521 2224 po-

1940 2239 2044 2294 tius
2071 2249 2222 2295 certo
2251 2249 2463 2296 constet
2491 2241 2609 2310 ejus
2638 2256 2744 2295 non
2774 2257 2915 2298 esse.
2945 2243 3079 2302 Vide
3111 2245 3250 2301 dicta
3278 2248 3523 2317 prolego-

1939 2346 2105 2390 meno
2160 2340 2216 2402 4,
2245 2338 2273 2410 §
2299 2339 2350 2393 5.

2367 2441 2927 2500 PROLEGOMENON
2969 2447 3100 2502 \‘lH.

2401 2557 2529 2625 Quis
2557 2560 2682 2613 sexti
2712 2560 2829 2614 libri
2853 2563 3068 2615 auctor?

2017 2667 2149 2724 Dico
2173 2684 2188 2724 :
2219 2668 2374 2725 Sexti
2403 2669 2521 2724 libri
2553 2681 2740 2727 auctor
2769 2673 3024 2728 incertus.

2013 2759 2215 2823 Primo,
2246 2760 2369 2830 quia
2398 2760 2705 2830 Sigebcrtus
2726 2804 2741 2828 ,
2774 2764 2840 2817 de
2871 2764 3065 2818 illustr.
3098 2763 3354 2819 Ecclesim
3380 2765 3528 2821 Scri-

1942 2859 2104 2921 ptor.,
2139 2851 2192 2906 in
2211 2849 2434 2917 Joanne,
2466 2853 2730 2922 cap.li'l,
2756 2853 2947 2907 librum
2979 2870 3101 2908 eum
3125 2864 3278 2909 vocat
3305 2853 3379 2908 De
3409 2855 3528 2909 Vita

1943 2953 1990 2996 et
2014 2944 2249 2997 doctrina
2279 2942 2516 3008 Patrum,
2545 2958 2644 2998 nec
2665 2946 2902 2999 auctoris
2926 2961 3117 3001 nomen
3149 2949 3420 3016 exprimit.

2019 3037 2268 3092 Secundo
2289 3079 2304 3102 ,
2343 3038 2464 3105 quia
2497 3037 2718 3092 Photius
2747 3038 2798 3092 in
2831 3037 3155 3094 Bibliotheca
3174 3079 3190 3105 ,
3216 3039 3350 3094 Cod.
3387 3040 3487 3094 198
3509 3079 3524 3104 .

259 3158 510 3213 Nuntiata
541 3126 634 3209 ἐει
679 3155 888 3210 cuidam
921 3152 1185 3206 monacho
1215 3126 1359 3204 mors
1405 3149 1606 3217 patris,
1645 3126 1664 3200 ᾖ
1699 3147 1840 3217 quod
1869 3126 1916 3190 C
1946 3144 2104 3200 quem
2155 3129 2400 3197 proximo
2447 3130 2831 3198 prolegomene
2879 3129 3080 3196 citavi,
3138 3130 3280 3184 hunc
3333 3131 3525 3185 librum

261 3253 418 3305 etiam
447 3264 516 3302 ex
546 3245 777 3315 Evagrio
804 3245 934 3299 citat
960 3243 1294 3311 Nicephorus
1320 3252 1501 3307 supra.

332 3341 398 3395 Et
444 3339 629 3393 libello
668 3351 753 3401 v1,
799 3349 948 3392 num.
989 3335 1072 3390 5:
1115 3352 1134 3387 σ
1175 3333 1316 3388 Dixit
1363 3331 1530 3385 abbas
1585 3326 1848 3398 Evagriua

262 3429 430 3484 fuisse
457 3427 737 3498 quemdam
772 3425 990 3478 fratrem
1015 3423 1104 3493 qui
1146 3423 1280 3478 nihil
1313 3420 1498 3476 habuit
1527 3420 1580 3474 in
1604 3420 1848 3473 substan-

261 3523 332 3574 tia
376 3535 510 3584 sua,
552 3518 652 3572 nisi
685 3524 891 3570 tantum
946 3512 1323 3583 Evangelium;
1361 3529 1380 3563 ι
1416 3525 1536 3581 qua:
1577 3509 1738 3566 etiam
1780 3523 1850 3563 ex

264 3612 476 3682 Evagrii
505 3610 746 3664 Practico
767 3609 898 3662 citat
926 3606 1257 3675 Nicephorus
1285 3619 1470 3672 supra.

332 3702 387 3756 2.
417 3699 698 3768 Quadam,
721 3712 841 3768 quae
869 3696 1000 3752 citat
1027 3696 1363 3766 Nicephorus
1412 3709 1486 3750 ex
1539 3691 1749 3761 Evagrii
1785 3691 1851 3747 li-

267 3792 407 3854 bris,
437 3792 526 3845 hic
572 3804 676 3843 non
723 3787 1084 3858 reperiuntur.
1123 3785 1228 3850 Ut,
1275 3784 1419 3855 quod
1465 3783 1592 3840 citat
1617 3799 1682 3839 ex
1715 3783 1852 3838 libro

267 3882 522 3937 Gnostico
548 3879 664 3949 ejus
688 3881 758 3934 de
786 3877 1046 3948 Gregorio
1068 3878 1215 3948 justo
1240 3916 1258 3943 ,
1288 3877 1357 3932 de
1384 3885 1616 3947 quatuor
1641 3877 1855 3931 virtuti-

266 3972 369 4026 bus
403 3969 797 4035 cardinalibus,
830 3967 900 4023 de
927 3968 1256 4037 Serapione,
1289 3968 1358 4022 de
1396 3974 1576 4023 mente
1624 3967 1853 4036 spiritali

264 4061 572 4130 cognitione
595 4059 820 4124 imbuta,
850 4057 919 4112 de
951 4058 1198 4127 Didymo,
1229 4058 1298 4113 de
1328 4057 1667 4112 Providentia
1697 4067 1749 4110 et
1769 4058 1855 4125 ju-

266 4154 428 4215 dicio,
457 4152 526 4205 de
559 4151 772 4212 Basilio,
805 4148 945 4217 quod
977 4148 1202 4201 scientia
1227 4147 1577 4202 meditatione
1606 4158 1852 4216 augetur,

266 4242 335 4295 de
363 4242 674 4302 Athanasio,
706 4240 772 4291 de
804 4252 986 4291 mensa
1016 4238 1238 4307 Moysis.

339 4331 394 4383 5.
429 4333 565 4398 Quia
595 4330 728 4382 varii
770 4331 1004 4383 citantur
1047 4335 1294 4382 auctores
1339 4327 1567 4396 Evagrio
1595 4327 1859 4396 posteriu-

267 4436 374 4486 rcs,
404 4430 464 4474 ut
488 4420 722 4474 Joannes
751 4418 1062 4484 Cassianus,
1085 4417 1316 4488 Cyrillus
1350 4418 1773 4486 Alexandrinus,
1803 4426 1858 4475 et

267 4513 360 4565 alii
391 4511 655 4572 nonnulli,
685 4525 818 4579 quos
849 4510 1019 4563 lector
1048 4506 1162 4577 ipse
1194 4508 1583 4577 deprehendet.

340 4605 454 4657 Non
501 4603 686 4658 inutile
733 4603 835 4656 erit
885 4602 971 4656 hic
1020 4601 1222 4655 addere
1274 4617 1393 4670 quae
1422 4602 1520 4656 hac
1562 4603 1675 4671 ipse
1702 4601 1770 4657 de
1800 4618 1858 4656 re

269 4696 478 4747 notavit
507 4693 594 4745 Fr.
624 4691 854 4746 Joannes
883 4691 1043 4744 Maria
1078 4689 1522 4745 Brasichellcnsis
1545 4734 1560 4756 ,
1588 4693 1731 4747 sacri
1767 4707 1858 4760 pa-

269 4784 382 4837 latii
427 4782 709 4849 apostolici
756 4783 1030 4850 magister,
1066 4781 1116 4834 iu
1151 4781 1326 4836 indice
1361 4783 1617 4842 librorum
1662 4798 1859 4852 expur-

267 4879 564 4946 gandorum
593 4919 609 4942 ,
642 4877 707 4928 ad
743 4885 944 4929 tomum
980 4875 1049 4928 IX
1089 4875 1434 4930 Bibliothecze
1485 4877 1699 4931 Patrum
1723 4917 1741 4942 ,
1769 4877 1857 4930 ubi

270 4970 445 5038 agitur
493 4968 562 5022 de
606 4967 1048 5022 anachoretarum
1099 4966 1592 5036 apophthegmatis,
1649 4968 1736 5022 ubi
1788 4967 1862 5022 ita

271 5069 700 5115 commentatur:
733 5078 751 5111 ι
787 5061 861 5114 De
881 5069 1098 5114 auctore
1142 5067 1198 5112 et
1235 5059 1529 5126 interprete
1553 5061 1708 5129 hujus
1733 5075 1862 5129 0pc-

272 5152 348 5205 ris
378 5153 526 5206 varie
554 5152 877 5221 ambigitur;
923 5161 1194 5205 auctorem
1224 5151 1476 5219 quidam,
1509 5159 1564 5206 et
1592 5154 1732 5206 inter
1767 5166 1863 5207 eos

273 5241 599 5315 Margarinus
642 5244 695 5296 in
741 5243 1120 5312 chronologico
1167 5253 1440 5296 auctorem
1476 5243 1629 5311 hujus
1662 5244 1863 5298 Biblio—

277 5336 446 5388 theca:
477 5337 670 5398 indice,
699 5337 1008 5389 existimant
1035 5333 1197 5390 fuisse
1223 5336 1507 5406 Evagrium
1553 5336 1859 5402 Ponticum,

277 5424 432 5489 cujus
459 5436 664 5478 certum
706 5433 790 5479 e~t
815 5440 936 5480 esse
966 5427 1158 5478 librum
1193 5426 1336 5480 V‘.tas
1367 5427 1582 5480 Patrum
1614 5469 1628 5490 ,
1655 5429 1738 5480 cui
1777 5427 1865 5482 hic

274 5513 784 5582 apophthegmatum
825 5531 1036 5584 semper
1081 5519 1402 5572 annemitur.
1436 5517 1773 5584 Gennadius,
1811 5519 1863 5571 in

281 5607 567 5670 catalogo,
603 5605 719 5657 hanc
761 5606 827 5658 de
874 5607 1099 5675 Evagrio
1141 5609 1348 5662 habet:
1387 5629 1404 5660 α
1443 5610 1753 5678 Composuit
1797 5609 1864 5662 de

277 5694 631 5748 anachoretis
680 5697 995 5764 simpliciter
1045 5698 1342 5755 viventibus
1397 5702 1586 5756 librum
1647 5709 1863 5757 centum

566 5806 835 5866 Pn'uox.
875 5809 1155 5866 [.XXlll.

1951 3219 2114 3290 priori
2143 3219 2410 3283 annectit;
2440 3233 2605 3287 quare
2645 3218 2787 3274 idem
2816 3217 2885 3275 de
2923 3221 3026 3276 hoc
3057 3219 3336 3276 ferendum
3379 3219 3526 3291 judi-

1949 3313 2091 3368 cium
2120 3310 2261 3383 quod
2292 3311 2360 3366 de
2389 3310 2592 3380 priore.

2021 3421 2092 3477 At
2111 3437 2361 3477 occurres
2388 3437 2405 3478 :
2433 3420 2662 3477 Joannes
2679 3421 3062 3488 Damascenus,
3093 3424 3143 3478 in
3173 3423 3309 3480 libro
3335 3424 3426 3494 qui
3449 3426 3532 3479 in-

1951 3510 2222 3578 scribitur,
2250 3511 2328 3565 De
2354 3511 2417 3565 iis
2442 3513 2530 3579 qui
2559 3529 2674 3566 cum
2715 3514 2818 3580 ﬁde
2841 3523 3158 3569 excesserunt
3186 3531 3249 3569 ea:
3273 3515 3369 3568 hac
3396 3517 3531 3577 vita,

1952 3603 2119 3659 refert
2147 3604 2215 3659 de
2239 3603 2468 3658 Macario
2498 3604 2810 3673 historiam,
2840 3607 2931 3674 qui
2960 3622 3026 3662 ex
3057 3606 3253 3661 mortui
3299 3608 3536 3662 hominis

1954 3696 2139 3752 cranio
2165 3695 2469 3750 sciscitatus
2497 3703 2581 3750 est
2601 3696 2669 3750 de
2695 3695 2815 3765 ejus
2840 3705 2980 3752 statu
3007 3737 3024 3762 ,
3058 3713 3283 3767 eamque
3321 3702 3451 3753 citat
3475 3716 3540 3753 «ιι

1956 3785 2178 3842 Palladii
2207 3785 2460 3840 Lausiaea
2492 3785 2750 3839 Historia.
2781 3785 2942 3856 Atqui
2973 3786 3087 3842 hare
3107 3786 3294 3842 eadem
3320 3787 3541 3842 historia

1958 3878 2230 3946 reperitur
2276 3876 2412 3930 libro
2455 3875 2555 3929 hoc
2595 3886 2792 3943 sexto,
2843 3876 3024 3932 libello
3079 3877 3240 3932 tertio
3278 3877 3540 3940 Joannis,

1958 3985 2106 4024 num.
2138 3967 2226 4034 16,
2251 3976 2308 4022 ut
2335 3977 2390 4024 et
2412 3970 2570 4035 hujus
2591 3967 2714 4022 libri
2741 3969 2879 4023 sexti
2903 3978 3090 4025 auctor
3113 3967 3358 4024 videatur
3378 3966 3546 4023 fuisse

1957 4059 2074 4129 ipse
2119 4059 2407 4114 Palladius.
2440 4057 2800 4125 Respondeo:
2834 4058 2909 4113 lta
2939 4058 3187 4127 quidem,
3239 4060 3341 4114 hoc
3386 4073 3547 4129 argu-

1959 4160 2139 4204 mento
2168 4157 2369 4214 motus,
2401 4149 2612 4203 censuit
2640 4148 2942 4204 Gentfanus
2970 4148 3254 4216 llcrvetus,
3280 4151 3330 4203 in
3355 4151 3546 4219 prmfa-

1961 4245 2107 4296 tione
2136 4241 2396 4295 versionis
2438 4254 2552 4294 sua:
2601 4240 2954 4307 Palladianze,
2984 4241 3074 4310 qui
3101 4256 3221 4295 eam
3264 4242 3542 4296 historiam

1965 4333 2148 4387 haberi
2173 4333 2248 4386 ait
2279 4333 2414 4387 libro
2441 4347 2493 4386 tv
2517 4375 2533 4400 ,
2565 4333 2653 4400 qui
2684 4331 2932 4385 Doctrina
2963 4331 3182 4386 Patrum
3213 4333 3545 4398 inscribitur,

1964 4439 2080 4492 cap.
2114 4423 2188 4476 De
2211 4423 2459 4494 exemplis
2485 4433 2532 4476 et
2565 4424 2798 4477 doctrina
2834 4426 2950 4479 vitta
2979 4426 3260 4494 spiritualis
3294 4427 3387 4493 (ita
3419 4443 3549 4481 con—

1885 4492 1938 4551 D
1963 4518 2157 4586 cipitur
2185 4525 2241 4571 et
2266 4492 2547 4583 inscriptio
2578 4526 2633 4571 et
2669 4525 2830 4584 caput
2863 4519 2912 4569 in
2941 4492 3179 4571 editione
3213 4492 3544 4578 Coloniensi,

1961 4625 2081 4679 qua:
2111 4610 2302 4663 librum
2346 4618 2558 4663 sextum
2589 4616 2644 4661 et
2672 4609 2918 4677 quintum
2961 4623 3067 4661 uno
3118 4607 3254 4661 libro
3301 4620 3552 4676 compre-

1965 4701 2171 4770 hendit)
2191 4719 2204 4766 ;
2228 4701 2316 4767 qui
2343 4700 2478 4753 liber
2503 4699 2642 4754 idem
2667 4711 2749 4753 est
2773 4715 2896 4753 cum
2918 4699 3018 4753 hoc
3047 4711 3199 4753 sexto
3229 4700 3386 4753 libro.

2033 4791 2185 4860 Quod
2213 4791 2259 4844 si
2289 4792 2336 4843 id
2367 4790 2544 4843 minus
2577 4790 2834 4857 placeret,
2867 4791 3207 4843 existimabat
3232 4805 3349 4843 eam
3384 4789 3552 4843 histo-

1964 4884 2097 4937 riam
2127 4881 2293 4936 fuisse
2325 4884 2376 4935 in
2410 4880 2667 4934 Lansiaca
2696 4881 2928 4934 Historia
2953 4888 3192 4947 tempore
3214 4881 3552 4941 Damasceni,

1966 4984 2022 5032 et
2051 4986 2234 5045 postea
2282 4974 2350 5028 ab
2399 4974 2654 5028 haeretico
2707 4971 2888 5042 aliquo
2941 4971 3209 5024 malitiose
3263 4971 3547 5026 sublatam.

1968 5067 2120 5134 Quod
2149 5080 2270 5120 eum
2301 5065 2508 5118 dixisse
2528 5061 2715 5123 credo,
2742 5061 2882 5126 quod
2914 5059 3037 5114 huic
3065 5060 3341 5115 hominum
3367 5059 3553 5131 generi

1969 5173 2158 5212 omnes
2185 5159 2268 5210 hac
2297 5156 2577 5226 spirituum
2610 5153 2973 5220 apparitiones
2997 5169 3158 5208 mera:
3185 5163 3311 5208 sunt
3341 5155 3554 5218 fibula),

1969 5249 2167 5319 quique
2194 5262 2335 5316 tegre
2366 5246 2543 5301 ferunt
2583 5246 2664 5298 vel
2707 5239 2983 5298 minimam
3034 5244 3411 5314 suffragiorum
3460 5263 3556 5315 pro

1975 5337 2256 5392 animabus
2281 5335 2658 5390 defunctorum
2691 5334 3007 5390 memoriam
3037 5347 3271 5390 exstare.

2048 5427 2307 5496 Equidem
2341 5441 2444 5478 non
2477 5424 2730 5480 abhorret
2777 5426 2844 5480 ab
2893 5424 3148 5480 haeretica
3201 5427 3395 5496 genio,
3438 5441 3559 5478 cum

1971 5517 2298 5572 Philistlneis
2340 5525 2526 5584 puteos
2569 5514 2728 5570 Israel
2777 5515 3056 5570 obstruere
3088 5516 3241 5586 (Ceu.
3276 5517 3420 5578 xxvi)
3445 5555 3459 5575 ,
3495 5531 3559 5566 m-

1970 5609 2184 5678 aliquod
2230 5607 2354 5662 inde
2395 5607 2707 5663 mortalibus
2746 5607 2967 5661 accedat
3013 5605 3369 5678 refrigerium.
3403 5605 3561 5659 Certe

1971 5715 2092 5757 cum
2127 5699 2388 5755 Palladius
2421 5699 2579 5754 tertio
2627 5696 2918 5770 prodierit,
2949 5707 2999 5750 et
3023 5713 3087 5750 ex
3128 5709 3392 5766 postrema
3441 5695 3561 5749 edi-

3130 5811 3172 5872 2
