4002 6230
255 309 328 361 45
1537 303 2092 362 PROLECOMENON
2139 304 2252 361 XII.
3465 295 3527 351 ιε

254 421 508 486 factaque
539 419 841 475 imitatione
869 419 1024 490 digna
1069 418 1306 488 colligit,
1338 417 1427 488 qui
1462 425 1577 486 post
1618 414 1843 470 insecuti
1877 415 1922 472 A
1953 430 2172 485 prorsus
2199 415 2432 472 Joannes
2464 415 2788 471 anachoreta
2821 413 2940 470 fuit.
2961 411 3022 470 Id
3046 411 3144 468 tibi
3176 427 3239 466 ex
3267 412 3442 479 capite
3461 413 3529 464 77

250 520 404 564 sunt.
435 509 589 562 Vitas
617 511 817 564 etenim
851 520 1030 564 narrat
1056 524 1242 563 eorum
1276 509 1364 576 qui
1393 507 1504 575 jam
1534 506 1658 561 inde
1680 520 1847 574 usque

247 599 321 652 ad
355 598 592 652 lleraclii
622 599 903 667 imperium
936 609 988 653 et
1017 599 1269 667 deinceps
1299 598 1497 651 virtute
1538 597 1706 665 magis
1736 596 1851 649 cla-

251 696 506 742 ruerunt.
538 685 762 741 Pratum
790 697 964 742 autem
999 689 1207 742 titulum
1257 689 1392 742 libro
1422 687 1616 741 indidit
1643 695 1850 749 auctor,

252 794 424 846 quam
450 787 508 832 et
540 776 857 831 Paradisum
898 796 1078 832 novum
1126 779 1340 848 quidam
1390 779 1686 847 appellant.
1710 778 1853 832 Scri-

253 879 381 936 ptor
412 869 528 935 ejus
553 867 789 922 Joannes
816 870 1029 938 quidam
1052 861 1250 922 Moschi
1275 878 1654 937 wgnomento,
1684 867 1775 936 qui
1799 867 1852 937 in

252 958 402 1012 beati
435 951 722 1011 Theodmii
757 959 984 1026 primum
1034 959 1361 1013 monasterio
1391 959 1646 1012 saeculum
1676 958 1854 1011 valere

247 1048 488 1116 jubens,
519 1063 639 1101 cum
689 1048 754 1100 iis
803 1048 998 1103 deinde
1047 1050 1324 1104 monachis
1371 1048 1632 1112 convixit,
1663 1048 1754 1117 qui
1801 1048 1853 1102 itt

252 1136 484 1192 deserto
513 1137 578 1190 ad
608 1135 898 1191 Jordancm
951 1139 1366 1202 exercebantur,
1399 1141 1593 1208 quique
1627 1153 1764 1192 nova
1803 1139 1855 1194 in

259 1227 443 1282 Laura
465 1229 638 1297 magni
658 1227 814 1282 Sabzc
831 1228 1133 1284 cenabant.
1159 1228 1310 1283 Unde
1338 1245 1545 1283 rursum
1569 1227 1634 1282 ad
1664 1228 1858 1283 Antio-

261 1317 405 1373 chia:
455 1320 701 1386 regiones
742 1327 796 1371 et
840 1318 1132 1371 Alexandri
1177 1319 1363 1372 urbem
1389 1361 1404 1385 ,
1451 1316 1860 1387 proximamque

261 1422 528 1471 eremum,
560 1398 626 1460 ad
653 1408 839 1462 Oasim
871 1417 1044 1478 usque
1070 1408 1303 1473 delatus,
1330 1408 1617 1462 multorum
1649 1422 1860 1476 magno-

264 1506 496 1570 rumque
542 1485 781 1554 virorutn
839 1514 926 1554 res
981 1500 1238 1569 praeclare
1287 1508 1467 1576 gestas
1514 1499 1858 1568 aggregavit,

262 1599 403 1664 quas
431 1592 624 1661 partim
647 1592 816 1646 oculis
841 1593 954 1656 ipse
975 1593 1255 1661 spectavit,
1289 1591 1482 1659 partim
1507 1594 1711 1647 recenti
1735 1600 1862 1645 tunc

264 1686 547 1740 auditione
575 1684 786 1740 didicit.
822 1683 1022 1739 Eadem
1056 1699 1216 1754 porro
1247 1685 1312 1740 de
1341 1697 1502 1738 causa
1534 1698 1656 1739 cum
1697 1683 1859 1739 etiam

1958 507 2242 561 voluminis
2288 507 2451 576 ipsius
2502 507 2704 574 liquido
2749 516 3000 562 constare
3045 505 3260 574 poterit.
3313 500 3532 557 i’ltn'iius

1959 610 2172 664 quoque
2197 596 2334 650 hunc
2355 595 2527 665 ipsum
2543 605 2818 651 auctorem
2843 595 2962 650 libri
2989 594 3246 650 Joannem
3265 592 3532 647 Mosi-ltum

1959 686 2197 757 (natione
2225 686 2473 756 fortasse)
2505 686 2673 742 fuisse
2702 686 2914 749 asserit,
2947 683 3100 754 cujus
3123 699 3418 755 cognomen
3451 683 3534 737 in-

1959 785 2165 845 terpres
2193 778 2411 834 Latinus
2439 780 2613 833 forsan
2649 780 2916 834 Eviratum
2947 777 3194 832 reddidit.
3232 795 3250 828 ο

2034 867 2230 922 Verum
2260 869 2564 937 Sophronio
2603 869 2686 924 his
2729 872 2798 923 de
2843 869 3020 923 causis
3070 865 3418 921 attribuitur:
3451 862 3535 919 vel

1959 956 2083 1026 quia
2115 958 2180 1012 ad
2214 958 2386 1027 ipsum
2421 975 2517 1027 per
2550 958 2925 1014 charissimum
2959 957 3160 1011 s0riutn
3204 956 3537 1022 inscribitur,

1960 1046 2408 1114 quemadmodum
2460 1057 2514 1104 et
2561 1047 2844 1104 Rhetorica
2889 1047 3166 1104 Ciceronis
3213 1047 3278 1100 ad
3336 1047 3538 1101 Heren-

1961 1138 2129 1204 nium,
2157 1147 2210 1192 et
2236 1139 2474 1208 ejusdem
2497 1141 2562 1194 ad
2588 1141 2814 1195 Atticum
2845 1140 3102 1209 epistolae,
3126 1140 3191 1193 ad
3218 1138 3540 1194 llerennium

1960 1237 2016 1284 et
2060 1229 2127 1284 ad
2156 1229 2388 1284 Atticum
2430 1231 2548 1285 libri
2580 1231 2946 1301 appellantur;
2976 1230 3054 1283 sic
3090 1227 3373 1299 Sophronii
3407 1227 3543 1282 liber

1962 1321 2048 1375 hic
2075 1322 2301 1387 dicatur,
2335 1324 2456 1392 quia
2484 1321 2551 1377 ad
2581 1322 2938 1390 SOphronium
2971 1321 3236 1389 dirigitur.
3266 1322 3440 1389 Atque
3467 1334 3533 1371 es

1961 1424 2030 1466 eo
2076 1412 2338 1478 maxime,
2369 1412 2511 1480 quod
2540 1410 2605 1466 ad
2638 1427 2790 1467 usum
2821 1410 2961 1466 illius
2989 1412 3040 1463 in
3075 1409 3262 1478 primis
3303 1409 3547 1462 conscri-

1961 1514 2085 1574 ptus
2111 1513 2213 1560 est.
2242 1505 2482 1576 Namque
2511 1515 2701 1561 auctor
2731 1506 2843 1575 ipse
2872 1506 2923 1560 in
2954 1505 3178 1575 epistola
3208 1518 3370 1574 quam
3411 1505 3546 1560 libro

1965 1595 2268 1663 praemittit,
2303 1597 2498 1651 fatetur
2526 1610 2585 1652 se
2611 1611 2678 1651 ex
2718 1596 2819 1651 hoc
2850 1605 2999 1664 prato
3028 1607 3281 1650 coronam
3312 1594 3549 1664 Sophro-—

1964 1686 2057 1740 nio
2081 1686 2445 1753 contexuisse,
2477 1701 2540 1742 ac
2566 1702 2661 1754 per
2686 1701 2808 1742 eum
2837 1684 2960 1741 aliis
2983 1685 3236 1753 deinceps
3263 1686 3544 1741 obtulisse.

265 1776 474 1830 insulas
518 1765 743 1830 Romam
787 1789 974 1830 versus
1024 1776 1279 1846 navigans
1329 1775 1652 1841 lustrasset,
1712 1775 1861 1831 hisce
1893 1789 1940 1851 Β
2035 1776 2142 1832 Seu
2168 1777 2290 1844 quia
2315 1777 2366 1831 in
2410 1775 2512 1832 hoc
2540 1776 2676 1830 libro
2699 1776 2925 1831 dicta'et
2949 1785 3096 1846 gesta
3128 1776 3292 1845 ipsius
3313 1775 3550 1843 Sophro‘

263 1865 533 1920 similibus
564 1866 632 1919 ibi
664 1881 876 1936 quoque
905 1867 1219 1943 conquisitis
1245 1875 1301 1921 et
1324 1865 1576 1936 cognitis,
1601 1866 1703 1921 hoc
1726 1881 1862 1936 opus

265 1955 627 2023 conscripsit,
659 1954 801 2025 quod
833 1955 1045 2011 dedicat
1072 1955 1376 2025 Sophronio
1423 1969 1519 2012 seu
1565 1957 1862 2026 Sophrona:

265 2043 534 2114 discipulo
563 2059 684 2111 suo,
715 2034 1000 2116 eidemque
1028 2048 1130 2101 hoc
1160 2048 1333 2115 ipsum
1363 2046 1522 2102 oll'ert
1546 2089 1562 2114 ,
1597 2055 1717 2102 eum
1747 2047 1860 2117 jam

267 2136 450 2189 animo
499 2134 823 2206 praeciperet
874 2137 1075 2192 instare
1121 2135 1244 2190 vita;
1293 2135 1449 2204 hujus
1491 2137 1544 2190 in
1581 2136 1861 2192 meliorem

263 2230 768 2283 commutationem.
797 2229 1065 2284 Caeterum
1090 2243 1154 2284 ex
1184 2228 1270 2281 bis
1291 2229 1544 2282 omnibus
1571 2227 1863 2283 industrius

265 2316 493 2388 quisque
519 2329 575 2372 et
621 2317 716 2373 Dei
756 2333 971 2385 amans,
1009 2318 1239 2373 fructum
1290 2319 1543 2388 capiens.
1592 2333 1861 2389 nunquam

267 2410 429 2480 hujus
473 2411 663 2480 scripti
693 2412 913 2467 nimiam
962 2411 1321 2481 prolixitatem
1368 2412 1652 2468 accusarit.
1683 2431 1703 2465 ι
1733 2413 1864 2481 Quae

270 2501 497 2555 Photius
549 2488 873 2571 compendio
925 2503 1198 2572 excerpsit
1241 2517 1307 2557 ex
1361 2503 1536 2573 elogio
1587 2504 1860 2572 auctoris,

269 2603 412 2646 nunc
446 2593 546 2646 hac
575 2593 811 2647 secunda
841 2591 1134 2648 Moretiana
1175 2593 1412 2648 editione
1439 2634 1455 2662 ,
1485 2592 1603 2663 ejus
1632 2593 1770 2650 libro
1796 2609 1862 2650 es

273 2681 397 2736 Mss.
423 2675 634 2737 Graecis
662 2683 906 2754 praefixo.

340 2775 395 2827 ‘5.
425 2774 676 2854 secunda
711 2776 923 2831 Nicena
973 2776 1211 2847 synodus
1231 2817 1247 2844 ,
1278 2792 1398 2848 quae
1427 2793 1497 2832 vtt
1546 2785 1627 2833 est
1670 2776 1864 2833 ordine

281 2871 426 2926 inter
465 2873 779 2942 generales,
807 2875 1018 2928 actione
1045 2874 1078 2928 ι
1119 2874 1190 2926 ita
1226 2872 1421 2928 habet:
1452 2880 1554 2928 Τοῦ
1602 2874 1653 2927 ἄν
1702 2871 1865 2944 ἁγίοις

272 2964 470 3035 πατρὸς
516 2966 655 3036 ήμῶν
694 2967 972 3036 Σωφρὸνίου
999 2965 1054 3018 lt‘t
1080 2971 1168 3019 τοῦ
1206 2967 1573 3036 Λιιμωναρίου.
1602 2961 1799 3036 ’Ἔλεγεν
1836 2963 1863 3018 ὃ

271 3052 439 3112 ἆϐϐἆς
464 3053 721 3130 Θεόδωρος
751 3054 775 3108 ὁ
801 3052 1062 3122 Δὶλιὼτης,
1086 3053 1166 3108 ὅτι
1203 3051 1260 3113 ἦν
1298 3075 1376 3114 τις
1403 3052 1689 3127 ἴγκληστος
1710 3057 1782 3116 εἰς
1808 3055 1866 3110 τὸ

1966 1868 2040 1922 nii
2074 1882 2170 1936 pro
2193 1867 2381 1935 majori
2404 1876 2553 1936 parte
2581 1865 2944 1922 continentur.
2971 1865 3104 1920 Nam
3128 1867 3172 1920 is
3201 1867 3362 1920 totius
3393 1867 3546 1922 itine-

1964 1959 2042 2014 ris
2087 1958 2208 2014 libri
2253 1957 2410 2028 hujus
2455 1959 2690 2014 auctoris
2735 1957 2832 2012 fuit
2881 1958 3188 2013 individuus
3229 1973 3443 2023 comes;
3493 1962 3551 2014 et

1963 2063 2296 2118 quaecunque
2323 2047 2586 2103 ambobus
2607 2048 3007 2103 ambulantibus
3036 2057 3393 2104 occurrerunt
3413 2091 3426 2111 ,
3461 2051 3544 2103 vel

1964 2140 2330 2208 quaerentibus
2378 2139 2689 2208 responderi
2721 2139 2978 2207 contigit,
3009 2137 3420 2208 diligentissime
3453 2139 3546 2192 de-

1963 2229 2163 2298 scripta
2181 2238 2327 2287 sunt.
2346 2229 2524 2296 Quare
2545 2227 2708 2285 etiam
2729 2228 2843 2282 haec
2856 2227 3019 2282 verba
3037 2227 3338 2296 saepissime
3361 2230 3544 2282 iterata

1963 2319 2213 2375 videbis:
2252 2319 2494 2374 Veniam:
2543 2329 2635 2392 ego
2671 2328 2720 2373 et
2761 2319 2999 2373 dominus
3040 2335 3179 2372 meus
3221 2318 3547 2385 Saphronius

1963 2413 2192 2480 sophista
2213 2412 2281 2465 ad
2303 2412 2537 2466 abbatem
2560 2409 2742 2478 talem,
2774 2418 2881 2465 etc.
2912 2408 2976 2464 Et
3002 2409 3124 2464 ideo
3144 2423 3358 2478 si-mper
3385 2410 3546 2464 etiam

1955 2503 2157 2574 plurali
2187 2502 2458 2558 locutione
2484 2502 2669 2564 utitur,
2697 2499 2920 2554 dicens:
2947 2497 3306 2563 Pet-reximus,
3333 2500 3551 2553 accessi-

1963 2593 2389 2660 mus,vidimtts,
2423 2592 2651 2645 narravit
2695 2589 2839 2643 nobis
2887 2603 3041 2644 sensa:
3084 2589 3379 2642 ttionast'ert'i
3417 2589 3546 2642 du.

1965 2683 2066 2739 Per
2090 2697 2208 2753 quae
2237 2684 2416 2738 omnia
2443 2679 2680 2750 conspici
2705 2679 2883 2747 datur,
2916 2681 3236 2750 scriptorem
3269 2695 3543 2748 nunquam

1962 2774 2136 2829 solum
2169 2771 2330 2827 fuisse
2359 2772 2413 2827 in
2445 2771 2527 2827 his
2561 2785 2682 2842 quae
2726 2779 2911 2826 narrat
2958 2770 3354 2840 perquirendis.
3399 2773 3550 2829 Sient

1963 2880 2093 2935 ergo
2121 2864 2354 2919 Platonis
2386 2859 2660 2928 Phaedrus,
2693 2862 2936 2927 Timaeus,
2965 2859 3208 2933 Gorgias,
3240 2870 3298 2917 et
3330 2850 3550 2918 Parme-

1964 2957 2130 3022 uides,
2157 2965 2211 3012 et
2250 2953 2411 3011 Tullii
2438 2955 2573 3010 liber
2595 2941 2662 3011 de
2691 2955 2980 3010 Senectute
3009 2953 3136 3007 Cato
3154 2951 3552 3020 Majorjittscri-

1967 3048 2165 3101 buntur
2193 3061 2223 3102 a
2254 3043 2519 3117 personis,
2547 3044 2760 3118 [χχιιι]
2807 3059 2928 3114 quae
2973 3042 3046 3099 ibi
3096 3043 3470 3114 colloquentes
3497 3058 3554 3102 et

273 3140 387 3219 ὅρος
416 3152 520 3199 τῶν
544 3146 766 3226 Ἐλαιῶν,
791 3147 1075 3218 ἀγωνιστής
1103 3147 1259 3209 πάνυ,
1285 3154 1390 3199 etc.
1431 3163 1449 3196 ι
1487 3144 1737 3215 Ejusdem
1766 3146 1864 3200 Pa-

1976 3140 2302 3210 disputantes
2350 3139 2702 3204 inducuntur;
2744 3136 2872 3208 quid
2919 3136 3156 3193 obstabit
3211 3137 3334 3193 huic
3381 3138 3551 3203 libro,

277 3237 369 3291 tris
393 3240 562 3292 nostri
592 3237 883 3314 Sophronii
914 3253 982 3293 ex
1028 3237 1166 3291 libro
1208 3237 1388 3292 Prato.
1427 3236 1652 3292 Dicebat
1702 3239 1869 3294 abbas

277 3328 596 3383 TheOdorus
642 3327 845 3384 Eliuta
902 3328 1024 3397 quia
1077 3327 1295 3398 quidam
1351 3327 1587 3383 inclusus
1642 3335 1760 3384 erat
1815 3329 1870 3385 in

278 3433 462 3478 monte
511 3424 783 3478 Olivarum
805 3465 820 3488 ,
871 3424 1029 3480 valde
1083 3433 1340 3493 certator,
1375 3441 1394 3476 ι
1431 3433 1536 3480 etc.
1572 3424 1669 3481 Ubi
1703 3432 1870 3483 totum

279 3524 435 3584 caput
465 3503 564 3578 45,
596 3516 741 3586 quod
773 3517 825 3571 in
854 3515 956 3571 hoc
985 3516 1122 3571 libro
1169 3517 1421 3588 habetur,
1464 3517 1654 3573 Graece
1696 3520 1862 3587 expri-

281 3607 462 3660 mitur.
509 3605 662 3673 Quod
705 3607 845 3663 idem
898 3607 1157 3676 repetitur
1199 3609 1411 3663 actione
1442 3607 1509 3675 5,
1543 3609 1631 3663 ubi
1673 3618 1728 3664 et
1769 3609 1872 3664 alia

282 3697 385 3751 duo
415 3699 660 3766 exempla
690 3713 755 3753 es
785 3698 975 3753 eodem
1007 3698 1318 3754 Limonario
1347 3699 1603 3755 'citantur.

352 3790 602 3862 [sxxvttt]
633 3792 688 3846 4.
719 3791 954 3847 Joannes
984 3791 1268 3858 Diaconos,
1295 3791 1386 3848 lib.
1413 3805 1452 3860 ι,
1475 3793 1596 3862 cap.
1619 3793 1712 3859 45,
1743 3787 1874 3847 Vitae

291 3883 464 3934 sancti
508 3881 753 3951 Gregorii
784 3883 957 3953 Magni
986 3900 998 3935 :
1038 3900 1056 3934 ι
1095 3882 1453 3938 Nihilominus
1483 3898 1546 3938 ex
1580 3883 1718 3937 libro
1743 3922 1757 3947 ,
1783 3882 1874 3952 qui

284 3984 317 4022 a
348 3968 551 4025 Grzncis
579 3977 778 4042 Λειμὼν
816 3972 1030 4038 dicitur,
1077 3987 1106 4026 a
1150 3972 1353 4028 Latinis
1385 3987 1510 4029 vero
1555 3973 1877 4046 intelligitur

294 4061 522 4133 Campus
549 4063 633 4118 vel
663 4062 883 4117 Pratum
909 4105 925 4132 ,
958 4075 1258 4136 praeceptor
1281 4081 1434 4122 meus
1462 4065 1602 4122 inter
1630 4066 1733 4121 alia
1764 4073 1877 4121 toto

288 4157 424 4212 orbis
447 4159 556 4224 jam
583 4157 854 4212 diffamata
882 4158 1140 4213 miracula
1165 4159 1546 4227 interpretatus
1570 4167 1671 4213 est.
1706 4176 1728 4210 ι

359 4249 415 4302 5.
447 4247 686 4302 Joannes
712 4247 1100 4313 Damascenus,
1129 4247 1180 4302 in
1211 4247 1316 4303 fine
1345 4249 1500 4315 primi
1533 4247 1684 4314 libri,
1715 4259 1876 4318 quem

293 4351 394 4407 pro
435 4337 760 4407 imaginibus
798 4337 1054 4407 scripsit,
1096 4337 1460 4392 testimonium
1499 4352 1567 4392 ex
1598 4339 1700 4392 hoc
1741 4336 1880 4392 libro

291 4427 544 4493 adducit,
593 4427 694 4482 hoc
743 4427 936 4481 titulo:
965 4437 1042 4481 Ἐκ
1065 4434 1159 4482 τοῦ
1196 4430 1546 4502 Λειμωναρίου
1588 4433 1685 4482 τοῦ
1731 4426 1877 4500 ἁγίου

1975 3233 2101 3302 quin
2126 3231 2409 3302 Sophronii
2439 3229 2669 3294 dicatur,
2700 3243 2822 3286 cum
2853 3229 2906 3285 itt
2932 3241 3000 3285 eo
3031 3228 3074 3284 is
3100 3230 3403 3298 ambulans,
3429 3231 3557 3286 Visi-

1975 3330 2114 3390 tans,
2146 3335 2394 3392 operans,
2422 3320 2758 3393 interrogans
2781 3330 2837 3379 et
2865 3322 3197 3392 respondtins
3222 3321 3418 3395 ubique
3440 3323 3556 3381 fere

1974 3413 2281 3468 asseratur?

2045 3494 2152 3557 Aut
2192 3502 2408 3558 demum
2452 3517 2518 3557 ex
2567 3502 2654 3556 illa
2699 3509 2858 3558 caiisa
2899 3502 3199 3572 Sophronii»
3246 3506 3555 3570 aseribitur,

1975 3596 2228 3664 quoniam
2277 3610 2380 3648 una
2419 3608 2540 3649 cum
2569 3593 2777 3649 Joanne
2817 3593 3073 3662 prdadicto
3104 3597 3439 3665 conscriptnr
3480 3597 3562 3666 (ut

1975 3683 2047 3738 ita
2077 3683 2280 3753 dicam)
2312 3681 2452 3738 forte
2478 3682 2718 3752 ejusdem
2751 3683 2869 3737 libri
2902 3683 3019 3738 fuit.
3057 3685 3199 3752 Lege
3228 3685 3384 3755 hujus
3411 3686 3563 3741 volu-

1977 3773 2138 3829 minis
2167 3781 2327 3843 caput
2352 3773 2439 3838 77,
2469 3781 2525 3828 et
2551 3773 2604 3826 in
2633 3771 2750 3842 ejus
2780 3772 3041 3842 principio
3081 3775 3151 3829 ita
3192 3774 3448 3842 scriptum
3476 3790 3564 3830 rea

1977 3867 2156 3936 peries
2185 3883 2200 3921 :
2235 3883 2252 3918 t
2291 3861 2405 3936 Ego
2449 3875 2504 3921 et
2547 3865 2794 3919 domibus
2826 3880 2976 3921 meus
3019 3866 3353 3937 Sophronius
3383 3880 3564 3939 perre-

1978 3959 2154 4013 ximus
2191 3958 2258 4012 ad
2289 3952 2597 4028 philosophi
2624 3954 2883 4025 Stephani
2911 3955 3130 4012 domum
3161 3958 3418 4014 doctrinas
3445 3971 3567 4028 grai

1980 4048 2073 4112 tia,
2113 4067 2131 4101 ι
2159 4057 2264 4103 etc.
2321 4046 2523 4103 Deinde
2553 4048 2605 4101 in
2643 4048 2751 4103 line
2779 4047 3024 4118 ejusdem
3054 4048 3247 4119 capitis
3275 4049 3378 4105 hoc
3407 4051 3568 4107 modo

1978 4137 2241 4206 scriptum
2268 4136 2459 4206 legitur
2490 4154 2503 4189 :
2535 4154 2554 4189 ι
2590 4135 2693 4191 ista
2723 4152 2844 4193 cum
2873 4136 3198 4206 audivimus,
3229 4139 3404 4195 innuit
3433 4140 3568 4196 mihi

1979 4228 2231 4284 dominus
2270 4233 2421 4283 meus
2472 4227 2804 4296 Sopitronius
2831 4266 2847 4294 ,
2874 4237 2928 4283 et
2957 4230 3307 4296 recessimus,
3339 4237 3395 4285 et
3436 4231 3570 4286 dixit

1981 4320 2113 4374 mihi
2147 4334 2160 4372 :
2197 4319 2356 4384 Vere,
2385 4317 2522 4372 abba
2547 4317 2803 4384 Joannes,
2838 4318 2996 4374 hodie
3025 4319 3157 4376 nihil
3187 4321 3326 4375 ultra
3355 4321 3570 4376 studea-

1983 4423 2134 4474 mns;
2167 4411 2301 4465 satis
2327 4412 2468 4466 enim
2508 4409 2753 4466 aedificati
2797 4423 3004 4466 sumus.
3037 4411 3162 4467 llazc
3191 4428 3322 4485 ergo
3347 4414 3571 4484 scripsi-

291 4523 491 4596 πατρὸς
535 4523 678 4592 ἡμῶν
717 4521 994 4596 Σωφρονίου
1034 4520 1448 4595 ἀρχωπισκὸπου
1497 4520 1875 4596 Ἰεροσολύμων.
1909 4514 1961 4574 Ι)
1988 4515 2126 4596 ηδιξξδ
2154 4511 2211 4556 ω
2241 4512 2294 4556 et
2327 4509 2422 4555 '05
2448 4503 2646 4596 Ρῖᾒίίέτ
2684 4501 3044 4596 ξδίίξξδθίηίηίο
3081 4522 3102 4557 θ

298 4632 316 4664 t
355 4615 430 4669 Ex
460 4612 632 4667 Parva
661 4612 818 4666 Prata
844 4611 1014 4667 sancti
1047 4612 1219 4666 Patris
1242 4611 1412 4667 nostri
1452 4611 1741 4681 Sophronii
1783 4627 1874 4665 ar-

292 4702 615 4774 chiepiscopi
643 4703 1133 4773 Jerosolymorum.
1176 4720 1194 4754 ι

363 4791 415 4847 6.
444 4793 810 4862 Nicephorus,
841 4793 932 4848 lib.
961 4808 1091 4858 vitt,
1123 4807 1244 4860 cap.
1267 4790 1335 4846 ιι
1372 4809 1383 4842 :
1424 4809 1443 4843 ι
1483 4781 1702 4845 Multam
1739 4805 1874 4859 quo-

293 4903 392 4958 que
412 4899 468 4944 et
495 4888 679 4942 utilem
709 4887 778 4941 de
807 4887 870 4941 iis
896 4884 1218 4956 (monachis)
1242 4883 1521 4938 historiam
1544 4884 1878 4952 Sophronius

294 4979 776 5050 Jerosolymitanus
807 4975 959 5032 nobis
991 4975 1227 5044 reliquit,
1255 4971 1402 5027 Prati
1423 4982 1478 5028 et
1499 4974 1614 5027 novi
1633 4971 1878 5027 Paradisi

294 5073 466 5135 titulo,
500 5069 704 5137 scripto
733 5068 782 5122 ei
814 5067 1003 5122 indito.
1047 5086 1065 5119 ι

361 5161 582 5227 Quaeres
606 5156 737 5224 :Qni
769 5157 855 5211 hic
881 5157 1016 5210 liber
1047 5170 1186 5210 nunc
1215 5153 1524 5225 Sophronio
1565 5155 1883 5225 patriarcha:

293 5249 751 5319 Jerosolymorum
801 5247 1148 5312 inscribatur,
1202 5247 1278 5302 uti
1329 5262 1358 5301 a
1404 5247 1637 5302 secunda
1666 5245 1879 5301 Nicaena

295 5339 516 5410 synodo,
553 5349 608 5395 et
636 5339 845 5394 Joanne
877 5338 1230 5402 Damasceno,
1267 5353 1410 5393 nunc
1442 5339 1636 5393 Joanni
1667 5339 1883 5393 Moscho

292 5445 383 5484 seu
428 5430 638 5485 Evirato
667 5430 734 5483 ad
780 5428 1140 5499 Sophronium
1188 5429 1523 5500 sophistam?
1573 5429 1884 5499 Respondet

293 5513 543 5586 Aloysius
577 5520 934 5588 Lipomanns,
965 5519 1253 5589 episcopus
1279 5519 1628 5584 Veronensis,
1655 5523 1744 5589 qui
1776 5520 1883 5584 pri-

291 5624 408 5662 nnts
442 5612 585 5665 hunc
617 5609 812 5665 librum
842 5609 930 5665 edi
958 5609 1200 5676 curavit,
1232 5625 1391 5680 quem
1436 5612 1742 5679 Apostolica
1788 5612 1884 5666 Bi-

296 5700 556 5757 bliotheca
600 5700 963 5771 suopeditavit
1007 5714 1148 5758 anno
1195 5699 1334 5756 l558
1366 5717 1382 5758 :
1419 5720 1437 5756 ι
1475 5702 1720 5776 Scriptor
1758 5705 1883 5762 libri

2055 4589 2170 4646 Una
2213 4605 2343 4662 ergo
2391 4607 2456 4646 ex
2498 4583 2583 4645 his
2629 4591 2950 4659 rationibus,
2983 4608 3077 4648 seu
3108 4595 3286 4664 potius
3325 4595 3573 4652 omnibus

1981 4682 2141 4738 simul
2182 4684 2588 4752 accedentibus,
2633 4684 2755 4754 jure
2802 4687 3098 4756 metitoque
3149 4687 3285 4744 liber
3330 4689 3431 4744 iste
3468 4689 3571 4746 So-

1985 4786 2195 4858 phronii
2225 4785 2441 4840 nomine
2469 4785 2758 4852 inscriptus
2790 4787 3017 4840 videtur.

2057 4875 2252 4934 Dices:
2290 4879 2344 4932 In
2373 4878 2475 4933 hoc
2507 4878 2643 4932 libro
2674 4877 3011 4947 Sophronius
3036 4876 3121 4930 ltic
3144 4893 3248 4931 non
3275 4879 3575 4948 appellatur

1983 4971 2443 5040 Jerosolymomm
2481 4971 2803 5039 patriarcha,
2831 4971 2925 5025 sed
2958 4970 3220 5038 s0phista.
3266 4971 3574 5041 ReSpondet

1985 5061 2126 5116 idem
2158 5063 2411 5132 Aloysins
2439 5079 2451 5114 :
2485 5061 2812 5117 Vocabulum
2843 5061 2944 5116 hoc
2985 5077 3092 5116 non
3137 5061 3189 5117 in
3220 5064 3414 5118 malam
3444 5063 3572 5119 olim

1987 5163 2216 5224 partem,
2248 5153 2387 5207 sicut
2415 5154 2472 5207 fit
2517 5153 2676 5207 modo
2716 5153 2939 5220 passim,
2979 5152 3072 5207 sed
3123 5153 3176 5208 in
3206 5153 3397 5209 bonam
3437 5159 3577 5212 acci-

1988 5243 2266 5313 piebatur;
2300 5256 2400 5296 nec
2439 5242 2585 5295 aliud
2624 5241 2962 5311 designabat,
2991 5228 3149 5312 quam
3193 5247 3492 5314 sapientem
3525 5259 3579 5302 et

1991 5333 2308 5404 prudentem
2338 5333 2631 5394 hominem.
2662 5333 2834 5403 qualis
2873 5332 2969 5389 fuit
3011 5344 3066 5390 et
3088 5335 3343 5391 Libanius
3373 5336 3483 5402 ille,
3509 5344 3576 5392 ad

1984 5443 2143 5500 quem
2173 5427 2353 5481 multae
2386 5425 2556 5495 Magni
2589 5427 2765 5481 Basilii
2816 5428 3057 5496 epistolae
3083 5429 3306 5486 directae
3344 5430 3575 5491 inerunt.

1987 5519 2162 5589 ipsum
2195 5534 2246 5572 m
2267 5518 2441 5573 iximis
2469 5517 2750 5587 praeconiis
2791 5519 2957 5574 effare
2997 5528 3097 5574 tes.
3128 5520 3308 5576 Potuit
3337 5535 3464 5586 ergo
3495 5518 3579 5573 vir

1987 5612 2090 5668 iste
2115 5611 2262 5681 prius
2288 5620 2342 5664 et
2374 5611 2669 5665 monachus
2693 5625 2836 5676 esse,
2869 5619 2924 5665 et
2956 5610 3196 5679 sOphista
3243 5606 3572 5673 nuncupari;

1989 5706 2112 5762 inde
2144 5721 2275 5762 vero
2299 5705 2364 5762 ad
2396 5713 2632 5763 sanctam
2657 5702 2958 5774 Jerosnlym
2981 5718 3113 5759 'rum
3141 5704 3323 5759 sedem
3350 5698 3574 5762 assumi,
