4002 6244
445 309 508 360 47
789 300 841 370 έ-

1388 313 1454 368 IN
1495 313 1687 370 VITAS
1721 313 1996 370 PATRUM
2049 315 2553 377 PROLECOMENA
2595 322 2775 379 XXVI.
3636 329 3705 381 ια

445 434 510 472 ιχ
541 433 664 486 qua,
699 412 947 487 tauquam
978 419 1205 492 digtiiori
1248 421 1390 491 loco,
1421 435 1604 493 postea
1630 425 2023 481 denominatio-
2051 432 2100 488 Λ
2127 441 2302 486 ctores
2329 434 2472 488 solus
2499 444 2579 489 est
2605 436 2757 490 divus
2788 435 3144 509 Hieronymus
3198 440 3287 510 qui
3320 440 3532 510 Latine,
3563 443 3701 511 quod

443 528 566 566 nem
596 511 882 580 acceperit.

517 603 674 658 l’etes
700 621 712 655 :
741 603 856 668 Quo
881 612 1121 673 tempore
1151 605 1248 660 viri
1277 606 1329 660 hi
1352 607 1437 676 qui
1471 607 1662 662 librum
1689 609 2022 678 conscripse-

446 702 573 748 runt
595 694 918 748 claruerint?
962 695 1273 762 ReSpondet
1304 697 1442 752 idem
1471 699 1560 767 qui
1591 713 1792 768 supra:
1828 699 1882 752 Id
1925 714 2022 766 pro

442 793 594 837 crrto
623 800 728 836 non
772 784 1016 839 habetur.
1053 785 1246 840 Verum
1279 802 1398 841 cum
1429 788 1600 858 Magni
1638 789 1878 858 Gregorii
1909 790 2019 842 Ro-

443 876 585 930 mani
616 877 899 944 pontiﬁcis,
944 876 1100 946 hujus
1152 879 1385 934 nominis
1427 882 1606 949 primi,
1657 879 1850 934 factum
1899 896 2024 934 nar-

441 975 579 1029 rent,
613 975 666 1021 et
690 967 1113 1037 synchronorum
1139 968 1430 1038 Caesarum,
1461 972 1712 1026 videlicet
1736 972 2019 1038 Anastasii,

441 1061 640 1114 'I‘iberii
663 1100 678 1124 ,
708 1061 962 1127 Mauritii,
990 1069 1044 1116 et
1070 1062 1298 1117 Zenonis
1345 1063 1669 1117 mentionem
1720 1064 1937 1130 faciant,
1967 1073 2024 1118 et

441 1155 496 1205 In
520 1161 670 1205 sexta
691 1152 896 1222 synodo
925 1154 1011 1208 hic
1037 1153 1173 1207 liber
1202 1154 1516 1218 adducatur,
1543 1155 1844 1224 conjectura
1875 1169 2023 1210 asse-

437 1244 529 1310 qui
574 1256 878 1310 possumus,
922 1245 1061 1297 circa
1108 1259 1305 1298 annum
1337 1244 1547 1300 Domini
1569 1244 2020 1301 sexcentesimum

438 1336 587 1390 illum
618 1337 780 1391 fuisse
807 1339 1190 1407 conscriptum.

510 1428 708 1491 Porro,
753 1429 818 1481 ad
857 1429 1378 1486 commendationem
1430 1432 1586 1502 hujus
1635 1431 1754 1487 libri
1807 1432 2020 1487 tandem

422 1523 691 1591 Aloysius
719 1522 1039 1590 Lipomanus
1071 1522 1321 1588 praefatur
1346 1543 1357 1575 :
1381 1543 1400 1576 ι
1431 1525 1593 1580 Liber
1620 1526 1722 1590 hic,
1752 1526 1920 1578 amice
1949 1524 2023 1578 le-

441 1623 575 1678 ctor,
607 1627 764 1682 quem
797 1612 890 1666 tibi
931 1613 1211 1682 legendum
1244 1614 1590 1679 exhibemus,
1617 1616 1829 1669 Pratum
1859 1613 2020 1682 spiri-

439 1706 578 1759 tuale
622 1706 948 1770 nominatur,
994 1721 1057 1758 ex
1094 1705 1280 1760 Graeco
1306 1707 1527 1761 Latinus
1574 1721 1667 1774 per
1696 1706 1911 1760 doctum
1945 1705 2020 1756 vi-

2125 511 2338 589 quidem
2367 534 2600 591 constet,
2628 526 2921 595 scripserit.

2195 612 2495 668 Secundum
2523 625 2575 670 et
2601 618 2812 671 tertium
2839 617 3094 687 scriptum
3123 634 3243 674 esse
3265 635 3294 675 a
3321 619 3554 682 lIttfliuo,
3583 636 3705 681 par-

2126 702 2216 754 tim
2261 717 2327 757 ex
2375 703 2498 759 divo
2525 706 2870 777 Hieronymo,
2905 707 3099 776 partim
3139 723 3205 765 ex
3238 710 3390 778 Mss.,
3421 717 3607 778 partim
3639 727 3701 764 cx

2125 792 2384 861 probabili
2410 793 2717 864 conjectura
2759 797 3103 852 asseruimus.

2194 881 2275 936 An
2308 898 2434 937 vero
2461 883 2506 936 is
2535 899 2599 938 cx
2627 884 2816 941 Graeco
2848 889 3202 955 transtulerit,
3235 890 3521 944 incertum.
3548 889 3710 941 Divus

2124 972 2482 1080 Ilierunymhs
2516 976 2721 1030 videtur
2764 978 2988 1033 iunuere
3033 996 3062 1033 a
3097 979 3311 1083 Βὲΐϋιιο
3342 980 3458 1046 ipso
3488 995 3710 1049 compo-

2123 1065 2308 1129 situm,
2335 1067 2556 1134 epistola
2588 1083 2748 1137 supra
2780 1071 2962 1124 citata.
2995 1071 3085 1125 Ait
3111 1065 3253 1125 enim
3285 1088 3298 1124 :
3331 1088 3349 1123 ι
3387 1072 3486 1139 Qui
3515 1072 3709 1126 Iihrum

2127 1169 2339 1224 quoque
2375 1160 2592 1226 scripsit
2637 1162 2785 1228 quasi
2831 1160 2898 1214 de
2938 1162 3233 1226 monachis,
3275 1179 3293 1212 ι
3349 1163 3487 1231 quod
3528 1173 3706 1215 tamen

2123 1243 2191 1298 de
2219 1245 2355 1301 libro
2392 1249 2628 1302 secundo
2672 1258 2874 1303 tantum
2913 1251 3253 1319 capiendum,
3298 1261 3355 1304 ut
3399 1261 3610 1306 constat
3639 1269 3706 1308 ex

2124 1334 2339 1392 Patrum
2390 1338 2717 1405 nominibus,
2763 1357 2882 1411 qua:
2930 1341 3083 1404 divus
3105 1343 3458 1413 Hieronymus
3505 1360 3567 1398 ex
3615 1344 3708 1398 illo

2125 1430 2321 1485 Bullini
2350 1429 2488 1484 libro
2517 1428 2794 1498 exprimit,
2826 1432 2913 1500 qui
2947 1446 3045 1486 suo
3078 1442 3317 1501 tempore
3364 1435 3707 1489 circumiere-

2125 1521 2303 1584 batur,
2346 1536 2574 1590 quorum
2606 1520 2738 1577 Vita:
2779 1522 2831 1577 in
2863 1523 3099 1578 secundo
3140 1534 3344 1579 tantum
3394 1526 3529 1581 libro
3557 1543 3709 1597 repe-

2124 1612 2354 1667 riuntur.

2197 1703 2430 1770 Quartus
2477 1703 2629 1774 liber,
2654 1719 2777 1760 cum
2826 1720 2890 1760 ex
2922 1707 3124 1763 Severo
3156 1708 3383 1778 Sulpitio
3420 1720 3472 1764 et
3502 1709 3707 1765 Joanne

438 1812 553 1849 rum
585 1795 924 1849 Ambrosium
952 1796 1418 1852 Camalduleusein
1469 1797 1787 1852 monachum
1840 1796 2016 1850 reddi-
2051 1789 2098 1848 B
2124 1795 2380 1850 Cassiano
2430 1797 2496 1849 sit
2528 1796 2900 1864 concinnatus,
2946 1815 3050 1853 non
3102 1815 3424 1868 magnopere
3461 1789 3709 1856 dubitau-

437 1899 542 1952 tus,
568 1904 723 1956 quem
757 1888 932 1944 adhuc
958 1890 1094 1959 typis
1124 1904 1399 1955 excusum,
1431 1905 1536 1943 non
1577 1891 1677 1943 nisi
1706 1888 2012 1953 vernacula,

435 1993 594 2051 atque
622 1996 683 2035 ea
720 1981 897 2035 Italica
930 1982 1101 2051 lingua
1135 1982 1435 2036 habuimus.

511 2091 531 2124 ο
569 2074 736 2127 Tanta
767 2081 943 2126 autem
975 2073 1309 2142 spritualium
1338 2073 1679 2128 ﬂosculorum
1712 2072 2018 2127 amtenitatc

432 2164 661 2220 refertus
690 2172 792 2230 est,
823 2172 879 2216 ut
917 2165 969 2217 in
1003 2165 1232 2232 paradisi
1261 2164 1468 2219 deliciis
1507 2172 1656 2218 ortus
1685 2179 1805 2219 esse
1837 2164 2018 2217 videa-

430 2263 540 2310 tur.
585 2257 641 2309 In
689 2270 754 2309 eo
802 2256 1062 2323 siquidem
1113 2258 1450 2325 antiquorum
1501 2256 1909 2317 monachorum,
1963 2262 2018 2309 ct

435 2346 663 2400 aliorum
692 2345 904 2398 Patrum
937 2345 1048 2399 Deo
1085 2361 1150 2400 ex
1188 2346 1387 2400 intimis
1419 2346 1730 2414 praecordiis
1778 2345 2016 2399 servien-

433 2442 567 2492 tium
601 2437 804 2492 redolet
839 2439 959 2492 vitze
990 2439 1266 2506 splendor,
1300 2438 1559 2506 regularis
1598 2437 1890 2506 disciplinae
1918 2436 2016 2490 ob-

435 2531 723 2594 serVantia,
751 2529 1014 2597 pudicitia:
1036 2528 1146 2602 [χι]
1169 2539 1222 2583 et
1250 2529 1592 2584 continentiae
1615 2542 1823 2595 norma,
1847 2527 2017 2581 victus

431 2629 490 2675 et
540 2620 765 2674 vestitus
815 2619 1182 2685 parcimonia,
1241 2627 1424 2671 contra
1483 2616 1766 2672 bzereticos
1823 2615 2016 2670 invicta

432 2711 754 2773 constantia,
785 2709 838 2763 in
861 2708 1100 2777 jejuniis,
1125 2707 1319 2777 vigiliis
1361 2715 1414 2761 et
1445 2707 1775 2762 oratiOnibus
1803 2694 2015 2760 assidua

433 2800 850 2872 perseverantia,
880 2810 932 2852 ct
959 2813 1084 2868 erga
1116 2798 1399 2852 Dominum
1423 2798 1603 2853 Jesum
1625 2797 1891 2852 Chri~tum
1916 2795 2018 2850 exi-

434 2895 572 2946 mius
602 2899 657 2945 et
687 2889 1071 2944 inaestimabilis
1101 2903 1286 2955 amor;
1331 2890 1455 2958 quin
1486 2889 1645 2942 etiam
1681 2887 2014 2942 admirabilia

432 2982 699 3052 quzedain,
730 2996 793 3036 ac
823 2981 1024 3050 Spiritu
1055 2987 1241 3035 sancto
1287 2979 1441 3047 plena
1484 2993 1762 3048 responsa,
1790 2993 1908 3048 quae
1941 2977 2015 3032 le-

433 3077 667 3151 gentium
699 3083 906 3130 mentes
933 3072 1194 3143 spirituali
1221 3072 1450 3142 quadam
1480 3071 1764 3126 dulcedine
1795 3071 2032 3140 perfun-A

2121 1885 2270 1950 dum,
2319 1886 2447 1954 quin
2494 1900 2521 1937 a
2565 1885 2756 1940 Latino
2801 1885 2935 1957 [xu]
3001 1899 3221 1944 auctore
3263 1905 3323 1944 ea
3369 1891 3709 1944 concinnatiu

2121 1977 2260 2033 facta
2300 1979 2651 2047 sit,maxime
2677 1994 2798 2034 cum
2828 1979 3007 2035 verbis
3041 1991 3315 2035 auctorum
3359 1982 3709 2037 conciunator

2123 2071 2435 2141 plerumque
2463 2081 2659 2126 utatur.

2190 2162 2368 2227 Quinti
2399 2172 2451 2215 et
2479 2163 2619 2216 sexti
2663 2162 2782 2217 libri
2817 2162 3059 2217 Grtecum
3098 2173 3369 2218 auctorem
3406 2179 3550 2230 esse,
3577 2180 3708 2218 con-

2119 2259 2227 2306 stat
2252 2268 2315 2305 ex
2343 2249 2515 2305 Photii
2548 2251 2900 2319 Bibliotheca,
2946 2254 3078 2308 Cod.
3106 2255 3232 2324 l98,
3261 2255 3350 2324 qui
3389 2271 3482 2310 eos
3521 2254 3706 2311 Graece

2120 2341 2266 2412 legit,
2300 2350 2354 2396 et
2379 2343 2501 2412 styli
2534 2345 2966 2412 perspicuitatem
3001 2347 3286 2430 c‘ollaudat.

2189 2434 2414 2504 Septimi
2456 2436 2575 2490 libri
2599 2436 2844 2491 Graacum
2886 2447 3158 2494 auctorem
3187 2454 3326 2506 esse,
3361 2440 3558 2496 indicat
3589 2441 3705 2510 ipse

2119 2524 2383 2592 interpres
2419 2525 2756 2580 Paschasius.

2189 2617 2369 2670 Octavi
2414 2615 2536 2670 libri
2565 2615 2782 2672 Graecus
2823 2627 3008 2673 auctor
3053 2629 3135 2674 est
3164 2619 3453 2685 Palladius,
3486 2627 3544 2675 ut
3585 2621 3700 2675 cla-

2118 2721 2235 2761 rum
2262 2715 2344 2761 est
2371 2722 2440 2762 ex
2462 2707 2703 2766 Socrate.
2735 2708 3115 2778 prolegomeuo
3146 2711 3226 2764 I0.

2190 2795 2329 2850 Noni
2360 2797 2480 2852 libri
2527 2807 2714 2853 auctor
2759 2811 2842 2854 est
2872 2799 3264 2865 Theodorelus,
3295 2813 3351 2858 ut
3379 2819 3538 2873 supra
3569 2803 3706 2858 vidi-

2112 2898 2258 2949 mus,
2288 2900 2446 2956 quem
2477 2885 2722 2941 Grmcum
2756 2888 2919 2944 fuisse
2947 2890 3103 2944 nimis
3127 2908 3282 2961 quam
3309 2902 3513 2945 notum.

2189 2974 2551 3030 Decimi-libri
2597 2985 2782 3033 auctor
2834 2987 2915 3034 est
2953 2980 3187 3037 Joannes
3231 2982 3496 3047 Moschus,
3542 2998 3704 3053 quem

2118 3066 2306 3122 Graece
2339 3068 2618 3136 scripsisse
2661 3077 2887 3124 testatur
2918 3071 3160 3137 Pbotius,
3195 3071 3534 3128 Biinotheca:
3564 3074 3701 3128 Cod.

431 3170 600 3232 dunt;
648 3174 953 3219 sanctarum
1001 3161 1232 3230 denique
1287 3161 1568 3215 mulierum
1616 3161 1811 3215 invicta
1860 3161 2017 3228 lides,
2045 3157 2250 3225 0199,
2300 3157 2521 3228 haecque
2565 3159 2632 3214 de
2679 3160 2796 3229 ejus
2840 3163 2979 3232 stylo
3026 3162 3223 3218 habet:
3256 3174 3307 3218 Ἦ
3342 3163 3394 3219 δὲ
3423 3170 3512 3218 τοῦ
3551 3165 3710 3236 λόγου

432 3261 652 3332 castitas
700 3253 1154 3324 incomparabilis,
1185 3261 1240 3308 et
1269 3251 1396 3308 felix
1424 3266 1610 3308 earum
1663 3253 1717 3308 in
1749 3256 1854 3308 Deo
1885 3270 2014 3310 con-

431 3350 736 3403 summatio.

509 3457 525 3489 ι
562 3437 606 3492 O
632 3440 675 3491 si
708 3439 840 3492 tales
869 3437 1030 3492 modo
1061 3436 1421 3492 inveniremus
1448 3437 1640 3492 milites
1665 3436 1876 3492 Christo
1901 3435 2015 3490 ser-

429 3532 660 3596 vientes,
694 3543 853 3598 quam
905 3528 1145 3594 illustris,
1193 3543 1350 3596 quam
1380 3527 1680 3596 splendida,
1707 3542 1865 3596 quam
1911 3525 2011 3580 de-

429 3636 555 3674 cora
585 3627 729 3674 esset
752 3618 1006 3673 Ecclesiae
1036 3626 1231 3673 nostra:
1263 3617 1467 3673 Facies!
1507 3633 1664 3686 quam
1701 3617 1838 3672 adeo
1860 3616 2011 3684 deje-

429 3719 570 3764 ctam
597 3719 650 3764 et
677 3708 995 3773 obsoletam,
1027 3721 1088 3761 ac
1118 3720 1278 3776 supra
1303 3707 1468 3777 pelles
1496 3705 1819 3772 Salomonis,
1854 3715 2013 3774 atque

430 3804 595 3875 Moysi
627 3803 1014 3873 Ethiopissam
1043 3803 1162 3871 (pro
1189 3801 1339 3857 dolor
1365 3801 1406 3871 !)
1433 3801 1763 3870 denigratam
1795 3799 2014 3866 conspi-

430 3897 623 3952 cimus.

511 4006 530 4039 ι
571 3988 709 4056 Lege
755 4001 882 4055 ergo
932 3985 1134 4040 lubenti
1182 3985 1380 4050 animo,
1428 3992 1483 4039 et
1534 3983 1640 4039 ﬁde
1685 3991 1828 4039 certa
1880 3996 2014 4050 opus

434 4079 596 4142 istud,
627 4075 851 4130 candide
879 4075 1070 4141 lector,
1101 4075 1253 4143 cujus
1280 4073 1585 4142 exemplum
1617 4089 1686 4129 ex
1723 4074 2012 4142 apostolica

437 4169 765 4224 Bibliotheca
793 4165 1124 4235 accepimus;
1153 4174 1208 4221 et
1253 4166 1325 4221 ita
1357 4181 1533 4220 mores
1564 4174 1617 4220 et
1657 4165 1821 4220 vitam
1867 4174 2011 4220 tuam

434 4262 501 4315 ad
533 4261 649 4330 ejus
679 4259 959 4315 lectionem
1002 4272 1284 4327 compone,
1315 4267 1373 4312 ut
1413 4257 1601 4312 talium
1637 4267 2012 4327 tantorumque

432 4355 690 4418 virorum,
720 4365 855 4421 quos
885 4351 969 4404 hic
1000 4334 1300 4418 descriptos
1328 4348 1590 4414 invenies,
1623 4349 1813 4417 dignus
1841 4361 2009 4400 temu-

430 4449 567 4502 lator
609 4449 829 4510 existas,
864 4441 1200 4513 postmodum
1247 4457 1376 4496 vero
1414 4456 1598 4496 eorum
1649 4437 1916 4495 consortio
1958 4438 2010 4492 in

427 4547 627 4592 aeterna
661 4534 983 4591 beatitudine
1023 4533 1249 4588 feliciter
1277 4530 1588 4604 adjungare.
1639 4531 1790 4600 Quod
1837 4529 1929 4584 tibi
1957 4538 2013 4584 et
2045 4524 2095 4584 D

427 4630 561 4683 mihi
608 4628 864 4682 Dominus
911 4634 1169 4695 praastare
1217 4624 1486 4692 dignetur,
1538 4633 1592 4677 et
1631 4622 1878 4677 omnibus
1918 4623 2010 4694 qui

430 4719 712 4775 Dominum
743 4716 924 4771 Iesum
951 4715 1176 4784 diligunt
1207 4715 1258 4767 in
1289 4715 1618 4768 sinceritate.
1649 4714 1801 4768 Vale.
1841 4731 1859 4763 ι

855 4843 1409 4898 PROLECOMENON
1445 4843 1581 4898 XIII.

844 4958 959 5024 Qua
987 4958 1164 5028 lingua
1191 4958 1307 5010 libri
1335 4959 1387 5011 lii
1413 4957 1629 5027 scripti?

498 5074 628 5128 Dico
661 5092 674 5125 :
705 5073 955 5141 PIerique
979 5071 1101 5126 libri
1126 5085 1316 5126 omnes
1341 5069 1526 5125 Graece
1552 5069 1738 5138 scripti
1766 5078 1911 5124 sunt.

496 5163 706 5218 I’atebit
773 5179 938 5226 mox,
1007 5163 1290 5232 assignatis
1354 5177 1541 5217 eorum
1605 5161 2006 5230 interpretibus.

428 5255 686 5325 Equidem
718 5269 837 5309 cum
871 5265 1049 5323 patres
1090 5256 1161 5308 illi
1198 5269 1332 5323 pene
1360 5268 1550 5308 omnes
1577 5252 1628 5307 in
1652 5254 1871 5308 Oriente
1900 5256 2010 5307 uati

425 5349 555 5413 sint,
604 5347 950 5417 celebresque
983 5348 1239 5414 vixerint,
1289 5361 1396 5401 non
1445 5346 1638 5400 mirum
1683 5346 1752 5400 ab
1775 5346 2008 5400 Orientis

429 5439 756 5505 hominibus,
781 5441 986 5496 Gra>cis
1033 5441 1263 5494 maxime
1310 5439 1397 5508 qui
1443 5439 1712 5494 scribendi
1758 5439 2013 5494 facultate

431 5531 735 5600 pollebant,
788 5533 1170 5584 monachorum
1222 5529 1417 5598 quibus
1483 5529 1832 5582 convixerant
1894 5540 2008 5581 ara

425 5624 655 5691 posteris
683 5637 802 5677 esse
833 5622 1170 5676 transmissa.

496 5716 552 5774 In
585 5730 754 5785 prino
791 5717 944 5777 libro,
977 5716 1064 5783 qui
1104 5715 1368 5769 miscellu:
1408 5725 1510 5779 est,
1548 5714 1687 5771 inter
1712 5716 2009 5792 variosau-

2119 3249 2353 3324 ἑρμηνεία
2380 3251 2449 3308 εἰς
2477 3249 2535 3304 τὸ
2563 3252 2912 3324 ταπεινότερον
2952 3260 3044 3308 τοῦ
3081 3257 3334 3330 προτέρου
3352 3295 3365 3319 ,
3412 3259 3495 3310 καί
3519 3257 3707 3326 ἀμαθέ-

2119 3362 2302 3414 στερον
2329 3342 2580 3396 ἀποκλίνει
2609 3358 2623 3395 :
2658 3361 2676 3395 ‹
2709 3343 2899 3411 Operis
2927 3354 3101 3400 autem
3130 3345 3287 3414 hujus
3313 3347 3497 3410 dictio,
3533 3349 3710 3416 magis

2116 3447 2274 3502 quam
2309 3434 2657 3503 praecedentis
2698 3435 2964 3504 (videlicet
2991 3437 3158 3505 quinti
3195 3447 3245 3490 et
3269 3439 3407 3492 sexti
3437 3439 3556 3494 libri
3588 3437 3706 3506 hic)

2115 3524 2182 3579 ad
2213 3524 2550 3580 humiliorem
2569 3539 2638 3580 ac
2664 3526 2932 3582 rudiorem
2957 3528 3130 3596 Vergit
3150 3528 3368 3598 styltnn.
3406 3547 3424 3581 ι

2546 3660 3101 3719 PROLECOMENON
3146 3664 3280 3721 XIV.

2437 3775 2537 3840 Qui
2567 3777 2748 3830 horum
2769 3777 3013 3830 librorum
3039 3777 3379 3846 interpretes?

2189 3886 2319 3942 Dico
2348 3905 2362 3941 τ
2392 3888 2535 3943 \‘arii
2562 3897 2686 3943 sunt
2716 3889 2905 3942 horum
2938 3889 3197 3944 librorum
3229 3887 3568 3957 interpretes.

2190 3983 2247 4037 In
2273 3984 2445 4052 primo
2475 3983 2612 4037 libro
2643 3984 2694 4035 hi
2725 3983 2835 4035 noti
2858 3992 3149 4036 occurrunt
3172 3984 3514 4050 interpretes.

2189 4075 2240 4129 1.
2299 4072 2564 4144 Evagrius
2619 4072 2904 4142 episcopus
2965 4074 3368 4140 Autiochenus,
3433 4074 3700 4146 interpres

2116 4163 2254 4219 Vitae
2300 4165 2470 4219 sancti
2501 4163 2721 4220 Antonii
2769 4164 3040 4219 monachi.
3092 4163 3226 4220 Vide
3263 4164 3328 4218 ad
3375 4179 3492 4218 eam
3525 4164 3699 4218 Vitam

2117 4253 2395 4322 prmludia.

2113 4361 2118 4366 ”
2185 4345 2241 4400 2.
2285 4344 2572 4415 Dionysius
2620 4343 2852 4413 Exiguus
2900 4343 3164 4414 interpres
3209 4342 3342 4397 Vita:
3387 4342 3553 4396 sancti
3598 4340 3700 4396 Pa-

2115 4435 2336 4492 chumii.
2366 4436 2598 4491 Consule
2627 4436 2879 4500 prmludia
2911 4436 3045 4490 Vitae
3076 4436 3150 4490 illi
3182 4435 3474 4503 praemissa.

2189 4528 2242 4583 5.
2285 4528 2455 4583 Ursus
2504 4527 2562 4584 S.
2593 4527 2660 4580 Β.
2693 4527 2757 4580 E.
2801 4527 3196 4592 subdiaconus,
3253 4527 3515 4593 interpres
3561 4523 3701 4579 Viue

2115 4618 2285 4673 sancti
2317 4617 2500 4671 Basilii
2529 4619 2871 4673 Caesariensis
2900 4618 3156 4689 episcopi.
3190 4617 3264 4671 De
3288 4615 3424 4671 Urso
3451 4615 3569 4669 ride
3600 4623 3702 4668 no-

2119 4711 2348 4763 tationes
2367 4709 2431 4761 ad
2461 4723 2576 4763 eam
2603 4708 2801 4764 Vitam.
3692 4719 3696 4730 '

2189 4801 2244 4854 4.
2321 4800 2592 4855 Gerardus
2671 4801 2887 4856 Vossius
2961 4799 3225 4869 interpres
3319 4800 3452 4856 Vitae
3525 4799 3701 4855 sancti

2116 4891 2384 4960 Ephrarm.
3694 4905 3699 4912 ·

2187 4982 2241 5036 5.
2283 4982 2593 5037 Anastasius
2649 4982 2707 5036 S.
2738 4983 2800 5036 Ii.
2838 4983 2901 5037 Ε.
2934 4982 3395 5050 Bibliothecarius,
3435 4984 3701 5050 interpres

2119 5071 2252 5124 Vitzr.
2290 5072 2456 5126 Sancli
2485 5072 2706 5126 Joannis
2739 5072 3178 5142 Eleemosynarii,
3228 5073 3542 5141 patriarchae
3571 5071 3700 5124 Ales

2117 5164 2379 5218 xandrini.
2408 5164 2542 5219 Vide
2572 5163 2637 5218 ad
2676 5180 2793 5219 eam
2819 5165 2990 5219 Vitam
3031 5163 3300 5234 praeludis.

2187 5258 2242 5312 6.
2283 5257 2511 5312 Iacobus
2546 5258 2728 5312 Billius
2776 5258 3041 5328 interpres
3076 5259 3202 5311 Vitze
3233 5269 3537 5310 sanctorum
3570 5255 3696 5308 Itir-

2116 5347 2253 5402 laam
2285 5358 2336 5402 et
2360 5348 2638 5417 Josaphat.

2187 5441 2241 5494 7.
2286 5441 2608 5495 Eustochius
2655 5443 2917 5509 interpres
2944 5441 3074 5494 Vita:
3101 5451 3301 5494 sancta:
3330 5439 3574 5507 Pelagizr.

2185 5532 2236 5584 8.
2282 5532 2477 5585 Paulus
2521 5533 2769 5600 Neapolis
2817 5532 3067 5586 Ecclesite
3102 5533 3378 5594 diaconus,
3431 5531 3694 5598 interpres

2117 5621 2250 5675 Vita:
2277 5622 2445 5674 beatae
2480 5622 2658 5677 Maria:
2681 5623 3012 5694 Egyptiacaz

2187 5715 2439 5771 ‘.\lclcl.ior
2478 5715 2789 5780 Goldastus,
2844 5729 2971 5772 tom.
3020 5715 3037 5770 I
3086 5718 3282 5772 Rerum
3330 5713 3698 5772 Alematzuioa-
