4002 6230
234 347 299 402 ιι
1500 324 2051 383 PROLEGOMENON
2097 323 2230 378 XlV.
3425 322 3499 376 δι)

235 471 370 522 rnui,
403 467 553 524 parte
583 457 644 522 ἃ,
696 455 834 510 notis
879 451 943 507 ad
973 451 1322 519 Hepidannm,
1373 449 1437 502 de
1474 448 1584 499 Vita
1618 452 1814 498 sancta:
1846 447 1894 501 Α
1921 440 2196 495 attulerint
2257 442 2698 512 pruba‘et'itthue
2724 483 2740 507 ,
2817 443 3004 497 lubens
3060 442 3414 512 acquiescam.
3464 463 3489 497 ι

238 547 542 605 Wiboradte
587 548 864 603 existimat
891 543 1065 599 Vitam
1103 551 1304 596 sancta:
1332 538 1581 608 Eugenia:
1611 551 1820 590 verSam

238 657 268 696 a
302 641 537 694 ltufliuo.
588 639 698 694 Sed
742 637 884 691 unde
932 636 1036 689 lioc
1075 632 1506 702 deprompserit,
1575 628 1820 696 equidem

240 732 441 788 nescio.
492 730 842 791 Possevinus,
886 726 940 781 in
980 729 1250 794 Apparatu
1299 738 1474 786 sacro,
1525 721 1599 773 ait
1650 719 1820 771 Vitam

240 836 435 880 sancta!
462 822 716 891 Eugeniae
746 820 996 888 scriptam
1025 817 1092 870 ab
1117 814 1400 871 Ambrosio
1426 809 1821 867 Camaldulensi

241 918 450 973 abbate.
491 918 576 970 An
615 928 828 968 versam
860 912 1008 966 vult?
1039 910 1193 965 Certe
1223 910 1370 976 plura
1407 907 1509 960 alia
1554 905 1698 960 Vitas
1729 904 1823 956 Pa-

246 1017 378 1061 trum
405 1004 704 1074 spectantia
735 1003 875 1058 idem
904 1009 1108 1064 auctor,
1131 999 1320 1055 eodem
1350 1007 1502 1059 teste,
1540 994 1714 1049 vertit.

313 1095 464 1168 [sui]
505 1094 810 1158 Secundus,
868 1092 1057 1147 tertius
1104 1101 1158 1145 et
1199 1099 1426 1159 quartus
1474 1086 1594 1142 libri
1640 1083 1826 1151 scripti

244 1195 368 1241 sunt
397 1183 606 1247 Latine,
641 1183 725 1238 vel
765 1191 911 1237 certe
949 1181 1015 1235 de
1057 1182 1304 1236 versione
1331 1193 1437 1234 non
1466 1174 1826 1232 constat.-Vel

249 1279 420 1346 potius
454 1295 466 1329 ε
496 1288 718 1345 quartus
763 1284 913 1330 certo
961 1274 1193 1340 scriptus
1223 1272 1432 1337 Latine,
1463 1271 1528 1325 de
1558 1269 1826 1339 prioribus

245 1368 450 1422 duobus
480 1367 726 1420 dubium.
779 1366 912 1420 Vide
940 1366 1080 1420 dicta
1114 1364 1408 1434 prolegom.
1439 1364 1496 1428 4,
1523 1364 1558 1418 5
1583 1373 1637 1417 et
1663 1362 1715 1416 6.

312 1459 494 1527 Quinti
521 1459 644 1514 libri
675 1461 938 1528 interpres
964 1467 1044 1514 est
1073 1457 1316 1527 Pelagius
1367 1456 1425 1510 S.
1460 1455 1524 1509 lt.
1556 1455 1617 1508 E.
1648 1454 1828 1509 diaco-

247 1566 366 1608 IIIIS.

315 1643 387 1695 Ita
439 1651 754 1698 constanter
789 1641 911 1696 Mss.
948 1641 1278 1711 Sigebertus,
1317 1641 1383 1694 dc
1425 1639 1618 1694 illustr.
1647 1637 1829 1693 Eccle-

246 1733 334 1787 sia:
375 1733 781 1800 Scriptoribus,
831 1747 952 1801 cap.
990 1730 1092 1785 “6
1146 1747 1158 1784 :
1217 1748 1236 1782 ι
1287 1730 1530 1802 Pelagius
1572 1729 1824 1782 diaconus

1928 533 2190 587 Hactenus
2217 534 2321 587 ille.
3522 597 3525 602 λ

1997 623 2219 690 Septimi
2270 623 2384 676 libri
2432 623 2690 688 interpres
2732 631 2817 677 est
2865 624 3199 686 Paschasius,
3246 624 3302 678 S.
3330 623 3396 676 Β.
3433 624 3493 676 E.

1927 713 2202 778 diaconus,
2232 715 2318 781 qui
2353 712 2530 783 [κιιιι]
2559 712 2767 766 Martini
2802 713 3103 767 Duniicnsis
3149 713 3357 768 abbatis
3407 730 3496 767 ro-

1927 813 2048 871 gatu
2080 819 2200 857 eum
2232 804 2303 855 La
2333 804 2519 857 initate
2549 803 2788 857 donavit.

2001 893 2070 944 Ita
2099 893 2294 948 diserte
2323 895 2562 961 praefatio
2603 894 2737 958 ltro
2766 895 2836 948 illi
2869 896 3090 965 praeﬁxa
3138 896 3368 964 praefert.
3401 895 3530 969 Te-_

1927 991 2096 1037 statur
2137 999 2345 1052 quoque
2389 985 2694 1053 Sigebertus
2723 1000 2902 1054 supra,
2933 1000 3053 1053 cap.
3086 985 3226 1041 H8:
3264 1005 3281 1036 ‹
3319 985 3500 1038 Marti-

1927 1087 2027 1126 nus
2081 1075 2358 1142 episcopus
2423 1074 2687 1129 transtulit
2749 1091 2838 1144 per
2900 1091 3116 1129 manum
3236 1076 3502 1129 Pascliasii

1927 1162 2147 1222 diaconi.
2168 1165 2604 1233 interrogationes
2625 1174 2681 1219 et
2705 1169 3077 1234 responsiones
3101 1165 3354 1233 plurimas
3383 1181 3504 1218 san-

1925 1240 2132 1309 ctorum
2157 1256 2525 1327 ngyptiorum
2558 1260 2768 1313 Patrum
2799 1259 2850 1312 in
2878 1259 3148 1312 Dumiensi
3176 1259 3443 1312 cmnobio.
3484 1276 3501 1308 ι

1997 1346 2229 1402 Advorte
2272 1347 2375 1414 hic,
2409 1350 2596 1416 primo,
2627 1350 2759 1405 duos
2788 1348 2954 1404 fuisse
2987 1349 3299 1404 Paschasius
3329 1348 3509 1402 diaco-

1928 1451 2027 1490 nos
2064 1438 2145 1489 his
2185 1441 2511 1506 temporibus
2542 1455 2676 1507 pene
2713 1455 2968 1509 suppares
2999 1445 3143 1512 (nam
3193 1441 3509 1496 Paschasius

1929 1527 2216 1582 llatbertns
2259 1529 2463 1583 duobus
2503 1532 2712 1588 szeculis
2742 1533 3006 1601 posterior
3034 1532 3086 1586 in
3119 1533 3259 1588 bunc
3287 1549 3512 1588 censum

1930 1621 2115 1674 venire
2138 1635 2242 1673 non
2273 1622 2486 1688 potest),
2514 1632 2792 1692 utrumque
2811 1623 3024 1692 scriptis
3049 1623 3274 1679 clarum.
3297 1625 3530 1679 Primus.

1932 1717 2014 1762 est
2047 1709 2358 1764 Paschasius
2390 1713 2448 1766 S.
2481 1712 2544 1767 lt.
2573 1712 2636 1766 Ε.
2667 1714 2944 1779 diaconus,
2983 1732 3001 1766 ‹
3038 1718 3190 1783 cujus
3228 1716 3538 1769 rectissinii.

246 1824 499 1878 Romanae
530 1823 785 1877 Ecclesize
835 1823 1107 1876 transtulit
1147 1821 1213 1876 de
1240 1823 1429 1878 Grarco
1471 1823 1523 1876 in
1553 1821 1818 1886 Latinum,

1943 1801 2024 1855 ait
2049 1812 2265 1857 sanctus
2292 1802 2576 1872 Gregorius
2605 1805 2698 1861 lib.
2731 1822 2782 1861 ιν
2815 1807 3037 1878 Dialog.,
3071 1823 3189 1875 cap.
3225 1807 3316 1878 40)
3347 1818 3400 1863 et
3433 1809 3512 1861 ln-

245 1918 311 1967 de
338 1913 457 1965 Vita
505 1922 559 1966 et
606 1912 885 1976 doctrina,
935 1922 990 1968 et
1033 1913 1100 1967 de
1150 1901 1478 1980 perfectioiie
1521 1922 1828 1966 sanctorum

249 2003 464 2055 Patrum
497 2003 660 2056 libros
691 2018 799 2066 xvr,
831 2004 1036 2057 scilicet
1065 2021 1076 2054 :
1105 2003 1168 2057 de
1190 2001 1434 2074 Profectu
1466 2005 1831 2057 monachorum

248 2093 333 2146 lib.
365 2109 412 2157 t;
446 2093 510 2146 de
536 2094 734 2158 Quiete,
767 2110 811 2157 t;
843 2095 906 2146 de
926 2094 1344 2163 Compunctione,
1379 2110 1423 2159 t;
1471 2094 1534 2146 de
1557 2093 1833 2147 Continen-

247 2186 334 2247 tia,
366 2199 410 2244 t;
441 2182 632 2236 Contra
670 2185 1080 2253 fornicationem,
1112 2200 1160 2249 t;
1215 2184 1366 2250 Quod
1398 2185 1672 2236 monac/ius
1705 2183 1833 2236 nihil

247 2277 420 2328 debeat
447 2277 731 2345 possidere,
763 2292 812 2340 ις
859 2277 1010 2342 Quod
1041 2277 1169 2329 nihil
1195 2292 1283 2345 per
1314 2279 1697 2329 os'entatiortem
1722 2276 1836 2342 fieri

249 2366 440 2429 debeat,
477 2381 526 2430 t;
591 2365 666 2419 De
706 2367 948 2435 patientia
989 2376 1037 2419 et
1079 2363 1413 2434 fortitudine,
1457 2380 1503 2428 t;
1549 2363 1698 2427 Quod
1733 2380 1833 2418 non

248 2465 472 2519 oporteat
502 2458 745 2526 judicare
780 2474 1106 2527 quemquam,
1135 2473 1181 2522 I;
1225 2456 1373 2521 Quod
1423 2465 1617 2525 oportet
1667 2454 1833 2508 sobrie

247 2551 436 2612 risere,
483 2565 535 2614 ις
583 2550 736 2615 Quod
783 2549 892 2601 sine
937 2549 1312 2602 intermissione
1356 2556 1404 2600 et
1432 2547 1596 2600 sobrie
1637 2555 1832 2612 oportet

249 2655 411 2702 orare,
444 2653 492 2702 t;
541 2639 608 2692 de
634 2638 957 2702 Humilitate,
990 2654 1034 2704 I;
1070 2639 1134 2690 de
1162 2636 1491 2702 Pam-tentia,
1525 2654 1569 2702 ις
1611 2639 1672 2690 de
1699 2639 1833 2692 Cha-

249 2734 410 2793 ritate.
442 2748 496 2795 l;
529 2734 593 2784 de
620 2731 972 2796 Providentia,
1004 2747 1092 2784 seu
1121 2729 1582 2796 Contemplatione,
1628 2744 1663 2782 ι.
1702 2749 1718 2780 ι

317 2825 464 2878 Sesti
498 2825 620 2879 libri
662 2825 929 2892 interpres
956 2833 1039 2879 est
1063 2825 1297 2880 Joannes
1341 2823 1398 2878 S.
1427 2822 1492 2877 lt.
1522 2823 1580 2876 E.
1612 2820 1832 2875 subdia-

250 2931 278 2968 ε
313 2933 428 2968 ltth‘.

278 3045 284 3050 -
319 3008 390 3060 Ita
418 3021 612 3061 omnes
631 3005 757 3061 Mss.
785 3006 1094 3073 Sigebemts
1113 3019 1292 3072 supra,
1319 3019 1438 3073 cap.
1460 3003 1556 3056 H7
1581 3017 1596 3056 :
1623 3020 1640 3053 ι
1673 3002 1832 3056 Joan-

251 3113 342 3150 nes
387 3097 751 3150 subdiaconus
785 3097 1053 3150 transtulit
1076 3096 1142 3150 de
1173 3094 1362 3150 Graeco
1406 3096 1458 3150 in
1486 3095 1731 3149 Latinum
1763 3093 1832 3149 de

255 3186 365 3240 \Zita
399 3197 449 3238 et
476 3186 722 3240 doctrina
754 3186 967 3240 Patrum
1014 3187 1203 3240 librum
1247 3201 1284 3240 t.
1326 3204 1346 3237 s

321 3276 472 3340 Quod
525 3290 654 3329 vero
698 3275 1105 3343 aitSigebertns
1147 3290 1176 3328 a
1207 3275 1411 3330 Joanne
1455 3275 1768 3329 translatum
1801 3289 1844 3330 e-

254 3365 442 3418 Grzeco
469 3365 521 3417 in
550 3365 796 3418 Latinum
819 3365 1004 3418 librum
1033 3381 1212 3429 unum,
1245 3380 1366 3418 cum
1397 3375 1576 3419 tamen
1606 3374 1836 3434 quatuor

254 3453 464 3507 libellos
511 3454 861 3519 transtulerit,
898 3457 1067 3522 potuit
1100 3456 1199 3508 hoc
1229 3455 1517 3521 contigisse
1547 3460 1687 3524 quod
1720 3456 1835 3525 ipse

254 3546 303 3598 in
336 3547 436 3600 Ms.
471 3547 752 3613 inciderit,
803 3549 892 3617 qui
936 3548 1146 3602 libellos
1187 3549 1306 3602 illos
1343 3550 1461 3602 sine
1505 3551 1657 3603 titulo
1694 3551 1834 3604 indi-

253 3638 475 3691 uinctos
521 3638 898 3692 connectebat.
957 3639 1048 3693 Vel
1101 3639 1290 3692 librum
1329 3657 1486 3694 unum
1529 3641 1699 3710 capit,
1744 3641 1836 3712 qui

254 3737 482 3794 quatuor
514 3728 725 3783 libellos
752 3729 1008 3783 continet.

326 3818 561 3872 Adverte
617 3821 736 3886 quis
779 3829 957 3872 autem
995 3821 1236 3889 Pelagius
1280 3822 1394 3885 hic,
1443 3822 1560 3890 quis
1601 3823 1836 3878 Joannes

257 3907 435 3971 fuerit,
487 3909 680 3963 merito
721 3912 888 3978 quaeri
919 3919 1110 3976 potest.
1147 3911 1210 3965 Β.
1237 3911 1296 3965 Ρ.
1331 3912 1594 3982 Ge-irgius
1623 3913 1832 3968 Garne-

259 4000 368 4060 (ett,
403 3998 536 4052 libro
577 4014 734 4066 supra
765 4003 950 4066 citato,
995 4015 1180 4056 censet
1211 4003 1480 4071 Pelagium
1527 4004 1668 4058 hunc
1712 4013 1837 4062 ante

257 4089 316 4143 S.
344 4089 413 4143 ll.
443 4089 502 4142 E.
538 4089 841 4154 diaconum,
870 4106 990 4142 cum
1023 4091 1163 4145 hunc
1209 4092 1400 4145 librum
1433 4101 1688 4157 verteret,
1719 4103 1841 4162 post

258 4179 425 4234 fuisse
457 4181 752 4234 llomanum
797 4180 1101 4249 pontificem
1147 4181 1218 4236 ab
1262 4198 1404 4236 anno
1451 4184 1658 4238 Domini
1709 4186 1835 4252 555,

261 4287 430 4335 usque
474 4274 541 4325 ad
589 4288 787 4326 annum
828 4272 955 4328 559.
1011 4291 1028 4324 ι
1068 4273 1148 4327 Ad
1178 4273 1322 4342 quod
1365 4276 1725 4341 sentiendum,
1760 4278 1841 4332 in.

259 4365 394 4429 quit,
425 4366 534 4418 duo
560 4378 646 4418 me
669 4365 968 4434 impellunt,
1005 4365 1057 4418 l°
1078 4365 1217 4434 quod
1247 4365 1405 4419 fuerit
1427 4367 1619 4436 linguae
1638 4368 1842 4423 Graeca:

264 4456 649 4522 peritissimus;
704 4455 762 4507 2°
788 4455 928 4524 quod
971 4455 1145 4509 varias
1195 4456 1488 4524 legationes
1536 4457 1730 4511 obierit
1772 4460 1840 4512 ad

1936 1894 2134 1948 colenti
2195 1895 2262 1949 de
2307 1904 2496 1950 sancto
2541 1896 2740 1965 Spiritu
2788 1898 2908 1952 libri
2947 1908 3192 1964 exstant;
3230 1919 3248 1951 ι
3281 1901 3511 1969 quiq'e,

1931 1985 2117 2040 eodem
2172 1996 2345 2052 teste,
2395 2006 2416 2041 ι
2467 1989 2793 2057 temporibus
2843 1991 3146 2060 Symmachi
3206 1993 3515 2060 apostolica:

1931 2077 2078 2130 sedis
2109 2079 2350 2144 praesulis
2379 2079 2660 2135 defunctus
2689 2091 2790 2136 est.
2831 2100 2848 2132 ι
2886 2083 3031 2137 Sedit
3061 2093 3236 2137 autem
3272 2084 3514 2153 Symma-

1932 2168 2066 2222 chus
2091 2168 2158 2221 ab
2186 2184 2324 2222 anno
2354 2169 2456 2224 499
2477 2171 2542 2224 ad
2569 2187 2766 2226 annum
2791 2173 2914 2227 515.
2947 2173 3112 2242 llujns
3141 2174 3300 2228 etiam
3323 2174 3514 2228 memi-

1935 2259 2011 2311 nit
2040 2257 2368 2328 Sigebertus,
2401 2262 2470 2316 de
2498 2262 2695 2316 illustr.
2731 2263 2875 2317 Eccl.
2923 2264 3209 2331 Scriptor.,
3255 2278 3373 2330 cap.
3425 2263 3513 2326 ΓΙ,

1935 2356 1988 2401 et
2031 2348 2119 2401 alii
2152 2351 2496 2416 posteriores.
2531 2351 2627 2405 llic
2657 2353 2795 2406 idem
2827 2363 2910 2407 est
2935 2353 3001 2406 ad
3032 2368 3190 2421 quem
3227 2352 3519 2423 Eugippius

1937 2441 2219 2510 presbyter
2249 2441 2418 2496 Vitam
2449 2445 2619 2497 sancti
2647 2444 2889 2499 Severini
2933 2445 3244 2499 Noricorum
3287 2446 3520 2514 apostoli

1933 2546 2054 2586 ase
2081 2533 2441 2601 conscriptam
2476 2536 2790 2599 transmisit,
2819 2536 3042 2605 ejusque
3071 2552 3312 2592 censura:
3337 2537 3520 2604 subje-

1934 2622 2025 2675 cit.
2073 2623 2204 2674 Nam
2236 2639 2458 2686 nomen,
2493 2635 2720 2693 tempus,
2753 2627 2898 2680 locus
2940 2635 2997 2680 et
3041 2641 3195 2682 sacra
3228 2628 3429 2684 functio
3461 2631 3513 2683 id

1934 2713 2150 2779 docent,
2179 2717 2254 2767 ait
2285 2715 2544 2770 Baronius
2575 2727 2718 2772 tomo
2765 2717 2828 2772 Vl
2874 2719 3158 2773 Annalium
3201 2722 3266 2775 ad
3315 2737 3514 2776 annuat

1936 2803 2057 2859 496.
2091 2803 2185 2858 Cui
2216 2806 2488 2873 respondit
2515 2807 2653 2861 idem
2685 2809 3018 2879 Paschasius,
3043 2825 3202 2880 quam
3229 2812 3533 2880 epistolam.

1938 2898 2196 2952 Barouius
2226 2898 2420 2953 ibidem
2453 2901 2688 2955 exhibet.
2719 2899 2850 2955 Eam
2892 2901 2981 2957 hic
3021 2904 3402 2973 prolegomene
3449 2903 3528 2958 25-

1938 2990 2199 3044 invenies.
2230 2990 2506 3044 Secundus
2549 3003 2629 3045 est
2661 2991 2978 3046 Paschasius
3029 2993 3299 3047 diaconus-
3333 3008 3518 3046 mona.

1938 3080 2089 3135 sterii
2125 3081 2421 3135 Duniicnsis
2448 3081 2498 3134 in
2530 3080 2771 3146 Gallicis,
2802 3081 2891 3150 qui
2922 3096 3076 3135 suum
3110 3081 3304 3135 librum
3334 3082 3402 3135 de
3430 3081 3520 3144 Vi-

1860 3157 1908 3224 (ἶ
1943 3173 2008 3226 tis
2037 3172 2274 3239 Patrum,
2301 3175 2387 3242 qui
2415 3173 2466 3226 in
2495 3173 2593 3226 hac
2619 3173 2853 3226 editione
2883 3175 3139 3238 septimus
3168 3183 3270 3238 est,
3303 3174 3520 3228 dedica-

1936 3263 2011 3316 vit
2056 3263 2282 3318 Martino
2330 3262 2638 3333 presbytero
2682 3272 2736 3318 ct
2776 3262 2952 3316 abbati
3008 3263 3317 3328 Dumiensi;
3364 3263 3518 3331 cojus

1937 3353 2146 3408 Martini
2187 3354 2386 3408 obitum
2437 3355 2725 3422 Gregorius
2770 3355 3117 3420 Turonensis,
3168 3355 3259 3410 lib.
3307 3371 3336 3406 v
3379 3355 3512 3409 llist.

1938 3445 2156 3511 Franc.,
2187 3460 2306 3514 cap.
2337 3446 2424 3511 57,
2457 3461 2597 3500 anno
2633 3448 2666 3501 5
2692 3446 3019 3501 Childeberti
3042 3447 3270 3516 junioris
3300 3448 3518 3507 statuit.

1938 3537 2024 3590 cui
2057 3537 2314 3592 Baronius
2345 3545 2490 3592 tomo
2523 3537 2608 3592 VII
2655 3538 2937 3592 Annalium
2986 3553 3184 3592 annum
3230 3537 3335 3592 585
3381 3542 3518 3592 assi-

1939 3635 2084 3697 gnat.
3013 3673 3018 3678 .

2011 3718 2246 3771 Adverte
2271 3715 2531 3783 secundo,
2559 3717 2747 3772 iisdem
2779 3733 2987 3786 quoque
3027 3717 3354 3785 temporibus
3384 3717 3520 3772 duos

1939 3810 2102 3865 fuiSse
2145 3809 2433 3880 Eugippios
2490 3827 2503 3862 :
2565 3825 2702 3864 unus
2757 3810 2940 3875 abbas,
2998 3811 3085 3880 qui
3135 3812 3350 3880 scripsit
3395 3828 3412 3862 ι
3449 3811 3515 3862 ad

1939 3899 2221 3971 quemdam
2255 3900 2590 3956 l’ascbasium
2622 3899 2899 3953 diaconem
2927 3900 2996 3955 de
3037 3900 3154 3954 Vita
3190 3900 3358 3954 sancti
3403 3916 3522 3953 mo-

1941 3993 2096 4047 nachi
2146 3994 2407 4060 Severini,
2458 4005 2508 4046 et
2538 3993 2731 4046 claruit
2785 4002 2903 4060 post
2954 3994 3284 4048 consulatum
3315 3993 3523 4060 Impor-

1944 4086 2056 4138 tuni
2100 4085 2364 4153 junioris,
2399 4084 2684 4138 Anastasio
2725 4084 3045 4152 imperatore
3091 4093 3368 4152 regnante,
3409 4104 3425 4134 ι
3465 4093 3522 4136 ut

1942 4177 2017 4228 ait
2048 4175 2278 4230 Isidorus
2303 4175 2370 4230 de
2409 4175 2603 4229 illustr.
2636 4176 2887 4230 Ecclesia:
2930 4176 3218 4244 Scriptor.,
3262 4191 3381 4242 cap.
3433 4175 3522 4229 l5.

1943 4267 2143 4322 Claruit
2171 4266 2331 4335 igitur
2360 4267 2443 4321 hic
2473 4267 2634 4322 etiam
2681 4278 2796 4335 post
2846 4282 3042 4321 annum
3093 4268 3231 4332 501),
3267 4268 3318 4320 in
3363 4283 3522 4336 quem

1943 4356 2247 4411 consulatus
2278 4355 2567 4426 Importnni
2596 4372 2689 4412 seu
2728 4358 3022 4427 Opportuni
3059 4357 3262 4412 incidit.
3303 4355 3435 4412 Nam
3468 4359 3522 4411 in

1945 4449 2165 4516 epismla
2198 4465 2293 4504 sua
2332 4452 2502 4505 sancti
2553 4450 2789 4507 Severini
2840 4452 2971 4506 Vitae
3022 4453 3295 4520 praemissa
3349 4452 3426 4504 ait
3468 4467 3527 4504 se

265 4545 560 4599 Ecclesiam
597 4545 959 4610 Orientalem,
1003 4547 1071 4600 de
1117 4547 1307 4613 quibus
1351 4561 1509 4602 nemo
1555 4548 1837 4614 dubitabit,
1867 4525 1918 4585 υ
1947 4539 2182 4596 scribere
2229 4543 2442 4596 biennio
2473 4553 2594 4611 post
2634 4544 2969 4598 consulatum
3019 4543 3329 4610 Importuni.
3383 4541 3532 4596 Alius

261 4637 350 4702 qni
401 4636 683 4690 consulere
727 4635 950 4691 voluerit
990 4636 1310 4702 Barouium,
1361 4639 1430 4692 ab
1473 4655 1616 4695 anno
1643 4640 1748 4695 558
1777 4643 1842 4696 ad

261 4742 458 4779 annum
492 4726 618 4780 555.
651 4727 704 4780 ld
744 4727 903 4793 igitur
935 4742 1244 4796 persuasum
1295 4729 1422 4783 mihi
1469 4729 1659 4798 habeo,
1707 4731 1845 4787 hunc

265 4817 535 4884 Pelagium
582 4818 634 4870 in
673 4819 816 4872 liis'e
858 4817 1210 4887 legationibus
1253 4819 1504 4872 incidisse
1547 4821 1596 4874 in
1629 4837 1748 4874 eum
1783 4822 1847 4876 li-

265 4909 414 4959 brum
447 4909 689 4962 Graecum
742 4909 807 4962 de
854 4924 958 4977 quo
1001 4908 1222 4962 Photius
1265 4911 1506 4964 meminit
1555 4912 1607 4965 in
1649 4911 1847 4966 Biblio.

265 5002 440 5064 theca,
484 5001 612 5055 Cod.
658 5001 788 5066 198,
839 5009 893 5054 et
938 5001 1079 5054 hunc
1113 5015 1294 5056 secum
1323 5001 1548 5057 Romam
1594 5018 1843 5072 compor-

267 5104 428 5154 tasse.
478 5093 780 5161 ibidemque
825 5093 1203 5149 ‘transtulisse.
1255 5094 1322 5147 At
1372 5109 1503 5148 vero
1548 5109 1668 5148 cum
1706 5097 1844 5149 hanc

267 5186 565 5238 versionem
611 5187 950 5253 perduxisset
999 5202 1167 5257 usque
1219 5190 1283 5242 ad
1329 5190 1490 5244 libelli
1539 5204 1635 5244 seu
1681 5195 1844 5258 partis

267 5290 394 5328 svnt
437 5288 557 5342 cap.
603 5276 668 5328 l6
717 5276 796 5342 (ut
839 5285 924 5330 est
967 5276 1018 5330 in
1050 5279 1218 5347 prima
1257 5280 1536 5349 editione),
1571 5295 1692 5335 mox
1725 5281 1842 5336 aliis

267 5365 497 5434 negotiis
526 5365 865 5432 praepeditus,
894 5381 988 5419 seu
1025 5368 1200 5434 potius
1230 5367 1467 5422 Romana
1499 5371 1627 5424 sede
1654 5371 1846 5441 guber-

268 5455 442 5508 nanda
490 5466 782 5517 oneratus,
836 5456 1098 5524 reliquum
1147 5459 1406 5512 versionis
1458 5475 1591 5526 opus
1637 5461 1849 5516 videtur

269 5545 586 5610 imposuisse
613 5544 802 5598 Joanni
832 5545 1180 5611 subdiacono,
1225 5563 1381 5615 quem
1428 5549 1657 5604 arbitror
1700 5566 1849 5605 eum—

267 5638 387 5688 dem
419 5649 539 5689 esse
575 5635 665 5704 qui
695 5634 909 5704 Pelagio
953 5633 1004 5688 in
1037 5635 1288 5690 Romana:
1337 5637 1589 5692 Ecclesia:
1621 5639 1846 5707 primatu

270 5724 546 5782 successit.
591 5724 662 5780 lta
694 5723 926 5793 conjicio
967 5735 1020 5781 et
1060 5726 1264 5797 opinor,
1299 5727 1342 5781 si
1375 5727 1497 5797 quid
1529 5729 1614 5784 alii
1647 5731 1850 5788 certius

1947 4636 2108 4690 etiam
2138 4633 2332 4698 abbas,
2369 4653 2386 4686 ι
2425 4635 2514 4703 qui
2543 4634 2819 4690 deﬂoravit
2848 4636 3012 4691 libros
3040 4638 3207 4690 sancti
3251 4635 3527 4702 Augustini

1948 4727 2182 4796 episcopi
2217 4726 2590 4795 Hipponensis,
2634 4726 2833 4795 fuitque
2879 4738 3120 4796 tempore
3177 4727 3395 4780 secundi
3429 4725 3530 4778 Pc~

1950 4817 2096 4886 lagii,
2133 4831 2187 4871 et
2217 4819 2556 4885 imperatoris
2605 4817 2800 4872 Tiberii
2849 4818 3206 4880 Constantini,
3252 4825 3307 4870 ut
3347 4816 3534 4870 scribit

1951 4910 2259 4978 Sigebertus
2307 4911 2373 4966 de
2411 4912 2599 4966 illustr.
2656 4913 2906 4967 Ecclesia:
2954 4913 3237 4982 Scriptor.,
3270 4926 3388 4969 can.
3439 4910 3542 4967 39..

1953 5001 2157 5056 Floruit
2187 5002 2344 5071 igitur
2369 5002 2457 5056 ille
2487 5003 2628 5056 circa
2660 5017 2856 5056 annum
2881 5002 3007 5058 580.

2024 5095 2103 5148 Ex
2129 5095 2211 5150 liis
2239 5110 2380 5148 nunc
2419 5095 2571 5150 facile
2597 5096 2771 5164 colligi
2804 5105 2976 5164 potest
3010 5095 3172 5167 (quod
3202 5095 3358 5150 etiam
3401 5097 3534 5150 ami-

1951 5187 2168 5240 cissimo
2193 5185 2518 5241 Garnefeltio
2547 5188 2598 5241 in
2643 5198 2874 5243 mentem
2903 5190 3141 5257 venerat)
3177 5190 3528 5258 posteriorem

1955 5277 2299 5333 Paschasium
2347 5279 2690 5346 interpretem
2722 5295 2840 5334 esse
2882 5281 3003 5336 libri
3033 5281 3282 5352 septimi;
3318 5283 3368 5337 in
3412 5299 3533 5337 eum

1955 5370 2096 5422 enim
2128 5369 2378 5422 sseculum
2414 5370 2619 5422 Martini
2655 5369 2986 5437 Dumiensis,
3020 5374 3103 5426 cui
3132 5388 3285 5428 suam
3333 5377 3537 5429 versio-

1958 5476 2078 5515 nem
2110 5460 2372 5523 inscribit,
2400 5463 2643 5529 quadrat.
2686 5463 2865 5534 Stylus
2910 5479 3119 5535 quoque
3149 5468 3264 5533 ejus
3294 5475 3399 5518 non
3443 5481 3533 5518 as-

1957 5553 2124 5620 surgit
2151 5552 2216 5606 ad
2248 5553 2440 5620 prioris
2466 5552 2734 5607 Paschasii
2759 5556 2974 5625 stylum.
3007 5555 3136 5608 lluic
3167 5555 3327 5623 priori
3361 5555 3534 5622 potius

1961 5641 2238 5696 tribuenda
2266 5642 2540 5698 translatio
2563 5643 2798 5698 Paradisi
2833 5643 3143 5698 Heraclidis.
3177 5646 3251 5697 De
3280 5658 3383 5711 quo
3413 5657 3533 5708 pro-

1960 5734 2234 5802 legomene
2262 5735 2351 5792 ‘25.
2382 5735 2484 5804 Qui
2513 5744 2565 5792 et
2597 5737 2648 5792 S.
2697 5736 2758 5789 lt.
2799 5737 2858 5790 Ε.
2901 5736 3158 5789 diaconus
3190 5729 3353 5805 [XLIV]
3399 5731 3530 5799 fuit,
