4002 6232
426 352 486 419 ιςι
917 311 920 313 ’
1162 329 1166 334 ’
1341 343 1408 402 IN
1452 341 1653 400 VITAS
1693 336 1973 397 PATRUM
2015 335 2524 394 Paeteconsm
2568 337 2758 395 χχιιι.
2979 300 2981 303 ’
3611 345 3681 404 5g

425 463 503 522 uti
535 465 792 519 habemus
820 458 1124 519 testimonio
1146 459 1310 520 sancti
1336 458 1578 527 Gregorii
1607 470 1786 526 supra.
1817 454 2000 509 Poste-
2027 456 2078 514 Δ
2107 443 2450 521 przestiterit;
2484 462 2537 508 et
2580 468 2713 523 opus
2740 453 2859 522 ejus
2888 461 3034 508 certa
3065 464 3187 509 nota
3232 454 3508 525 designat,
3540 462 3682 528 quod

426 558 537 629 rinr
563 555 721 609 etiam
751 552 1002 607 diaconus
1035 550 1130 626 fuit
1179 551 1231 615 in
1277 550 1524 624 coenobio
1573 544 1869 610 Dumiensi,
1906 542 2000 598 sed

426 647 610 717 dubito
636 661 702 698 an
729 645 888 698 etiam
919 643 976 698 S.
1011 642 1074 696 Β.
1103 643 1161 696 Ε.
1197 642 1395 710 Vereor
1425 640 1563 694 enim
1605 654 1672 692 ne
1715 653 1780 690 ex
1810 634 1999 690 coniu-

426 734 582 798 tiune
622 735 845 788 duorum
878 733 1307 794 Paschasiorum,
1340 728 1624 800 posteriori
1653 725 1835 790 titulus
1863 739 2000 793 quo-

428 842 533 899 que
565 827 754 896 prioris
798 825 1103 900 adhaeserit.
1138 827 1307 899 Atque
1344 806 1428 879 ita
1473 821 1816 894 impressum,
1861 817 2001 886 quod

431 929 638 993 mutare
667 918 898 972 nondum
925 932 1042 972 sum
1073 915 1252 971 ausus.
1285 913 1337 950 ⁸⁷

501 1011 686 1084 Octavi
717 1009 857 1073 libri,
888 1009 974 1077 qui
1004 1023 1033 1061 a
1061 1006 1297 1062 Palladio
1327 1004 1510 1068 Graece
1554 1005 1805 1074 scriptus,
1834 1002 2003 1074 inter-

436 1117 556 1170 pres
583 1112 662 1169 est
695 1101 985 1168 Gentianus
1016 1100 1294 1162 llervetus,
1323 1099 1612 1152 canonicus
1655 1094 2000 1175 Rhemensis,

434 1195 523 1261 qui
552 1195 858 1263 praeclaram
889 1207 1105 1264 Operam
1139 1191 1386 1261 prmstilit
1410 1190 1460 1243 in
1487 1187 1588 1262 hoo
1619 1185 2004 1262 interpretandi

434 1301 652 1365 genere.

508 1374 740 1430 Adverte
767 1373 855 1428 hic
885 1382 992 1427 tres
1028 1372 1268 1450 diversas
1308 1387 1427 1428 esse
1473 1369 1690 1426 Palladii
1744 1369 2006 1426 editiones

435 1467 661 1522 diversis
686 1465 1082 1535 interpretibus.

509 1555 683 1610 Prima
708 1563 794 1610 est
824 1571 940 1624 qua:
972 1554 1163 1624 prodiit
1201 1555 1317 1624 ipso
1362 1552 1722 1624 typographia:
1762 1552 2008 1608 tirocinio

437 1645 491 1700 in
521 1644 686 1713 prima
717 1644 948 1699 editione
977 1644 1214 1698 Vitarum
1265 1643 1500 1707 Patrum,
1535 1643 1621 1697 ubi
1675 1642 1851 1697 nullus
1892 1657 2009 1696 cer-

434 1717 522 1806 tus
570 1739 833 1812 interpres
876 1737 1195 1807 assignatur.
1246 1736 1342 1790 llic
1384 1734 1516 1790 liber
1563 1737 1614 1790 in
1663 1735 2008 1804 sequentibus

435 1827 758 1886 editionibus
792 1827 1028 1884 Vitarum
1064 1828 1275 1881 Patrum
1307 1827 1532 1880 omissus
1575 1835 1675 1891 est,
1726 1827 1819 1881 sed
1868 1839 2008 1881 anno
2038 1813 2085 1873 Β

438 1919 576 1976 1547
606 1935 788 1974 rursus
812 1935 929 1974 eam
959 1920 1011 1974 in
1043 1934 1135 1972 sua
1160 1919 1412 1982 editione,
1436 1934 1553 1988 quae
1575 1917 1812 1984 Colonia:
1835 1918 2007 1971 lucem

441 2011 567 2065 vidit
584 2017 724 2080 apud
740 2013 1020 2080 Gasparetn
1045 2012 1429 2080 Gennepmutu,
1454 2010 1722 2066 revocavit
1745 2010 1807 2064 Ρ.
1833 2009 2009 2064 Theo-

438 2100 651 2156 doricns
681 2102 860 2156 Loher
887 2118 914 2154 a
943 2102 1136 2158 Stratis
1164 2100 1567 2155 Carthusianus.

509 2194 755 2247 Secunda
785 2203 869 2248 est
906 2210 1025 2263 quae
1062 2194 1260 2264 prodiit
1309 2194 1519 2248 Parisiis
1567 2192 1704 2260 apud
1755 2192 2009 2249 Joannem

439 2283 687 2362 Parvum,
705 2299 794 2338 an.
822 2284 982 2344 1504,
997 2293 1246 2338 curatore
1268 2282 1467 2339 Jacobo
1490 2283 1663 2336 Fabro
1683 2283 2011 2351 Stapulensi.

439 2375 545 2431 Sed
579 2376 692 2440 haec
721 2371 881 2450 alium
913 2375 1124 2430 titulum
1165 2376 1496 2446 (inscribitur
1543 2375 1684 2430 enim
1733 2376 2013 2434 Paradisus

445 2467 760 2537 Heraclidis)
789 2468 1033 2538 praal'en;
1063 2477 1116 2523 et
1145 2467 1330 2532 alium,
1357 2468 1619 2522 incertum
1648 2469 1846 2537 pariter
1865 2469 2018 2524 exhi-

442 2559 532 2636 bet
564 2559 934 2636 interpretem,
962 2573 1082 2629 qua;
1110 2557 1295 2627 eadem
1337 2556 1556 2612 Palladii
1599 2561 1816 2626 ιιι-αειίιο
1863 2559 2017 2615 titulo

443 2631 625 2719 postea
658 2631 854 2721 prodiit
885 2633 1121 2724 Vienetiis
1144 2664 1285 2721 anno
1325 2649 1534 2704 Domini
1588 2648 1756 2715 1554,
1790 2660 1918 2704 tom.
1952 2649 2018 2704 ιιι

441 2741 509 2806 de
540 2741 670 2797 Vitis
700 2723 1016 2797 Sanctorum
1041 2723 1134 2812 per
1165 2741 1438 2812 Aloysium
1469 2738 1818 2810 Lipomanum
1849 2741 2017 2797 colle-

441 2833 562 2886 ctis.
593 2831 809 2886 Curavit
834 2842 1009 2888 autem
1043 2815 1180 2888 hanc
1220 2833 1508 2907 editionem
1555 2847 1716 2904 opera
1748 2832 2019 2896 Francisci

441 2921 640 2975 Tortes
677 2921 906 2977 conferri
962 2937 1083 2978 cum
1122 2922 1220 2978 Ms.
1270 2924 1562 2993 exemplari
1609 2922 1850 2994 Palladii,
1879 2923 2020 2992 quod

451 3012 686 3088 Venetiis
702 3023 783 3068 est
804 3013 857 3068 in
878 3013 1196 3085 Bibliotheca
1220 3014 1503 3083 cardinalis
1530 3014 1876 3090 Bessarionis,
1903 3016 2016 3086 qui,

443 3114 500 3159 ut
529 3106 600 3159 ait
628 3106 988 3173 Lipomanus,
1023 3125 1040 3160 r
1076 3121 1104 3160 a
1131 3108 1306 3177 capite
1349 3107 1414 3183 ad
1440 3108 1638 3176 calcem
1674 3123 1841 3178 usque
1866 3119 2019 3170 utro-

445 3211 547 3265 que
574 3197 770 3251 collato
811 3197 1103 3260 volumine,
1151 3197 1294 3267 hunc
1336 3184 1581 3256 eumdem
1633 3213 1851 3269 prorsus
1897 3214 2016 3266 cum

445 3281 534 3359 illo
564 3289 780 3356 reperit,
812 3288 992 3357 paucis
1021 3287 1357 3357 quibusdam,
1395 3289 1563 3360 iisque
1591 3272 1858 3364 perexigui
1904 3304 2021 3346 mo-

447 3377 632 3448 menti,
664 3378 977 3434 immutatis.
1006 3379 1216 3433 Titulus
1245 3379 1405 3434 etiam
1434 3367 1786 3450 discrepabat,
1812 3387 1866 3434 et
1886 3395 2022 3448 nun-

446 3472 719 3547 cupatoria
750 3472 993 3540 epistola,
1026 3488 1143 3542 quae
1174 3486 1278 3526 non
1307 3472 1375 3525 ab
1407 3471 1683 3527 lleraclide
1706 3471 2023 3551 Alesattdrin

446 3556 534 3626 no,
554 3562 648 3616 sed
677 3576 706 3615 a
739 3563 971 3617 Palladio
994 3562 1342 3632 Cappadocia:
1360 3563 1634 3632 episcOpo,
1660 3562 1779 3618 licet
1804 3563 1856 3618 in
1877 3571 2024 3639 utro-

446 3667 551 3720 que
603 3652 870 3722 tmlumine
925 3651 989 3707 ad
1043 3651 1274 3707 Lausum
1326 3652 1522 3722 scripta
1576 3651 1868 3708 videretur.
1930 3651 2023 3708 llis

449 3745 609 3822 igitur
630 3746 809 3818 paucis
837 3730 1039 3819 locellis
1062 3745 1336 3809 correctis.
1368 3753 1420 3799 et
1442 3744 1508 3799 ad
1533 3744 2023 3818 emendatissimum

446 3822 714 3916 codicem,
754 3856 772 3889 ι
806 3846 862 3897 ιιι
887 3824 1227 3909 εξίδιῇηιιιιιεῑ
1256 3835 1609 3901 Lipumanus,
1643 3851 1663 3885 ε
1701 3821 1961 3904 redactis,
2001 3854 2020 3916 ι

451 3909 640 4005 librum
673 3909 818 3984 illum
850 3938 994 4006 tumo
1023 3929 1084 3983 ιιι
1110 3928 1176 4001 de
1206 3927 1336 4004 Vitis
1366 3927 1683 3986 Sanctorum
1711 3927 1953 3986 inseruit.

521 4016 698 4086 Tertia
730 4027 829 4084 eat,
858 4033 1015 4090 quam
1041 4017 1128 4076 hic
1153 4018 1359 4104 damus,
1393 4036 1658 4094 quamque
1697 4037 1796 4077 suo
1822 4022 1961 4092 ston
1998 4036 2044 4077 et

452 4106 638 4168 Grmco
670 4121 814 4165 textu
839 4112 1117 4166 adornavit
1147 4101 1393 4166 Historia:
1412 4101 1690 4186 ’Lausiacaa
1713 4111 1864 4167 titulo
1889 4111 2032 4167 Gen-

454 4201 628 4255 tianus
657 4200 939 4272 llervetus,
970 4209 1024 4256 et
1054 4201 1273 4257 Parisiis
1299 4202 1528 4272 vulgavit
1569 4201 1869 4256 Bernardus
1894 4202 2031 4257 Tur-

454 4295 662 4367 risanus
692 4309 832 4370 anno
864 4293 1023 4372 1555,
1069 4308 1186 4363 quae
1214 4309 1397 4370 rursus
1426 4294 1626 4372 prodiit
1669 4293 1864 4349 ibidem
1895 4293 2034 4361 apud

455 4371 797 4463 Guiliclmurn
825 4370 1227 4465 Cliaudierium,
1251 4400 1392 4439 anno
1422 4370 1580 4451 l570,
1604 4385 2035 4439 annotationibus

455 4461 770 4555 quibusdam
794 4461 1176 4555 marginalibus
1206 4463 1299 4547 per
1320 4475 1411 4552 Fr.
1435 4476 1694 4531 Thomam
1719 4475 2034 4531 Beauxamis

454 4549 799 4632 Carmelitarn
849 4549 1125 4646 doctorem
1188 4549 1490 4636 theologum
1560 4567 1864 4631 illustrata;
1915 4561 2035 4635 quae

458 4659 674 4734 insuper
703 4647 985 4739 “Laurentii
1007 4660 1282 4714 Barrensis
1321 4657 1541 4713 scholiis
1567 4665 1719 4710 aucta
1742 4699 1757 4725 ,
1790 4656 2037 4711 Historire

457 4736 776 4830 Christianae
803 4736 1041 4807 veterum
1075 4752 1286 4806 Patrum
1320 4752 1518 4804 inserta
1545 4756 1628 4802 est
1656 4747 1872 4822 Parisiis
1892 4747 2034 4816 apud

460 4821 768 4918 liiichaeletn
799 4842 1080 4910 Sonnium,
1112 4855 1254 4895 anno
1299 4839 1457 4907 1585,
1489 4840 1614 4914 item
1645 4821 1789 4892 temo
1831 4837 1916 4918 Vll
1947 4837 2037 4914 Di-

457 4933 736 4988 bliotltecm
763 4932 855 4989 SS.
890 4933 1123 5008 Patrum.
1444 4919 1450 4925 ’

534 5026 683 5091 Quod
712 5024 756 5077 si
787 5025 907 5092 quis
938 5033 991 5077 et
1019 5031 1260 5099 quartam
1293 5019 1515 5090 Palladii
1540 5019 1827 5086 editionem
1856 5015 2037 5070 venari

461 5117 586 5188 velit
608 5156 622 5179 ,
659 5130 762 5191 non
795 5109 1115 5194 magnopere
1144 5111 1294 5188 [ην]
1325 5113 1375 5168 ei
1405 5111 1753 5165 laborandum
1781 5108 1903 5183 erit.
1951 5106 2040 5181 ln-

463 5208 646 5260 veniet
672 5189 815 5280 enim
848 5189 1150 5282 ll'uﬂiitum,
1170 5206 1590 5275 vetustissimum
1622 5197 1840 5254 Palladii
1873 5199 2040 5273 inter-

462 5308 690 5366 pretem,
720 5301 764 5367 si
806 5314 928 5375 vera
975 5280 1409 5372 esti-conjectura
1457 5310 1613 5371 quam
1662 5290 2042 5372 prolegomeno

461 5391 494 5444 ι
529 5390 553 5456 §
579 5391 613 5442 2
643 5401 695 5446 et
725 5392 790 5445 l0
815 5383 1217 5460 expressijtnus.‘

541 5487 757 5549 Quaeres
787 5478 903 5553 quae
933 5497 998 5536 ex
1028 5481 1110 5557 his
1153 5481 1224 5534 sit
1249 5491 1498 5557 germana
1532 5471 1747 5547 Palladii
1769 5467 2032 5557 “historia.

470 5578 787 5650 Responch
821 5596 833 5629 :
868 5555 1086 5646 Videtur
1115 5575 1198 5648 illa
1226 5555 1384 5641 quam
1413 5569 1669 5642 Henetus
1697 5555 1882 5634 edidit.
1913 5561 2045 5650 Nam

467 5649 737 5733 Socrates,
778 5671 875 5725 ιιι).
904 5683 975 5733 tv,
1005 5680 1124 5734 cap.
1153 5656 1340 5726 18,'ait
1366 5674 1424 5713 se
1448 5653 1798 5735 supersedere
1825 5652 1922 5707 SS.
1947 5649 2048 5704 Pa-

470 5777 609 5820 trum
668 5763 813 5819 Vitas
863 5757 1205 5819 describere,
1249 5749 1390 5822 quod
1437 5749 1486 5806 id
1529 5744 1792 5804 Palladius
1839 5742 2048 5799 abunde

2104 541 2156 596 in
2185 556 2246 595 ea
2274 551 2462 613 agatur
2487 553 2589 597 tarn
2620 545 2686 598 de
2711 543 3024 600 mulieribus
3049 561 3208 614 quam
3242 547 3390 602 viris.
3431 552 3591 605 nam
3628 550 3684 607 δι

2101 634 2323 710 ἀκριϐῶς
2361 638 2478 711 περὶ
2514 636 2676 690 αὐτῶν
2707 633 2979 699 διεξῆλθεν
3022 636 3071 691 ἐν
3101 634 3142 709 ᾧ
3179 641 3265 691 καὶ
3297 647 3544 710 γυναικῶν
3570 642 3688 713 ipsi.

2102 725 2269 795 μιλλον
2302 734 2408 786 τοῖς
2432 728 2808 801 προειρημένοις
2837 729 3206 798 ἕπανιλομένων
3240 730 3349 803 βίον
3377 735 3570 801 μνήμην
3601 754 3687 789 πσ-

2103 816 2309 871 ποίηται
2341 832 2352 864 :
2388 832 2406 864 ‹
2441 817 2654 880 Omnia,
2685 831 2805 883 qua!
2832 816 2899 869 ad
2923 831 3017 871 eos
3060 827 3323 886 spectant,
3354 820 3408 874 in
3448 835 3516 876 eo
3561 831 3686 877 sunt

2103 913 2349 972 accurate
2373 906 2656 973 explicata.
2687 907 2741 960 in
2771 923 2876 975 quo
2905 908 3063 962 etiam
3093 908 3162 964 de
3189 909 3498 966 mulieribus
3522 955 3538 981 ,
3566 928 3687 982 qua:

2106 1010 2285 1064 parem
2342 997 2551 1052 vivendi
2605 997 2862 1052 rationem
2891 1013 3012 1052 cum
3047 1000 3173 1054 viris
3202 1014 3360 1069 supra
3392 1002 3550 1057 dictis
3580 1018 3680 1056 ex-

2106 1086 2373 1151 colebant,
2403 1101 2582 1150 sermo
2618 1098 2897 1156 suseeptus
2922 1099 3026 1144 est.
3061 1109 3080 1143 ι
3118 1091 3277 1160 Atqui
3317 1103 3422 1147 tam
3453 1094 3520 1149 de
3569 1110 3688 1149 mu-

2106 1174 2326 1229 lieribus
2354 1192 2511 1245 quam
2545 1176 2676 1230 viris
2707 1179 2869 1231 habes
2895 1176 2948 1231 in
2983 1179 3266 1243 llervetiua
3294 1182 3528 1240 editione
3571 1184 3686 1252 ple-

2109 1268 2248 1334 nius,
2272 1283 2390 1322 cum
2421 1269 2471 1322 in
2496 1269 2615 1322 aliis
2637 1269 2960 1326 editionibtts
2983 1286 3265 1340 perparum
3289 1272 3356 1328 de
3382 1274 3688 1338 mulieribus

2109 1365 2381 1412 tractetur.
2413 1357 2546 1411 Vide
2574 1373 2732 1427 supra
2761 1361 3178 1430 Prolegomenon
3203 1361 3256 1428 4,
3289 1361 3316 1432 §
3344 1361 3397 1437 5,

2179 1466 2312 1522 Noni
2341 1468 2458 1521 libri
2487 1468 2748 1538 interpres
2775 1479 2857 1528 est
2886 1471 3027 1525 idem
3058 1470 3354 1527 Gentianus
3401 1474 3682 1556 llervetus,

2108 1571 2228 1626 quae
2256 1572 2373 1621 cum
2402 1558 2691 1634 superioris
2729 1560 2850 1616 libri
2893 1563 3331 1637 interpretatione
3360 1581 3462 1638 una
3489 1567 3685 1637 prodit.

2183 1671 2433 1740 Aluysius
2461 1670 2808 1744 Lipomanus,
2842 1680 2988 1736 torno
3016 1672 3057 1727 ll
3087 1673 3154 1732 de
3186 1674 3318 1742 Vilis
3349 1675 3687 1750 Sanctorum,

2111 1772 2253 1817 anno
2286 1757 2424 1819 1555
2455 1759 2687 1815 Venetiis
2712 1762 2875 1830 edito,
2910 1762 3073 1834 inseri
3102 1766 3309 1835 curavit
3337 1766 3478 1821 hunc
3515 1767 3692 1823 Theo-

2112 1849 2281 1902 doreti
2324 1849 2534 1924 librum,
2569 1852 2858 1922 interprete
2886 1853 3131 1919 Alberico
3161 1854 3341 1924 Longo
3389 1856 3688 1932 Salentino,

2110 1950 2267 2004 quem
2295 1951 2326 1991 a
2354 1939 2469 1992 viro
2494 1938 2652 1993 docto
2687 1940 2926 2002 Tridenti
2957 1951 3140 2005 nactus
3171 1943 3363 1999 fuerat.

2183 2045 2380 2101 Decimi
2408 2047 2528 2109 libri
2555 2049 2814 2116 interpres
2826 2059 2906 2105 est
2931 2051 3240 2111 Ambrosius
3260 2053 3685 2118 Camaldulensls

2111 2136 2295 2195 abbas.
2326 2136 2400 2199 Ita
2429 2140 2569 2198 enim
2597 2140 2649 2193 in
2675 2141 2971 2208 apostolica
2997 2141 3319 2199 Bibliotheca
3343 2157 3403 2202 se
3424 2144 3692 2208 invenisse

2115 2237 2338 2283 testatur
2366 2231 2614 2299 Aloysius
2647 2231 2956 2299 praefatione
2985 2232 3051 2298 ad
3075 2233 3353 2300 lectorem,
3379 2235 3467 2305 qui
3489 2236 3690 2304 primus

2115 2334 2235 2375 eum
2266 2321 2350 2375 edi
2380 2321 2588 2375 curavit
2615 2331 2756 2381 tomo
2788 2321 2878 2377 Vll
2906 2322 2973 2383 de
3006 2322 3136 2387 Vitis
3165 2309 3505 2387 Sanctorum.

2187 2428 2342 2484 Dices
2375 2445 2388 2481 :
2422 2429 2656 2485 Joannes
2686 2429 2968 2498 Diaconos,
3003 2441 3184 2500 postea
3216 2431 3485 2497 Romanus
3511 2433 3694 2502 ponti-

2118 2519 2224 2584 lex,
2255 2519 2306 2573 in
2336 2531 2526 2589 quarto
2565 2519 2724 2586 libro,
2774 2537 2932 2589 quem
2982 2522 3051 2578 de
3095 2522 3236 2578 beati
3281 2523 3518 2595 Gregorii
3573 2525 3693 2582 Vita

2117 2608 2352 2678 scripsit,
2384 2610 2509 2663 dum
2548 2625 2668 2682 cap.
2719 2610 2788 2662 63
2829 2612 3113 2666 voluminis
3163 2613 3320 2683 hujus
3367 2615 3692 2671 mentionem

2121 2700 2261 2764 facit,
2296 2701 2627 2755 recensendo
2653 2701 2897 2758 mirabile
2925 2703 3164 2772 ejusdem
3193 2704 3514 2760 sanctissimi
3553 2721 3693 2775 pon-

2121 2789 2276 2844 tilicis
2317 2789 2537 2855 factum,
2568 2805 2627 2846 se
2649 2792 2989 2862 interpretem
3041 2795 3339 2863 proﬁtetur.
3370 2797 3457 2850 Ait
3504 2799 3689 2852 enim:

2128 2902 2146 2936 ι
2183 2885 2285 2939 Sed
2318 2900 2384 2938 ne
2411 2886 2540 2940 solis
2569 2886 2745 2940 verbis
2776 2888 2905 2942 tanti
2954 2888 3193 2957 prmsulis
3227 2889 3490 2944 humilitas
3521 2890 3697 2945 ἰηοιιις

2122 2976 2229 3031 cari
2254 2977 2520 3058 credatur,
2553 2989 2794 3047 superest
2836 2990 2892 3034 ut
2917 2995 2984 3035 ex
3014 2980 3315 3037 Grrecorum
3349 2984 3697 3048 relationibus

2124 3083 2154 3122 a
2181 3084 2269 3124 me
2297 3084 2464 3137 nuper
2493 3070 2852 3140 interpretatis
2882 3072 3067 3128 eadem
3101 3075 3272 3130 Patris
3301 3075 3572 3133 humilitas
3616 3079 3699 3138 vig

2045 3166 2093 3230 ο
2124 3159 2204 3214 vis
2253 3160 2504 3229 oneribus
2549 3161 2963 3228 demonstretur,
3005 3165 3058 3219 in
3102 3166 3296 3235 quibus
3334 3169 3579 3224 videlicet
3617 3170 3695 3236 ita

2123 3250 2350 3308 refertur
2379 3269 2392 3305 :
2420 3252 2699 3306 Enarravit
2728 3254 2881 3309 nobis
2906 3254 3070 3309 abbas
3093 3254 3328 3311 Joannes
3359 3257 3540 3323 Persa,
3571 3273 3698 3314 san-

2122 3349 2240 3398 ctus
2266 3351 2320 3396 et
2351 3336 2686 3397 ved’erandus
2712 3343 2792 3398 vir
2822 3344 3086 3410 existens,
3119 3345 3186 3400 de
3213 3345 3401 3416 Magno
3441 3346 3699 3418 Gregorio

2089 3444 2093 3446 '
2123 3432 2429 3503 breatissimo
2459 3450 2589 3502 papa
2630 3434 2887 3500 Romano,
2917 3435 3102 3491 dicens
3136 3453 3151 3490 :
3181 3439 3440 3502 Quoniam
3477 3434 3554 3492 ivi
3587 3438 3696 3494 ιιοτ

2123 3539 2264 3582 mam
2290 3525 2358 3580 ad
2399 3526 2701 3587 adorandos
2731 3526 2936 3580 loculos
2980 3537 3289 3581 sanctorum
3334 3528 3701 3596 apostolorum

2125 3614 2268 3682 Petri
2293 3625 2349 3672 et
2371 3616 2517 3680 Pauli
2543 3632 2557 3681 ;
2588 3627 2642 3676 et
2671 3632 2773 3670 una
2799 3617 3026 3681 dierum,
3050 3632 3169 3671 cum
3195 3625 3392 3674 starem
3438 3619 3490 3672 iu
3523 3619 3704 3679 medio

2124 3708 2372 3773 civitatis,
2399 3708 2552 3763 video
2578 3722 2766 3777 papam
2787 3707 3096 3780 Gregorium
3123 3725 3214 3778 per
3228 3725 3314 3763 me
3333 3711 3702 3782 transiturum,

2127 3809 2182 3861 et
2205 3799 2433 3872 cogitavi
2461 3814 2547 3860 me
2576 3802 2788 3859 mittere
2815 3813 2939 3855 ante
2965 3817 3109 3856 eum.
3143 3800 3275 3855 Cum
3326 3816 3454 3871 ergo
3502 3817 3705 3872 appro-

2130 3892 2437 3962 pinquasset
2463 3891 2592 3955 mihi
2623 3904 2776 3960 papa,
2805 3890 2989 3944 videns
3018 3892 3142 3959 quia
3169 3904 3466 3959 pergerem,
3499 3898 3556 3942 ut
3582 3891 3707 3943 ruit-

2129 3995 2298 4050 terem
2326 3999 2412 4045 me
2436 3993 2563 4043 ante
2587 3999 2708 4044 eum
2735 3999 2751 4048 ;
2781 3983 2919 4038 sicut
2945 3998 3123 4037 coram
3170 3983 3277 4037 Deo
3300 3983 3440 4048 dico,
3489 3982 3704 4048 fratres,

2131 4077 2334 4146 primus
2360 4077 2503 4132 misit
2529 4090 2589 4137 se
2625 4085 2750 4143 ante
2778 4091 2864 4131 me
2906 4090 3066 4144 super
3095 4085 3316 4138 terram,
3346 4084 3398 4130 et
3428 4090 3532 4129 non
3579 4085 3707 4128 ante

2132 4165 2380 4233 surrexit,
2414 4180 2570 4235 quam
2598 4180 2698 4240 ego
2737 4166 2883 4235 prior
2929 4179 3227 4234 surgerem,
3273 4176 3327 4220 et
3374 4164 3710 4234 amplexatus

2134 4273 2218 4312 me
2247 4272 2368 4316 cum
2398 4272 2586 4328 magna
2614 4256 2932 4321 humilitate,
2981 4257 3164 4310 tribuit
3190 4255 3317 4310 mihi
3348 4252 3472 4324 per'
3491 4269 3710 4309 manum

2137 4349 2453 4409 numismata
2480 4351 2601 4415 tria,
2631 4356 2684 4403 et
2718 4347 2876 4417 jussit
2921 4345 3048 4400 mihi
3081 4345 3195 4399 dari
3243 4345 3476 4399 casulam
3515 4351 3572 4398 et
3615 4358 3713 4398 ne-

2137 4439 2412 4499 cessitates
2439 4451 2586 4502 meas
2620 4451 2825 4505 omnes.
2871 4435 3171 4497 Gloriﬁcavi
3214 4448 3341 4503 ergo
3386 4432 3572 4498 Deum,
3621 4431 3714 4500 qui

2063 4529 2114 4589 D
2141 4532 2358 4589 donavit
2385 4533 2434 4588 ei
2477 4533 2636 4588 talem
2669 4530 3018 4593 humilitatem
3051 4528 3216 4601 laevi]
3248 4529 3391 4583 circa
3421 4540 3629 4589 omnes,
3659 4533 3716 4580 et

2140 4625 2558 4692 eleemosynam,
2587 4631 2641 4679 et
2664 4622 2996 4678 charitatem.
3033 4637 3052 4674 ι
3083 4621 3251 4686 Quam
3280 4616 3521 4673 eamdem
3546 4617 3718 4670 histo-

2141 4716 2273 4771 riam
2321 4715 2558 4773 invenies
2605 4712 2693 4768 hie
2753 4727 2871 4781 cap.
2943 4711 3062 4766 151.
3115 4709 3432 4778 Respondeo
3490 4706 3718 4762 inveniri

2145 4805 2358 4873 quidem
2387 4819 2504 4862 eam
2551 4818 2618 4856 eo
2647 4802 2786 4870 loco,
2828 4801 2923 4862 sed
2959 4801 3138 4863 verbis
3167 4801 3319 4868 aliis,
3352 4809 3410 4854 ut
3451 4799 3720 4869 duplicem

2145 4898 2492 4964 interpretem
2514 4895 2674 4950 liceat
2693 4905 3007 4963 agnoscere.

2219 5007 2413 5068 Verum
2443 5010 2709 5073 interpres
2739 5003 2840 5057 iste
2866 5016 2971 5081 non
3016 4999 3116 5056 fuit
3151 5000 3383 5056 Joannes
3431 5000 3720 5065 Diaeonus,

2146 5098 2239 5153 sed
2285 5097 2402 5166 ejus
2452 5098 2765 5163 praeceptor,
2798 5101 2856 5146 ut
2905 5089 3020 5160 ipse
3065 5091 3208 5150 clare
3253 5089 3506 5157 exprimit
3536 5089 3628 5142 lib.
3661 5103 3724 5151 tr,

2147 5203 2265 5256 cap.
2295 5188 2389 5253 45,
2421 5185 2558 5238 Vita:
2581 5184 2750 5239 sancti
2779 5175 3052 5260 Gregorii;
3092 5184 3164 5236 ait
3193 5181 3332 5236 enim
3366 5197 3381 5232 :
3420 5198 3438 5230 ι
3476 5181 3550 5233 Es
3587 5179 3727 5232 libro

2147 5280 2235 5349 qui
2264 5295 2292 5331 a
2317 5277 2518 5334 Graecis
2544 5281 2739 5347 Λειμὼν
2759 5276 2969 5340 dicitur,
2992 5292 3020 5328 a
3047 5272 3248 5337 Latinis
3273 5287 3402 5326 vero
3416 5269 3727 5338 intelligitur

2149 5374 2380 5440 Campus
2411 5371 2492 5425 vel
2523 5369 2760 5435 Pratum,
2792 5376 3087 5441 praeceptor
3114 5381 3264 5431 meus
3303 5367 3439 5419 inter
3467 5365 3566 5416 alia
3613 5372 3728 5416 toto

2152 5465 2282 5516 orbe
2304 5462 2414 5532 jam
2444 5459 2710 5514 diil‘amata
2741 5457 2995 5532 miracula
3037 5457 3414 5521 interpretatus
3459 5462 3564 5516 est,
3595 5449 3726 5504 mihi

2152 5552 2415 5615 scribens,
2459 5569 2478 5601 ›
2510 5558 2614 5604 etc.
2646 5549 2822 5614 Quare
2850 5555 2992 5602 recte
3023 5547 3074 5598 in
3106 5546 3376 5614 plerisque
3404 5541 3728 5621 editiouibus

2154 5653 2259 5709 cst,
2279 5658 2342 5696 cx
2367 5623 2662 5701 Graecorum
2690 5636 3019 5709 relationibus
3048 5635 3116 5698 ad
3144 5651 3220 5688 me
3243 5649 3406 5704 nuper
3430 5634 3729 5701 interpretu-

2158 5740 2253 5804 tis;
2286 5751 2389 5792 nou
2415 5751 2446 5788 a
2473 5751 2568 5800 me,
2600 5741 2657 5789 ut
2682 5746 2787 5789 non
2819 5740 2962 5788 recte
2987 5731 3179 5787 citatur.
3221 5735 3343 5794 ante
3375 5723 3588 5780 Pratum
3620 5722 3722 5792 spi-
