4002 6230
218 349 281 405 ω
1510 337 2064 398 PHOLEGOMENON
2101 339 2215 397 XV.
3415 350 3485 404 54

220 459 401 514 rituale
431 456 690 512 edition-is
731 455 1065 514 Coloniensis
1093 453 1231 526 quod
1261 468 1327 510 ex
1371 452 1584 508 offlcina
1617 452 1799 508 Birclt-
1827 455 1872 512 A
1906 455 2118 511 Patrum
2179 455 2497 512 testimoniis
2546 459 2625 515 usi
2679 466 2823 525 sunt,
2856 469 3052 528 praeter
3104 476 3166 514 ea
3214 478 3332 532 qum
3370 466 3484 521 suis

223 550 461 606 Inannica
493 549 714 618 prodiit.

288 644 522 698 Adverte
551 643 744 696 librum
778 640 916 694 hunc
943 639 1100 694 hodie
1129 641 1180 693 in
1222 654 1374 694 ccxIx
1405 638 1580 706 capita
1621 637 1808 692 dunta-

219 744 302 788 xat
327 734 646 795 distinctum
671 731 795 800 legi,
825 745 944 784 cum
967 731 1096 782 olim
1125 730 1360 798 pluribus
1393 729 1720 793 constiterit,
1747 736 1807 781 ut

221 834 442 879 testatur
469 825 698 877 Photitts
728 824 1070 878 Bibliotheca:
1121 838 1229 876 sua:
1271 822 1405 877 Cod.
1451 837 1554 876 CIC.
1601 825 1691 876 ιιαὶ
1739 823 1804 876 τὰ

219 919 504 989 διηγήματα
529 915 584 970 δὲ
623 917 753 984 οὐχί
797 917 884 969 τὸν
911 913 1023 969 ἴσον
1057 914 1267 988 ἀριθμὸν
1310 915 1359 968 ἐν
1380 920 1540 968 πᾶσιν
1567 915 1800 986 εὑρήσεις

225 1020 322 1069 τοῖς
355 1010 566 1080 βιϐλίοις
594 1007 977 1074 διασεσὼμενα’
1027 1005 1126 1058 ἀλλ’
1163 1003 1213 1058 ἔν
1249 1026 1354 1059 τισι
1387 1008 1473 1058 καὶ
1511 1006 1580 1064 εἰς
1608 1003 1698 1058 δύο
1724 1005 1804 1056 καὶ

219 1101 632 1174 τισσαράκσντα,
654 1099 740 1149 καὶ
763 1098 1069 1181 τριακοςίοις
1092 1092 1412 1165 διηπ).ωμένα
1436 1110 1449 1144 :
1485 1111 1502 1143 ι
1532 1093 1802 1146 Narratio-

219 1206 343 1244 nttm
373 1189 558 1242 adhxzc
590 1202 695 1240 non
723 1186 968 1238 eumdem
1000 1195 1267 1238 servatum
1301 1200 1575 1238 numerum
1607 1184 1658 1237 in
1688 1199 1805 1237 om-

221 1279 371 1332 nibus
402 1279 555 1331 libris
583 1273 974 1344 deprehendas,
1004 1288 1126 1327 cum
1155 1273 1209 1327 in
1242 1273 1555 1341 quibusdam
1587 1272 1652 1326 ad
1696 1273 1804 1328 duo

221 1381 274 1423 et
326 1367 676 1438 quadraginta
723 1379 882 1434 supra
938 1373 1203 1419 trecentas
1253 1379 1374 1419 sese
1429 1363 1738 1417 extendant.
1779 1381 1798 1414 I

225 1462 434 1515 Dixerat
462 1470 640 1513 autem
671 1459 843 1523 initio,
868 1467 1090 1527 quatuor
1114 1468 1161 1511 et
1185 1460 1412 1511 trecentis
1432 1466 1664 1511 constare
1682 1473 1804 1510 nar-

224 1550 518 1603 rationibus.

287 1641 452 1703 Cujus
467 1639 738 1692 varietatis
752 1637 1019 1706 duplicem
1037 1637 1299 1693 rationem
1325 1637 1594 1706 subjungit
1611 1643 1801 1693 ττοῦτο

224 1742 308 1802 μὲν
329 1733 467 1784 ἐνίων
493 1731 769 1802 κεφαλαίων
799 1733 885 1784 ἐπὶ
910 1727 1151 1800 διαιρέσει
1181 1737 1272 1785 τοῦ
1312 1730 1522 1806 ἀριθμοῦ
1550 1731 1801 1793 συναυξο-

1905 545 2130 601 subinde
2162 546 2292 600 locis
2322 555 2592 614 notantur,
2625 549 2738 604 haec
2764 565 2903 603 nunc
2927 560 3231 605 occurrunt.

1981 638 2031 690 1.
2064 637 2346 692 Gratianus
2395 639 2447 691 in
2495 639 2695 692 decreti
2740 650 2887 708 parte
2918 640 2951 692 5
2975 684 2988 707 ,
3019 642 3143 694 dist.
3169 639 3224 706 5,
3253 639 3321 697 de
3347 641 3485 696 Con-

1906 743 2069 794 secr.,
2099 743 2217 796 cap.
2254 727 2341 795 16,
2370 731 2498 784 citat
2525 731 2768 800 quaedam
2793 745 2856 785 ex
2887 731 3043 785 dictis
3071 731 3239 786 sancti
3262 731 3485 800 Apollo-

1907 821 2003 883 nii,
2034 819 2101 872 de
2120 820 2327 888 jejunio
2351 829 2550 888 quartae
2576 830 2626 875 et
2653 831 2818 875 sextae
2845 821 3140 891 feriae,qu:e
3167 821 3232 876 ad
3255 822 3484 878 verbum

1905 909 2145 963 invenies
2178 910 2283 975 hic,
2311 911 2402 966 lib.
2431 927 2490 975 ιι,
2512 911 2651 979 apud
2687 911 2903 976 ltnflin.,
2937 928 3057 980 cap.
3091 912 3141 966 7.

1974 999 2030 1051 2.
2065 1000 2438 1066 Burchardus,
2470 1002 2560 1054 lib.
2614 1017 2702 1054 xu
2752 1003 3127 1066 Decretorum,
3154 1002 3244 1071 qui
3289 1011 3370 1059 est
3415 1003 3485 1059 de

1907 1092 2266 1158 Ptnnitentia,
2298 1095 2426 1148 citat
2472 1103 2698 1162 quatuor
2745 1096 3194 1164 apopittltegmata
3237 1111 3302 1150 ex
3353 1095 3488 1151 Vitis

1907 1182 2124 1236 Patrum
2170 1199 2264 1237 seu
2313 1185 2484 1239 verbis
2533 1186 2824 1240 seniorum.
2866 1186 2997 1239 Nam
3030 1187 3168 1253 quod
3215 1187 3388 1256 capite
3419 1189 3488 1241 52

1905 1272 2086 1339 habet,
2116 1275 2454 1342 desumptum
2495 1286 2579 1330 est
2622 1293 2688 1331 ex
2735 1277 2972 1344 Ruffitto,
3017 1278 3109 1332 lib.
3143 1295 3216 1345 III,
3251 1295 3302 1335 ιι.
3338 1281 3484 1345 ίοὸς

1906 1363 2044 1430 quod
2076 1366 2246 1431 capite
2273 1363 2341 1420 53
2369 1366 2710 1435 desumptum
2759 1377 2864 1434 est,
2895 1385 2959 1423 ex
3001 1372 3188 1424 eodem
3240 1372 3395 1436 libro,
3428 1389 3484 1425 ιι.

1906 1453 2000 1506 131
2025 1469 2039 1517 ;
2072 1455 2211 1522 quod
2241 1456 2414 1522 capite
2443 1454 2512 1507 54
2534 1468 2613 1510 est
2636 1457 3076 1526 desumptum,ex
3107 1459 3244 1513 libro
3265 1461 3477 1527 eodem,

1905 1559 1960 1598 ιι.
1993 1543 2123 1608 l57;
2157 1547 2294 1612 quod
2320 1545 2496 1615 capite
2517 1545 2586 1600 55
2614 1547 2948 1622 desumptum
2979 1558 3081 1615 est,
3111 1565 3177 1604 ex
3203 1550 3392 1604 eodem
3421 1552 3485 1604 li-

1904 1633 2024 1702 bro,
2051 1649 2198 1688 num.
2233 1634 2354 1688 Ml.

1913 1738 1925 1750 °
1976 1729 2030 1782 5.
2077 1727 2377 1782 Dorotlteus
2421 1727 2585 1782 abbas
2627 1727 2680 1781 in
2730 1727 2989 1783 doctrinis
3034 1744 3166 1799 quas
3194 1729 3260 1784 ad
3293 1731 3485 1784 fratres

226 1828 396 1891 μένου,
427 1830 584 1877 τοῦτο
613 1822 668 1877 δὲ
705 1827 788 1876 καὶ
823 1821 1133 1894 διηγημάτων
1179 1824 1320 1877 ἐστὶν
1369 1824 1437 1881 ὡς
1473 1823 1753 1898 παρενθήκη
1785 1837 1798 1875 :

1915 1817 2114 1881 habuit,
2148 1820 2309 1872 multa
2341 1834 2403 1873 ex
2435 1819 2515 1874 his
2547 1820 2696 1874 libris
2741 1822 2887 1873 citat.
2936 1820 3002 1875 Ut
3044 1821 3284 1875 doctrina
3315 1823 3485 1888 prima

229 1935 246 1964 ι
268 1916 538 1983 Contingit
567 1917 616 1968 id
653 1915 735 1970 vel
778 1923 866 1969 ex'
890 1915 1117 1982 capitum
1146 1915 1492 1983 quorumdam
1520 1915 1802 1986 divisione,

225 2008 303 2060 vel
331 2015 479 2060 certe
505 2007 732 2059 aliorum
766 2005 1134 2074 interjectione
1159 2005 1384 2058 adaucto
1421 2020 1663 2059 numero.
1704 2023 1724 2057 ι

666 2115 1031 2170 PliOLEGOM
1041 2115 1214 2170 ENON
1246 2114 1361 2169 XV.

543 2207 669 2271 Quae
698 2208 878 2258 horum
908 2207 1156 2260 librorum
1182 2207 1498 2260 auctoritas?

294 2297 366 2349 De
391 2299 714 2351 auctoritate
742 2298 928 2352 horum
959 2299 1216 2354 librorum
1246 2299 1494 2353 existimo
1523 2314 1626 2353 non
1654 2296 1808 2354 facile

222 2387 582 2451 dubitaturos,
612 2389 700 2454 qui
732 2391 1100 2456 prolegomena
1131 2389 1579 2458 priora-legerint,
1611 2390 1661 2444 in
1692 2391 1808 2461 qui-

225 2476 319 2528 bus
351 2478 447 2529 viri
479 2479 686 2546 aliquot
716 2478 974 2547 religione
1021 2478 1266 2546 spectati,
1301 2479 1498 2546 pietate
1546 2478 1805 2546 illustres,

223 2569 468 2621 doctrina
499 2569 798 2637 conspicui,
833 2580 1034 2639 partem
1063 2569 1250 2624 harum
1286 2570 1521 2624 Vitarum
1548 2571 1630 2626 vel
1659 2587 1807 2626 com-

223 2673 444 2725 posuere
477 2659 596 2726 ipsi,
629 2661 711 2713 vel
738 2675 769 2714 e
800 2659 985 2714 Grmco
1015 2659 1065 2715 in
1097 2661 1333 2715 Latinam
1370 2662 1602 2732 linguam
1631 2673 1805 2716 trans-

223 2751 346 2803 {etri
401 2766 664 2805 curavere
699 2792 713 2815 ,
764 2751 836 2804 uti
910 2760 1126 2806 sanctus
1191 2752 1448 2807 Martinus
1507 2753 1806 2808 Dumicnsis

219 2842 417 2906 abbas;
447 2841 531 2895 vel
565 2856 751 2895 earum
783 2841 1066 2896 lectionem
1097 2842 1358 2911 religiosis
1387 2844 1497 2897 suis
1523 2859 1805 2898 commen-

220 2932 433 2995 darunt,
463 2933 540 2985 uti
571 2946 792 2985 sanctus
820 2932 1158 2999 Benedictus,
1209 2931 1556 2988 Cassiodorus
1593 2944 1648 2989 et
1677 2934 1807 2989 Cre-

217 3029 400 3092 gorius
425 3024 793 3087 Turonensis;
821 3024 903 3078 vel
927 3039 1107 3079 earum
1137 3035 1338 3093 partem
1365 3041 1461 3093 pro
1484 3026 1805 3081 authenticis

223 3117 500 3184 scripturis
522 3116 631 3184 jam
655 3130 682 3167 a
706 3116 888 3169 multis
914 3124 1052 3170 retro
1073 3115 1283 3170 saeculis
1309 3115 1508 3171 diserte
1529 3131 1799 3186 recepere,

223 3208 293 3261 uti
328 3207 565 3275 pontifex
593 3205 862 3261 Gelasius.

292 3297 517 3352 Accedit
543 3297 684 3365 quod
718 3296 956 3366 plerique
987 3311 1172 3352 omnes
1202 3306 1449 3353 auctores
1495 3307 1616 3354 nota
1665 3299 1806 3354 refe-

228 3398 370 3450 runt,
405 3403 524 3456 qua:
555 3388 652 3454 ipsi
696 3388 810 3440 suis
859 3397 1230 3455 spectaverunt
1274 3389 1463 3454 oculis,
1492 3393 1576 3443 vel
1620 3405 1649 3442 a
1703 3390 1806 3444 fide

223 3477 403 3543 dignis
435 3479 658 3531 testibus
688 3478 1000 3532 hauserunt.
1037 3479 1387 3551 Hieronymus
1425 3480 1604 3545 enim,
1641 3481 1809 3534 Rulli-

227 3585 344 3634 ntIs,
375 3569 690 3635 Cassianus,
725 3571 1016 3636 Palladius,
1049 3573 1426 3628 Postumianus
1456 3575 1592 3641 apud
1639 3573 1807 3630 S..-ve-

228 3677 365 3726 rum,
400 3661 794 3726 Theodoretus,
832 3661 1102 3728 Moschus,
1133 3663 1376 3718 Patribus
1408 3665 1516 3718 illis
1546 3665 1627 3720 vel
1657 3669 1809 3720 annis

230 3758 426 3824 aliquot
452 3758 758 3820 coavixere,
793 3756 876 3810 vel
902 3771 1086 3811 eorum
1125 3756 1239 3812 loca
1275 3759 1519 3826 religiosa
1567 3763 1806 3830 peregri-

230 3852 442 3899 natione
472 3847 741 3900 obierunt.

298 3933 492 4005 [tum]
531 3936 646 3990 .lam
673 3953 801 3991 vero
829 3937 1178 3994 Cassiodorus
1194 3939 1361 3995 divin.
1382 3941 1691 4013 Instit._cap.
1718 3943 1809 4009 32,

229 4029 370 4096 quod
421 4031 891 4085 commonitionem
940 4034 1176 4087 continet
1222 4033 1432 4090 abbatis
1466 4034 1810 4093 Chalcedonii

228 4131 282 4174 et
317 4120 585 4184 Cerontii,
616 4122 1148 4192 congregationisqne
1178 4126 1592 4192 monachorum,
1618 4129 1815 4182 excitat

231 4226 323 4263 eos
345 4210 413 4264 ad
431 4211 740 4280 diligentem
769 4211 1050 4267 lectionem
1079 4214 1315 4270 Vitarum
1349 4218 1560 4273 Patrum
1586 4238 1596 4271 :
1625 4240 1641 4272 ι
1672 4220 1813 4287 Qua-

235 4312 472 4368 propter,
506 4301 706 4370 inquit,
739 4301 1105 4358 desideranter
1155 4306 1371 4362 introite
1415 4309 1664 4379 mysteria
1713 4311 1815 4366 Do-

235 4392 403 4458 mini,
454 4401 513 4446 ut
561 4393 906 4462 sequentibus
958 4397 1059 4449 iter
1109 4395 1345 4453 indicare
1402 4399 1635 4468 possitis,
1692 4403 1812 4466 quia

237 4497 444 4549 magna!
477 4485 811 4538 verecundia:
839 4486 1045 4554 pondus
1075 4496 1155 4541 est
1182 4487 1378 4541 habere
1408 4489 1546 4557 quod
1576 4491 1739 4561 legas,
1761 4503 1813 4548 et

232 4578 482 4640 ignorare
530 4577 669 4645 quod
716 4577 928 4633 doceas.
959 4580 1026 4632 Et
1072 4579 1191 4633 ideo
1242 4580 1430 4634 futurae
1471 4583 1816 4642 beatitudinis

238 4679 523 4726 Inetttores,
558 4665 705 4719 Vitas
736 4667 948 4723 Patrum
970 4709 983 4733 ,
1014 4669 1377 4726 confessiones
1410 4671 1663 4738 fidelium,
1693 4691 1817 4744 pas-

237 4759 414 4808 siones
445 4767 738 4826 martyrum
770 4759 926 4826 legite
957 4768 1280 4814 constanter.
1320 4781 1338 4812 ι

307 4850 596 4902 Enimvero
645 4865 764 4903 cum
796 4867 861 4904 ex
893 4851 1091 4905 Graecis
1138 4853 1371 4908 fontibus
1412 4857 1663 4927 pleraque
1710 4859 1819 4912 sint

240 4939 444 4999 hausta,
477 4942 576 4992 etsi
610 4955 714 4993 non
746 4941 966 4995 omnino
992 4952 1199 4997 constet
1225 4943 1291 4999 de
1319 4949 1665 5013 quorumdam
1700 4949 1817 5002 futt-

238 5035 363 5081 tium
395 5029 637 5098 origine,
669 5030 760 5100 qui
791 5045 886 5086 eos
917 5041 1093 5087 tamen
1134 5032 1186 5086 in
1237 5033 1458 5088 Latinos
1504 5037 1683 5092 alveos
1724 5039 1817 5091 de-

235 5122 458 5186 duxere,
495 5121 640 5174 fuere
685 5122 784 5175 viri
825 5137 1035 5191 graves,
1064 5132 1118 5178 ct
1153 5125 1513 5182 ecclesiastica
1557 5127 1818 5198 fulgentes

236 5212 510 5279 d’gttitale.
546 5226 574 5264 e
601 5213 849 5267 cardineo
876 5213 1088 5268 Patrum
1118 5215 1306 5270 ordine
1327 5216 1538 5277 diaconi
1563 5218 1688 5283 duo,
1721 5221 1818 5274 Pe-

238 5301 402 5368 lagius-
437 5311 490 5354 et
523 5302 858 5369 Paschasius,
892 5319 1028 5358 unus
1055 5304 1288 5360 Joannes
1311 5309 1685 5364 subdiaconus.
1718 5313 1819 5378 Qui

236 5407 355 5443 cum
409 5393 604 5445 versati
639 5392 834 5448 fuerint
862 5395 914 5447 in
958 5398 1128 5450 oculis
1161 5400 1446 5465 pontiﬁcis,
1478 5402 1628 5472 cujus
1661 5405 1817 5459 unius

239 5481 409 5534 estde
441 5481 672 5534 fontibus
715 5497 865 5551 aqua:
900 5484 1053 5549 vivae,
1086 5496 1136 5540 et
1163 5487 1230 5541 de
1259 5489 1507 5544 cisternis
1535 5507 1654 5561 qua:
1685 5509 1816 5547 con-

241 5574 408 5625 tinere
439 5588 545 5623 non
577 5574 753 5626 valent
795 5589 961 5643 aquas
1005 5576 1219 5645 (ferent.
1255 5582 1335 5649 ιι),
1371 5583 1506 5635 ferre
1531 5581 1814 5650 judicium,

243 5681 342 5716 I:on
371 5665 527 5720 video
550 5665 675 5733 quid
697 5665 762 5721 de
784 5673 1334 5740 eorumgermanitate
1354 5673 1423 5726 sit
1445 5674 1815 5733 dubitandum.

313 5758 464 5823 Quod
492 5757 535 5812 si
565 5756 700 5812 alios
729 5759 868 5816 viros
897 5775 1090 5823 graves
1127 5763 1430 5832 desideres,
1455 5767 1541 5837 qui
1578 5767 1814 5825 Vitarum

1908 1914 2036 1969 citat
2065 1915 2306 1981 quredam
2335 1930 2453 1981 quae
2495 1915 2758 1969 habentur
2788 1916 2883 1969 lib.
2919 1931 2972 1968 ιιι
3005 1915 3228 1969 Hufflui.
3259 1933 3314 1973 ιι.
3357 1916 3481 1982 lu,

1909 2015 1964 2061 et
1993 2006 2189 2074 Pelagii
2220 2006 2400 2060 libello
2432 2023 2538 2072 xIv,
2573 2024 2629 2060 ιι.
2666 2007 2750 2061 iis.
2805 2009 3058 2062 Doctrina
3103 2001 3332 2062 secunda
3364 2011 3488 2064 citat

1908 2096 2048 2164 quod
2079 2096 2300 2150 habetur
2327 2096 2464 2160 apud
2503 2097 2748 2150 eumdem
2779 2098 3070 2162 lluftinum,
3106 2099 3242 2152 libro
3271 2101 3496 2162 eodem,

1909 2199 1965 2238 ιι.
2001 2183 2122 2248 129,
2144 2194 2198 2239 et
2228 2185 2518 2255 Pelagium,
2544 2186 2722 2240 libello
2754 2202 2843 2245 xv.
2863 2201 2916 2241 ιι.
2942 2186 2994 2240 5.
3023 2187 3272 2242 Doctrina
3304 2189 3486 2256 quinta

1909 2280 2039 2334 citat
2066 2280 2208 2348 quod
2260 2279 2504 2345 habetur,
2536 2281 2673 2348 apud
2719 2279 2966 2335 eumdem
3013 2279 3306 2344 Rulflnum,
3354 2281 3498 2332 lihro

1909 2370 2121 2437 eodem,
2154 2387 2206 2425 ιι.
2237 2371 2326 2437 61,
2359 2382 2409 2425 et
2443 2371 2733 2438 Pelagium,
2778 2370 2956 2424 libello
2988 2385 3141 2435 svnt,
3171 2386 3318 2424 num.
3349 2368 3405 2436 9,
3437 2379 3489 2423 et

1910 2462 2275 2528 Paschasium,
2301 2479 2418 2532 cap.
2454 2464 2502 2530 1,
2539 2480 2591 2516 ιι.
2629 2463 2682 2516 8.
2715 2463 2910 2518 Ibidem
2941 2463 3069 2517 citat
3096 2463 3166 2517 de
3211 2463 3489 2531 Agathone

1908 2554 2049 2623 quod
2083 2555 2237 2609 habet
2281 2554 2525 2608 Bullinus
2555 2555 2647 2608 lib.
2675 2569 2755 2618 ιιι,
2786 2570 2840 2607 ιι.
2876 2553 2998 2618 Ιϐὶ,
3029 2563 3084 2608 et
3117 2553 3386 2621 Pelagius,
3428 2555 3490 2607 li-

1908 2646 2052 2700 bello
2083 2662 2138 2708 It,
2172 2663 2318 2700 num.
2349 2645 2403 2698 2.
2457 2645 2704 2700 Doctrina
2736 2655 2884 2700 sexta
2915 2647 3040 2701 citat
3070 2647 3222 2716 quod
3266 2647 3491 2701 habetur

1907 2737 2045 2805 apud
2075 2736 2323 2791 eumdem
2359 2735 2762 2799 Ruftinum,lib.
2792 2751 2871 2798 ιιι,
2895 2752 2946 2788 ιι.
2978 2735 3167 2800 l57,et
3191 2737 3487 2806 Pelagium,

1909 2830 2090 2884 libello
2137 2845 2210 2894 Ix,
2242 2846 2293 2882 ιι.
2331 2829 2384 2882 ‘5.
2437 2828 2682 2882 Doctrina
2729 2827 2953 2895 septima
2997 2827 3210 2882 adducit
3249 2828 3303 2881 id
3346 2829 3487 2898 quod

1911 2918 2070 2973 habet
2119 2918 2362 2971 lluffinus
2407 2917 2541 2971 libro
2588 2933 2676 2982 ιιι,
2705 2933 2758 2970 ιι.
2789 2917 2876 2981 51,
2914 2917 3156 2984 Pelagius
3199 2918 3382 2972 lihello
3412 2934 3485 2983 tv,

1909 3025 2057 3063 num.
2088 3007 2177 3063 59.
2209 3008 2314 3064 Sed
2346 3017 2399 3062 et
2428 3007 2566 3076 apud
2606 3007 2853 3061 eumdem
2893 3006 3216 3061 Dorotheum
3247 3007 3487 3078 aliosque

1911 3099 2062 3170 plura
2088 3100 2200 3153 loca
2223 3113 2287 3153 ex
2320 3097 2402 3151 bis
2425 3097 2578 3152 libris
2600 3097 2877 3166 desumpta
2909 3111 3028 3150 esse
3057 3109 3245 3150 n0tare
3277 3104 3378 3149 est.

1827 3177 1875 3238 (ἶ
1981 3192 2137 3246 Dices
2159 3193 2330 3260 primo
2355 3207 2370 3244 :
2395 3191 2636 3244 Gelasius
2659 3204 2814 3258 papa,
2843 3203 3004 3256 supra
3030 3191 3408 3258 prolegomeno
3432 3189 3484 3254 I,

1909 3297 2001 3338 eas
2022 3291 2223 3337 tantum
2247 3282 2395 3336 Vitas
2417 3283 2760 3337 eremitarum
2783 3295 2902 3335 cum
2927 3281 3070 3334 omni
3093 3281 3292 3334 honore
3315 3281 3486 3334 susci-

1910 3375 2007 3442 pit,
2027 3389 2157 3442 quas
2176 3373 2387 3442 scripsit
2409 3374 2596 3427 beatus
2613 3373 2968 3443 Hieronymus
2986 3370 3192 3444 [XLVIII]
3207 3387 3222 3436 ;
3239 3380 3291 3425 at
3308 3371 3489 3426 multa:

1910 3466 2030 3519 alia:
2061 3467 2142 3520 his
2171 3467 2426 3520 immixta:
2457 3475 2603 3532 sunt,
2632 3481 2855 3534 quarum
2884 3473 3094 3518 constat
3116 3464 3326 3517 beatum
3362 3461 3486 3516 ilio-

1912 3571 2192 3626 ronymIIIn
2227 3571 2330 3610 non
2360 3571 2479 3610 esse
2523 3568 2816 3610 auctorem.
2852 3554 3191 3622 Respondeo,
3223 3568 3345 3607 eum
3375 3551 3490 3622 qui-

1912 3649 2033 3702 dem
2064 3649 2263 3703 dist~rte
2293 3648 2534 3716 recipere
2580 3647 2726 3701 Vitas
2757 3662 2783 3698 a
2818 3647 2976 3700 beato
3008 3645 3335 3713 Hieronymo
3361 3657 3491 3696 con-

1912 3740 2179 3808 scriptas,
2211 3738 2307 3792 sed
2350 3755 2455 3792 non
2503 3738 2622 3792 ideo
2670 3737 2893 3804 rejicere
2948 3735 3099 3788 alias.
3158 3734 3268 3787 lmo
3321 3733 3492 3787 videri

1913 3835 2083 3902 possit
2106 3831 2344 3885 Gelasius
2366 3831 2699 3885 existimasse
2724 3829 3100 3896 Hieronymum
3129 3826 3310 3894 plures
3336 3825 3486 3878 Vitas

1913 3923 2210 3992 scripsisse,
2260 3931 2613 3990 prmterquam
2665 3919 2836 3983 Pauli,
2885 3915 3141 3980 Antonii,
3177 3915 3487 3981 Hilarionis,

1914 4032 2135 4087 quarum
2167 4015 2366 4069 diserte
2413 4013 2653 4067 meminit
2679 4053 2693 4077 ,
2723 4025 2961 4081 quasque
2990 4008 3212 4077 suscipit
3241 4018 3490 4077 tanquam

1916 4093 2248 4161 authenticas
2294 4103 2520 4172 scriptas
2550 4119 2578 4155 a
2610 4103 2764 4156 beato
2813 4101 3158 4169 Hieronymo.
3209 4098 3338 4152 Nam
3370 4111 3519 4150 cum.

1916 4197 2057 4251 addit
2087 4213 2102 4253 :
2130 4196 2193 4250 Et
2219 4196 2446 4249 omnium
2477 4193 2819 4252 eremitarunt,
2853 4192 2992 4244 hunc
3025 4191 3218 4243 librum
3256 4187 3492 4241 Vitarutn

1919 4288 2132 4341 Patrum
2176 4286 2442 4352 respicere
2486 4283 2694 4337 videtur
2740 4282 2828 4349 qni
2863 4281 3168 4350 llieronymi
3215 4292 3336 4332 esse
3381 4276 3490 4344 jam

1920 4386 2046 4431 tunc
2085 4377 2240 4444 vulgo
2266 4375 2556 4430 ferebatur.
2604 4372 2756 4439 Quod
2788 4371 3024 4438 intelligo
3054 4369 3284 4423 maxime
3306 4367 3380 4421 de
3409 4381 3495 4420 se-

1920 4473 2095 4528 cundo
2117 4472 2275 4534 libro,
2293 4484 2449 4539 quem
2474 4469 2632 4522 etiam
2657 4467 2792 4534 apud
2820 4465 3037 4519 Grtncos
3062 4461 3372 4531 Hieronymi
3402 4475 3520 4514 no-.

1845 4548 1896 4608 Ῑ)
1922 4565 2067 4620 mitte
2081 4561 2429 4624 circumferri,
2444 4559 2550 4628 jam
2567 4573 2724 4627 supra
2740 4559 2915 4611 monui
2936 4556 3317 4626 prolegonteno
3330 4551 3382 4610 4,
3399 4551 3426 4622 §
3442 4554 3495 4606 8.

1992 4678 2102 4731 Nec
2133 4677 2322 4729 mirum
2353 4673 2494 4745 quod
2521 4672 2762 4728 Gelasius
2794 4670 3016 4725 secundi
3060 4667 3180 4722 libri
3222 4676 3510 4720 auctorem-

1921 4769 2304 4823 existitnaverit
2330 4775 2571 4822 sanctum
2603 4765 2983 4834 Hieronymum
3018 4761 3167 4832 (licet
3195 4761 3328 4813 alius
3361 4773 3498 4812 nunc

1923 4858 2040 4925 eius
2068 4868 2253 4911 auctor
2278 4859 2358 4910 vel
2404 4858 2519 4922 ipso
2564 4864 2849 4910 attestante
2881 4854 3205 4921 Hieronymo
3246 4864 3500 4919 agnosca-

1927 4949 2193 5019 tur),cuut
2209 4949 2368 5002 etiam
2403 4947 2531 5001 Vita:
2560 4946 2734 5000 sancti
2763 4945 2976 4999 Antonii
3027 4952 3302 4996 auctorem
3347 4942 3499 4996 faciat

1926 5048 2167 5093 sanctum
2213 5039 2616 5108 Hieronymum.
2663 5053 2821 5108 quam
2868 5048 3043 5091 tamen
3089 5035 3154 5089 ab
3205 5036 3499 5090 Athanasio

1925 5131 2111 5185 Grrece
2138 5131 2521 5197 conscriptam,
2547 5129 2614 5182 ab
2661 5129 2890 5220 Evagrio
2935 5128 3272 5183 Antioclteno
3306 5129 3501 5181 Latini-

1926 5224 2016 5279 tati
2061 5223 2307 5277 donatam
2356 5229 2506 5276 certo
2553 5237 2695 5276 nunc
2743 5231 2981 5298 constat.
3007 5221 3135 5277 Vide
3165 5222 3389 5276 dieenila
3438 5221 3502 5276 ad

1923 5315 2095 5368 Vitam
2128 5313 2296 5366 sancti
2327 5313 2539 5365 Antonii
2571 5313 2621 5366 in
2656 5313 2946 5380 praeludiis,
2979 5320 3089 5367 not.

1995 5406 2148 5460 Dices
2187 5406 2422 5459 secundo
2468 5416 2652 5459 contra
2689 5407 3059 5460 auctoritatem
3111 5404 3234 5460 libri
3287 5404 3545 5478 secttntli‘

1921 5508 2139 5551 auctore
2202 5494 2412 5550 Rufliuo
2450 5512 2464 5552 :
2500 5496 2693 5551 Beatus
2744 5497 3130 5566 Hieronymus,
3158 5497 3379 5566 epistola
3439 5497 3504 5550 ad

1921 5587 2325 5655 Ctesiphontem
2378 5595 2562 5640 contra
2592 5586 2925 5656 Pelagianos,
2961 5585 3195 5653 graviter
3239 5587 3290 5639 in
3333 5583 3503 5636 ltuffi-

1922 5695 2047 5734 num
2081 5679 2348 5732 invehitur
2371 5714 2387 5741 ,
2413 5677 2552 5746 quod
2585 5675 2912 5744 Origenistas
2938 5673 3195 5743 quosdam
3228 5671 3361 5727 Vitis
3387 5670 3506 5726 istis

1915 5767 2228 5846 inseruerit,
2257 5781 2412 5839 quem
2437 5768 2614 5847 locum
2642 5779 2954 5837 expressum
2983 5763 3148 5839 habes
3172 5772 3354 5836 supra,
3373 5771 3497 5832 pro-
3550 5778 3554 5782 ·
