4002 6220
464 320 535 403 ss
1383 313 1446 370 1N
1493 310 1690 370 vms
1730 312 2010 368 ramum
2048 310 2558 369 PRULEGOMENA
2600 314 2787 370 xxvt.
3668 332 3734 387 56

465 432 742 497 leguitieno
771 424 824 489 4,
869 423 1015 499 510.
1059 422 1390 494 Theophilus
1437 438 1650 493 quoque
1690 423 1930 480 scribens
1968 423 2036 478 ad

2148 425 2390 497 ἶπωνύμῳ
2427 427 2684 502 imiimi?
2732 431 3011 499 Ἀμμώνιοῖ
3056 430 3110 486 δέ
3147 431 3379 509 ἔῦαγχςς
3415 448 3505 499 τῆς
3525 443 3731 501 συνόδου

463 516 840 586 Ειήμιιοιιίυηι,
869 514 996 569 dum
1044 514 1296 570 Ecclesia:
1338 512 1590 583 prmsidet
1633 512 2037 579 Alexandriam,

462 614 515 667 itt
544 612 766 681 cpistola
804 610 870 665 67
902 608 1042 677 apud
1086 608 1471 677 Hieronymum
1525 607 1802 675 gloriatur,
1841 624 1862 659 ι
1894 607 2034 675 quod

464 703 702 760 Ecclesia
731 701 927 756 Christi
955 700 1292 771 egredientes
1336 699 1403 754 de
1444 699 1689 754 cavernis
1714 698 1825 752 suis
1853 697 2039 768 Orige-

463 796 549 853 nis
576 795 826 851 colubros
857 792 1174 861 Evangelico
1205 806 1334 846 ense
1359 792 1641 854 truncavit,
1666 798 1722 844 et
1743 789 2037 844 secundum

461 874 648 947 Nilria:
695 886 1077 941 monachorum
1106 898 1294 953 agmen
1340 884 1658 951 contagione
1695 880 1943 958 pestifera
1976 880 2040 935 li—

465 980 689 1039 beravit.
713 997 731 1030 ε
772 980 834 1032 [ι
874 977 1007 1031 infra
1034 993 1047 1029 ε
1078 993 1098 1027 ι
1134 974 1340 1039 Didici,
1371 973 1467 1037 ait,
1497 973 1639 1043 quod
1687 972 2039 1026 calumniato-

462 1086 551 1126 res
598 1085 739 1125 vera:
772 1067 891 1123 fidei
938 1067 1272 1131 Ammonius,
1305 1064 1599 1131 Eusebius,
1625 1072 1681 1117 et
1723 1063 2043 1133 Euthymius

464 1176 602 1217 novo
625 1175 720 1230 pro
745 1157 935 1214 hmresi
967 1157 1144 1212 furore
1171 1154 1492 1210 bacchantes
1519 1153 2040 1227 ConSIantinopolim

464 1252 783 1319 uavigarint.
817 1268 835 1301 ι
865 1252 940 1303 De
974 1261 1077 1317 qua
1129 1262 1187 1301 re
1229 1254 1435 1300 certum
1484 1243 1610 1299 facit
1657 1244 2041 1316 Hieronymum

464 1339 795 1409 Epiphanius
824 1338 1049 1407 epistola
1080 1336 1183 1401 75,
1226 1344 1278 1391 et
1309 1335 1637 1405 Theophilus
1667 1336 1782 1404 ipse
1810 1334 2044 1391 Alexan-

460 1432 649 1487 drinus
685 1431 907 1500 epistula
940 1429 1006 1481 (Al
1035 1426 1215 1494 e172;
1258 1427 1480 1496 ipseque
1521 1442 1618 1497 pro
1648 1441 1708 1483 re
1741 1435 1844 1481 tam
1878 1427 2046 1483 felici-

461 1530 543 1578 ter
570 1520 814 1576 confecta
860 1516 1159 1588 'l'heopliilo
1204 1518 1506 1587 gratulatur
1534 1517 1782 1585 epistolis
1809 1518 1880 1574 το
1902 1559 1918 1582 ,
1948 1518 2041 1573 71.

460 1613 528 1668 Et
576 1612 798 1682 cpistola
827 1610 919 1676 (il,
948 1610 1016 1664 ad
1064 1609 1465 1664 Pamtnachium
1517 1608 1777 1666 adversus
1827 1624 2046 1667 errores

457 1704 680 1760 Joannis
719 1701 1176 1773 Jcrosolymitani,
1200 1715 1366 1771 prOpe
1393 1701 1577 1767 linem,
1598 1715 1763 1771 agens
1786 1700 1856 1757 de
1882 1701 2047 1758 Joan-

2141 518 2672 589 παρασκευαζομένης,
2704 519 3011 587 ἑμαλακίσθη
3042 523 3100 576 τὸ
3140 533 3316 593 σῶμα·
3356 536 3650 604 περαιωθεὶς
3680 534 3732 592 δέ

2141 606 2211 667 εἰς
2239 612 2387 681 Δρῦν,
2420 608 2787 681 χα).επώτερον
2807 612 2909 666 ὑπὸ
2936 621 3027 673 τῆς
3056 616 3213 670 νόσου
3244 618 3440 680 διετέθη
3460 661 3475 685 ,
3514 629 3600 679 καὶ
3623 630 3735 697 μετ’

2141 694 2199 746 οὐ
2228 696 2354 748 πολύ
2396 698 2606 768 τελευτᾷ
2642 700 2727 752 τὸν
2753 699 2886 769 βίον,
2918 706 3153 776 καὶπρὸς
3188 716 3288 761 τῶν
3317 711 3551 769 πλησίων
3580 694 3738 785 μονα·

2142 790 2284 879 χῶν,Δ
2300 782 2510 879 {agnda
2538 795 2713 879 κοῖται,
2738 789 2980 864 λαμπρᾶς
3005 796 3187 857 ἠξιώθη
3209 808 3388 870 ταφῆς.
3412 799 3472 856 Ὀ
3496 802 3552 858 δὲ
3574 782 3742 879 6567:-

2140 874 2225 937 λος
2254 875 2321 934 ὡς
2352 876 2584 943 ἐπύθετο,
2611 877 2811 951 λέγεται
2839 880 3094 956 δακρύσειε
3123 890 3205 941 καὶ
3232 892 3301 949 εἰς·
3333 894 3534 954 πάντας
3560 897 3740 961 εἰπεῖν,

2143 970 2211 1029 ὡς
2241 968 2405 1031 οὐδεὶς
2431 968 2506 1029 εἴη
2528 980 2625 1026 τῶν
2647 972 2753 1028 κατ’
2782 976 2940 1030 αὐτὸν
2963 981 3194 1050 μοναχός
3231 980 3331 1043 οἷος
3362 985 3667 1056 ’Δμμὼνιςς,
3698 994 3742 1045 εὶ

2142 1062 2226 1115 καί
2254 1062 2390 1134 αὐτῷ
2414 1072 2658 1138 ταραχῆς
2681 1063 2843 1127 αἴτιος
2872 1068 3099 1139 ἐγένετω
3131 1089 3149 1123 ε
3184 1072 3294 1128 Hoc
3319 1075 3441 1129 loco
3468 1078 3744 1146 Theophi-

2144 1149 2229 1205 lus
2255 1165 2361 1207 una
2388 1167 2509 1207 cum
2538 1154 2748 1209 creteris
2791 1156 3062 1226 episcOpis
3107 1164 3460 1229 conveniens,
3494 1166 3564 1221 de
3588 1169 3741 1226 libris

2143 1240 2389 1311 Origenis
2420 1244 2616 1299 nullam
2654 1245 2871 1314 quidem
2919 1250 3247 1306 mentionem
3298 1254 3462 1321 fecit;
3487 1258 3583 1313 sed
3612 1260 3741 1314 Sce-

2145 1341 2327 1389 tenses
2380 1335 2515 1389 istos
2571 1335 2870 1392 monachos
2922 1338 2988 1394 ad
3044 1340 3417 1409 pcnnitentiam
3471 1346 3741 1415 invitavit,

2146 1423 2418 1494 pollicitus
2445 1440 2504 1480 se
2535 1440 2711 1493 neque
2750 1426 2967 1498 injuria:
3009 1442 3245 1501 accepta:
3274 1434 3398 1490 fore
3423 1451 3745 1502 memorem,

2151 1528 2327 1585 neque
2352 1515 2477 1569 mali
2503 1516 2793 1588 quidquam
2824 1532 2944 1575 esse
2963 1517 3253 1579 facturum.
3277 1524 3414 1579 Cum
3441 1527 3605 1597 igitur
3629 1528 3744 1584 suis

2146 1606 2474 1663 clamoribus
2508 1607 2629 1664 illos
2676 1619 2931 1681 urgerent
2957 1611 3197 1670 fautores
3224 1616 3537 1686 Theoybili,
3569 1627 3629 1674 ut
3655 1636 3746 1675 ve-

2148 1701 2295 1756 niam
2344 1709 2613 1771 peterent,
2638 1711 2694 1757 et
2735 1703 2947 1759 interim
2977 1704 3299 1764 simularent
3342 1709 3615 1781 synodum
3649 1726 3750 1780 pro

459 1795 543 1851 nis
570 1794 828 1865 cpistola:
860 1812 877 1845 ι
912 1792 1040 1857 Iste,
1072 1794 1167 1857 ait,
1202 1793 1457 1859 Isidorus,
1491 1793 1579 1863 qui
1616 1793 1670 1849 in
1711 1793 1910 1849 caelum
1943 1795 2048 1850 tuis
2080 1797 2125 1859 Β
2152 1788 2284 1858 ipsis
2308 1791 2632 1860 supplicare.
2648 1793 2894 1849 monachi
2916 1796 3234 1865 perturbati,
3263 1807 3426 1869 atque
3457 1803 3563 1856 hoc
3590 1802 3747 1871 plane

459 1887 703 1943 laudibus
760 1886 1003 1953 tollitur,
1036 1885 1264 1956 idipsum
1318 1887 1609 1943 infamatur
1665 1887 2043 1957 Alexandriae,

461 1978 604 2047 quod
636 1987 689 2032 tu
721 1977 1095 2050 Jerosolymis.
1144 1978 1305 2048 Atqui
1354 1987 1588 2048 quatuor
1617 1976 1673 2032 hi
1705 1980 2043 2044 Ammonius,

462 2071 743 2137 Eusebius,
760 2070 1093 2141 Euthymius,
1119 2079 1175 2126 et
1198 2068 1433 2125 Isidorus
1455 2068 1558 2125 hoc
1581 2068 1716 2124 libro
1734 2078 2047 2126 occurrunt.

529 2161 852 2228 Respondeo
876 2175 999 2216 eam
1027 2169 1259 2231 partem,
1278 2159 1366 2213 ubi
1394 2160 1727 2229 Origenistas
1756 2161 1878 2215 illos
1908 2159 2048 2215 indi-

455 2260 539 2312 cio
590 2256 730 2313 beati
789 2256 1101 2327 Hieronymi
1156 2255 1491 2325 detegemus,
1526 2254 1803 2309 minimam
1856 2254 2046 2309 harum

459 2348 699 2403 \‘itarum
723 2361 866 2402 esse.
897 2346 964 2400 Et
1004 2346 1276 2414 potuerint
1300 2345 1460 2400 iidem
1490 2353 1640 2400 certo
1667 2357 1905 2415 tempore
1927 2345 2047 2401 Ori-

454 2440 608 2509 genis
636 2452 821 2493 errore
867 2437 1032 2492 fuisse
1075 2435 1292 2504 infecti,
1325 2448 1444 2507 post
1494 2448 1672 2492 tamen
1716 2436 2044 2507 resipuisse:

460 2532 692 2587 maxime
735 2544 856 2584 cum
886 2544 1070 2582 eorum
1101 2528 1317 2597 quidam
1373 2530 1425 2582 in
1473 2527 1783 2584 Graecorum
1829 2529 2048 2584 Menaeis

457 2629 828 2689 compareant,
854 2628 907 2675 et
935 2619 1002 2674 ab
1031 2619 1154 2676 aliis
1194 2620 1325 2674 viris
1358 2621 1556 2674 sanctis
1586 2620 1781 2675 fuerint
1823 2620 2055 2676 laudati-

528 2709 783 2780 Equidem
809 2709 862 2763 in
892 2709 1074 2764 libello
1096 2709 1299 2773 Acacii,
1324 2710 1463 2779 apud
1490 2709 1739 2765 Photium
1767 2710 2044 2780 Cod.159,

454 2802 711 2859 adversus
740 2799 913 2875 [uix]
959 2800 1403 2872 Chrysostomum
1443 2802 1651 2874 synodo
1677 2803 1743 2857 ad
1775 2803 2045 2869 Quercum

458 2896 650 2949 habita:
678 2894 892 2959 oblato,
925 2894 1219 2948 secundum
1266 2894 1409 2949 hunc
1450 2895 1730 2950 articulum
1776 2896 2039 2951 invenio:

461 3003 480 3035 ε
516 2984 669 3053 Quod
699 2985 885 3039 beatus
926 2984 1255 3054 Epiphanius
1298 2992 1515 3054 propter
1559 2985 1890 3055 Origenistas
1920 2990 2048 3041 Am-

456 3074 716 3141 monium,
752 3075 1094 3147 Euthymium
1120 3078 1246 3149 (non
1278 3075 1382 3130 rite
1406 3075 1546 3145 apud
1580 3076 1894 3143 Baronium,
1922 3092 2044 3133 ver-

2151 1879 2269 1935 tieri
2299 1890 2551 1950 Oportere
2595 1882 2720 1952 rati,
2755 1885 2939 1942 multis
2984 1886 3251 1958 episcopis
3297 1890 3739 1959 praesidentibus,

2149 1967 2281 2024 illud
2307 1969 2540 2038 scilicet,
2568 1973 2714 2043 quod
2741 1974 2875 2043 ipsis
2903 1975 3083 2034 dicere
3111 1979 3350 2035 solemne
3376 1991 3493 2036 est:
3520 1981 3743 2037 Etiamsi

2148 2058 2396 2128 injuriam
2418 2062 2721 2131 fecerimus,
2739 2066 2976 2135 ignosce,
2999 2068 3304 2138 inquiunl“.
3318 2071 3626 2141 The0philo
3646 2074 3745 2143 igi-

2149 2164 2237 2210 tur
2268 2157 2390 2212 illos
2430 2168 2676 2229 prompte
2704 2160 2757 2214 in
2785 2164 3009 2230 gratiam
3038 2164 3196 2219 simul
3224 2174 3278 2219 et
3308 2168 3363 2220 in
3401 2166 3741 2221 communio-

2151 2262 2275 2302 nem
2327 2250 2641 2319 recipiente,
2666 2253 2838 2307 soluta
2887 2262 2971 2308 est
3015 2255 3249 2323 cognitio
3274 2296 3289 2321 ,
3317 2271 3443 2326 quae
3483 2256 3741 2312 adversus

2148 2338 2433 2395 Scetenses
2461 2340 2593 2396 istos
2634 2342 2874 2415 instituta
2906 2343 3108 2411 fuerat;
3138 2346 3280 2417 quod
3310 2347 3506 2417 opinor
3536 2364 3641 2402 non
3668 2349 3740 2405 ita

2147 2431 2521 2498 successisset,
2553 2432 2597 2486 si
2628 2448 2732 2488 una
2774 2447 2896 2489 cum
2952 2436 3176 2506 reliquis
3214 2439 3498 2493 monachis
3528 2439 3742 2494 Diosco-

2149 2535 2239 2575 rus
2282 2530 2337 2577 et
2377 2524 2693 2579 Ammonius
2737 2527 3060 2582 adfuissent.
3105 2527 3236 2583 Nam
3290 2529 3584 2585 Dioscorus
3628 2529 3737 2598 jam

2147 2620 2303 2666 antea
2330 2621 2606 2681 mortuus,
2640 2614 2693 2668 in
2726 2616 2929 2687 templo
2960 2618 3112 2672 Mocii
3146 2620 3403 2690 martyris
3442 2630 3529 2678 est
3565 2623 3741 2689 sepul-

2150 2712 2258 2757 tus.
2292 2704 2607 2759 Ammonius
2648 2717 2826 2761 autem
2859 2708 3019 2763 modo
3057 2724 3178 2765 cum
3208 2712 3453 2782 synodus
3478 2728 3736 2768 convoca-

2147 2786 2316 2859 retur,
2356 2809 2582 2864 corpore
2630 2797 2883 2868 languere
2929 2801 3092 2869 erepit
3117 2819 3130 2856 :
3156 2800 3233 2874 [ι]
3260 2815 3312 2858 et
3341 2816 3626 2875 postquam
3667 2804 3734 2858 ad

2146 2887 2413 2955 Quercnm
2445 2888 2765 2959 traiecisset,
2799 2892 2988 2948 morbo
3015 2897 3234 2964 gravius
3277 2909 3569 2964 correptus
3610 2896 3731 2963 fuit,

2145 2992 2209 3034 ac
2255 2995 2361 3034 non
2414 2982 2584 3035 multo
2641 2992 2761 3050 post
2808 2984 2982 3041 ﬁnivit
3022 2987 3205 3053 vitam,
3236 2997 3293 3043 et
3342 2989 3495 3060 apud
3541 2990 3744 3044 vicinos

2146 3069 2463 3137 monachos,
2493 3072 2580 3128 ubi
2628 3076 2791 3130 etiam
2819 3075 2994 3145 jacet,
3024 3079 3358 3149 splendidam
3400 3083 3741 3152 sepulturam

456 3174 599 3222 tante
628 3167 886 3223 Federico
926 3167 1104 3232 Metio,
1132 3180 1199 3222 ex
1245 3176 1533 3236 corrupto,
1569 3174 1626 3220 ut
1673 3175 1917 3237 apparet,
1948 3181 2039 3222 co-
2068 3172 2114 3235 ρ
2144 3161 2366 3215 sortitus
2394 3161 2513 3219 fuit.
2544 3163 2876 3235 Theophilus
2900 3171 3115 3225 tandem
3138 3166 3238 3227 ubi
3268 3173 3318 3227 id
3351 3173 3737 3239 intellexisset,

454 3257 592 3318 dice.
623 3256 991 3329 Eutychium),
1026 3256 1337 3319 Eusebium,
1370 3267 1424 3311 et
1454 3255 1809 3323 Herac'idem,
1840 3266 1891 3310 et
1917 3255 2039 3310 Pal-

456 3350 655 3404 ladium
721 3349 890 3403 noluit
943 3364 1063 3404 cum
1117 3345 1504 3419 Chrysostomo
1566 3352 1981 3403 communicare.
2013 3367 2035 3402 ι

467 3438 708 3495 Meminit
730 3448 903 3493 autem
929 3438 1284 3509 Hieronymus
1298 3439 1521 3506 epistola
1537 3439 1620 3494 illa
1639 3440 1703 3492 ad
1729 3438 2041 3507 Ctesiphon-

463 3539 570 3585 tem
620 3529 888 3585 Atnmonii
938 3540 991 3586 et
1041 3530 1440 3601 Eusebii,quos
1492 3530 1822 3601 Origenistas
1874 3532 2040 3590 fuisse

459 3619 672 3675 asserit.
705 3619 772 3675 Ut
812 3618 970 3689 igitur
1007 3634 1071 3676 ex
1119 3620 1325 3690 synodo
1373 3622 1457 3676 illa
1504 3620 1778 3685 discimus,
1813 3636 1905 3677 eas
1932 3638 2041 3678 non

455 3712 693 3767 caruisse
743 3712 1047 3781 suspicione
1098 3710 1406 3781 Origeniaui
1455 3713 1689 3777 erroris,
1721 3712 1793 3767 ita
1840 3715 2043 3783 pariter

456 3802 737 3868 docemur,
770 3817 874 3856 non
904 3803 1123 3857 omnino
1162 3802 1418 3872 liquidam
1466 3802 1630 3857 fuisse
1656 3803 2041 3871 suspicionem,

460 3895 503 3949 si
547 3895 963 3965 Chtysostomus
990 3895 1071 3948 vir
1102 3894 1284 3964 utique
1332 3894 1676 3951 doctissimus
1712 3904 1876 3966 atque
1917 3912 2044 3952 san-

456 3984 725 4040 ctissimus
748 3997 869 4037 cum
902 3982 964 4038 iis
995 3984 1491 4040 communicaverit.

527 4074 635 4129 Nec
662 4074 882 4127 omnino
904 4074 1020 4127 sine
1047 4084 1265 4129 auctore
1289 4074 1423 4136 dixi,
1456 4075 1690 4144 potuisse
1722 4076 2037 4144 monachos,

455 4175 581 4217 ante
610 4164 965 4231 Origenistas,
998 4172 1118 4232 post
1142 4163 1455 4233 resipuisse.
1486 4164 1624 4219 Audi
1649 4163 1687 4220 S
1712 4180 2038 4234 laomenum,

457 4256 548 4310 lib.
581 4271 695 4318 vui,
727 4270 848 4324 cap.
883 4255 944 4310 l7
972 4272 985 4308 :

530 4348 763 4402 Ἐνταῦθα
781 4345 833 4402 δὲ
856 4347 1103 4402 συνελθὼν
1119 4345 1352 4419 Θεόφιλος
1367 4344 1474 4419 ἅμα
1490 4354 1601 4408 τοῖς
1624 4344 1806 4407 ἄλλοις.
1826 4351 1942 4423 περὶ
1957 4350 2045 4418 μὲν

459 4446 558 4492 τῶν
580 4437 870 4511 Ὠριγένους
892 4438 1097 4509 βιϐλίων
1117 4435 1255 4491 οὐδέν
1273 4437 1678 4507 ἒπεμνημόνευσε
1695 4452 1709 4465 ⁸
1733 4440 1852 4498 τοὺς
1868 4436 1918 4491 δὲ
1939 4440 2042 4493 ἀπὸ

2145 3253 2510 3324 illacrymasse
2538 3255 2731 3321 fertur,
2762 3272 2826 3313 ac
2851 3259 3060 3317 dixisse
3088 3263 3230 3331 quod
3281 3265 3418 3318 inter
3458 3266 3737 3321 universos

2145 3347 2441 3403 monachos
2461 3363 2522 3404 su
2560 3364 2591 3404 s
2618 3352 2738 3405 talis
2766 3367 2872 3406 non
2900 3362 3068 3421 esset,
3100 3357 3273 3425 qualis
3298 3359 3501 3414 fuisset
3526 3359 3731 3414 Ammo-

2145 3438 2286 3500 nius,
2319 3441 2526 3496 etiamsi
2556 3443 2655 3511 ipsi
2683 3444 2956 3500 turbarum
2986 3448 3286 3504 exstitisset
3313 3460 3565 3507 auctor.»
3591 3451 3734 3507 Unde

2146 3526 2404 3584 discimus
2446 3546 2536 3587 res
2585 3532 2775 3589 horum
2820 3537 3205 3594 monachorum
3252 3540 3409 3607 plane
3452 3542 3737 3611 perplexas

2145 3618 2333 3675 fuisse.
2364 3622 2504 3678 Sane
2544 3622 2808 3693 Georgius
2832 3627 3227 3684 Alexandrinus
3258 3630 3313 3685 in
3344 3629 3465 3684 Vita
3499 3632 3726 3700 Chryso-

2145 3712 2301 3767 stomi
2323 3714 2395 3767 ait
2416 3717 2757 3771 Ammonium
2781 3726 2835 3772 et
2852 3717 3164 3774 Dioscorutn
3198 3723 3303 3775 vita
3328 3722 3547 3778 functos
3570 3723 3733 3791 splen-

2145 3802 2270 3858 dide
2299 3804 2557 3870 sepultos,
2591 3816 2644 3861 et
2670 3808 2943 3864 miraculis
2970 3811 3252 3869 claruisse.

2216 3893 2486 3963 Quidquid
2517 3894 2609 3962 sit,
2640 3910 2852 3953 maneat
2875 3900 3250 3956 inconcussum
3278 3902 3389 3957 divi
3421 3903 3731 3975 Hieronymi

2148 3982 2539 4050 testimonium,
2569 3993 2625 4039 et
2664 3987 2780 4055 ejus
2827 3991 3121 4047 monitione
3150 3993 3357 4048 cautius
3386 3994 3579 4052 horum
3608 4011 3733 4066 pau-

2145 4086 2331 4127 corum
2362 4075 2502 4129 dicta
2548 4076 2896 4148 excipiamus.
2947 4081 3261 4153 Quanquam
3291 4086 3423 4142 nihil
3451 4087 3507 4143 in
3542 4088 3621 4143 his
3648 4101 3732 4142 oc-

2147 4168 2315 4221 currit
2341 4168 2481 4237 quod
2511 4170 2730 4229 sinistre
2759 4186 2936 4238 sonet,
2967 4187 3191 4247 excepta
3222 4194 3326 4236 una
3352 4181 3488 4237 forte
3523 4178 3732 4252 Evagrii

2146 4258 2412 4311 sententia
2433 4258 2502 4313 de
2528 4260 2974 4333 impassibilitale,
2994 4268 3079 4322 cui
3097 4281 3196 4323 suo
3225 4269 3346 4325 loco
3373 4284 3731 4343 opportunum

2146 4346 2444 4401 antidomm
2473 4352 2843 4417 apposuimus.

2216 4437 2636 4509 Cbristophorus
2678 4443 2923 4502 Castrius
2970 4458 3153 4505 noster
3183 4454 3257 4507 ita
3295 4453 3417 4510 huic
3443 4472 3509 4509 ex
3552 4456 3730 4510 Hiero-

456 4532 679 4589 Σκήτεως
698 4531 962 4599 μοναχοὺς
982 4529 1051 4588 εἰς
1072 4529 1335 4599 μετάνοιαν
1351 4526 1533 4595 ἕκάλει,
1555 4531 1680 4597 μήτε
1701 4536 2041 4597 μνησικακεῖν,

2150 4546 2311 4602 nymo
2367 4534 2673 4592 testimonio
2729 4539 2979 4596 satisfieri
3030 4556 3188 4611 posse
3241 4546 3526 4614 censebat,
3559 4558 3613 4602 ut
3664 4561 3730 4600 ex

457 4621 580 4692 μήτε
593 4625 757 4679 κακῶς
765 4626 926 4674 ποιεῖν
937 4615 1656 4689 ὑποσχόμενος.Ἐτειϐοῶντων
1683 4617 1735 4674 δὲ
1748 4621 1915 4680 αὐτοῖς
1930 4640 2048 4694 συγ-

457 4713 657 4785 γνῶμην
676 4712 832 4765 αἰτεῖν
853 4716 952 4764 τῶν
972 4709 1207 4781 Θεοφίλου
1232 4705 1595 4772 σπουδαστῶν,
1615 4711 1699 4763 καὶ
1728 4730 2047 4784 προσποιου-

456 4800 615 4875 μένων
635 4805 724 4859 τήν
747 4798 956 4856 σύνοδον
986 4799 1222 4855 ἱκετεύειν
1250 4799 1382 4875 ὑπέρ
1410 4800 1594 4863 αὐτῶν,
1626 4805 1970 4878 ταραχθέντες
1999 4805 2045 4859 οἱ

455 4900 680 4969 μοναχοὶ
718 4899 802 4952 καί
842 4902 996 4953 τοῦτο
1044 4903 1239 4969 χρῆναι
1288 4902 1453 4949 ποιεῖν
1498 4899 1819 4966 νομίσαντες,
1850 4899 2043 4953 πολλῶν

455 4987 746 5042 ἐπισκόπων
777 4988 1177 5063 προκαθημένων,
1218 4990 1369 5041 τοῦτο
1417 4983 1479 5045 δή
1517 4987 1576 5039 τὸ
1627 4988 1835 5049 σύνηθες
1869 4991 2042 5050 αὐτοῖς

454 5076 636 5150 λέγειν,
667 5073 758 5132 κᾶν
788 5076 1070 5142 ἀδικῶνται,
1102 5079 1451 5151 Συγχώρησον
1472 5074 1692 5149 ἔφασαν.
1717 5080 1952 5150 Θεοφίλου
1986 5079 2039 5134 δὲ

455 5168 671 5241 ἰτοίμως
698 5169 1064 5237 σπεισαμένου,
1096 5170 1183 5224 κά
1220 5173 1310 5227 τήν
1336 5171 1588 5223 κοινωνίαν
1619 5170 1791 5229 αὐτοῖς
1818 5169 2037 5226 ἀποδόν-

454 5283 562 5324 τος,
596 5259 792 5319 διελύθη
839 5268 939 5316 τῶν
984 5261 1126 5334 ποιρά
1172 5268 1344 5319 Σκῆτιν
1383 5259 1702 5328 ἀδικημάτων
1729 5264 1759 5322 ἡ
1783 5264 2033 5328 ἐξέτασις,

454 5352 607 5427 ὅπςρ,
627 5348 788 5423 οἶμαι.
812 5355 897 5406 οὐκ
938 5347 997 5406 ἂν
1041 5351 1248 5417 συνέϐη,
1294 5356 1340 5407 εἰ
1365 5360 1716 5427 συμπαρῆσαν
1741 5358 1847 5414 τοῖς
1875 5353 2040 5417 ἄλλοις

452 5450 707 5513 μοναχοῖς
753 5454 787 5496 Δ
809 5439 1021 5517 (inopi:
1068 5464 1123 5499 τε
1172 5446 1255 5498 καὶ
1291 5442 1595 5517 Ἀμμώνιος.
1628 5455 1682 5499 ‘0
1709 5446 1798 5513 μὲν
1823 5448 1920 5522 γάρ
1943 5444 2039 5505 ἤδη

451 5532 697 5605 πρότερον
720 5533 1049 5596 τελευτήσας.
1077 5536 1234 5608 ἐτάφη
1262 5536 1309 5589 ἔν
1328 5544 1389 5610 τῇ
1418 5537 1612 5590 Μωκίον
1651 5541 1737 5590 τοῦ
1774 5539 2036 5613 μάρτυρος

528 5665 545 5685 ⁹
586 5662 781 5737 Vitiosa
803 5663 1195 5737 interpretatio.
1213 5676 1271 5720 ut
1299 5675 1461 5737 patet.
1492 5664 1677 5721 Graeca
1704 5668 1846 5722 enim
1878 5668 2032 5735 plu-a-

456 5733 554 5800 lii,
584 5742 729 5792 τσᾱτο
869 5733 1185 5812 affectam,
1222 5736 1299 5793 sic
1328 5736 1527 5806 optime
1554 5739 1716 5792 vertit
1746 5733 1987 5795 Valesius
2014 5756 2027 5793 :

2155 4623 2407 4693 Hispania
2436 4626 2501 4681 ad
2532 4643 2618 4683 me
2664 4632 2899 4699 scripsit.
2937 4650 2957 4684 ε
2993 4633 3254 4703 Primum,
3287 4637 3473 4706 inquit,
3507 4641 3732 4707 praemit-

2154 4714 2372 4769 tendum
2430 4726 2550 4783 est,
2585 4718 2867 4787 Theophili
2922 4723 3302 4791 Alexandrini,
3342 4737 3399 4781 et
3451 4721 3731 4797 Epiphanii

2151 4804 2329 4875 Cyprii
2379 4818 2623 4878 tempore
2667 4820 2867 4866 motam
2918 4812 3095 4869 fuisse
3125 4817 3476 4883 quaestionem
3528 4812 3731 4872 de'llei

2150 4906 2361 4961 natura,
2383 4908 2558 4953 utrum
2584 4910 2727 4955 esset
2752 4903 3067 4970 spiritualis,
3086 4920 3155 4960 an
3181 4908 3436 4963 membris
3457 4904 3729 4979 corporeis

2149 4997 2423 5042 constans.
2482 4988 2611 5043 Nam
2662 4990 3014 5060 simpliciores
3061 5005 3116 5051 et
3164 4999 3434 5067 praecipue
3482 4996 3726 5054 monachi

2144 5092 2466 5146 corporeum
2492 5095 2610 5136 esse
2634 5084 2946 5138 censebant.
2978 5086 3132 5143 Unde
3151 5102 3204 5144 et
3228 5089 3467 5145 haeretici
3500 5093 3724 5144 Anthro-

2145 5173 2496 5241 pomorphita:
2536 5173 2661 5229 dicti
2707 5186 2863 5243 sunt,
2893 5188 2947 5236 et
2978 5180 3030 5255 bi
3079 5182 3291 5252 quidem
3339 5185 3723 5240 aversabantur

2144 5260 2450 5331 Origenem,
2477 5265 2618 5333 quod
2672 5265 2841 5324 Deum
2887 5271 3138 5336 Spiritum
3187 5287 3310 5328 esse
3354 5273 3602 5341 doceret;
3643 5289 3726 5329 sa-

2145 5349 2440 5419 pientiores
2473 5363 2676 5421 autem,
2703 5367 2761 5411 ut
2802 5374 2994 5415 omnes
3021 5359 3301 5424 Catholici,
3332 5365 3581 5433 spiritum
3613 5378 3728 5418 esse

2147 5442 2525 5508 pra‘dicabant.
2560 5444 2736 5513 Quare
2780 5451 2922 5518 quod
2970 5453 3067 5506 hac
3124 5454 3177 5506 in
3232 5470 3289 5508 re
3336 5471 3456 5509 cttm
3506 5456 3728 5527 Origene

2141 5533 2435 5597 sentirent,
2469 5536 2738 5607 simp‘ices
2789 5540 2862 5595 illi
2913 5551 3158 5614 tauqqu
3190 5545 3524 5619 Origenistas
3549 5592 3565 5615 ,
3597 5552 3728 5605 hanc

2137 5669 2191 5757 id
2219 5672 2357 5757 (190.41
2386 5673 2606 5757 ερῑωηηο
2633 5687 2705 5757 fg!
2741 5678 2871 5757 ipsis
2897 5683 3083 5745 dicere,
3113 5684 3312 5757 eriantsi
3346 5686 3537 5757 injuria
3564 5680 3728 5753 a/fcdi

2139 5742 2351 5814 fuerint,
2386 5743 2547 5801 Parce
2571 5742 2783 5818 scilicet,
2817 5742 3080 5809 dixerunt.
3110 5755 3263 5811 linit.
