4002 6228
265 318 322 370 37
1548 306 2099 364 [‘ROLECOMENON
2140 308 2254 363 XV.
3457 307 3528 362 58

259 437 424 490 solum
457 429 528 482 ob
554 442 654 480 catt
689 441 775 481 am
808 438 1002 482 exosus
1033 423 1316 478 habebant.
1369 421 1500 477 lline
1550 423 1743 475 factum
1786 431 1842 474 ιιι
1871 422 1920 481 Α
1949 436 2132 475 rorntn
2183 422 2419 475 virorum
2471 421 2822 486 auctoritate,
2853 420 3001 476 mira:
3045 435 3165 475 cum
3211 422 3528 478 eruditionis

259 535 498 580 sanetum
532 519 893 588 Epiphanium
921 517 973 570 in
999 515 1246 568 omnibus
1297 514 1561 568 eatho‘ice
1607 513 1844 566 sentien-

261 631 363 672 tem
394 616 421 666 Ἰ
442 613 729 676 lteophilus
757 609 1094 666 Alexandria:
1117 607 1396 674 episcopus
1419 605 1846 673 Antltropomor-

262 709 524 774 phitarum
580 702 802 756 haeresis
848 699 1168 753 insimularit
1193 738 1208 760 ,
1241 709 1294 750 ut
1327 697 1563 750 referunt
1597 694 1847 749 Socrates

260 799 350 853 lib.
381 812 453 858 Vl,
488 809 606 862 cap.
646 792 702 855 9,
733 792 1064 845 Sozomenus
1112 789 1201 842 lib.
1251 802 1366 853 vttt,
1401 802 1520 854 cap.
1556 784 1642 849 lit,
1677 793 1731 838 et
1753 783 1843 836 Ni-

263 891 525 956 t-ephorus
558 886 651 939 lib.
684 899 806 948 xm,
832 898 954 950 cap.
982 882 1078 945 1‘2;
1110 880 1349 932 utetiam
1381 878 1615 932 Joannes
1644 875 1848 929 Jeroso-

262 981 545 1050 lymitanus
576 975 901 1043 Epiphanio,
928 982 984 1026 ut
1014 973 1088 1024 ait
1115 971 1471 1039 Hieronymus
1497 968 1722 1036 epistola
1754 966 1842 1030 (il,

259 1074 321 1124 ad
355 1068 755 1123 l'atntnachium
775 1109 788 1130 ,
817 1065 1075 1117 adversus
1105 1075 1318 1114 errores
1363 1059 1585 1114 Joannis
1631 1056 1850 1110 Jeroso-

263 1161 534 1232 lymitani;
588 1159 697 1210 imo
748 1154 992 1208 ltullintts
1046 1151 1288 1206 eamdem
1353 1146 1598 1203 haeresim
1650 1142 1841 1214 objecit

262 1255 604 1321 llseronytno,
640 1247 896 1301 lnveetiv.
928 1243 1019 1297 lib.
1052 1258 1089 1297 t.

333 1365 352 1397 ε
388 1347 588 1398 Contra
621 1355 748 1394 vero
771 1378 788 1403 ,
819 1338 908 1404 qui
940 1334 1153 1405 Origeni
1195 1331 1518 1386 infensiores
1547 1334 1722 1392 erant,
1751 1341 1846 1381 eos

259 1438 342 1506 qui
389 1437 510 1499 ejus
557 1431 775 1486 lectioni
825 1431 1082 1482 vacabant
1110 1466 1126 1490 ,
1156 1424 1460 1478 Catltolicos
1491 1420 1751 1486 alioquin,
1779 1418 1847 1470 de

261 1524 556 1579 ba'resibus
587 1519 833 1588 Origenis
857 1516 1207 1578 accusabant,
1235 1523 1289 1565 ut
1317 1510 1644 1581 Epiphanius
1671 1508 1848 1561 Theo-

257 1615 482 1686 pbilum,
507 1622 560 1666 et
591 1611 844 1675 deinceps
865 1609 1334 1675 Chrysostomum,
1357 1610 1412 1655 et
1434 1597 1728 1652 monachos
1753 1593 1844 1664 qui

256 1683 371 1760 cum
404 1705 516 1758 illis
544 1698 1034 1756 communicabant.
1070 1683 1247 1761 Atque
1283 1692 1351 1747 de
1391 1693 1489 1744 hac
1514 1705 1572 1744 re
1604 1685 1844 1742 nonnihil

1949 520 2056 563 tum
2085 512 2402 576 sanctitatis,
2437 512 2526 580 qui
2560 511 2800 565 Cassiani
2831 527 2991 579 opera
3015 523 3069 566 et
3095 512 3340 582 legerunt
3370 514 3527 568 intre-

1948 601 2091 668 pide,
2124 611 2176 654 et
2204 602 2268 654 ad
2301 618 2518 656 suorum
2560 604 2880 671 scriptorum
2918 605 3075 658 [idem
3108 604 3526 660 confirmandam

1946 693 2282 748 adduxerunt
2326 697 2376 748 in
2411 696 2666 760 medium,
2699 706 2855 765 atque
2891 698 3002 751 suis
3049 698 3206 750 etiam
3257 697 3528 764 discipulis

1947 785 2168 852 legenda
2196 786 2598 840 mandaverunt.
2627 785 2702 840 Ex
2730 786 2810 839 his
2834 787 2987 840 luere
3009 787 3160 839 divus
3188 787 3529 853 Benedictus,

1948 873 2321 938 Cassiodorus,
2372 877 2697 941 Climachus,
2752 877 3076 944 Bernardus,
3113 877 3298 931 beatus
3347 876 3530 930 Domi-

1949 969 2122 1032 nicus,
2156 969 2311 1021 divus
2343 969 2574 1024 Thomas
2604 970 2864 1039 Aquinas,
2923 970 3116 1039 aliique
3165 983 3301 1039 quos
3346 967 3530 1039 elogiis

1949 1059 2213 1114 dedimus.

2027 1169 2044 1200 ι
2083 1151 2234 1205 Adde
2263 1151 2403 1220 quod
2432 1152 2485 1205 in
2514 1152 2596 1206 bis
2616 1153 2933 1208 Sanctorum
2965 1151 3102 1207 Vitis
3127 1167 3230 1205 non
3262 1151 3330 1205 de
3356 1151 3533 1206 eccle-o

1949 1243 2179 1297 siasticis
2208 1243 2548 1313 dogmatibus
2597 1245 2690 1297 liat
2718 1244 3026 1312 disputatio,
3057 1242 3152 1296 sed
3182 1242 3247 1296 de
3268 1242 3533 1312 justorttm

1950 1333 2206 1398 moribus,
2239 1336 2649 1390 conversatione
2676 1344 2732 1389 et
2775 1335 3034 1403 exemplis
3077 1343 3280 1388 tantum
3326 1343 3533 1402 agatur.

1953 1426 2134 1495 Igitur,
2166 1440 2266 1493 qua
2301 1427 2351 1479 in
2394 1435 2546 1495 parte
2574 1425 2747 1482 bonus
2772 1435 2876 1491 est,
2901 1426 3165 1479 admissus
3194 1424 3323 1488 fuit;
3354 1425 3405 1478 in
3431 1438 3538 1492 qua

1951 1519 2122 1573 malus
2146 1519 2228 1588 (ea
2253 1529 2430 1573 autem
2455 1529 2538 1574 est
2558 1519 2864 1588 supradicta
2886 1519 3104 1572 collatio
3119 1517 3187 1572 de
3205 1518 3538 1586 protectione

1954 1610 2067 1677 Dei)
2099 1610 2329 1678 rejectus
2375 1621 2478 1665 est.
2530 1610 2620 1666 Sic
2662 1619 2718 1666 et
2755 1610 2824 1665 de
2853 1608 3102 1679 Origenis
3149 1608 3296 1663 libris
3342 1607 3539 1662 fecisse

1949 1701 2160 1754 videtur
2208 1709 2392 1756 saneta
2446 1709 2618 1756 mater
2669 1701 2933 1755 Ecclesia.
2985 1700 3118 1754 Nam
3148 1698 3381 1768 explosis
3421 1693 3541 1772 Περὶ

254 1795 493 1851 insinuat
520 1791 676 1845 divus
707 1790 1064 1858 Hieronymus
1091 1785 1143 1839 itt
1185 1783 1410 1852 epistola
1441 1781 1530 1844 62,
1556 1779 1622 1864 ad
1665 1779 1704 1832 Τ
1713 1778 1844 1832 heo-
1881 1783 1928 1844 Β
1951 1796 2158 1864 “pla,
2183 1803 2238 1849 ει
2283 1794 2403 1848 aliis
2444 1793 2714 1848 nonnullis
2742 1792 2986 1862 ejusdem
3019 1790 3314 1860 opusculis,
3342 1801 3537 1845 eme"

255 1886 460 1955 philutn
523 1883 807 1936 adversum
871 1880 1134 1935 Joannem
1193 1860 1746 1942 Jerosolymitanum;
1792 1869 1844 1922 in

255 1977 483 2044 epistola
526 1986 740 2040 quoque
759 1971 832 2026 68
869 1979 924 2024 et
953 1971 1044 2035 70,
1076 1969 1140 2023 ad
1184 1964 1566 2035 Theophilum,
1599 1961 1723 2015 dum
1770 1960 1848 2015 illi

259 2067 416 2120 dicit:
438 2084 458 2116 ε
487 2063 783 2119 Ostendisti
810 2061 952 2130 quod
979 2061 1254 2126 hucusque
1276 2055 1611 2111 taciturnitas
1632 2053 1850 2120 dispen-

259 2159 393 2211 Salio
441 2155 562 2215 fuit.
597 2169 700 2209 non
749 2166 1078 2215 consensus;
1113 2149 1282 2203 libere
1326 2148 1470 2202 enim
1525 2143 1847 2200 reverentiae

260 2258 359 2302 tua:
403 2248 624 2315 loquor.
676 2243 1002 2299 Dolebamus
1031 2252 1084 2295 te
1114 2239 1335 2293 nimium
1367 2251 1489 2292 esse
1535 2235 1845 2303 patientem,

257 2351 310 2395 et
339 2342 654 2408 ignorantes
702 2335 943 2404 magistri
972 2331 1354 2403 gubernacula,
1385 2326 1749 2398 gestiebatnus
1795 2323 1848 2376 in

259 2433 532 2488 interitum
564 2429 920 2498 perditorum.
951 2444 971 2478 ε
1007 2425 1145 2480 Sane
1175 2419 1468 2489 suSpicioni
1497 2417 1719 2472 dederat
1753 2429 1848 2468 oc-

257 2526 526 2578 cisionem
554 2563 569 2585 ,
605 2521 744 2590 quod
795 2519 1009 2588 Origeni
1056 2516 1406 2577 consentiret,
1439 2521 1494 2565 et
1545 2511 1657 2578 ipse
1703 2515 1848 2562 esset

258 2617 580 2685 Urigeui~ta.
615 2616 726 2668 ll--e
773 2619 1029 2682 praetextu
1060 2608 1506 2678 Origettistarum,
1539 2602 1635 2677 [Li]
1662 2602 1848 2656 eadem

261 2724 354 2777 qua
400 2709 848 2779 Chrysostomum
896 2699 1262 2764 simulatione,
1293 2706 1520 2767 quatuor
1559 2693 1852 2748 monachos

261 2799 468 2868 Longos
503 2798 702 2852 montis
730 2796 934 2859 Nitrize,
956 2794 1096 2864 quod
1129 2792 1198 2846 ab
1219 2806 1284 2846 eo
1311 2789 1680 2850 recessissent,
1705 2783 1849 2853 quod

263 2890 374 2959 ejus
398 2904 580 2942 mores
606 2904 709 2940 non
735 2888 1040 2954 probarent,
1063 2884 1350 2936 insectatus
1373 2877 1650 2942 est,etiam
1664 2883 1850 2930 coacto

258 2981 503 3036 exercitu
557 2975 1252 3046 Atilltropomorphitarum,
1289 2973 1342 3026 in
1372 2970 1564 3040 quibus
1596 2976 1710 3023 erat
1737 2979 1852 3019 mo-

258 3073 550 3125 nachorum
593 3068 822 3135 phalanx
853 3080 957 3119 non
992 3078 1151 3131 parva
1182 3061 1297 3117 zelo
1329 3060 1549 3129 percita.
1599 3057 1744 3125 Quos
1772 3065 1849 3108 ta-

261 3179 378 3216 tnen
409 3160 673 3230 fugientes
719 3159 933 3226 excepit
957 3156 1190 3211 Joannes
1221 3153 1639 3223 Chrysostomus
1667 3157 1722 3203 et
1752 3148 1849 3202 de-

264 3253 454 3315 lendit,
499 3251 704 3305 monito
753 3250 912 3302 etiam
955 3245 1265 3301 Innocentio
1294 3243 1312 3298 l
1348 3240 1619 3309 pontiﬁce,
1648 3238 1736 3305 qui
1769 3237 1848 3290 iu-

259 3345 496 3412 crepavit
544 3340 938 3409 'l‘heOphilmn;
979 3348 1033 3393 et
1091 3338 1219 3403 ille,
1269 3332 1481 3390 tandem
1535 3327 1850 3400 ptenitentia

259 3437 478 3497 ductus,
505 3432 796 3487 monachos
828 3431 944 3483 illos
976 3429 1182 3496 Longos
1211 3425 1312 3480 sibi
1344 3420 1711 3478 reconciliavit
1739 3428 1854 3472 tan-

259 3543 418 3596 quam
451 3525 640 3579 ﬁdeles
670 3535 724 3578 et
750 3521 966 3592 probos.
1001 3519 1256 3574 Scribunt
1293 3517 1430 3570 haue
1460 3512 1732 3568 historiam
1765 3511 1850 3564 lu-

260 3619 474 3671 sissime
496 3630 686 3669 omnes
703 3611 943 3666 historici
966 3609 1162 3680 Grazci,
1181 3607 1444 3675 Georgius
1461 3602 1850 3658 Alexandrinus

261 3707 697 3775 archiepiscopus
726 3707 776 3757 in
812 3702 931 3755 Vita
962 3701 1130 3755 sancti
1165 3694 1552 3768 Chrysostomi,
1585 3691 1852 3746 l’alladius

264 3801 315 3851 in
339 3799 574 3864 dialogo,
609 3797 879 3858 Socrates,
912 3793 1265 3854 Sozotnenus,
1299 3789 1514 3844 Simeon
1546 3785 1852 3853 Metaphra-

260 3904 393 3954 stes,
427 3891 535 3944 Leo
563 3891 855 3956 imperator
884 3885 936 3939 itt
970 3887 1229 3944 oratiose,
1259 3881 1639 3943 Cassiodorus,
1667 3875 1849 3944 Sulpi-

262 3985 401 4045 cius,
433 3984 667 4037 lsidorus
723 3979 991 4033 l‘elusiota
1017 4017 1031 4042 ,
1065 3975 1418 4044 Nicephorus,
1446 3986 1670 4041 quorum
1705 3968 1851 4022 testi-

264 4077 445 4131 monia
479 4074 682 4128 referre
708 4087 812 4126 noo
861 4080 1036 4123 vacat.
1085 4067 1146 4121 lli
1175 4081 1363 4120 omnes
1405 4062 1854 4118 commendabant

267 4167 560 4220 monachos
608 4165 726 4218 illos
767 4175 902 4232 quos
949 4159 1234 4214 haereticos
1263 4155 1466 4225 putavit
1497 4154 1852 4222 Hieronymus

263 4273 295 4312 a
322 4257 624 4323 Theophila
650 4259 926 4321 deceptus.
950 4270 969 4302 ι
999 4252 1263 4304 Hactenus
1285 4248 1522 4302 Castrius
1545 4255 1724 4298 noster
1746 4259 1761 4307 ;
1783 4241 1852 4295 de

264 4371 367 4423 qua
399 4363 505 4407 tota
539 4349 760 4404 historia
791 4348 914 4402 vide
936 4343 1244 4406 Baroniutn,
1273 4350 1417 4395 tomo
1447 4339 1510 4406 V,
1533 4355 1674 4393 anno
1697 4338 1851 4393 Citri-

264 4446 330 4499 sti
362 4444 488 4499 400.

337 4536 492 4589 Dices
532 4533 688 4587 tertio
716 4539 902 4584 contra
934 4528 1309 4583 auctoritatem
1350 4522 1470 4578 libri
1522 4520 1718 4590 quarti,
1748 4535 1845 4574 au-
1877 4500 1929 4561 Ῑ)

266 4638 412 4681 ctore
467 4625 726 4679 Cassiano
769 4640 782 4676 :
830 4621 885 4674 In
936 4620 1172 4680 decreto,
1203 4616 1440 4670 distinct.
1493 4612 1579 4682 l5,
1611 4608 1851 4666 Cassiani

263 4721 518 4787 opuscula
549 4727 840 4774 censentur
872 4716 1011 4769 inter
1038 4711 1364 4783 apocrypha.

339 4816 662 4884 Respondi-0
705 4830 824 4868 cum
858 4811 1072 4880 Aloysio
1114 4809 1436 4874 Lipomauo,
1481 4814 1610 4860 tom.
1647 4802 1754 4856 'l’lll
1785 4801 1851 4856 de

269 4907 402 4960 Vitis
425 4909 765 4968 Sanctormu,
795 4903 978 4955 Romae
1006 4901 1153 4954 edito
1179 4911 1321 4950 anno
1351 4895 1508 4959 1560,
1541 4894 1852 4962 praefatione

265 5008 390 5052 ante
436 5005 689 5061 excerpta
720 5008 782 5046 ex
817 4989 1096 5052 Cassiano,
1128 5004 1148 5038 ι
1179 4995 1382 5039 tantum
1432 4981 1697 5051 prohibita
1730 4993 1849 5035 esse

266 5089 337 5143 oh
380 5103 536 5141 unam
594 5083 926 5153 potissimum
976 5080 1316 5134 collationem
1381 5077 1590 5131 tertiam
1644 5075 1850 5128 abbatis

269 5177 621 5232 Cheremouis
650 5175 718 5229 de
749 5174 1078 5242 protectione
1106 5170 1234 5234 Dei;
1266 5168 1405 5235 quod
1439 5183 1502 5221 ex
1538 5167 1694 5220 beato
1725 5167 1852 5220 1⁵εο-

268 5285 427 5335 εροτο
457 5268 712 5337 colligere
743 5276 824 5318 est
852 5263 1032 5317 libello
1072 5273 1256 5314 contra
1285 5258 1633 5321 Collatoretu,
1669 5261 1718 5308 itt
1749 5270 1855 5323 quo

269 5363 536 5417 hominem
569 5363 711 5414 hunc
740 5368 888 5413 notat
912 5358 981 5412 de
1011 5358 1182 5425 gratia
1230 5354 1320 5407 Dei
1351 5359 1404 5405 et
1433 5352 1601 5404 libero
1631 5349 1853 5402 arbitrio

267 5455 510 5522 qutedam
539 5451 817 5504 temerarie
849 5463 908 5501 ac
935 5459 1121 5503 contra
1149 5453 1348 5497 sancta)
1381 5441 1629 5495 Ecclesia:
1658 5439 1850 5492 delini-

270 5547 441 5597 tiones
465 5545 806 5604 sentientem,
841 5539 1014 5592 locum
1042 5536 1152 5605 jam
1181 5535 1398 5589 citatum
1423 5532 1712 5584 adducens.
1740 5529 1850 5584 Cu-

265 5635 352 5705 jus
399 5637 559 5688 etiam
618 5633 898 5686 sementim
950 5629 1158 5682 vdetur
1207 5626 1441 5678 Joannes
1499 5622 1848 5677 'l‘t'ithetnius.

275 5726 427 5792 Quod
454 5735 511 5778 ut
543 5724 661 5794 quis
683 5722 862 5778 (“ft‘dill
889 5721 1113 5785 facilius,
1141 5718 1328 5772 adduci
1362 5719 1403 5772 is
1434 5725 1607 5788 potest
1633 5715 1851 5784 prmcla-

1949 1885 2066 1939 sine
2113 1883 2409 1938 oll'ensione
2459 1883 2562 1952 legi
2613 1882 2857 1938 videmus
2887 1890 2945 1937 et
2992 1881 3260 1946 audimus,
3291 1889 3345 1935 et
3375 1877 3539 1950 (quod

1950 1975 2121 2045 magis
2152 1973 2372 2043 mirere)
2395 1982 2578 2028 contra
2603 1972 2978 2026 hzereticorum
3010 1970 3246 2026 insanias
3275 1970 3542 2024 adducere

1957 2082 2064 2121 non
2097 2081 2364 2120 veremur.
2385 2083 2405 2116 ι
2444 2065 2516 2119 Ita
2549 2065 2890 2133 Lipomanus.

2023 2159 2211 2216 Simile
2243 2173 2347 2212 non
2377 2157 2609 2211 absimili
2641 2157 2695 2210 in
2725 2172 2782 2211 re
2822 2154 3083 2225 judicium
3121 2150 3231 2222 jam
3280 2151 3404 2205 olim
3445 2149 3542 2204 fuit

1949 2248 2233 2316 TlteOpbili
2267 2246 2607 2300 Alexandrini
2639 2244 2899 2314 episcopi,
2927 2244 2997 2298 de
3043 2259 3149 2312 quo
3179 2240 3318 2310 apud
3349 2239 3543 2294 Socra-

1951 2348 2080 2406 tem,
2113 2338 2205 2392 lib.
2241 2353 2313 2402 Vt,
2346 2351 2466 2404 cap.
2498 2335 2564 2388 15
2590 2353 2602 2388 :
2628 2319 2820 2400 Ηῧξῆσε
2846 2333 2898 2390 δέ
2922 2337 2978 2389 τὸ
3005 2331 3120 2406 [Uti
3143 2333 3252 2387 κατ’
3273 2334 3430 2387 αὐτοῦ
3461 2339 3545 2402 μῐε

1951 2452 2061 2495 σος,
2086 2431 2145 2485 τὸ
2173 2425 2317 2490 αὖθις
2343 2429 2497 2484 αὑτὸν
2522 2425 2676 2498 μηδὲν
2704 2425 3155 2496 ὑποστειλάμενον,
3173 2425 3241 2478 τὰ
3261 2422 3540 2497 Ὠριγένονς

1950 2525 2220 2578 ἀσκεῖσθαι
2249 2520 2439 2590 βιϐλία.
2465 2521 2758 2590 Ἐρωτηθείς
2784 2513 2869 2570 οὖν
2895 2516 2996 2570 ὐπό
3020 2535 3150 2574 τινος
3176 2520 3286 2574 πῶς
3312 2512 3343 2568 ἃ
3364 2515 3542 2570 ἀπεκή·

1951 2616 2094 2689 ρυξε,
2135 2619 2298 2667 ταῦτα
2338 2612 2630 2674 ἀσπάζιται
2665 2608 2836 2672 πάλιν,
2871 2613 3035 2662 ταῦτα
3060 2607 3388 2679 ἀπεκρίνατο·
3464 2604 3543 2656 Τὰ

1947 2706 2236 2780 Ὠριγένους
2265 2701 2390 2758 ἴοικε
2421 2702 2593 2772 βιϐλία
2621 2700 2824 2769 λειμῶνι
2849 2700 3052 2753 πάντων
3089 2697 3294 2750 ἀνθέων·
3321 2693 3434 2750 εἴτι
3455 2690 3542 2747 οὖν

1951 2799 2000 2850 ἐν
2043 2800 2221 2856 αὐτοῖς
2269 2796 2459 2870 ἐφεύρω
2487 2794 2649 2855 καλὸν,
2690 2799 2843 2848 τοῦτο
2884 2788 3164 2865 δρέπομαι·
3196 2789 3241 2841 εἰ
3269 2785 3323 2841 δέ
3367 2788 3416 2839 τί
3455 2807 3542 2856 μοι

1952 2889 2231 2950 ἀκανθῶδες
2251 2891 2442 2962 φανείη,
2465 2893 2618 2942 τοῦτο
2640 2888 2708 2947 ὡς
2728 2891 2924 2939 κεντςιῦν
2943 2882 3255 2956 ὑπερϐαίνω.
3311 2896 3327 2926 ι
3351 2875 3540 2931 Odium

1951 2992 2134 3037 contra
2178 2981 2327 3034 illum
2361 2981 2481 3033 inde
2505 2978 2666 3032 etiam
2697 2975 2884 3040 cret-it,
2918 2974 3058 3041 quod
3108 2971 3272 3024 libros
3294 2967 3541 3036 Origenis

1952 3075 2190 3130 studiose
2218 3073 2396 3139 legere
2423 3085 2526 3124 non
2558 3076 2858 3123 vereretur.
2890 3064 3125 3133 Rogatus
3157 3059 3317 3130 igitur
3346 3073 3376 3112 a
3407 3073 3542 3127 quo-

1954 3165 2076 3218 dam
2107 3179 2203 3218 cur
2230 3163 2394 3218 libros
2418 3175 2554 3231 quos
2589 3157 3044 3213 condemnaverat
3096 3153 3162 3207 de
3193 3152 3400 3220 integro
3431 3164 3544 3201 am-

1952 3259 2292 3329 plexaretur?
2323 3255 2618 3324 Respondit
2665 3251 2836 3306 libros
2883 3246 3134 3318 Origenis
3181 3243 3382 3298 similes
3426 3256 3543 3295 esse

1951 3362 2105 3420 prato
2155 3349 2406 3404 omnibus
2453 3345 2646 3399 ﬂorum
2696 3341 2988 3412 generibus
3039 3336 3259 3392 referto.
3319 3333 3543 3396 Idcirco,

1950 3441 2142 3509 inquit,
2171 3439 2218 3492 si
2263 3437 2387 3506 quid
2441 3435 2651 3505 reperio
2681 3432 2733 3486 in
2767 3431 2876 3486 illis
2925 3428 3073 3494 boni,
3101 3425 3229 3482 illud
3274 3424 3544 3489 decerno;

1950 3533 2032 3588 sin
2065 3529 2267 3599 spinosi
2297 3526 2584 3597 quidquam
2611 3563 2628 3591 ,
2662 3525 2763 3578 hoc
2803 3529 2989 3591 utpote
3038 3517 3236 3575 aculeis
3281 3528 3540 3586 pungens,

1951 3622 2171 3677 missum
2205 3619 2365 3675 facio.
2392 3636 2409 3670 ι

1969 3772 1974 3776 ,
2024 3709 2136 3764 Nec
2159 3709 2314 3762 aliter
2343 3704 2602 3776 judicavit
2631 3703 2784 3755 divus
2813 3701 3170 3770 Hieronymus
3191 3696 3412 3767 epistola
3445 3695 3537 3758 76,

1951 3792 2016 3857 ad
2072 3799 2440 3869 Tranquillum
2497 3794 2832 3850 scribenszt
2894 3793 3025 3859 Quia
3079 3805 3212 3844 mete
3263 3786 3538 3856 parvitatis

1951 3893 2145 3966 quteris
2175 3889 2516 3954 sententiam,
2551 3899 2724 3940 utrum
2751 3884 3040 3938 secundum
3075 3880 3292 3933 fratrem
3327 3875 3538 3930 Fausti-

1955 4003 2078 4041 uum
2108 3985 2321 4054 penitus
2347 3979 2681 4051 respuettdus
2711 3979 2778 4032 sit
2808 3972 3226 4044 (0rigenes),an
3243 3971 3538 4025 secundum

1953 4078 2214 4148 quosdam
2248 4074 2502 4143 legendus
2553 4087 2618 4124 ex
2671 4077 2840 4138 parte,
2871 4083 2968 4136 cgo
2998 4065 3281 4134 Urigcnem
3331 4069 3543 4129 propter

1954 4170 2312 4226 eruditionem
2361 4166 2436 4218 sic
2483 4162 2751 4216 interdum
2800 4156 3079 4227 legendum
3125 4154 3375 4214 arbitror,
3405 4166 3538 4220 quo-

1955 4261 2114 4316 modo
2143 4257 2557 4317 Tertullianutn,
2589 4252 2875 4312 Novatum,
2907 4245 3222 4308 Arttobiutn,
3256 4241 3531 4310 Apollina-

1953 4356 2117 4418 rium,
2149 4359 2204 4405 et
2231 4349 2516 4404 nonnullos
2549 4341 2940 4398 ecclesiasticos
2961 4338 3283 4406 Scriptores,
3316 4335 3537 4389 Grzccos

1956 4448 2154 4516 pariter
2192 4453 2246 4499 et
2278 4443 2527 4505 Latinos;
2563 4447 2620 4513 ut
2667 4437 2805 4491 bona
2845 4450 3029 4490 eorum
3059 4433 3364 4502 diligamus,
3396 4430 3532 4482 vite-

1954 4553 2178 4608 musque
2199 4533 2654 4601 eontrari.t,juxta
2679 4530 2994 4599 Apostolum
3018 4527 3285 4581 dicentem
3315 4543 3326 4577 :
3360 4523 3544 4576 Omnia

1954 4631 2184 4700 probate,
2215 4627 2352 4697 quod
2383 4626 2569 4678 bonum
2598 4631 2672 4676 est
2704 4628 2866 4674 tenete
2895 4617 2979 4689 (Η
3027 4617 3207 4670 Thess.
3250 4618 3328 4681 v).
3375 4611 3544 4666 Carte-

1953 4739 2071 4778 rum
2099 4721 2188 4789 qui
2217 4720 2298 4774 vel
2325 4719 2374 4772 in
2400 4731 2640 4770 amorem
2686 4714 2803 4782 ejus
2845 4713 3087 4773 nimium,
3126 4709 3205 4764 vel
3253 4707 3303 4760 in
3353 4704 3536 4758 odium

1953 4810 2217 4866 stomachi
2250 4809 2331 4863 sui
2366 4807 2625 4877 pravitate
2671 4805 2956 4865 ducuntur,
2986 4800 3236 4853 videntur
3283 4795 3411 4850 mihi
3465 4793 3540 4846 illi

1955 4902 2240 4957 maledicto
2290 4899 2607 4970 prophetico
2651 4897 2968 4964 subjacere:
3006 4890 3093 4944 γω
3136 4890 3214 4943 Itis
3240 4889 3328 4957 qui
3369 4889 3546 4940 dicunt

1957 4997 2144 5050 bonum
2174 4994 2385 5056 malum,
2417 5000 2461 5045 et
2503 4989 2695 5044 malum
2721 4989 2942 5050 bonum;
2972 4983 3059 5053 qui
3091 4982 3287 5051 faciunt
3313 4994 3544 5032 amarum

1958 5088 2128 5152 dulce,
2159 5096 2205 5141 et
2235 5085 2385 5139 dulce
2409 5099 2645 5138 amarunt
2675 5079 2857 5148 (Isaia’
2882 5079 2960 5147 v).
3016 5076 3126 5130 Nec
3157 5075 3298 5130 enim
3330 5082 3547 5143 propter

1958 5181 2254 5233 doctrinam
2287 5177 2404 5244 ejus
2433 5191 2593 5242 prava
2618 5171 2951 5241 suscipienda
2982 5179 3106 5223 sunt
3126 5169 3413 5238 dogmata;
3445 5177 3547 5218 nec

1963 5280 2175 5340 propter
2197 5269 2504 5338 dogtnatutu
2535 5267 2871 5334 pravitatem,
2897 5265 2939 5316 si
2971 5276 3106 5330 quos
3131 5261 3546 5316 ctuhtuentarius

1963 5365 2011 5415 itt
2045 5362 2344 5429 Scriptut'as
2375 5366 2586 5411 sanctas
2610 5355 2766 5408 utiles
2795 5354 2978 5419 edidit,
3014 5353 3224 5420 penitus
3249 5347 3534 5419 respuendi

1956 5463 2098 5509 sunt.
2129 5473 2146 5504 ε
2179 5453 2279 5517 Qui
2313 5452 2363 5504 itt
2393 5451 2497 5504 line
2522 5448 2635 5501 hinc
2663 5445 2936 5515 subjungit
2967 5461 2980 5496 :
3012 5461 3031 5496 ε
3068 5441 3220 5510 Quod
3247 5444 3289 5493 si
3321 5448 3544 5494 conten-

1957 5551 2150 5602 tiusum
2173 5547 2311 5600 inter
2338 5559 2396 5597 se
2425 5551 2691 5595 amatores
2721 5542 2838 5608 ejus
2862 5547 2914 5592 et
2937 5538 3324 5590 obtrectatocs
3359 5532 3538 5583 l'unetu

1957 5639 2248 5701 duxerint,
2283 5646 2340 5689 ιιι
2391 5635 2522 5690 nihil
2570 5632 2803 5688 medium
2856 5638 3130 5698 appetant,
3180 5639 3276 5678 nec
3331 5628 3545 5674 servent

1959 5731 2195 5798 modum,
2225 5729 2317 5784 sed
2353 5737 2518 5783 totum
2567 5739 2657 5781 aut
2711 5724 2957 5794 probent,
2993 5729 3081 5773 aut
3115 5715 3436 5786 impiobettt,
3475 5709 3541 5760 li-
