4002 6222
448 324 513 378 59
1371 322 1433 378 IN
1471 323 1670 378 VITAS
1710 320 1992 378 PATHUM
2033 320 2537 377 PROLEGOMENA
2583 321 2768 380 XXVI.
3645 335 3714 394 Gl)

448 439 657 493 tientius
678 437 816 508 piam
845 438 1196 493 rusticitatem
1223 451 1381 507 quam
1404 439 1612 492 doctam
1637 436 2020 508 blasphemiam
2051 438 2098 494 Α
2129 434 2171 488 si
2211 434 2482 489 miraculis
2529 436 2687 502 clari,
2712 444 2765 491 et
2811 437 3013 505 optimo
3055 437 3162 494 fine
3204 446 3590 514 consummati,
3625 453 3706 506 vix

444 534 658 600 eligam.
691 552 710 587 ι

517 625 668 679 Dices
698 633 886 695 quarto
912 631 1096 678 contra
1148 622 1519 677 auctoritatem
1547 621 1669 675 libri
1699 619 1893 683 octavi,
1928 634 2024 671 au-

443 725 591 768 ctore
615 715 851 768 Palladio
875 732 887 767 :
916 714 1185 768 Palladius
1211 713 1295 767 hic
1322 714 1623 778 Origenista
1649 712 1763 766 fttit.
1790 712 2026 777 Respon-

442 805 534 858 det
575 805 820 874 Aloysius
868 804 1192 872 Lipomanu‘s
1244 813 1385 857 torno
1416 803 1477 856 lll
1522 804 1588 856 de
1623 802 1753 855 Vitis
1802 803 2027 856 Sancto-

443 911 589 949 rum:
612 913 629 946 σ
653 895 800 961 Quod
827 895 870 949 is
888 895 1045 948 fuerit
1065 894 1361 962 Origenista
1387 909 1573 956 necne,
1601 894 1666 945 ad
1693 894 2022 960 propositum

443 1002 548 1052 qtto
603 986 688 1040 hic
742 986 877 1039 liber
928 988 1156 1054 scriptus
1185 993 1268 1040 est
1318 1001 1505 1053 parum
1553 984 1697 1037 facit.
1753 982 1884 1038 Nam
1918 998 2021 1037 non

441 1077 686 1144 dogmata
717 1077 835 1129 lidei
866 1077 916 1129 in
948 1090 1036 1142 eo,
1064 1075 1157 1129 sed
1186 1087 1490 1129 sanctorum
1522 1074 1661 1129 Vita
1709 1074 2026 1128 describun-

443 1177 547 1226 tur,
583 1175 639 1218 et
667 1165 744 1226 (ut
775 1165 841 1219 de
885 1165 1114 1219 Eusebio
1160 1164 1475 1219 Casariensi
1527 1165 1803 1232 episcopo,
1837 1165 1924 1230 qui
1972 1174 2025 1218 et

443 1256 556 1323 ipse
587 1256 830 1326 Origenis
874 1257 1047 1308 fautor
1076 1255 1204 1317 fuit,
1227 1255 1300 1308 ait
1331 1257 1520 1309 beatus
1552 1270 1684 1323 papa
1733 1253 2022 1323 Gelasius)

447 1364 466 1394 ι
503 1345 725 1412 Propter
753 1359 932 1397 rerum
964 1343 1284 1412 singularem
1311 1344 1708 1409 notitiam,qua
1739 1345 1803 1396 ad
1835 1345 2025 1396 instru-

439 1435 670 1488 ctionem
702 1436 950 1502 pertinet,
969 1450 1071 1488 non
1099 1435 1309 1489 videtur
1331 1435 1655 1498 renuendus,
1680 1453 1696 1485 ι
1723 1435 2018 1503 prasertint

439 1542 558 1578 cum
585 1527 662 1595 (ut
688 1525 881 1593 ingenii
907 1527 1074 1579 nostri
1100 1526 1439 1579 imbecillitas
1460 1527 1644 1580 videre
1669 1526 1861 1594 potuit)
1888 1526 2020 1580 nihil

439 1618 525 1671 hic
557 1632 661 1671 non
697 1619 860 1686 pium,
895 1632 998 1670 non
1049 1617 1405 1671 Christianam
1439 1617 1689 1671 redolens
1733 1617 2019 1686 puritatem

439 1711 660 1777 legatur.
710 1709 1082 1778 Approbamus
1115 1710 1276 1779 igitur
1305 1723 1462 1779 opus,
1494 1710 1808 1778 scriptorem
1840 1718 2017 1765 autem

2130 526 2323 578 adduci
2358 543 2664 595 possumus,
2693 537 2750 580 ut
2793 527 3078 582 credamus
3123 532 3222 583 hos
3261 531 3381 586 illos
3403 548 3544 603 esse,
3573 553 3707 607 quos

2128 618 2282 672 divus
2323 620 2681 690 Hieronymus
2728 619 2998 675 hareseos
3051 635 3081 673 a
3135 621 3382 678 Patribus
3433 626 3710 686 damnatos

2127 711 2339 774 asserit,
2371 719 2425 764 et
2447 726 2550 764 non
2580 724 2797 778 prorsus
2827 710 2985 768 alios.

2203 801 2314 870 Ego
2347 802 2564 870 utquod
2590 802 2764 855 sentio
2795 803 2962 857 libere
2989 802 3179 868 fatear,
3207 813 3486 874 postquam
3517 808 3708 863 librum

2130 892 2270 945 hunc
2296 893 2515 946 Palladii
2549 893 2614 946 ad
2660 894 2892 948 Lausum
2944 909 2974 948 a
3022 898 3362 951 sanctissimo
3408 901 3712 968 pariterque

2128 982 2437 1035 doctissimo
2463 984 2596 1046 viro,
2628 984 2880 1038 Ecclesia
2904 987 3170 1050 columna,
3195 988 3400 1042 Joanne
3431 990 3714 1047 Damasce-

2127 1087 2218 1135 no,
2254 1073 2305 1124 in
2331 1087 2584 1129 sermone
2616 1075 2706 1128 illo
2733 1090 2927 1141 aureo,
2955 1075 3234 1144 Defuncto:
3271 1080 3491 1132 vivorum
3524 1085 3712 1151 bene/i-

2128 1163 2219 1216 ciis
2262 1165 2456 1233 juvan’,
2488 1163 2766 1232 inscripto,
2806 1175 3084 1234 tantopere
3115 1170 3544 1225 commendatum
3577 1173 3708 1236 vidi,

2127 1254 2328 1321 absque
2375 1256 2482 1308 ullo
2529 1256 2873 1309 conscientia
2919 1258 3171 1325 scrupulo
3223 1267 3390 1312 totum
3437 1275 3571 1328 opus
3623 1264 3708 1318 bis

2129 1352 2314 1412 terque
2339 1345 2561 1412 perlegi,
2592 1359 2762 1408 eaque
2793 1345 3026 1400 lectione
3049 1362 3170 1400 cum
3216 1348 3442 1404 mirifice
3471 1364 3587 1404 sum
3609 1350 3708 1405 de-

2128 1433 2370 1495 lectatus,
2395 1443 2505 1487 tum
2531 1449 2660 1487 vero
2688 1436 2928 1502 ﬂagranti
2955 1438 3181 1505 quodam
3209 1439 3504 1492 emlestiutn
3526 1456 3706 1494 rerum

2136 1527 2403 1582 desiderio
2431 1535 2570 1582 totus
2601 1528 2798 1582 exarsi.
2830 1529 2909 1582 Tu
2942 1537 3150 1594 tamen,
3205 1530 3346 1599 quod
3379 1531 3707 1599 probabilius

2132 1628 2182 1671 ct
2219 1618 2312 1671 tibi
2337 1621 2500 1672 tutius
2526 1618 2755 1684 videtur,
2786 1635 3030 1686 sequere.

2201 1709 2469 1764 Hactenus
2495 1711 2833 1764 doctissimus
2856 1723 2907 1765 et
2939 1711 3285 1779 gravissimus
3323 1711 3407 1766 vir
3427 1713 3707 1783 Aloysins,

440 1801 534 1854 Dei
561 1801 779 1870 judicio,
802 1817 980 1854 coram
1031 1817 1135 1870 quo
1185 1801 1276 1856 ille
1321 1811 1459 1866 stat,
1495 1817 1851 1856 reservamus.
1883 1802 2014 1855 Nam
2050 1793 2093 1849 Β
2123 1799 2209 1867 qui
2255 1800 2484 1852 concilio
2513 1799 2827 1853 Tridentino
2875 1816 2997 1854 cum
3051 1801 3168 1853 aliis
3222 1801 3433 1856 duobus
3487 1805 3713 1872 collegis

438 1894 600 1948 dubia
649 1911 744 1962 pro
789 1895 948 1949 certis
991 1910 1255 1961 asserere,
1281 1895 1440 1949 nimis
1489 1896 1831 1949 temerarium
1866 1895 2020 1948 nobis

439 1984 667 2038 videtur.
696 2003 715 2036 ι
747 1985 820 2036 Ita
849 1985 1120 2054 Aloysius.

510 2077 662 2128 [lices
708 2077 893 2143 quinto
938 2092 1058 2130 cum
1105 2077 1294 2131 eodem
1346 2077 1566 2146 Aloysio
1618 2091 1779 2145 supra
1829 2086 2017 2131 contra

438 2167 686 2219 eumdem
722 2167 909 2220 librum
936 2185 950 2222 :
979 2168 1171 2222 Verum
1199 2166 1339 2220 aliud
1363 2167 1627 2236 quoddam
1653 2169 1704 2220 in
1736 2170 1834 2221 hoc
1856 2182 2018 2235 Opere

437 2273 557 2311 sese
605 2257 779 2321 offert,
814 2259 952 2326 quod
999 2275 1098 2312 nos
1149 2260 1317 2328 magis
1365 2259 1623 2312 sollicitos
1655 2258 1789 2330 [un]
1823 2260 2017 2313 reddit.

439 2347 602 2401 Divus
631 2349 1006 2416 Hieronymus,
1037 2349 1188 2417 cujus
1217 2351 1266 2401 in
1298 2349 1536 2403 Ecclesia
1566 2357 1708 2402 tanta
1732 2360 1812 2403 est
1843 2359 2024 2404 aucto-

437 2442 586 2502 ritas,
622 2453 870 2507 quantam
917 2456 1103 2494 omnes
1150 2443 1348 2494 scimus
1375 2481 1388 2502 ,
1419 2443 1470 2494 in
1501 2443 1728 2509 epistola
1759 2458 1917 2510 quam
1951 2441 2017 2496 ad

435 2530 840 2598 Ctesiphontem
871 2532 1076 2591 scribit.
1108 2534 1395 2602 suggillans
1427 2534 1709 2600 Evagrium
1741 2534 2016 2600 Ponticum

435 2622 570 2693 (imo
623 2623 916 2685 Bullinum,
952 2632 1008 2675 nt
1039 2623 1331 2692 prolegom.
1365 2624 1417 2689 4,
1447 2623 1473 2694 §
1502 2624 1568 2677 10
1595 2622 1781 2691 docui)
1817 2624 2024 2695 Hyper-

439 2715 662 2768 boritam
715 2716 803 2783 qni
830 2715 1020 2768 librum
1052 2716 1264 2782 scripsit
1295 2716 1443 2784 quasi
1472 2717 1538 2768 de
1583 2717 1882 2779 monachis,
1917 2717 2018 2771 ob-

435 2801 548 2872 ficit
575 2804 624 2858 ei
657 2805 850 2858 multos
883 2806 934 2860 in
961 2821 1025 2859 eo
1058 2806 1192 2859 libro
1235 2817 1578 2860 enumeratos
1607 2808 1696 2874 qni
1747 2823 2016 2875 nunquam

436 2894 676 2961 fuerint,
707 2905 762 2951 et
809 2912 943 2965 quos
989 2897 1155 2951 fuisse
1212 2898 1397 2951 scribit
1445 2898 1814 2966 Origenistas,
1848 2907 1904 2953 et
1952 2900 2021 2953 ab

435 2985 700 3053 episcopis
727 2987 1010 3040 damnatos
1059 2987 1283 3053 asserit;
1317 2988 1609 3056 volensque
1654 2991 1890 3057 apertius
1930 2991 2019 3058 qui

440 3075 495 3135 hi
527 3090 703 3131 essent
728 3078 986 3145 indicare,
1008 3078 1318 3148 subjungit:
1350 3097 1369 3130 ι
1404 3080 1739 3134 Ammonium
1769 3081 2022 3135 videlicet

2128 1892 2207 1957 (nt
2235 1890 2348 1955 ipse
2379 1890 2640 1957 exprimit
2688 1890 2909 1957 epistola
2951 1890 3279 1945 dedicatoria
3322 1889 3454 1962 [ων]
3482 1894 3710 1947 secundi

2123 1982 2273 2046 tomi,
2305 1981 2802 2049 Venetiisimpressi
2833 1982 2991 2047 l555,
3015 1982 3081 2036 de
3113 1983 3240 2036 Vitis
3265 1982 3610 2051 Sanctorum,
3635 1985 3706 2038 ad

2121 2071 2319 2128 Julium
2351 2087 2536 2139 papam
2572 2073 2657 2142 Ill)
2689 2072 2922 2139 prafuit.

2197 2162 2351 2215 Dices
2397 2171 2573 2225 sexto,
2605 2171 2789 2215 contra
2819 2161 2966 2215 Vitas
2995 2177 3183 2217 omnes
3222 2163 3274 2217 in
3303 2179 3500 2233 genere
3534 2180 3546 2216 :
3583 2163 3711 2230 Epi-

2127 2254 2260 2308 smla
2293 2253 2509 2306 Adriani
2542 2254 2556 2305 l
2594 2268 2743 2322 papa
2764 2253 2828 2306 ad
2863 2253 3110 2307 Carolum
3160 2269 3361 2322 regem,
3390 2269 3490 2321 qua
3521 2255 3712 2308 contn-

2127 2352 2202 2396 tat
2225 2351 2592 2411 oppugnantes
2622 2342 2909 2396 secundam
2954 2346 3217 2412 synodum
3260 2342 3552 2406 Nicanam,
3582 2358 3708 2411 cap.

2125 2437 2212 2502 l7,
2262 2435 2316 2487 in
2369 2435 2577 2488 actione
2620 2435 2675 2499 5,
2721 2435 2820 2488 hoc
2871 2435 3290 2502 oppugnantium
3333 2432 3709 2505 argumentum

2122 2527 2250 2581 citat
2282 2544 2294 2578 :
2334 2543 2352 2577 ι
2386 2525 2642 2592 Quod'illi
2669 2526 2804 2590 libri,
2834 2525 2969 2579 Vita
3004 2526 3241 2590 Patrum,
3275 2541 3498 2596 quorum
3523 2535 3712 2579 aucto-

2124 2635 2212 2674 res
2262 2620 2595 2688 ignorantur,
2635 2635 2738 2674 non
2780 2634 2999 2690 prorsus
3023 2621 3200 2674 idonei
3232 2621 3340 2674 sint
3366 2621 3432 2674 ad
3466 2621 3708 2674 testimo-

2123 2711 2214 2765 nia
2246 2711 2441 2777 danda,
2477 2720 2529 2765 et
2558 2710 2624 2765 ad
2649 2713 2762 2764 hac
2798 2725 2915 2780 qua
2961 2711 3012 2764 in
3045 2713 3445 2767 contentionem
3484 2713 3714 2766 veniunt

2122 2804 2511 2858 confirmanda.
2552 2823 2570 2856 ι
2621 2803 2929 2868 ReSpondet
2979 2805 3247 2859 Adrianus
3297 2819 3432 2874 papa
3466 2822 3478 2856 :
3515 2823 3533 2856 ι
3572 2805 3715 2860 Vitas

2125 2896 2341 2949 Patrum
2373 2897 2491 2951 sine
2516 2896 2878 2964 probabilibus
2912 2896 3221 2951 auctoribus
3265 2895 3488 2951 minime
3518 2897 3570 2950 in
3604 2896 3715 2952 Ερυ-

2130 2988 2293 3041 clesia
2323 2989 2594 3058 leguntur.
2619 2989 2751 3043 Nam
2782 2989 2848 3042 ab
2878 2989 3187 3042 orthodoxis
3213 2987 3433 3044 titulata
3454 2997 3508 3042 et
3534 2989 3713 3042 susci-

2133 3079 2369 3144 piuntur,
2394 3088 2447 3133 et
2469 3079 2734 3148 leguntur.
2759 3079 2921 3149 Magis
2942 3078 3083 3132 enim
3103 3078 3379 3147 passiones
3402 3089 3714 3132 sanctorum

437 3175 491 3219 et
520 3165 829 3233 Eusebium,
859 3178 912 3224 et
947 3147 1308 3239 liuthymimn,
1336 3178 1390 3224 et
1421 3171 1590 3238 ipsum
1623 3171 1928 3240 Evagrium,
1949 3171 2023 3224 0r
2049 3147 2096 3210 (ἶ
2128 3179 2421 3240 martyrum
2472 3171 2608 3224 sacri
2659 3147 2893 3224 canones
2938 3179 3280 3231 censuerunt,
3321 3178 3379 3222 ut
3407 3169 3563 3223 liceat
3605 3183 3711 3223 eas

437 3273 647 3327 quoque
674 3269 727 3316 et
755 3261 1039 3323 lsidnrnm,
1063 3272 1116 3313 et
1135 3263 1328 3316 multos
1356 3263 1510 3327 alios,
1543 3277 1674 3328 quos
1702 3278 2020 3316 enumerare

437 3351 649 3404 tmdium
683 3362 784 3406 est.
813 3371 831 3405 ι
865 3355 930 3406 At
961 3353 1010 3404 hi
1042 3367 1157 3413 sex,
1189 3367 1414 3420 quorum
1451 3353 1501 3405 in
1529 3355 1855 3406 mentionem
1880 3355 2016 3406 inci-

435 3443 629 3506 dimus,
662 3446 820 3497 etiam
873 3445 925 3497 in
976 3444 1078 3497 hoc
1131 3443 1349 3498 Palladii
1401 3459 1565 3512 opere
1607 3445 2018 3509 interseruntur,

436 3547 732 3603 eorumque
787 3535 920 3588 Vita
992 3545 1239 3589 accurate
1314 3536 1600 3602 descripta
1663 3538 2020 3604 reperiuntur.

437 3627 573 3692 Quid
628 3629 789 3699 igitur
817 3629 881 3682 ad
931 3629 1042 3682 hac
1084 3629 1360 3683 dicemus?
1402 3629 1831 3697 suscipiemusne
1875 3631 2022 3684 viros

436 3720 578 3789 Quia
607 3728 757 3776 tanto
811 3721 967 3776 Patre
1015 3723 1081 3776 de
1120 3723 1312 3777 b:rresi
1355 3722 1600 3790 damnati
1649 3722 2023 3795 affirmantnr‘?

437 3813 741 3881 Respondet
784 3813 922 3868 idem
966 3816 1217 3885 Aloysius
1263 3832 1278 3868 :
1321 3815 1597 3868 Haeremus
1638 3825 1785 3868 certe
1833 3815 1936 3869 hoc
1965 3816 2020 3869 in

437 3902 579 3965 loco,
606 3903 773 3956 lector
801 3903 1195 3957 candidissime.
1236 3905 1344 3957 Etsi
1378 3904 1506 3957 illud
1540 3907 1867 3970 respondere
1898 3921 2016 3973 pos-

439 4005 641 4055 sumus,
677 3992 867 4044 librum
894 3991 1151 4044 duntaxat
1177 3993 1384 4060 Evagrii
1419 3993 1550 4062 (imo
1583 3993 1803 4059 Ruffini,
1834 4003 1892 4048 ut
1913 3996 2021 4060 jam

440 4085 602 4150 dixi),
647 4099 750 4136 non
794 4093 968 4138 autem
1005 4084 1224 4138 Palladii
1280 4100 1374 4154 per
1413 4086 1594 4139 divum
1643 4085 2019 4157 Hieronymum

437 4178 603 4234 fuisse
651 4180 984 4236 damnatum.
1032 4181 1133 4234 Aut
1177 4180 1300 4234 illos
1358 4180 1599 4248 profecto
1647 4181 1864 4235 eosdem
1916 4195 2020 4235 non

436 4285 557 4323 esse
586 4272 674 4341 qui
704 4281 754 4324 et
775 4272 841 4324 ab
871 4272 1093 4340 Evagrio
1117 4281 1169 4325 et
1194 4286 1220 4323 a
1249 4270 1490 4324 Palladio
1511 4283 2017 4338 commemorantur,

437 4365 529 4415 sed
561 4364 778 4418 omnino
825 4363 978 4417 alios.
1029 4363 1264 4433 Contigit
1317 4365 1454 4416 enim
1488 4364 1812 4432 (teste‘ipso
1858 4367 2018 4417 etiam

435 4453 564 4510 divo
597 4454 922 4523 Hieronymo
970 4465 1024 4509 et
1065 4456 1342 4509 Gennadio
1391 4455 1459 4509 de
1510 4455 1651 4508 Viris
1703 4456 2017 4528 illustribus)

2125 3260 2286 3313 etiam
2317 3260 2370 3312 in
2403 3261 2625 3314 ecclesia
2649 3261 2776 3329 legi,
2810 3276 2931 3314 cum
2961 3260 3309 3315 anniversarii
3365 3261 3481 3316 dies
3520 3276 3712 3316 eorum

2125 3350 2484 3403 celebrantur.
2525 3369 2542 3401 ι
2573 3350 2727 3404 Aliud
2761 3350 2919 3419 igitur
2947 3360 3030 3406 est
3070 3351 3139 3405 ita
3164 3351 3527 3406 authenticum
3561 3367 3708 3420 esse,

2126 3447 2183 3493 ut
2214 3441 2264 3492 in
2297 3440 2532 3495 Ecclesia
2578 3440 2782 3508 legatur
2809 3485 2824 3508 ,
2853 3441 2994 3494 aliud
3023 3450 3074 3494 ut
3105 3456 3135 3496 a
3165 3439 3454 3496 Catholicis
3478 3441 3714 3510 recipiav

2127 3537 2291 3600 tur‘et
2323 3529 2547 3596 legatur.
2575 3530 2888 3595 Quanquam
2921 3544 3024 3584 non
3057 3540 3163 3583 tam
3213 3530 3285 3585 ibi
3315 3529 3547 3600 pontifex
3586 3540 3714 3599 agat

2126 3621 2192 3673 de
2220 3619 2299 3673 his
2332 3619 2468 3672 V.tis
2500 3619 2714 3673 Patrum
2756 3621 3124 3685 eremitarum,
3159 3634 3318 3688 quam
3367 3620 3434 3674 de
3463 3619 3707 3674 omnium

2124 3711 2346 3764 aliorum
2381 3710 2594 3763 Patrum
2629 3709 2780 3773 Vitis,
2808 3724 2927 3779 qua
2955 3712 3072 3764 sine
3101 3711 3309 3778 probati
3339 3711 3576 3765 auctoris
3606 3725 3710 3764 no-

2127 3804 2269 3856 mine
2300 3818 2403 3856 non
2433 3802 2585 3855 facile
2623 3800 3016 3867 recipiebantur
3045 3799 3097 3854 in
3137 3799 3389 3854 Ecclesia
3421 3801 3700 3854 lectiones.

2199 3892 2350 3946 Dices
2379 3890 2915 3958 septintonelchior
2933 3889 3111 3944 Canus
3151 3891 3363 3950 librou.
3395 3905 3512 3958 cap.
3546 3889 3601 3956 6,
3631 3889 3703 3945 de

2127 3984 2256 4038 locis
2288 3984 2659 4053 Tln-ologicis,
2683 3998 2808 4037 acer
2845 3983 3154 4051 cumprimis
3183 3983 3438 4038 librorum
3481 3999 3696 4051 censor,

2127 4075 2322 4131 Gelasii
2363 4075 2668 4130 testimonio
2693 4091 2877 4132 eorum
2919 4075 3300 4144 impudentiam
3325 4078 3580 4144 retundit,
3611 4079 3704 4149 qui

2125 4167 2312 4221 harum
2343 4183 2522 4222 rerum
2553 4176 2822 4222 auctorem
2855 4167 3067 4222 beatum
3093 4167 3467 4238 Hieronymum
3492 4170 3709 4238 pervul-

2123 4269 2337 4328 garunt,
2397 4274 2530 4328 quas
2573 4273 2731 4312 nemo
2762 4259 2863 4312 nisi
2915 4258 3063 4312 rudis
3115 4267 3168 4311 et
3220 4256 3446 4327 elinguis
3494 4259 3702 4315 ederet.

2127 4351 2473 4419 Hespondeo:
2497 4348 2606 4404 Nec
2634 4365 2730 4401 nos
2759 4349 2912 4402 beato
2940 4348 3264 4416 Hieronymo
3292 4346 3440 4402 Vitas
3467 4362 3558 4402 eas
3586 4363 3702 4405 om-

2127 4457 2220 4495 llus
2241 4455 2584 4510 arrogamns;
2637 4447 2692 4492 et
2735 4442 3016 4506 p'erasque
3055 4437 3272 4494 rudioie
3317 4437 3405 4491 filo
3437 4447 3627 4502 textas,
3654 4440 3704 4500 si

437 4541 742 4611 complures
774 4517 988 4605 εξηιοιοε
1021 4546 1226 4611 patres,
1254 4561 1460 4600 "eum"
1492 4546 1784 4601 monachos
1809 4557 1861 4600 ει
1892 4517 2020 4601 ana;
2049 4517 2098 4578 D
2125 4531 2497 4588 SllidolleHSia
2551 4530 2776 4584 multitia
2830 4528 3202 4597 inspic'tantur,
3237 4543 3340 4582 non
3389 4527 3701 4582 diffitemur.

436 4635 711 4698 ehoretas,
737 4635 974 4702 ejusdem
1010 4637 1175 4689 fuisse
1206 4638 1458 4700 nominis,
1484 4646 1541 4690 ut
1570 4637 1620 4690 in
1657 4636 1893 4704 plurimis
1923 4637 2022 4690 Ma,

438 4727 620 4789 eariis,
674 4725 873 4790 Paulis,
909 4725 1222 4793 .loannibus,
1257 4726 1502 4791 lsidoris,
1546 4726 1808 4795 Evagriis,
1838 4727 2020 4781 videre

439 4814 582 4867 licet.

510 4907 577 4957 At
606 4906 648 4958 si
682 4904 795 4958 hac
836 4905 1113 4974 responsio
1143 4906 1236 4960 tibi
1269 4921 1375 4960 non
1425 4905 1708 4970 satisfacit,
1732 4906 1866 4960 nihil
1914 4921 2016 4960 no-

437 4995 519 5048 bis
542 4995 825 5049 dicendum
859 5007 1121 5065 superest,
1161 4998 1264 5052 nisi
1296 5008 1352 5053 ut
1378 4999 1459 5053 his
1484 5013 1575 5054 sex
1622 4998 1859 5052 dimissis
1886 4999 2020 5053 alios

437 5087 614 5155 legere
655 5103 720 5141 ne
766 5089 1024 5156 graveris.
1076 5090 1254 5158 Longe
1295 5091 1435 5144 enim
1490 5089 1629 5144 absit
1656 5098 1716 5142 ut
1765 5103 1899 5154 nos,
1931 5089 2020 5157 qui

436 5185 551 5230 toto
581 5183 700 5230 vita
757 5187 954 5230 nostra
1001 5185 1238 5246 tempore
1266 5189 1452 5233 contra
1485 5179 1765 5233 hareticos
1793 5177 2020 5230 desudao

437 5272 630 5330 vimus,
655 5271 883 5325 velimus
907 5285 1046 5325 nunc
1069 5271 1347 5327 hareticos
1371 5271 1615 5326 homines
1645 5269 1696 5322 in
1726 5267 2019 5322 Ecclesiam

439 5361 795 5416 introducere.

508 5455 824 5523 Quanquam
857 5455 900 5509 si
946 5471 1008 5510 ex
1042 5455 1310 5524 pradictis
1353 5469 1443 5507 sex
1476 5453 1608 5506 viris
1632 5450 1872 5504 nonnulli
1911 5449 2020 5504 divi

441 5546 658 5600 Antonii
687 5546 933 5614 discipuli
993 5546 1228 5609 fuerunt,
1286 5547 1329 5600 si
1355 5543 1520 5612 aliqui
1551 5543 1657 5596 divi
1707 5541 1911 5604 Basilii,
1965 5551 2020 5596 et

438 5637 679 5703 Gregorii
728 5635 1047 5690 Nazianzeni
1095 5634 1318 5701 alumni,
1349 5632 1391 5686 si
1426 5646 1633 5684 summa
1681 5644 1870 5684 omnes
1897 5629 2019 5684 vita

442 5725 720 5781 honestate
750 5726 977 5794 praditi,
1001 5732 1056 5779 et
1089 5723 1284 5780 divinis
1311 5719 1724 5778 charismatibus
1752 5718 2011 5788 insigniti,

2125 4624 2178 4678 Si
2222 4624 2397 4676 Canus
2449 4623 2600 4689 plura
2654 4620 2849 4686 voluit,
2897 4620 3048 4674 nobis
3092 4620 3200 4674 divi
3249 4619 3541 4683 Benedicti,
3571 4615 3705 4674 Casv

2122 4713 2344 4774 siodori,
2370 4709 2611 4782 Gregorii
2658 4710 3008 4777 Turonensis,
3042 4710 3378 4780 aliorumque
3406 4709 3701 4764 auctoritas

2125 4807 2321 4874 potior.

2196 4899 2351 4951 Dices
2379 4905 2568 4951 octavo
2590 4894 2848 4949 :Galenus
2871 4893 3300 4962 Westcapellius,
3332 4894 3543 4950 catech.
3573 4891 3702 4957 215,

2125 4987 2320 5042 librum
2365 4986 2607 5040 fictilium
2650 4993 2828 5050 vocat,
2870 4986 2959 5054 qtti
3001 4984 3308 5042 inscribitur
3335 5025 3350 5050 ,
3395 4985 3570 5041 nescit
3599 4998 3704 5052 qua

2125 5083 2493 5152 grammatica,
2547 5079 2695 5133 Vitas
2734 5077 2972 5132 Patrum.
3025 5077 3345 5146 Respondeo
3379 5095 3390 5129 :
3425 5078 3539 5134 Non
3589 5078 3704 5131 vult

2124 5173 2358 5227 Galenus
2420 5171 2610 5224 librum
2652 5170 2791 5223 hunc
2836 5170 2906 5224 ita
2954 5169 3230 5233 lictitium,
3281 5167 3433 5238 quasi
3482 5169 3702 5228 omnino

2125 5264 2280 5317 fictus
2303 5264 2405 5324 sit;
2440 5261 2533 5315 sed
2574 5268 2779 5314 tantum
2805 5260 2874 5314 ita
2927 5269 3079 5314 vocat
3129 5259 3336 5314 ratione
3375 5259 3482 5314 divi
3516 5260 3706 5313 Hiero-

2126 5355 2294 5426 nymi,
2340 5354 2491 5422 cujus
2533 5353 2740 5408 titulum
2773 5351 3006 5420 przefert,
3039 5366 3157 5406 cum
3206 5351 3324 5420 ejus
3356 5365 3459 5404 non
3486 5351 3576 5414 sit,
3608 5348 3704 5411 sed

2126 5445 2312 5498 ftctitiu
2341 5455 2393 5497 et
2425 5443 2690 5496 atlseititio
2711 5444 2826 5510 eius
2857 5443 3073 5496 nomine
3098 5441 3424 5498 venditetur.
3454 5441 3603 5507 Quod
3635 5440 3704 5500 ad

2122 5534 2520 5605 grammaticam
2541 5536 2751 5598 attinet,
2785 5548 2888 5603 qua
2930 5531 3130 5589 dictum
3175 5535 3248 5590 sit
3279 5533 3424 5589 Vitas
3457 5532 3700 5600 Patrum,

2122 5625 2244 5682 vide
2275 5625 2689 5696 prolegomeuon
2724 5624 2774 5678 Ι.
