  <div class='ocr_page' id='page_1' title='image "/cluster/home/n/w/nwhite01/storage/ocr_20150623/73/uva.x000827085/038.png"; bbox 0 0 4002 6252; ppageno 0'>
   <div class='ocr_carea' id='block_1_1' title="bbox 667 507 1393 570">
    <p class='ocr_par' dir='ltr' id='par_1_1' title="bbox 667 507 1393 570">
     <span class='ocr_line' id='line_1_1' title="bbox 667 507 1393 570; baseline -0.014 0"><span class='ocrx_word' id='word_1_1' title='bbox 667 509 1218 570; x_wconf 75' lang='lat' dir='ltr'><strong>PROLECOMENON</strong></span> <span class='ocrx_word' id='word_1_2' title='bbox 1258 507 1393 562; x_wconf 76' lang='lat' dir='ltr'><strong>XVI.</strong></span> 
     </span>
    </p>
   </div>
   <div class='ocr_carea' id='block_1_2' title="bbox 592 645 1481 716">
    <p class='ocr_par' dir='ltr' id='par_1_2' title="bbox 592 645 1481 716">
     <span class='ocr_line' id='line_1_2' title="bbox 592 645 1481 716; baseline -0.006 -13"><span class='ocrx_word' id='word_1_3' title='bbox 592 649 729 716; x_wconf 75' lang='grc' dir='ltr'><strong>ρυω</strong></span> <span class='ocrx_word' id='word_1_4' title='bbox 754 650 931 703; x_wconf 73' lang='lat' dir='ltr'><strong>horum</strong></span> <span class='ocrx_word' id='word_1_5' title='bbox 959 647 1206 700; x_wconf 84' lang='lat' dir='ltr'><strong>librorum</strong></span> <span class='ocrx_word' id='word_1_6' title='bbox 1242 645 1481 713; x_wconf 71' lang='lat' dir='ltr'><strong>utilitas?</strong></span> 
     </span>
    </p>
   </div>
   <div class='ocr_carea' id='block_1_3' title="bbox 317 751 1822 819">
    <p class='ocr_par' dir='ltr' id='par_1_3' title="bbox 317 751 1822 819">
     <span class='ocr_line' id='line_1_3' title="bbox 317 751 1822 819; baseline -0.007 -4"><span class='ocrx_word' id='word_1_7' title='bbox 317 761 397 815; x_wconf 79' lang='lat' dir='ltr'><strong>Ex</strong></span> <span class='ocrx_word' id='word_1_8' title='bbox 446 759 534 815; x_wconf 90' lang='lat' dir='ltr'><strong>bis</strong></span> <span class='ocrx_word' id='word_1_9' title='bbox 584 759 821 812; x_wconf 91' lang='lat' dir='ltr'><strong>fontibus</strong></span> <span class='ocrx_word' id='word_1_10' title='bbox 879 771 1008 813; x_wconf 85' lang='lat' dir='ltr'><strong>suos</strong></span> <span class='ocrx_word' id='word_1_11' title='bbox 1054 754 1394 817; x_wconf 79' lang='lat' dir='ltr'><strong>Benedictus,</strong></span> <span class='ocrx_word' id='word_1_12' title='bbox 1451 751 1822 819; x_wconf 82' lang='lat' dir='ltr'><strong>Cassiodorus,</strong></span> 
     </span>
    </p>
   </div>
   <div class='ocr_carea' id='block_1_4' title="bbox 253 838 1828 908">
    <p class='ocr_par' dir='ltr' id='par_1_4' title="bbox 253 838 1828 908">
     <span class='ocr_line' id='line_1_4' title="bbox 253 838 1828 908; baseline -0.008 -5"><span class='ocrx_word' id='word_1_13' title='bbox 253 849 506 904; x_wconf 79' lang='lat' dir='ltr'><strong>Ilartinus</strong></span> <span class='ocrx_word' id='word_1_14' title='bbox 549 844 876 908; x_wconf 87' lang='lat' dir='ltr'><strong>Dumiensis,</strong></span> <span class='ocrx_word' id='word_1_15' title='bbox 926 840 1265 905; x_wconf 90' lang='lat' dir='ltr'><strong>Dominicns,</strong></span> <span class='ocrx_word' id='word_1_16' title='bbox 1322 840 1516 908; x_wconf 82' lang='lat' dir='ltr'><strong>aliique</strong></span> <span class='ocrx_word' id='word_1_17' title='bbox 1566 838 1828 907; x_wconf 70' lang='lat' dir='ltr'><strong>religiosa:</strong></span> 
     </span>
    </p>
   </div>
   <div class='ocr_carea' id='block_1_5' title="bbox 252 930 1825 1005">
    <p class='ocr_par' dir='ltr' id='par_1_5' title="bbox 252 930 1825 1005">
     <span class='ocr_line' id='line_1_5' title="bbox 252 930 1825 1005; baseline -0.009 -9"><span class='ocrx_word' id='word_1_18' title='bbox 252 940 458 996; x_wconf 79' lang='lat' dir='ltr'><strong>familia:</strong></span> <span class='ocrx_word' id='word_1_19' title='bbox 488 939 745 994; x_wconf 89' lang='lat' dir='ltr'><strong>ductores</strong></span> <span class='ocrx_word' id='word_1_20' title='bbox 787 936 1081 1005; x_wconf 87' lang='lat' dir='ltr'><strong>irrigavere</strong></span> <span class='ocrx_word' id='word_1_21' title='bbox 1134 933 1395 987; x_wconf 76' lang='lat' dir='ltr'><strong>hortulos.</strong></span> <span class='ocrx_word' id='word_1_22' title='bbox 1449 931 1554 987; x_wconf 86' lang='lat' dir='ltr'><strong>Sed</strong></span> <span class='ocrx_word' id='word_1_23' title='bbox 1599 930 1825 993; x_wconf 74' lang='lat' dir='ltr'><strong>illustre,</strong></span> 
     </span>
    </p>
   </div>
   <div class='ocr_carea' id='block_1_6' title="bbox 248 1021 1826 1104">
    <p class='ocr_par' dir='ltr' id='par_1_6' title="bbox 248 1021 1826 1104">
     <span class='ocr_line' id='line_1_6' title="bbox 248 1021 1826 1104; baseline -0.009 -18"><span class='ocrx_word' id='word_1_24' title='bbox 248 1032 383 1104; x_wconf 90' lang='lat' dir='ltr'><strong>quod</strong></span> <span class='ocrx_word' id='word_1_25' title='bbox 407 1032 476 1084; x_wconf 91' lang='lat' dir='ltr'><strong>de</strong></span> <span class='ocrx_word' id='word_1_26' title='bbox 501 1029 717 1091; x_wconf 70' lang='lat' dir='ltr'><strong>Antonii</strong></span> <span class='ocrx_word' id='word_1_27' title='bbox 745 1027 869 1080; x_wconf 81' lang='lat' dir='ltr'><strong>Vita</strong></span> <span class='ocrx_word' id='word_1_28' title='bbox 899 1027 950 1079; x_wconf 92' lang='lat' dir='ltr'><strong>in</strong></span> <span class='ocrx_word' id='word_1_29' title='bbox 981 1024 1328 1080; x_wconf 75' lang='lat' dir='ltr'><strong>Occidentem</strong></span> <span class='ocrx_word' id='word_1_30' title='bbox 1361 1024 1508 1076; x_wconf 90' lang='lat' dir='ltr'><strong>illata</strong></span> <span class='ocrx_word' id='word_1_31' title='bbox 1540 1030 1720 1075; x_wconf 90' lang='lat' dir='ltr'><strong>narrat</strong></span> <span class='ocrx_word' id='word_1_32' title='bbox 1741 1021 1826 1073; x_wconf 87' lang='lat' dir='ltr'><strong>di-</strong></span> 
     </span>
    </p>
   </div>
   <div class='ocr_carea' id='block_1_7' title="bbox 249 1113 1828 1191">
    <p class='ocr_par' dir='ltr' id='par_1_7' title="bbox 249 1113 1828 1191">
     <span class='ocr_line' id='line_1_7' title="bbox 249 1113 1828 1191; baseline -0.006 -14"><span class='ocrx_word' id='word_1_33' title='bbox 249 1137 342 1177; x_wconf 86' lang='lat' dir='ltr'><strong>vus</strong></span> <span class='ocrx_word' id='word_1_34' title='bbox 366 1122 715 1191; x_wconf 74' lang='lat' dir='ltr'><strong>Augustinus,</strong></span> <span class='ocrx_word' id='word_1_35' title='bbox 754 1134 876 1172; x_wconf 90' lang='lat' dir='ltr'><strong>cum</strong></span> <span class='ocrx_word' id='word_1_36' title='bbox 926 1117 1032 1170; x_wconf 93' lang='lat' dir='ltr'><strong>duo</strong></span> <span class='ocrx_word' id='word_1_37' title='bbox 1073 1125 1292 1182; x_wconf 77' lang='lat' dir='ltr'><strong>agentes</strong></span> <span class='ocrx_word' id='word_1_38' title='bbox 1332 1116 1383 1168; x_wconf 91' lang='lat' dir='ltr'><strong>in</strong></span> <span class='ocrx_word' id='word_1_39' title='bbox 1412 1115 1591 1175; x_wconf 90' lang='lat' dir='ltr'><strong>rebus,</strong></span> <span class='ocrx_word' id='word_1_40' title='bbox 1623 1113 1828 1167; x_wconf 84' lang='lat' dir='ltr'><strong>relictis</strong></span> 
     </span>
    </p>
   </div>
   <div class='ocr_carea' id='block_1_8' title="bbox 247 1202 1828 1278">
    <p class='ocr_par' dir='ltr' id='par_1_8' title="bbox 247 1202 1828 1278">
     <span class='ocr_line' id='line_1_8' title="bbox 247 1202 1828 1278; baseline -0.006 -13"><span class='ocrx_word' id='word_1_41' title='bbox 247 1211 480 1278; x_wconf 75' lang='lat' dir='ltr'><strong>sponsis,</strong></span> <span class='ocrx_word' id='word_1_42' title='bbox 533 1208 694 1266; x_wconf 88' lang='lat' dir='ltr'><strong>vitam</strong></span> <span class='ocrx_word' id='word_1_43' title='bbox 743 1208 1025 1276; x_wconf 88' lang='lat' dir='ltr'><strong>elegerunt</strong></span> <span class='ocrx_word' id='word_1_44' title='bbox 1072 1203 1408 1267; x_wconf 84' lang='lat' dir='ltr'><strong>solitariam;</strong></span> <span class='ocrx_word' id='word_1_45' title='bbox 1454 1204 1595 1271; x_wconf 92' lang='lat' dir='ltr'><strong>quod</strong></span> <span class='ocrx_word' id='word_1_46' title='bbox 1627 1211 1683 1256; x_wconf 89' lang='lat' dir='ltr'><strong>et</strong></span> <span class='ocrx_word' id='word_1_47' title='bbox 1738 1202 1828 1256; x_wconf 90' lang='lat' dir='ltr'><strong>hic</strong></span> 
     </span>
    </p>
   </div>
   <div class='ocr_carea' id='block_1_9' title="bbox 248 1296 1830 1372">
    <p class='ocr_par' dir='ltr' id='par_1_9' title="bbox 248 1296 1830 1372">
     <span class='ocr_line' id='line_1_9' title="bbox 248 1296 1830 1372; baseline -0.005 -14"><span class='ocrx_word' id='word_1_48' title='bbox 248 1305 437 1372; x_wconf 81' lang='lat' dir='ltr'><strong>legisse</strong></span> <span class='ocrx_word' id='word_1_49' title='bbox 482 1317 590 1354; x_wconf 92' lang='lat' dir='ltr'><strong>non</strong></span> <span class='ocrx_word' id='word_1_50' title='bbox 644 1301 749 1354; x_wconf 90' lang='lat' dir='ltr'><strong>erit</strong></span> <span class='ocrx_word' id='word_1_51' title='bbox 797 1300 1026 1353; x_wconf 91' lang='lat' dir='ltr'><strong>inutile:</strong></span> <span class='ocrx_word' id='word_1_52' title='bbox 1065 1317 1083 1350; x_wconf 74' lang='grc' dir='ltr'>ι</span> <span class='ocrx_word' id='word_1_53' title='bbox 1133 1297 1292 1352; x_wconf 91' lang='lat' dir='ltr'><strong>Ortus</strong></span> <span class='ocrx_word' id='word_1_54' title='bbox 1342 1305 1424 1350; x_wconf 89' lang='lat' dir='ltr'><strong>est</strong></span> <span class='ocrx_word' id='word_1_55' title='bbox 1478 1309 1679 1360; x_wconf 86' lang='lat' dir='ltr'><strong>sermo,</strong></span> <span class='ocrx_word' id='word_1_56' title='bbox 1711 1296 1830 1364; x_wconf 89' lang='lat' dir='ltr'><strong>ipso</strong></span> 
     </span>
    </p>
   </div>
   <div class='ocr_carea' id='block_1_10' title="bbox 250 1386 1829 1464">
    <p class='ocr_par' dir='ltr' id='par_1_10' title="bbox 250 1386 1829 1464">
     <span class='ocr_line' id='line_1_10' title="bbox 250 1386 1829 1464; baseline -0.006 -15"><span class='ocrx_word' id='word_1_57' title='bbox 250 1392 562 1464; x_wconf 79' lang='lat' dir='ltr'><strong>(Putitiano)</strong></span> <span class='ocrx_word' id='word_1_58' title='bbox 595 1400 848 1445; x_wconf 80' lang='lat' dir='ltr'><strong>narrante</strong></span> <span class='ocrx_word' id='word_1_59' title='bbox 889 1390 958 1444; x_wconf 90' lang='lat' dir='ltr'><strong>de</strong></span> <span class='ocrx_word' id='word_1_60' title='bbox 988 1389 1218 1444; x_wconf 80' lang='lat' dir='ltr'><strong>Antonio</strong></span> <span class='ocrx_word' id='word_1_61' title='bbox 1251 1386 1360 1460; x_wconf 76' lang='grc' dir='ltr'><strong>[ιν]</strong></span> <span class='ocrx_word' id='word_1_62' title='bbox 1409 1386 1664 1457; x_wconf 66' lang='grc' dir='ltr'><strong>Ᾱῑεγρῑίο</strong></span> <span class='ocrx_word' id='word_1_63' title='bbox 1710 1402 1829 1440; x_wconf 88' lang='lat' dir='ltr'><strong>mo-</strong></span> 
     </span>
    </p>
   </div>
   <div class='ocr_carea' id='block_1_11' title="bbox 252 1479 1830 1555">
    <p class='ocr_par' dir='ltr' id='par_1_11' title="bbox 252 1479 1830 1555">
     <span class='ocr_line' id='line_1_11' title="bbox 252 1479 1830 1555; baseline -0.006 -14"><span class='ocrx_word' id='word_1_64' title='bbox 252 1487 433 1551; x_wconf 86' lang='lat' dir='ltr'><strong>nacho,</strong></span> <span class='ocrx_word' id='word_1_65' title='bbox 473 1486 629 1555; x_wconf 83' lang='lat' dir='ltr'><strong>cujus</strong></span> <span class='ocrx_word' id='word_1_66' title='bbox 657 1499 851 1539; x_wconf 90' lang='lat' dir='ltr'><strong>nomen</strong></span> <span class='ocrx_word' id='word_1_67' title='bbox 896 1482 1227 1538; x_wconf 78' lang='lat' dir='ltr'><strong>excellenter</strong></span> <span class='ocrx_word' id='word_1_68' title='bbox 1273 1479 1510 1534; x_wconf 89' lang='lat' dir='ltr'><strong>clarebat</strong></span> <span class='ocrx_word' id='word_1_69' title='bbox 1546 1479 1684 1547; x_wconf 91' lang='lat' dir='ltr'><strong>apud</strong></span> <span class='ocrx_word' id='word_1_70' title='bbox 1712 1493 1830 1533; x_wconf 87' lang='lat' dir='ltr'><strong>ser-</strong></span> 
     </span>
    </p>
   </div>
   <div class='ocr_carea' id='block_1_12' title="bbox 253 1570 1828 1643">
    <p class='ocr_par' dir='ltr' id='par_1_12' title="bbox 253 1570 1828 1643">
     <span class='ocr_line' id='line_1_12' title="bbox 253 1570 1828 1643; baseline -0.004 -13"><span class='ocrx_word' id='word_1_71' title='bbox 253 1593 341 1643; x_wconf 69' lang='lat' dir='ltr'><strong>vos</strong></span> <span class='ocrx_word' id='word_1_72' title='bbox 363 1587 512 1642; x_wconf 89' lang='lat' dir='ltr'><strong>tuos,</strong></span> <span class='ocrx_word' id='word_1_73' title='bbox 539 1590 639 1630; x_wconf 91' lang='lat' dir='ltr'><strong>nos</strong></span> <span class='ocrx_word' id='word_1_74' title='bbox 681 1585 861 1630; x_wconf 87' lang='lat' dir='ltr'><strong>autem</strong></span> <span class='ocrx_word' id='word_1_75' title='bbox 891 1589 1063 1643; x_wconf 90' lang='lat' dir='ltr'><strong>usque</strong></span> <span class='ocrx_word' id='word_1_76' title='bbox 1114 1573 1168 1627; x_wconf 94' lang='lat' dir='ltr'><strong>in</strong></span> <span class='ocrx_word' id='word_1_77' title='bbox 1215 1572 1360 1632; x_wconf 85' lang='lat' dir='ltr'><strong>illam</strong></span> <span class='ocrx_word' id='word_1_78' title='bbox 1394 1571 1578 1625; x_wconf 89' lang='lat' dir='ltr'><strong>horam</strong></span> <span class='ocrx_word' id='word_1_79' title='bbox 1611 1570 1828 1625; x_wconf 84' lang='lat' dir='ltr'><strong>latebat.</strong></span> 
     </span>
    </p>
   </div>
   <div class='ocr_carea' id='block_1_13' title="bbox 249 1663 1829 1736">
    <p class='ocr_par' dir='ltr' id='par_1_13' title="bbox 249 1663 1829 1736">
     <span class='ocr_line' id='line_1_13' title="bbox 249 1663 1829 1736; baseline -0.002 -17"><span class='ocrx_word' id='word_1_80' title='bbox 249 1669 394 1736; x_wconf 76' lang='lat' dir='ltr'><strong>Quod</strong></span> <span class='ocrx_word' id='word_1_81' title='bbox 419 1667 518 1722; x_wconf 89' lang='lat' dir='ltr'><strong>ille</strong></span> <span class='ocrx_word' id='word_1_82' title='bbox 545 1667 637 1722; x_wconf 84' lang='lat' dir='ltr'><strong>ubi</strong></span> <span class='ocrx_word' id='word_1_83' title='bbox 660 1667 945 1735; x_wconf 90' lang='lat' dir='ltr'><strong>comperit,</strong></span> <span class='ocrx_word' id='word_1_84' title='bbox 963 1668 1280 1719; x_wconf 90' lang='lat' dir='ltr'><strong>immoratus</strong></span> <span class='ocrx_word' id='word_1_85' title='bbox 1301 1672 1384 1718; x_wconf 88' lang='lat' dir='ltr'><strong>est</strong></span> <span class='ocrx_word' id='word_1_86' title='bbox 1402 1663 1453 1717; x_wconf 91' lang='lat' dir='ltr'><strong>in</strong></span> <span class='ocrx_word' id='word_1_87' title='bbox 1473 1677 1538 1718; x_wconf 89' lang='lat' dir='ltr'><strong>eo</strong></span> <span class='ocrx_word' id='word_1_88' title='bbox 1558 1676 1829 1727; x_wconf 88' lang='lat' dir='ltr'><strong>sermone,</strong></span> 
     </span>
    </p>
   </div>
   <div class='ocr_carea' id='block_1_14' title="bbox 250 1757 1832 1841">
    <p class='ocr_par' dir='ltr' id='par_1_14' title="bbox 250 1757 1832 1841">
     <span class='ocr_line' id='line_1_14' title="bbox 250 1757 1832 1841; baseline -0.004 -25"><span class='ocrx_word' id='word_1_89' title='bbox 250 1763 527 1816; x_wconf 87' lang='lat' dir='ltr'><strong>insinuans</strong></span> <span class='ocrx_word' id='word_1_90' title='bbox 563 1767 767 1815; x_wconf 90' lang='lat' dir='ltr'><strong>tantum</strong></span> <span class='ocrx_word' id='word_1_91' title='bbox 801 1761 970 1814; x_wconf 87' lang='lat' dir='ltr'><strong>virum</strong></span> <span class='ocrx_word' id='word_1_92' title='bbox 1027 1757 1416 1841; x_wconf 77' lang='lat' dir='ltr'><strong>ignorantibus,</strong></span> <span class='ocrx_word' id='word_1_93' title='bbox 1445 1765 1504 1813; x_wconf 90' lang='lat' dir='ltr'><strong>et</strong></span> <span class='ocrx_word' id='word_1_94' title='bbox 1559 1757 1832 1812; x_wconf 79' lang='lat' dir='ltr'><strong>admirans</strong></span> 
     </span>
    </p>
   </div>
   <div class='ocr_carea' id='block_1_15' title="bbox 1521 337 1839 432">
    <p class='ocr_par' dir='ltr' id='par_1_15' title="bbox 1521 372 1836 432">
     <span class='ocr_line' id='line_1_15' title="bbox 1521 372 1836 432; baseline -0.025 0"><span class='ocrx_word' id='word_1_95' title='bbox 1521 372 1836 432; x_wconf 78' lang='lat' dir='ltr'><strong>PROLEGO</strong></span> 
     </span>
    </p>
   </div>
   <div class='ocr_carea' id='block_1_16' title="bbox 1946 337 3535 432">
    <p class='ocr_par' dir='ltr' id='par_1_16' title="bbox 1946 337 3535 423">
     <span class='ocr_line' id='line_1_16' title="bbox 1946 337 3535 423; baseline -0.016 0"><span class='ocrx_word' id='word_1_96' title='bbox 1946 366 2069 423; x_wconf 68' lang='lat' dir='ltr'><strong>NON</strong></span> <span class='ocrx_word' id='word_1_97' title='bbox 2110 361 2247 419; x_wconf 75' lang='lat' dir='ltr'><strong>XVI.</strong></span> <span class='ocrx_word' id='word_1_98' title='bbox 3436 337 3535 399; x_wconf 57' lang='lat'><strong>03*</strong></span> 
     </span>
    </p>
   </div>
   <div class='ocr_carea' id='block_1_17' title="bbox 1847 455 3506 550">
    <p class='ocr_par' dir='ltr' id='par_1_17' title="bbox 1847 455 3506 550">
     <span class='ocr_line' id='line_1_17' title="bbox 1847 455 3506 550; baseline -0.016 -14"><span class='ocrx_word' id='word_1_99' title='bbox 1847 493 1898 550; x_wconf 79' lang='grc' dir='ltr'>Α</span> <span class='ocrx_word' id='word_1_100' title='bbox 1926 480 2079 543; x_wconf 91' lang='lat' dir='ltr'><strong>dior;</strong></span> <span class='ocrx_word' id='word_1_101' title='bbox 2113 485 2166 530; x_wconf 91' lang='lat' dir='ltr'><strong>te</strong></span> <span class='ocrx_word' id='word_1_102' title='bbox 2203 474 2248 528; x_wconf 88' lang='lat' dir='ltr'><strong>si</strong></span> <span class='ocrx_word' id='word_1_103' title='bbox 2278 471 2421 541; x_wconf 80' lang='lat' dir='ltr'><strong>piget</strong></span> <span class='ocrx_word' id='word_1_104' title='bbox 2461 465 2685 532; x_wconf 88' lang='lat' dir='ltr'><strong>imitari,</strong></span> <span class='ocrx_word' id='word_1_105' title='bbox 2718 463 2827 518; x_wconf 86' lang='lat' dir='ltr'><strong>noli</strong></span> <span class='ocrx_word' id='word_1_106' title='bbox 2873 459 3163 516; x_wconf 85' lang='lat' dir='ltr'><strong>adversari.</strong></span> <span class='ocrx_word' id='word_1_107' title='bbox 3208 455 3506 526; x_wconf 82' lang='lat' dir='ltr'><strong>Respondit</strong></span> 
     </span>
    </p>
   </div>
   <div class='ocr_carea' id='block_1_18' title="bbox 1928 552 3528 635">
    <p class='ocr_par' dir='ltr' id='par_1_18' title="bbox 1928 552 3528 635">
     <span class='ocr_line' id='line_1_18' title="bbox 1928 552 3528 635; baseline -0.013 -10"><span class='ocrx_word' id='word_1_108' title='bbox 1928 571 2038 635; x_wconf 90' lang='lat' dir='ltr'><strong>ille,</strong></span> <span class='ocrx_word' id='word_1_109' title='bbox 2092 567 2368 621; x_wconf 67' lang='lat' dir='ltr'><strong>adhaerere</strong></span> <span class='ocrx_word' id='word_1_110' title='bbox 2415 577 2472 614; x_wconf 90' lang='lat' dir='ltr'><strong>se</strong></span> <span class='ocrx_word' id='word_1_111' title='bbox 2501 559 2646 613; x_wconf 90' lang='lat' dir='ltr'><strong>socio</strong></span> <span class='ocrx_word' id='word_1_112' title='bbox 2695 564 2853 610; x_wconf 62' lang='lat' dir='ltr'><strong>tantae</strong></span> <span class='ocrx_word' id='word_1_113' title='bbox 2905 552 3204 616; x_wconf 84' lang='lat' dir='ltr'><strong>mercedis,</strong></span> <span class='ocrx_word' id='word_1_114' title='bbox 3239 557 3528 617; x_wconf 69' lang='lat' dir='ltr'><strong>tantaeque!</strong></span> 
     </span>
    </p>
   </div>
   <div class='ocr_carea' id='block_1_19' title="bbox 1927 644 3507 722">
    <p class='ocr_par' dir='ltr' id='par_1_19' title="bbox 1927 644 3507 722">
     <span class='ocr_line' id='line_1_19' title="bbox 1927 644 3507 722; baseline -0.016 -5"><span class='ocrx_word' id='word_1_115' title='bbox 1927 660 2153 718; x_wconf 65' lang='lat' dir='ltr'><strong>militiae.</strong></span> <span class='ocrx_word' id='word_1_116' title='bbox 2184 659 2250 713; x_wconf 86' lang='lat' dir='ltr'><strong>Et</strong></span> <span class='ocrx_word' id='word_1_117' title='bbox 2276 656 2434 711; x_wconf 91' lang='lat' dir='ltr'><strong>ambo</strong></span> <span class='ocrx_word' id='word_1_118' title='bbox 2460 653 2572 722; x_wconf 89' lang='lat' dir='ltr'><strong>jam</strong></span> <span class='ocrx_word' id='word_1_119' title='bbox 2604 653 2678 705; x_wconf 93' lang='lat' dir='ltr'><strong>tui</strong></span> <span class='ocrx_word' id='word_1_120' title='bbox 2727 648 3065 704; x_wconf 72' lang='lat' dir='ltr'><strong>aedificabant</strong></span> <span class='ocrx_word' id='word_1_121' title='bbox 3106 644 3316 709; x_wconf 91' lang='lat' dir='ltr'><strong>turrim,</strong></span> <span class='ocrx_word' id='word_1_122' title='bbox 3357 658 3507 698; x_wconf 64' lang='lat' dir='ltr'><strong>sum.</strong></span> 
     </span>
    </p>
   </div>
   <div class='ocr_carea' id='block_1_20' title="bbox 1929 734 3416 822">
    <p class='ocr_par' dir='ltr' id='par_1_20' title="bbox 1929 734 3416 822">
     <span class='ocr_line' id='line_1_20' title="bbox 1929 734 3416 822; baseline -0.013 -17"><span class='ocrx_word' id='word_1_123' title='bbox 1929 762 2018 822; x_wconf 93' lang='lat' dir='ltr'><strong>ptu</strong></span> <span class='ocrx_word' id='word_1_124' title='bbox 2051 751 2244 804; x_wconf 89' lang='lat' dir='ltr'><strong>idoneo</strong></span> <span class='ocrx_word' id='word_1_125' title='bbox 2275 744 2603 814; x_wconf 87' lang='lat' dir='ltr'><strong>relinquendi</strong></span> <span class='ocrx_word' id='word_1_126' title='bbox 2634 741 2809 796; x_wconf 87' lang='lat' dir='ltr'><strong>omnia</strong></span> <span class='ocrx_word' id='word_1_127' title='bbox 2836 755 2952 801; x_wconf 90' lang='lat' dir='ltr'><strong>sua,</strong></span> <span class='ocrx_word' id='word_1_128' title='bbox 2984 748 3038 792; x_wconf 91' lang='lat' dir='ltr'><strong>et</strong></span> <span class='ocrx_word' id='word_1_129' title='bbox 3059 734 3316 805; x_wconf 88' lang='lat' dir='ltr'><strong>sequendi</strong></span> <span class='ocrx_word' id='word_1_130' title='bbox 3346 743 3416 788; x_wconf 87' lang='lat' dir='ltr'><strong>te.</strong></span> 
     </span>
    </p>
   </div>
   <div class='ocr_carea' id='block_1_21' title="bbox 2005 823 3508 902">
    <p class='ocr_par' dir='ltr' id='par_1_21' title="bbox 2005 823 3508 902">
     <span class='ocr_line' id='line_1_21' title="bbox 2005 823 3508 902; baseline -0.011 -10"><span class='ocrx_word' id='word_1_131' title='bbox 2005 859 2023 892; x_wconf 75' lang='grc' dir='ltr'>ι</span> <span class='ocrx_word' id='word_1_132' title='bbox 2061 839 2194 895; x_wconf 85' lang='lat' dir='ltr'><strong>Tum</strong></span> <span class='ocrx_word' id='word_1_133' title='bbox 2223 838 2518 892; x_wconf 82' lang='lat' dir='ltr'><strong>Politianus</strong></span> <span class='ocrx_word' id='word_1_134' title='bbox 2557 843 2610 888; x_wconf 89' lang='lat' dir='ltr'><strong>et</strong></span> <span class='ocrx_word' id='word_1_135' title='bbox 2654 831 2744 902; x_wconf 91' lang='lat' dir='ltr'><strong>qui</strong></span> <span class='ocrx_word' id='word_1_136' title='bbox 2785 847 2904 885; x_wconf 90' lang='lat' dir='ltr'><strong>cum</strong></span> <span class='ocrx_word' id='word_1_137' title='bbox 2950 844 3015 882; x_wconf 91' lang='lat' dir='ltr'><strong>eo</strong></span> <span class='ocrx_word' id='word_1_138' title='bbox 3049 841 3141 896; x_wconf 87' lang='lat' dir='ltr'><strong>per</strong></span> <span class='ocrx_word' id='word_1_139' title='bbox 3194 826 3326 879; x_wconf 86' lang='lat' dir='ltr'><strong>alias</strong></span> <span class='ocrx_word' id='word_1_140' title='bbox 3366 823 3508 877; x_wconf 87' lang='lat' dir='ltr'><strong>horti</strong></span> 
     </span>
    </p>
   </div>
   <div class='ocr_carea' id='block_1_22' title="bbox 1931 917 3517 1001">
    <p class='ocr_par' dir='ltr' id='par_1_22' title="bbox 1931 917 3517 1001">
     <span class='ocr_line' id='line_1_22' title="bbox 1931 917 3517 1001; baseline -0.011 -16"><span class='ocrx_word' id='word_1_141' title='bbox 1931 939 2109 1001; x_wconf 90' lang='lat' dir='ltr'><strong>partes</strong></span> <span class='ocrx_word' id='word_1_142' title='bbox 2135 927 2564 990; x_wconf 85' lang='lat' dir='ltr'><strong>deambulabam,</strong></span> <span class='ocrx_word' id='word_1_143' title='bbox 2597 931 2898 992; x_wconf 62' lang='lat' dir='ltr'><strong>qumrentes</strong></span> <span class='ocrx_word' id='word_1_144' title='bbox 2942 933 3056 981; x_wconf 89' lang='lat' dir='ltr'><strong>eos,</strong></span> <span class='ocrx_word' id='word_1_145' title='bbox 3087 917 3416 971; x_wconf 88' lang='lat' dir='ltr'><strong>devenerunt</strong></span> <span class='ocrx_word' id='word_1_146' title='bbox 3454 928 3517 968; x_wconf 79' lang='grc' dir='ltr'><strong>ιη-</strong></span> 
     </span>
    </p>
   </div>
   <div class='ocr_carea' id='block_1_23' title="bbox 1931 1008 3510 1083">
    <p class='ocr_par' dir='ltr' id='par_1_23' title="bbox 1931 1008 3510 1083">
     <span class='ocr_line' id='line_1_23' title="bbox 1931 1008 3510 1083; baseline -0.011 -8"><span class='ocrx_word' id='word_1_147' title='bbox 1931 1021 2179 1074; x_wconf 90' lang='lat' dir='ltr'><strong>eumdem</strong></span> <span class='ocrx_word' id='word_1_148' title='bbox 2208 1019 2405 1083; x_wconf 91' lang='lat' dir='ltr'><strong>locum,</strong></span> <span class='ocrx_word' id='word_1_149' title='bbox 2439 1023 2494 1069; x_wconf 89' lang='lat' dir='ltr'><strong>et</strong></span> <span class='ocrx_word' id='word_1_150' title='bbox 2524 1012 2857 1068; x_wconf 83' lang='lat' dir='ltr'><strong>invenientes</strong></span> <span class='ocrx_word' id='word_1_151' title='bbox 2898 1008 3289 1062; x_wconf 90' lang='lat' dir='ltr'><strong>admonuerunt</strong></span> <span class='ocrx_word' id='word_1_152' title='bbox 3317 1014 3376 1058; x_wconf 92' lang='lat' dir='ltr'><strong>ut</strong></span> <span class='ocrx_word' id='word_1_153' title='bbox 3421 1019 3510 1058; x_wconf 90' lang='lat' dir='ltr'><strong>re-</strong></span> 
     </span>
    </p>
   </div>
   <div class='ocr_carea' id='block_1_24' title="bbox 1930 1096 3516 1179">
    <p class='ocr_par' dir='ltr' id='par_1_24' title="bbox 1930 1096 3516 1179">
     <span class='ocr_line' id='line_1_24' title="bbox 1930 1096 3516 1179; baseline -0.011 -13"><span class='ocrx_word' id='word_1_154' title='bbox 1930 1113 2128 1175; x_wconf 89' lang='lat' dir='ltr'><strong>dirent,</strong></span> <span class='ocrx_word' id='word_1_155' title='bbox 2161 1110 2407 1179; x_wconf 71' lang='lat' dir='ltr'><strong>quoniam</strong></span> <span class='ocrx_word' id='word_1_156' title='bbox 2441 1107 2760 1162; x_wconf 87' lang='lat' dir='ltr'><strong>declinasset</strong></span> <span class='ocrx_word' id='word_1_157' title='bbox 2793 1101 2930 1156; x_wconf 90' lang='lat' dir='ltr'><strong>dies.</strong></span> <span class='ocrx_word' id='word_1_158' title='bbox 2964 1101 3029 1154; x_wconf 84' lang='lat' dir='ltr'><strong>At</strong></span> <span class='ocrx_word' id='word_1_159' title='bbox 3051 1099 3121 1153; x_wconf 92' lang='lat' dir='ltr'><strong>illi</strong></span> <span class='ocrx_word' id='word_1_160' title='bbox 3154 1106 3369 1152; x_wconf 90' lang='lat' dir='ltr'><strong>narrato</strong></span> <span class='ocrx_word' id='word_1_161' title='bbox 3399 1096 3516 1164; x_wconf 89' lang='lat' dir='ltr'><strong>pla--</strong></span> 
     </span>
    </p>
   </div>
   <div class='ocr_carea' id='block_1_25' title="bbox 1931 1187 3508 1270">
    <p class='ocr_par' dir='ltr' id='par_1_25' title="bbox 1931 1187 3508 1270">
     <span class='ocr_line' id='line_1_25' title="bbox 1931 1187 3508 1270; baseline -0.012 -12"><span class='ocrx_word' id='word_1_162' title='bbox 1931 1205 2037 1258; x_wconf 88' lang='lat' dir='ltr'><strong>cito</strong></span> <span class='ocrx_word' id='word_1_163' title='bbox 2062 1213 2115 1257; x_wconf 91' lang='lat' dir='ltr'><strong>et</strong></span> <span class='ocrx_word' id='word_1_164' title='bbox 2146 1200 2418 1270; x_wconf 89' lang='lat' dir='ltr'><strong>proposito</strong></span> <span class='ocrx_word' id='word_1_165' title='bbox 2457 1212 2576 1264; x_wconf 84' lang='lat' dir='ltr'><strong>suo,</strong></span> <span class='ocrx_word' id='word_1_166' title='bbox 2602 1209 2815 1264; x_wconf 90' lang='lat' dir='ltr'><strong>quoquo</strong></span> <span class='ocrx_word' id='word_1_167' title='bbox 2861 1191 3020 1246; x_wconf 92' lang='lat' dir='ltr'><strong>modo</strong></span> <span class='ocrx_word' id='word_1_168' title='bbox 3067 1190 3117 1244; x_wconf 91' lang='lat' dir='ltr'><strong>in</strong></span> <span class='ocrx_word' id='word_1_169' title='bbox 3146 1189 3223 1242; x_wconf 89' lang='lat' dir='ltr'><strong>eis</strong></span> <span class='ocrx_word' id='word_1_170' title='bbox 3254 1187 3375 1241; x_wconf 89' lang='lat' dir='ltr'><strong>talis</strong></span> <span class='ocrx_word' id='word_1_171' title='bbox 3411 1200 3508 1240; x_wconf 89' lang='lat' dir='ltr'><strong>v0-</strong></span> 
     </span>
    </p>
   </div>
   <div class='ocr_carea' id='block_1_26' title="bbox 1933 1275 3523 1357">
    <p class='ocr_par' dir='ltr' id='par_1_26' title="bbox 1933 1275 3523 1357">
     <span class='ocr_line' id='line_1_26' title="bbox 1933 1275 3523 1357; baseline -0.009 -10"><span class='ocrx_word' id='word_1_172' title='bbox 1933 1294 2108 1347; x_wconf 89' lang='lat' dir='ltr'><strong>luntas</strong></span> <span class='ocrx_word' id='word_1_173' title='bbox 2136 1300 2253 1348; x_wconf 92' lang='lat' dir='ltr'><strong>orta</strong></span> <span class='ocrx_word' id='word_1_174' title='bbox 2285 1297 2426 1344; x_wconf 85' lang='lat' dir='ltr'><strong>esset</strong></span> <span class='ocrx_word' id='word_1_175' title='bbox 2447 1298 2604 1357; x_wconf 88' lang='lat' dir='ltr'><strong>atque</strong></span> <span class='ocrx_word' id='word_1_176' title='bbox 2628 1286 2835 1339; x_wconf 87' lang='lat' dir='ltr'><strong>firmata</strong></span> <span class='ocrx_word' id='word_1_177' title='bbox 2859 1324 2872 1348; x_wconf 91' lang='lat'><strong>,</strong></span> <span class='ocrx_word' id='word_1_178' title='bbox 2900 1283 3224 1351; x_wconf 87' lang='lat' dir='ltr'><strong>petiverunt,</strong></span> <span class='ocrx_word' id='word_1_179' title='bbox 3268 1275 3400 1350; x_wconf 78' lang='lat' dir='ltr'><strong>[LVI]</strong></span> <span class='ocrx_word' id='word_1_180' title='bbox 3441 1290 3523 1332; x_wconf 63' lang='lat' dir='ltr'><strong>ne</strong></span> 
     </span>
    </p>
   </div>
   <div class='ocr_carea' id='block_1_27' title="bbox 1932 1368 3512 1444">
    <p class='ocr_par' dir='ltr' id='par_1_27' title="bbox 1932 1368 3512 1444">
     <span class='ocr_line' id='line_1_27' title="bbox 1932 1368 3512 1444; baseline -0.01 -7"><span class='ocrx_word' id='word_1_181' title='bbox 1932 1384 2037 1438; x_wconf 89' lang='lat' dir='ltr'><strong>sibi</strong></span> <span class='ocrx_word' id='word_1_182' title='bbox 2070 1383 2278 1436; x_wconf 87' lang='lat' dir='ltr'><strong>molesti</strong></span> <span class='ocrx_word' id='word_1_183' title='bbox 2309 1389 2490 1434; x_wconf 87' lang='lat' dir='ltr'><strong>essent</strong></span> <span class='ocrx_word' id='word_1_184' title='bbox 2535 1379 2577 1432; x_wconf 91' lang='lat' dir='ltr'><strong>si</strong></span> <span class='ocrx_word' id='word_1_185' title='bbox 2609 1376 2822 1444; x_wconf 89' lang='lat' dir='ltr'><strong>adjungi</strong></span> <span class='ocrx_word' id='word_1_186' title='bbox 2854 1379 3182 1428; x_wconf 89' lang='lat' dir='ltr'><strong>recusarent.</strong></span> <span class='ocrx_word' id='word_1_187' title='bbox 3215 1368 3304 1423; x_wconf 91' lang='lat' dir='ltr'><strong>Isti</strong></span> <span class='ocrx_word' id='word_1_188' title='bbox 3335 1377 3512 1421; x_wconf 91' lang='lat' dir='ltr'><strong>autem</strong></span> 
     </span>
    </p>
   </div>
   <div class='ocr_carea' id='block_1_28' title="bbox 1934 1458 3512 1540">
    <p class='ocr_par' dir='ltr' id='par_1_28' title="bbox 1934 1458 3512 1540">
     <span class='ocr_line' id='line_1_28' title="bbox 1934 1458 3512 1540; baseline -0.011 -11"><span class='ocrx_word' id='word_1_189' title='bbox 1934 1475 2101 1529; x_wconf 85' lang='lat' dir='ltr'><strong>nihilo</strong></span> <span class='ocrx_word' id='word_1_190' title='bbox 2126 1473 2311 1527; x_wconf 89' lang='lat' dir='ltr'><strong>mutati</strong></span> <span class='ocrx_word' id='word_1_191' title='bbox 2339 1488 2367 1523; x_wconf 85' lang='lat' dir='ltr'><strong>a</strong></span> <span class='ocrx_word' id='word_1_192' title='bbox 2394 1469 2630 1540; x_wconf 83' lang='lat' dir='ltr'><strong>pristinis</strong></span> <span class='ocrx_word' id='word_1_193' title='bbox 2655 1508 2668 1529; x_wconf 91' lang='lat'><strong>,</strong></span> <span class='ocrx_word' id='word_1_194' title='bbox 2700 1468 2966 1520; x_wconf 85' lang='lat' dir='ltr'><strong>fleverunt</strong></span> <span class='ocrx_word' id='word_1_195' title='bbox 3009 1477 3069 1517; x_wconf 90' lang='lat' dir='ltr'><strong>se</strong></span> <span class='ocrx_word' id='word_1_196' title='bbox 3112 1470 3311 1526; x_wconf 89' lang='lat' dir='ltr'><strong>tamen,</strong></span> <span class='ocrx_word' id='word_1_197' title='bbox 3342 1468 3399 1513; x_wconf 91' lang='lat' dir='ltr'><strong>ut</strong></span> <span class='ocrx_word' id='word_1_198' title='bbox 3429 1458 3512 1512; x_wconf 89' lang='lat' dir='ltr'><strong>di-</strong></span> 
     </span>
    </p>
   </div>
   <div class='ocr_carea' id='block_1_29' title="bbox 1933 1555 3514 1632">
    <p class='ocr_par' dir='ltr' id='par_1_29' title="bbox 1933 1555 3514 1632">
     <span class='ocr_line' id='line_1_29' title="bbox 1933 1555 3514 1632; baseline -0.013 -11"><span class='ocrx_word' id='word_1_199' title='bbox 1933 1566 2107 1630; x_wconf 89' lang='lat' dir='ltr'><strong>ccbat,</strong></span> <span class='ocrx_word' id='word_1_200' title='bbox 2136 1572 2297 1632; x_wconf 85' lang='lat' dir='ltr'><strong>atque</strong></span> <span class='ocrx_word' id='word_1_201' title='bbox 2325 1563 2429 1616; x_wconf 85' lang='lat' dir='ltr'><strong>illis</strong></span> <span class='ocrx_word' id='word_1_202' title='bbox 2459 1559 2544 1630; x_wconf 90' lang='lat' dir='ltr'><strong>pie</strong></span> <span class='ocrx_word' id='word_1_203' title='bbox 2571 1555 2922 1624; x_wconf 85' lang='lat' dir='ltr'><strong>congratulati</strong></span> <span class='ocrx_word' id='word_1_204' title='bbox 2964 1561 3108 1618; x_wconf 85' lang='lat' dir='ltr'><strong>sunt,</strong></span> <span class='ocrx_word' id='word_1_205' title='bbox 3141 1559 3196 1607; x_wconf 89' lang='lat' dir='ltr'><strong>et</strong></span> <span class='ocrx_word' id='word_1_206' title='bbox 3242 1565 3514 1605; x_wconf 88' lang='lat' dir='ltr'><strong>commen-</strong></span> 
     </span>
    </p>
   </div>
   <div class='ocr_carea' id='block_1_30' title="bbox 1936 1642 3517 1724">
    <p class='ocr_par' dir='ltr' id='par_1_30' title="bbox 1936 1642 3517 1724">
     <span class='ocr_line' id='line_1_30' title="bbox 1936 1642 3517 1724; baseline -0.009 -10"><span class='ocrx_word' id='word_1_207' title='bbox 1936 1661 2197 1714; x_wconf 81' lang='lat' dir='ltr'><strong>daverunt</strong></span> <span class='ocrx_word' id='word_1_208' title='bbox 2225 1671 2284 1712; x_wconf 90' lang='lat' dir='ltr'><strong>se</strong></span> <span class='ocrx_word' id='word_1_209' title='bbox 2326 1653 2658 1709; x_wconf 90' lang='lat' dir='ltr'><strong>orationibus</strong></span> <span class='ocrx_word' id='word_1_210' title='bbox 2688 1663 2894 1713; x_wconf 89' lang='lat' dir='ltr'><strong>eorum,</strong></span> <span class='ocrx_word' id='word_1_211' title='bbox 2927 1656 2980 1701; x_wconf 90' lang='lat' dir='ltr'><strong>et</strong></span> <span class='ocrx_word' id='word_1_212' title='bbox 3022 1646 3296 1724; x_wconf 74' lang='lat' dir='ltr'><strong>trahentes</strong></span> <span class='ocrx_word' id='word_1_213' title='bbox 3343 1657 3435 1698; x_wconf 90' lang='lat' dir='ltr'><strong>cor</strong></span> <span class='ocrx_word' id='word_1_214' title='bbox 3462 1642 3517 1699; x_wconf 86' lang='lat' dir='ltr'><strong>in</strong></span> 
     </span>
    </p>
   </div>
   <div class='ocr_carea' id='block_1_31' title="bbox 1939 1737 3512 1815">
    <p class='ocr_par' dir='ltr' id='par_1_31' title="bbox 1939 1737 3512 1815">
     <span class='ocr_line' id='line_1_31' title="bbox 1939 1737 3512 1815; baseline -0.011 -9"><span class='ocrx_word' id='word_1_215' title='bbox 1939 1762 2103 1815; x_wconf 90' lang='lat' dir='ltr'><strong>terra,</strong></span> <span class='ocrx_word' id='word_1_216' title='bbox 2129 1750 2376 1804; x_wconf 88' lang='lat' dir='ltr'><strong>abierunt</strong></span> <span class='ocrx_word' id='word_1_217' title='bbox 2399 1746 2453 1800; x_wconf 91' lang='lat' dir='ltr'><strong>in</strong></span> <span class='ocrx_word' id='word_1_218' title='bbox 2487 1743 2760 1814; x_wconf 89' lang='lat' dir='ltr'><strong>palatium.</strong></span> <span class='ocrx_word' id='word_1_219' title='bbox 2786 1740 2863 1795; x_wconf 89' lang='lat' dir='ltr'><strong>illi</strong></span> <span class='ocrx_word' id='word_1_220' title='bbox 2894 1749 3070 1792; x_wconf 90' lang='lat' dir='ltr'><strong>autem</strong></span> <span class='ocrx_word' id='word_1_221' title='bbox 3099 1737 3377 1806; x_wconf 88' lang='lat' dir='ltr'><strong>alligentes</strong></span> <span class='ocrx_word' id='word_1_222' title='bbox 3415 1748 3512 1788; x_wconf 90' lang='lat' dir='ltr'><strong>cor-</strong></span> 
     </span>
    </p>
   </div>
   <div class='ocr_carea' id='block_1_32' title="bbox 248 1828 3517 1921">
    <p class='ocr_par' dir='ltr' id='par_1_32' title="bbox 248 1828 3517 1921">
     <span class='ocr_line' id='line_1_32' title="bbox 248 1828 3517 1921; baseline -0.008 -12"><span class='ocrx_word' id='word_1_223' title='bbox 248 1856 492 1910; x_wconf 87' lang='lat' dir='ltr'><strong>eamdem</strong></span> <span class='ocrx_word' id='word_1_224' title='bbox 544 1865 782 1907; x_wconf 90' lang='lat' dir='ltr'><strong>nostram</strong></span> <span class='ocrx_word' id='word_1_225' title='bbox 827 1828 1200 1921; x_wconf 71' lang='lat' dir='ltr'><strong>ignorantiam.</strong></span> <span class='ocrx_word' id='word_1_226' title='bbox 1250 1850 1606 1920; x_wconf 82' lang='lat' dir='ltr'><strong>Stupebamus</strong></span> <span class='ocrx_word' id='word_1_227' title='bbox 1651 1857 1830 1902; x_wconf 88' lang='lat' dir='ltr'><strong>autem</strong></span> <span class='ocrx_word' id='word_1_228' title='bbox 1860 1858 1906 1916; x_wconf 75' lang='grc' dir='ltr'><strong>Β</strong></span> <span class='ocrx_word' id='word_1_229' title='bbox 1937 1842 2097 1909; x_wconf 63' lang='lat' dir='ltr'><strong>caelo,</strong></span> <span class='ocrx_word' id='word_1_230' title='bbox 2121 1847 2430 1895; x_wconf 88' lang='lat' dir='ltr'><strong>manserunt</strong></span> <span class='ocrx_word' id='word_1_231' title='bbox 2450 1837 2500 1891; x_wconf 91' lang='lat' dir='ltr'><strong>in</strong></span> <span class='ocrx_word' id='word_1_232' title='bbox 2525 1849 2670 1890; x_wconf 86' lang='lat' dir='ltr'><strong>casa.</strong></span> <span class='ocrx_word' id='word_1_233' title='bbox 2697 1833 2761 1888; x_wconf 86' lang='lat' dir='ltr'><strong>Et</strong></span> <span class='ocrx_word' id='word_1_234' title='bbox 2785 1830 2944 1886; x_wconf 88' lang='lat' dir='ltr'><strong>ambo</strong></span> <span class='ocrx_word' id='word_1_235' title='bbox 2967 1828 3234 1882; x_wconf 88' lang='lat' dir='ltr'><strong>habebant</strong></span> <span class='ocrx_word' id='word_1_236' title='bbox 3262 1839 3517 1892; x_wconf 78' lang='lat' dir='ltr'><strong>sponsas.</strong></span> 
     </span>
    </p>
   </div>
   <div class='ocr_carea' id='block_1_33' title="bbox 252 1941 1831 2015">
    <p class='ocr_par' dir='ltr' id='par_1_33' title="bbox 252 1941 1831 2015">
     <span class='ocr_line' id='line_1_33' title="bbox 252 1941 1831 2015; baseline -0.005 -16"><span class='ocrx_word' id='word_1_237' title='bbox 252 1947 534 2015; x_wconf 83' lang='lat' dir='ltr'><strong>audientes</strong></span> <span class='ocrx_word' id='word_1_238' title='bbox 581 1956 687 1999; x_wconf 88' lang='lat' dir='ltr'><strong>tam</strong></span> <span class='ocrx_word' id='word_1_239' title='bbox 736 1943 938 1998; x_wconf 90' lang='lat' dir='ltr'><strong>recenti</strong></span> <span class='ocrx_word' id='word_1_240' title='bbox 989 1942 1266 2007; x_wconf 89' lang='lat' dir='ltr'><strong>memoria,</strong></span> <span class='ocrx_word' id='word_1_241' title='bbox 1317 1951 1372 1996; x_wconf 90' lang='lat' dir='ltr'><strong>et</strong></span> <span class='ocrx_word' id='word_1_242' title='bbox 1422 1956 1585 2011; x_wconf 87' lang='lat' dir='ltr'><strong>prope</strong></span> <span class='ocrx_word' id='word_1_243' title='bbox 1632 1941 1831 1994; x_wconf 87' lang='lat' dir='ltr'><strong>nostris</strong></span> 
     </span>
    </p>
   </div>
   <div class='ocr_carea' id='block_1_34' title="bbox 253 2033 1832 2104">
    <p class='ocr_par' dir='ltr' id='par_1_34' title="bbox 253 2033 1832 2104">
     <span class='ocr_line' id='line_1_34' title="bbox 253 2033 1832 2104; baseline -0.006 -11"><span class='ocrx_word' id='word_1_244' title='bbox 253 2040 585 2104; x_wconf 83' lang='lat' dir='ltr'><strong>temporibus</strong></span> <span class='ocrx_word' id='word_1_245' title='bbox 630 2033 982 2093; x_wconf 84' lang='lat' dir='ltr'><strong>testatissima</strong></span> <span class='ocrx_word' id='word_1_246' title='bbox 1031 2035 1296 2090; x_wconf 90' lang='lat' dir='ltr'><strong>mirabilia</strong></span> <span class='ocrx_word' id='word_1_247' title='bbox 1340 2043 1426 2088; x_wconf 90' lang='lat' dir='ltr'><strong>tua</strong></span> <span class='ocrx_word' id='word_1_248' title='bbox 1469 2033 1524 2088; x_wconf 90' lang='lat' dir='ltr'><strong>in</strong></span> <span class='ocrx_word' id='word_1_249' title='bbox 1558 2033 1659 2088; x_wconf 91' lang='lat' dir='ltr'><strong>lidc</strong></span> <span class='ocrx_word' id='word_1_250' title='bbox 1684 2042 1832 2092; x_wconf 88' lang='lat' dir='ltr'><strong>recta</strong></span> 
     </span>
    </p>
   </div>
   <div class='ocr_carea' id='block_1_35' title="bbox 249 2127 1833 2199">
    <p class='ocr_par' dir='ltr' id='par_1_35' title="bbox 249 2127 1833 2199">
     <span class='ocr_line' id='line_1_35' title="bbox 249 2127 1833 2199; baseline -0.003 -15"><span class='ocrx_word' id='word_1_251' title='bbox 249 2142 299 2199; x_wconf 87' lang='lat' dir='ltr'><strong>et</strong></span> <span class='ocrx_word' id='word_1_252' title='bbox 352 2131 614 2185; x_wconf 82' lang='lat' dir='ltr'><strong>catholica</strong></span> <span class='ocrx_word' id='word_1_253' title='bbox 670 2129 924 2186; x_wconf 86' lang='lat' dir='ltr'><strong>Ecclesia.</strong></span> <span class='ocrx_word' id='word_1_254' title='bbox 977 2127 1178 2182; x_wconf 82' lang='lat' dir='ltr'><strong>Omnes</strong></span> <span class='ocrx_word' id='word_1_255' title='bbox 1225 2127 1582 2189; x_wconf 88' lang='lat' dir='ltr'><strong>mirabamur;</strong></span> <span class='ocrx_word' id='word_1_256' title='bbox 1631 2135 1688 2181; x_wconf 90' lang='lat' dir='ltr'><strong>et</strong></span> <span class='ocrx_word' id='word_1_257' title='bbox 1733 2138 1833 2180; x_wconf 88' lang='lat' dir='ltr'><strong>nos</strong></span> 
     </span>
    </p>
   </div>
   <div class='ocr_carea' id='block_1_36' title="bbox 250 2216 1826 2290">
    <p class='ocr_par' dir='ltr' id='par_1_36' title="bbox 250 2216 1826 2290">
     <span class='ocr_line' id='line_1_36' title="bbox 250 2216 1826 2290; baseline -0.001 -17"><span class='ocrx_word' id='word_1_258' title='bbox 250 2223 365 2288; x_wconf 85' lang='lat' dir='ltr'><strong>quia</strong></span> <span class='ocrx_word' id='word_1_259' title='bbox 385 2233 492 2274; x_wconf 91' lang='lat' dir='ltr'><strong>tam</strong></span> <span class='ocrx_word' id='word_1_260' title='bbox 509 2236 703 2290; x_wconf 89' lang='lat' dir='ltr'><strong>magna</strong></span> <span class='ocrx_word' id='word_1_261' title='bbox 718 2230 891 2286; x_wconf 90' lang='lat' dir='ltr'><strong>erant,</strong></span> <span class='ocrx_word' id='word_1_262' title='bbox 915 2229 967 2282; x_wconf 85' lang='lat' dir='ltr'><strong>et</strong></span> <span class='ocrx_word' id='word_1_263' title='bbox 986 2220 1074 2274; x_wconf 90' lang='lat' dir='ltr'><strong>ille</strong></span> <span class='ocrx_word' id='word_1_264' title='bbox 1093 2218 1214 2288; x_wconf 89' lang='lat' dir='ltr'><strong>quia</strong></span> <span class='ocrx_word' id='word_1_265' title='bbox 1234 2219 1473 2272; x_wconf 89' lang='lat' dir='ltr'><strong>inaudita</strong></span> <span class='ocrx_word' id='word_1_266' title='bbox 1491 2216 1643 2272; x_wconf 90' lang='lat' dir='ltr'><strong>nobis</strong></span> <span class='ocrx_word' id='word_1_267' title='bbox 1656 2226 1826 2272; x_wconf 89' lang='lat' dir='ltr'><strong>erant.</strong></span> 
     </span>
    </p>
   </div>
   <div class='ocr_carea' id='block_1_37' title="bbox 326 2311 1833 2384">
    <p class='ocr_par' dir='ltr' id='par_1_37' title="bbox 326 2311 1833 2384">
     <span class='ocr_line' id='line_1_37' title="bbox 326 2311 1833 2384; baseline 0 -20"><span class='ocrx_word' id='word_1_268' title='bbox 326 2331 342 2364; x_wconf 79' lang='grc' dir='ltr'>ι</span> <span class='ocrx_word' id='word_1_269' title='bbox 381 2314 511 2367; x_wconf 89' lang='lat' dir='ltr'><strong>Inde</strong></span> <span class='ocrx_word' id='word_1_270' title='bbox 535 2327 720 2368; x_wconf 89' lang='lat' dir='ltr'><strong>sermo</strong></span> <span class='ocrx_word' id='word_1_271' title='bbox 749 2313 866 2384; x_wconf 86' lang='lat' dir='ltr'><strong>ejus</strong></span> <span class='ocrx_word' id='word_1_272' title='bbox 904 2311 1185 2370; x_wconf 86' lang='lat' dir='ltr'><strong>devolutus</strong></span> <span class='ocrx_word' id='word_1_273' title='bbox 1232 2320 1314 2365; x_wconf 90' lang='lat' dir='ltr'><strong>est</strong></span> <span class='ocrx_word' id='word_1_274' title='bbox 1364 2311 1430 2364; x_wconf 90' lang='lat' dir='ltr'><strong>ad</strong></span> <span class='ocrx_word' id='word_1_275' title='bbox 1479 2311 1833 2365; x_wconf 87' lang='lat' dir='ltr'><strong>monasterio-</strong></span> 
     </span>
    </p>
   </div>
   <div class='ocr_carea' id='block_1_38' title="bbox 256 2387 1838 2472">
    <p class='ocr_par' dir='ltr' id='par_1_38' title="bbox 256 2387 1838 2472">
     <span class='ocr_line' id='line_1_38' title="bbox 256 2387 1838 2472; baseline 0.001 -16"><span class='ocrx_word' id='word_1_276' title='bbox 256 2418 367 2456; x_wconf 89' lang='lat' dir='ltr'><strong>rum</strong></span> <span class='ocrx_word' id='word_1_277' title='bbox 396 2418 590 2472; x_wconf 81' lang='lat' dir='ltr'><strong>greges</strong></span> <span class='ocrx_word' id='word_1_278' title='bbox 620 2413 674 2457; x_wconf 91' lang='lat' dir='ltr'><strong>et</strong></span> <span class='ocrx_word' id='word_1_279' title='bbox 703 2387 881 2458; x_wconf 86' lang='lat' dir='ltr'><strong>mores</strong></span> <span class='ocrx_word' id='word_1_280' title='bbox 912 2403 1294 2461; x_wconf 74' lang='lat' dir='ltr'><strong>suaveolentia:</strong></span> <span class='ocrx_word' id='word_1_281' title='bbox 1324 2409 1448 2467; x_wconf 73' lang='lat' dir='ltr'><strong>tuas,</strong></span> <span class='ocrx_word' id='word_1_282' title='bbox 1479 2411 1534 2456; x_wconf 91' lang='lat' dir='ltr'><strong>et</strong></span> <span class='ocrx_word' id='word_1_283' title='bbox 1554 2402 1716 2456; x_wconf 82' lang='lat' dir='ltr'><strong>ubera</strong></span> <span class='ocrx_word' id='word_1_284' title='bbox 1747 2403 1838 2457; x_wconf 88' lang='lat' dir='ltr'><strong>de-</strong></span> 
     </span>
    </p>
   </div>
   <div class='ocr_carea' id='block_1_39' title="bbox 252 2482 1836 2566">
    <p class='ocr_par' dir='ltr' id='par_1_39' title="bbox 252 2482 1836 2566">
     <span class='ocr_line' id='line_1_39' title="bbox 252 2482 1836 2566; baseline -0.001 -17"><span class='ocrx_word' id='word_1_285' title='bbox 252 2507 386 2566; x_wconf 85' lang='lat' dir='ltr'><strong>serta</strong></span> <span class='ocrx_word' id='word_1_286' title='bbox 418 2482 625 2561; x_wconf 86' lang='lat' dir='ltr'><strong>eremi,</strong></span> <span class='ocrx_word' id='word_1_287' title='bbox 659 2509 887 2564; x_wconf 88' lang='lat' dir='ltr'><strong>quOrum</strong></span> <span class='ocrx_word' id='word_1_288' title='bbox 929 2510 1026 2549; x_wconf 90' lang='lat' dir='ltr'><strong>nos</strong></span> <span class='ocrx_word' id='word_1_289' title='bbox 1077 2493 1208 2556; x_wconf 87' lang='lat' dir='ltr'><strong>nihil</strong></span> <span class='ocrx_word' id='word_1_290' title='bbox 1257 2494 1579 2548; x_wconf 84' lang='lat' dir='ltr'><strong>sciebamus.</strong></span> <span class='ocrx_word' id='word_1_291' title='bbox 1609 2494 1675 2547; x_wconf 87' lang='lat' dir='ltr'><strong>Et</strong></span> <span class='ocrx_word' id='word_1_292' title='bbox 1721 2501 1836 2549; x_wconf 91' lang='lat' dir='ltr'><strong>erat</strong></span> 
     </span>
    </p>
   </div>
   <div class='ocr_carea' id='block_1_40' title="bbox 256 2585 1836 2654">
    <p class='ocr_par' dir='ltr' id='par_1_40' title="bbox 256 2585 1836 2654">
     <span class='ocr_line' id='line_1_40' title="bbox 256 2585 1836 2654; baseline 0.001 -16"><span class='ocrx_word' id='word_1_293' title='bbox 256 2589 635 2642; x_wconf 86' lang='lat' dir='ltr'><strong>monasterium</strong></span> <span class='ocrx_word' id='word_1_294' title='bbox 668 2587 950 2641; x_wconf 80' lang='lat' dir='ltr'><strong>Mediolani</strong></span> <span class='ocrx_word' id='word_1_295' title='bbox 983 2587 1198 2654; x_wconf 91' lang='lat' dir='ltr'><strong>plenum</strong></span> <span class='ocrx_word' id='word_1_296' title='bbox 1227 2586 1378 2641; x_wconf 86' lang='lat' dir='ltr'><strong>bonis</strong></span> <span class='ocrx_word' id='word_1_297' title='bbox 1402 2585 1657 2646; x_wconf 73' lang='lat' dir='ltr'><strong>fratribus</strong></span> <span class='ocrx_word' id='word_1_298' title='bbox 1683 2594 1836 2640; x_wconf 89' lang='lat' dir='ltr'><strong>extra</strong></span> 
     </span>
    </p>
   </div>
   <div class='ocr_carea' id='block_1_41' title="bbox 260 2678 1839 2741">
    <p class='ocr_par' dir='ltr' id='par_1_41' title="bbox 260 2678 1839 2741">
     <span class='ocr_line' id='line_1_41' title="bbox 260 2678 1839 2741; baseline 0.001 -11"><span class='ocrx_word' id='word_1_299' title='bbox 260 2680 400 2733; x_wconf 88' lang='lat' dir='ltr'><strong>urbis</strong></span> <span class='ocrx_word' id='word_1_300' title='bbox 427 2680 628 2734; x_wconf 66' lang='lat' dir='ltr'><strong>muenia</strong></span> <span class='ocrx_word' id='word_1_301' title='bbox 656 2679 758 2733; x_wconf 89' lang='lat' dir='ltr'><strong>sub</strong></span> <span class='ocrx_word' id='word_1_302' title='bbox 782 2678 1066 2741; x_wconf 86' lang='lat' dir='ltr'><strong>Ambrosio</strong></span> <span class='ocrx_word' id='word_1_303' title='bbox 1115 2678 1397 2740; x_wconf 86' lang='lat' dir='ltr'><strong>nutritore,</strong></span> <span class='ocrx_word' id='word_1_304' title='bbox 1436 2687 1491 2732; x_wconf 88' lang='lat' dir='ltr'><strong>et</strong></span> <span class='ocrx_word' id='word_1_305' title='bbox 1538 2691 1644 2731; x_wconf 88' lang='lat' dir='ltr'><strong>non</strong></span> <span class='ocrx_word' id='word_1_306' title='bbox 1675 2691 1839 2732; x_wconf 80' lang='lat' dir='ltr'><strong>nove-</strong></span> 
     </span>
    </p>
   </div>
   <div class='ocr_carea' id='block_1_42' title="bbox 262 2768 1838 2842">
    <p class='ocr_par' dir='ltr' id='par_1_42' title="bbox 262 2768 1838 2842">
     <span class='ocr_line' id='line_1_42' title="bbox 262 2768 1838 2842; baseline -0.001 -18"><span class='ocrx_word' id='word_1_307' title='bbox 262 2786 455 2824; x_wconf 80' lang='lat' dir='ltr'><strong>ramus.</strong></span> <span class='ocrx_word' id='word_1_308' title='bbox 492 2769 984 2836; x_wconf 84' lang='lat' dir='ltr'><strong>Pertendebatille,</strong></span> <span class='ocrx_word' id='word_1_309' title='bbox 1017 2778 1072 2825; x_wconf 90' lang='lat' dir='ltr'><strong>et</strong></span> <span class='ocrx_word' id='word_1_310' title='bbox 1098 2769 1412 2842; x_wconf 87' lang='lat' dir='ltr'><strong>loquebatur</strong></span> <span class='ocrx_word' id='word_1_311' title='bbox 1443 2768 1636 2836; x_wconf 83' lang='lat' dir='ltr'><strong>adhuc,</strong></span> <span class='ocrx_word' id='word_1_312' title='bbox 1666 2777 1720 2824; x_wconf 91' lang='lat' dir='ltr'><strong>et</strong></span> <span class='ocrx_word' id='word_1_313' title='bbox 1742 2782 1838 2825; x_wconf 90' lang='lat' dir='ltr'><strong>nos</strong></span> 
     </span>
    </p>
   </div>
   <div class='ocr_carea' id='block_1_43' title="bbox 258 2861 804 2916">
    <p class='ocr_par' dir='ltr' id='par_1_43' title="bbox 258 2861 804 2916">
     <span class='ocr_line' id='line_1_43' title="bbox 258 2861 804 2916; baseline -0.002 0"><span class='ocrx_word' id='word_1_314' title='bbox 258 2861 440 2916; x_wconf 88' lang='lat' dir='ltr'><strong>intenti</strong></span> <span class='ocrx_word' id='word_1_315' title='bbox 476 2863 804 2916; x_wconf 89' lang='lat' dir='ltr'><strong>tacebamus.</strong></span> 
     </span>
    </p>
   </div>
   <div class='ocr_carea' id='block_1_44' title="bbox 331 2949 1838 3022">
    <p class='ocr_par' dir='ltr' id='par_1_44' title="bbox 331 2949 1838 3022">
     <span class='ocr_line' id='line_1_44' title="bbox 331 2949 1838 3022; baseline 0 -18"><span class='ocrx_word' id='word_1_316' title='bbox 331 2973 348 3004; x_wconf 74' lang='grc' dir='ltr'>ι</span> <span class='ocrx_word' id='word_1_317' title='bbox 390 2951 546 3008; x_wconf 84' lang='lat' dir='ltr'><strong>Unde</strong></span> <span class='ocrx_word' id='word_1_318' title='bbox 576 2953 762 3006; x_wconf 85' lang='lat' dir='ltr'><strong>incidit</strong></span> <span class='ocrx_word' id='word_1_319' title='bbox 785 2961 841 3005; x_wconf 93' lang='lat' dir='ltr'><strong>ut</strong></span> <span class='ocrx_word' id='word_1_320' title='bbox 869 2951 1090 3019; x_wconf 75' lang='lat' dir='ltr'><strong>diceret,</strong></span> <span class='ocrx_word' id='word_1_321' title='bbox 1117 2950 1297 3005; x_wconf 91' lang='lat' dir='ltr'><strong>nescio</strong></span> <span class='ocrx_word' id='word_1_322' title='bbox 1323 2949 1537 3022; x_wconf 90' lang='lat' dir='ltr'><strong>quando</strong></span> <span class='ocrx_word' id='word_1_323' title='bbox 1563 2965 1621 3006; x_wconf 90' lang='lat' dir='ltr'><strong>se</strong></span> <span class='ocrx_word' id='word_1_324' title='bbox 1649 2959 1704 3005; x_wconf 93' lang='lat' dir='ltr'><strong>et</strong></span> <span class='ocrx_word' id='word_1_325' title='bbox 1731 2959 1838 3006; x_wconf 87' lang='lat' dir='ltr'><strong>tres</strong></span> 
     </span>
    </p>
   </div>
   <div class='ocr_carea' id='block_1_45' title="bbox 257 3042 1838 3112">
    <p class='ocr_par' dir='ltr' id='par_1_45' title="bbox 257 3042 1838 3112">
     <span class='ocr_line' id='line_1_45' title="bbox 257 3042 1838 3112; baseline -0.001 -14"><span class='ocrx_word' id='word_1_326' title='bbox 257 3047 390 3100; x_wconf 85' lang='lat' dir='ltr'><strong>alios</strong></span> <span class='ocrx_word' id='word_1_327' title='bbox 433 3045 851 3100; x_wconf 61' lang='lat' dir='ltr'><strong>contubernales</strong></span> <span class='ocrx_word' id='word_1_328' title='bbox 894 3060 1050 3108; x_wconf 89' lang='lat' dir='ltr'><strong>suos,</strong></span> <span class='ocrx_word' id='word_1_329' title='bbox 1103 3043 1353 3097; x_wconf 90' lang='lat' dir='ltr'><strong>nimirum</strong></span> <span class='ocrx_word' id='word_1_330' title='bbox 1405 3043 1544 3112; x_wconf 87' lang='lat' dir='ltr'><strong>apud</strong></span> <span class='ocrx_word' id='word_1_331' title='bbox 1583 3042 1838 3097; x_wconf 79' lang='lat' dir='ltr'><strong>Treviros</strong></span> 
     </span>
    </p>
   </div>
   <div class='ocr_carea' id='block_1_46' title="bbox 255 3136 1840 3208">
    <p class='ocr_par' dir='ltr' id='par_1_46' title="bbox 255 3136 1840 3208">
     <span class='ocr_line' id='line_1_46' title="bbox 255 3136 1840 3208; baseline -0.001 -16"><span class='ocrx_word' id='word_1_332' title='bbox 255 3155 372 3192; x_wconf 86' lang='lat' dir='ltr'><strong>cum</strong></span> <span class='ocrx_word' id='word_1_333' title='bbox 404 3140 704 3208; x_wconf 86' lang='lat' dir='ltr'><strong>imperator</strong></span> <span class='ocrx_word' id='word_1_334' title='bbox 746 3137 1116 3208; x_wconf 89' lang='lat' dir='ltr'><strong>pomeridiano</strong></span> <span class='ocrx_word' id='word_1_335' title='bbox 1146 3136 1484 3191; x_wconf 75' lang='lat' dir='ltr'><strong>circensium</strong></span> <span class='ocrx_word' id='word_1_336' title='bbox 1533 3136 1840 3205; x_wconf 90' lang='lat' dir='ltr'><strong>spectaculo</strong></span> 
     </span>
    </p>
   </div>
   <div class='ocr_carea' id='block_1_47' title="bbox 1934 1920 3518 2005">
    <p class='ocr_par' dir='ltr' id='par_1_47' title="bbox 1934 1920 3518 2005">
     <span class='ocr_line' id='line_1_47' title="bbox 1934 1920 3518 2005; baseline -0.011 -13"><span class='ocrx_word' id='word_1_337' title='bbox 1934 1939 2063 2005; x_wconf 67' lang='lat' dir='ltr'><strong>Quae</strong></span> <span class='ocrx_word' id='word_1_338' title='bbox 2095 1944 2440 2005; x_wconf 87' lang='lat' dir='ltr'><strong>posteaquam</strong></span> <span class='ocrx_word' id='word_1_339' title='bbox 2490 1930 2591 1984; x_wconf 91' lang='lat' dir='ltr'><strong>hoc</strong></span> <span class='ocrx_word' id='word_1_340' title='bbox 2637 1928 2951 1988; x_wconf 88' lang='lat' dir='ltr'><strong>audierunt,</strong></span> <span class='ocrx_word' id='word_1_341' title='bbox 2983 1923 3295 1977; x_wconf 83' lang='lat' dir='ltr'><strong>dicaverunt</strong></span> <span class='ocrx_word' id='word_1_342' title='bbox 3358 1920 3518 1974; x_wconf 90' lang='lat' dir='ltr'><strong>etiam</strong></span> 
     </span>
    </p>
   </div>
   <div class='ocr_carea' id='block_1_48' title="bbox 1937 2012 3520 2096">
    <p class='ocr_par' dir='ltr' id='par_1_48' title="bbox 1937 2012 3520 2096">
     <span class='ocr_line' id='line_1_48' title="bbox 1937 2012 3520 2096; baseline -0.011 -13"><span class='ocrx_word' id='word_1_343' title='bbox 1937 2031 2066 2096; x_wconf 73' lang='lat' dir='ltr'><strong>ipsa:</strong></span> <span class='ocrx_word' id='word_1_344' title='bbox 2125 2026 2484 2094; x_wconf 79' lang='lat' dir='ltr'><strong>virginitatem</strong></span> <span class='ocrx_word' id='word_1_345' title='bbox 2543 2020 2659 2076; x_wconf 90' lang='lat' dir='ltr'><strong>tibi.</strong></span> <span class='ocrx_word' id='word_1_346' title='bbox 2722 2016 2985 2072; x_wconf 83' lang='lat' dir='ltr'><strong>Narrabat</strong></span> <span class='ocrx_word' id='word_1_347' title='bbox 3033 2016 3151 2069; x_wconf 66' lang='lat' dir='ltr'><strong>itaac</strong></span> <span class='ocrx_word' id='word_1_348' title='bbox 3226 2012 3520 2066; x_wconf 81' lang='lat' dir='ltr'><strong>Politianus</strong></span> 
     </span>
    </p>
   </div>
   <div class='ocr_carea' id='block_1_49' title="bbox 1937 2103 3192 2193">
    <p class='ocr_par' dir='ltr' id='par_1_49' title="bbox 1937 2103 3192 2193">
     <span class='ocr_line' id='line_1_49' title="bbox 1937 2103 3192 2193; baseline -0.018 -17"><span class='ocrx_word' id='word_1_349' title='bbox 1937 2120 2025 2192; x_wconf 88' lang='lat' dir='ltr'><strong>(S.</strong></span> <span class='ocrx_word' id='word_1_350' title='bbox 2050 2121 2289 2188; x_wconf 82' lang='lat' dir='ltr'><strong>August.,</strong></span> <span class='ocrx_word' id='word_1_351' title='bbox 2321 2114 2418 2168; x_wconf 81' lang='lat' dir='ltr'><strong>lib.</strong></span> <span class='ocrx_word' id='word_1_352' title='bbox 2441 2128 2538 2167; x_wconf 78' lang='lat' dir='ltr'><strong>vni</strong></span> <span class='ocrx_word' id='word_1_353' title='bbox 2565 2110 2821 2180; x_wconf 58' lang='grc' dir='ltr'><strong>συντίθει,</strong></span> <span class='ocrx_word' id='word_1_354' title='bbox 2847 2122 2966 2174; x_wconf 90' lang='lat' dir='ltr'><strong>cap.</strong></span> <span class='ocrx_word' id='word_1_355' title='bbox 3007 2103 3086 2173; x_wconf 77' lang='lat'><strong>6).</strong></span> <span class='ocrx_word' id='word_1_356' title='bbox 3126 2122 3145 2155; x_wconf 76' lang='grc' dir='ltr'><strong><em>ι</em></strong></span> <span class='ocrx_word' id='word_1_357' title='bbox 3185 2187 3192 2193; x_wconf 33' lang='grc'><em>,</em></span> 
     </span>
    </p>
   </div>
   <div class='ocr_carea' id='block_1_50' title="bbox 2007 2213 3520 2304">
    <p class='ocr_par' dir='ltr' id='par_1_50' title="bbox 2007 2213 3520 2304">
     <span class='ocr_line' id='line_1_50' title="bbox 2007 2213 3520 2304; baseline -0.016 -14"><span class='ocrx_word' id='word_1_358' title='bbox 2007 2237 2138 2304; x_wconf 64' lang='lat' dir='ltr'><strong>Qua:</strong></span> <span class='ocrx_word' id='word_1_359' title='bbox 2171 2233 2384 2304; x_wconf 89' lang='lat' dir='ltr'><strong>quidem</strong></span> <span class='ocrx_word' id='word_1_360' title='bbox 2412 2232 2568 2286; x_wconf 91' lang='lat' dir='ltr'><strong>lectio</strong></span> <span class='ocrx_word' id='word_1_361' title='bbox 2601 2229 2676 2283; x_wconf 93' lang='lat' dir='ltr'><strong>uti</strong></span> <span class='ocrx_word' id='word_1_362' title='bbox 2709 2225 3002 2296; x_wconf 83' lang='lat' dir='ltr'><strong>Agentihus</strong></span> <span class='ocrx_word' id='word_1_363' title='bbox 3028 2223 3079 2276; x_wconf 91' lang='lat' dir='ltr'><strong>in</strong></span> <span class='ocrx_word' id='word_1_364' title='bbox 3112 2219 3271 2275; x_wconf 88' lang='lat' dir='ltr'><strong>rebus</strong></span> <span class='ocrx_word' id='word_1_365' title='bbox 3301 2213 3520 2286; x_wconf 88' lang='lat' dir='ltr'><strong>profuit,</strong></span> 
     </span>
    </p>
   </div>
   <div class='ocr_carea' id='block_1_51' title="bbox 1939 2309 3522 2395">
    <p class='ocr_par' dir='ltr' id='par_1_51' title="bbox 1939 2309 3522 2395">
     <span class='ocr_line' id='line_1_51' title="bbox 1939 2309 3522 2395; baseline -0.015 -12"><span class='ocrx_word' id='word_1_366' title='bbox 1939 2330 2012 2384; x_wconf 92' lang='lat' dir='ltr'><strong>ita</strong></span> <span class='ocrx_word' id='word_1_367' title='bbox 2040 2329 2154 2382; x_wconf 74' lang='lat' dir='ltr'><strong>hanc</strong></span> <span class='ocrx_word' id='word_1_368' title='bbox 2177 2327 2400 2395; x_wconf 89' lang='lat' dir='ltr'><strong>repetita</strong></span> <span class='ocrx_word' id='word_1_369' title='bbox 2435 2323 2670 2377; x_wconf 80' lang='lat' dir='ltr'><strong>narratio</strong></span> <span class='ocrx_word' id='word_1_370' title='bbox 2710 2316 2994 2388; x_wconf 84' lang='lat' dir='ltr'><strong>Augustini</strong></span> <span class='ocrx_word' id='word_1_371' title='bbox 3038 2313 3272 2368; x_wconf 90' lang='lat' dir='ltr'><strong>animum</strong></span> <span class='ocrx_word' id='word_1_372' title='bbox 3303 2309 3368 2362; x_wconf 91' lang='lat' dir='ltr'><strong>ad</strong></span> <span class='ocrx_word' id='word_1_373' title='bbox 3406 2322 3522 2361; x_wconf 90' lang='lat' dir='ltr'><strong>me-</strong></span> 
     </span>
    </p>
   </div>
   <div class='ocr_carea' id='block_1_52' title="bbox 1941 2401 3521 2483">
    <p class='ocr_par' dir='ltr' id='par_1_52' title="bbox 1941 2401 3521 2483">
     <span class='ocr_line' id='line_1_52' title="bbox 1941 2401 3521 2483; baseline -0.015 -8"><span class='ocrx_word' id='word_1_374' title='bbox 1941 2422 2068 2475; x_wconf 91' lang='lat' dir='ltr'><strong>liora</strong></span> <span class='ocrx_word' id='word_1_375' title='bbox 2101 2417 2415 2483; x_wconf 81' lang='lat' dir='ltr'><strong>stimulavit,</strong></span> <span class='ocrx_word' id='word_1_376' title='bbox 2448 2414 2628 2468; x_wconf 86' lang='lat' dir='ltr'><strong>subdit</strong></span> <span class='ocrx_word' id='word_1_377' title='bbox 2658 2413 2798 2467; x_wconf 90' lang='lat' dir='ltr'><strong>enim</strong></span> <span class='ocrx_word' id='word_1_378' title='bbox 2832 2427 2844 2462; x_wconf 93' lang='lat'><strong>:</strong></span> <span class='ocrx_word' id='word_1_379' title='bbox 2882 2426 2900 2460; x_wconf 76' lang='grc' dir='ltr'>ι</span> <span class='ocrx_word' id='word_1_380' title='bbox 2939 2407 3015 2461; x_wconf 87' lang='lat' dir='ltr'><strong>Tu</strong></span> <span class='ocrx_word' id='word_1_381' title='bbox 3055 2414 3255 2469; x_wconf 88' lang='lat' dir='ltr'><strong>autem,</strong></span> <span class='ocrx_word' id='word_1_382' title='bbox 3275 2401 3521 2462; x_wconf 83' lang='lat' dir='ltr'><strong>Domine,</strong></span> 
     </span>
    </p>
   </div>
   <div class='ocr_carea' id='block_1_53' title="bbox 1940 2489 3524 2578">
    <p class='ocr_par' dir='ltr' id='par_1_53' title="bbox 1940 2489 3524 2578">
     <span class='ocr_line' id='line_1_53' title="bbox 1940 2489 3524 2578; baseline -0.015 -12"><span class='ocrx_word' id='word_1_383' title='bbox 1940 2511 2080 2566; x_wconf 90' lang='lat' dir='ltr'><strong>inter</strong></span> <span class='ocrx_word' id='word_1_384' title='bbox 2103 2510 2262 2565; x_wconf 89' lang='lat' dir='ltr'><strong>verba</strong></span> <span class='ocrx_word' id='word_1_385' title='bbox 2293 2507 2410 2578; x_wconf 86' lang='lat' dir='ltr'><strong>ejus</strong></span> <span class='ocrx_word' id='word_1_386' title='bbox 2437 2503 2785 2575; x_wconf 87' lang='lat' dir='ltr'><strong>retorquehas</strong></span> <span class='ocrx_word' id='word_1_387' title='bbox 2827 2515 2912 2559; x_wconf 90' lang='lat' dir='ltr'><strong>me</strong></span> <span class='ocrx_word' id='word_1_388' title='bbox 2949 2499 3013 2552; x_wconf 90' lang='lat' dir='ltr'><strong>ad</strong></span> <span class='ocrx_word' id='word_1_389' title='bbox 3057 2496 3343 2562; x_wconf 90' lang='lat' dir='ltr'><strong>meipsum,</strong></span> <span class='ocrx_word' id='word_1_390' title='bbox 3375 2489 3524 2544; x_wconf 84' lang='lat' dir='ltr'><strong>aufe-</strong></span> 
     </span>
    </p>
   </div>
   <div class='ocr_carea' id='block_1_54' title="bbox 1941 2583 3523 2660">
    <p class='ocr_par' dir='ltr' id='par_1_54' title="bbox 1941 2583 3523 2660">
     <span class='ocr_line' id='line_1_54' title="bbox 1941 2583 3523 2660; baseline -0.013 -4"><span class='ocrx_word' id='word_1_391' title='bbox 1941 2615 2063 2655; x_wconf 90' lang='lat' dir='ltr'><strong>rens</strong></span> <span class='ocrx_word' id='word_1_392' title='bbox 2091 2616 2176 2654; x_wconf 89' lang='lat' dir='ltr'><strong>me</strong></span> <span class='ocrx_word' id='word_1_393' title='bbox 2212 2614 2244 2652; x_wconf 87' lang='lat' dir='ltr'><strong>a</strong></span> <span class='ocrx_word' id='word_1_394' title='bbox 2271 2599 2433 2652; x_wconf 88' lang='lat' dir='ltr'><strong>dorso</strong></span> <span class='ocrx_word' id='word_1_395' title='bbox 2456 2611 2577 2651; x_wconf 92' lang='lat' dir='ltr'><strong>meo</strong></span> <span class='ocrx_word' id='word_1_396' title='bbox 2607 2594 2697 2650; x_wconf 89' lang='lat' dir='ltr'><strong>ubi</strong></span> <span class='ocrx_word' id='word_1_397' title='bbox 2725 2608 2809 2646; x_wconf 93' lang='lat' dir='ltr'><strong>me</strong></span> <span class='ocrx_word' id='word_1_398' title='bbox 2839 2604 3142 2660; x_wconf 87' lang='lat' dir='ltr'><strong>posueram,</strong></span> <span class='ocrx_word' id='word_1_399' title='bbox 3177 2586 3302 2640; x_wconf 89' lang='lat' dir='ltr'><strong>dum</strong></span> <span class='ocrx_word' id='word_1_400' title='bbox 3326 2583 3523 2638; x_wconf 88' lang='lat' dir='ltr'><strong>nollem</strong></span> 
     </span>
    </p>
   </div>
   <div class='ocr_carea' id='block_1_55' title="bbox 1941 2676 3524 2753">
    <p class='ocr_par' dir='ltr' id='par_1_55' title="bbox 1941 2676 3524 2753">
     <span class='ocr_line' id='line_1_55' title="bbox 1941 2676 3524 2753; baseline -0.013 -9"><span class='ocrx_word' id='word_1_401' title='bbox 1941 2706 2027 2744; x_wconf 89' lang='lat' dir='ltr'><strong>me</strong></span> <span class='ocrx_word' id='word_1_402' title='bbox 2053 2688 2348 2753; x_wconf 85' lang='lat' dir='ltr'><strong>attendere,</strong></span> <span class='ocrx_word' id='word_1_403' title='bbox 2380 2696 2436 2742; x_wconf 88' lang='lat' dir='ltr'><strong>et</strong></span> <span class='ocrx_word' id='word_1_404' title='bbox 2464 2683 2828 2740; x_wconf 90' lang='lat' dir='ltr'><strong>constituebas</strong></span> <span class='ocrx_word' id='word_1_405' title='bbox 2848 2697 2933 2734; x_wconf 91' lang='lat' dir='ltr'><strong>me</strong></span> <span class='ocrx_word' id='word_1_406' title='bbox 2958 2686 3082 2738; x_wconf 85' lang='lat' dir='ltr'><strong>ante</strong></span> <span class='ocrx_word' id='word_1_407' title='bbox 3114 2676 3300 2735; x_wconf 81' lang='lat' dir='ltr'><strong>faciem</strong></span> <span class='ocrx_word' id='word_1_408' title='bbox 3327 2687 3524 2736; x_wconf 87' lang='lat' dir='ltr'><strong>meam,</strong></span> 
     </span>
    </p>
   </div>
   <div class='ocr_carea' id='block_1_56' title="bbox 1941 2765 3526 2848">
    <p class='ocr_par' dir='ltr' id='par_1_56' title="bbox 1941 2765 3526 2848">
     <span class='ocr_line' id='line_1_56' title="bbox 1941 2765 3526 2848; baseline -0.012 -14"><span class='ocrx_word' id='word_1_409' title='bbox 1941 2789 1998 2834; x_wconf 85' lang='lat' dir='ltr'><strong>ut</strong></span> <span class='ocrx_word' id='word_1_410' title='bbox 2027 2778 2265 2833; x_wconf 88' lang='lat' dir='ltr'><strong>viderem</strong></span> <span class='ocrx_word' id='word_1_411' title='bbox 2313 2792 2472 2848; x_wconf 91' lang='lat' dir='ltr'><strong>quam</strong></span> <span class='ocrx_word' id='word_1_412' title='bbox 2506 2778 2674 2844; x_wconf 86' lang='lat' dir='ltr'><strong>turpis</strong></span> <span class='ocrx_word' id='word_1_413' title='bbox 2727 2786 2902 2827; x_wconf 89' lang='lat' dir='ltr'><strong>essem</strong></span> <span class='ocrx_word' id='word_1_414' title='bbox 2929 2809 2946 2836; x_wconf 95' lang='lat'><strong>,</strong></span> <span class='ocrx_word' id='word_1_415' title='bbox 2977 2783 3133 2836; x_wconf 92' lang='lat' dir='ltr'><strong>quam</strong></span> <span class='ocrx_word' id='word_1_416' title='bbox 3188 2765 3447 2820; x_wconf 87' lang='lat' dir='ltr'><strong>distortus</strong></span> <span class='ocrx_word' id='word_1_417' title='bbox 3471 2769 3526 2816; x_wconf 88' lang='lat' dir='ltr'><strong>et</strong></span> 
     </span>
    </p>
   </div>
   <div class='ocr_carea' id='block_1_57' title="bbox 1940 2855 3527 2934">
    <p class='ocr_par' dir='ltr' id='par_1_57' title="bbox 1940 2855 3527 2934">
     <span class='ocr_line' id='line_1_57' title="bbox 1940 2855 3527 2934; baseline -0.011 -8"><span class='ocrx_word' id='word_1_418' title='bbox 1940 2870 2212 2934; x_wconf 84' lang='lat' dir='ltr'><strong>sordidus,</strong></span> <span class='ocrx_word' id='word_1_419' title='bbox 2276 2868 2581 2922; x_wconf 88' lang='lat' dir='ltr'><strong>maculosus</strong></span> <span class='ocrx_word' id='word_1_420' title='bbox 2635 2875 2690 2920; x_wconf 94' lang='lat' dir='ltr'><strong>et</strong></span> <span class='ocrx_word' id='word_1_421' title='bbox 2742 2863 3050 2925; x_wconf 88' lang='lat' dir='ltr'><strong>ulcerosus;</strong></span> <span class='ocrx_word' id='word_1_422' title='bbox 3094 2867 3149 2913; x_wconf 90' lang='lat' dir='ltr'><strong>et</strong></span> <span class='ocrx_word' id='word_1_423' title='bbox 3201 2855 3443 2920; x_wconf 84' lang='lat' dir='ltr'><strong>videbam</strong></span> <span class='ocrx_word' id='word_1_424' title='bbox 3473 2860 3527 2908; x_wconf 92' lang='lat' dir='ltr'><strong>et</strong></span> 
     </span>
    </p>
   </div>
   <div class='ocr_carea' id='block_1_58' title="bbox 1944 2942 3526 3028">
    <p class='ocr_par' dir='ltr' id='par_1_58' title="bbox 1944 2942 3526 3028">
     <span class='ocr_line' id='line_1_58' title="bbox 1944 2942 3526 3028; baseline -0.01 -12"><span class='ocrx_word' id='word_1_425' title='bbox 1944 2963 2250 3027; x_wconf 88' lang='lat' dir='ltr'><strong>horrebam,</strong></span> <span class='ocrx_word' id='word_1_426' title='bbox 2281 2970 2336 3015; x_wconf 92' lang='lat' dir='ltr'><strong>et</strong></span> <span class='ocrx_word' id='word_1_427' title='bbox 2366 2976 2471 3028; x_wconf 92' lang='lat' dir='ltr'><strong>quo</strong></span> <span class='ocrx_word' id='word_1_428' title='bbox 2493 2975 2523 3012; x_wconf 91' lang='lat' dir='ltr'><strong>a</strong></span> <span class='ocrx_word' id='word_1_429' title='bbox 2565 2973 2651 3013; x_wconf 89' lang='lat' dir='ltr'><strong>me</strong></span> <span class='ocrx_word' id='word_1_430' title='bbox 2679 2959 2914 3026; x_wconf 90' lang='lat' dir='ltr'><strong>fugerem</strong></span> <span class='ocrx_word' id='word_1_431' title='bbox 2948 2968 3053 3007; x_wconf 91' lang='lat' dir='ltr'><strong>non</strong></span> <span class='ocrx_word' id='word_1_432' title='bbox 3097 2958 3231 3006; x_wconf 84' lang='lat' dir='ltr'><strong>erat.</strong></span> <span class='ocrx_word' id='word_1_433' title='bbox 3265 2949 3332 3003; x_wconf 87' lang='lat' dir='ltr'><strong>Et</strong></span> <span class='ocrx_word' id='word_1_434' title='bbox 3359 2951 3405 3002; x_wconf 81' lang='lat' dir='ltr'><strong>si</strong></span> <span class='ocrx_word' id='word_1_435' title='bbox 3429 2942 3526 3002; x_wconf 87' lang='lat' dir='ltr'><strong>co-&#39;</strong></span> 
     </span>
    </p>
   </div>
   <div class='ocr_carea' id='block_1_59' title="bbox 1945 3040 3528 3118">
    <p class='ocr_par' dir='ltr' id='par_1_59' title="bbox 1945 3040 3528 3118">
     <span class='ocr_line' id='line_1_59' title="bbox 1945 3040 3528 3118; baseline -0.008 -8"><span class='ocrx_word' id='word_1_436' title='bbox 1945 3055 2165 3118; x_wconf 83' lang='lat' dir='ltr'><strong>nabara</strong></span> <span class='ocrx_word' id='word_1_437' title='bbox 2196 3068 2283 3110; x_wconf 88' lang='lat' dir='ltr'><strong>me</strong></span> <span class='ocrx_word' id='word_1_438' title='bbox 2331 3062 2573 3108; x_wconf 89' lang='lat' dir='ltr'><strong>avertere</strong></span> <span class='ocrx_word' id='word_1_439' title='bbox 2623 3058 2915 3118; x_wconf 89' lang='lat' dir='ltr'><strong>aspectum,</strong></span> <span class='ocrx_word' id='word_1_440' title='bbox 2967 3045 3213 3100; x_wconf 86' lang='lat' dir='ltr'><strong>narrabat</strong></span> <span class='ocrx_word' id='word_1_441' title='bbox 3269 3042 3358 3097; x_wconf 88' lang='lat' dir='ltr'><strong>ille</strong></span> <span class='ocrx_word' id='word_1_442' title='bbox 3385 3040 3528 3110; x_wconf 85' lang='lat' dir='ltr'><strong>quod</strong></span> 
     </span>
    </p>
   </div>
   <div class='ocr_carea' id='block_1_60' title="bbox 1944 3132 3529 3208">
    <p class='ocr_par' dir='ltr' id='par_1_60' title="bbox 1944 3132 3529 3208">
     <span class='ocr_line' id='line_1_60' title="bbox 1944 3132 3529 3208; baseline -0.009 -8"><span class='ocrx_word' id='word_1_443' title='bbox 1944 3144 2216 3208; x_wconf 88' lang='lat' dir='ltr'><strong>narrabat,</strong></span> <span class='ocrx_word' id='word_1_444' title='bbox 2241 3152 2296 3198; x_wconf 93' lang='lat' dir='ltr'><strong>et</strong></span> <span class='ocrx_word' id='word_1_445' title='bbox 2323 3151 2379 3197; x_wconf 92' lang='lat' dir='ltr'><strong>tu</strong></span> <span class='ocrx_word' id='word_1_446' title='bbox 2411 3157 2497 3197; x_wconf 90' lang='lat' dir='ltr'><strong>me</strong></span> <span class='ocrx_word' id='word_1_447' title='bbox 2526 3155 2710 3195; x_wconf 90' lang='lat' dir='ltr'><strong>rursus</strong></span> <span class='ocrx_word' id='word_1_448' title='bbox 2737 3135 3045 3206; x_wconf 82' lang='lat' dir='ltr'><strong>apponebas</strong></span> <span class='ocrx_word' id='word_1_449' title='bbox 3072 3133 3221 3198; x_wconf 88' lang='lat' dir='ltr'><strong>mihi,</strong></span> <span class='ocrx_word' id='word_1_450' title='bbox 3255 3141 3307 3186; x_wconf 91' lang='lat' dir='ltr'><strong>et</strong></span> <span class='ocrx_word' id='word_1_451' title='bbox 3336 3132 3529 3200; x_wconf 58' lang='lat' dir='ltr'><strong>impius</strong></span> 
     </span>
    </p>
   </div>
   <div class='ocr_carea' id='block_1_61' title="bbox 258 3223 1839 3308">
    <p class='ocr_par' dir='ltr' id='par_1_61' title="bbox 258 3225 1836 3294">
     <span class='ocr_line' id='line_1_61' title="bbox 258 3225 1836 3294; baseline -0.001 -12"><span class='ocrx_word' id='word_1_452' title='bbox 258 3240 561 3294; x_wconf 86' lang='lat' dir='ltr'><strong>teneretur,</strong></span> <span class='ocrx_word' id='word_1_453' title='bbox 615 3230 795 3283; x_wconf 78' lang='lat' dir='ltr'><strong>exisse</strong></span> <span class='ocrx_word' id='word_1_454' title='bbox 841 3227 1237 3283; x_wconf 90' lang='lat' dir='ltr'><strong>deambulatum</strong></span> <span class='ocrx_word' id='word_1_455' title='bbox 1301 3228 1352 3279; x_wconf 91' lang='lat' dir='ltr'><strong>in</strong></span> <span class='ocrx_word' id='word_1_456' title='bbox 1413 3225 1601 3280; x_wconf 90' lang='lat' dir='ltr'><strong>hortos</strong></span> <span class='ocrx_word' id='word_1_457' title='bbox 1669 3227 1836 3281; x_wconf 89' lang='lat' dir='ltr'><strong>muris</strong></span> 
     </span>
    </p>
   </div>
   <div class='ocr_carea' id='block_1_62' title="bbox 1946 3223 3528 3308">
    <p class='ocr_par' dir='ltr' id='par_1_62' title="bbox 1946 3224 3528 3308">
     <span class='ocr_line' id='line_1_62' title="bbox 1946 3224 3528 3308; baseline -0.009 -17"><span class='ocrx_word' id='word_1_458' title='bbox 1946 3238 2107 3308; x_wconf 87' lang='lat' dir='ltr'><strong>gebas</strong></span> <span class='ocrx_word' id='word_1_459' title='bbox 2137 3250 2222 3299; x_wconf 86' lang='lat' dir='ltr'><strong>me</strong></span> <span class='ocrx_word' id='word_1_460' title='bbox 2249 3235 2304 3288; x_wconf 92' lang='lat' dir='ltr'><strong>in</strong></span> <span class='ocrx_word' id='word_1_461' title='bbox 2328 3233 2514 3289; x_wconf 89' lang='lat' dir='ltr'><strong>oculos</strong></span> <span class='ocrx_word' id='word_1_462' title='bbox 2559 3246 2728 3297; x_wconf 91' lang='lat' dir='ltr'><strong>meos,</strong></span> <span class='ocrx_word' id='word_1_463' title='bbox 2764 3241 2822 3285; x_wconf 91' lang='lat' dir='ltr'><strong>ut</strong></span> <span class='ocrx_word' id='word_1_464' title='bbox 2869 3226 3164 3282; x_wconf 90' lang='lat' dir='ltr'><strong>invenirem</strong></span> <span class='ocrx_word' id='word_1_465' title='bbox 3195 3224 3528 3293; x_wconf 86' lang='lat' dir='ltr'><strong>iniquitatem</strong></span> 
     </span>
    </p>
   </div>
   <div class='ocr_carea' id='block_1_63' title="bbox 258 3316 1834 3392">
    <p class='ocr_par' dir='ltr' id='par_1_63' title="bbox 258 3316 1834 3392">
     <span class='ocr_line' id='line_1_63' title="bbox 258 3316 1834 3392; baseline -0.004 -17"><span class='ocrx_word' id='word_1_466' title='bbox 258 3323 559 3392; x_wconf 84' lang='lat' dir='ltr'><strong>contiguos,</strong></span> <span class='ocrx_word' id='word_1_467' title='bbox 588 3329 749 3389; x_wconf 86' lang='lat' dir='ltr'><strong>atque</strong></span> <span class='ocrx_word' id='word_1_468' title='bbox 771 3319 880 3372; x_wconf 91' lang='lat' dir='ltr'><strong>illic</strong></span> <span class='ocrx_word' id='word_1_469' title='bbox 907 3317 1118 3381; x_wconf 83' lang='lat' dir='ltr'><strong>utforte</strong></span> <span class='ocrx_word' id='word_1_470' title='bbox 1133 3317 1422 3372; x_wconf 91' lang='lat' dir='ltr'><strong>combinati</strong></span> <span class='ocrx_word' id='word_1_471' title='bbox 1451 3316 1834 3383; x_wconf 85' lang='lat' dir='ltr'><strong>spatiabantur,</strong></span> 
     </span>
    </p>
   </div>
   <div class='ocr_carea' id='block_1_64' title="bbox 259 3407 1835 3478">
    <p class='ocr_par' dir='ltr' id='par_1_64' title="bbox 259 3407 1835 3478">
     <span class='ocr_line' id='line_1_64' title="bbox 259 3407 1835 3478; baseline -0.003 -14"><span class='ocrx_word' id='word_1_472' title='bbox 259 3428 422 3465; x_wconf 89' lang='lat' dir='ltr'><strong>unum</strong></span> <span class='ocrx_word' id='word_1_473' title='bbox 454 3425 634 3465; x_wconf 87' lang='lat' dir='ltr'><strong>secum</strong></span> <span class='ocrx_word' id='word_1_474' title='bbox 664 3424 931 3474; x_wconf 88' lang='lat' dir='ltr'><strong>seorsum,</strong></span> <span class='ocrx_word' id='word_1_475' title='bbox 965 3419 1018 3463; x_wconf 90' lang='lat' dir='ltr'><strong>et</strong></span> <span class='ocrx_word' id='word_1_476' title='bbox 1047 3408 1181 3462; x_wconf 91' lang='lat' dir='ltr'><strong>alios</strong></span> <span class='ocrx_word' id='word_1_477' title='bbox 1207 3407 1341 3466; x_wconf 88' lang='lat' dir='ltr'><strong>duos</strong></span> <span class='ocrx_word' id='word_1_478' title='bbox 1367 3407 1548 3472; x_wconf 81' lang='lat' dir='ltr'><strong>itidem</strong></span> <span class='ocrx_word' id='word_1_479' title='bbox 1571 3423 1835 3478; x_wconf 83' lang='lat' dir='ltr'><strong>seorsum,</strong></span> 
     </span>
    </p>
   </div>
   <div class='ocr_carea' id='block_1_65' title="bbox 259 3497 1841 3571">
    <p class='ocr_par' dir='ltr' id='par_1_65' title="bbox 259 3497 1841 3571">
     <span class='ocr_line' id='line_1_65' title="bbox 259 3497 1841 3571; baseline -0.002 -17"><span class='ocrx_word' id='word_1_480' title='bbox 259 3503 570 3571; x_wconf 84' lang='lat' dir='ltr'><strong>pariterque</strong></span> <span class='ocrx_word' id='word_1_481' title='bbox 601 3501 905 3570; x_wconf 75' lang='lat' dir='ltr'><strong>digressos;</strong></span> <span class='ocrx_word' id='word_1_482' title='bbox 940 3499 1033 3553; x_wconf 91' lang='lat' dir='ltr'><strong>sed</strong></span> <span class='ocrx_word' id='word_1_483' title='bbox 1085 3498 1205 3553; x_wconf 91' lang='lat' dir='ltr'><strong>illos</strong></span> <span class='ocrx_word' id='word_1_484' title='bbox 1248 3497 1591 3568; x_wconf 86' lang='lat' dir='ltr'><strong>vagabundos</strong></span> <span class='ocrx_word' id='word_1_485' title='bbox 1619 3497 1841 3563; x_wconf 82' lang='lat' dir='ltr'><strong>irruisse</strong></span> 
     </span>
    </p>
   </div>
   <div class='ocr_carea' id='block_1_66' title="bbox 259 3588 1839 3662">
    <p class='ocr_par' dir='ltr' id='par_1_66' title="bbox 259 3588 1839 3662">
     <span class='ocr_line' id='line_1_66' title="bbox 259 3588 1839 3662; baseline -0.003 -15"><span class='ocrx_word' id='word_1_486' title='bbox 259 3597 310 3647; x_wconf 93' lang='lat' dir='ltr'><strong>in</strong></span> <span class='ocrx_word' id='word_1_487' title='bbox 335 3592 625 3662; x_wconf 88' lang='lat' dir='ltr'><strong>quamdam</strong></span> <span class='ocrx_word' id='word_1_488' title='bbox 652 3606 856 3656; x_wconf 88' lang='lat' dir='ltr'><strong>casam,</strong></span> <span class='ocrx_word' id='word_1_489' title='bbox 891 3590 978 3644; x_wconf 92' lang='lat' dir='ltr'><strong>ubi</strong></span> <span class='ocrx_word' id='word_1_490' title='bbox 1011 3589 1325 3644; x_wconf 85' lang='lat' dir='ltr'><strong>habitabant</strong></span> <span class='ocrx_word' id='word_1_491' title='bbox 1364 3588 1575 3656; x_wconf 91' lang='lat' dir='ltr'><strong>quidam</strong></span> <span class='ocrx_word' id='word_1_492' title='bbox 1602 3590 1740 3644; x_wconf 86' lang='lat' dir='ltr'><strong>servi</strong></span> <span class='ocrx_word' id='word_1_493' title='bbox 1767 3590 1839 3644; x_wconf 93' lang='lat' dir='ltr'><strong>tui</strong></span> 
     </span>
    </p>
   </div>
   <div class='ocr_carea' id='block_1_67' title="bbox 259 3680 1839 3753">
    <p class='ocr_par' dir='ltr' id='par_1_67' title="bbox 259 3680 1839 3753">
     <span class='ocr_line' id='line_1_67' title="bbox 259 3680 1839 3753; baseline -0.003 -14"><span class='ocrx_word' id='word_1_494' title='bbox 259 3687 448 3746; x_wconf 78' lang='lat' dir='ltr'><strong>spiritu</strong></span> <span class='ocrx_word' id='word_1_495' title='bbox 509 3697 792 3753; x_wconf 85' lang='lat' dir='ltr'><strong>pauperes,</strong></span> <span class='ocrx_word' id='word_1_496' title='bbox 847 3681 1084 3751; x_wconf 90' lang='lat' dir='ltr'><strong>qualium</strong></span> <span class='ocrx_word' id='word_1_497' title='bbox 1151 3690 1234 3735; x_wconf 90' lang='lat' dir='ltr'><strong>est</strong></span> <span class='ocrx_word' id='word_1_498' title='bbox 1281 3695 1503 3749; x_wconf 86' lang='lat' dir='ltr'><strong>regnum</strong></span> <span class='ocrx_word' id='word_1_499' title='bbox 1580 3680 1839 3735; x_wconf 62' lang='lat' dir='ltr'><strong>caelorum</strong></span> 
     </span>
    </p>
   </div>
   <div class='ocr_carea' id='block_1_68' title="bbox 258 3771 1840 3846">
    <p class='ocr_par' dir='ltr' id='par_1_68' title="bbox 258 3771 1840 3846">
     <span class='ocr_line' id='line_1_68' title="bbox 258 3771 1840 3846; baseline -0.002 -17"><span class='ocrx_word' id='word_1_500' title='bbox 258 3776 475 3845; x_wconf 76' lang='lat' dir='ltr'><strong>(Matth.</strong></span> <span class='ocrx_word' id='word_1_501' title='bbox 508 3775 586 3846; x_wconf 89' lang='lat' dir='ltr'><strong>v),</strong></span> <span class='ocrx_word' id='word_1_502' title='bbox 620 3785 676 3831; x_wconf 91' lang='lat' dir='ltr'><strong>et</strong></span> <span class='ocrx_word' id='word_1_503' title='bbox 707 3775 975 3830; x_wconf 89' lang='lat' dir='ltr'><strong>invenisse</strong></span> <span class='ocrx_word' id='word_1_504' title='bbox 1005 3773 1076 3828; x_wconf 89' lang='lat' dir='ltr'><strong>ibi</strong></span> <span class='ocrx_word' id='word_1_505' title='bbox 1125 3771 1380 3828; x_wconf 87' lang='lat' dir='ltr'><strong>Codicem</strong></span> <span class='ocrx_word' id='word_1_506' title='bbox 1407 3774 1457 3828; x_wconf 91' lang='lat' dir='ltr'><strong>in</strong></span> <span class='ocrx_word' id='word_1_507' title='bbox 1505 3787 1609 3841; x_wconf 93' lang='lat' dir='ltr'><strong>quo</strong></span> <span class='ocrx_word' id='word_1_508' title='bbox 1640 3773 1840 3841; x_wconf 83' lang='lat' dir='ltr'><strong>scripta</strong></span> 
     </span>
    </p>
   </div>
   <div class='ocr_carea' id='block_1_69' title="bbox 259 3862 1844 3934">
    <p class='ocr_par' dir='ltr' id='par_1_69' title="bbox 259 3862 1844 3934">
     <span class='ocr_line' id='line_1_69' title="bbox 259 3862 1844 3934; baseline -0.002 -14"><span class='ocrx_word' id='word_1_509' title='bbox 259 3877 372 3920; x_wconf 83' lang='lat' dir='ltr'><strong>erat</strong></span> <span class='ocrx_word' id='word_1_510' title='bbox 399 3866 517 3934; x_wconf 66' lang='lat' dir='ltr'><strong>Vita</strong></span> <span class='ocrx_word' id='word_1_511' title='bbox 560 3865 730 3920; x_wconf 87' lang='lat' dir='ltr'><strong>sancti</strong></span> <span class='ocrx_word' id='word_1_512' title='bbox 772 3864 1008 3931; x_wconf 81' lang='lat' dir='ltr'><strong>Antonii.</strong></span> <span class='ocrx_word' id='word_1_513' title='bbox 1049 3863 1224 3930; x_wconf 87' lang='lat' dir='ltr'><strong>&#39;Quam</strong></span> <span class='ocrx_word' id='word_1_514' title='bbox 1273 3862 1451 3934; x_wconf 88' lang='lat' dir='ltr'><strong>legere</strong></span> <span class='ocrx_word' id='word_1_515' title='bbox 1497 3862 1660 3930; x_wconf 78' lang='lat' dir='ltr'><strong>ccepit</strong></span> <span class='ocrx_word' id='word_1_516' title='bbox 1705 3877 1844 3917; x_wconf 87' lang='lat' dir='ltr'><strong>unus</strong></span> 
     </span>
    </p>
   </div>
   <div class='ocr_carea' id='block_1_70' title="bbox 259 3951 1844 4032">
    <p class='ocr_par' dir='ltr' id='par_1_70' title="bbox 259 3951 1844 4032">
     <span class='ocr_line' id='line_1_70' title="bbox 259 3951 1844 4032; baseline -0.001 -22"><span class='ocrx_word' id='word_1_517' title='bbox 259 3972 470 4020; x_wconf 84' lang='lat' dir='ltr'><strong>eorum,</strong></span> <span class='ocrx_word' id='word_1_518' title='bbox 504 3964 558 4015; x_wconf 86' lang='lat' dir='ltr'><strong>et</strong></span> <span class='ocrx_word' id='word_1_519' title='bbox 580 3955 788 4018; x_wconf 85' lang='lat' dir='ltr'><strong>mirari,</strong></span> <span class='ocrx_word' id='word_1_520' title='bbox 817 3963 873 4022; x_wconf 80' lang='lat' dir='ltr'><strong>et</strong></span> <span class='ocrx_word' id='word_1_521' title='bbox 900 3953 1146 4020; x_wconf 85' lang='lat' dir='ltr'><strong>accendi,</strong></span> <span class='ocrx_word' id='word_1_522' title='bbox 1170 3962 1223 4009; x_wconf 89' lang='lat' dir='ltr'><strong>et</strong></span> <span class='ocrx_word' id='word_1_523' title='bbox 1250 3951 1388 4007; x_wconf 90' lang='lat' dir='ltr'><strong>inter</strong></span> <span class='ocrx_word' id='word_1_524' title='bbox 1415 3951 1703 4032; x_wconf 85' lang='lat' dir='ltr'><strong>legendum</strong></span> <span class='ocrx_word' id='word_1_525' title='bbox 1730 3966 1844 4008; x_wconf 87' lang='lat' dir='ltr'><strong>me.-</strong></span> 
     </span>
    </p>
   </div>
   <div class='ocr_carea' id='block_1_71' title="bbox 264 4044 1844 4122">
    <p class='ocr_par' dir='ltr' id='par_1_71' title="bbox 264 4044 1844 4122">
     <span class='ocr_line' id='line_1_71' title="bbox 264 4044 1844 4122; baseline 0 -24"><span class='ocrx_word' id='word_1_526' title='bbox 264 4049 424 4114; x_wconf 68' lang='lat' dir='ltr'><strong>tlitari</strong></span> <span class='ocrx_word' id='word_1_527' title='bbox 455 4050 694 4117; x_wconf 76' lang='lat' dir='ltr'><strong>arripere</strong></span> <span class='ocrx_word' id='word_1_528' title='bbox 721 4047 880 4101; x_wconf 88' lang='lat' dir='ltr'><strong>talem</strong></span> <span class='ocrx_word' id='word_1_529' title='bbox 909 4049 1096 4122; x_wconf 80' lang='lat' dir='ltr'><strong>vitam,</strong></span> <span class='ocrx_word' id='word_1_530' title='bbox 1128 4057 1182 4102; x_wconf 91' lang='lat' dir='ltr'><strong>et</strong></span> <span class='ocrx_word' id='word_1_531' title='bbox 1225 4045 1410 4100; x_wconf 91' lang='lat' dir='ltr'><strong>relicta</strong></span> <span class='ocrx_word' id='word_1_532' title='bbox 1440 4044 1624 4099; x_wconf 89' lang='lat' dir='ltr'><strong>militia</strong></span> <span class='ocrx_word' id='word_1_533' title='bbox 1669 4058 1844 4099; x_wconf 67' lang='grc' dir='ltr'><strong>δωρη-</strong></span> 
     </span>
    </p>
   </div>
   <div class='ocr_carea' id='block_1_72' title="bbox 262 4134 1846 4207">
    <p class='ocr_par' dir='ltr' id='par_1_72' title="bbox 262 4134 1846 4207">
     <span class='ocr_line' id='line_1_72' title="bbox 262 4134 1846 4207; baseline -0.001 -14"><span class='ocrx_word' id='word_1_534' title='bbox 262 4141 361 4194; x_wconf 84' lang='lat' dir='ltr'><strong>lari</strong></span> <span class='ocrx_word' id='word_1_535' title='bbox 392 4140 600 4194; x_wconf 88' lang='lat' dir='ltr'><strong>servire</strong></span> <span class='ocrx_word' id='word_1_536' title='bbox 623 4139 737 4194; x_wconf 88' lang='lat' dir='ltr'><strong>tibi.</strong></span> <span class='ocrx_word' id='word_1_537' title='bbox 771 4138 897 4193; x_wconf 87' lang='lat' dir='ltr'><strong>Erat</strong></span> <span class='ocrx_word' id='word_1_538' title='bbox 917 4149 1097 4194; x_wconf 87' lang='lat' dir='ltr'><strong>autem</strong></span> <span class='ocrx_word' id='word_1_539' title='bbox 1120 4153 1187 4198; x_wconf 83' lang='lat' dir='ltr'><strong>ex</strong></span> <span class='ocrx_word' id='word_1_540' title='bbox 1212 4137 1291 4204; x_wconf 81' lang='lat' dir='ltr'><strong>eis</strong></span> <span class='ocrx_word' id='word_1_541' title='bbox 1317 4151 1452 4207; x_wconf 91' lang='lat' dir='ltr'><strong>quos</strong></span> <span class='ocrx_word' id='word_1_542' title='bbox 1472 4134 1660 4198; x_wconf 91' lang='lat' dir='ltr'><strong>dicunt</strong></span> <span class='ocrx_word' id='word_1_543' title='bbox 1680 4150 1846 4206; x_wconf 77' lang='lat' dir='ltr'><strong>agen-</strong></span> 
     </span>
    </p>
   </div>
   <div class='ocr_carea' id='block_1_73' title="bbox 262 4229 646 4283">
    <p class='ocr_par' dir='ltr' id='par_1_73' title="bbox 262 4229 646 4283">
     <span class='ocr_line' id='line_1_73' title="bbox 262 4229 646 4283; baseline 0.003 -1"><span class='ocrx_word' id='word_1_544' title='bbox 262 4239 341 4283; x_wconf 96' lang='lat' dir='ltr'><strong>tes</strong></span> <span class='ocrx_word' id='word_1_545' title='bbox 381 4229 433 4283; x_wconf 88' lang='lat' dir='ltr'><strong>itt</strong></span> <span class='ocrx_word' id='word_1_546' title='bbox 465 4229 646 4283; x_wconf 80' lang='lat' dir='ltr'><strong>rebus.</strong></span> 
     </span>
    </p>
   </div>
   <div class='ocr_carea' id='block_1_74' title="bbox 1943 3312 3527 3394">
    <p class='ocr_par' dir='ltr' id='par_1_74' title="bbox 1943 3312 3527 3394">
     <span class='ocr_line' id='line_1_74' title="bbox 1943 3312 3527 3394; baseline -0.014 -9"><span class='ocrx_word' id='word_1_547' title='bbox 1943 3343 2116 3394; x_wconf 87' lang='lat' dir='ltr'><strong>meam</strong></span> <span class='ocrx_word' id='word_1_548' title='bbox 2141 3337 2196 3382; x_wconf 89' lang='lat' dir='ltr'><strong>et</strong></span> <span class='ocrx_word' id='word_1_549' title='bbox 2223 3328 2480 3388; x_wconf 86' lang='lat' dir='ltr'><strong>odissem.</strong></span> <span class='ocrx_word' id='word_1_550' title='bbox 2510 3323 2772 3378; x_wconf 85' lang='lat' dir='ltr'><strong>Noveram</strong></span> <span class='ocrx_word' id='word_1_551' title='bbox 2803 3335 2946 3385; x_wconf 92' lang='lat' dir='ltr'><strong>eam,</strong></span> <span class='ocrx_word' id='word_1_552' title='bbox 2978 3317 3072 3372; x_wconf 87' lang='lat' dir='ltr'><strong>sed</strong></span> <span class='ocrx_word' id='word_1_553' title='bbox 3100 3312 3527 3380; x_wconf 85' lang='lat' dir='ltr'><strong>dissimulabam,</strong></span> 
     </span>
    </p>
   </div>
   <div class='ocr_carea' id='block_1_75' title="bbox 1943 3410 3530 3485">
    <p class='ocr_par' dir='ltr' id='par_1_75' title="bbox 1943 3410 3530 3485">
     <span class='ocr_line' id='line_1_75' title="bbox 1943 3410 3530 3485; baseline -0.014 -7"><span class='ocrx_word' id='word_1_554' title='bbox 1943 3433 1999 3484; x_wconf 86' lang='lat' dir='ltr'><strong>et.</strong></span> <span class='ocrx_word' id='word_1_555' title='bbox 2027 3421 2403 3485; x_wconf 82' lang='lat' dir='ltr'><strong>conniveham,</strong></span> <span class='ocrx_word' id='word_1_556' title='bbox 2449 3427 2504 3473; x_wconf 93' lang='lat' dir='ltr'><strong>et</strong></span> <span class='ocrx_word' id='word_1_557' title='bbox 2549 3415 2919 3471; x_wconf 90' lang='lat' dir='ltr'><strong>obliviscebar.</strong></span> <span class='ocrx_word' id='word_1_558' title='bbox 2947 3410 3098 3465; x_wconf 85' lang='lat' dir='ltr'><strong>Tunc</strong></span> <span class='ocrx_word' id='word_1_559' title='bbox 3147 3421 3275 3462; x_wconf 90' lang='lat' dir='ltr'><strong>vero</strong></span> <span class='ocrx_word' id='word_1_560' title='bbox 3329 3411 3530 3476; x_wconf 89' lang='lat' dir='ltr'><strong>quanto</strong></span> 
     </span>
    </p>
   </div>
   <div class='ocr_carea' id='block_1_76' title="bbox 1942 3497 3532 3582">
    <p class='ocr_par' dir='ltr' id='par_1_76' title="bbox 1942 3497 3532 3582">
     <span class='ocr_line' id='line_1_76' title="bbox 1942 3497 3532 3582; baseline -0.01 -13"><span class='ocrx_word' id='word_1_561' title='bbox 1942 3513 2216 3582; x_wconf 82' lang='lat' dir='ltr'><strong>ardentius</strong></span> <span class='ocrx_word' id='word_1_562' title='bbox 2247 3512 2490 3567; x_wconf 91' lang='lat' dir='ltr'><strong>amabam</strong></span> <span class='ocrx_word' id='word_1_563' title='bbox 2519 3509 2639 3564; x_wconf 92' lang='lat' dir='ltr'><strong>illos</strong></span> <span class='ocrx_word' id='word_1_564' title='bbox 2663 3507 2731 3562; x_wconf 90' lang='lat' dir='ltr'><strong>de</strong></span> <span class='ocrx_word' id='word_1_565' title='bbox 2752 3507 2942 3577; x_wconf 88' lang='lat' dir='ltr'><strong>quibus</strong></span> <span class='ocrx_word' id='word_1_566' title='bbox 2989 3501 3264 3556; x_wconf 87' lang='lat' dir='ltr'><strong>audiebam</strong></span> <span class='ocrx_word' id='word_1_567' title='bbox 3287 3497 3532 3553; x_wconf 75' lang='lat' dir='ltr'><strong>salubres</strong></span> 
     </span>
    </p>
   </div>
   <div class='ocr_carea' id='block_1_77' title="bbox 1943 3591 3531 3673">
    <p class='ocr_par' dir='ltr' id='par_1_77' title="bbox 1943 3591 3531 3673">
     <span class='ocr_line' id='line_1_77' title="bbox 1943 3591 3531 3673; baseline -0.014 -12"><span class='ocrx_word' id='word_1_568' title='bbox 1943 3607 2186 3668; x_wconf 83' lang='lat' dir='ltr'><strong>affectus,</strong></span> <span class='ocrx_word' id='word_1_569' title='bbox 2217 3603 2359 3673; x_wconf 91' lang='lat' dir='ltr'><strong>quod</strong></span> <span class='ocrx_word' id='word_1_570' title='bbox 2405 3617 2464 3657; x_wconf 88' lang='lat' dir='ltr'><strong>se</strong></span> <span class='ocrx_word' id='word_1_571' title='bbox 2487 3609 2627 3655; x_wconf 89' lang='lat' dir='ltr'><strong>totos</strong></span> <span class='ocrx_word' id='word_1_572' title='bbox 2652 3599 2744 3652; x_wconf 90' lang='lat' dir='ltr'><strong>tibi</strong></span> <span class='ocrx_word' id='word_1_573' title='bbox 2777 3595 3044 3650; x_wconf 86' lang='lat' dir='ltr'><strong>sanandos</strong></span> <span class='ocrx_word' id='word_1_574' title='bbox 3073 3591 3352 3653; x_wconf 90' lang='lat' dir='ltr'><strong>dederant,</strong></span> <span class='ocrx_word' id='word_1_575' title='bbox 3382 3595 3531 3640; x_wconf 88' lang='lat' dir='ltr'><strong>tanto</strong></span> 
     </span>
    </p>
   </div>
   <div class='ocr_carea' id='block_1_78' title="bbox 1943 3678 3532 3757">
    <p class='ocr_par' dir='ltr' id='par_1_78' title="bbox 1943 3678 3532 3757">
     <span class='ocr_line' id='line_1_78' title="bbox 1943 3678 3532 3757; baseline -0.013 -7"><span class='ocrx_word' id='word_1_576' title='bbox 1943 3695 2322 3750; x_wconf 86' lang='lat' dir='ltr'><strong>exsecrabilius</strong></span> <span class='ocrx_word' id='word_1_577' title='bbox 2370 3706 2457 3746; x_wconf 90' lang='lat' dir='ltr'><strong>me</strong></span> <span class='ocrx_word' id='word_1_578' title='bbox 2502 3696 2866 3757; x_wconf 90' lang='lat' dir='ltr'><strong>comparatum</strong></span> <span class='ocrx_word' id='word_1_579' title='bbox 2907 3685 2988 3739; x_wconf 92' lang='lat' dir='ltr'><strong>eis</strong></span> <span class='ocrx_word' id='word_1_580' title='bbox 3041 3682 3258 3735; x_wconf 78' lang='lat' dir='ltr'><strong>oderam</strong></span> <span class='ocrx_word' id='word_1_581' title='bbox 3305 3678 3392 3749; x_wconf 92' lang='lat' dir='ltr'><strong>(S.</strong></span> <span class='ocrx_word' id='word_1_582' title='bbox 3425 3678 3532 3731; x_wconf 83' lang='lat' dir='ltr'><strong>Au-</strong></span> 
     </span>
    </p>
   </div>
   <div class='ocr_carea' id='block_1_79' title="bbox 1943 3772 2922 3855">
    <p class='ocr_par' dir='ltr' id='par_1_79' title="bbox 1943 3772 2922 3855">
     <span class='ocr_line' id='line_1_79' title="bbox 1943 3772 2922 3855; baseline -0.015 -16"><span class='ocrx_word' id='word_1_583' title='bbox 1943 3793 2104 3855; x_wconf 52' lang='lat' dir='ltr'><strong>gust,</strong></span> <span class='ocrx_word' id='word_1_584' title='bbox 2136 3784 2223 3836; x_wconf 87' lang='lat' dir='ltr'><strong>lib.</strong></span> <span class='ocrx_word' id='word_1_585' title='bbox 2257 3797 2350 3836; x_wconf 86' lang='lat' dir='ltr'><strong>vttt</strong></span> <span class='ocrx_word' id='word_1_586' title='bbox 2390 3780 2648 3848; x_wconf 72' lang='lat' dir='ltr'><strong>Confess.,</strong></span> <span class='ocrx_word' id='word_1_587' title='bbox 2672 3792 2721 3829; x_wconf 87' lang='lat' dir='ltr'><strong>c.</strong></span> <span class='ocrx_word' id='word_1_588' title='bbox 2745 3772 2861 3842; x_wconf 74' lang='lat'><strong>‘27).</strong></span> <span class='ocrx_word' id='word_1_589' title='bbox 2903 3791 2922 3824; x_wconf 75' lang='grc' dir='ltr'><strong><em>ι</em></strong></span> 
     </span>
    </p>
   </div>
   <div class='ocr_carea' id='block_1_80' title="bbox 2017 3856 3527 3942">
    <p class='ocr_par' dir='ltr' id='par_1_80' title="bbox 2017 3856 3527 3942">
     <span class='ocr_line' id='line_1_80' title="bbox 2017 3856 3527 3942; baseline -0.013 -13"><span class='ocrx_word' id='word_1_590' title='bbox 2017 3873 2122 3929; x_wconf 87' lang='lat' dir='ltr'><strong>Sed</strong></span> <span class='ocrx_word' id='word_1_591' title='bbox 2146 3873 2252 3942; x_wconf 84' lang='lat' dir='ltr'><strong>jam</strong></span> <span class='ocrx_word' id='word_1_592' title='bbox 2284 3880 2407 3924; x_wconf 88' lang='lat' dir='ltr'><strong>ante</strong></span> <span class='ocrx_word' id='word_1_593' title='bbox 2436 3868 2554 3922; x_wconf 87' lang='lat' dir='ltr'><strong>urbi</strong></span> <span class='ocrx_word' id='word_1_594' title='bbox 2607 3867 2912 3921; x_wconf 87' lang='lat' dir='ltr'><strong>innotuerat</strong></span> <span class='ocrx_word' id='word_1_595' title='bbox 2937 3859 3157 3915; x_wconf 83' lang='lat' dir='ltr'><strong>Antonii</strong></span> <span class='ocrx_word' id='word_1_596' title='bbox 3214 3857 3351 3921; x_wconf 89' lang='lat' dir='ltr'><strong>Vita,</strong></span> <span class='ocrx_word' id='word_1_597' title='bbox 3386 3856 3527 3910; x_wconf 77' lang='lat' dir='ltr'><strong>felici</strong></span> 
     </span>
    </p>
   </div>
   <div class='ocr_carea' id='block_1_81' title="bbox 1945 3949 3529 4028">
    <p class='ocr_par' dir='ltr' id='par_1_81' title="bbox 1945 3949 3529 4028">
     <span class='ocr_line' id='line_1_81' title="bbox 1945 3949 3529 4028; baseline -0.014 -6"><span class='ocrx_word' id='word_1_598' title='bbox 1945 3963 2217 4022; x_wconf 77' lang='lat' dir='ltr'><strong>Athanasii</strong></span> <span class='ocrx_word' id='word_1_599' title='bbox 2246 3963 2466 4016; x_wconf 89' lang='lat' dir='ltr'><strong>Romam</strong></span> <span class='ocrx_word' id='word_1_600' title='bbox 2488 3957 2730 4028; x_wconf 87' lang='lat' dir='ltr'><strong>appulsu,</strong></span> <span class='ocrx_word' id='word_1_601' title='bbox 2761 3955 2850 4024; x_wconf 93' lang='lat' dir='ltr'><strong>qui</strong></span> <span class='ocrx_word' id='word_1_602' title='bbox 2878 3952 3116 4022; x_wconf 87' lang='lat' dir='ltr'><strong>ejusdem</strong></span> <span class='ocrx_word' id='word_1_603' title='bbox 3140 3949 3316 4003; x_wconf 91' lang='lat' dir='ltr'><strong>adhuc</strong></span> <span class='ocrx_word' id='word_1_604' title='bbox 3343 3949 3529 4004; x_wconf 88' lang='lat' dir='ltr'><strong>viven-</strong></span> 
     </span>
    </p>
   </div>
   <div class='ocr_carea' id='block_1_82' title="bbox 1951 4040 3533 4118">
    <p class='ocr_par' dir='ltr' id='par_1_82' title="bbox 1951 4040 3533 4118">
     <span class='ocr_line' id='line_1_82' title="bbox 1951 4040 3533 4118; baseline -0.011 -8"><span class='ocrx_word' id='word_1_605' title='bbox 1951 4057 2021 4111; x_wconf 88' lang='lat' dir='ltr'><strong>tis</strong></span> <span class='ocrx_word' id='word_1_606' title='bbox 2051 4055 2293 4110; x_wconf 88' lang='lat' dir='ltr'><strong>notitiam</strong></span> <span class='ocrx_word' id='word_1_607' title='bbox 2319 4061 2374 4108; x_wconf 90' lang='lat' dir='ltr'><strong>et</strong></span> <span class='ocrx_word' id='word_1_608' title='bbox 2400 4051 2654 4118; x_wconf 51' lang='lat' dir='ltr'><strong>pra‘clara</strong></span> <span class='ocrx_word' id='word_1_609' title='bbox 2697 4047 2836 4101; x_wconf 89' lang='lat' dir='ltr'><strong>dicta</strong></span> <span class='ocrx_word' id='word_1_610' title='bbox 2887 4047 3132 4112; x_wconf 89' lang='lat' dir='ltr'><strong>factaque</strong></span> <span class='ocrx_word' id='word_1_611' title='bbox 3162 4040 3417 4095; x_wconf 84' lang='lat' dir='ltr'><strong>Romanis</strong></span> <span class='ocrx_word' id='word_1_612' title='bbox 3439 4055 3533 4094; x_wconf 84' lang='lat' dir='ltr'><strong>ex-</strong></span> 
     </span>
    </p>
   </div>
   <div class='ocr_carea' id='block_1_83' title="bbox 1949 4133 3532 4217">
    <p class='ocr_par' dir='ltr' id='par_1_83' title="bbox 1949 4133 3532 4217">
     <span class='ocr_line' id='line_1_83' title="bbox 1949 4133 3532 4217; baseline -0.01 -17"><span class='ocrx_word' id='word_1_613' title='bbox 1949 4148 2148 4217; x_wconf 88' lang='lat' dir='ltr'><strong>posuit.</strong></span> <span class='ocrx_word' id='word_1_614' title='bbox 2173 4145 2325 4212; x_wconf 88' lang='lat' dir='ltr'><strong>Quod</strong></span> <span class='ocrx_word' id='word_1_615' title='bbox 2360 4143 2481 4196; x_wconf 76' lang='lat' dir='ltr'><strong>vitte</strong></span> <span class='ocrx_word' id='word_1_616' title='bbox 2511 4155 2679 4209; x_wconf 87' lang='lat' dir='ltr'><strong>genus</strong></span> <span class='ocrx_word' id='word_1_617' title='bbox 2708 4137 2773 4191; x_wconf 90' lang='lat' dir='ltr'><strong>ad</strong></span> <span class='ocrx_word' id='word_1_618' title='bbox 2819 4151 3009 4192; x_wconf 78' lang='lat' dir='ltr'><strong>omnes</strong></span> <span class='ocrx_word' id='word_1_619' title='bbox 3037 4133 3361 4202; x_wconf 76' lang='lat' dir='ltr'><strong>evangelica:</strong></span> <span class='ocrx_word' id='word_1_620' title='bbox 3403 4146 3532 4200; x_wconf 85' lang='lat' dir='ltr'><strong>per-</strong></span> 
     </span>
    </p>
   </div>
   <div class='ocr_carea' id='block_1_84' title="bbox 1948 4222 3535 4299">
    <p class='ocr_par' dir='ltr' id='par_1_84' title="bbox 1948 4222 3535 4299">
     <span class='ocr_line' id='line_1_84' title="bbox 1948 4222 3535 4299; baseline -0.011 -4"><span class='ocrx_word' id='word_1_621' title='bbox 1948 4239 2194 4299; x_wconf 87' lang='lat' dir='ltr'><strong>fectionis</strong></span> <span class='ocrx_word' id='word_1_622' title='bbox 2237 4248 2491 4290; x_wconf 89' lang='lat' dir='ltr'><strong>numeros</strong></span> <span class='ocrx_word' id='word_1_623' title='bbox 2533 4238 2963 4298; x_wconf 88' lang='lat' dir='ltr'><strong>attemperatum,</strong></span> <span class='ocrx_word' id='word_1_624' title='bbox 2997 4227 3156 4281; x_wconf 89' lang='lat' dir='ltr'><strong>etiam</strong></span> <span class='ocrx_word' id='word_1_625' title='bbox 3187 4222 3535 4279; x_wconf 73' lang='lat' dir='ltr'><strong>nobiliSsimtu</strong></span> 
     </span>
    </p>
   </div>
   <div class='ocr_carea' id='block_1_85' title="bbox 341 4313 1839 4395">
    <p class='ocr_par' dir='ltr' id='par_1_85' title="bbox 341 4315 1839 4395">
     <span class='ocr_line' id='line_1_85' title="bbox 341 4315 1839 4395; baseline 0 -24"><span class='ocrx_word' id='word_1_626' title='bbox 341 4338 360 4370; x_wconf 76' lang='lat' dir='ltr'><strong>r</strong></span> <span class='ocrx_word' id='word_1_627' title='bbox 398 4319 547 4372; x_wconf 86' lang='lat' dir='ltr'><strong>Tunc</strong></span> <span class='ocrx_word' id='word_1_628' title='bbox 571 4318 746 4373; x_wconf 87' lang='lat' dir='ltr'><strong>subito</strong></span> <span class='ocrx_word' id='word_1_629' title='bbox 774 4319 1010 4387; x_wconf 89' lang='lat' dir='ltr'><strong>repletus</strong></span> <span class='ocrx_word' id='word_1_630' title='bbox 1037 4332 1218 4373; x_wconf 89' lang='lat' dir='ltr'><strong>amore</strong></span> <span class='ocrx_word' id='word_1_631' title='bbox 1239 4327 1447 4380; x_wconf 89' lang='lat' dir='ltr'><strong>sancto,</strong></span> <span class='ocrx_word' id='word_1_632' title='bbox 1471 4328 1523 4373; x_wconf 92' lang='lat' dir='ltr'><strong>et</strong></span> <span class='ocrx_word' id='word_1_633' title='bbox 1554 4315 1736 4376; x_wconf 77' lang='lat' dir='ltr'><strong>sobrio</strong></span> <span class='ocrx_word' id='word_1_634' title='bbox 1758 4332 1839 4395; x_wconf 86' lang='lat' dir='ltr'><strong>pu-</strong></span> 
     </span>
    </p>
   </div>
   <div class='ocr_carea' id='block_1_86' title="bbox 1946 4313 3537 4395">
    <p class='ocr_par' dir='ltr' id='par_1_86' title="bbox 1951 4313 3537 4386">
     <span class='ocr_line' id='line_1_86' title="bbox 1951 4313 3537 4386; baseline -0.011 -1"><span class='ocrx_word' id='word_1_635' title='bbox 1951 4331 2206 4385; x_wconf 74' lang='lat' dir='ltr'><strong>Romante</strong></span> <span class='ocrx_word' id='word_1_636' title='bbox 2247 4327 2460 4383; x_wconf 70' lang='lat' dir='ltr'><strong>feminae</strong></span> <span class='ocrx_word' id='word_1_637' title='bbox 2501 4322 2798 4379; x_wconf 88' lang='lat' dir='ltr'><strong>consectari</strong></span> <span class='ocrx_word' id='word_1_638' title='bbox 2849 4327 3149 4386; x_wconf 72' lang='lat' dir='ltr'><strong>coeperunt.</strong></span> <span class='ocrx_word' id='word_1_639' title='bbox 3179 4314 3364 4370; x_wconf 85' lang='lat' dir='ltr'><strong>Tradit</strong></span> <span class='ocrx_word' id='word_1_640' title='bbox 3392 4313 3537 4369; x_wconf 86' lang='lat' dir='ltr'><strong>enim</strong></span> 
     </span>
    </p>
   </div>
   <div class='ocr_carea' id='block_1_87' title="bbox 263 4409 1848 4479">
    <p class='ocr_par' dir='ltr' id='par_1_87' title="bbox 263 4409 1848 4479">
     <span class='ocr_line' id='line_1_87' title="bbox 263 4409 1848 4479; baseline 0.002 -16"><span class='ocrx_word' id='word_1_641' title='bbox 263 4412 392 4464; x_wconf 88' lang='lat' dir='ltr'><strong>dore</strong></span> <span class='ocrx_word' id='word_1_642' title='bbox 415 4411 584 4464; x_wconf 83' lang='lat' dir='ltr'><strong>iratus</strong></span> <span class='ocrx_word' id='word_1_643' title='bbox 610 4410 683 4464; x_wconf 89' lang='lat' dir='ltr'><strong>ita</strong></span> <span class='ocrx_word' id='word_1_644' title='bbox 714 4409 836 4474; x_wconf 88' lang='lat' dir='ltr'><strong>sibi,</strong></span> <span class='ocrx_word' id='word_1_645' title='bbox 862 4410 1090 4479; x_wconf 77' lang='lat' dir='ltr'><strong>coniecit</strong></span> <span class='ocrx_word' id='word_1_646' title='bbox 1117 4410 1300 4465; x_wconf 91' lang='lat' dir='ltr'><strong>oculos</strong></span> <span class='ocrx_word' id='word_1_647' title='bbox 1326 4411 1378 4464; x_wconf 91' lang='lat' dir='ltr'><strong>in</strong></span> <span class='ocrx_word' id='word_1_648' title='bbox 1411 4412 1662 4477; x_wconf 89' lang='lat' dir='ltr'><strong>amicum,</strong></span> <span class='ocrx_word' id='word_1_649' title='bbox 1692 4421 1745 4465; x_wconf 93' lang='lat' dir='ltr'><strong>et</strong></span> <span class='ocrx_word' id='word_1_650' title='bbox 1772 4411 1848 4466; x_wconf 90' lang='lat' dir='ltr'><strong>ait</strong></span> 
     </span>
    </p>
   </div>
   <div class='ocr_carea' id='block_1_88' title="bbox 263 4501 1847 4572">
    <p class='ocr_par' dir='ltr' id='par_1_88' title="bbox 263 4501 1847 4572">
     <span class='ocr_line' id='line_1_88' title="bbox 263 4501 1847 4572; baseline -0.001 -17"><span class='ocrx_word' id='word_1_651' title='bbox 263 4505 337 4556; x_wconf 89' lang='lat' dir='ltr'><strong>illi</strong></span> <span class='ocrx_word' id='word_1_652' title='bbox 378 4521 389 4556; x_wconf 94' lang='lat'><strong>:</strong></span> <span class='ocrx_word' id='word_1_653' title='bbox 422 4503 534 4566; x_wconf 87' lang='lat' dir='ltr'><strong>Dic,</strong></span> <span class='ocrx_word' id='word_1_654' title='bbox 565 4517 746 4572; x_wconf 65' lang='lat' dir='ltr'><strong>quasso</strong></span> <span class='ocrx_word' id='word_1_655' title='bbox 777 4511 850 4568; x_wconf 90' lang='lat' dir='ltr'><strong>te,</strong></span> <span class='ocrx_word' id='word_1_656' title='bbox 884 4502 1134 4556; x_wconf 89' lang='lat' dir='ltr'><strong>omnibus</strong></span> <span class='ocrx_word' id='word_1_657' title='bbox 1179 4501 1295 4555; x_wconf 90' lang='lat' dir='ltr'><strong>istis</strong></span> <span class='ocrx_word' id='word_1_658' title='bbox 1335 4501 1607 4555; x_wconf 86' lang='lat' dir='ltr'><strong>laboribus</strong></span> <span class='ocrx_word' id='word_1_659' title='bbox 1650 4501 1847 4555; x_wconf 87' lang='lat' dir='ltr'><strong>nostris</strong></span> 
     </span>
    </p>
   </div>
   <div class='ocr_carea' id='block_1_89' title="bbox 1951 4408 3537 4480">
    <p class='ocr_par' dir='ltr' id='par_1_89' title="bbox 1951 4408 3537 4480">
     <span class='ocr_line' id='line_1_89' title="bbox 1951 4408 3537 4480; baseline -0.01 -6"><span class='ocrx_word' id='word_1_660' title='bbox 1951 4420 2065 4476; x_wconf 80' lang='lat' dir='ltr'><strong>haec</strong></span> <span class='ocrx_word' id='word_1_661' title='bbox 2088 4420 2153 4474; x_wconf 91' lang='lat' dir='ltr'><strong>de</strong></span> <span class='ocrx_word' id='word_1_662' title='bbox 2179 4418 2262 4471; x_wconf 89' lang='lat' dir='ltr'><strong>his</strong></span> <span class='ocrx_word' id='word_1_663' title='bbox 2314 4425 2532 4472; x_wconf 88' lang='lat' dir='ltr'><strong>sanctus</strong></span> <span class='ocrx_word' id='word_1_664' title='bbox 2584 4415 2940 4480; x_wconf 82' lang='lat' dir='ltr'><strong>Hieronymus</strong></span> <span class='ocrx_word' id='word_1_665' title='bbox 2984 4427 2996 4462; x_wconf 93' lang='lat'>:</span> <span class='ocrx_word' id='word_1_666' title='bbox 3037 4428 3053 4461; x_wconf 74' lang='grc' dir='ltr'>ι</span> <span class='ocrx_word' id='word_1_667' title='bbox 3092 4408 3246 4462; x_wconf 89' lang='lat' dir='ltr'><strong>Nulla</strong></span> <span class='ocrx_word' id='word_1_668' title='bbox 3290 4422 3356 4460; x_wconf 91' lang='lat' dir='ltr'><strong>eo</strong></span> <span class='ocrx_word' id='word_1_669' title='bbox 3403 4416 3537 4460; x_wconf 81' lang='lat' dir='ltr'><strong>tem-</strong></span> 
     </span>
    </p>
   </div>
   <div class='ocr_carea' id='block_1_90' title="bbox 1951 4496 3536 4578">
    <p class='ocr_par' dir='ltr' id='par_1_90' title="bbox 1951 4496 3536 4578">
     <span class='ocr_line' id='line_1_90' title="bbox 1951 4496 3536 4578; baseline -0.009 -16"><span class='ocrx_word' id='word_1_670' title='bbox 1951 4525 2082 4578; x_wconf 88' lang='lat' dir='ltr'><strong>pore</strong></span> <span class='ocrx_word' id='word_1_671' title='bbox 2119 4507 2375 4563; x_wconf 90' lang='lat' dir='ltr'><strong>nobilium</strong></span> <span class='ocrx_word' id='word_1_672' title='bbox 2409 4505 2722 4560; x_wconf 88' lang='lat' dir='ltr'><strong>feminarum</strong></span> <span class='ocrx_word' id='word_1_673' title='bbox 2748 4512 2967 4556; x_wconf 88' lang='lat' dir='ltr'><strong>noverat</strong></span> <span class='ocrx_word' id='word_1_674' title='bbox 2991 4499 3175 4553; x_wconf 70' lang='lat' dir='ltr'><strong>Roma:</strong></span> <span class='ocrx_word' id='word_1_675' title='bbox 3206 4496 3536 4568; x_wconf 90' lang='lat' dir='ltr'><strong>propositum</strong></span> 
     </span>
    </p>
   </div>
   <div class='ocr_carea' id='block_1_91' title="bbox 263 4589 3533 4664">
    <p class='ocr_par' dir='ltr' id='par_1_91' title="bbox 263 4589 3533 4664">
     <span class='ocr_line' id='line_1_91' title="bbox 263 4589 3533 4664; baseline -0.004 -19"><span class='ocrx_word' id='word_1_676' title='bbox 263 4608 368 4658; x_wconf 89' lang='lat' dir='ltr'><strong>quo</strong></span> <span class='ocrx_word' id='word_1_677' title='bbox 393 4594 660 4652; x_wconf 86' lang='lat' dir='ltr'><strong>amhimus</strong></span> <span class='ocrx_word' id='word_1_678' title='bbox 700 4592 1021 4662; x_wconf 77' lang='lat' dir='ltr'><strong>pervenire?</strong></span> <span class='ocrx_word' id='word_1_679' title='bbox 1059 4592 1184 4662; x_wconf 91' lang='lat' dir='ltr'><strong>quid</strong></span> <span class='ocrx_word' id='word_1_680' title='bbox 1213 4591 1542 4662; x_wconf 70' lang='lat' dir='ltr'><strong>quaerimus?</strong></span> <span class='ocrx_word' id='word_1_681' title='bbox 1571 4589 1724 4658; x_wconf 85' lang='lat' dir='ltr'><strong>cujus</strong></span> <span class='ocrx_word' id='word_1_682' title='bbox 1769 4589 1849 4646; x_wconf 88' lang='lat' dir='ltr'><strong>rei</strong></span> <span class='ocrx_word' id='word_1_683' title='bbox 1878 4595 1926 4653; x_wconf 85' lang='lat' dir='ltr'><strong>D</strong></span> <span class='ocrx_word' id='word_1_684' title='bbox 1955 4600 2372 4664; x_wconf 72' lang='lat' dir='ltr'><strong>monachorum;</strong></span> <span class='ocrx_word' id='word_1_685' title='bbox 2417 4611 2514 4652; x_wconf 78' lang='lat' dir='ltr'><strong>nec</strong></span> <span class='ocrx_word' id='word_1_686' title='bbox 2540 4595 2772 4649; x_wconf 62' lang='lat' dir='ltr'><strong>audebat</strong></span> <span class='ocrx_word' id='word_1_687' title='bbox 2825 4599 3044 4662; x_wconf 64' lang='lat' dir='ltr'><strong>propter</strong></span> <span class='ocrx_word' id='word_1_688' title='bbox 3097 4591 3177 4645; x_wconf 79' lang='lat' dir='ltr'><strong>rei</strong></span> <span class='ocrx_word' id='word_1_689' title='bbox 3219 4589 3533 4654; x_wconf 59' lang='lat' dir='ltr'><strong>novitatem,</strong></span> 
     </span>
    </p>
   </div>
   <div class='ocr_carea' id='block_1_92' title="bbox 262 4685 1844 4754">
    <p class='ocr_par' dir='ltr' id='par_1_92' title="bbox 262 4685 1844 4754">
     <span class='ocr_line' id='line_1_92' title="bbox 262 4685 1844 4754; baseline -0.004 -14"><span class='ocrx_word' id='word_1_690' title='bbox 262 4700 426 4741; x_wconf 88' lang='lat' dir='ltr'><strong>causa</strong></span> <span class='ocrx_word' id='word_1_691' title='bbox 449 4685 781 4740; x_wconf 74' lang='lat' dir='ltr'><strong>militamus?</strong></span> <span class='ocrx_word' id='word_1_692' title='bbox 828 4685 1070 4753; x_wconf 81' lang='lat' dir='ltr'><strong>Majorne</strong></span> <span class='ocrx_word' id='word_1_693' title='bbox 1109 4699 1232 4739; x_wconf 86' lang='lat' dir='ltr'><strong>esse</strong></span> <span class='ocrx_word' id='word_1_694' title='bbox 1272 4685 1470 4754; x_wconf 87' lang='lat' dir='ltr'><strong>poterit</strong></span> <span class='ocrx_word' id='word_1_695' title='bbox 1512 4698 1634 4751; x_wconf 90' lang='lat' dir='ltr'><strong>spes</strong></span> <span class='ocrx_word' id='word_1_696' title='bbox 1663 4692 1844 4736; x_wconf 90' lang='lat' dir='ltr'><strong>nostra</strong></span> 
     </span>
    </p>
   </div>
   <div class='ocr_carea' id='block_1_93' title="bbox 265 4774 1844 4848">
    <p class='ocr_par' dir='ltr' id='par_1_93' title="bbox 265 4774 1844 4848">
     <span class='ocr_line' id='line_1_93' title="bbox 265 4774 1844 4848; baseline -0.002 -15"><span class='ocrx_word' id='word_1_697' title='bbox 265 4781 316 4833; x_wconf 89' lang='lat' dir='ltr'><strong>iu</strong></span> <span class='ocrx_word' id='word_1_698' title='bbox 346 4779 566 4848; x_wconf 82' lang='lat' dir='ltr'><strong>palatio,</strong></span> <span class='ocrx_word' id='word_1_699' title='bbox 597 4793 759 4847; x_wconf 91' lang='lat' dir='ltr'><strong>quam</strong></span> <span class='ocrx_word' id='word_1_700' title='bbox 801 4786 860 4830; x_wconf 95' lang='lat' dir='ltr'><strong>ut</strong></span> <span class='ocrx_word' id='word_1_701' title='bbox 886 4776 1044 4830; x_wconf 91' lang='lat' dir='ltr'><strong>amici</strong></span> <span class='ocrx_word' id='word_1_702' title='bbox 1090 4777 1426 4845; x_wconf 90' lang='lat' dir='ltr'><strong>imperatoris</strong></span> <span class='ocrx_word' id='word_1_703' title='bbox 1454 4775 1658 4830; x_wconf 76' lang='lat' dir='ltr'><strong>simus?</strong></span> <span class='ocrx_word' id='word_1_704' title='bbox 1683 4775 1750 4830; x_wconf 84' lang='lat' dir='ltr'><strong>Et</strong></span> <span class='ocrx_word' id='word_1_705' title='bbox 1773 4774 1844 4830; x_wconf 90' lang='lat' dir='ltr'><strong>ibi</strong></span> 
     </span>
    </p>
   </div>
   <div class='ocr_carea' id='block_1_94' title="bbox 263 4866 1848 4939">
    <p class='ocr_par' dir='ltr' id='par_1_94' title="bbox 263 4866 1848 4939">
     <span class='ocr_line' id='line_1_94' title="bbox 263 4866 1848 4939; baseline -0.002 -16"><span class='ocrx_word' id='word_1_706' title='bbox 263 4870 388 4939; x_wconf 87' lang='lat' dir='ltr'><strong>quid</strong></span> <span class='ocrx_word' id='word_1_707' title='bbox 419 4885 523 4923; x_wconf 90' lang='lat' dir='ltr'><strong>non</strong></span> <span class='ocrx_word' id='word_1_708' title='bbox 550 4867 739 4939; x_wconf 83' lang='lat' dir='ltr'><strong>fragile</strong></span> <span class='ocrx_word' id='word_1_709' title='bbox 787 4869 1110 4938; x_wconf 87' lang='lat' dir='ltr'><strong>plenumque</strong></span> <span class='ocrx_word' id='word_1_710' title='bbox 1155 4867 1446 4936; x_wconf 88' lang='lat' dir='ltr'><strong>periculis?</strong></span> <span class='ocrx_word' id='word_1_711' title='bbox 1475 4866 1538 4920; x_wconf 86' lang='lat' dir='ltr'><strong>Et</strong></span> <span class='ocrx_word' id='word_1_712' title='bbox 1575 4881 1670 4936; x_wconf 88' lang='lat' dir='ltr'><strong>per</strong></span> <span class='ocrx_word' id='word_1_713' title='bbox 1718 4876 1848 4934; x_wconf 91' lang='lat' dir='ltr'><strong>quot</strong></span> 
     </span>
    </p>
   </div>
   <div class='ocr_carea' id='block_1_95' title="bbox 264 4959 1847 5033">
    <p class='ocr_par' dir='ltr' id='par_1_95' title="bbox 264 4959 1847 5033">
     <span class='ocr_line' id='line_1_95' title="bbox 264 4959 1847 5033; baseline -0.001 -21"><span class='ocrx_word' id='word_1_714' title='bbox 264 4963 499 5032; x_wconf 77' lang='lat' dir='ltr'><strong>pericula</strong></span> <span class='ocrx_word' id='word_1_715' title='bbox 529 4961 838 5032; x_wconf 89' lang='lat' dir='ltr'><strong>pervenitur</strong></span> <span class='ocrx_word' id='word_1_716' title='bbox 869 4961 933 5015; x_wconf 91' lang='lat' dir='ltr'><strong>ad</strong></span> <span class='ocrx_word' id='word_1_717' title='bbox 963 4960 1213 5033; x_wconf 79' lang='lat' dir='ltr'><strong>grandius</strong></span> <span class='ocrx_word' id='word_1_718' title='bbox 1240 4959 1567 5027; x_wconf 90' lang='lat' dir='ltr'><strong>periculum?</strong></span> <span class='ocrx_word' id='word_1_719' title='bbox 1599 4967 1652 5012; x_wconf 92' lang='lat' dir='ltr'><strong>et</strong></span> <span class='ocrx_word' id='word_1_720' title='bbox 1679 4973 1847 5028; x_wconf 89' lang='lat' dir='ltr'><strong>quan-</strong></span> 
     </span>
    </p>
   </div>
   <div class='ocr_carea' id='block_1_96' title="bbox 265 5049 1848 5130">
    <p class='ocr_par' dir='ltr' id='par_1_96' title="bbox 265 5049 1848 5130">
     <span class='ocr_line' id='line_1_96' title="bbox 265 5049 1848 5130; baseline -0.004 -20"><span class='ocrx_word' id='word_1_721' title='bbox 265 5057 354 5130; x_wconf 80' lang='lat' dir='ltr'><strong>diu</strong></span> <span class='ocrx_word' id='word_1_722' title='bbox 383 5055 523 5109; x_wconf 80' lang='lat' dir='ltr'><strong>istud</strong></span> <span class='ocrx_word' id='word_1_723' title='bbox 554 5055 696 5108; x_wconf 87' lang='lat' dir='ltr'><strong>erit?</strong></span> <span class='ocrx_word' id='word_1_724' title='bbox 724 5053 942 5108; x_wconf 79' lang='lat' dir='ltr'><strong>Amicus</strong></span> <span class='ocrx_word' id='word_1_725' title='bbox 983 5062 1160 5106; x_wconf 90' lang='lat' dir='ltr'><strong>autem</strong></span> <span class='ocrx_word' id='word_1_726' title='bbox 1209 5050 1326 5117; x_wconf 88' lang='lat' dir='ltr'><strong>Dei,</strong></span> <span class='ocrx_word' id='word_1_727' title='bbox 1356 5049 1399 5104; x_wconf 87' lang='lat' dir='ltr'><strong>si</strong></span> <span class='ocrx_word' id='word_1_728' title='bbox 1449 5050 1688 5115; x_wconf 87' lang='lat' dir='ltr'><strong>voluero,</strong></span> <span class='ocrx_word' id='word_1_729' title='bbox 1722 5064 1848 5104; x_wconf 85' lang='lat' dir='ltr'><strong>ecce</strong></span> 
     </span>
    </p>
   </div>
   <div class='ocr_carea' id='block_1_97' title="bbox 268 5144 1851 5212">
    <p class='ocr_par' dir='ltr' id='par_1_97' title="bbox 268 5144 1851 5212">
     <span class='ocr_line' id='line_1_97' title="bbox 268 5144 1851 5212; baseline -0.004 -10"><span class='ocrx_word' id='word_1_730' title='bbox 268 5163 409 5202; x_wconf 88' lang='lat' dir='ltr'><strong>nunc</strong></span> <span class='ocrx_word' id='word_1_731' title='bbox 435 5147 525 5201; x_wconf 85' lang='lat' dir='ltr'><strong>lio.</strong></span> <span class='ocrx_word' id='word_1_732' title='bbox 576 5146 716 5200; x_wconf 59' lang='lat' dir='ltr'><strong>Dixit</strong></span> <span class='ocrx_word' id='word_1_733' title='bbox 755 5146 875 5208; x_wconf 91' lang='lat' dir='ltr'><strong>hoc,</strong></span> <span class='ocrx_word' id='word_1_734' title='bbox 907 5155 964 5200; x_wconf 89' lang='lat' dir='ltr'><strong>et</strong></span> <span class='ocrx_word' id='word_1_735' title='bbox 1009 5144 1246 5211; x_wconf 83' lang='lat' dir='ltr'><strong>turgidus</strong></span> <span class='ocrx_word' id='word_1_736' title='bbox 1303 5144 1654 5212; x_wconf 85' lang='lat' dir='ltr'><strong>parturitione</strong></span> <span class='ocrx_word' id='word_1_737' title='bbox 1697 5157 1851 5196; x_wconf 81' lang='lat' dir='ltr'><strong>novae</strong></span> 
     </span>
    </p>
   </div>
   <div class='ocr_carea' id='block_1_98' title="bbox 265 5233 1853 5303">
    <p class='ocr_par' dir='ltr' id='par_1_98' title="bbox 265 5233 1853 5303">
     <span class='ocr_line' id='line_1_98' title="bbox 265 5233 1853 5303; baseline -0.001 -14"><span class='ocrx_word' id='word_1_738' title='bbox 265 5239 411 5302; x_wconf 70' lang='lat' dir='ltr'><strong>vitae,</strong></span> <span class='ocrx_word' id='word_1_739' title='bbox 460 5235 692 5291; x_wconf 86' lang='lat' dir='ltr'><strong>reddidit</strong></span> <span class='ocrx_word' id='word_1_740' title='bbox 730 5235 915 5289; x_wconf 88' lang='lat' dir='ltr'><strong>oculos</strong></span> <span class='ocrx_word' id='word_1_741' title='bbox 969 5233 1194 5303; x_wconf 87' lang='lat' dir='ltr'><strong>paginis,</strong></span> <span class='ocrx_word' id='word_1_742' title='bbox 1221 5241 1277 5288; x_wconf 89' lang='lat' dir='ltr'><strong>et</strong></span> <span class='ocrx_word' id='word_1_743' title='bbox 1324 5235 1552 5303; x_wconf 75' lang='lat' dir='ltr'><strong>legebat,</strong></span> <span class='ocrx_word' id='word_1_744' title='bbox 1585 5241 1642 5287; x_wconf 90' lang='lat' dir='ltr'><strong>et</strong></span> <span class='ocrx_word' id='word_1_745' title='bbox 1681 5244 1853 5288; x_wconf 86' lang='lat' dir='ltr'><strong>muta-</strong></span> 
     </span>
    </p>
   </div>
   <div class='ocr_carea' id='block_1_99' title="bbox 265 5324 1850 5398">
    <p class='ocr_par' dir='ltr' id='par_1_99' title="bbox 265 5324 1850 5398">
     <span class='ocr_line' id='line_1_99' title="bbox 265 5324 1850 5398; baseline -0.001 -14"><span class='ocrx_word' id='word_1_746' title='bbox 265 5335 422 5398; x_wconf 72' lang='lat' dir='ltr'><strong>batur</strong></span> <span class='ocrx_word' id='word_1_747' title='bbox 471 5333 634 5397; x_wconf 86' lang='lat' dir='ltr'><strong>intus,</strong></span> <span class='ocrx_word' id='word_1_748' title='bbox 666 5331 756 5386; x_wconf 91' lang='lat' dir='ltr'><strong>ubi</strong></span> <span class='ocrx_word' id='word_1_749' title='bbox 805 5339 858 5385; x_wconf 92' lang='lat' dir='ltr'><strong>tu</strong></span> <span class='ocrx_word' id='word_1_750' title='bbox 889 5330 1140 5396; x_wconf 85' lang='lat' dir='ltr'><strong>videbas,</strong></span> <span class='ocrx_word' id='word_1_751' title='bbox 1194 5337 1249 5383; x_wconf 91' lang='lat' dir='ltr'><strong>et</strong></span> <span class='ocrx_word' id='word_1_752' title='bbox 1301 5328 1595 5383; x_wconf 87' lang='lat' dir='ltr'><strong>exuebatur</strong></span> <span class='ocrx_word' id='word_1_753' title='bbox 1650 5324 1850 5382; x_wconf 89' lang='lat' dir='ltr'><strong>mundo</strong></span> 
     </span>
    </p>
   </div>
   <div class='ocr_carea' id='block_1_100' title="bbox 266 5418 1852 5492">
    <p class='ocr_par' dir='ltr' id='par_1_100' title="bbox 266 5418 1852 5492">
     <span class='ocr_line' id='line_1_100' title="bbox 266 5418 1852 5492; baseline -0.001 -17"><span class='ocrx_word' id='word_1_754' title='bbox 266 5438 422 5478; x_wconf 81' lang='lat' dir='ltr'><strong>mens</strong></span> <span class='ocrx_word' id='word_1_755' title='bbox 449 5423 586 5492; x_wconf 87' lang='lat' dir='ltr'><strong>ejus,</strong></span> <span class='ocrx_word' id='word_1_756' title='bbox 615 5433 673 5476; x_wconf 93' lang='lat' dir='ltr'><strong>ut</strong></span> <span class='ocrx_word' id='word_1_757' title='bbox 717 5436 837 5476; x_wconf 87' lang='lat' dir='ltr'><strong>mox</strong></span> <span class='ocrx_word' id='word_1_758' title='bbox 890 5422 1160 5491; x_wconf 90' lang='lat' dir='ltr'><strong>apparuit.</strong></span> <span class='ocrx_word' id='word_1_759' title='bbox 1193 5420 1431 5487; x_wconf 84' lang='lat' dir='ltr'><strong>Namque</strong></span> <span class='ocrx_word' id='word_1_760' title='bbox 1460 5418 1587 5472; x_wconf 89' lang='lat' dir='ltr'><strong>dum</strong></span> <span class='ocrx_word' id='word_1_761' title='bbox 1640 5418 1765 5488; x_wconf 90' lang='lat' dir='ltr'><strong>legit</strong></span> <span class='ocrx_word' id='word_1_762' title='bbox 1794 5426 1852 5473; x_wconf 92' lang='lat' dir='ltr'><strong>et</strong></span> 
     </span>
    </p>
   </div>
   <div class='ocr_carea' id='block_1_101' title="bbox 264 5514 1851 5586">
    <p class='ocr_par' dir='ltr' id='par_1_101' title="bbox 264 5514 1851 5586">
     <span class='ocr_line' id='line_1_101' title="bbox 264 5514 1851 5586; baseline -0.002 -16"><span class='ocrx_word' id='word_1_763' title='bbox 264 5518 433 5581; x_wconf 71' lang='lat' dir='ltr'><strong>volvit</strong></span> <span class='ocrx_word' id='word_1_764' title='bbox 465 5516 658 5578; x_wconf 84' lang='lat' dir='ltr'><strong>fluctus</strong></span> <span class='ocrx_word' id='word_1_765' title='bbox 685 5515 862 5571; x_wconf 88' lang='lat' dir='ltr'><strong>cordis</strong></span> <span class='ocrx_word' id='word_1_766' title='bbox 889 5517 993 5582; x_wconf 86' lang='lat' dir='ltr'><strong>sui,</strong></span> <span class='ocrx_word' id='word_1_767' title='bbox 1025 5516 1299 5576; x_wconf 84' lang='lat' dir='ltr'><strong>infremuit</strong></span> <span class='ocrx_word' id='word_1_768' title='bbox 1344 5516 1632 5586; x_wconf 84' lang='lat' dir='ltr'><strong>aliquando</strong></span> <span class='ocrx_word' id='word_1_769' title='bbox 1661 5524 1717 5570; x_wconf 82' lang='lat' dir='ltr'><strong>et</strong></span> <span class='ocrx_word' id='word_1_770' title='bbox 1742 5514 1851 5568; x_wconf 87' lang='lat' dir='ltr'><strong>dis-</strong></span> 
     </span>
    </p>
   </div>
   <div class='ocr_carea' id='block_1_102' title="bbox 263 5607 1847 5682">
    <p class='ocr_par' dir='ltr' id='par_1_102' title="bbox 263 5607 1847 5682">
     <span class='ocr_line' id='line_1_102' title="bbox 263 5607 1847 5682; baseline -0.001 -20"><span class='ocrx_word' id='word_1_771' title='bbox 263 5611 463 5672; x_wconf 81' lang='lat' dir='ltr'><strong>crevit,</strong></span> <span class='ocrx_word' id='word_1_772' title='bbox 495 5608 837 5676; x_wconf 86' lang='lat' dir='ltr'><strong>decrevitque</strong></span> <span class='ocrx_word' id='word_1_773' title='bbox 881 5609 1131 5674; x_wconf 84' lang='lat' dir='ltr'><strong>meliora;</strong></span> <span class='ocrx_word' id='word_1_774' title='bbox 1160 5607 1380 5682; x_wconf 86' lang='lat' dir='ltr'><strong>jamque</strong></span> <span class='ocrx_word' id='word_1_775' title='bbox 1408 5619 1529 5662; x_wconf 87' lang='lat' dir='ltr'><strong>tuus</strong></span> <span class='ocrx_word' id='word_1_776' title='bbox 1568 5611 1641 5661; x_wconf 90' lang='lat' dir='ltr'><strong>ait</strong></span> <span class='ocrx_word' id='word_1_777' title='bbox 1677 5609 1847 5662; x_wconf 90' lang='lat' dir='ltr'><strong>amico</strong></span> 
     </span>
    </p>
   </div>
   <div class='ocr_carea' id='block_1_103' title="bbox 261 5697 1849 5781">
    <p class='ocr_par' dir='ltr' id='par_1_103' title="bbox 261 5697 1849 5781">
     <span class='ocr_line' id='line_1_103' title="bbox 261 5697 1849 5781; baseline -0.001 -26"><span class='ocrx_word' id='word_1_778' title='bbox 261 5718 366 5755; x_wconf 88' lang='lat' dir='ltr'><strong>suo</strong></span> <span class='ocrx_word' id='word_1_779' title='bbox 403 5717 414 5751; x_wconf 82' lang='lat' dir='ltr'><em>z</em></span> <span class='ocrx_word' id='word_1_780' title='bbox 451 5697 693 5781; x_wconf 66' lang='lat' dir='ltr'><strong>Egojam</strong></span> <span class='ocrx_word' id='word_1_781' title='bbox 723 5699 906 5770; x_wconf 88' lang='lat' dir='ltr'><strong>abrupi</strong></span> <span class='ocrx_word' id='word_1_782' title='bbox 939 5715 1021 5758; x_wconf 84' lang='lat' dir='ltr'><strong>me</strong></span> <span class='ocrx_word' id='word_1_783' title='bbox 1056 5700 1123 5754; x_wconf 90' lang='lat' dir='ltr'><strong>ab</strong></span> <span class='ocrx_word' id='word_1_784' title='bbox 1153 5700 1240 5755; x_wconf 88' lang='lat' dir='ltr'><strong>illa</strong></span> <span class='ocrx_word' id='word_1_785' title='bbox 1271 5715 1366 5768; x_wconf 86' lang='lat' dir='ltr'><strong>spe</strong></span> <span class='ocrx_word' id='word_1_786' title='bbox 1420 5709 1621 5764; x_wconf 87' lang='lat' dir='ltr'><strong>nostra,</strong></span> <span class='ocrx_word' id='word_1_787' title='bbox 1654 5708 1708 5752; x_wconf 84' lang='lat' dir='ltr'><strong>et</strong></span> <span class='ocrx_word' id='word_1_788' title='bbox 1739 5699 1849 5753; x_wconf 81' lang='lat' dir='ltr'><strong>Deo</strong></span> 
     </span>
    </p>
   </div>
   <div class='ocr_carea' id='block_1_104' title="bbox 267 5789 1872 5868">
    <p class='ocr_par' dir='ltr' id='par_1_104' title="bbox 267 5789 1872 5868">
     <span class='ocr_line' id='line_1_104' title="bbox 267 5789 1872 5868; baseline 0 -20"><span class='ocrx_word' id='word_1_789' title='bbox 267 5793 470 5868; x_wconf 55' lang='lat' dir='ltr'><strong>servile</strong></span> <span class='ocrx_word' id='word_1_790' title='bbox 494 5791 674 5858; x_wconf 64' lang='lat' dir='ltr'><strong>statui,</strong></span> <span class='ocrx_word' id='word_1_791' title='bbox 705 5801 756 5848; x_wconf 87' lang='lat' dir='ltr'><strong>et</strong></span> <span class='ocrx_word' id='word_1_792' title='bbox 787 5789 887 5849; x_wconf 84' lang='lat' dir='ltr'><strong>hoc</strong></span> <span class='ocrx_word' id='word_1_793' title='bbox 913 5808 977 5850; x_wconf 86' lang='lat' dir='ltr'><strong>cx</strong></span> <span class='ocrx_word' id='word_1_794' title='bbox 1003 5791 1129 5850; x_wconf 88' lang='lat' dir='ltr'><strong>hora</strong></span> <span class='ocrx_word' id='word_1_795' title='bbox 1157 5791 1254 5848; x_wconf 89' lang='lat' dir='ltr'><strong>hac</strong></span> <span class='ocrx_word' id='word_1_796' title='bbox 1284 5790 1337 5849; x_wconf 86' lang='lat' dir='ltr'><strong>in</strong></span> <span class='ocrx_word' id='word_1_797' title='bbox 1368 5790 1469 5849; x_wconf 86' lang='lat' dir='ltr'><strong>hoc</strong></span> <span class='ocrx_word' id='word_1_798' title='bbox 1497 5791 1614 5850; x_wconf 77' lang='lat' dir='ltr'><strong>loco</strong></span> <span class='ocrx_word' id='word_1_799' title='bbox 1653 5805 1843 5860; x_wconf 78' lang='lat' dir='ltr'><strong>aggre-</strong></span> <span class='ocrx_word' id='word_1_800' title='bbox 1869 5818 1872 5821; x_wconf 94' lang='lat'><strong><em>-</em></strong></span> 
     </span>
    </p>
   </div>
   <div class='ocr_carea' id='block_1_105' title="bbox 1951 4678 3540 4761">
    <p class='ocr_par' dir='ltr' id='par_1_105' title="bbox 1951 4678 3540 4761">
     <span class='ocr_line' id='line_1_105' title="bbox 1951 4678 3540 4761; baseline -0.008 -14"><span class='ocrx_word' id='word_1_801' title='bbox 1951 4689 2364 4761; x_wconf 90' lang='lat' dir='ltr'><strong>ignominiosum</strong></span> <span class='ocrx_word' id='word_1_802' title='bbox 2393 4687 2475 4759; x_wconf 93' lang='lat' dir='ltr'><strong>(ut</strong></span> <span class='ocrx_word' id='word_1_803' title='bbox 2517 4695 2641 4740; x_wconf 90' lang='lat' dir='ltr'><strong>tunc</strong></span> <span class='ocrx_word' id='word_1_804' title='bbox 2671 4683 2976 4756; x_wconf 87' lang='lat' dir='ltr'><strong>putabatur)</strong></span> <span class='ocrx_word' id='word_1_805' title='bbox 3003 4692 3056 4738; x_wconf 92' lang='lat' dir='ltr'><strong>et</strong></span> <span class='ocrx_word' id='word_1_806' title='bbox 3099 4683 3205 4737; x_wconf 87' lang='lat' dir='ltr'><strong>vile</strong></span> <span class='ocrx_word' id='word_1_807' title='bbox 3247 4682 3299 4734; x_wconf 91' lang='lat' dir='ltr'><strong>in</strong></span> <span class='ocrx_word' id='word_1_808' title='bbox 3327 4678 3540 4746; x_wconf 72' lang='lat' dir='ltr'><strong>poltulis</strong></span> 
     </span>
    </p>
   </div>
   <div class='ocr_carea' id='block_1_106' title="bbox 1952 4771 3537 4845">
    <p class='ocr_par' dir='ltr' id='par_1_106' title="bbox 1952 4771 3537 4845">
     <span class='ocr_line' id='line_1_106' title="bbox 1952 4771 3537 4845; baseline -0.01 -6"><span class='ocrx_word' id='word_1_809' title='bbox 1952 4772 2149 4840; x_wconf 85' lang='lat' dir='ltr'><strong>nomen</strong></span> <span class='ocrx_word' id='word_1_810' title='bbox 2187 4795 2485 4836; x_wconf 84' lang='lat' dir='ltr'><strong>assumere.</strong></span> <span class='ocrx_word' id='word_1_811' title='bbox 2518 4779 2642 4833; x_wconf 68' lang='lat' dir='ltr'><strong>Haec</strong></span> <span class='ocrx_word' id='word_1_812' title='bbox 2693 4776 2990 4845; x_wconf 79' lang='lat' dir='ltr'><strong>(Marcella)</strong></span> <span class='ocrx_word' id='word_1_813' title='bbox 3039 4775 3105 4829; x_wconf 85' lang='lat' dir='ltr'><strong>ab</strong></span> <span class='ocrx_word' id='word_1_814' title='bbox 3161 4771 3537 4829; x_wconf 79' lang='lat' dir='ltr'><strong>Alexandrinis</strong></span> 
     </span>
    </p>
   </div>
   <div class='ocr_carea' id='block_1_107' title="bbox 1954 4867 3535 4946">
    <p class='ocr_par' dir='ltr' id='par_1_107' title="bbox 1954 4867 3535 4946">
     <span class='ocr_line' id='line_1_107' title="bbox 1954 4867 3535 4946; baseline -0.008 -15"><span class='ocrx_word' id='word_1_815' title='bbox 1954 4878 2099 4946; x_wconf 91' lang='lat' dir='ltr'><strong>prius</strong></span> <span class='ocrx_word' id='word_1_816' title='bbox 2144 4873 2531 4937; x_wconf 88' lang='lat' dir='ltr'><strong>sacerdotibus,</strong></span> <span class='ocrx_word' id='word_1_817' title='bbox 2586 4885 2824 4940; x_wconf 77' lang='lat' dir='ltr'><strong>papaque</strong></span> <span class='ocrx_word' id='word_1_818' title='bbox 2855 4867 3197 4932; x_wconf 56' lang='lat' dir='ltr'><strong>Athanasio,</strong></span> <span class='ocrx_word' id='word_1_819' title='bbox 3250 4873 3306 4920; x_wconf 89' lang='lat' dir='ltr'><strong>et</strong></span> <span class='ocrx_word' id='word_1_820' title='bbox 3351 4873 3535 4934; x_wconf 86' lang='lat' dir='ltr'><strong>postea</strong></span> 
     </span>
    </p>
   </div>
   <div class='ocr_carea' id='block_1_108' title="bbox 1955 4955 3533 5035">
    <p class='ocr_par' dir='ltr' id='par_1_108' title="bbox 1955 4955 3533 5035">
     <span class='ocr_line' id='line_1_108' title="bbox 1955 4955 3533 5035; baseline -0.01 -12"><span class='ocrx_word' id='word_1_821' title='bbox 1955 4967 2134 5034; x_wconf 89' lang='lat' dir='ltr'><strong>Petro,</strong></span> <span class='ocrx_word' id='word_1_822' title='bbox 2162 4967 2250 5035; x_wconf 89' lang='lat' dir='ltr'><strong>qui</strong></span> <span class='ocrx_word' id='word_1_823' title='bbox 2281 4964 2700 5034; x_wconf 89' lang='lat' dir='ltr'><strong>persecutionem</strong></span> <span class='ocrx_word' id='word_1_824' title='bbox 2725 4959 2937 5013; x_wconf 75' lang='lat' dir='ltr'><strong>Ariana:</strong></span> <span class='ocrx_word' id='word_1_825' title='bbox 2965 4957 3234 5010; x_wconf 68' lang='lat' dir='ltr'><strong>haereseos</strong></span> <span class='ocrx_word' id='word_1_826' title='bbox 3259 4955 3533 5010; x_wconf 86' lang='lat' dir='ltr'><strong>declinan-</strong></span> 
     </span>
    </p>
   </div>
   <div class='ocr_carea' id='block_1_109' title="bbox 1959 5046 3530 5125">
    <p class='ocr_par' dir='ltr' id='par_1_109' title="bbox 1959 5046 3530 5125">
     <span class='ocr_line' id='line_1_109' title="bbox 1959 5046 3530 5125; baseline -0.008 -16"><span class='ocrx_word' id='word_1_827' title='bbox 1959 5064 2065 5121; x_wconf 90' lang='lat' dir='ltr'><strong>tes,</strong></span> <span class='ocrx_word' id='word_1_828' title='bbox 2089 5054 2240 5125; x_wconf 92' lang='lat' dir='ltr'><strong>quasi</strong></span> <span class='ocrx_word' id='word_1_829' title='bbox 2277 5053 2341 5108; x_wconf 90' lang='lat' dir='ltr'><strong>ad</strong></span> <span class='ocrx_word' id='word_1_830' title='bbox 2367 5051 2690 5107; x_wconf 91' lang='lat' dir='ltr'><strong>tutissimum</strong></span> <span class='ocrx_word' id='word_1_831' title='bbox 2717 5046 3110 5102; x_wconf 86' lang='lat' dir='ltr'><strong>communionis</strong></span> <span class='ocrx_word' id='word_1_832' title='bbox 3155 5060 3264 5100; x_wconf 78' lang='lat' dir='ltr'><strong>sua:</strong></span> <span class='ocrx_word' id='word_1_833' title='bbox 3296 5055 3530 5113; x_wconf 84' lang='lat' dir='ltr'><strong>portum,</strong></span> 
     </span>
    </p>
   </div>
   <div class='ocr_carea' id='block_1_110' title="bbox 1958 5135 3542 5215">
    <p class='ocr_par' dir='ltr' id='par_1_110' title="bbox 1958 5135 3542 5215">
     <span class='ocr_line' id='line_1_110' title="bbox 1958 5135 3542 5215; baseline -0.007 -15"><span class='ocrx_word' id='word_1_834' title='bbox 1958 5146 2180 5200; x_wconf 89' lang='lat' dir='ltr'><strong>Romam</strong></span> <span class='ocrx_word' id='word_1_835' title='bbox 2202 5145 2574 5215; x_wconf 87' lang='lat' dir='ltr'><strong>confugerant,</strong></span> <span class='ocrx_word' id='word_1_836' title='bbox 2605 5142 2766 5193; x_wconf 90' lang='lat' dir='ltr'><strong>vitam</strong></span> <span class='ocrx_word' id='word_1_837' title='bbox 2801 5137 2940 5194; x_wconf 89' lang='lat' dir='ltr'><strong>beati</strong></span> <span class='ocrx_word' id='word_1_838' title='bbox 2969 5135 3184 5191; x_wconf 83' lang='lat' dir='ltr'><strong>Antonii</strong></span> <span class='ocrx_word' id='word_1_839' title='bbox 3216 5135 3391 5190; x_wconf 89' lang='lat' dir='ltr'><strong>adhuc</strong></span> <span class='ocrx_word' id='word_1_840' title='bbox 3414 5145 3542 5189; x_wconf 85' lang='lat' dir='ltr'><strong>tunc</strong></span> 
     </span>
    </p>
   </div>
   <div class='ocr_carea' id='block_1_111' title="bbox 1956 5225 3541 5302">
    <p class='ocr_par' dir='ltr' id='par_1_111' title="bbox 1956 5225 3541 5302">
     <span class='ocr_line' id='line_1_111' title="bbox 1956 5225 3541 5302; baseline -0.008 -11"><span class='ocrx_word' id='word_1_841' title='bbox 1956 5237 2208 5302; x_wconf 85' lang='lat' dir='ltr'><strong>viventis,</strong></span> <span class='ocrx_word' id='word_1_842' title='bbox 2255 5233 2810 5299; x_wconf 87' lang='lat' dir='ltr'><strong>monasteriorumque</strong></span> <span class='ocrx_word' id='word_1_843' title='bbox 2841 5229 2892 5282; x_wconf 93' lang='lat' dir='ltr'><strong>in</strong></span> <span class='ocrx_word' id='word_1_844' title='bbox 2921 5227 3196 5283; x_wconf 84' lang='lat' dir='ltr'><strong>Thebaide</strong></span> <span class='ocrx_word' id='word_1_845' title='bbox 3244 5225 3541 5293; x_wconf 79' lang='lat' dir='ltr'><strong>Pachumii,</strong></span> 
     </span>
    </p>
   </div>
   <div class='ocr_carea' id='block_1_112' title="bbox 1959 5319 3585 5398">
    <p class='ocr_par' dir='ltr' id='par_1_112' title="bbox 1959 5319 3585 5398">
     <span class='ocr_line' id='line_1_112' title="bbox 1959 5319 3585 5398; baseline -0.007 -14"><span class='ocrx_word' id='word_1_846' title='bbox 1959 5340 2012 5384; x_wconf 88' lang='lat' dir='ltr'><strong>et</strong></span> <span class='ocrx_word' id='word_1_847' title='bbox 2041 5328 2304 5398; x_wconf 86' lang='lat' dir='ltr'><strong>virginum</strong></span> <span class='ocrx_word' id='word_1_848' title='bbox 2335 5340 2398 5379; x_wconf 88' lang='lat' dir='ltr'><strong>ac</strong></span> <span class='ocrx_word' id='word_1_849' title='bbox 2441 5325 2720 5378; x_wconf 89' lang='lat' dir='ltr'><strong>viduarum</strong></span> <span class='ocrx_word' id='word_1_850' title='bbox 2771 5319 2953 5376; x_wconf 92' lang='lat' dir='ltr'><strong>didicit</strong></span> <span class='ocrx_word' id='word_1_851' title='bbox 3012 5319 3350 5388; x_wconf 85' lang='lat' dir='ltr'><strong>disciplinam</strong></span> <span class='ocrx_word' id='word_1_852' title='bbox 3376 5360 3391 5384; x_wconf 93' lang='lat'><strong>,</strong></span> <span class='ocrx_word' id='word_1_853' title='bbox 3441 5333 3544 5374; x_wconf 88' lang='lat' dir='ltr'><strong>nec</strong></span> <span class='ocrx_word' id='word_1_854' title='bbox 3568 5380 3585 5398; x_wconf 26' lang='grc' dir='ltr'><strong>Α</strong></span> 
     </span>
    </p>
   </div>
   <div class='ocr_carea' id='block_1_113' title="bbox 1958 5395 3583 5488">
    <p class='ocr_par' dir='ltr' id='par_1_113' title="bbox 1958 5395 3583 5488">
     <span class='ocr_line' id='line_1_113' title="bbox 1958 5395 3583 5488; baseline -0.01 -13"><span class='ocrx_word' id='word_1_855' title='bbox 1958 5395 2172 5476; x_wconf 86' lang='lat' dir='ltr'><strong>erubuit</strong></span> <span class='ocrx_word' id='word_1_856' title='bbox 2222 5417 2458 5488; x_wconf 88' lang='lat' dir='ltr'><strong>profiteri</strong></span> <span class='ocrx_word' id='word_1_857' title='bbox 2499 5415 2642 5485; x_wconf 90' lang='lat' dir='ltr'><strong>quod</strong></span> <span class='ocrx_word' id='word_1_858' title='bbox 2691 5413 2910 5469; x_wconf 82' lang='lat' dir='ltr'><strong>Christo</strong></span> <span class='ocrx_word' id='word_1_859' title='bbox 2949 5414 3164 5483; x_wconf 88' lang='lat' dir='ltr'><strong>placere</strong></span> <span class='ocrx_word' id='word_1_860' title='bbox 3219 5395 3583 5483; x_wconf 42' lang='lat' dir='ltr'><strong>cognoverat}</strong></span> 
     </span>
    </p>
   </div>
   <div class='ocr_carea' id='block_1_114' title="bbox 1958 5506 2922 5585">
    <p class='ocr_par' dir='ltr' id='par_1_114' title="bbox 1958 5506 2922 5585">
     <span class='ocr_line' id='line_1_114' title="bbox 1958 5506 2922 5585; baseline -0.007 -22"><span class='ocrx_word' id='word_1_861' title='bbox 1958 5511 2157 5585; x_wconf 66' lang='lat' dir='ltr'><strong>(Ilion,</strong></span> <span class='ocrx_word' id='word_1_862' title='bbox 2189 5510 2258 5563; x_wconf 86' lang='lat' dir='ltr'><strong>ad</strong></span> <span class='ocrx_word' id='word_1_863' title='bbox 2294 5508 2546 5577; x_wconf 81' lang='lat' dir='ltr'><strong>l’rincip.,</strong></span> <span class='ocrx_word' id='word_1_864' title='bbox 2573 5508 2719 5575; x_wconf 79' lang='lat' dir='ltr'><strong>epist.</strong></span> <span class='ocrx_word' id='word_1_865' title='bbox 2754 5506 2866 5572; x_wconf 81' lang='grc'><strong>16).</strong></span> <span class='ocrx_word' id='word_1_866' title='bbox 2903 5522 2922 5556; x_wconf 71' lang='grc' dir='ltr'><strong><em>ι</em></strong></span> 
     </span>
    </p>
   </div>
   <div class='ocr_carea' id='block_1_115' title="bbox 2027 5594 3538 5668">
    <p class='ocr_par' dir='ltr' id='par_1_115' title="bbox 2027 5594 3538 5668">
     <span class='ocr_line' id='line_1_115' title="bbox 2027 5594 3538 5668; baseline -0.009 -9"><span class='ocrx_word' id='word_1_867' title='bbox 2027 5607 2151 5660; x_wconf 71' lang='lat' dir='ltr'><strong>Ilurc</strong></span> <span class='ocrx_word' id='word_1_868' title='bbox 2183 5606 2270 5659; x_wconf 89' lang='lat' dir='ltr'><strong>illa</strong></span> <span class='ocrx_word' id='word_1_869' title='bbox 2303 5601 2608 5658; x_wconf 88' lang='lat' dir='ltr'><strong>Occidentis</strong></span> <span class='ocrx_word' id='word_1_870' title='bbox 2649 5599 2818 5654; x_wconf 88' lang='lat' dir='ltr'><strong>felicia</strong></span> <span class='ocrx_word' id='word_1_871' title='bbox 2854 5597 3090 5668; x_wconf 88' lang='lat' dir='ltr'><strong>germina</strong></span> <span class='ocrx_word' id='word_1_872' title='bbox 3122 5595 3205 5650; x_wconf 88' lang='lat' dir='ltr'><strong>vel</strong></span> <span class='ocrx_word' id='word_1_873' title='bbox 3235 5594 3303 5648; x_wconf 91' lang='lat' dir='ltr'><strong>ab</strong></span> <span class='ocrx_word' id='word_1_874' title='bbox 3340 5605 3444 5645; x_wconf 91' lang='lat' dir='ltr'><strong>uno</strong></span> <span class='ocrx_word' id='word_1_875' title='bbox 3472 5604 3538 5646; x_wconf 79' lang='lat' dir='ltr'><strong>ex</strong></span> 
     </span>
    </p>
   </div>
   <div class='ocr_carea' id='block_1_116' title="bbox 1952 5685 3541 5759">
    <p class='ocr_par' dir='ltr' id='par_1_116' title="bbox 1952 5685 3541 5759">
     <span class='ocr_line' id='line_1_116' title="bbox 1952 5685 3541 5759; baseline -0.008 -8"><span class='ocrx_word' id='word_1_876' title='bbox 1952 5697 2170 5751; x_wconf 85' lang='lat' dir='ltr'><strong>Oriente</strong></span> <span class='ocrx_word' id='word_1_877' title='bbox 2196 5695 2373 5749; x_wconf 74' lang='lat' dir='ltr'><strong>delato</strong></span> <span class='ocrx_word' id='word_1_878' title='bbox 2402 5694 2608 5748; x_wconf 88' lang='lat' dir='ltr'><strong>semine</strong></span> <span class='ocrx_word' id='word_1_879' title='bbox 2633 5699 2940 5759; x_wconf 85' lang='lat' dir='ltr'><strong>propagata.</strong></span> <span class='ocrx_word' id='word_1_880' title='bbox 2978 5685 3285 5754; x_wconf 81' lang='lat' dir='ltr'><strong>Fulgentius</strong></span> <span class='ocrx_word' id='word_1_881' title='bbox 3323 5697 3541 5751; x_wconf 71' lang='lat' dir='ltr'><strong>quoque</strong></span> 
     </span>
    </p>
   </div>
   <div class='ocr_carea' id='block_1_117' title="bbox 1951 5774 3541 5847">
    <p class='ocr_par' dir='ltr' id='par_1_117' title="bbox 1951 5774 3541 5847">
     <span class='ocr_line' id='line_1_117' title="bbox 1951 5774 3541 5847; baseline -0.011 -1"><span class='ocrx_word' id='word_1_882' title='bbox 1951 5789 2004 5846; x_wconf 89' lang='lat' dir='ltr'><strong>in</strong></span> <span class='ocrx_word' id='word_1_883' title='bbox 2028 5787 2243 5845; x_wconf 83' lang='lat' dir='ltr'><strong>Meridie</strong></span> <span class='ocrx_word' id='word_1_884' title='bbox 2259 5786 2580 5842; x_wconf 86' lang='lat' dir='ltr'><strong>constitutus</strong></span> <span class='ocrx_word' id='word_1_885' title='bbox 2607 5783 2751 5838; x_wconf 74' lang='lat' dir='ltr'><strong>Vitas</strong></span> <span class='ocrx_word' id='word_1_886' title='bbox 2775 5780 2990 5836; x_wconf 81' lang='lat' dir='ltr'><strong>Patrum</strong></span> <span class='ocrx_word' id='word_1_887' title='bbox 3024 5778 3229 5847; x_wconf 80' lang='lat' dir='ltr'><strong>legens,</strong></span> <span class='ocrx_word' id='word_1_888' title='bbox 3257 5774 3322 5832; x_wconf 87' lang='lat' dir='ltr'><strong>ad</strong></span> <span class='ocrx_word' id='word_1_889' title='bbox 3351 5786 3541 5829; x_wconf 85' lang='lat' dir='ltr'><strong>eorum</strong></span> 
     </span>
    </p>
   </div>
  </div>
