4002 6238
478 315 545 369 55
1414 307 1475 361 IN
1508 308 1706 364 VITAS
1749 309 2032 365 PATRUM

2177 311 2578 368 DLEGOMENA
2620 314 2808 370 XXVI.
3679 317 3747 374 61-

474 423 820 481 imilationcm
853 419 1084 487 exarsit,
1118 430 1175 473 ut
1215 419 1438 472 habetur
1461 419 1591 474 Vita:
1645 419 1760 488 ejus
1791 435 1909 487 cap.
1945 419 2010 473 I2
2042 436 2055 473 :
2092 428 2145 481 Α
2189 428 2192 431 ’
2241 422 2499 489 Septima,
2534 422 2755 490 Veneta,
2788 423 3085 492 in-quarto,
3120 439 3214 494 per
3239 425 3582 482 Ottaviauuut
3607 430 3744 485 Sco-

482 536 501 568 s
537 516 726 568 Beatus
759 514 1066 581 Fulgentius
1091 511 1464 580 [Egyptiorum
1497 515 1876 564 monachorum
1911 511 2059 568 Vitas

475 607 818 663 admirabiles
850 607 1052 674 legens,
1084 607 1477 658 institutionum
1523 605 1679 658 simul
1708 613 1866 672 atque
1891 607 2059 660 colla-

478 702 680 752 tionum
712 697 937 765 spiritali
990 695 1337 749 meditatione
1393 708 1704 759 succensus,
1737 705 2058 747 memoratas

476 799 648 844 terras
704 787 914 856 navigio
965 796 1144 854 petere
1199 785 1405 852 statuit,
1437 785 1642 838 duabus
1692 786 1942 839 videlicet
1991 800 2059 839 ex

474 881 677 945 causis,
706 889 758 931 ut
790 879 871 932 vel
911 877 981 930 ibi
1033 876 1276 943 deposito
1321 877 1535 930 nomine
1566 876 1793 941 abbatis,
1824 877 1924 929 sub
1969 891 2055 931 re-

481 970 602 1036 gula
636 969 836 1022 viveret
883 967 936 1020 in
967 965 1281 1027 humilitate,
1311 968 1392 1020 vel
1421 965 1760 1019 districtiuris
1789 967 2061 1021 abstinen-

479 1060 570 1112 tia:
593 1059 797 1127 legibus
822 1057 1163 1110 subderetur.
1204 1074 1225 1106 ι
1261 1056 1364 1111 Sed
1398 1066 1451 1109 et
1481 1057 1730 1109 Moschus
1761 1057 1811 1108 in
1841 1057 2059 1112 Oriente

472 1151 796 1202 constitutus
836 1147 1023 1212 refert,
1055 1163 1236 1201 senem
1266 1148 1547 1215 quemdam
1569 1189 1585 1214 ,
1618 1150 1703 1216 qui
1739 1163 1902 1218 prope
1943 1150 2058 1204 loca

471 1239 723 1297 Iordanis
754 1237 909 1309 [Lvn]
940 1248 1178 1292 moratus
1209 1239 1400 1306 fuerat,
1435 1241 1572 1294 lecto
1595 1242 1842 1307 exemplo
1873 1243 1941 1296 de
1966 1257 2055 1311 pa-

474 1333 656 1388 tientia
687 1333 830 1386 senis
870 1331 1030 1400 (quod
1088 1330 1317 1384 habetur
1345 1332 1397 1384 in
1442 1331 1679 1402 Pelagio,
1727 1333 1908 1387 libello
1947 1350 2054 1402 ut,

471 1437 622 1477 num.
653 1422 744 1492 15)
787 1423 876 1491 qui
907 1422 1143 1476 latrones
1197 1423 1468 1477 insecutus
1522 1425 2058 1494 etiautmarsupium

470 1513 755 1576 oﬂcrebat,
797 1514 937 1581 quod
987 1515 1199 1570 auferre
1264 1517 1648 1584 neglexerant,
1699 1517 1767 1570 ad
1813 1518 2059 1587 ejusdem

470 1605 593 1667 facti
623 1606 1018 1661 aemulationem
1041 1606 1209 1660 fuisse
1233 1607 1857 1677 incitatum;additque:
1895 1628 1914 1660 ι
1955 1610 2060 1663 De-

471 1698 768 1753 Iectabatur
799 1713 962 1754 senex
1012 1699 1100 1752 ille
1149 1713 1211 1752 ea
1245 1698 1509 1769 (Vitarum
1565 1699 1805 1770 Patrum)
1841 1701 2056 1770 potissi-

2165 523 2273 564 IUIII
2307 511 2745 575 Medoetiensem,
2775 525 2917 565 anno
2945 509 3101 567 1485.

2232 602 2446 664 Octava,
2481 600 2818 667 Germanica,
2853 614 2909 656 ut
2941 603 3170 670 videtur,
3205 604 3412 661 incerto
3435 607 3556 663 loco
3584 619 3638 664 et
3665 621 3750 682 ty:

2161 691 2452 760 pographo,
2487 692 2722 756 in-folio,
2750 709 2893 748 anno
2928 694 3088 751 1485.

2231 783 2419 850 Nona,
2481 785 2848 854 Lugdunensis
2875 826 2896 852 ,,
2951 786 3260 855 in-quarto,
3319 802 3414 857 per
3467 789 3748 847 Nicolaum

2160 878 2328 933 Wolff
2350 880 2417 935 de
2465 880 2679 950 Lutrea,
2705 890 2760 936 et
2811 880 3148 935 venundatur
3174 897 3205 935 a
3235 881 3437 937 Jacobo
3468 884 3746 953 llugueta-

2161 986 2251 1039 tio,
2284 986 2425 1026 anno
2467 973 2624 1026 1502.

2234 1060 2470 1128 Decima,
2517 1062 2918 1132 Lugdunensis,
2966 1063 3264 1135 in-quarto,
3317 1081 3412 1135 per
3438 1065 3638 1123 Jannot
3680 1072 3750 1126 de

2159 1150 2396 1219 Campis,
2425 1169 2566 1206 anno
2600 1154 2759 1208 1507.

2233 1242 2541 1309 Undecima,
2578 1246 2797 1313 Veni-ta,
2829 1247 3132 1319 in-quarto,
3165 1265 3262 1319 per
3290 1251 3549 1308 Bonetum
3580 1253 3748 1310 Loca:-

2162 1336 2365 1402 tellutn,
2401 1352 2551 1390 anno»
2576 1337 2737 1392 1508.

2231 1425 2576 1492 Duodecimn,
2611 1429 3002 1497 Lugdunensis,
3032 1431 3332 1502 in-quarto,
3380 1451 3478 1506 per
3507 1437 3744 1508 Stepha-

2160 1531 2285 1570 num
2317 1518 2514 1583 Balam,
2544 1535 2684 1574 anno
2718 1522 2877 1576 1509.

2232 1609 2445 1663 Decima
2481 1611 2657 1676 tertia,
2695 1611 3089 1680 Lugdunensis,
3125 1614 3420 1685 in-quarto,
3463 1632 3558 1688 per
3585 1619 3746 1675 Jaco-

2159 1698 2283 1755 bum
2317 1701 2548 1767 Sachon,
2578 1718 2718 1758 anno
2751 1702 2911 1759 1512.

474 1807 621 1848 mum
650 1791 898 1857 lectione,
933 1792 1002 1844 ita
1032 1801 1088 1844 ut
1115 1801 1260 1846 esset
1309 1791 1384 1845 illi
1408 1807 1622 1862 semper
1673 1794 1723 1847 in
1755 1811 1868 1857 ore,
1923 1806 1978 1848 et
2003 1796 2054 1850 in
2090 1793 2134 1853 Β
2233 1790 2444 1844 DCCima
2468 1803 2676 1861 quarta,
2701 1790 2920 1860 Veneta,
2956 1795 3251 1867 in-quarto,
3282 1799 3422 1867 apud
3454 1799 3742 1857 NicOlaum

471 1881 656 1943 corde,
687 1881 828 1935 unde
851 1889 906 1935 ct
930 1897 997 1937 ex
1026 1897 1085 1935 ea
1119 1881 1412 1936 maximum
1453 1885 1663 1939 virtutis
1709 1885 1938 1940 fructum
1965 1902 2054 1942 ao-

467 1972 683 2042 (juisivit
709 1971 959 2042 (Masclt.,
991 1990 1111 2042 cap.
1142 1972 1296 2042 2η).
1335 1992 1356 2025 ι

535 2067 670 2129 Quin
705 2080 828 2119 vero
871 2076 978 2120 tota
1013 2067 1265 2135 Hispania
1307 2065 1418 2134 jam
1465 2067 1595 2120 olim
1626 2065 1760 2120 tanti
1789 2066 1933 2122 hunc
1981 2067 2051 2123 lio

463 2154 617 2210 hrum
650 2155 796 2220 fecit,
826 2165 880 2210 ut
908 2155 961 2210 in
994 2171 1147 2210 usum
1175 2172 1543 2220 communem,
1575 2173 1697 2212 cum
1725 2157 1836 2227 jam
1872 2159 2051 2228 lingua

462 2244 650 2316 Latina
690 2245 754 2298 iis
786 2246 838 2298 in
871 2247 1175 2315 regionibus
1204 2247 1555 2312 exolesceret,
1602 2262 1723 2302 eum
1760 2249 1813 2302 in
1854 2249 2050 2303 Arabio

461 2353 578 2390 cam
609 2336 880 2390 transferri
903 2337 1104 2390 curarit
1132 2353 1233 2390 una
1257 2353 1377 2391 cum
1405 2339 1573 2392 sacris
1599 2339 1848 2405 Litteris;
1884 2341 2050 2409 probe

462 2423 765 2494 intelligens
794 2440 1023 2496 quantus
1050 2427 1172 2482 hinc
1202 2429 1405 2482 fructus
1434 2430 1499 2481 ad
1523 2430 1731 2482 animos
1755 2430 1804 2483 in
1833 2445 2047 2484 omnem

465 2519 714 2588 pietatem
758 2516 1055 2572 incitandos
1101 2518 1416 2572 exundaret.
1467 2521 1717 2574 Testatur
1760 2521 1810 2574 id
1855 2520 2049 2576 Heleca

460 2609 891 2679 archiepiscopus
913 2611 1416 2681 Ctesaraugustanus
1444 2614 1585 2668 circa
1615 2629 1814 2668 annum
1847 2615 1972 2679 860,
1993 2617 2047 2670 in

462 2701 827 2757 additionibus
856 2704 921 2757 ad
945 2702 1207 2758 Chronica
1233 2705 1414 2760 Dextri
1441 2715 1494 2760 et
1522 2706 1760 2761 Maximi.
1791 2725 1810 2758 ς
1843 2707 2043 2775 Sacrae,

464 2792 663 2861 inquit,
696 2794 985 2860 Scriptura:
1013 2794 1239 2849 Arabice
1264 2795 1533 2850 translata:
1560 2811 1586 2848 a
1615 2797 1939 2866 presbyteris
1959 2813 2049 2852 ca-

463 2885 675 2938 lItoIicis
726 2885 1008 2952 habentur,
1059 2894 1263 2940 etcum
1313 2887 1534 2941 scholiis
1563 2888 2045 2956 circumferuntur;

462 2978 728 3047 tarmcipue
754 2977 957 3032 Novum
981 2977 1401 3044 Testamentum,
1433 2980 1681 3048 Epistola:
1709 2981 1881 3045 Pauli,
1903 2983 2046 3048 Apo-

460 3068 695 3138 calypsis
727 3070 897 3123 sancti
931 3069 1172 3133 Joannis,
1207 3078 1260 3124 et
1289 3070 1424 3124 liber
1453 3071 1526 3124 De
1558 3070 1694 3125 Vitis
1728 3070 1968 3138 Patrum,
1993 3079 2043 3126 et

461 3157 679 3212 historia
696 3158 882 3212 Latina
899 3158 978 3212 Fl.
998 3159 1144 3214 Lucii
1165 3159 1367 3226 Dextri,
1385 3159 1455 3213 M.
1474 3160 1705 3226 Maximi,
1723 3161 2037 3229 etaliorum,
2067 3154 2116 3217 C

457 3239 513 3302 et
542 3249 841 3304 Chronicon
857 3251 1093 3314 Eusebii,
1111 3259 1167 3305 et
1189 3251 1308 3305 libri
1324 3251 1392 3305 de
1405 3251 1627 3306 Civitate
1641 3252 1732 3306 Dei
1753 3253 1922 3306 sancti
1941 3257 2049 3306 Au-

457 3340 958 3412 gustini,propterea
975 3343 1110 3411 quod
1121 3343 1230 3412 jam
1248 3343 1615 3412 linguaLatina
1633 3344 2006 3399 evanescebat.
2020 3364 2039 3398 ι

532 3433 686 3487 Plura
708 3434 900 3489 adduci
932 3445 1151 3504 possent
1189 3436 1253 3488 ad
1281 3435 1470 3489 horum
1494 3435 1752 3490 librorum
1795 3437 2042 3491 meritum

456 3535 514 3582 et
535 3527 813 3582 utilitatem
841 3529 1210 3582 affirmandam
1233 3545 1246 3594 ;
1272 3529 1366 3583 sed
1392 3527 1589 3598 quibus
1617 3528 1734 3583 hate
1759 3542 1865 3584 non
1889 3529 2046 3585 satis-

457 3615 676 3682 faciunt,
699 3615 826 3686 quid
854 3616 1104 3670 tandem?

876 3709 1430 3765 PROLEGUMENON
1471 3709 1632 3766 XVII.

591 3802 665 3855 De
690 3805 846 3857 variis
876 3804 1055 3856 horum
1082 3801 1328 3856 librorum
1351 3804 1659 3856 editionibus
1690 3802 1910 3858 Latinis.

461 3954 464 3958 ~
531 3917 644 3970 Non
680 3917 765 3970 hic
811 3918 1019 3984 agimus
1047 3916 1115 3972 de
1145 3927 1359 3982 octavo,
1395 3932 1536 3970 nono
1564 3926 1616 3972 et
1647 3917 1855 3971 decimo
1883 3918 2042 3984 libro,

453 4009 545 4077 qui
579 4008 678 4061 hac
722 4017 925 4059 tantum
976 4006 1214 4060 editione
1254 4022 1397 4061 nunc
1427 4007 1562 4060 Vitis
1605 4006 1822 4062 Patrum
1874 4022 2038 4063 acce-

455 4100 616 4162 dunt;
651 4097 742 4151 sed
775 4097 842 4150 de
872 4095 1110 4166 reliquis,
1147 4095 1238 4165 qui
1271 4097 1510 4165 plerique
1539 4111 1728 4152 omnes
1759 4097 1810 4152 in
1842 4098 2032 4165 vulgao

453 4191 525 4244 tis
555 4188 768 4242 Patrum
796 4188 927 4241 Vitis
960 4189 1133 4242 locum
1167 4187 1466 4242 obtinuere.

529 4279 859 4344 Editionuin,
877 4294 1008 4348 quas
1035 4278 1248 4348 quidem
1281 4278 1515 4335 nancisci
1541 4280 1714 4346 licuit,
1737 4281 1877 4334 hunc
1902 4279 2043 4335 habe

459 4369 773 4426 itttIicuIttm.

532 4464 703 4517 Prima
743 4463 926 4526 editio,
978 4462 1214 4529 in-folio,
1264 4468 1467 4532 absque
1496 4463 1617 4519 libri
1666 4463 2038 4532 inscriptione,

459 4555 674 4610 nomine
697 4556 1006 4627 typographi
1038 4557 1153 4610 locu
1175 4566 1228 4612 et
1253 4572 1394 4610 anno
1413 4555 1686 4619 editionis,
1722 4556 1862 4627 typis
1885 4555 2037 4610 valde

445 4645 794 4712 informibus,
829 4664 946 4716 qute
974 4648 1045 4702 ita
1078 4649 1397 4703 inchoatur:
1431 4647 1626 4716 Incipit
1655 4648 1914 4717 pra'fatio.

525 4738 791 4803 Secunda,
824 4737 1055 4803 iit-folio,
1084 4740 1287 4807 absque
1335 4739 1454 4794 libri
1507 4739 1891 4806 inscriptione,
1939 4751 2036 4792 no-

455 4831 600 4883 mine
628 4829 963 4900 typographi,
995 4830 1122 4884 loco,
1160 4839 1216 4886 et
1245 4845 1384 4886 anno
1431 4830 1701 4896 editionis,
1732 4829 1885 4899 cujus
1935 4828 2038 4883 ini-

455 4924 586 4973 tium
620 4939 633 4973 :
671 4920 859 4988 Incipit
884 4926 1147 4993 prologus.

527 5011 729 5076 Tertia,
763 5014 990 5079 in-folio,
1026 5015 1229 5084 absque
1260 5015 1379 5070 libri
1413 5014 1786 5085 inscriptione,
1819 5015 2037 5070 nomine

458 5103 791 5170 typographi,
845 5103 960 5159 loco
1007 5113 1062 5159 et
1113 5120 1255 5160 anno
1309 5105 1584 5173 editionis,
1636 5120 1756 5175 quae
1805 5105 2033 5175 incipit:

459 5189 714 5262 Prologus
736 5194 788 5244 in
817 5197 1155 5262 fructuosum.
1294 5203 1300 5209 '

439 5333 444 5336 .
523 5284 748 5350 Quarta,
800 5284 1302 5355 Norimbergensrs,
1351 5286 1562 5342 in-folio
1617 5288 1883 5352 maximo,
1937 5299 2032 5352 per

454 5373 740 5429 Autuniuttt
769 5376 1059 5444 Coburger,
1093 5392 1235 5430 anno
1266 5377 1425 5432 H78.

521 5467 734 5532 Quinta,
769 5466 1248 5532 Norimbergensis.
1284 5465 1503 5520 in-folio
1528 5467 1757 5534 minore,
1785 5481 1879 5536 per
1911 5471 2030 5520 Au-

449 5557 650 5610 touittnt
679 5555 974 5624 Coburger,
1009 5570 1146 5608 anno
1188 5556 1340 5611 1485.

524 5645 698 5720 [Lvui]
735 5651 933 5712 Sexta,
962 5646 1304 5712 Germanica,
1331 5657 1388 5701 ιιι
1419 5646 1648 5714 videtur,
1684 5647 1913 5717 iit-folio,
1947 5650 2029 5706 in-

451 5741 743 5804 ccttuloco
773 5749 824 5794 ct
851 5739 1200 5806 typograpbu.
1232 5756 1370 5796 anno
1403 5739 1557 5797 1185.

2157 1879 2226 1935 de
2259 1881 2667 1948 Francofurdia,
2700 1900 2853 1938 anno
2876 1884 3033 1940 I512.

2227 1967 2446 2026 Decima
2475 1975 2679 2044 quinta,
2715 1975 3102 2046 Lugdunensis,
3135 1981 3434 2052 in-quarto,
3460 1997 3555 2051 per
3577 1981 3743 2037 Jaco-

2154 2059 2280 2117 bum
2309 2061 2440 2137 Miit,
2471 2079 2614 2118 anno
2646 2065 2802 2120 1515.

2228 2153 2441 2208 Decima
2489 2165 2670 2221 sexta,
2723 2156 3115 2228 Lugdunensis,
3160 2160 3346 2216 eadem
3399 2159 3594 2226 forma,
3641 2178 3738 2233 per

2152 2243 2409 2299 Iacobum
2439 2246 2759 2313 Mareschal,
2784 2264 2923 2303 anno
2956 2251 3112 2304 I520.

2228 2339 2437 2394 Decima
2491 2341 2742 2409 septima,
2776 2341 3170 2413 Lugdunensis.
3200 2345 3390 2401 eadem
3423 2344 3612 2413 forma,
3639 2361 3737 2417 per

2153 2430 2439 2484 Antonium
2476 2430 2833 2499 Vincentium,
2864 2449 3006 2488 anno
3038 2437 3198 2490 1557.

2225 2521 2438 2575 Decima
2485 2535 2700 2589 octava,
2735 2525 3102 2590 Coloniensis,
3133 2527 3366 2594 in-folio,
3401 2544 3498 2598 per
3535 2528 3735 2599 Gaspa-

2152 2625 2262 2665 rem
2296 2611 2682 2681 Genuepaeum,
2701 2630 2842 2669 anno
2868 2613 3025 2670 i547.

2226 2701 2438 2756 Decima
2491 2718 2653 2768 nona,
2684 2703 3043 2770 Coloniensis,
3078 2705 3307 2773 in-folio,
3338 2724 3432 2777 per
3461 2709 3733 2777 eumdem,

2151 2805 2238 2844 an.
2275 2792 2432 2858 1518,
2483 2794 2583 2849 uisi
2630 2795 2743 2850 haec
2787 2797 2974 2852 eadem
3019 2799 3232 2854 sitcum
3281 2802 3478 2868 priore,
3526 2811 3729 2857 mutato

2152 2893 2355 2939 tantum
2384 2884 2538 2941 titulo
2567 2896 2620 2942 et
2649 2903 2811 2956 anno,
2842 2900 2897 2944 ut
2927 2891 3173 2947 iudicabo
3217 2894 3596 2964 prolegomeuo
3634 2895 3725 2951 20.

2220 2974 2504 3042 Vigesima,
2528 2977 2945 3048 Complutensis,
2976 2981 3274 3052 in-quarto,
3306 2984 3443 3054 apud
3465 2983 3743 3041 Joannem

2151 3063 2484 3132 Gratianum,
2516 3084 2656 3125 anno
2687 3071 2846 3127 1596.

2222 3158 2509 3228 Triplicein
2559 3172 2738 3218 autem
2788 3165 2930 3220 inter
2973 3165 3068 3220 has
3111 3167 3377 3222 editiones
3425 3167 3746 3224 varietatem.

2150 3247 2389 3317 invenio,
2442 3268 2600 3321 quam
2649 3254 2918 3311 distinctis
2975 3258 3372 3329 prolegomenis
3422 3259 3492 3314 ob
3543 3263 3748 3316 oculos

2151 3349 2402 3405 statuam,
2429 3353 2486 3396 ut
2511 3351 2766 3411 appareat
2793 3346 2918 3415 quid
2947 3347 3173 3416 quisque
3224 3348 3436 3402 varians
3463 3350 3640 3403 editur
3681 3351 3736 3404 in

2152 3446 2247 3486 sua
2280 3433 2586 3488 adornanda
2617 3435 2805 3506 Sparta
2852 3439 3184 3507 praestiterit,
3212 3451 3265 3494 et
3294 3457 3362 3495 ne
3390 3443 3508 3511 quis
3548 3443 3737 3499 turbe-

2151 3531 2257 3588 tur,
2289 3525 2332 3579 si
2361 3538 2390 3576 a
2419 3525 2580 3579 variis
2611 3527 2755 3581 varie
2785 3529 2879 3582 has
2911 3527 3058 3583 Vitas
3087 3531 3278 3586 citatas
3310 3532 3567 3588 inveniat.

2563 3657 3119 3718 PROLEGOMENON
3159 3663 3344 3719 XVIII.

2241 3769 2319 3822 De
2338 3770 2505 3839 prima
2525 3772 2772 3836 omnium,
2805 3774 2938 3842 quod
2966 3775 3152 3840 sciam,
3183 3776 3406 3830 editione
3428 3776 3637 3832 Latina.

2221 3880 2355 3952 [ιιι]
2402 3882 2576 3936 Prima
2603 3884 2862 3946 omniutn,
2892 3884 3032 3952 quod
3088 3885 3275 3953 sciam,
3323 3885 3487 3940 editio
3519 3897 3601 3941 est
3640 3889 3731 3942 in-

2148 3971 2294 4037 folio,
2327 3974 2528 4042 absque
2561 3973 2677 4026 libri
2709 3974 3056 4043 inseriptioue
3078 3991 3177 4030 seu
3207 3976 3379 4042 titulo,
3413 3978 3613 4046 absque
3637 3988 3724 4049 ty-

2148 4065 2403 4135 pographi
2461 4065 2713 4129 nomine,
2776 4067 2893 4121 loco
2956 4076 3009 4120 et
3062 4083 3205 4123 anno
3256 4068 3537 4134 editionis;
3585 4071 3732 4139 typis

2147 4156 2304 4225 plane
2335 4156 2562 4211 rudibus
2599 4174 2613 4211 :
2646 4173 2765 4225 qua:
2812 4159 2989 4212 omnia
3034 4168 3284 4229 arguunt,
3337 4159 3531 4214 librum
3573 4161 3730 4215 hunc

2145 4245 2346 4299 editum
2380 4245 2565 4314 inipsa
2600 4249 2965 4317 typographia:
2989 4249 3235 4315 infantia,
3261 4265 3380 4304 cum
3410 4252 3729 4321 plerumque

2145 4338 2323 4392 omnia
2357 4337 2446 4392 illa
2473 4339 2745 4407 prtemissa
2775 4343 2946 4394 omitti
2980 4342 3324 4411 solebant,et
3355 4343 3588 4398 nondum
3611 4345 3731 4399 ele-

2147 4429 2444 4498 gantiorum
2478 4439 2723 4500 typorum
2756 4445 2883 4485 usus
2909 4441 3071 4486 esset.

2075 4526 2124 4586 D
2220 4520 2428 4575 Initium
2460 4521 2579 4575 libri
2606 4521 2685 4574 sic
2718 4520 2868 4575 habet
2907 4539 2919 4574 :
2955 4520 3144 4593 Incipit
3167 4523 3404 4594 praefatio
3434 4522 3569 4577 beati
3596 4522 3732 4576 Hic-

2143 4615 2344 4683 ronymi
2400 4613 2696 4682 presbyteri,
2727 4614 2778 4667 in
2829 4615 3049 4679 primum
3091 4616 3278 4668 librum
3329 4616 3392 4669 de
3449 4613 3562 4668 I’ita
3608 4631 3732 4667 sano

2143 4715 2336 4758 ctorum
2391 4704 2623 4758 Patrum.
2659 4707 2897 4760 Deinde:
2932 4705 3240 4761 Benedictus
3274 4706 3443 4773 Deus,
3476 4718 3580 4761 etc.
3624 4708 3732 4762 De-

2143 4796 2273 4850 sinit
2319 4806 2459 4850 totus
2489 4797 2624 4852 liber
2654 4799 2706 4851 in
2755 4798 2956 4852 Marino
3004 4799 3287 4866 monacho,
3318 4801 3472 4870 cujus
3514 4799 3735 4855 initium-

2143 4899 2227 4944 est
2261 4905 2274 4943 :
2313 4887 2435 4944 Erat
2464 4892 2672 4960 quidam
2711 4892 2996 4956 surcularis,
3041 4893 3200 4948 ﬁnis:
3235 4893 3334 4949 Ubi
3371 4911 3531 4965 usque
3575 4898 3734 4950 modo

2145 4989 2375 5044 Christus
2401 4987 2716 5041 orationibus
2743 4998 2933 5042 sancta:
2968 4987 3199 5059 Virginis
3222 4989 3384 5041 multa
3416 4989 3538 5050 facit
3568 4990 3730 5042 mira-

2147 5080 2290 5145 bilia,
2320 5080 2389 5134 ad
2418 5078 2624 5133 laudem
2651 5089 2697 5133 et
2726 5079 2944 5150 gloriam
2974 5079 3197 5132 nominis
3224 5079 3325 5143 sui,
3354 5079 3442 5149 qui
3471 5095 3586 5131 cum
3617 5076 3729 5130 Pa—

2144 5180 2242 5235 tre,
2273 5181 2377 5226 etc.

2213 5263 2438 5316 Constat
2464 5271 2642 5314 autem
2673 5258 2787 5313 haec
2816 5259 2980 5313 editio
3001 5259 3218 5312 omnino
3243 5275 3275 5311 ν
3303 5258 3478 5315 libris.

2214 5352 2420 5405 Primus
2452 5350 2585 5403 liber
2616 5348 2798 5415 incipit
2824 5365 2853 5402 a
2888 5349 3108 5416 prologo
3139 5347 3250 5417 (qui
3283 5350 3438 5402 beato
3465 5348 3728 5418 Hierony-

2140 5461 2228 5498 mo
2249 5444 2512 5505 tribuitur,
2536 5441 2609 5495 uti
2629 5451 2680 5494 et
2703 5450 2842 5492 totus
2860 5441 2903 5491 is
2930 5441 3082 5507 liber)
3101 5439 3406 5494 Benedictus
3427 5441 3584 5507 Deus,
3612 5449 3722 5495 etc.

2140 5535 2343 5589 Deinde
2370 5549 2396 5585 a
2423 5532 2539 5585 Vita
2569 5531 2737 5585 sancti
2767 5530 2989 5584 Joannis
3019 5532 3228 5585 abbatis
3260 5549 3271 5582 :
3303 5531 3535 5584 Primum
3567 5533 3731 5598 igitur

2138 5640 2378 5695 tanquam
2418 5641 2589 5678 verum
2621 5623 3031 5692 fundamentum.
3079 5621 3218 5674 Finit
3251 5623 3335 5675 hic
3367 5622 3503 5675 liber
3532 5621 3584 5674 in
3628 5635 3723 5673 se-

2139 5729 2280 5790 ptem
2305 5715 2554 5788 pericu‘is
2583 5713 2810 5781 itineris,
2842 5711 2981 5782 quod
3011 5713 3256 5784 caputita
3286 5709 3574 5769 inchoatur
3613 5727 3627 5765 :
3657 5706 3724 5763 In
