4002 6222
250 284 318 340 es
1533 278 2087 337 raocnconenox
2132 279 2272 336 XIX.
3452 266 3520 342 is

250 375 366 431 aliis
401 388 607 445 quoque
648 371 1046 442 quamplurima
1078 371 1220 425 locis.
1249 369 1526 426 Clauditur
1569 387 1583 422 :
1620 370 1719 434 Qut
1745 385 1838 422 nos
1865 374 1917 430 Α
1945 370 2010 423 tis
2042 371 2254 438 gentilis
2285 371 2522 436 invento,
2554 385 2778 441 eamque
2821 374 2952 429 citat
2982 390 3045 429 ex
3098 375 3233 431 libro
3276 393 3326 431 tv
3374 378 3521 433 Vita-

251 466 310 518 de
338 463 491 516 tantis
514 460 763 531 pericuiis
802 461 1051 521 liberavit,
1090 468 1136 512 et
1179 468 1323 512 tanta
1351 460 1404 512 in
1444 459 1585 512 nobis
1622 458 1837 512 ostendit

250 554 524 620 mirabilia,
553 554 655 621 ipsi
675 553 843 621 gloria
872 553 925 605 in
953 554 1140 605 alecula
1169 553 1495 606 sceculorum.
1529 553 1710 605 Amen.

315 644 600 701 Secundus
651 644 787 697 liber
835 641 1023 710 incipit
1048 658 1077 696 a
1112 645 1371 713 prologo:
1413 642 1547 697 Vere
1587 643 1838 696 mundum

249 740 359 808 quis
382 736 577 789 dubitet
607 736 798 789 meritis
842 744 981 788 stare
1023 744 1340 800 sanctorum,
1366 747 1473 790 etc.
1507 735 1638 790 Inde
1661 736 1835 804 sequi-

252 841 333 885 tur
370 828 575 883 dictum
629 828 858 897 primum
909 841 926 883 :
984 826 1210 893 Quidam
1259 837 1563 881 sanctorum
1612 825 1836 881 Patrum

250 923 527 986 seniorum,
559 918 992 989 interrogantibus
1017 934 1069 971 se
1094 918 1358 973 monachis
1385 918 1449 972 de
1474 933 1631 971 causa
1676 918 1832 971 absti-

249 1018 454 1084 acutior,
483 1027 590 1071 etc.
624 1014 768 1069 Finit
790 1014 846 1067 in
874 1013 1020 1067 dicto
1040 1010 1361 1084 Syncletieae
1387 1012 1457 1067 de
1484 1010 1795 1066 infirmitate
1819 1025 1833 1062 :

253 1110 385 1177 Quia
414 1108 645 1162 interiori
674 1106 871 1158 homini
896 1113 1070 1158 nostra
1098 1103 1292 1156 sanitas
1312 1104 1433 1156 inde
1453 1101 1653 1156 crescit.

316 1198 531 1251 Tertius
572 1196 705 1250 liber
751 1194 938 1264 incipit
980 1210 1010 1248 a
1042 1194 1262 1265 prologo
1294 1194 1514 1248 Palladii
1545 1190 1781 1261 episcOpi
1816 1208 1829 1243 :

225 1288 417 1343 .Hulta
454 1286 660 1354 quidem
704 1293 752 1338 et
784 1286 928 1337 uaria
978 1284 1190 1337 diversis
1231 1284 1538 1354 temporibus
1568 1299 1598 1333 a
1624 1279 1833 1334 diversis

249 1378 559 1445 conscripta,
583 1384 686 1429 etc.
712 1372 842 1427 Inde
858 1373 1097 1442 sequitur
1127 1383 1283 1441 caput
1309 1373 1535 1442 primum
1554 1389 1567 1426 :
1584 1371 1710 1425 Cum
1738 1370 1835 1439 pri-

248 1486 382 1521 mum
398 1471 465 1520 ad
482 1466 854 1520 Alexandriam
874 1465 1229 1535 perrexissem,
1262 1474 1364 1518 etc.
1386 1480 1401 1528 ;
1434 1463 1727 1519 secundum
1746 1478 1832 1518 ca-

249 1572 336 1630 put
365 1577 379 1612 ε
409 1559 783 1612 Beatusautem
800 1555 1035 1611 Isidorus
1052 1598 1067 1618 ,
1099 1567 1204 1611 etc.
1223 1557 1364 1611 Finit
1386 1557 1437 1611 in
1460 1556 1607 1611 dicto
1627 1556 1833 1611 abbatis

248 1653 381 1707 Sisoi
419 1667 436 1705 :
476 1649 719 1722 Ignosce,
748 1650 819 1702 mi
847 1652 1031 1718 frater,
1076 1650 1197 1719 quia
1242 1650 1470 1702 nondum
1513 1649 1681 1719 factus
1721 1665 1833 1701 sum

1939 474 2057 512 rum
2089 457 2326 521 Patrum,
2352 474 2469 527 qua:
2493 460 2547 514 in
2573 460 2671 515 hac
2699 462 2869 530 prima
2895 464 3128 519 editione
3162 465 3298 519 libro
3328 483 3382 521 tv
3422 468 3517 521 lia-

1937 550 2110 605 betur.
2141 550 2289 605 Obiit
2324 561 2500 606 autem
2534 552 2667 620 ipse,
2702 564 2837 609 teste
2865 556 3161 610 Tritheinio
3190 558 3241 611 iu
3273 561 3516 631 catalogo

1936 640 2218 695 illustrium
2251 641 2512 707 virorum,
2545 659 2611 698 eo
2638 645 2752 713 ipso
2799 661 2959 700 anno.
2996 648 3105 700 tmo
3150 658 3204 703 et
3256 663 3381 705 ante
3420 652 3518 706 an-

1936 746 2061 785 num
2091 730 2159 784 69
2188 741 2306 799 post
2336 733 2475 786 ηοξ)
2505 734 2795 788 editionem
2826 751 2943 790 eam
2994 746 3232 792 curatam
3260 740 3515 804 colligere

1937 829 2021 878 est
2064 839 2132 878 ex
2179 825 2278 878 Ms.
2331 825 2665 880 Cortrat-ensi
2713 828 3024 883 monasterii
3057 830 3207 885 Sion.
3246 832 3349 897 Qui
3382 834 3515 888 Iit-er

1941 913 2264 968 verboteuus
2294 929 2413 967 cum
2446 914 2711 982 impresso
2738 917 2838 971 hoc
2867 920 3137 979 convenit,
3168 929 3225 973 ut
3254 934 3510 989 appareat

1940 1018 2007 1058 ex
2034 1019 2100 1059 eo
2124 1008 2474 1073 exscriptum.
2508 1006 2563 1059 In
2593 1007 2707 1075 ejus
2745 1018 2923 1063 autem
2968 1010 3066 1063 Ms.
3099 1010 3203 1064 line
3235 1012 3461 1066 habetur
3493 1030 3509 1066 :

1942 1113 1961 1147 ι
1996 1097 2304 1166 Completns
2334 1098 2386 1151 in
2415 1098 2575 1153 domo
2603 1113 2847 1153 sororum
2897 1100 3070 1155 beata!
3100 1102 3403 1157 Catharins
3445 1103 3515 1158 de

1936 1195 2117 1241 monte
2146 1188 2317 1252 Sinai,
2348 1189 2640 1257 vulgariter
2670 1200 2976 1259 nuncupata
3005 1192 3073 1245 de
3106 1193 3259 1257 Sion,
3299 1191 3356 1245 in
3377 1194 3514 1247 Cur-

1934 1285 2102 1341 traco,
2131 1292 2271 1331 anno
2307 1277 2517 1331 Domini
2550 1279 2708 1344 1469,
2738 1282 2938 1335 mensis
2960 1280 3278 1336 Novembris
3307 1282 3397 1337 die
3427 1283 3512 1350 l7,

1934 1367 2052 1437 ipso
2079 1366 2218 1424 festo
2249 1369 2389 1423 beati
2415 1369 2620 1423 Niniani
2649 1371 2885 1438 episcopi
2915 1386 2967 1426 et
2989 1371 3335 1427 cei-lessoris.
3378 1391 3397 1425 ι

2004 1454 2179 1523 Atque
2222 1456 2336 1510 haec
2387 1457 2555 1523 prima
2587 1457 2774 1525 editio,
2809 1474 2871 1511 ea
2902 1461 3066 1512 lortna
3097 1467 3152 1513 et
3180 1461 3368 1515 ordine
3406 1475 3513 1529 quo

1933 1560 2053 1601 eam
2086 1546 2371 1616 descripsi,
2404 1549 2563 1602 tertio
2586 1550 2724 1618 typis
2744 1550 3146 1616 fuitsubmiSsa,
3173 1568 3304 1618 quas
3326 1567 3515 1606 omnes

1939 1646 2049 1690 tres
2076 1637 2341 1692 editiones
2374 1640 2544 1705 primo
2572 1639 2690 1693 loco
2738 1644 2975 1710 suggerit
3001 1630 3277 1709 catalogus
3326 1644 3521 1697 editio-

246 1742 545 1797 monachus.
594 1741 719 1795 Inde
747 1740 1082 1794 subnectitur
1110 1739 1254 1794 velut
1290 1739 1554 1808 appendix
1602 1742 1834 1794 narratio

1947 1743 2064 1780 num
2090 1725 2203 1796 jam
2236 1728 2619 1797 prolegomeno
2652 1729 2717 1783 17
2762 1732 2942 1786 datus.
2978 1730 3309 1785 Posteriores
3340 1743 3539 1787 tamen'

244 1836 480 1903 quadam
505 1835 569 1886 de
595 1842 771 1887 sancto
800 1829 1055 1896 Macario,
1081 1846 1201 1898 qua:
1230 1839 1314 1885 est
1355 1830 1425 1886 de
1456 1832 1700 1886 daemone
1731 1847 1831 1884 no-

245 1936 329 1977 ctu
378 1923 447 1975 ad
481 1923 674 1977 ostium
720 1922 934 1976 cellula:
960 1921 1075 1991 ejus
1122 1920 1388 1990 pulsante,
1438 1923 1591 1992 cujus
1620 1922 1831 1977 initium

247 2024 329 2070 est
370 2032 385 2069 :
418 2014 792 2083 Conﬁrmatum
838 2024 912 2067 est
956 2014 1101 2067 nobis
1147 2015 1210 2068 de
1233 2029 1292 2067 eo
1338 2012 1507 2067 abitis
1536 2016 1625 2084 qui
1660 2017 1722 2068 de
1748 2032 1836 2069 ore

246 2109 357 2175 ejus
385 2106 683 2173 audierunt,
714 2118 819 2159 etc.
853 2104 999 2158 Finis
1029 2122 1041 2156 :
1079 2103 1144 2156 Et
1180 2105 1531 2158 accedentium
1559 2106 1628 2159 ad
1671 2107 1836 2162 altare

245 2197 318 2247 rel
344 2196 632 2266 indignitas
658 2211 795 2259 eum,
824 2194 901 2247 vel
928 2195 1105 2249 merita
1136 2212 1234 2249 non
1262 2194 1498 2249 laterent.

312 2288 547 2352 Quartus
579 2286 714 2339 liber
744 2287 814 2339 ita
861 2286 1143 2341 inchoatur
1172 2302 1187 2340 :
1238 2285 1434 2353 Incipit
1465 2301 1834 2359 argumentum

246 2376 293 2429 in
320 2375 514 2428 librum
541 2385 781 2443 quartum
828 2375 892 2428 de
937 2375 1098 2429 verbis
1123 2384 1168 2430 et
1200 2379 1443 2447 exemplis
1474 2378 1581 2433 SS.
1617 2378 1834 2432 Patrum

245 2466 595 2531 tremuerunt,
628 2469 779 2537 cujus
809 2467 1119 2535 principium
1154 2466 1396 2539 Pelag'us
1428 2469 1489 2523 S.
1525 2468 1591 2525 Π.
1624 2468 1690 2523 Ε.
1727 2470 1835 2524 dia-

246 2578 420 2624 conus,
467 2569 697 2614 extrema
745 2575 862 2613 vero
907 2557 1136 2613 Joannes
1179 2560 1521 2614 subdiaconus
1552 2561 1615 2616 de
1656 2562 1834 2616 Gnaeo

248 2652 509 2707 transtulit
538 2654 595 2706 in
626 2652 891 2719 Latinum,
913 2653 980 2705 ad
1008 2652 1394 2707 instructionem
1423 2654 1537 2707 vita:
1563 2654 1836 2709 monacho-

247 2762 376 2799 rum.
406 2745 662 2813 Sequitur
692 2762 707 2797 :
740 2741 853 2815 lu]
884 2743 1014 2797 Cum
1050 2744 1214 2797 omnis
1240 2746 1481 2814 praefatio
1512 2755 1704 2797 textum
1742 2763 1833 2815 op-

246 2847 459 2905 portnne
489 2835 826 2902 prwveniens,
855 2845 987 2903 etc.,
1019 2835 1109 2889 ubi
1141 2835 1337 2889 dicitur
1368 2835 1502 2889 liber
1528 2834 1615 2889 hic
1636 2836 1829 2890 divisus

245 2926 294 2978 in
322 2925 499 2979 decem
523 2934 572 2980 et
615 2942 793 2979 nouem
824 2938 1015 2995 partes.
1062 2926 1236 2981 Prima
1266 2937 1444 2981 autem
1491 2942 1615 2995 pars
1641 2936 1724 2982 est
1756 2925 1833 2979 De

246 3017 476 3087 profectu
508 3018 769 3073 monachi.
802 3015 993 3086 Incipit
1020 3034 1034 3069 :
1064 3016 1145 3070 Ad
1175 3017 1458 3087 profectum
1487 3018 1830 3071 conversatio-

246 3112 320 3164 nis
347 3110 562 3177 quidam
602 3109 765 3178 frater
792 3111 1053 3177 pervenire
1081 3110 1310 3175 cupiens.
1346 3108 1562 3165 Decima
1594 3124 1731 3164 nona
1774 3122 1827 3164 et
1861 3089 1907 3150 (ἶ

246 3203 428 3254 ultima
459 3216 582 3269 pars
612 3218 627 3255 :
681 3199 932 3268 Exempla
962 3200 1261 3254 monasticis
1287 3201 1712 3255 conversationis.
1743 3200 1831 3255 lu-

248 3291 413 3357 eipit:
446 3289 562 3343 Duo
591 3290 801 3360 quidam
839 3288 1024 3344 Patres
1053 3299 1365 3360 rogaverunt
1409 3289 1597 3346 Deum.
1641 3290 1780 3346 Finit
1811 3308 1828 3348 :

248 3380 339 3435 Sic
366 3380 461 3433 erit
485 3390 533 3434 et
561 3381 767 3433 animae.
793 3378 1017 3434 Additur
1051 3396 1065 3433 :
1097 3376 1146 3430 F
1149 3381 1303 3433 initur
1331 3378 1459 3434 liber
1486 3392 1698 3448 quartus
1732 3380 1826 3434 Vi-

248 3480 324 3525 tas
356 3471 593 3526 Patrum.
619 3472 746 3527 Inde
772 3474 1106 3528 subnectitur
1132 3489 1145 3524 ε
1173 3471 1299 3526 "ac
1325 3483 1445 3527 sunt
1471 3473 1621 3527 verba
1642 3485 1832 3541 septem

249 3584 363 3635 qua:
386 3568 524 3620 misit
541 3567 698 3621 abbas
713 3564 918 3636 Moyses
940 3566 1111 3618 abbati
1133 3565 1362 3629 Pastori,
1393 3566 1649 3633 inquibus
1678 3568 1838 3620 conti-

251 3672 395 3711 netur
414 3667 769 3711 consummata
790 3658 950 3711 virtus
977 3666 1025 3710 et
1051 3657 1296 3724 perfectio
1312 3658 1567 3712 monac/ti.
1598 3658 1832 3713 Primum

250 3759 334 3801 est
353 3765 371 3804 :
390 3748 525 3813 Quia
537 3747 683 3801 debet
702 3747 854 3801 homo
865 3747 1007 3812 quasi
1019 3754 1250 3799 mortuus
1263 3762 1389 3800 esse.
1403 3746 1696 3814 Septimum
1719 3758 1797 3802 est
1816 3765 1830 3801 :

252 3836 546 3907 Interroga!
569 3853 688 3891 eum
724 3838 907 3890 iterum
935 3838 1114 3905 frater,
1149 3837 1325 3890 dicens
1350 3851 1369 3891 :
1401 3836 1533 3891 Ecce
1552 3837 1707 3891 homo
1735 3854 1835 3893 cte-

251 3930 324 3980 dit
352 3944 557 3981 servum
584 3942 758 3980 suum.
793 3926 935 3981 Finit
958 3943 973 3978 :
1009 3925 1214 3980 Modico
1241 3938 1466 3995 tempore
1484 3941 1557 3982 est
1591 3927 1757 3996 labor,
1784 3935 1833 3982 et

252 4021 304 4071 iu
326 4018 693 4087 sempiternum
718 4024 788 4071 est
809 4017 1031 4086 requies.

321 4127 552 4195 Quintus
591 4126 726 4181 liber
753 4125 1038 4181 inchoatur
1066 4143 1081 4180 :
1115 4124 1305 4196 Incipit
1334 4127 1577 4197 prologus
1607 4126 1660 4179 in
1685 4127 1836 4195 quiu-

255 4227 361 4271 tum
388 4216 577 4273 librum
612 4217 757 4271 Vitas
790 4216 1026 4271 Patrum.
1059 4216 1272 4271 Initiqu
1307 4218 1508 4287 prologi
1532 4227 1615 4272 est
1654 4233 1666 4269 :
1695 4215 1838 4270 Licet

255 4312 315 4363 ab
346 4310 559 4364 exordio
590 4310 974 4379 conscriptionis
1003 4320 1208 4364 nostra.
1256 4310 1463 4365 Deinde
1493 4329 1506 4365 :
1540 4309 1729 4380 Incipit
1775 4311 1839 4363 li-

255 4403 341 4455 ber
360 4403 567 4469 quintus
591 4402 655 4455 de
695 4401 1078 4456 conversatione
1103 4410 1151 4456 et
1195 4402 1515 4455 institutione
1543 4412 1836 4456 sanctorum

257 4492 493 4547 Patrum.
525 4492 734 4547 Initium
761 4502 937 4548 textus
962 4503 1049 4548 est
1076 4509 1090 4547 :
1126 4494 1399 4561 Replicans
1444 4509 1602 4548 senex
1628 4494 1838 4563 quidam

256 4584 499 4652 beneﬁcia
526 4600 617 4655 per
641 4584 1003 4638 humanitatem
1033 4583 1220 4638 Christi
1242 4584 1387 4637 nobis
1416 4584 1666 4638 exhibita.
1691 4584 1836 4641 Finis

258 4688 434 4732 textus
463 4685 547 4731 est
586 4676 698 4730 :At
722 4676 812 4730 ille
859 4678 1091 4747 cognovit
1121 4677 1244 4747 quia
1275 4680 1427 4747 justa
1476 4687 1592 4731 sunt
1633 4680 1838 4748 judicia

257 4766 532 4821 Dei.‘lnde
559 4764 935 4837 subjungitur:
976 4765 1050 4820 De
1091 4776 1269 4820 sancto
1300 4764 1509 4820 Marino
1554 4771 1836 4839 monac/io,

254 4860 562 4930 incipiendo
593 4877 608 4913 :
635 4859 765 4913 Erat
790 4861 1001 4930 quidam
1026 4860 1311 4914 swcularis.
1348 4860 1487 4915 Finit
1512 4877 1525 4912 :
1558 4859 1659 4915 Ubi
1682 4880 1841 4930 usque

255 4956 409 5005 modo
431 4950 665 5005 Christus
694 4952 1010 5006 orationibus
1030 4960 1222 5004 sancte
1266 4950 1499 5020 Virginis
1525 4954 1685 5006 multa
1715 4954 1840 5023 facit

254 5043 532 5105 mirabilia,
562 5043 631 5096 ad
654 5043 858 5095 laudem
886 5051 934 5095 et
956 5041 1176 5110 gloriam
1205 5042 1427 5094 nominis
1455 5030 1565 5103 su'i,
1605 5044 1695 5110 qui
1726 5054 1841 5094 cum

262 5135 417 5190 Patre
451 5146 503 5191 et
536 5137 735 5204 Spiritu
771 5146 948 5191 sancto
971 5147 1143 5207 regnat
1170 5136 1310 5191 Deus
1334 5153 1425 5207 per
1456 5138 1629 5192 omnia
1652 5141 1842 5192 saecula

254 5226 581 5279 circulorum.
614 5227 798 5281 Amen.

328 5323 506 5388 Atque
536 5328 595 5373 ut
639 5319 840 5390 aliquid
883 5318 952 5374 de
996 5326 1238 5388 tempore
1287 5318 1443 5388 hujus
1473 5317 1725 5373 editionis
1767 5319 1842 5374 in-

258 5411 540 5479 vestigem,
593 5409 695 5463 hoc
724 5420 876 5463 certo
911 5408 1186 5464 afﬁrmare
1216 5423 1371 5476 posse
1402 5409 1605 5473 videor,
1639 5409 1839 5464 editum

260 5497 402 5552 hunc
434 5497 627 5551 librum
654 5496 844 5552 saltem
883 5507 1010 5552 ante
1039 5513 1239 5551 annum
1270 5498 1331 5549 7|
1366 5507 1484 5566 post
1520 5497 1681 5553 1400.
1712 5499 1841 5552 Nam

264 5587 550 5657 Dionysius
577 5586 982 5653 Carthusianns,
1012 5589 1081 5643 de
1112 5597 1338 5657 quatuor
1383 5588 1707 5653 novissimis,
1751 5606 1840 5643 ar-

265 5679 351 5732 tic.
387 5678 478 5743 52,
514 5692 699 5745 narrat
727 5676 1007 5731 historiam
1038 5679 1249 5737 Macarii
1282 5678 1350 5732 de
1389 5678 1575 5733 cranio
1595 5681 1841 5734 sacerdo-

1938 1819 2058 1874 dute
2087 1820 2350 1876 editiones
2394 1822 2686 1875 summaria
2728 1823 2961 1888 capitum
2994 1822 3242 1891 adjecere
3272 1832 3325 1875 et
3354 1824 3520 1879 inter-

1936 1925 2177 1977 serttere,
2205 1926 2322 1981 qua:
2353 1912 2404 1964 in
2437 1911 2625 1966 harum
2660 1910 2819 1966 trium
2848 1912 3016 1981 prima
3048 1915 3286 1967 omnium
3317 1914 3520 1981 deside-

1936 2015 2144 2057 rantur.

2360 2071 2919 2128 PROLEGOMENON
2961 2073 3104 2128 XIX.

2020 2188 2098 2244 De
2125 2191 2349 2245 secunda
2376 2190 2601 2244 editione
2629 2189 2819 2243 Latina
2846 2205 2961 2260 qua:
2982 2206 3016 2243 a
3045 2190 3212 2257 prima
3242 2190 3427 2243 uariat.

2009 2300 2143 2374 [ut]
2190 2302 2435 2356 Secunda
2485 2301 2649 2355 editio
2680 2301 2883 2371 (nescio
2930 2316 2996 2353 an
3050 2300 3205 2368 plane
3250 2300 3507 2365 secunda,

1936 2404 2082 2448 certe
2100 2408 2161 2448 ea
2177 2408 2295 2459 qua:
2317 2408 2347 2445 a
2366 2394 2535 2462 prima
2551 2392 2741 2462 variat)
2765 2402 2849 2446 est
2869 2390 3353 2459 Norimbergensis,
3376 2406 3517 2445 anno

1938 2485 2096 2546 H78,
2120 2500 2238 2554 qua:
2263 2484 2333 2538 ita
2360 2486 2411 2537 in
2436 2484 2539 2538 line
2564 2482 2721 2536 habet
2746 2500 2761 2537 :
2788 2500 2807 2533 t
2842 2485 2996 2537 Anno
3014 2482 3210 2536 Christi
3230 2482 3518 2536 nativitatis

1943 2575 2101 2643 1478,
2133 2577 2309 2630 Nonas
2335 2590 2465 2630 vero
2507 2574 2652 2642 Maii,
2680 2575 2749 2629 ob
2792 2574 3068 2629 beatorum
3102 2576 3318 2628 Patrum
3349 2576 3522 2641 prole-

1935 2678 2081 2722 ctum
2111 2666 2289 2721 Vitam
2338 2667 2681 2721 eremitarum
2729 2665 3058 2735 degentium,
3104 2676 3249 2731 gesta
3294 2681 3518 2734 quorum

1937 2760 2078 2815 haud
2107 2759 2376 2815 immerito
2405 2760 2719 2814 memoriter
2744 2768 2873 2814 sunt
2911 2759 3355 2824 commendanda,
3386 2774 3522 2828 opus

1937 2852 2111 2924 (Vitas
2156 2852 2380 2928 Patrum,
2425 2850 2777 2920 appellatum)
2807 2851 3014 2919 insigne
3056 2865 3086 2904 a
3115 2851 3522 2919 quamplurimis

1934 2951 2243 3012 excerptum
2292 2942 2608 3008 codicibus,
2653 2957 2754 3012 per
2807 2956 3082 2997 sacrarum
3124 2942 3519 3009 Scripturarutn

1942 3035 2088 3086 viros
2145 3033 2433 3086 admodum
2495 3031 2849 3100 peritissimos
2897 3041 3168 3098 ornatum,
3224 3035 3276 3087 in
3323 3033 3521 3101 Oppido

1940 3122 2339 3192 Nornbergensi
2369 3138 2464 3191 per
2488 3123 2775 3177 Antonium
2806 3123 3083 3193 Coburger
3106 3123 3285 3192 oppidi
3316 3124 3521 3191 praefati

1938 3213 2188 3279 incolam,
2220 3228 2381 3283 quam
2416 3222 2634 3282 compte
2676 3213 3020 3281 impressum,
3052 3213 3169 3268 linit
3210 3213 3516 3270 feliciter.»

2006 3328 2165 3383 Nulla
2209 3342 2423 3398 quoque
2470 3326 2592 3382 huic
2629 3327 2854 3384 editioni
2904 3329 3196 3398 prmligitur
3245 3329 3523 3397 inscriptio

1938 3436 2034 3475 seu
2060 3420 2268 3487 titulus,
2300 3418 2394 3475 sed
2438 3420 2647 3474 initium
2698 3422 2929 3475 sumitur
2971 3434 3003 3474 a
3052 3421 3388 3491 praefatione,
3418 3437 3522 3492 qua

1938 3509 2051 3575 ille,
2084 3509 2175 3578 qui
2205 3509 2409 3578 primus
2432 3508 2675 3563 ordinem
2705 3511 2891 3578 prima;
2908 3509 3165 3565 editionis
3197 3511 3522 3577 itnmutavit,

1936 3600 2067 3656 lacti
2092 3600 2176 3655 sui
2209 3599 2467 3653 rationem
2493 3600 2687 3654 reddit.
2721 3600 2812 3654 Ait
2841 3600 3038 3669 igitur:

2013 3730 2034 3766 ι
2065 3711 2142 3766 Ne
2170 3710 2457 3766 occasione
2484 3710 2611 3781 Styli
2644 3712 2698 3763 in
2729 3710 2830 3765 hoc
2858 3725 3021 3779 opere
3046 3711 3341 3775 observati,
3372 3713 3521 3782 quis-

1939 3816 2102 3872 quam
2131 3800 2422 3870 legentium
2448 3809 2543 3855 aut
2582 3799 2909 3855 audientium
2941 3800 3322 3856 olTendiculutn
3353 3803 3528 3870 patia-

1938 3902 2048 3959 tur,
2081 3893 2205 3961 quia
2236 3907 2340 3947 non
2390 3906 2485 3960 per
2531 3892 2710 3947 omnia
2757 3892 3023 3961 procedit,
3070 3894 3145 3947 nti
3176 3905 3327 3949 antea
3367 3894 3529 3965 hujus

1937 3984 2179 4038 materia:
2224 3981 2554 4050 exemplaria
2600 3982 2894 4051 perspexit,
2927 3981 3082 4038 facile
3108 3986 3317 4038 veniam
3348 3984 3525 4052 dabit,

1936 4084 2219 4145 postquam
2245 4076 2534 4130 multorum
2557 4074 2921 4131 diversitatem
2950 4077 3228 4131 confusam
3261 4079 3527 4132 intuetur.

2015 4205 2035 4239 ε
2069 4185 2144 4241 Ea
2188 4195 2408 4256 propter
2458 4185 2689 4255 idipsum
2744 4188 2796 4241 in
2827 4195 3061 4257 quatuor
3105 4196 3283 4257 partes
3324 4189 3531 4261 divisas

1939 4277 2360 4347 dilferentesque
2403 4277 2646 4347 distinxi,
2699 4278 2754 4333 in
2804 4278 2959 4349 cujus
3008 4280 3177 4347 prima
3225 4280 3415 4350 collegi
3469 4282 3527 4336 in

1948 4384 2109 4423 unum
2140 4368 2456 4426 historialia.
2489 4369 2545 4424 In
2598 4381 2750 4439 parte
2798 4370 3034 4425 secunda
3067 4370 3275 4426 libellos
3324 4381 3377 4425 et
3420 4373 3531 4425 dn-

1864 4468 1919 4527 D
1943 4463 2211 4518 ctrinalia.
2246 4462 2302 4517 in
2331 4471 2483 4532 parte
2512 4463 2665 4518 tertia
2704 4463 2773 4517 de
2801 4463 3031 4531 regulari
3062 4464 3424 4519 observantia.
3460 4466 3531 4518 Et

1944 4554 2089 4608 ﬁnali
2123 4563 2273 4623 parte
2303 4553 2373 4609 de
2419 4553 2574 4607 laude
2617 4564 2673 4609 et
2701 4556 2957 4609 virtutum
2988 4555 3244 4609 ellicacia.
3278 4556 3350 4610 Ita
3394 4571 3534 4610 sane

1943 4657 2003 4703 ut
2050 4663 2173 4717 pars
2219 4647 2390 4716 prima
2444 4662 2539 4716 per
2589 4648 2864 4713 historias,
2906 4646 3140 4702 secunda
3192 4664 3285 4717 per
3316 4648 3533 4702 libellus

1942 4748 1999 4793 et
2028 4737 2082 4809 §,
2117 4750 2241 4806 pars
2272 4738 2428 4792 tertia
2458 4752 2555 4806 per
2594 4737 2861 4803 rubricas,
2892 4747 2949 4793 et
2993 4746 3180 4806 quarta
3210 4749 3304 4805 per
3351 4737 3533 4791 rubi-i-

1942 4842 2126 4883 carum
2148 4827 2383 4897 capitula
2408 4827 2785 4897 distinguatur.

2026 4965 2046 4999 ι
2079 4948 2148 5001 Et
2172 4956 2229 5001 ut
2254 4946 2453 5002 clarior
2480 4946 2667 5000 notitia
2705 4945 2899 4999 tabulae
2941 4957 3103 5010 super
3128 4957 3195 4997 eo
3231 4920 3525 5011 habeatur,

1951 5040 2181 5109 primum
2214 5053 2495 5092 numerum
2528 5037 2668 5090 foliis
2706 5036 3110 5100 connumeravi,
3134 5035 3372 5103 adjeCIas
3403 5053 3533 5091 vero

1949 5140 2176 5198 quatuor
2206 5127 2573 5183 tantummodo
2620 5127 2850 5191 litteras,
2894 5136 3123 5196 quatuor
3151 5127 3417 5181 columnis
3448 5129 3529 5181 [ος

1950 5220 2141 5274 liorum
2186 5216 2467 5287 deputavi;
2518 5218 2588 5271 ita
2636 5226 2693 5271 ut
2738 5217 2783 5271 si
2831 5218 3041 5271 versate
3086 5217 3266 5281 fuerit,
3304 5220 3535 5275 remissa

1950 5319 2154 5382 quaerat
2184 5311 2235 5364 in
2268 5308 2434 5377 prima
2464 5308 2750 5363 medietate
2798 5308 3060 5362 columna:
3086 5323 3101 5372 ;
3144 5309 3188 5361 si
3216 5323 3347 5361 vero
3374 5323 3532 5363 cum-

1948 5408 2128 5461 munis
2157 5404 2401 5459 minorve
2430 5402 2604 5456 littera
2633 5402 2816 5469 fuerit,
2848 5403 2899 5455 in
2928 5401 3092 5455 altera
3124 5402 3428 5455 medietate.

2023 5518 2042 5550 ι
2074 5500 2197 5553 llmc
2251 5496 2473 5551 exordio
2518 5495 2801 5561 prmscntis
2849 5497 3060 5562 operis,
3111 5494 3175 5546 ad
3223 5492 3534 5560 generalem

1947 5592 2065 5660 ejus
2094 5588 2340 5644 notitiam
2370 5585 2568 5640 sufficit
2596 5585 2945 5654 prtemisisse,
2989 5583 3055 5635 ad
3103 5582 3255 5651 cujus
3295 5584 3467 5639 compl
3497 5604 3531 5620 --

1950 5690 2187 5737 mentum
2232 5693 2317 5731 me
2336 5687 2659 5744 promoveat
2685 5676 2771 5728 illa
2793 5689 2911 5740 qua:
2933 5674 3170 5726 omnium
3206 5679 3291 5725 est
3318 5666 3514 5721 artifex
