4002 6230
553 241 618 305 67
1480 251 1546 308 IN
1587 250 1785 309 Vl‘l‘AS
1827 253 2104 308 PATmTM
2145 254 2656 315 PROLEGOMENA
2699 247 2886 318 xxvi.
3733 259 3808 334 in

551 365 813 433 sapientia
862 366 1120 434 increata,
1178 368 1231 422 in
1285 367 1538 423 saeculum
1589 369 1774 424 saeculi
1827 368 2134 423 benedicta.
2167 373 2214 429 Λ
2263 369 2382 424 Vita
2415 372 2476 427 S.
2519 373 2672 428 Pauli
2715 377 2996 448 Simplicis.

551 455 743 512 Amen.
775 474 795 508 ι

625 547 756 612 Quae
802 546 891 602 hic
923 547 1254 616 prmlationis
1304 557 1492 603 auctor
1535 548 1603 602 de
1635 548 1811 603 tabula
1862 561 1953 602 sua
1984 548 2134 613 dicit,

557 635 780 703 intelligi
825 653 928 690 non
960 646 1202 706 possunt,
1233 639 1337 692 nisi
1377 638 1494 706 ipsa
1524 638 1687 692 editio
1715 638 2046 706 inspiciatur.
2091 641 2134 693 A

556 743 665 796 qua
693 728 870 781 tabula
920 730 1074 782 video
1120 743 1305 782 omnes
1336 730 1659 798 p03teriores
1690 729 1973 792 editiones,
2016 744 2134 798 qure

554 825 733 871 tamen
758 817 1004 872 eumdem
1036 819 1155 872 libri
1187 820 1429 872 ordinem
1456 818 1673 884 habent,
1703 819 1932 874 variare.

629 911 738 966 Iloc
769 912 928 981 igitur
952 921 1128 965 servat
1156 912 1240 965 hic
1271 913 1445 966 editor
1471 912 1521 964 in
1550 913 1726 964 tabula
1758 928 1849 967 sua
1878 930 1890 964 :

625 1002 806 1054 Primo
835 1011 952 1069 post
977 1018 1114 1069 rem,
1151 1017 1269 1070 qute
1294 1003 1481 1056 ordine
1507 1003 1842 1070 alphabetico
1870 1004 1920 1058 in
1955 1005 2132 1058 tabula

560 1090 901 1160 exprimitur,
933 1091 1179 1160 designat
1228 1093 1423 1146 litteris
1469 1094 1829 1147 numeralibus
1875 1094 1985 1148 lolii
2031 1109 2132 1147 nu-

551 1197 784 1236 merum.

621 1291 869 1346 Secundo
914 1290 1078 1345 utlttir
1125 1297 1355 1360 quattior
1401 1291 1592 1346 litteris
1641 1291 1971 1362 majoribus,
2034 1301 2129 1349 seu

548 1382 866 1449 capitalibus
915 1380 1070 1448 (quas
1121 1381 1171 1434 in
1225 1380 1538 1450 praefatione
1586 1384 1794 1436 versale
1845 1391 2019 1447 vocat,
2061 1397 2128 1436 an

546 1472 688 1538 quod
715 1472 923 1525 initium
968 1484 1154 1525 versus
1202 1473 1267 1526 iis
1315 1473 1488 1526 soleat
1516 1475 1737 1543 scribi?)
1765 1476 1831 1538 A,
1863 1474 1920 1537 Β,
1952 1474 2014 1538 C,
2062 1475 2126 1543 D,

545 1559 699 1633 [uti]
731 1574 783 1616 et
815 1571 1044 1630 quatuor
1071 1562 1365 1616 minoribus
1392 1576 1445 1623 a,
1479 1563 1532 1628 b,
1567 1580 1618 1628 c,
1649 1563 1708 1619 d.
1736 1566 1841 1618 llas
1870 1574 1988 1632 post
2017 1565 2128 1618 folii

545 1668 828 1707 numerum
875 1655 928 1706 in
964 1653 1138 1707 tabula
1186 1653 1356 1724 attigit
1383 1669 1480 1723 pro
1529 1655 1734 1709 ratione
1765 1664 1995 1724 quatuor
2033 1671 2124 1711 co-

546 1745 872 1810 lutnnarum,
918 1746 1107 1812 quibus
1152 1720 1402 1815 quinique
1431 1746 1615 1801 folium
1644 1720 1872 1803 constat.
1907 1748 1974 1801 Et
2010 1749 2126 1816 qni-
2163 1720 2207 1778 Β

543 1833 669 1889 dem
724 1835 887 1903 priori
940 1836 1212 1889 inedietati
1270 1835 1532 1905 cujusque
1577 1839 1841 1892 columna:
1887 1840 2127 1893 serviunt

541 1924 777 1992 majores
807 1925 1021 1989 litterae,
1076 1927 1146 1980 ita
1198 1933 1257 1980 ut
1309 1928 1354 1980 A
1409 1928 1605 1982 serviat
1637 1930 1797 1997 priori
1852 1930 2124 1984 medietati

539 2015 730 2085 prima;
773 2018 1060 2084 columnae,
1096 2019 1134 2071 Β
1180 2019 1448 2100 secundas,
1502 2021 1543 2076 C
1584 2025 1776 2086 tertiae,
1809 2023 1850 2076 D
1896 2030 2120 2094 quartze.

539 2102 828 2158 Posteriori
859 2114 1039 2159 autem
1090 2105 1360 2163 medietati
1407 2111 1667 2180 Cujusque
1709 2113 1973 2168 columnae
2011 2129 2124 2169 ser-

537 2194 687 2248 viunt
713 2195 946 2250 minores
980 2198 1169 2252 littera:
1198 2215 1246 2262 a,
1275 2201 1326 2267 ι),
1357 2215 1404 2264 c,
1438 2201 1492 2266 d,
1523 2203 1635 2270 pari
1669 2212 1876 2269 tenore,
1913 2213 1968 2259 ιιι
2004 2204 2118 2275 jam

534 2283 735 2338 dictum
757 2296 840 2338 est
865 2287 932 2340 de
961 2288 1274 2356 majoribus.

610 2399 735 2454 llzec
789 2401 1021 2455 dicenda
1067 2403 1297 2474 luerunt,
1358 2417 1468 2461 tum
1523 2420 1591 2464 ne
1640 2411 1760 2478 quis
1807 2422 2117 2466 causaretur

535 2490 715 2543 minus
740 2505 824 2544 me
851 2499 1100 2547 accurate
1131 2498 1354 2562 primam
1375 2498 1723 2555 variatiouem
1747 2504 2112 2571 expressisse;

533 2587 644 2631 tum
685 2581 807 2648 quia
853 2585 1175 2650 posteriores
1230 2586 1388 2655 hujus
1437 2591 1649 2659 generis
1693 2593 1981 2660 editiones,
2032 2597 2116 2650 vel

531 2668 901 2735 pretationem
935 2671 1071 2726 hanc
1100 2676 1369 2741 omittunt,
1404 2689 1462 2733 ut
1486 2681 1749 2739 editiones
1778 2685 1971 2740 incerti
2014 2687 2115 2741 loci

531 2771 675 2811 anno
706 2758 844 2810 1485
870 2771 923 2815 et
965 2762 1124 2828 1485,
1155 2780 1273 2835 quae
1303 2769 1352 2821 in
1385 2771 1560 2825 tabula
1593 2788 1696 2828 non
1727 2786 1949 2833 utuntur
1973 2793 2110 2849 qua-

532 2860 660 2903 tuor
688 2849 792 2905 illis
823 2853 1132 2919 tuajusculis
1177 2868 1231 2910 et
1263 2859 1575 2918 minusculis
1605 2865 1818 2931 litteris,
1867 2870 1962 2924 sed
1997 2880 2115 2938 post

532 2939 780 2995 foliorum
813 2959 1092 2997 numerum
1119 2948 1282 3003 totius
1324 2950 1598 3019 alphabeti
1629 2957 1833 3012 litteras
1864 2959 2108 3030 afligunt,

531 3045 660 3099 quas
685 3042 740 3085 et
779 3033 828 3086 in
865 3041 1014 3088 textu
1059 3040 1402 3110 exprimunt;
1437 3045 1520 3098 vel
1558 3048 1922 3114 praelationem
1964 3065 2110 3109 certe

531 3120 836 3186 decurtant,
888 3131 947 3175 ut
993 3125 1157 3179 editio
1202 3126 1402 3183 Veneta
1445 3136 1569 3189 anni
1603 3136 1742 3190 1508
1791 3146 1845 3194 et
1893 3141 2107 3212 Lugdu-

530 3215 714 3266 nensis
745 3213 870 3267 anni
898 3213 1065 3267 1556:
1089 3230 1207 3283 quae
1229 3219 1389 3273 verba
1417 3223 1785 3292 illa,Adjectas
1809 3246 1953 3297 vero,
1979 3242 2108 3300 etc.,

537 3316 704 3370 usque
734 3303 824 3367 ad,
858 3301 981 3356 llaec
1011 3306 1253 3372 exordio,
1301 3320 1432 3377 etc.,
1463 3316 1734 3384 omittunt,
1769 3321 2110 3394 tabulamque

528 3405 680 3445 suam
731 3392 967 3462 dirigunt
1016 3408 1109 3461 per
1139 3396 1263 3451 folia
1311 3408 1537 3472 tantum,
1591 3407 1709 3463 sine
1745 3410 1868 3465 ullis
1912 3392 2110 3471 additis

526 3481 734 3550 litteris,
766 3485 907 3555 quod
944 3491 1130 3554 postea
1158 3502 1445 3548 servarunt
1471 3507 1682 3553 czeterte
1708 3503 1998 3562 editiones.

597 3595 1025 3658 Constatautem
1076 3608 1192 3659 haec
1237 3606 1426 3675 editio,
1476 3618 1532 3663 ut
1557 3610 1668 3680 jam
1717 3615 1940 3684 dictum,
1973 3633 2107 3689 qua-

525 3694 644 3742 tuor
673 3692 932 3757 partibus.

597 3799 776 3855 Prima
807 3819 929 3872 pars
961 3807 1121 3862 habet
1149 3810 1356 3866 initium
1384 3829 1398 3868 :
1427 3813 1620 3882 Incipit
1657 3819 1901 3889 prologus
1943 3825 2108 3877 sancti

528 3887 853 3960 Heronymi,
907 3894 1202 3952 Cardinalis
1257 3904 1574 3973 presbyteri,
1633 3908 1686 3960 in
1737 3887 1894 3964 libros
1959 3911 2106 3968 Vitas

523 3977 744 4033 Patrum
775 3993 1068 4038 sanctorum
1110 3988 1503 4060 lEgyptiorum,
1544 3998 1696 4050 etiam
1737 4016 1908 4054 eorum
1937 4006 2025 4073 qui
2052 4007 2106 4059 in

526 4071 770 4141 Scythia,
805 4074 1085 4144 Thebaida,
1118 4091 1271 4151 atque
1314 4083 1680 4156 Mesopotamia
1726 4096 1913 4148 morati
1948 4071 2106 4165 sunt;

522 4177 624 4213 non
657 4165 824 4218 solum
853 4183 981 4235 quos
1030 4172 1192 4226 oculis
1237 4175 1382 4240 cidit,
1430 4180 1752 4251 maximoque
1777 4185 1951 4242 labore
1985 4206 2106 4243 con-

519 4255 706 4318 spexit,
740 4271 911 4311 rerum
952 4269 1000 4314 et
1039 4278 1194 4332 quam
1223 4267 1373 4334 plura
1404 4285 1436 4320 a
1461 4271 1564 4337 ﬁde
1591 4273 1762 4342 dignis
1791 4277 1957 4331 relata
1981 4296 2103 4333 con-

517 4346 719 4414 scripsit
766 4351 980 4404 notabili
1027 4355 1320 4424 diligentia.
1389 4357 1620 4431 Denique
1669 4365 1890 4420 aliorum
1943 4370 2097 4424 etiam

2136 3089 2184 3153 C

3088 373 3202 437 Vita’
3247 386 3311 441 Β.
3346 389 3561 445 Αιναιιω
3583 396 3807 448 ενειηὶιαν.

2248 458 2366 513 Vita
2400 461 2463 516 S.
2510 462 2709 517 Paulle.
3081 469 3199 526 Vita
3223 473 3289 528 Bg
3318 475 3583 533 Pachontii
3604 482 3808 538 abbatis.

2253 547 2373 601 Vita
2404 551 2464 605 S.
2504 552 2747 624 Pelagine.
3083 559 3156 616 De
3211 556 3501 622 Christiano
3552 577 3811 630 monacho.

2248 637 2368 693 Vita
2427 642 2487 696 Il.
2570 644 2756 700 Marite
2820 647 2994 720 Egy-
3078 651 3198 706 Vita
3237 655 3545 712 S.Joannis
3595 660 3812 718 Efeemo-

2309 733 2508 797 ptiacte.
3140 749 3355 814 synarii.

2244 817 2363 870 Vita
2392 818 2452 873 8.
2495 821 2716 877 Marince
2756 826 2989 895 uirginis.
3073 831 3191 885 Vita
3221 833 3282 888 S.
3310 835 3561 907 Eugenia:
3589 842 3813 912 virginis.

2253 907 2368 962 Vita
2396 910 2454 965 S.
2487 911 2866 984 Euphrosynte.
3074 921 3193 976 Vita
3243 925 3306 982 S.
3352 927 3538 982 Basilii
3578 907 3814 1005 epiicOpi.

2245 1000 2363 1054 Vita
2393 1002 2455 1056 S.
2482 1002 2530 1054 F
2533 1009 2755 1060 rontonii
2775 1010 2990 1065 abbatis.
3073 1013 3194 1068 Vita
3238 1017 3296 1072 S.
3346 1018 3523 1075 Patris
3560 1000 3814 1092 Ephrem.

2249 1093 2363 1148 Vita
2392 1095 2453 1150 S.
2489 1097 2742 1154 Simeonis
2782 1105 3022 1171 eremitw,
3046 1109 3136 1174 qui
3167 1109 3218 1161 in
3246 1112 3488 1166 columna
3518 1117 3672 1172 stetit.

2304 1205 2478 1277 Atque
2510 1210 2578 1264 ita
2608 1211 2724 1266 linis
2753 1214 3042 1284 imponitur
3068 1221 3252 1289 primae
3283 1224 3443 1291 parti.

2307 1318 2479 1393 [ant]
2512 1322 2754 1380 Secunda
2783 1344 2905 1396 pars
2929 1331 3114 1400 incipit
3140 1349 3170 1386 a
3201 1337 3430 1404 registro
3456 1341 3676 1395 secundi
3700 1343 3813 1402 lihrl

2231 1411 2536 1466 sanctorum
2579 1414 2820 1485 Patrum,
2871 1421 3013 1489 quod
3045 1424 3165 1476 aliis
3195 1428 3446 1482 omnibus
3495 1432 3812 1490 editionibus

2236 1497 2337 1556 hoc
2366 1497 2580 1572 quidem
2630 1506 2748 1562 loco
2777 1509 2949 1575 deest,
2977 1525 3203 1584 excepta
3235 1516 3435 1572 Veneta
3486 1524 3610 1577 anui
3659 1527 3809 1580 l5‘.8.

2233 1591 2287 1646 ln
2341 1595 2679 1663 Lugtlunensi
2738 1592 2874 1656 1556
2921 1606 3137 1672 ponitur
3181 1612 3465 1680 registrum
3516 1613 3618 1669 hoc
3668 1619 3810 1672 initio

2235 1684 2399 1737 totius
2453 1686 2570 1740 libri
2618 1694 2737 1757 past
2785 1693 3016 1776 indicem
3065 1702 3406 1768 generalem;
3459 1706 3516 1759 in
3567 1706 3809 1776 Complu-

2233 1776 2367 1828 tensi
2414 1793 2554 1832 anno
2585 1779 2741 1845 1596,
2794 1771 2845 1836 in
2894 1786 3002 1842 line
3052 1794 3212 1844 totius
3253 1794 3372 1849 libri
3421 1807 3540 1864 post
3584 1771 3806 1855 intlircm

2228 1869 2553 1937 generalem.
2619 1874 2745 1930 Inde
2807 1879 3048 1949 sequitur
3110 1872 3415 1954 Prologus:
3481 1889 3606 1946 Vere
3667 1911 3805 1947 mun-

2228 1961 2351 2012 dum
2414 1962 2806 2032 quisdubilet,
2863 1981 2969 2026 etc.
3027 1974 3144 2029 Mox
3189 1994 3202 2029 :
3246 1978 3511 2049 Incipiunt
3567 1986 3803 2039 adhorta-

2228 2054 2388 2107 tiones
2447 2069 2738 2113 sanctorum
2789 2060 3040 2132 Patrum,
3113 2071 3550 2144 profectionesqne
3623 2095 3801 2132 mona-

2225 2139 2464 2209 chorum,
2527 2150 2694 2216 caueri
2755 2167 2954 2220 quoque
3014 2156 3369 2226 subsequentes
3432 2139 3630 2227 libelli;
3682 2181 3800 2236 quos

2227 2235 2293 2286 de
2328 2234 2504 2289 erco
2536 2239 2586 2290 in
2633 2232 2874 2296 Latinum
2908 2248 3170 2300 transtulit
3214 2262 3424 2306 sanctus
3458 2232 3796 2326 Hieronymus

2225 2324 2507 2380 cardinalis
2547 2333 2825 2401 presbyter.
2859 2334 3034 2391 Editio
3082 2339 3456 2408 Lugdunensis
3485 2324 3796 2418 habet—pro-

2222 2417 2467 2482 [essiones
2498 2419 2616 2475 loco
2652 2426 3011 2493 profectiones.
3062 2429 3189 2485 Inde
3217 2435 3462 2502 sequitur
3496 2436 3524 2508 ς
3559 2417 3752 2505 primus
3781 2458 3795 2496 :

2225 2505 2452 2571 Quidam
2491 2523 2785 2568 sanctorum
2813 2505 3032 2573 Patrum
3061 2511 3338 2590 seniorum,
3371 2526 3793 2598 interroqantibus

2219 2614 2273 2652 se
2302 2595 2564 2657 monachis
2593 2607 2655 2658 de
2682 2623 2838 2661 causa
2866 2610 3204 2678 abstinentiae,
3229 2627 3334 2670 etc.
3367 2616 3437 2670 Et
3470 2619 3793 2688 subsequun-

2222 2698 2308 2743 tur
2337 2707 2505 2761 usque
2547 2695 2613 2748 ad
2657 2695 2920 2752 ducentos
2948 2709 3003 2754 et
3031 2711 3238 2770 septem
3291 2708 3631 2775 paragraplii.
3675 2710 3791 2765 lude

2216 2781 2575 2848 subjiciuntur
2627 2790 2757 2845 varii
2809 2790 3004 2857 libelli,
3064 2809 3289 2849 numero
3336 2799 3556 2868 viginti,
3609 2803 3694 2870 qui
3738 2803 3788 2855 in

2217 2873 2391 2942 prima
2431 2877 2668 2934 editione
2717 2892 2976 2937 vocantur
3014 2885 3382 2944 novemdecim
3473 2901 3668 2960 partes,
3709 2890 3789 2945 tibi

2214 2965 2366 3021 deest
2397 2983 2553 3038 unus,
2591 2972 2677 3040 qui
2712 2971 2798 3028 hic
2830 2974 3069 3030 decimus
3095 2987 3282 3034 sextus
3324 2989 3415 3035 est
3453 2968 3526 3036 De
3556 2984 3794 3052 paeniten-

2216 3061 2328 3128 tia;
2361 3063 2456 3117 sed
2492 3066 2660 3132 prima
2685 3066 2851 3122 editio
2875 3083 2994 3123 eum
3025 3072 3250 3126 mi'xtum
3284 3073 3462 3130 habet.
3487 3092 3604 3130 cum
3633 3074 3801 3130 libello

2214 3154 2465 3221 septimo,
2508 3157 2597 3226 qui
2656 3167 2738 3211 est
2784 3159 2859 3212 De
2906 3162 3173 3229 patientia,
3230 3175 3287 3219 ut
3334 3176 3389 3220 et
3439 3168 3540 3222 ltic
3571 3168 3798 3222 decimus

2212 3257 2395 3298 sextus
2425 3246 2475 3301 in
2507 3246 2793 3304 Parisiensi
2820 3251 3054 3307 editione
3097 3255 3427 3312 inscribitur.
3479 3261 3598 3315 Post
3622 3260 3796 3315 subdi-

2213 3344 2299 3389 tur
2348 3354 2362 3390 :
2412 3330 2680 3408 Incipiunt
2727 3350 2916 3410 septem
2965 3345 3232 3413 capitula,
3287 3364 3404 3417 qua
3461 3352 3597 3403 misit
3644 3351 3791 3403 abbas

2213 3417 2417 3494 Moyses
2439 3426 2607 3480 abbati
2639 3418 2897 3501 Pimenio,
2930 3443 2976 3486 et
3005 3435 3091 3501 qui
3116 3438 3415 3490 custodierit
3443 3457 3535 3505 ea,
3565 3439 3791 3493 liberabi-

2215 3523 2295 3567 tur
2339 3531 2371 3567 a
2418 3531 2587 3586 poena,
2628 3525 2759 3585 etc.,
2809 3531 2864 3574 ut
2912 3523 2965 3575 in
3009 3522 3178 3592 prima
3227 3527 3512 3596 editione;
3553 3531 3642 3586 sed
3679 3533 3791 3599 post

2210 3611 2500 3676 septimum
2532 3621 2832 3682 sequuntur
2859 3609 2944 3670 hic
2975 3618 3188 3686 triginta
3231 3619 3336 3675 duo
3385 3625 3658 3678 variorum
3689 3622 3785 3677 Pa-

2213 3707 2351 3754 trum
2408 3704 2589 3768 dicta,
2643 3704 3005 3776 liniunturque
3055 3709 3106 3762 in
3159 3699 3260 3765 hoc
3316 3714 3652 3783 paragrapho
3697 3723 3785 3767 seu

2211 3804 2435 3843 numero
2478 3793 2566 3861 qui
2613 3791 2838 3863 incipit:
2875 3795 3002 3849 Erat
3050 3798 3259 3866 quidam
3305 3801 3358 3853 in
3408 3803 3638 3856 ctznobio
3677 3804 3784 3871 jam

2209 3893 2361 3932 senex
2409 3882 2797 3947 probatissimus
2849 3889 3154 3942 monachus.
3210 3876 3399 3944 Finit:
3436 3896 3530 3960 qui
3580 3890 3784 3960 protegit

2210 3979 2382 4025 omnes
2410 3973 2464 4025 in
2491 3975 2785 4030 sinceritate
2808 3987 2856 4029 et
2885 3979 3092 4033 veritate
3121 3982 3216 4035 sibi
3245 3984 3541 4039 servientes.

2288 4085 2468 4141 Tertia
2520 4103 2645 4158 pars
2693 4090 2794 4144 hoc
2823 4090 2982 4147 habet
3028 4095 3342 4162 principium
3370 4114 3385 4151 :
3409 4095 3601 4166 Incipit
3639 4094 3779 4148 tertia

2211 4193 2332 4246 pars
2359 4178 2476 4232 libri
2513 4170 2662 4235 Vitas
2694 4180 2934 4248 Patrum,
2969 4186 3198 4238 videlicet
3241 4187 3303 4239 de
3332 4188 3516 4257 regula
3563 4187 3637 4241 rel
3667 4201 3782 4238 cou-

2207 4271 2492 4322 versatione
2541 4269 2911 4341 Aigyptiorum
2964 4274 3346 4342 monachorum,
3397 4285 3444 4328 et
3491 4292 3666 4331 eorum
3701 4273 3783 4341 qui

2209 4358 2399 4428 degunt
2444 4362 2587 4427 apud
2627 4359 2964 4417 Palccstinam
3005 4363 3080 4417 vel
3127 4363 3574 4433 Mesopotamiam.
3608 4364 3784 4419 Prolo-

517 4436 927 4493 authenticorum
973 4441 1172 4498 libellos
1202 4447 1424 4514 ﬁdeliter
1465 4467 1494 4504 e
1535 4451 1716 4509 Gra’co
1765 4458 1818 4512 in
1857 4459 2100 4517 Latinum

2223 4465 2346 4520 gus:
2377 4447 2695 4522 Frequenter
2746 4470 2806 4506 ac
2849 4455 3034 4523 sapius
3066 4473 3098 4509 a
3143 4473 3243 4521 me,
3277 4458 3478 4526 fratres,
3521 4455 3778 4527 ﬂagitatis.

515 4529 814 4595 transtulit;
888 4542 934 4586 et
1003 4535 1067 4588 ab
1133 4538 1252 4593 aliis
1314 4543 1566 4598 translata
1632 4565 1726 4619 pro
1784 4553 1867 4605 sui
1934 4561 2101 4627 perfe-

515 4616 682 4670 ctione
703 4619 822 4674 huic
864 4625 1008 4692 operi
1035 4627 1274 4683 inseruit.
1314 4632 1443 4688 Inde
1479 4616 1726 4706 sequitur
1752 4660 1767 4697 :
1791 4616 2100 4703 Benediclus

515 4705 678 4776 Deus,
709 4721 841 4781 etc.,
868 4714 1009 4790 Mox,
1044 4717 1280 4775 Primum
1314 4724 1472 4794 igitur
1498 4705 1737 4799 tanquam
1767 4743 1880 4790 rere
1907 4740 2100 4808 funda-

515 4810 763 4870 mentum,
797 4814 928 4870 etc.,
959 4817 1014 4862 ut
1040 4824 1202 4879 supra
1231 4814 1284 4868 in
1315 4817 1482 4884 prima
1510 4821 1769 4890 editione,
1803 4829 2098 4902 eodemque

513 4891 673 4944 modo
698 4894 898 4950 linitur.

586 4984 692 5038 Sed
746 4986 860 5043 hmo
900 4989 1070 5047 editio
1123 4993 1174 5048 in
1231 4999 1402 5067 prima
1461 5012 1612 5070 parte
1671 5006 1784 5061 hate
1841 5020 2096 5078 prmterea

519 5073 682 5128 habet
709 5094 722 5128 :

528 5166 644 5221 Vita
675 5167 738 5223 S.
781 5168 941 5227 Pauli
978 5178 1132 5244 primi
1156 5196 1267 5235 ere-
1348 5183 1465 5239 Vita
1484 5185 1547 5242 S.
1573 5186 1846 5260 Eufraxiw
1863 5194 2094 5266 virginis.

588 5271 746 5314 Milli.

530 5347 650 5402 Vita
677 5349 738 5406 S.
760 5353 990 5411 Antonii.
1361 5366 1476 5422 Vita
1526 5373 1658 5426 serui
1704 5374 1822 5440 Dei,
1880 5377 2102 5437 Macarii

1420 5458 1659 5517 Romani.

1356 5549 1474 5604 Vita
1498 5552 1538 5607 S
1547 5595 1559 5606 .
1593 5554 1902 5616 Posthamii.

1358 5639 1470 5696 Vita
1489 5643 1528 5698 S
1539 5685 1552 5698 .
1577 5645 1834 5714 Onuphrii
1849 5657 2097 5711 cremiltr.

523 5527 638 5584 Vita
671 5532 733 5589 S.
770 5535 1078 5594 Hilarionis.

519 5619 630 5676 Vita
679 5624 874 5682 Malrhi
912 5633 1120 5700 captiui.

2204 4542 2509 4610 Capit-ulum
2539 4544 2767 4608 pritnum
2794 4561 2808 4597 :
2832 4545 2961 4598 Ante
2983 4543 3078 4599 hoc
3109 4548 3403 4601 triennium.
3432 4548 3650 4604 Constat
3670 4547 3783 4599 hac

2207 4648 2329 4700 pars
2374 4633 2625 4703 capitulis
2671 4635 2763 4703 55,
2813 4653 3038 4705 quorum
3091 4640 3337 4695 ultimum
3378 4652 3507 4697 est:
3553 4637 3782 4707 Quodam

2204 4733 2374 4776 autem
2437 4734 2663 4791 tempore
2706 4716 2920 4796 quidam
2971 4730 3075 4782 duo
3139 4730 3474 4801 philosophi,
3529 4731 3783 4786 audientes

2202 4815 2396 4884 famam
2427 4817 2559 4870 bcati
2585 4818 2812 4884 Antonii,
2852 4828 2962 4874 etc.

2280 4929 2478 4997 Quarta
2509 4946 2633 4999 pars
2661 4932 2765 4987 hoc
2791 4934 2950 4987 modo
2977 4934 3258 4990 inchoatur
3281 4953 3295 4988 :
3322 4933 3515 5007 Incipit
3547 4934 3782 5005 prologus

2206 5022 2370 5073 sancti
2403 5021 2694 5088 Paichasii,
2725 5024 2795 5076 ad
2824 5025 3231 5080 exhortationem
3249 5037 3545 5080 sanctorum
3574 5026 3782 5079 Patrum

2208 5118 2315 5164 tam
2359 5110 2654 5166 Grecorum
2697 5131 2849 5184 quam
2879 5115 3273 5188 Egyptiorum.
3301 5117 3513 5172 Initium
3544 5113 3744 5187 prologi
3770 5124 3782 5159 ε

2209 5201 2431 5258 Domino
2478 5208 2754 5262 venerabili
2787 5209 2955 5276 Patri,
2992 5210 3219 5265 Martino
3265 5211 3578 5282 presbytero,
3609 5219 3657 5262 et
3698 5206 3787 5258 ab-

2206 5295 2334 5348 bati.
2371 5295 2498 5351 lude
2527 5297 2712 5356 titulus
2755 5301 2888 5356 initii
2910 5312 3097 5360 textus
3122 5321 3136 5356 :
3161 5304 3354 5374 Incipit
3386 5304 3513 5357 liber
3550 5304 3786 5356 exhorta-

2208 5389 2423 5456 tionum,
2455 5399 2503 5444 et
2530 5394 2695 5459 primo
2723 5394 2899 5447 contra
2924 5397 3361 5466 gastrimargiam,
3402 5397 3471 5450 ad
3498 5392 3784 5450 evitandum

2210 5480 2346 5550 gula:
2393 5483 2723 5537 desiderium.
2778 5484 2979 5540 Textus
3033 5487 3244 5541 initium
3284 5488 3552 5554 :Quidam
3605 5486 3780 5551 frater.

2207 5575 2642 5642 quemadmodum
2668 5577 2720 5629 in
2767 5576 2899 5629 cella
2930 5581 3138 5649 propria
3177 5581 3358 5651 degere
3383 5581 3606 5634 deberet.
3648 5575 3784 5629 Cun-

2208 5675 2315 5720 stat
2335 5675 2510 5722 autem
2538 5676 2644 5722 tota
2672 5667 2782 5723 haec
2807 5684 2931 5738 pars
2945 5669 3127 5729 ‘titttlis
3151 5689 3292 5739 srvi,
3317 5689 3440 5743 quo:
3457 5691 3544 5729 um
3571 5669 3783 5727 ultitutls
