4002 6228
217 242 278 298 09
1529 241 2089 300 PROLEGOMENON’
2133 247 2250 303 XX.
3447 251 3513 302 70

230 363 312 409 est
340 351 414 407 De
441 353 866 410 meditationibus
893 353 1343 410 anachoretarum.
1382 343 1508 410 Inde
1547 355 1817 410 subnecti-
1847 361 1897 416 Α
1925 373 2066 412 anno
2096 358 2233 414 12:43
2264 363 2351 430 qui
2402 364 2565 432 priori
2619 367 2914 433 proximus,
2971 369 3070 424 hac
3112 369 3463 439 inscriptione
3493 386 3510 424 :

233 454 315 498 tur
338 444 660 512 opusculum
695 445 775 502 De
807 447 962 500 laude
989 457 1037 501 et
1065 447 1246 513 e/fectu
1286 451 1549 502 virtutum.

301 535 448 588 llanc
498 535 819 602 editionem,
867 537 980 591 sive
1032 537 1193 604 ltujus
1242 537 1494 594 editionis
1547 539 1814 604 ordinem,

233 635 346 693 post
377 626 442 678 ad
472 625 696 680 verbum
731 641 894 696 prope
939 641 1250 695 expressere
1299 643 1488 683 omnes
1534 631 1820 696 sequentes

237 722 406 788 (quas
453 733 617 785 supra
665 720 1046 788 prolegomene
1093 721 1158 774 17
1203 720 1467 790 exhibui)
1512 721 1818 776 Coloniensi

236 821 479 880 excepta,
514 811 580 865 de
611 823 714 880 qua
747 827 894 868 mox.

292 903 437 974 [thv
467 903 568 974 ]Et
583 903 797 973 quidem
813 920 998 959 omnes
1011 905 1272 961 editiones
1293 905 1674 978 Lugdunenses
1694 923 1822 976 prae-

238 997 411 1052 ierunt
435 997 717 1067 epistolam
748 996 1131 1052 dedicatoriam
1163 991 1302 1052 Celsi
1337 999 1573 1068 Hugonis
1599 998 1817 1063 Dissuti,

237 1089 284 1142 in
316 1096 548 1155 utroque
571 1085 695 1155 jure
729 1086 992 1154 doctoris,
1020 1088 1394 1143 Cabiloneusis
1420 1089 1686 1152 canonici,
1716 1105 1819 1157 qua

257 1177 687 1232 *everendissimo
716 1177 769 1230 in
796 1177 1012 1231 Christo
1044 1178 1188 1232 Patri
1214 1189 1267 1233 et
1290 1179 1507 1234 domino
1534 1179 1596 1231 Ι).
1624 1180 1818 1233 Joanni

231 1284 298 1324 ae
330 1269 576 1338 Ponpeto
613 1269 818 1338 jurium
849 1270 1208 1324 celeberrimo
1239 1271 1466 1337 doctori,
1499 1268 1822 1324 Cabilonen-

234 1360 386 1429 sique
413 1360 691 1429 episcopo,
722 1375 786 1415 ac
811 1359 1094 1415 abbatialis
1128 1362 1436 1416 monasterii
1467 1362 1648 1416 Sancti
1676 1362 1819 1417 Petri

235 1465 400 1521 prope
441 1466 626 1505 muros
655 1451 1044 1506 Cabilonenses
1068 1453 1548 1516 commendatario,
1593 1453 1822 1506 admini-

235 1545 560 1611 stratorique
589 1549 847 1611 perpetuo
883 1557 1063 1610 operte
1103 1557 1217 1596 sua“:
1246 1545 1471 1611 pretium
1499 1545 1725 1613 exponit
1765 1545 1820 1598 in

234 1631 508 1686 volumine
538 1631 640 1686 hoc
670 1632 936 1688 edolando
962 1650 974 1685 :
1007 1651 1026 1686 ς
1058 1633 1265 1700 Tantis,
1295 1634 1488 1705 inquit,
1518 1645 1637 1690 erat
1664 1651 1818 1690 men-

233 1721 312 1776 dis
353 1723 638 1790 rel'ertum,
696 1725 748 1778 in
804 1723 905 1779 hoc
941 1735 998 1779 ut
1041 1726 1244 1795 antiqui
1295 1727 1378 1780 vix
1427 1728 1548 1782 libri
1590 1728 1819 1798 vestigia
1853 1729 1897 1787 Β

231 1815 531 1886 comperiat
587 1816 875 1885 quispiam.
937 1817 1042 1870 Pro
1087 1819 1229 1872 enim
1285 1818 1645 1887 dictionibus,
1698 1821 1820 1874 alia:

234 1908 394 1962 etiam
426 1907 657 1961 diversa:
693 1909 882 1975 posita:
921 1907 1206 1974 dictiones,
1244 1925 1462 1965 sensum
1495 1911 1600 1965 divi
1633 1912 1823 1966 Hiero—

236 2000 383 2069 nymi
431 1999 836 2070 pervertebaut.
870 2001 980 2056 Nec
1020 2001 1244 2056 deerant
1286 2018 1382 2072 pro
1411 2003 1528 2057 aliis
1577 2004 1819 2074 syllabae,

240 2106 442 2162 proque
469 2092 618 2145 veris
657 2093 876 2146 diversa
919 2108 1014 2147 seu
1044 2094 1428 2162 impressorum
1471 2096 1673 2150 incuria
1704 2112 1825 2150 cor-

244 2192 584 2238 rectorutuve
632 2184 826 2239 inertia
873 2185 1232 2254 praetermissa
1282 2187 1546 2241 elementa
1591 2188 1696 2242 vim
1743 2188 1823 2242 di-

239 2277 430 2331 ctionis
457 2290 522 2330 ac
552 2291 772 2332 sensum
805 2278 1184 2346 permutantia.
1219 2279 1330 2332 lloc
1361 2280 1595 2349 tandem,
1641 2282 1734 2335 sed
1769 2292 1824 2334 ut

237 2373 382 2441 prius
421 2387 582 2440 quam
615 2374 984 2428 vetustissimo
1025 2373 1269 2428 adhibito
1301 2375 1616 2444 exemplari,
1663 2377 1822 2428 tantis

240 2475 506 2519 extersum
540 2466 773 2522 mendis.
810 2484 830 2520 ι
859 2466 1021 2538 Cujus
1060 2475 1311 2523 conatum
1340 2467 1527 2522 lectori
1575 2466 1822 2522 conside-

238 2562 460 2617 randum
494 2561 762 2631 relinquo.

670 2675 1232 2733 PROLECOMENON
1270 2676 1389 2733 XX.

304 2767 380 2824 De
405 2771 561 2824 tertia
591 2770 816 2825 edi.ione
842 2769 1053 2851 Latina,
1084 2787 1199 2892 pure
1239 2771 1303 2824 ab
1333 2781 1550 2838 utraque
1575 2772 1752 2842 priore

937 2856 1079 2892 varia
1109 2882 1122 2892 .

937 2856 1122 2896 variat.

307 2933 487 2988 Tertia
535 2933 704 2988 editio
755 2935 968 2988 Variam
1016 2943 1100 2989 est
1146 2932 1483 2989 Coloniensis
1510 2949 1653 2990 anno
1685 2934 1819 2990 1547

238 3044 352 3096 qua:
402 3028 580 3098 primo
637 3028 838 3098 prodiit
888 3029 991 3083 hoc
1040 3030 1233 3085 titulo:
1265 3028 1587 3100 Prototypon
1643 3033 1822 3085 veteris

1935 442 2066 502 Vita:
2118 462 2412 504 sanctorum
2482 454 2741 521 Patrum,
2791 459 2967 511 veteris
3046 460 3310 514 catholica
3359 474 3511 526 atque

1923 538 2221 607 apostolica:
2253 541 2497 597 Ecclesia:
2525 547 2683 612 dicta,
2727 559 2960 617 gestaque
3009 550 3230 620 insignia
3257 562 3304 604 et
3336 555 3507 605 admi-

1922 635 2090 686 randa
2119 636 2473 690 excellentium
2499 637 2648 709 [μιν]
2667 642 2861 707 aliquot
2889 641 2983 694 Dei
3004 642 3284 695 amicorum
3312 647 3512 697 utrius-

1923 741 2021 793 que
2070 741 2223 778 sexus
2283 726 2710 798 complectentes,
2771 741 2978 785 auctore
3027 733 3144 786 divo
3201 733 3517 803 Hieronymo

1925 818 2134 886 partim,
2168 820 2455 885 partimque
2484 821 2599 874 aliis
2631 827 2782 891 atque
2813 825 2932 876 aliis
2961 842 3089 893 quos
3118 840 3263 878 versa
3312 825 3516 895 pagella

1924 925 2070 963 nosse
2097 914 2309 980 poteris.
2344 915 2566 982 Accepta
2595 924 2640 967 et
2664 918 2946 985 approbata
2986 918 3048 968 ab
3079 915 3311 970 Ecclesia
3339 919 3518 971 catho-

1924 998 2029 1054 lica
2056 1012 2174 1055 ante
2203 1020 2366 1056 annos
2393 1007 2506 1072 plus
2534 1005 2672 1059 mille
2692 1007 3081 1076 quinquaginta.

1996 1095 2171 1161 Atque
2196 1094 2316 1147 huic
2343 1095 2564 1149 editioni
2603 1112 2790 1150 novatn
2823 1100 3102 1163 epistolam
3124 1099 3504 1155 dedic.ttoriam

1925 1185 2205 1252 praetttisit.
2244 1200 2402 1254 quam
2457 1188 2701 1241 exaravit
2757 1191 3007 1255 Augustze
3058 1204 3129 1242 ιιι
3183 1189 3303 1243 Kal.
3362 1187 3519 1253 Fel»,

1922 1291 2067 1330 anno
2100 1277 2257 1343 1548,
2286 1279 2350 1331 ad
2383 1280 2888 1334 reverendissimnm
2941 1280 2994 1332 in
3045 1281 3261 1334 Christo
3308 1284 3519 1336 Patrem

1924 1383 1988 1422 ac
2016 1369 2291 1424 dominum
2329 1370 2390 1425 D.
2439 1370 2752 1436 Henricum,
2804 1372 3056 1425 abbatem
3091 1373 3313 1440 insignis
3337 1388 3522 1428 emno-

1925 1461 1996 1516 bii
2024 1461 2226 1515 ordinis
2244 1461 2353 1515 divi
2373 1462 2643 1517 Benedicti
2674 1462 2726 1516 in
2758 1461 3101 1529 Wiblinghen
3131 1463 3519 1518 Constantien-

1923 1551 1998 1609 sis
2030 1554 2304 1621 ditecesis,
2336 1555 2390 1609 in
2429 1564 2530 1624 qua
2559 1569 2738 1624 opera:
2765 1569 2877 1608 sua:
2908 1557 3163 1624 praestita:
3194 1555 3330 1609 hanc
3357 1556 3518 1610 ratio-

1926 1663 2049 1703 nem
2081 1648 2256 1703 reddit
2288 1664 2301 1703 τ

2000 1756 2019 1789 ι
2055 1738 2204 1792 Vitas
2236 1739 2454 1792 Patrum
2501 1737 2662 1792 modo
2706 1753 2736 1791 a
2770 1739 2889 1807 plus
2933 1739 3080 1794 inille
3124 1738 3400 1794 erroribus
3429 1737 3521 1807 qui

1927 1830 2122 1896 passim
2149 1830 2595 1895 intercurrebant,
2625 1829 2691 1881 ad
2725 1828 3086 1883 vetustissima
3109 1830 3307 1897 pariter
3334 1843 3398 1883 ac
3429 1829 3515 1882 di-

1926 1935 2079 1975 versa
2129 1920 2459 1987 exemplaria
2511 1922 2944 1987 repurgavimus.
2996 1909 3127 1973 Nam
3178 1919 3342 1973 multa
3396 1927 3521 1972 sunt

1926 2021 2251 2076 restaurata,
2333 2011 2592 2080 pleraque
2651 2012 2881 2082 adjecta,
2939 2013 3192 2067 nonnulla
3247 2013 3521 2078 adempta.

1924 2104 2106 2157 omnia
2145 2103 2379 2173 denique
2408 2105 2540 2157 adeo
2580 2103 2909 2157 adatnussim
2970 2104 3295 2167 examinata,
3328 2115 3385 2156 ut
3415 2119 3519 2157 non

1927 2192 2088 2246 modo
2114 2202 2422 2257 renovatus,
2452 2193 2545 2247 sed
2591 2208 2725 2260 pene
2753 2201 2967 2246 renatus
3010 2200 3187 2245 tantus
3231 2192 3516 2245 thesaurus

1927 2283 2090 2354 (haud
2118 2285 2238 2337 sine
2265 2283 2413 2352 gravi
2448 2291 2624 2336 tamen
2669 2282 2876 2352 labore)
2906 2282 2973 2335 ab
3002 2283 3252 2336 omnibus
3274 2283 3378 2351 piis
3400 2299 3514 2337 me-

1927 2376 2030 2428 rito
2061 2374 2239 2443 excipi
2267 2376 2452 2443 possit.
2475 2374 2793 2428 Addidimus
2815 2384 3072 2443 praeterea
3096 2389 3297 2428 novum
3329 2389 3516 2443 quem-

1925 2464 2046 2518 dam
2079 2463 2322 2519 ordinem
2354 2480 2417 2519 ac
2455 2480 2657 2518 novum
2692 2465 2921 2518 indicem
2961 2465 3049 2532 qui
3099 2479 3312 2533 semper
3358 2466 3522 2521 dura-

1926 2558 2019 2611 bit.
2049 2557 2214 2611 Nullis
2239 2571 2369 2611 sane
2399 2556 2670 2610 laboribus
2702 2554 3057 2624 pepercimus,
3093 2570 3201 2624 quo
3230 2554 3368 2608 istud
3402 2563 3514 2609 tam

1926 2650 2138 2719 insigne
2189 2663 2326 2717 opus
2355 2649 2571 2718 prodire
2625 2657 2810 2716 posset
2863 2648 3166 2701 emunctius
3213 2661 3276 2701 ac
3329 2647 3522 2702 tersius

1924 2757 2083 2813 quam
2117 2743 2398 2797 hactenus.
2432 2760 2448 2794 i

2000 2831 2260 2901 Equidem
2301 2848 2368 2886 an
2397 2830 2562 2887 editio
2594 2830 2711 2884 haec
2740 2828 2975 2885 secunda
3001 2828 3335 2884 Coloniensis
3362 2829 3520 2898 plane

1926 2938 2061 2977 nova
2092 2923 2177 2987 sit,
2207 2937 2274 2979 an
2302 2936 2430 2976 vero
2461 2921 2638 2975 titulus
2668 2929 2872 2974 tantum
2915 2929 3168 2983 mutatus,
3197 2919 3336 2985 quod
3380 2918 3514 2972 Pro-

1926 3016 2095 3086 totypi
2127 3029 2320 3068 nomen
2349 3014 2524 3066 minus
2551 3022 2734 3066 notum
2766 3021 2930 3076 esset,
2963 3010 3232 3064 allirmarc
3256 3025 3361 3063 non
3394 3024 3518 3078 pos-

238 3119 506 3185 Ecclesite,
533 3120 798 3173 continens
846 3118 1014 3185 Vitas,
1061 3129 1225 3191 gesta,
1256 3099 1492 3190 dictaque
1528 3131 1822 3175 sanctorum

1947 3120 2073 3158 sum.
2110 3105 2266 3158 Certe
2291 3102 2539 3157 secunda:
2565 3102 2817 3158 editionis
2847 3102 2971 3156 lolia
3014 3110 3068 3156 et
3092 3103 3200 3172 typi
3232 3117 3353 3155 cum
3378 3099 3524 3169 prio-

239 3213 334 3268 Dei
362 3213 652 3266 amicorum
695 3212 962 3280 utriusque
1003 3227 1175 3277 sexus,
1207 3222 1417 3266 auctore
1447 3229 1535 3266 seu
1564 3213 1824 3281 rhapsodo

238 3317 412 3360 sancto
455 3304 782 3374 Hieronymo
835 3306 1046 3374 partim,
1093 3305 1280 3374 partim
1331 3305 1450 3358 aliis
1492 3316 1643 3374 atque
1683 3305 1824 3371 aliis,

239 3399 469 3454 Colorum
498 3414 588 3468 per
613 3395 897 3466 Gasparem
929 3395 1299 3467 Gennepwum.

308 3490 614 3544 Adornavit
643 3489 784 3545 hanc
809 3489 1098 3544 editionem
1133 3490 1297 3543 frater
1325 3489 1690 3544 Tlieodoricus
1725 3492 1828 3546 Lo-

242 3580 336 3635 ber
365 3597 394 3634 a
428 3582 651 3645 Stratis,
684 3581 981 3636 Cartliusite
1024 3581 1162 3634 aulae
1190 3580 1372 3635 Mariae
1402 3582 1451 3634 in
1485 3582 1650 3635 Buxia
1683 3584 1830 3650 prior

241 3689 300 3728 ac
333 3671 681 3742 provincialis
711 3672 975 3736 visitator,
1008 3685 1236 3740 eamque
1283 3672 1551 3726 dedicavit
1580 3688 1832 3728 reveren-

242 3765 466 3818 dissinto
507 3773 563 3819 et
611 3763 976 3818 illustrissimo
1029 3765 1252 3833 principi
1297 3764 1492 3820 Othoni
1534 3767 1593 3821 S.
1647 3769 1710 3820 lt.
1763 3767 1829 3825 E.

243 3856 526 3918 cardiuali,
560 3869 816 3925 episcopo
844 3858 1173 3925 Augustano,
1216 3871 1373 3926 quem
1407 3859 1458 3911 in
1483 3859 1706 3925 epistola
1737 3874 1830 3913 sua

249 3947 604 4011 dedicatoria,
631 3961 790 4016 quam
821 3945 1132 4015 Ratispona:
1159 3961 1299 4000 atnio
1332 3947 1469 4002 1546
1498 3949 1735 4017 scripsit,
1767 3949 1832 4003 de

243 4053 337 4094 sua
370 4040 423 4093 in
455 4040 557 4093 hoc
587 4039 727 4092 libro
750 4037 1084 4092 recensendo
1110 4053 1270 4107 opera
1305 4040 1516 4093 edocet.

321 4148 341 4178 ι
378 4129 527 4183 Vitas
577 4129 796 4183 Patrum
853 4143 956 4197 ego
1010 4144 1074 4182 ex
1125 4130 1361 4198 antiquis
1411 4139 1466 4185 et
1509 4130 1612 4184 lide
1661 4130 1834 4198 dignis

249 4221 645 4289 exemplaribus
691 4220 1068 4289 manuscriptis
1118 4231 1240 4274 octo
1288 4230 1379 4274 aut
1421 4221 1608 4276 decem
1673 4221 1834 4297 simul

247 4314 477 4378 collatis,
533 4328 639 4367 non
671 4314 865 4385 exiguo
893 4313 1080 4368 labore
1134 4326 1400 4383 utcunque
1434 4319 1741 4384 recognovi,
1779 4323 1837 4370 et

249 4406 297 4460 ei
318 4405 612 4475 integritati
643 4407 943 4461 restituisse
965 4421 1051 4460 me
1078 4416 1223 4473 puto,
1247 4422 1347 4476 qua
1377 4407 1455 4460 vel
1483 4408 1829 4477 Hieronymo,

1930 3197 2005 3252 ris
2035 3197 2288 3251 editionis
2331 3196 2477 3250 loliis
2524 3211 2588 3250 ac
2614 3195 2751 3266 typis
2782 3195 2940 3262 plane
2982 3193 3248 3262 quadrent
3279 3209 3294 3246 :
3323 3193 3522 3248 omissa

1931 3298 2135 3343 tantum
2165 3288 2254 3342 hic
2283 3297 2363 3343 est
2390 3287 2726 3357 paraphrasis
2753 3285 2998 3342 Cassiani
3038 3295 3094 3340 et
3119 3286 3370 3349 Climaci,
3399 3299 3520 3354 qua:

1931 3381 2094 3450 priori
2126 3379 2347 3434 editioni
2376 3379 2428 3432 in
2457 3381 2604 3434 calce
2633 3378 2880 3448 adjuncta
2912 3388 3048 3440 erat,
3090 3385 3144 3431 et
3210 3375 3331 3445 ejus
3396 3378 3520 3431 loco

1933 3471 2218 3527 substituto
2244 3481 2326 3525 est
2353 3470 2466 3524 Vita
2494 3469 2740 3524 Barlaatn
2764 3479 2816 3523 et
2852 3467 3131 3536 Josaphat.

2005 3563 2273 3632 Quidquid
2315 3566 2418 3624 sit,
2470 3578 2577 3615 non
2607 3561 2797 3615 dubito
2826 3562 3050 3614 multum
3095 3558 3296 3612 laboris
3327 3559 3529 3612 insum-

1933 3663 2080 3723 ptum
2110 3669 2137 3705 a
2168 3652 2280 3707 viro
2311 3652 2514 3721 optimo
2552 3650 2604 3705 in
2633 3650 2902 3704 veteribus
2932 3647 3328 3716 exemplaribus
3366 3648 3531 3702 casti-

1935 3745 2144 3818 gandis.

2004 3836 2228 3890 Constat
2257 3842 2430 3888 autem
2484 3833 2599 3887 haec
2639 3832 2804 3887 editio
2855 3829 3003 3886 libris
3042 3831 3296 3899 quinque,
3344 3829 3416 3883 uti
3470 3836 3529 3883 et

1935 3929 2105 3999 prima
2134 3926 2334 3991 editio;
2368 3925 2464 3979 sed
2493 3925 2684 3978 ordine
2727 3924 2949 3977 tnultuni
2983 3923 3284 3988 immutate,
3317 3930 3372 3976 et
3416 3921 3530 3991 qui-

1936 4015 2157 4076 busdam
2187 4035 2253 4075 ex
2282 4019 2510 4074 secunda
2536 4018 2792 4082 editione,
2824 4027 2878 4071 et
2908 4016 3121 4070 aliunde
3147 4015 3365 4069 additis.

2009 4113 2215 4168 Primus
2248 4112 2387 4166 liber
2415 4119 2623 4164 constat
2651 4110 2820 4163 tribus
2860 4110 3120 4178 partibus,
3154 4123 3376 4178 quarunt
3411 4106 3523 4175 pri-

1938 4220 2021 4258 ma
2057 4214 2135 4259 est
2178 4203 2245 4258 de
2276 4204 2475 4257 sanctis
2502 4203 2665 4266 viris;
2698 4202 2930 4256 secunda
2965 4203 3032 4255 de
3057 4204 3258 4255 sanctis
3287 4197 3528 4254 mulieri-

1937 4299 2039 4352 bus
2070 4315 2082 4350 :
2111 4311 2231 4366 quae
2257 4306 2484 4362 utraque
2530 4309 2653 4365 pars
2701 4294 2963 4364 permixta
2991 4301 3044 4346 et
3086 4291 3314 4346 conllata
3349 4299 3431 4344 est
3463 4304 3528 4344 ex

1939 4388 2077 4443 libro
2111 4388 2283 4456 primo
2311 4384 2510 4440 Bullini
2557 4385 2666 4453 (qui
2693 4393 2775 4438 est
2819 4383 3006 4438 ordine
3033 4382 3302 4438 secundus
3330 4380 3382 4434 in
3435 4396 3533 4434 no-

249 4470 568 4563 Atbanasio,
623 4499 869 4563 Leontio,
919 4470 1282 4567 Ampliilogio,
1337 4501 1600 4565 Antltero,
1674 4470 1833 4554 l‘iice;
1864 4470 1917 4531 Β
1941 4492 2048 4536 5"“
2078 4475 2336 4549 θάίῑίοηθ)
2370 4489 2424 4532 θι
2467 4477 2586 4530 aliis
2773 4491 2892 4567 (tum
2928 4473 2991 4567 gi“
3020 4472 3254 4528 secunda
3294 4470 3532 4567 cum?“

251 4590 440 4657 phoro,
485 4591 742 4661 Evagrio,
787 4591 1061 4657 Petronio,
1114 4592 1395 4660 Eutropio,
1430 4593 1733 4657 Heraclide,
1784 4605 1838 4648 et

250 4681 301 4736 id
331 4696 508 4752 genus
551 4683 674 4738 aliis
711 4685 910 4740 sanctis
959 4683 1207 4740 Patribus
1234 4686 1492 4754 scriptum
1521 4701 1628 4740 non
1663 4687 1837 4741 ambi-

247 4787 410 4844 gitur.

324 4890 344 4921 ι
376 4868 581 4924 Deinde
633 4869 688 4924 in
743 4876 949 4925 certum
992 4869 1238 4925 ordinem
1283 4871 1460 4940 quoad
1494 4870 1610 4926 ﬁeri
1645 4872 1838 4939 potuit,

249 4960 401 5029 juxta
457 4963 655 5016 seriem
707 4970 763 5016 et
818 4963 1082 5016 rationem
1140 4970 1444 5030 temporum
1497 4962 1729 5031 digessi,
1783 4971 1841 5016 ut

255 5050 427 5104 lector
451 5052 636 5105 statim
661 5061 950 5122 cognoscat
973 5067 1081 5122 quo
1102 5052 1327 5120 quisque
1352 5052 1568 5106 Patrum
1597 5063 1842 5118 tempore

255 5158 351 5212 per
379 5145 608 5213 gratiam
644 5145 737 5198 Dei
771 5145 823 5198 in
855 5145 955 5199 hoc
986 5147 1224 5201 illuxerit
1257 5146 1480 5211 mundo,
1527 5155 1618 5200 aut
1667 5146 1844 5215 p0tius

252 5252 363 5308 quo
397 5246 637 5307 tempore
674 5238 846 5306 gratia
878 5237 968 5291 Dei
1018 5240 1215 5294 luserit
1260 5240 1313 5294 in
1343 5240 1555 5295 illorum
1597 5239 1840 5308 singulis.

253 5330 375 5385 Non
405 5330 575 5384 solum
630 5340 808 5384 autem
858 5330 926 5385 de
972 5330 1122 5394 viris,
1153 5331 1248 5387 sed
1295 5332 1454 5387 etiam
1485 5332 1553 5386 de
1599 5330 1759 5385 claris
1791 5339 1846 5385 et

255 5422 462 5477 sanctis
517 5419 872 5487 mulieribus,
925 5423 1248 5478 narrationis
1297 5424 1456 5494 hujus
1509 5423 1705 5478 seriem
1763 5423 1847 5477 in-

257 5516 429 5574 stitui.
463 5535 481 5568 ι

332 5611 586 5667 Secundo
631 5625 762 5665 vero
788 5609 904 5664 btet:
950 5608 1142 5665 eadem
1180 5607 1343 5662 editio
1395 5607 1589 5662 eodem
1620 5605 1760 5672 loco,
1794 5615 1847 5660 et

264 5703 410 5776 apud
452 5703 708 5764 eumdem
755 5701 1164 5773 typographum,
1221 5699 1406 5757 iisdem
1460 5701 1598 5770 typis
1653 5696 1849 5769 prodiit

1943 4582 2062 4645 post
2097 4571 2290 4624 librutn
2334 4568 2561 4637 primum
2614 4564 2811 4618 Bullini
2860 4564 3284 4624 subnectuntur;
3342 4559 3534 4626 quibus

1945 4671 2206 4732 praeterea
2251 4659 2523 4713 interserit
2572 4656 2743 4710 Vitam
2795 4654 3021 4722 Epicteti
3050 4662 3105 4706 et
3142 4650 3400 4711 Actionis,
3433 4649 3534 4701 Fa-

1946 4753 2130 4816 biolte,
2156 4759 2210 4804 et
2240 4747 2530 4803 Marcellae.
2551 4746 2731 4800 Tertia
2758 4759 2880 4814 pars
2907 4744 3146 4798 continet
3175 4748 3428 4808 excerpta
3455 4753 3526 4791 ex

1945 4843 2148 4899 Severo
2179 4839 2436 4909 Sulpicio,
2464 4847 2518 4893 et
2555 4837 2761 4893 Joanne
2787 4836 3064 4891 Cassiano.

2019 4933 2297 4990 Secundus
2324 4931 2463 4986 liber
2491 4929 2732 4982 continet
2771 4933 3079 4980 sanctorum
3110 4923 3323 4976 Patrum
3362 4919 3534 4987 Vitas,

1947 5023 2133 5084 verba,
2158 5021 2453 5084 doctrinas,
2491 5026 2546 5072 et
2573 5017 2996 5080 exhortationes,
3029 5016 3114 5082 qui
3143 5020 3226 5067 est
3265 5011 3399 5066 liber
3427 5019 3533 5066 ter-

1951 5114 2053 5169 tius
2084 5112 2280 5166 Rullini
2311 5113 2364 5164 in
2390 5120 2570 5164 nostra
2603 5108 2857 5163 editione.

2023 5213 2235 5267 Tertius
2267 5212 2402 5265 liber
2448 5219 2529 5263 est
2581 5207 2826 5273 Palladii,
2877 5207 3030 5277 isque
3059 5222 3126 5262 ex
3157 5205 3376 5273 antiqua
3423 5219 3540 5256 vct-

1951 5307 2124 5372 sione,
2156 5306 2228 5361 uti
2258 5319 2380 5358 eam
2412 5302 2572 5356 habet
2606 5303 2772 5370 prima
2797 5301 2981 5356 editio.

2025 5406 2255 5466 Quartus
2301 5397 2432 5450 liber
2460 5404 2561 5461 est,
2596 5410 2755 5462 quem
2785 5391 3029 5463 Pelagius
3059 5391 3117 5448 S.
3158 5389 3224 5445 ἢ.
3269 5388 3331 5444 Ε.
3359 5388 3541 5443 ἀίθροι

1956 5505 2077 5556 nus,
2100 5499 2156 5545 et
2183 5489 2420 5544 Joannes
2449 5484 2691 5555 ejusdem
2743 5485 3101 5540 subdiaconus
3130 5497 3160 5536 e
3201 5478 3390 5535 Graeco
3419 5493 3541 5530 vcr-

1956 5590 2155 5638 terunt.

2030 5651 2194 5744 [mil
2235 5670 2464 5739 Quintus
2494 5669 2628 5727 liber
2662 5678 2744 5724 est
2775 5666 3083 5722 brevierum
3127 5656 3540 5719 sententiarum,
