  <div class='ocr_page' id='page_1' title='image "/cluster/home/n/w/nwhite01/storage/ocr_20150623/73/uva.x000827085/043.png"; bbox 0 0 4002 6280; ppageno 0'>
   <div class='ocr_carea' id='block_1_1' title="bbox 410 291 3698 354">
    <p class='ocr_par' dir='ltr' id='par_1_1' title="bbox 410 291 3698 354">
     <span class='ocr_line' id='line_1_1' title="bbox 410 291 3698 354; baseline 0.001 -6"><span class='ocrx_word' id='word_1_1' title='bbox 410 296 470 348; x_wconf 81' lang='grc' dir='ltr'>Ἠ</span> <span class='ocrx_word' id='word_1_2' title='bbox 1359 292 1424 347; x_wconf 82' lang='lat' dir='ltr'><strong>IN</strong></span> <span class='ocrx_word' id='word_1_3' title='bbox 1468 291 1666 349; x_wconf 83' lang='lat' dir='ltr'><strong>VITAS</strong></span> <span class='ocrx_word' id='word_1_4' title='bbox 1705 291 1985 352; x_wconf 75' lang='lat' dir='ltr'><strong>PATBUM</strong></span> <span class='ocrx_word' id='word_1_5' title='bbox 2029 295 2537 354; x_wconf 79' lang='lat' dir='ltr'><strong>PROLEGOMENA</strong></span> <span class='ocrx_word' id='word_1_6' title='bbox 2578 292 2763 350; x_wconf 78' lang='lat' dir='ltr'><strong>XXVI.</strong></span> <span class='ocrx_word' id='word_1_7' title='bbox 3624 298 3698 350; x_wconf 64' lang='lat'><strong>7‘1</strong></span> 
     </span>
    </p>
   </div>
   <div class='ocr_carea' id='block_1_2' title="bbox 409 402 3695 477">
    <p class='ocr_par' dir='ltr' id='par_1_2' title="bbox 409 402 3695 477">
     <span class='ocr_line' id='line_1_2' title="bbox 409 402 3695 477; baseline 0 -17"><span class='ocrx_word' id='word_1_8' title='bbox 409 406 487 460; x_wconf 90' lang='lat' dir='ltr'><strong>uti</strong></span> <span class='ocrx_word' id='word_1_9' title='bbox 510 411 562 458; x_wconf 90' lang='lat' dir='ltr'><strong>et</strong></span> <span class='ocrx_word' id='word_1_10' title='bbox 589 402 805 472; x_wconf 75' lang='lat' dir='ltr'><strong>quintus</strong></span> <span class='ocrx_word' id='word_1_11' title='bbox 836 412 918 458; x_wconf 90' lang='lat' dir='ltr'><strong>est</strong></span> <span class='ocrx_word' id='word_1_12' title='bbox 944 402 996 457; x_wconf 94' lang='lat' dir='ltr'><strong>in</strong></span> <span class='ocrx_word' id='word_1_13' title='bbox 1025 403 1196 473; x_wconf 89' lang='lat' dir='ltr'><strong>prima</strong></span> <span class='ocrx_word' id='word_1_14' title='bbox 1238 402 1499 460; x_wconf 74' lang='lat' dir='ltr'><strong>editione.</strong></span> <span class='ocrx_word' id='word_1_15' title='bbox 1537 405 1719 460; x_wconf 82' lang='lat' dir='ltr'><strong>Eidem</strong></span> <span class='ocrx_word' id='word_1_16' title='bbox 1752 407 1997 477; x_wconf 76' lang='lat' dir='ltr'><strong>adjungi-</strong></span> <span class='ocrx_word' id='word_1_17' title='bbox 2027 419 2074 475; x_wconf 78' lang='grc' dir='ltr'>Α</span> <span class='ocrx_word' id='word_1_18' title='bbox 2171 407 2246 462; x_wconf 76' lang='lat' dir='ltr'><strong>Ne</strong></span> <span class='ocrx_word' id='word_1_19' title='bbox 2270 423 2426 477; x_wconf 85' lang='lat' dir='ltr'><strong>quem</strong></span> <span class='ocrx_word' id='word_1_20' title='bbox 2479 417 2655 461; x_wconf 88' lang='lat' dir='ltr'><strong>tamen</strong></span> <span class='ocrx_word' id='word_1_21' title='bbox 2691 405 2875 461; x_wconf 89' lang='lat' dir='ltr'><strong>titulus</strong></span> <span class='ocrx_word' id='word_1_22' title='bbox 2924 403 3158 474; x_wconf 80' lang='lat' dir='ltr'><strong>falleret,</strong></span> <span class='ocrx_word' id='word_1_23' title='bbox 3200 423 3305 463; x_wconf 91' lang='lat' dir='ltr'><strong>non</strong></span> <span class='ocrx_word' id='word_1_24' title='bbox 3336 409 3436 463; x_wconf 85' lang='lat' dir='ltr'><strong>soli</strong></span> <span class='ocrx_word' id='word_1_25' title='bbox 3497 409 3695 465; x_wconf 78' lang='lat' dir='ltr'><strong>“iero-</strong></span> 
     </span>
    </p>
   </div>
   <div class='ocr_carea' id='block_1_3' title="bbox 407 494 1994 560">
    <p class='ocr_par' dir='ltr' id='par_1_3' title="bbox 407 494 1994 560">
     <span class='ocr_line' id='line_1_3' title="bbox 407 494 1994 560; baseline 0.001 -10"><span class='ocrx_word' id='word_1_26' title='bbox 407 505 493 550; x_wconf 88' lang='lat' dir='ltr'><strong>tur</strong></span> <span class='ocrx_word' id='word_1_27' title='bbox 549 494 685 550; x_wconf 82' lang='lat' dir='ltr'><strong>liber</strong></span> <span class='ocrx_word' id='word_1_28' title='bbox 725 496 993 550; x_wconf 83' lang='lat' dir='ltr'><strong>Pascltusii</strong></span> <span class='ocrx_word' id='word_1_29' title='bbox 1042 495 1287 560; x_wconf 88' lang='lat' dir='ltr'><strong>abbatis;</strong></span> <span class='ocrx_word' id='word_1_30' title='bbox 1341 497 1462 551; x_wconf 88' lang='lat' dir='ltr'><strong>inde</strong></span> <span class='ocrx_word' id='word_1_31' title='bbox 1510 496 1628 550; x_wconf 92' lang='lat' dir='ltr'><strong>Vita</strong></span> <span class='ocrx_word' id='word_1_32' title='bbox 1683 508 1994 552; x_wconf 88' lang='lat' dir='ltr'><strong>sanctorum</strong></span> 
     </span>
    </p>
   </div>
   <div class='ocr_carea' id='block_1_4' title="bbox 405 586 1354 655">
    <p class='ocr_par' dir='ltr' id='par_1_4' title="bbox 405 586 1354 655">
     <span class='ocr_line' id='line_1_4' title="bbox 405 586 1354 655; baseline -0.001 -13"><span class='ocrx_word' id='word_1_33' title='bbox 405 587 654 643; x_wconf 80' lang='lat' dir='ltr'><strong>Barlaam</strong></span> <span class='ocrx_word' id='word_1_34' title='bbox 684 586 947 650; x_wconf 67' lang='lat' dir='ltr'><strong>eremitae,</strong></span> <span class='ocrx_word' id='word_1_35' title='bbox 977 600 1041 639; x_wconf 90' lang='lat' dir='ltr'><strong>ac</strong></span> <span class='ocrx_word' id='word_1_36' title='bbox 1075 586 1354 655; x_wconf 85' lang='lat' dir='ltr'><strong>Josaphat.</strong></span> 
     </span>
    </p>
   </div>
   <div class='ocr_carea' id='block_1_5' title="bbox 827 698 1568 755">
    <p class='ocr_par' dir='ltr' id='par_1_5' title="bbox 827 698 1568 755">
     <span class='ocr_line' id='line_1_5' title="bbox 827 698 1568 755; baseline -0.001 -2"><span class='ocrx_word' id='word_1_37' title='bbox 827 698 1384 755; x_wconf 70' lang='lat' dir='ltr'><strong>PROLEGOMENON</strong></span> <span class='ocrx_word' id='word_1_38' title='bbox 1427 699 1568 753; x_wconf 72' lang='lat' dir='ltr'><strong>XXI.</strong></span> 
     </span>
    </p>
   </div>
   <div class='ocr_carea' id='block_1_6' title="bbox 409 808 1999 878">
    <p class='ocr_par' dir='ltr' id='par_1_6' title="bbox 409 808 1999 878">
     <span class='ocr_line' id='line_1_6' title="bbox 409 808 1999 878; baseline -0.004 -12"><span class='ocrx_word' id='word_1_39' title='bbox 409 811 490 867; x_wconf 86' lang='lat' dir='ltr'><strong>De</strong></span> <span class='ocrx_word' id='word_1_40' title='bbox 517 823 698 878; x_wconf 84' lang='lat' dir='ltr'><strong>quarta</strong></span> <span class='ocrx_word' id='word_1_41' title='bbox 725 810 820 862; x_wconf 90' lang='lat' dir='ltr'><strong>hac</strong></span> <span class='ocrx_word' id='word_1_42' title='bbox 846 812 1069 863; x_wconf 81' lang='lat' dir='ltr'><strong>editione</strong></span> <span class='ocrx_word' id='word_1_43' title='bbox 1100 810 1303 875; x_wconf 83' lang='lat' dir='ltr'><strong>Latina,</strong></span> <span class='ocrx_word' id='word_1_44' title='bbox 1337 826 1448 878; x_wconf 73' lang='lat' dir='ltr'><strong>qua:</strong></span> <span class='ocrx_word' id='word_1_45' title='bbox 1480 826 1593 861; x_wconf 86' lang='lat' dir='ltr'><strong>cum</strong></span> <span class='ocrx_word' id='word_1_46' title='bbox 1625 808 1785 861; x_wconf 88' lang='lat' dir='ltr'><strong>tribus</strong></span> <span class='ocrx_word' id='word_1_47' title='bbox 1810 822 1999 874; x_wconf 70' lang='lat' dir='ltr'><strong>prazce-</strong></span> 
     </span>
    </p>
   </div>
   <div class='ocr_carea' id='block_1_7' title="bbox 481 878 1999 948">
    <p class='ocr_par' dir='ltr' id='par_1_7' title="bbox 481 878 1999 948">
     <span class='ocr_line' id='line_1_7' title="bbox 481 878 1999 948; baseline -0.003 -15"><span class='ocrx_word' id='word_1_48' title='bbox 481 882 714 935; x_wconf 73' lang='lat' dir='ltr'><strong>dentibus</strong></span> <span class='ocrx_word' id='word_1_49' title='bbox 742 882 1050 934; x_wconf 85' lang='lat' dir='ltr'><strong>editionibus</strong></span> <span class='ocrx_word' id='word_1_50' title='bbox 1106 883 1290 948; x_wconf 82' lang='lat' dir='ltr'><strong>partim</strong></span> <span class='ocrx_word' id='word_1_51' title='bbox 1338 881 1607 943; x_wconf 71' lang='lat' dir='ltr'><strong>consentit,</strong></span> <span class='ocrx_word' id='word_1_52' title='bbox 1658 879 1849 947; x_wconf 82' lang='lat' dir='ltr'><strong>partim</strong></span> <span class='ocrx_word' id='word_1_53' title='bbox 1894 878 1999 940; x_wconf 86' lang='lat' dir='ltr'><strong>dis-</strong></span> 
     </span>
    </p>
   </div>
   <div class='ocr_carea' id='block_1_8' title="bbox 483 953 654 1006">
    <p class='ocr_par' dir='ltr' id='par_1_8' title="bbox 483 953 654 1006">
     <span class='ocr_line' id='line_1_8' title="bbox 483 953 654 1006; baseline 0 0"><span class='ocrx_word' id='word_1_54' title='bbox 483 953 654 1006; x_wconf 76' lang='lat' dir='ltr'><strong>sentit.</strong></span> 
     </span>
    </p>
   </div>
   <div class='ocr_carea' id='block_1_9' title="bbox 489 1056 1998 1128">
    <p class='ocr_par' dir='ltr' id='par_1_9' title="bbox 489 1056 1998 1128">
     <span class='ocr_line' id='line_1_9' title="bbox 489 1056 1998 1128; baseline -0.004 -12"><span class='ocrx_word' id='word_1_55' title='bbox 489 1061 618 1116; x_wconf 82' lang='lat' dir='ltr'><strong>Post</strong></span> <span class='ocrx_word' id='word_1_56' title='bbox 645 1076 833 1116; x_wconf 89' lang='lat' dir='ltr'><strong>omnes</strong></span> <span class='ocrx_word' id='word_1_57' title='bbox 861 1061 1124 1114; x_wconf 83' lang='lat' dir='ltr'><strong>editiones</strong></span> <span class='ocrx_word' id='word_1_58' title='bbox 1168 1058 1276 1128; x_wconf 87' lang='lat' dir='ltr'><strong>jam</strong></span> <span class='ocrx_word' id='word_1_59' title='bbox 1323 1067 1662 1112; x_wconf 87' lang='lat' dir='ltr'><strong>enumeratas</strong></span> <span class='ocrx_word' id='word_1_60' title='bbox 1706 1057 1848 1128; x_wconf 72' lang='lat' dir='ltr'><strong>(qun:</strong></span> <span class='ocrx_word' id='word_1_61' title='bbox 1896 1056 1998 1110; x_wconf 88' lang='lat' dir='ltr'><strong>etsi</strong></span> 
     </span>
    </p>
   </div>
   <div class='ocr_carea' id='block_1_10' title="bbox 409 1146 2000 1224">
    <p class='ocr_par' dir='ltr' id='par_1_10' title="bbox 409 1146 2000 1224">
     <span class='ocr_line' id='line_1_10' title="bbox 409 1146 2000 1224; baseline -0.007 -16"><span class='ocrx_word' id='word_1_62' title='bbox 409 1161 656 1224; x_wconf 90' lang='lat' dir='ltr'><strong>typorum</strong></span> <span class='ocrx_word' id='word_1_63' title='bbox 689 1151 940 1204; x_wconf 84' lang='lat' dir='ltr'><strong>varietate</strong></span> <span class='ocrx_word' id='word_1_64' title='bbox 968 1151 1030 1202; x_wconf 85' lang='lat' dir='ltr'><strong>ad</strong></span> <span class='ocrx_word' id='word_1_65' title='bbox 1057 1165 1140 1202; x_wconf 81' lang='lat' dir='ltr'><strong>xix</strong></span> <span class='ocrx_word' id='word_1_66' title='bbox 1172 1150 1255 1202; x_wconf 89' lang='lat' dir='ltr'><strong>vel</strong></span> <span class='ocrx_word' id='word_1_67' title='bbox 1302 1164 1372 1201; x_wconf 82' lang='lat' dir='ltr'><strong>xx</strong></span> <span class='ocrx_word' id='word_1_68' title='bbox 1402 1149 1762 1215; x_wconf 76' lang='lat' dir='ltr'><strong>inspexerim,</strong></span> <span class='ocrx_word' id='word_1_69' title='bbox 1797 1147 1861 1199; x_wconf 86' lang='lat' dir='ltr'><strong>ad</strong></span> <span class='ocrx_word' id='word_1_70' title='bbox 1897 1146 2000 1199; x_wconf 85' lang='lat' dir='ltr'><strong>tria</strong></span> 
     </span>
    </p>
   </div>
   <div class='ocr_carea' id='block_1_11' title="bbox 410 1237 1991 1310">
    <p class='ocr_par' dir='ltr' id='par_1_11' title="bbox 410 1237 1991 1310">
     <span class='ocr_line' id='line_1_11' title="bbox 410 1237 1991 1310; baseline -0.003 -14"><span class='ocrx_word' id='word_1_71' title='bbox 410 1253 588 1297; x_wconf 85' lang='lat' dir='ltr'><strong>tamen</strong></span> <span class='ocrx_word' id='word_1_72' title='bbox 616 1256 833 1310; x_wconf 74' lang='lat' dir='ltr'><strong>genera,</strong></span> <span class='ocrx_word' id='word_1_73' title='bbox 867 1252 924 1294; x_wconf 90' lang='lat' dir='ltr'><strong>ut</strong></span> <span class='ocrx_word' id='word_1_74' title='bbox 946 1256 1104 1308; x_wconf 80' lang='lat' dir='ltr'><strong>supra</strong></span> <span class='ocrx_word' id='word_1_75' title='bbox 1138 1239 1342 1306; x_wconf 89' lang='lat' dir='ltr'><strong>monui,</strong></span> <span class='ocrx_word' id='word_1_76' title='bbox 1372 1239 1558 1293; x_wconf 81' lang='lat' dir='ltr'><strong>referri</strong></span> <span class='ocrx_word' id='word_1_77' title='bbox 1590 1237 1835 1308; x_wconf 90' lang='lat' dir='ltr'><strong>possunt)</strong></span> <span class='ocrx_word' id='word_1_78' title='bbox 1869 1253 1991 1291; x_wconf 90' lang='lat' dir='ltr'><strong>suc-</strong></span> 
     </span>
    </p>
   </div>
   <div class='ocr_carea' id='block_1_12' title="bbox 410 1329 2003 1402">
    <p class='ocr_par' dir='ltr' id='par_1_12' title="bbox 410 1329 2003 1402">
     <span class='ocr_line' id='line_1_12' title="bbox 410 1329 2003 1402; baseline -0.006 -13"><span class='ocrx_word' id='word_1_79' title='bbox 410 1335 556 1389; x_wconf 89' lang='lat' dir='ltr'><strong>cedit</strong></span> <span class='ocrx_word' id='word_1_80' title='bbox 607 1347 746 1387; x_wconf 90' lang='lat' dir='ltr'><strong>nunc</strong></span> <span class='ocrx_word' id='word_1_81' title='bbox 787 1344 976 1402; x_wconf 81' lang='lat' dir='ltr'><strong>quarta</strong></span> <span class='ocrx_word' id='word_1_82' title='bbox 1025 1333 1139 1386; x_wconf 70' lang='lat' dir='ltr'><strong>lucc</strong></span> <span class='ocrx_word' id='word_1_83' title='bbox 1180 1329 1364 1398; x_wconf 79' lang='lat' dir='ltr'><strong>editio,</strong></span> <span class='ocrx_word' id='word_1_84' title='bbox 1397 1347 1516 1400; x_wconf 75' lang='lat' dir='ltr'><strong>qua:</strong></span> <span class='ocrx_word' id='word_1_85' title='bbox 1547 1341 1597 1384; x_wconf 84' lang='lat' dir='ltr'><strong>et</strong></span> <span class='ocrx_word' id='word_1_86' title='bbox 1625 1329 1772 1385; x_wconf 81' lang='lat' dir='ltr'><strong>libris</strong></span> <span class='ocrx_word' id='word_1_87' title='bbox 1798 1330 2003 1397; x_wconf 85' lang='lat' dir='ltr'><strong>aliquot</strong></span> 
     </span>
    </p>
   </div>
   <div class='ocr_carea' id='block_1_13' title="bbox 410 1423 2004 1494">
    <p class='ocr_par' dir='ltr' id='par_1_13' title="bbox 410 1423 2004 1494">
     <span class='ocr_line' id='line_1_13' title="bbox 410 1423 2004 1494; baseline -0.003 -15"><span class='ocrx_word' id='word_1_88' title='bbox 410 1427 639 1488; x_wconf 87' lang='lat' dir='ltr'><strong>auctior,</strong></span> <span class='ocrx_word' id='word_1_89' title='bbox 669 1432 724 1478; x_wconf 93' lang='lat' dir='ltr'><strong>et</strong></span> <span class='ocrx_word' id='word_1_90' title='bbox 748 1433 1025 1478; x_wconf 83' lang='lat' dir='ltr'><strong>auctomm</strong></span> <span class='ocrx_word' id='word_1_91' title='bbox 1057 1425 1199 1494; x_wconf 90' lang='lat' dir='ltr'><strong>stylo</strong></span> <span class='ocrx_word' id='word_1_92' title='bbox 1225 1424 1290 1477; x_wconf 89' lang='lat' dir='ltr'><strong>ad</strong></span> <span class='ocrx_word' id='word_1_93' title='bbox 1322 1423 1686 1490; x_wconf 90' lang='lat' dir='ltr'><strong>manuscripta</strong></span> <span class='ocrx_word' id='word_1_94' title='bbox 1731 1423 2004 1490; x_wconf 74' lang='lat' dir='ltr'><strong>exempla-</strong></span> 
     </span>
    </p>
   </div>
   <div class='ocr_carea' id='block_1_14' title="bbox 412 1511 2000 1583">
    <p class='ocr_par' dir='ltr' id='par_1_14' title="bbox 412 1511 2000 1583">
     <span class='ocr_line' id='line_1_14' title="bbox 412 1511 2000 1583; baseline -0.004 -11"><span class='ocrx_word' id='word_1_95' title='bbox 412 1518 492 1572; x_wconf 88' lang='lat' dir='ltr'><strong>ria</strong></span> <span class='ocrx_word' id='word_1_96' title='bbox 521 1516 807 1570; x_wconf 83' lang='lat' dir='ltr'><strong>reformato</strong></span> <span class='ocrx_word' id='word_1_97' title='bbox 834 1517 1131 1570; x_wconf 85' lang='lat' dir='ltr'><strong>correctior</strong></span> <span class='ocrx_word' id='word_1_98' title='bbox 1161 1515 1355 1583; x_wconf 82' lang='lat' dir='ltr'><strong>prodit.</strong></span> <span class='ocrx_word' id='word_1_99' title='bbox 1397 1513 1621 1568; x_wconf 84' lang='lat' dir='ltr'><strong>Constat</strong></span> <span class='ocrx_word' id='word_1_100' title='bbox 1676 1520 1854 1567; x_wconf 90' lang='lat' dir='ltr'><strong>autem</strong></span> <span class='ocrx_word' id='word_1_101' title='bbox 1911 1511 2000 1566; x_wconf 88' lang='lat' dir='ltr'><strong>de-</strong></span> 
     </span>
    </p>
   </div>
   <div class='ocr_carea' id='block_1_15' title="bbox 412 1603 1105 1672">
    <p class='ocr_par' dir='ltr' id='par_1_15' title="bbox 412 1603 1105 1672">
     <span class='ocr_line' id='line_1_15' title="bbox 412 1603 1105 1672; baseline -0.003 -14"><span class='ocrx_word' id='word_1_102' title='bbox 412 1617 530 1658; x_wconf 89' lang='lat' dir='ltr'><strong>cem</strong></span> <span class='ocrx_word' id='word_1_103' title='bbox 563 1604 898 1672; x_wconf 87' lang='lat' dir='ltr'><strong>potissimum</strong></span> <span class='ocrx_word' id='word_1_104' title='bbox 939 1603 1105 1658; x_wconf 90' lang='lat' dir='ltr'><strong>libris.</strong></span> 
     </span>
    </p>
   </div>
   <div class='ocr_carea' id='block_1_16' title="bbox 484 1693 2005 1762">
    <p class='ocr_par' dir='ltr' id='par_1_16' title="bbox 484 1693 2005 1762">
     <span class='ocr_line' id='line_1_16' title="bbox 484 1693 2005 1762; baseline 0.001 -16"><span class='ocrx_word' id='word_1_105' title='bbox 484 1695 698 1748; x_wconf 85' lang='lat' dir='ltr'><strong>Primus</strong></span> <span class='ocrx_word' id='word_1_106' title='bbox 721 1695 854 1749; x_wconf 85' lang='lat' dir='ltr'><strong>liber</strong></span> <span class='ocrx_word' id='word_1_107' title='bbox 882 1695 1056 1748; x_wconf 83' lang='lat' dir='ltr'><strong>varias</strong></span> <span class='ocrx_word' id='word_1_108' title='bbox 1083 1695 1322 1749; x_wconf 90' lang='lat' dir='ltr'><strong>continet</strong></span> <span class='ocrx_word' id='word_1_109' title='bbox 1345 1696 1559 1750; x_wconf 85' lang='lat' dir='ltr'><strong>Patrum</strong></span> <span class='ocrx_word' id='word_1_110' title='bbox 1588 1695 1757 1762; x_wconf 82' lang='lat' dir='ltr'><strong>Vitas,</strong></span> <span class='ocrx_word' id='word_1_111' title='bbox 1789 1704 1895 1750; x_wconf 89' lang='lat' dir='ltr'><strong>tam</strong></span> <span class='ocrx_word' id='word_1_112' title='bbox 1926 1693 2005 1748; x_wconf 48' lang='lat' dir='ltr'><strong>vi.</strong></span> 
     </span>
    </p>
   </div>
   <div class='ocr_carea' id='block_1_17' title="bbox 411 1786 2002 1856">
    <p class='ocr_par' dir='ltr' id='par_1_17' title="bbox 411 1786 2002 1856">
     <span class='ocr_line' id='line_1_17' title="bbox 411 1786 2002 1856; baseline 0.001 -18"><span class='ocrx_word' id='word_1_113' title='bbox 411 1799 593 1838; x_wconf 86' lang='lat' dir='ltr'><strong>rerum</strong></span> <span class='ocrx_word' id='word_1_114' title='bbox 626 1800 783 1854; x_wconf 88' lang='lat' dir='ltr'><strong>quam</strong></span> <span class='ocrx_word' id='word_1_115' title='bbox 818 1786 1120 1849; x_wconf 85' lang='lat' dir='ltr'><strong>mulierum,</strong></span> <span class='ocrx_word' id='word_1_116' title='bbox 1153 1788 1240 1856; x_wconf 90' lang='lat' dir='ltr'><strong>qui</strong></span> <span class='ocrx_word' id='word_1_117' title='bbox 1270 1791 1555 1843; x_wconf 81' lang='lat' dir='ltr'><strong>asceticam</strong></span> <span class='ocrx_word' id='word_1_118' title='bbox 1575 1789 1880 1851; x_wconf 81' lang='lat' dir='ltr'><strong>excoluere,</strong></span> <span class='ocrx_word' id='word_1_119' title='bbox 1913 1801 2002 1840; x_wconf 81' lang='lat' dir='ltr'><strong>sa-</strong></span> 
     </span>
    </p>
   </div>
   <div class='ocr_carea' id='block_1_18' title="bbox 412 1877 2002 1950">
    <p class='ocr_par' dir='ltr' id='par_1_18' title="bbox 412 1877 2002 1950">
     <span class='ocr_line' id='line_1_18' title="bbox 412 1877 2002 1950; baseline 0.002 -21"><span class='ocrx_word' id='word_1_120' title='bbox 412 1878 482 1930; x_wconf 88' lang='lat' dir='ltr'><strong>tis</strong></span> <span class='ocrx_word' id='word_1_121' title='bbox 507 1877 619 1932; x_wconf 81' lang='lat' dir='ltr'><strong>fuse</strong></span> <span class='ocrx_word' id='word_1_122' title='bbox 647 1877 715 1932; x_wconf 86' lang='lat' dir='ltr'><strong>ab</strong></span> <span class='ocrx_word' id='word_1_123' title='bbox 756 1878 1062 1933; x_wconf 83' lang='lat' dir='ltr'><strong>auctoribus</strong></span> <span class='ocrx_word' id='word_1_124' title='bbox 1117 1881 1731 1950; x_wconf 68' lang='lat' dir='ltr'><strong>conscriptaszilirorum</strong></span> <span class='ocrx_word' id='word_1_125' title='bbox 1787 1880 2002 1950; x_wconf 87' lang='lat' dir='ltr'><strong>quidem</strong></span> 
     </span>
    </p>
   </div>
   <div class='ocr_carea' id='block_1_19' title="bbox 412 1982 528 2021">
    <p class='ocr_par' dir='ltr' id='par_1_19' title="bbox 412 1982 528 2021">
     <span class='ocr_line' id='line_1_19' title="bbox 412 1982 528 2021; baseline -0.026 0"><span class='ocrx_word' id='word_1_126' title='bbox 412 1982 528 2021; x_wconf 72' lang='grc' dir='ltr'><strong>ινι.</strong></span> 
     </span>
    </p>
   </div>
   <div class='ocr_carea' id='block_1_20' title="bbox 412 2058 1856 2134">
    <p class='ocr_par' dir='ltr' id='par_1_20' title="bbox 412 2058 1856 2134">
     <span class='ocr_line' id='line_1_20' title="bbox 412 2058 1856 2134; baseline 0.002 -20"><span class='ocrx_word' id='word_1_127' title='bbox 412 2059 475 2114; x_wconf 88' lang='lat' dir='ltr'><strong>S.</strong></span> <span class='ocrx_word' id='word_1_128' title='bbox 506 2058 663 2113; x_wconf 86' lang='lat' dir='ltr'><strong>Pauli</strong></span> <span class='ocrx_word' id='word_1_129' title='bbox 702 2061 855 2129; x_wconf 82' lang='lat' dir='ltr'><strong>primi</strong></span> <span class='ocrx_word' id='word_1_130' title='bbox 894 2064 1143 2117; x_wconf 81' lang='lat' dir='ltr'><strong>erentitte.</strong></span> <span class='ocrx_word' id='word_1_131' title='bbox 1227 2061 1289 2117; x_wconf 90' lang='lat' dir='ltr'><strong>S.</strong></span> <span class='ocrx_word' id='word_1_132' title='bbox 1338 2061 1595 2116; x_wconf 86' lang='lat' dir='ltr'><strong>Simeonis</strong></span> <span class='ocrx_word' id='word_1_133' title='bbox 1626 2061 1856 2134; x_wconf 76' lang='lat' dir='ltr'><strong>Stglitte.</strong></span> 
     </span>
    </p>
   </div>
   <div class='ocr_carea' id='block_1_21' title="bbox 413 2150 2004 2224">
    <p class='ocr_par' dir='ltr' id='par_1_21' title="bbox 413 2150 2004 2224">
     <span class='ocr_line' id='line_1_21' title="bbox 413 2150 2004 2224; baseline 0.002 -18"><span class='ocrx_word' id='word_1_134' title='bbox 413 2150 476 2206; x_wconf 90' lang='grc'><strong>8.</strong></span> <span class='ocrx_word' id='word_1_135' title='bbox 506 2153 713 2205; x_wconf 77' lang='lat' dir='ltr'><strong>Antonii</strong></span> <span class='ocrx_word' id='word_1_136' title='bbox 759 2152 976 2206; x_wconf 76' lang='lat' dir='ltr'><strong>abbatis.</strong></span> <span class='ocrx_word' id='word_1_137' title='bbox 1235 2155 1292 2208; x_wconf 92' lang='lat' dir='ltr'><strong>S.</strong></span> <span class='ocrx_word' id='word_1_138' title='bbox 1385 2155 1605 2208; x_wconf 81' lang='lat' dir='ltr'><strong>Joannis</strong></span> <span class='ocrx_word' id='word_1_139' title='bbox 1710 2153 2004 2224; x_wconf 61' lang='lat' dir='ltr'><strong>Eleemosyo</strong></span> 
     </span>
    </p>
   </div>
   <div class='ocr_carea' id='block_1_22' title="bbox 1230 2245 1386 2297">
    <p class='ocr_par' dir='ltr' id='par_1_22' title="bbox 1230 2245 1386 2297">
     <span class='ocr_line' id='line_1_22' title="bbox 1230 2245 1386 2297; baseline -0.019 0"><span class='ocrx_word' id='word_1_140' title='bbox 1230 2245 1386 2297; x_wconf 90' lang='lat' dir='ltr'><strong>narii.</strong></span> 
     </span>
    </p>
   </div>
   <div class='ocr_carea' id='block_1_23' title="bbox 1227 2333 2006 2404">
    <p class='ocr_par' dir='ltr' id='par_1_23' title="bbox 1227 2333 2006 2404">
     <span class='ocr_line' id='line_1_23' title="bbox 1227 2333 2006 2404; baseline -0.001 -17"><span class='ocrx_word' id='word_1_141' title='bbox 1227 2333 1334 2389; x_wconf 88' lang='lat' dir='ltr'><strong>SS.</strong></span> <span class='ocrx_word' id='word_1_142' title='bbox 1369 2333 1595 2400; x_wconf 85' lang='lat' dir='ltr'><strong>Epicteti</strong></span> <span class='ocrx_word' id='word_1_143' title='bbox 1641 2334 1919 2404; x_wconf 80' lang='lat' dir='ltr'><strong>presbyteri</strong></span> <span class='ocrx_word' id='word_1_144' title='bbox 1959 2342 2006 2388; x_wconf 91' lang='lat' dir='ltr'><strong>et</strong></span> 
     </span>
    </p>
   </div>
   <div class='ocr_carea' id='block_1_24' title="bbox 1303 2426 1820 2480">
    <p class='ocr_par' dir='ltr' id='par_1_24' title="bbox 1303 2426 1820 2480">
     <span class='ocr_line' id='line_1_24' title="bbox 1303 2426 1820 2480; baseline 0.004 -3"><span class='ocrx_word' id='word_1_145' title='bbox 1303 2426 1523 2479; x_wconf 70' lang='lat' dir='ltr'><strong>Aetionis</strong></span> <span class='ocrx_word' id='word_1_146' title='bbox 1559 2427 1820 2480; x_wconf 83' lang='lat' dir='ltr'><strong>monachi.</strong></span> 
     </span>
    </p>
   </div>
   <div class='ocr_carea' id='block_1_25' title="bbox 413 2331 1086 2387">
    <p class='ocr_par' dir='ltr' id='par_1_25' title="bbox 413 2331 1086 2387">
     <span class='ocr_line' id='line_1_25' title="bbox 413 2331 1086 2387; baseline 0 0"><span class='ocrx_word' id='word_1_147' title='bbox 413 2331 475 2387; x_wconf 91' lang='grc'><strong>8.</strong></span> <span class='ocrx_word' id='word_1_148' title='bbox 509 2331 799 2386; x_wconf 74' lang='lat' dir='ltr'><strong>Hilarionis</strong></span> <span class='ocrx_word' id='word_1_149' title='bbox 829 2334 1086 2387; x_wconf 80' lang='lat' dir='ltr'><strong>monachi.</strong></span> 
     </span>
    </p>
   </div>
   <div class='ocr_carea' id='block_1_26' title="bbox 413 2423 1193 2494">
    <p class='ocr_par' dir='ltr' id='par_1_26' title="bbox 413 2423 1193 2494">
     <span class='ocr_line' id='line_1_26' title="bbox 413 2423 1193 2494; baseline 0 -16"><span class='ocrx_word' id='word_1_150' title='bbox 413 2423 476 2478; x_wconf 93' lang='grc'><strong>8.</strong></span> <span class='ocrx_word' id='word_1_151' title='bbox 517 2423 732 2491; x_wconf 83' lang='lat' dir='ltr'><strong>Malchi,</strong></span> <span class='ocrx_word' id='word_1_152' title='bbox 783 2426 969 2494; x_wconf 84' lang='lat' dir='ltr'><strong>captivi</strong></span> <span class='ocrx_word' id='word_1_153' title='bbox 1015 2441 1193 2478; x_wconf 85' lang='lat' dir='ltr'><strong>mona-</strong></span> 
     </span>
    </p>
   </div>
   <div class='ocr_carea' id='block_1_27' title="bbox 484 2517 586 2567">
    <p class='ocr_par' dir='ltr' id='par_1_27' title="bbox 484 2517 586 2567">
     <span class='ocr_line' id='line_1_27' title="bbox 484 2517 586 2567; baseline 0.01 -1"><span class='ocrx_word' id='word_1_154' title='bbox 484 2517 586 2567; x_wconf 86' lang='lat' dir='ltr'><strong>chi.</strong></span> 
     </span>
    </p>
   </div>
   <div class='ocr_carea' id='block_1_28' title="bbox 412 2603 2010 2674">
    <p class='ocr_par' dir='ltr' id='par_1_28' title="bbox 412 2603 2010 2674">
     <span class='ocr_line' id='line_1_28' title="bbox 412 2603 2010 2674; baseline 0.001 -12"><span class='ocrx_word' id='word_1_155' title='bbox 412 2603 478 2662; x_wconf 89' lang='grc'><strong>8.</strong></span> <span class='ocrx_word' id='word_1_156' title='bbox 515 2605 768 2674; x_wconf 86' lang='lat' dir='ltr'><strong>Unuphrii</strong></span> <span class='ocrx_word' id='word_1_157' title='bbox 806 2606 1047 2660; x_wconf 71' lang='lat' dir='ltr'><strong>eremitar.</strong></span> <span class='ocrx_word' id='word_1_158' title='bbox 1233 2606 1293 2661; x_wconf 88' lang='lat' dir='ltr'><strong>S.</strong></span> <span class='ocrx_word' id='word_1_159' title='bbox 1340 2605 1560 2660; x_wconf 80' lang='lat' dir='ltr'><strong>Macarii</strong></span> <span class='ocrx_word' id='word_1_160' title='bbox 1602 2609 1837 2674; x_wconf 84' lang='lat' dir='ltr'><strong>Romani,</strong></span> <span class='ocrx_word' id='word_1_161' title='bbox 1881 2611 2010 2663; x_wconf 82' lang='lat' dir='ltr'><strong>servi</strong></span> 
     </span>
    </p>
   </div>
   <div class='ocr_carea' id='block_1_29' title="bbox 1307 2696 2012 2766">
    <p class='ocr_par' dir='ltr' id='par_1_29' title="bbox 1307 2696 2012 2766">
     <span class='ocr_line' id='line_1_29' title="bbox 1307 2696 2012 2766; baseline 0.011 -18"><span class='ocrx_word' id='word_1_162' title='bbox 1307 2696 1428 2760; x_wconf 89' lang='lat' dir='ltr'><strong>Dei,</strong></span> <span class='ocrx_word' id='word_1_163' title='bbox 1498 2700 1584 2766; x_wconf 88' lang='lat' dir='ltr'><strong>qui</strong></span> <span class='ocrx_word' id='word_1_164' title='bbox 1651 2701 1880 2753; x_wconf 82' lang='lat' dir='ltr'><strong>inventus</strong></span> <span class='ocrx_word' id='word_1_165' title='bbox 1939 2711 2012 2756; x_wconf 89' lang='lat' dir='ltr'><strong>est</strong></span> 
     </span>
    </p>
   </div>
   <div class='ocr_carea' id='block_1_30' title="bbox 414 2783 1816 2857">
    <p class='ocr_par' dir='ltr' id='par_1_30' title="bbox 414 2783 1816 2857">
     <span class='ocr_line' id='line_1_30' title="bbox 414 2783 1816 2857; baseline 0.001 -15"><span class='ocrx_word' id='word_1_166' title='bbox 414 2783 484 2842; x_wconf 87' lang='grc'><strong>8.</strong></span> <span class='ocrx_word' id='word_1_167' title='bbox 537 2784 808 2841; x_wconf 88' lang='lat' dir='ltr'><strong>Pacltomii</strong></span> <span class='ocrx_word' id='word_1_168' title='bbox 854 2787 1047 2842; x_wconf 83' lang='lat' dir='ltr'><strong>abbatis</strong></span> <span class='ocrx_word' id='word_1_169' title='bbox 1094 2786 1194 2840; x_wconf 84' lang='lat' dir='ltr'><strong>Ta-</strong></span> <span class='ocrx_word' id='word_1_170' title='bbox 1295 2791 1450 2857; x_wconf 69' lang='lat' dir='ltr'><strong>juxta</strong></span> <span class='ocrx_word' id='word_1_171' title='bbox 1483 2787 1816 2844; x_wconf 81' lang='lat' dir='ltr'><strong>l’aradisum.</strong></span> 
     </span>
    </p>
   </div>
   <div class='ocr_carea' id='block_1_31' title="bbox 489 2877 701 2930">
    <p class='ocr_par' dir='ltr' id='par_1_31' title="bbox 489 2877 701 2930">
     <span class='ocr_line' id='line_1_31' title="bbox 489 2877 701 2930; baseline 0.005 -1"><span class='ocrx_word' id='word_1_172' title='bbox 489 2877 701 2930; x_wconf 89' lang='lat' dir='ltr'><strong>bennen.</strong></span> 
     </span>
    </p>
   </div>
   <div class='ocr_carea' id='block_1_32' title="bbox 415 2970 2018 3042">
    <p class='ocr_par' dir='ltr' id='par_1_32' title="bbox 415 2970 2018 3042">
     <span class='ocr_line' id='line_1_32' title="bbox 415 2970 2018 3042; baseline -0.001 -16"><span class='ocrx_word' id='word_1_173' title='bbox 415 2970 479 3026; x_wconf 93' lang='grc'><strong>8.</strong></span> <span class='ocrx_word' id='word_1_174' title='bbox 503 2970 762 3024; x_wconf 79' lang='lat' dir='ltr'><strong>Abraham</strong></span> <span class='ocrx_word' id='word_1_175' title='bbox 789 2973 1032 3026; x_wconf 79' lang='lat' dir='ltr'><strong>eremitte.</strong></span> <span class='ocrx_word' id='word_1_176' title='bbox 1238 2971 1303 3027; x_wconf 85' lang='grc' dir='ltr'><strong>Β.</strong></span> <span class='ocrx_word' id='word_1_177' title='bbox 1334 2973 1640 3037; x_wconf 83' lang='lat' dir='ltr'><strong>Postltuntii,</strong></span> <span class='ocrx_word' id='word_1_178' title='bbox 1669 2971 1842 3027; x_wconf 82' lang='lat' dir='ltr'><strong>Patris</strong></span> <span class='ocrx_word' id='word_1_179' title='bbox 1870 2973 2018 3042; x_wconf 85' lang='lat' dir='ltr'><strong>quin-</strong></span> 
     </span>
    </p>
   </div>
   <div class='ocr_carea' id='block_1_33' title="bbox 1305 3065 2014 3134">
    <p class='ocr_par' dir='ltr' id='par_1_33' title="bbox 1305 3065 2014 3134">
     <span class='ocr_line' id='line_1_33' title="bbox 1305 3065 2014 3134; baseline 0.004 -18"><span class='ocrx_word' id='word_1_180' title='bbox 1305 3081 1403 3134; x_wconf 89' lang='lat' dir='ltr'><strong>que</strong></span> <span class='ocrx_word' id='word_1_181' title='bbox 1469 3065 1688 3119; x_wconf 84' lang='lat' dir='ltr'><strong>millium</strong></span> <span class='ocrx_word' id='word_1_182' title='bbox 1744 3068 2014 3119; x_wconf 85' lang='lat' dir='ltr'><strong>monacho-</strong></span> 
     </span>
    </p>
   </div>
   <div class='ocr_carea' id='block_1_34' title="bbox 417 3149 1448 3222">
    <p class='ocr_par' dir='ltr' id='par_1_34' title="bbox 417 3149 1448 3222">
     <span class='ocr_line' id='line_1_34' title="bbox 417 3149 1448 3222; baseline 0.002 -15"><span class='ocrx_word' id='word_1_183' title='bbox 417 3149 482 3207; x_wconf 86' lang='lat' dir='ltr'><strong>S.</strong></span> <span class='ocrx_word' id='word_1_184' title='bbox 513 3150 732 3217; x_wconf 79' lang='lat' dir='ltr'><strong>Basilii,</strong></span> <span class='ocrx_word' id='word_1_185' title='bbox 765 3151 1012 3208; x_wconf 71' lang='lat' dir='ltr'><strong>Cwsareae</strong></span> <span class='ocrx_word' id='word_1_186' title='bbox 1065 3154 1199 3222; x_wconf 85' lang='lat' dir='ltr'><strong>Cap-</strong></span> <span class='ocrx_word' id='word_1_187' title='bbox 1313 3171 1448 3209; x_wconf 89' lang='lat' dir='ltr'><strong>rum.</strong></span> 
     </span>
    </p>
   </div>
   <div class='ocr_carea' id='block_1_35' title="bbox 491 3245 1866 3315">
    <p class='ocr_par' dir='ltr' id='par_1_35' title="bbox 491 3245 1866 3315">
     <span class='ocr_line' id='line_1_35' title="bbox 491 3245 1866 3315; baseline 0.004 -19"><span class='ocrx_word' id='word_1_188' title='bbox 491 3245 724 3313; x_wconf 76' lang='lat' dir='ltr'><strong>padociaz</strong></span> <span class='ocrx_word' id='word_1_189' title='bbox 762 3246 1156 3315; x_wconf 78' lang='lat' dir='ltr'><strong>archiepiscOpi.</strong></span> <span class='ocrx_word' id='word_1_190' title='bbox 1236 3245 1296 3300; x_wconf 90' lang='grc'><strong>8.</strong></span> <span class='ocrx_word' id='word_1_191' title='bbox 1333 3246 1603 3300; x_wconf 77' lang='lat' dir='ltr'><strong>Frontonii</strong></span> <span class='ocrx_word' id='word_1_192' title='bbox 1648 3248 1866 3303; x_wconf 87' lang='lat' dir='ltr'><strong>abbatis.</strong></span> 
     </span>
    </p>
   </div>
   <div class='ocr_carea' id='block_1_36' title="bbox 420 3333 2006 3410">
    <p class='ocr_par' dir='ltr' id='par_1_36' title="bbox 420 3333 2006 3410">
     <span class='ocr_line' id='line_1_36' title="bbox 420 3333 2006 3410; baseline 0.003 -19"><span class='ocrx_word' id='word_1_193' title='bbox 420 3333 487 3391; x_wconf 87' lang='grc'><strong>8.</strong></span> <span class='ocrx_word' id='word_1_194' title='bbox 543 3333 788 3403; x_wconf 82' lang='lat' dir='ltr'><strong>Ephrtem</strong></span> <span class='ocrx_word' id='word_1_195' title='bbox 839 3337 984 3407; x_wconf 84' lang='lat' dir='ltr'><strong>Syri,</strong></span> <span class='ocrx_word' id='word_1_196' title='bbox 1055 3338 1190 3392; x_wconf 88' lang='lat' dir='ltr'><strong>diae.</strong></span> <span class='ocrx_word' id='word_1_197' title='bbox 1235 3337 1345 3394; x_wconf 88' lang='lat' dir='ltr'><strong>SS.</strong></span> <span class='ocrx_word' id='word_1_198' title='bbox 1376 3335 1620 3392; x_wconf 86' lang='lat' dir='ltr'><strong>Bar.&#39;aam</strong></span> <span class='ocrx_word' id='word_1_199' title='bbox 1659 3351 1704 3394; x_wconf 81' lang='lat' dir='ltr'><strong>et</strong></span> <span class='ocrx_word' id='word_1_200' title='bbox 1731 3340 2006 3410; x_wconf 69' lang='lat' dir='ltr'><strong>Iosophat.</strong></span> 
     </span>
    </p>
   </div>
   <div class='ocr_carea' id='block_1_37' title="bbox 496 3428 726 3484">
    <p class='ocr_par' dir='ltr' id='par_1_37' title="bbox 496 3428 726 3484">
     <span class='ocr_line' id='line_1_37' title="bbox 496 3428 726 3484; baseline 0.022 -5"><span class='ocrx_word' id='word_1_201' title='bbox 496 3428 726 3484; x_wconf 72' lang='lat' dir='ltr'><strong>Edesste.</strong></span> 
     </span>
    </p>
   </div>
   <div class='ocr_carea' id='block_1_38' title="bbox 917 3522 1482 3579">
    <p class='ocr_par' dir='ltr' id='par_1_38' title="bbox 917 3522 1482 3579">
     <span class='ocr_line' id='line_1_38' title="bbox 917 3522 1482 3579; baseline 0 -3"><span class='ocrx_word' id='word_1_202' title='bbox 917 3522 1195 3578; x_wconf 84' lang='lat' dir='ltr'><strong>Mulierum</strong></span> <span class='ocrx_word' id='word_1_203' title='bbox 1237 3537 1366 3579; x_wconf 91' lang='lat' dir='ltr'><strong>vero</strong></span> <span class='ocrx_word' id='word_1_204' title='bbox 1408 3539 1482 3576; x_wconf 81' lang='lat' dir='ltr'><strong>si.</strong></span> 
     </span>
    </p>
   </div>
   <div class='ocr_carea' id='block_1_39' title="bbox 416 3609 1884 3689">
    <p class='ocr_par' dir='ltr' id='par_1_39' title="bbox 416 3609 1884 3689">
     <span class='ocr_line' id='line_1_39' title="bbox 416 3609 1884 3689; baseline 0.005 -23"><span class='ocrx_word' id='word_1_205' title='bbox 416 3610 474 3666; x_wconf 85' lang='lat' dir='ltr'><strong>S.</strong></span> <span class='ocrx_word' id='word_1_206' title='bbox 533 3609 783 3682; x_wconf 80' lang='lat' dir='ltr'><strong>Eugenia:</strong></span> <span class='ocrx_word' id='word_1_207' title='bbox 854 3614 1064 3685; x_wconf 80' lang='lat' dir='ltr'><strong>virginis</strong></span> <span class='ocrx_word' id='word_1_208' title='bbox 1130 3633 1191 3670; x_wconf 86' lang='lat' dir='ltr'><strong>ac</strong></span> <span class='ocrx_word' id='word_1_209' title='bbox 1230 3615 1292 3672; x_wconf 92' lang='lat' dir='ltr'><strong>S.</strong></span> <span class='ocrx_word' id='word_1_210' title='bbox 1322 3616 1554 3687; x_wconf 77' lang='lat' dir='ltr'><strong>Pelagia:</strong></span> <span class='ocrx_word' id='word_1_211' title='bbox 1584 3618 1884 3689; x_wconf 84' lang='lat' dir='ltr'><strong>meretricis.</strong></span> 
     </span>
    </p>
   </div>
   <div class='ocr_carea' id='block_1_40' title="bbox 491 3704 752 3758">
    <p class='ocr_par' dir='ltr' id='par_1_40' title="bbox 491 3704 752 3758">
     <span class='ocr_line' id='line_1_40' title="bbox 491 3704 752 3758; baseline 0.015 -4"><span class='ocrx_word' id='word_1_212' title='bbox 491 3704 752 3758; x_wconf 85' lang='lat' dir='ltr'><strong>marttm&#39;s.</strong></span> 
     </span>
    </p>
   </div>
   <div class='ocr_carea' id='block_1_41' title="bbox 419 3720 2015 3875">
    <p class='ocr_par' dir='ltr' id='par_1_41' title="bbox 419 3720 2015 3875">
     <span class='ocr_line' id='line_1_41' title="bbox 491 3720 752 3758; baseline 0.019 -5"><span class='ocrx_word' id='word_1_213' title='bbox 491 3720 622 3754; x_wconf 87' lang='lat' dir='ltr'><strong>mart</strong></span> <span class='ocrx_word' id='word_1_214' title='bbox 661 3720 752 3758; x_wconf 70' lang='grc' dir='ltr'><strong>ηε.</strong></span> 
     </span>
     <span class='ocr_line' id='line_1_42' title="bbox 419 3720 2015 3875; baseline 0.006 -28"><span class='ocrx_word' id='word_1_215' title='bbox 419 3790 483 3847; x_wconf 93' lang='grc'><strong>8.</strong></span> <span class='ocrx_word' id='word_1_216' title='bbox 515 3720 821 3862; x_wconf 52' lang='grc' dir='ltr'><strong>Εαρῖιταεὶω</strong></span> <span class='ocrx_word' id='word_1_217' title='bbox 852 3796 1085 3867; x_wconf 80' lang='lat' dir='ltr'><strong>virginis.</strong></span> <span class='ocrx_word' id='word_1_218' title='bbox 1232 3799 1294 3854; x_wconf 83' lang='lat' dir='ltr'><strong>S.</strong></span> <span class='ocrx_word' id='word_1_219' title='bbox 1329 3798 1514 3855; x_wconf 75' lang='lat' dir='ltr'><strong>Maria:</strong></span> <span class='ocrx_word' id='word_1_220' title='bbox 1542 3801 1877 3875; x_wconf 61' lang='lat' dir='ltr'><strong>ngyptiaea:</strong></span> <span class='ocrx_word' id='word_1_221' title='bbox 1909 3818 2015 3857; x_wconf 85' lang='lat' dir='ltr'><strong>nte-</strong></span> 
     </span>
    </p>
   </div>
   <div class='ocr_carea' id='block_1_42' title="bbox 1310 3903 1530 3944">
    <p class='ocr_par' dir='ltr' id='par_1_42' title="bbox 1310 3903 1530 3944">
     <span class='ocr_line' id='line_1_43' title="bbox 1310 3903 1530 3944; baseline 0 -2"><span class='ocrx_word' id='word_1_222' title='bbox 1310 3903 1530 3944; x_wconf 71' lang='grc' dir='ltr'><strong>τειηειε.</strong></span> 
     </span>
    </p>
   </div>
   <div class='ocr_carea' id='block_1_43' title="bbox 420 3967 1808 4059">
    <p class='ocr_par' dir='ltr' id='par_1_43' title="bbox 420 3967 1808 4059">
     <span class='ocr_line' id='line_1_44' title="bbox 420 3967 1808 4059; baseline 0.009 -29"><span class='ocrx_word' id='word_1_223' title='bbox 420 3975 483 4056; x_wconf 83' lang='grc'><strong>8.</strong></span> <span class='ocrx_word' id='word_1_224' title='bbox 516 3977 867 4050; x_wconf 75' lang='lat' dir='ltr'><strong>Euphrosynae</strong></span> <span class='ocrx_word' id='word_1_225' title='bbox 889 3980 1117 4050; x_wconf 85' lang='lat' dir='ltr'><strong>virginis.</strong></span> <span class='ocrx_word' id='word_1_226' title='bbox 1232 3983 1292 4039; x_wconf 92' lang='lat' dir='ltr'><strong>S.</strong></span> <span class='ocrx_word' id='word_1_227' title='bbox 1323 3984 1545 4041; x_wconf 68' lang='lat' dir='ltr'><strong>Marino:</strong></span> <span class='ocrx_word' id='word_1_228' title='bbox 1574 3967 1808 4059; x_wconf 80' lang='lat' dir='ltr'><strong>virginis.</strong></span> 
     </span>
    </p>
   </div>
   <div class='ocr_carea' id='block_1_44' title="bbox 421 4063 1199 4133">
    <p class='ocr_par' dir='ltr' id='par_1_44' title="bbox 421 4063 1199 4133">
     <span class='ocr_line' id='line_1_45' title="bbox 421 4063 1199 4133; baseline 0.004 -14"><span class='ocrx_word' id='word_1_229' title='bbox 421 4063 484 4120; x_wconf 92' lang='grc'><strong>8.</strong></span> <span class='ocrx_word' id='word_1_230' title='bbox 536 4065 718 4120; x_wconf 72' lang='lat' dir='ltr'><strong>Maria:</strong></span> <span class='ocrx_word' id='word_1_231' title='bbox 763 4070 1061 4133; x_wconf 86' lang='lat' dir='ltr'><strong>meretricis,</strong></span> <span class='ocrx_word' id='word_1_232' title='bbox 1109 4085 1199 4122; x_wconf 76' lang='lat' dir='ltr'><strong>ne-</strong></span> 
     </span>
    </p>
   </div>
   <div class='ocr_carea' id='block_1_45' title="bbox 494 4159 1589 4229">
    <p class='ocr_par' dir='ltr' id='par_1_45' title="bbox 494 4159 1589 4229">
     <span class='ocr_line' id='line_1_46' title="bbox 494 4159 1589 4229; baseline 0.01 -18"><span class='ocrx_word' id='word_1_233' title='bbox 494 4161 593 4229; x_wconf 81' lang='lat' dir='ltr'><strong>ptis</strong></span> <span class='ocrx_word' id='word_1_234' title='bbox 625 4159 846 4215; x_wconf 65' lang='lat' dir='ltr'><strong>Abrahae</strong></span> <span class='ocrx_word' id='word_1_235' title='bbox 866 4161 1107 4217; x_wconf 75' lang='lat' dir='ltr'><strong>eremitte.</strong></span> <span class='ocrx_word' id='word_1_236' title='bbox 1232 4162 1298 4217; x_wconf 85' lang='grc' dir='ltr'><strong>Β.</strong></span> <span class='ocrx_word' id='word_1_237' title='bbox 1335 4161 1589 4222; x_wconf 66' lang='lat' dir='ltr'><strong>Fabiolae.</strong></span> 
     </span>
    </p>
   </div>
   <div class='ocr_carea' id='block_1_46' title="bbox 1237 4256 2005 4320">
    <p class='ocr_par' dir='ltr' id='par_1_46' title="bbox 1237 4256 2005 4320">
     <span class='ocr_line' id='line_1_47' title="bbox 1237 4256 2005 4320; baseline 0.01 -8"><span class='ocrx_word' id='word_1_238' title='bbox 1237 4257 1299 4312; x_wconf 89' lang='grc'><strong>8.</strong></span> <span class='ocrx_word' id='word_1_239' title='bbox 1329 4256 1510 4313; x_wconf 78' lang='lat' dir='ltr'><strong>Paula:</strong></span> <span class='ocrx_word' id='word_1_240' title='bbox 1541 4259 1788 4316; x_wconf 68' lang='lat' dir='ltr'><strong>Romanis</strong></span> <span class='ocrx_word' id='word_1_241' title='bbox 1815 4264 2005 4320; x_wconf 68' lang='lat' dir='ltr'><strong>vidtur.</strong></span> 
     </span>
    </p>
   </div>
   <div class='ocr_carea' id='block_1_47' title="bbox 424 4340 1808 4410">
    <p class='ocr_par' dir='ltr' id='par_1_47' title="bbox 424 4340 1808 4410">
     <span class='ocr_line' id='line_1_48' title="bbox 424 4340 1808 4410; baseline 0.008 -12"><span class='ocrx_word' id='word_1_242' title='bbox 424 4340 486 4398; x_wconf 90' lang='grc'><strong>8.</strong></span> <span class='ocrx_word' id='word_1_243' title='bbox 517 4341 719 4398; x_wconf 87' lang='lat' dir='ltr'><strong>Tltaisis</strong></span> <span class='ocrx_word' id='word_1_244' title='bbox 753 4346 1049 4400; x_wconf 87' lang='lat' dir='ltr'><strong>meretricis.</strong></span> <span class='ocrx_word' id='word_1_245' title='bbox 1235 4348 1297 4404; x_wconf 90' lang='lat' dir='ltr'><strong>S.</strong></span> <span class='ocrx_word' id='word_1_246' title='bbox 1335 4349 1594 4406; x_wconf 71' lang='lat' dir='ltr'><strong>Marcellae</strong></span> <span class='ocrx_word' id='word_1_247' title='bbox 1622 4353 1808 4410; x_wconf 71' lang='lat' dir='ltr'><strong>vidum.</strong></span> 
     </span>
    </p>
   </div>
   <div class='ocr_carea' id='block_1_48' title="bbox 500 4434 2089 4541">
    <p class='ocr_par' dir='ltr' id='par_1_48' title="bbox 500 4434 2089 4541">
     <span class='ocr_line' id='line_1_49' title="bbox 500 4434 2089 4541; baseline 0.01 -53"><span class='ocrx_word' id='word_1_248' title='bbox 500 4434 807 4490; x_wconf 77' lang='lat' dir='ltr'><strong>I’otnissent</strong></span> <span class='ocrx_word' id='word_1_249' title='bbox 853 4436 1032 4505; x_wconf 86' lang='lat' dir='ltr'><strong>plures</strong></span> <span class='ocrx_word' id='word_1_250' title='bbox 1062 4437 1200 4493; x_wconf 72' lang='lat' dir='ltr'><strong>Vita:</strong></span> <span class='ocrx_word' id='word_1_251' title='bbox 1231 4443 1509 4512; x_wconf 90' lang='lat' dir='ltr'><strong>utriusque</strong></span> <span class='ocrx_word' id='word_1_252' title='bbox 1541 4458 1702 4500; x_wconf 84' lang='lat' dir='ltr'><strong>sexus</strong></span> <span class='ocrx_word' id='word_1_253' title='bbox 1744 4448 1890 4514; x_wconf 85' lang='lat' dir='ltr'><strong>addi,</strong></span> <span class='ocrx_word' id='word_1_254' title='bbox 1918 4453 2006 4520; x_wconf 89' lang='lat' dir='ltr'><strong>qui</strong></span> <span class='ocrx_word' id='word_1_255' title='bbox 2037 4481 2089 4541; x_wconf 73' lang='grc' dir='ltr'><strong><em>υ</em></strong></span> 
     </span>
    </p>
   </div>
   <div class='ocr_carea' id='block_1_49' title="bbox 426 4524 2006 4602">
    <p class='ocr_par' dir='ltr' id='par_1_49' title="bbox 426 4524 2006 4602">
     <span class='ocr_line' id='line_1_50' title="bbox 426 4524 2006 4602; baseline 0.013 -26"><span class='ocrx_word' id='word_1_256' title='bbox 426 4524 479 4577; x_wconf 90' lang='lat' dir='ltr'><strong>in</strong></span> <span class='ocrx_word' id='word_1_257' title='bbox 509 4525 696 4578; x_wconf 87' lang='lat' dir='ltr'><strong>eodem</strong></span> <span class='ocrx_word' id='word_1_258' title='bbox 719 4526 930 4580; x_wconf 85' lang='lat' dir='ltr'><strong>vivendi</strong></span> <span class='ocrx_word' id='word_1_259' title='bbox 971 4527 1214 4585; x_wconf 87' lang='lat' dir='ltr'><strong>instituto</strong></span> <span class='ocrx_word' id='word_1_260' title='bbox 1244 4546 1303 4587; x_wconf 87' lang='lat' dir='ltr'><strong>se</strong></span> <span class='ocrx_word' id='word_1_261' title='bbox 1339 4538 1613 4602; x_wconf 84' lang='lat' dir='ltr'><strong>exercuit;</strong></span> <span class='ocrx_word' id='word_1_262' title='bbox 1645 4538 1738 4592; x_wconf 89' lang='lat' dir='ltr'><strong>sed</strong></span> <span class='ocrx_word' id='word_1_263' title='bbox 1769 4548 1823 4594; x_wconf 91' lang='lat' dir='ltr'><strong>et</strong></span> <span class='ocrx_word' id='word_1_264' title='bbox 1872 4541 2006 4596; x_wconf 91' lang='lat' dir='ltr'><strong>liber</strong></span> 
     </span>
    </p>
   </div>
   <div class='ocr_carea' id='block_1_50' title="bbox 424 4619 2003 4696">
    <p class='ocr_par' dir='ltr' id='par_1_50' title="bbox 424 4619 2003 4696">
     <span class='ocr_line' id='line_1_51' title="bbox 424 4619 2003 4696; baseline 0.011 -26"><span class='ocrx_word' id='word_1_265' title='bbox 424 4619 758 4672; x_wconf 70' lang='lat' dir='ltr'><strong>excrevisset</strong></span> <span class='ocrx_word' id='word_1_266' title='bbox 815 4619 1057 4683; x_wconf 91' lang='lat' dir='ltr'><strong>nimium.</strong></span> <span class='ocrx_word' id='word_1_267' title='bbox 1112 4632 1166 4677; x_wconf 91' lang='lat' dir='ltr'><strong>et</strong></span> <span class='ocrx_word' id='word_1_268' title='bbox 1227 4633 1377 4678; x_wconf 83' lang='lat' dir='ltr'><strong>extra</strong></span> <span class='ocrx_word' id='word_1_269' title='bbox 1438 4631 1766 4696; x_wconf 90' lang='lat' dir='ltr'><strong>propositum</strong></span> <span class='ocrx_word' id='word_1_270' title='bbox 1827 4648 2003 4687; x_wconf 91' lang='lat' dir='ltr'><strong>meum</strong></span> 
     </span>
    </p>
   </div>
   <div class='ocr_carea' id='block_1_51' title="bbox 427 4706 2006 4793">
    <p class='ocr_par' dir='ltr' id='par_1_51' title="bbox 427 4706 2006 4793">
     <span class='ocr_line' id='line_1_52' title="bbox 427 4706 2006 4793; baseline 0.013 -34"><span class='ocrx_word' id='word_1_271' title='bbox 427 4706 702 4777; x_wconf 86' lang='lat' dir='ltr'><strong>abiissem,</strong></span> <span class='ocrx_word' id='word_1_272' title='bbox 735 4724 841 4778; x_wconf 92' lang='lat' dir='ltr'><strong>quo</strong></span> <span class='ocrx_word' id='word_1_273' title='bbox 871 4713 1080 4779; x_wconf 87' lang='lat' dir='ltr'><strong>suscepi</strong></span> <span class='ocrx_word' id='word_1_274' title='bbox 1106 4714 1348 4780; x_wconf 81' lang='lat' dir='ltr'><strong>vulgatas</strong></span> <span class='ocrx_word' id='word_1_275' title='bbox 1404 4717 1619 4772; x_wconf 85' lang='lat' dir='ltr'><strong>Patrum</strong></span> <span class='ocrx_word' id='word_1_276' title='bbox 1659 4720 1825 4788; x_wconf 87' lang='lat' dir='ltr'><strong>Vitas,</strong></span> <span class='ocrx_word' id='word_1_277' title='bbox 1884 4739 2006 4793; x_wconf 72' lang='lat' dir='ltr'><strong>qua:</strong></span> 
     </span>
    </p>
   </div>
   <div class='ocr_carea' id='block_1_52' title="bbox 427 4798 2009 4880">
    <p class='ocr_par' dir='ltr' id='par_1_52' title="bbox 427 4798 2009 4880">
     <span class='ocr_line' id='line_1_53' title="bbox 427 4798 2009 4880; baseline 0.013 -31"><span class='ocrx_word' id='word_1_278' title='bbox 427 4798 716 4853; x_wconf 89' lang='lat' dir='ltr'><strong>multorum</strong></span> <span class='ocrx_word' id='word_1_279' title='bbox 747 4801 874 4854; x_wconf 92' lang='lat' dir='ltr'><strong>olim</strong></span> <span class='ocrx_word' id='word_1_280' title='bbox 927 4803 1172 4858; x_wconf 86' lang='lat' dir='ltr'><strong>manibus</strong></span> <span class='ocrx_word' id='word_1_281' title='bbox 1219 4805 1364 4862; x_wconf 86' lang='lat' dir='ltr'><strong>luere</strong></span> <span class='ocrx_word' id='word_1_282' title='bbox 1411 4811 1760 4880; x_wconf 80' lang='lat' dir='ltr'><strong>circumlatae,</strong></span> <span class='ocrx_word' id='word_1_283' title='bbox 1818 4831 2009 4871; x_wconf 86' lang='lat' dir='ltr'><strong>recen-</strong></span> 
     </span>
    </p>
   </div>
   <div class='ocr_carea' id='block_1_53' title="bbox 429 4893 1535 4963">
    <p class='ocr_par' dir='ltr' id='par_1_53' title="bbox 429 4893 1535 4963">
     <span class='ocr_line' id='line_1_54' title="bbox 429 4893 1535 4963; baseline 0.014 -23"><span class='ocrx_word' id='word_1_284' title='bbox 429 4902 550 4942; x_wconf 88' lang='lat' dir='ltr'><strong>sere</strong></span> <span class='ocrx_word' id='word_1_285' title='bbox 575 4901 627 4943; x_wconf 87' lang='lat' dir='ltr'><strong>et</strong></span> <span class='ocrx_word' id='word_1_286' title='bbox 658 4893 814 4946; x_wconf 90' lang='lat' dir='ltr'><strong>nitori</strong></span> <span class='ocrx_word' id='word_1_287' title='bbox 840 4908 938 4946; x_wconf 87' lang='lat' dir='ltr'><strong>suo</strong></span> <span class='ocrx_word' id='word_1_288' title='bbox 979 4895 1203 4963; x_wconf 86' lang='lat' dir='ltr'><strong>pristino</strong></span> <span class='ocrx_word' id='word_1_289' title='bbox 1232 4901 1535 4956; x_wconf 89' lang='lat' dir='ltr'><strong>restituere.</strong></span> 
     </span>
    </p>
   </div>
   <div class='ocr_carea' id='block_1_54' title="bbox 496 4979 2010 5070">
    <p class='ocr_par' dir='ltr' id='par_1_54' title="bbox 496 4979 2010 5070">
     <span class='ocr_line' id='line_1_55' title="bbox 496 4979 2010 5070; baseline 0.013 -36"><span class='ocrx_word' id='word_1_290' title='bbox 496 4979 716 5035; x_wconf 87' lang='lat' dir='ltr'><strong>Librum</strong></span> <span class='ocrx_word' id='word_1_291' title='bbox 745 4982 885 5037; x_wconf 92' lang='lat' dir='ltr'><strong>hunc</strong></span> <span class='ocrx_word' id='word_1_292' title='bbox 915 4986 1141 5052; x_wconf 80' lang='lat' dir='ltr'><strong>primum</strong></span> <span class='ocrx_word' id='word_1_293' title='bbox 1185 4989 1310 5043; x_wconf 88' lang='lat' dir='ltr'><strong>divo</strong></span> <span class='ocrx_word' id='word_1_294' title='bbox 1341 4991 1664 5066; x_wconf 85' lang='lat' dir='ltr'><strong>llieronymo</strong></span> <span class='ocrx_word' id='word_1_295' title='bbox 1694 4999 2010 5070; x_wconf 75' lang='lat' dir='ltr'><strong>presbytero</strong></span> 
     </span>
    </p>
   </div>
   <div class='ocr_carea' id='block_1_55' title="bbox 423 5073 2008 5159">
    <p class='ocr_par' dir='ltr' id='par_1_55' title="bbox 423 5073 2008 5159">
     <span class='ocr_line' id='line_1_56' title="bbox 423 5073 2008 5159; baseline 0.016 -35"><span class='ocrx_word' id='word_1_296' title='bbox 423 5073 762 5144; x_wconf 80' lang='lat' dir='ltr'><strong>potissimum</strong></span> <span class='ocrx_word' id='word_1_297' title='bbox 788 5076 1054 5145; x_wconf 89' lang='lat' dir='ltr'><strong>inscripsi,</strong></span> <span class='ocrx_word' id='word_1_298' title='bbox 1077 5087 1184 5133; x_wconf 90' lang='lat' dir='ltr'><strong>tum</strong></span> <span class='ocrx_word' id='word_1_299' title='bbox 1214 5084 1353 5152; x_wconf 88' lang='lat' dir='ltr'><strong>quod</strong></span> <span class='ocrx_word' id='word_1_300' title='bbox 1385 5086 1738 5158; x_wconf 88' lang='lat' dir='ltr'><strong>llieronymus</strong></span> <span class='ocrx_word' id='word_1_301' title='bbox 1770 5094 2008 5159; x_wconf 86' lang='lat' dir='ltr'><strong>pntiores</strong></span> 
     </span>
    </p>
   </div>
   <div class='ocr_carea' id='block_1_56' title="bbox 421 5172 2009 5249">
    <p class='ocr_par' dir='ltr' id='par_1_56' title="bbox 421 5172 2009 5249">
     <span class='ocr_line' id='line_1_57' title="bbox 421 5172 2009 5249; baseline 0.013 -29"><span class='ocrx_word' id='word_1_302' title='bbox 421 5172 476 5224; x_wconf 90' lang='lat' dir='ltr'><strong>in</strong></span> <span class='ocrx_word' id='word_1_303' title='bbox 510 5181 576 5219; x_wconf 86' lang='lat' dir='ltr'><strong>eo</strong></span> <span class='ocrx_word' id='word_1_304' title='bbox 604 5177 782 5233; x_wconf 85' lang='lat' dir='ltr'><strong>partes</strong></span> <span class='ocrx_word' id='word_1_305' title='bbox 811 5181 1011 5239; x_wconf 77' lang='lat' dir='ltr'><strong>ageret,</strong></span> <span class='ocrx_word' id='word_1_306' title='bbox 1036 5175 1124 5241; x_wconf 88' lang='lat' dir='ltr'><strong>qui</strong></span> <span class='ocrx_word' id='word_1_307' title='bbox 1175 5173 1360 5248; x_wconf 80' lang='lat' dir='ltr'><strong>[van]</strong></span> <span class='ocrx_word' id='word_1_308' title='bbox 1414 5195 1550 5234; x_wconf 91' lang='lat' dir='ltr'><strong>unus</strong></span> <span class='ocrx_word' id='word_1_309' title='bbox 1583 5184 1760 5249; x_wconf 89' lang='lat' dir='ltr'><strong>plures</strong></span> <span class='ocrx_word' id='word_1_310' title='bbox 1792 5194 1901 5238; x_wconf 89' lang='lat' dir='ltr'><strong>tum</strong></span> <span class='ocrx_word' id='word_1_311' title='bbox 1933 5188 2009 5240; x_wconf 85' lang='lat' dir='ltr'><strong>vi-</strong></span> 
     </span>
    </p>
   </div>
   <div class='ocr_carea' id='block_1_57' title="bbox 425 5263 2011 5343">
    <p class='ocr_par' dir='ltr' id='par_1_57' title="bbox 425 5263 2011 5343">
     <span class='ocr_line' id='line_1_58' title="bbox 425 5263 2011 5343; baseline 0.014 -33"><span class='ocrx_word' id='word_1_312' title='bbox 425 5271 609 5311; x_wconf 85' lang='lat' dir='ltr'><strong>rorum</strong></span> <span class='ocrx_word' id='word_1_313' title='bbox 640 5268 749 5312; x_wconf 88' lang='lat' dir='ltr'><strong>tum</strong></span> <span class='ocrx_word' id='word_1_314' title='bbox 781 5263 1062 5317; x_wconf 89' lang='lat' dir='ltr'><strong>mulierum</strong></span> <span class='ocrx_word' id='word_1_315' title='bbox 1101 5265 1246 5321; x_wconf 86' lang='lat' dir='ltr'><strong>Vitas</strong></span> <span class='ocrx_word' id='word_1_316' title='bbox 1291 5275 1635 5341; x_wconf 84' lang='lat' dir='ltr'><strong>conscripsit,</strong></span> <span class='ocrx_word' id='word_1_317' title='bbox 1680 5291 1838 5343; x_wconf 91' lang='lat' dir='ltr'><strong>quam</strong></span> <span class='ocrx_word' id='word_1_318' title='bbox 1872 5277 2011 5333; x_wconf 90' lang='lat' dir='ltr'><strong>ullus</strong></span> 
     </span>
    </p>
   </div>
   <div class='ocr_carea' id='block_1_58' title="bbox 423 5347 2007 5432">
    <p class='ocr_par' dir='ltr' id='par_1_58' title="bbox 423 5347 2007 5432">
     <span class='ocr_line' id='line_1_59' title="bbox 423 5347 2007 5432; baseline 0.015 -34"><span class='ocrx_word' id='word_1_319' title='bbox 423 5347 594 5412; x_wconf 89' lang='lat' dir='ltr'><strong>alius;</strong></span> <span class='ocrx_word' id='word_1_320' title='bbox 625 5355 736 5402; x_wconf 87' lang='lat' dir='ltr'><strong>tum</strong></span> <span class='ocrx_word' id='word_1_321' title='bbox 771 5359 823 5403; x_wconf 89' lang='lat' dir='ltr'><strong>ut</strong></span> <span class='ocrx_word' id='word_1_322' title='bbox 851 5367 1010 5421; x_wconf 89' lang='lat' dir='ltr'><strong>quam</strong></span> <span class='ocrx_word' id='word_1_323' title='bbox 1039 5355 1255 5412; x_wconf 90' lang='lat' dir='ltr'><strong>minime</strong></span> <span class='ocrx_word' id='word_1_324' title='bbox 1282 5360 1349 5412; x_wconf 82' lang='lat' dir='ltr'><strong>ab</strong></span> <span class='ocrx_word' id='word_1_325' title='bbox 1378 5361 1693 5432; x_wconf 85' lang='lat' dir='ltr'><strong>inveterata,</strong></span> <span class='ocrx_word' id='word_1_326' title='bbox 1723 5382 1842 5431; x_wconf 70' lang='lat' dir='ltr'><strong>qum</strong></span> <span class='ocrx_word' id='word_1_327' title='bbox 1871 5369 2007 5420; x_wconf 83' lang='lat' dir='ltr'><strong>mul-</strong></span> 
     </span>
    </p>
   </div>
   <div class='ocr_carea' id='block_1_59' title="bbox 424 5447 2009 5524">
    <p class='ocr_par' dir='ltr' id='par_1_59' title="bbox 424 5447 2009 5524">
     <span class='ocr_line' id='line_1_60' title="bbox 424 5447 2009 5524; baseline 0.014 -33"><span class='ocrx_word' id='word_1_328' title='bbox 424 5447 602 5494; x_wconf 86' lang='lat' dir='ltr'><strong>torum</strong></span> <span class='ocrx_word' id='word_1_329' title='bbox 635 5447 791 5497; x_wconf 53' lang='lat' dir='ltr'><strong>etiam</strong></span> <span class='ocrx_word' id='word_1_330' title='bbox 816 5455 1054 5501; x_wconf 90' lang='lat' dir='ltr'><strong>veterum</strong></span> <span class='ocrx_word' id='word_1_331' title='bbox 1082 5451 1290 5505; x_wconf 87' lang='lat' dir='ltr'><strong>animos</strong></span> <span class='ocrx_word' id='word_1_332' title='bbox 1318 5459 1621 5522; x_wconf 87' lang='lat' dir='ltr'><strong>occupavit,</strong></span> <span class='ocrx_word' id='word_1_333' title='bbox 1648 5459 1901 5524; x_wconf 79' lang='lat' dir='ltr'><strong>Opinione</strong></span> <span class='ocrx_word' id='word_1_334' title='bbox 1926 5476 2009 5512; x_wconf 88' lang='lat' dir='ltr'><strong>re-</strong></span> 
     </span>
    </p>
   </div>
   <div class='ocr_carea' id='block_1_60' title="bbox 426 5531 2007 5610">
    <p class='ocr_par' dir='ltr' id='par_1_60' title="bbox 426 5531 2007 5610">
     <span class='ocr_line' id='line_1_61' title="bbox 426 5531 2007 5610; baseline 0.011 -26"><span class='ocrx_word' id='word_1_335' title='bbox 426 5531 699 5598; x_wconf 77' lang='lat' dir='ltr'><strong>cederent,</strong></span> <span class='ocrx_word' id='word_1_336' title='bbox 759 5552 859 5601; x_wconf 81' lang='lat' dir='ltr'><strong>qua</strong></span> <span class='ocrx_word' id='word_1_337' title='bbox 904 5536 1057 5592; x_wconf 87' lang='lat' dir='ltr'><strong>divus</strong></span> <span class='ocrx_word' id='word_1_338' title='bbox 1114 5540 1470 5610; x_wconf 81' lang='lat' dir='ltr'><strong>Hieronymus</strong></span> <span class='ocrx_word' id='word_1_339' title='bbox 1502 5545 1741 5598; x_wconf 85' lang='lat' dir='ltr'><strong>Vitarum</strong></span> <span class='ocrx_word' id='word_1_340' title='bbox 1790 5548 2007 5602; x_wconf 80' lang='lat' dir='ltr'><strong>Patrum</strong></span> 
     </span>
    </p>
   </div>
   <div class='ocr_carea' id='block_1_61' title="bbox 428 5625 2008 5707">
    <p class='ocr_par' dir='ltr' id='par_1_61' title="bbox 428 5625 2008 5707">
     <span class='ocr_line' id='line_1_62' title="bbox 428 5625 2008 5707; baseline 0.013 -33"><span class='ocrx_word' id='word_1_341' title='bbox 428 5633 612 5678; x_wconf 84' lang='lat' dir='ltr'><strong>auctor</strong></span> <span class='ocrx_word' id='word_1_342' title='bbox 665 5625 901 5680; x_wconf 80' lang='lat' dir='ltr'><strong>creditus</strong></span> <span class='ocrx_word' id='word_1_343' title='bbox 950 5627 1064 5681; x_wconf 75' lang='lat' dir='ltr'><strong>fuit.</strong></span> <span class='ocrx_word' id='word_1_344' title='bbox 1121 5629 1248 5684; x_wconf 84' lang='lat' dir='ltr'><strong>Dedi</strong></span> <span class='ocrx_word' id='word_1_345' title='bbox 1295 5631 1454 5701; x_wconf 78' lang='lat' dir='ltr'><strong>igitur</strong></span> <span class='ocrx_word' id='word_1_346' title='bbox 1503 5633 1603 5689; x_wconf 84' lang='lat' dir='ltr'><strong>hoc</strong></span> <span class='ocrx_word' id='word_1_347' title='bbox 1649 5635 1788 5691; x_wconf 90' lang='lat' dir='ltr'><strong>libro</strong></span> <span class='ocrx_word' id='word_1_348' title='bbox 1836 5642 2008 5707; x_wconf 90' lang='lat' dir='ltr'><strong>primo</strong></span> 
     </span>
    </p>
   </div>
   <div class='ocr_carea' id='block_1_62' title="bbox 429 5715 1896 5790">
    <p class='ocr_par' dir='ltr' id='par_1_62' title="bbox 429 5715 1896 5790">
     <span class='ocr_line' id='line_1_63' title="bbox 429 5715 1896 5790; baseline 0.01 -23"><span class='ocrx_word' id='word_1_349' title='bbox 429 5716 684 5786; x_wconf 83' lang='lat' dir='ltr'><strong>quidquid</strong></span> <span class='ocrx_word' id='word_1_350' title='bbox 713 5715 821 5773; x_wconf 85' lang='lat' dir='ltr'><strong>lere</strong></span> <span class='ocrx_word' id='word_1_351' title='bbox 854 5717 1204 5789; x_wconf 82' lang='lat' dir='ltr'><strong>Hieronymus</strong></span> <span class='ocrx_word' id='word_1_352' title='bbox 1236 5721 1287 5776; x_wconf 92' lang='lat' dir='ltr'><strong>iu</strong></span> <span class='ocrx_word' id='word_1_353' title='bbox 1317 5737 1381 5776; x_wconf 88' lang='lat' dir='ltr'><strong>eo</strong></span> <span class='ocrx_word' id='word_1_354' title='bbox 1409 5738 1605 5790; x_wconf 76' lang='lat' dir='ltr'><strong>genere</strong></span> <span class='ocrx_word' id='word_1_355' title='bbox 1625 5729 1896 5788; x_wconf 71' lang='lat' dir='ltr'><strong>prmstilil.</strong></span> 
     </span>
    </p>
   </div>
   <div class='ocr_carea' id='block_1_63' title="bbox 2108 499 3697 571">
    <p class='ocr_par' dir='ltr' id='par_1_63' title="bbox 2108 499 3697 571">
     <span class='ocr_line' id='line_1_64' title="bbox 2108 499 3697 571; baseline 0 -17"><span class='ocrx_word' id='word_1_356' title='bbox 2108 515 2271 571; x_wconf 82' lang='lat' dir='ltr'><strong>nymo</strong></span> <span class='ocrx_word' id='word_1_357' title='bbox 2301 500 2569 568; x_wconf 90' lang='lat' dir='ltr'><strong>inscripsi,</strong></span> <span class='ocrx_word' id='word_1_358' title='bbox 2603 501 2695 554; x_wconf 87' lang='lat' dir='ltr'><strong>sed</strong></span> <span class='ocrx_word' id='word_1_359' title='bbox 2726 509 2779 554; x_wconf 92' lang='lat' dir='ltr'><strong>et</strong></span> <span class='ocrx_word' id='word_1_360' title='bbox 2805 500 2926 554; x_wconf 87' lang='lat' dir='ltr'><strong>aliis</strong></span> <span class='ocrx_word' id='word_1_361' title='bbox 2959 499 3142 568; x_wconf 83' lang='lat' dir='ltr'><strong>variis,</strong></span> <span class='ocrx_word' id='word_1_362' title='bbox 3195 515 3423 565; x_wconf 89' lang='lat' dir='ltr'><strong>quorum</strong></span> <span class='ocrx_word' id='word_1_363' title='bbox 3474 501 3697 555; x_wconf 84' lang='lat' dir='ltr'><strong>nomina</strong></span> 
     </span>
    </p>
   </div>
   <div class='ocr_carea' id='block_1_64' title="bbox 2107 591 3704 663">
    <p class='ocr_par' dir='ltr' id='par_1_64' title="bbox 2107 591 3704 663">
     <span class='ocr_line' id='line_1_65' title="bbox 2107 591 3704 663; baseline -0.001 -16"><span class='ocrx_word' id='word_1_364' title='bbox 2107 595 2333 663; x_wconf 71' lang='lat' dir='ltr'><strong>singula:</strong></span> <span class='ocrx_word' id='word_1_365' title='bbox 2361 593 2462 646; x_wconf 88' lang='lat' dir='ltr'><strong>sibi</strong></span> <span class='ocrx_word' id='word_1_366' title='bbox 2492 593 2622 646; x_wconf 67' lang='lat' dir='ltr'><strong>Vita:</strong></span> <span class='ocrx_word' id='word_1_367' title='bbox 2653 591 2965 663; x_wconf 67' lang='lat' dir='ltr'><strong>praeferunt,</strong></span> <span class='ocrx_word' id='word_1_368' title='bbox 2997 607 3223 660; x_wconf 79' lang='lat' dir='ltr'><strong>quarum</strong></span> <span class='ocrx_word' id='word_1_369' title='bbox 3263 592 3479 663; x_wconf 89' lang='lat' dir='ltr'><strong>quidem</strong></span> <span class='ocrx_word' id='word_1_370' title='bbox 3511 605 3704 647; x_wconf 85' lang='lat' dir='ltr'><strong>aucto-</strong></span> 
     </span>
    </p>
   </div>
   <div class='ocr_carea' id='block_1_65' title="bbox 2104 683 3693 755">
    <p class='ocr_par' dir='ltr' id='par_1_65' title="bbox 2104 683 3693 755">
     <span class='ocr_line' id='line_1_66' title="bbox 2104 683 3693 755; baseline 0.001 -18"><span class='ocrx_word' id='word_1_371' title='bbox 2104 700 2191 738; x_wconf 87' lang='lat' dir='ltr'><strong>res</strong></span> <span class='ocrx_word' id='word_1_372' title='bbox 2227 685 2479 752; x_wconf 74' lang='lat' dir='ltr'><strong>indagare</strong></span> <span class='ocrx_word' id='word_1_373' title='bbox 2510 685 2797 752; x_wconf 87' lang='lat' dir='ltr'><strong>potuimus.</strong></span> <span class='ocrx_word' id='word_1_374' title='bbox 2825 686 3120 755; x_wconf 73' lang='lat' dir='ltr'><strong>Anonymre</strong></span> <span class='ocrx_word' id='word_1_375' title='bbox 3147 683 3286 738; x_wconf 60' lang='lat' dir='ltr'><strong>Vita:</strong></span> <span class='ocrx_word' id='word_1_376' title='bbox 3319 700 3382 738; x_wconf 89' lang='lat' dir='ltr'><strong>eo</strong></span> <span class='ocrx_word' id='word_1_377' title='bbox 3413 685 3530 740; x_wconf 90' lang='lat' dir='ltr'><strong>loco</strong></span> <span class='ocrx_word' id='word_1_378' title='bbox 3559 687 3693 747; x_wconf 87' lang='lat' dir='ltr'><strong>sint,</strong></span> 
     </span>
    </p>
   </div>
   <div class='ocr_carea' id='block_1_66' title="bbox 2097 775 3702 844">
    <p class='ocr_par' dir='ltr' id='par_1_66' title="bbox 2097 775 3702 844">
     <span class='ocr_line' id='line_1_67' title="bbox 2097 775 3702 844; baseline 0.002 -20"><span class='ocrx_word' id='word_1_379' title='bbox 2097 789 2202 843; x_wconf 89' lang='lat' dir='ltr'><strong>quo</strong></span> <span class='ocrx_word' id='word_1_380' title='bbox 2227 790 2319 828; x_wconf 88' lang='lat' dir='ltr'><strong>eas</strong></span> <span class='ocrx_word' id='word_1_381' title='bbox 2351 776 2476 827; x_wconf 90' lang='lat' dir='ltr'><strong>olim</strong></span> <span class='ocrx_word' id='word_1_382' title='bbox 2506 775 2686 828; x_wconf 82' lang='lat' dir='ltr'><strong>Patres</strong></span> <span class='ocrx_word' id='word_1_383' title='bbox 2711 789 2833 828; x_wconf 89' lang='lat' dir='ltr'><strong>esse</strong></span> <span class='ocrx_word' id='word_1_384' title='bbox 2856 783 3205 842; x_wconf 88' lang='lat' dir='ltr'><strong>censuerunt,</strong></span> <span class='ocrx_word' id='word_1_385' title='bbox 3235 775 3325 844; x_wconf 91' lang='lat' dir='ltr'><strong>qui</strong></span> <span class='ocrx_word' id='word_1_386' title='bbox 3357 785 3409 829; x_wconf 92' lang='lat' dir='ltr'><strong>et</strong></span> <span class='ocrx_word' id='word_1_387' title='bbox 3432 790 3522 829; x_wconf 86' lang='lat' dir='ltr'><strong>eas</strong></span> <span class='ocrx_word' id='word_1_388' title='bbox 3550 776 3702 843; x_wconf 50' lang='lat' dir='ltr'><strong>lege.</strong></span> 
     </span>
    </p>
   </div>
   <div class='ocr_carea' id='block_1_67' title="bbox 2099 865 3698 934">
    <p class='ocr_par' dir='ltr' id='par_1_67' title="bbox 2099 865 3698 934">
     <span class='ocr_line' id='line_1_68' title="bbox 2099 865 3698 934; baseline 0.001 -15"><span class='ocrx_word' id='word_1_389' title='bbox 2099 874 2242 928; x_wconf 88' lang='lat' dir='ltr'><strong>runt,</strong></span> <span class='ocrx_word' id='word_1_390' title='bbox 2276 875 2328 918; x_wconf 90' lang='lat' dir='ltr'><strong>et</strong></span> <span class='ocrx_word' id='word_1_391' title='bbox 2357 880 2422 918; x_wconf 86' lang='lat' dir='ltr'><strong>ex</strong></span> <span class='ocrx_word' id='word_1_392' title='bbox 2449 865 2513 919; x_wconf 88' lang='lat' dir='ltr'><strong>iis</strong></span> <span class='ocrx_word' id='word_1_393' title='bbox 2541 867 2795 919; x_wconf 84' lang='lat' dir='ltr'><strong>virtutum</strong></span> <span class='ocrx_word' id='word_1_394' title='bbox 2827 866 3076 933; x_wconf 84' lang='lat' dir='ltr'><strong>exempla</strong></span> <span class='ocrx_word' id='word_1_395' title='bbox 3123 876 3528 934; x_wconf 82' lang='lat' dir='ltr'><strong>expresserunt,</strong></span> <span class='ocrx_word' id='word_1_396' title='bbox 3569 867 3698 920; x_wconf 77' lang='lat' dir='ltr'><strong>licet</strong></span> 
     </span>
    </p>
   </div>
   <div class='ocr_carea' id='block_1_68' title="bbox 2101 939 3700 1022">
    <p class='ocr_par' dir='ltr' id='par_1_68' title="bbox 2101 939 3700 1022">
     <span class='ocr_line' id='line_1_69' title="bbox 2101 939 3700 1022; baseline 0.003 -14"><span class='ocrx_word' id='word_1_397' title='bbox 2101 955 2239 1008; x_wconf 89' lang='lat' dir='ltr'><strong>inter</strong></span> <span class='ocrx_word' id='word_1_398' title='bbox 2287 963 2530 1022; x_wconf 86' lang='lat' dir='ltr'><strong>receptas</strong></span> <span class='ocrx_word' id='word_1_399' title='bbox 2560 954 2612 1008; x_wconf 92' lang='lat' dir='ltr'><strong>in</strong></span> <span class='ocrx_word' id='word_1_400' title='bbox 2669 954 2912 1009; x_wconf 85' lang='lat' dir='ltr'><strong>Ecclesia</strong></span> <span class='ocrx_word' id='word_1_401' title='bbox 2959 955 3221 1012; x_wconf 84' lang='lat' dir='ltr'><strong>lectiones</strong></span> <span class='ocrx_word' id='word_1_402' title='bbox 3270 939 3462 1011; x_wconf 76' lang='lat' dir='ltr'><strong>referri</strong></span> <span class='ocrx_word' id='word_1_403' title='bbox 3513 970 3700 1012; x_wconf 86' lang='lat' dir='ltr'><strong>vetue-</strong></span> 
     </span>
    </p>
   </div>
   <div class='ocr_carea' id='block_1_69' title="bbox 2099 1045 2226 1098">
    <p class='ocr_par' dir='ltr' id='par_1_69' title="bbox 2099 1045 2226 1098">
     <span class='ocr_line' id='line_1_70' title="bbox 2099 1045 2226 1098; baseline 0 0"><span class='ocrx_word' id='word_1_404' title='bbox 2099 1045 2226 1098; x_wconf 87' lang='lat' dir='ltr'><strong>rint.</strong></span> 
     </span>
    </p>
   </div>
   <div class='ocr_carea' id='block_1_70' title="bbox 2174 1156 3690 1216">
    <p class='ocr_par' dir='ltr' id='par_1_70' title="bbox 2174 1156 3690 1216">
     <span class='ocr_line' id='line_1_71' title="bbox 2174 1156 3690 1216; baseline 0.003 -4"><span class='ocrx_word' id='word_1_405' title='bbox 2174 1156 2455 1212; x_wconf 90' lang='lat' dir='ltr'><strong>Seeundus</strong></span> <span class='ocrx_word' id='word_1_406' title='bbox 2501 1157 2637 1213; x_wconf 88' lang='lat' dir='ltr'><strong>liber</strong></span> <span class='ocrx_word' id='word_1_407' title='bbox 2692 1160 2932 1214; x_wconf 90' lang='lat' dir='ltr'><strong>continet</strong></span> <span class='ocrx_word' id='word_1_408' title='bbox 2989 1159 3203 1214; x_wconf 87' lang='lat' dir='ltr'><strong>Patrum</strong></span> <span class='ocrx_word' id='word_1_409' title='bbox 3260 1159 3406 1214; x_wconf 82' lang='lat' dir='ltr'><strong>Vitas</strong></span> <span class='ocrx_word' id='word_1_410' title='bbox 3455 1160 3690 1216; x_wconf 88' lang='lat' dir='ltr'><strong>breviori</strong></span> 
     </span>
    </p>
   </div>
   <div class='ocr_carea' id='block_1_71' title="bbox 2114 1250 3696 1323">
    <p class='ocr_par' dir='ltr' id='par_1_71' title="bbox 2114 1250 3696 1323">
     <span class='ocr_line' id='line_1_72' title="bbox 2114 1250 3696 1323; baseline 0.004 -19"><span class='ocrx_word' id='word_1_411' title='bbox 2114 1250 2256 1319; x_wconf 77' lang='lat' dir='ltr'><strong>Stylo</strong></span> <span class='ocrx_word' id='word_1_412' title='bbox 2305 1251 2755 1320; x_wconf 85' lang='lat' dir='ltr'><strong>comprehensas,</strong></span> <span class='ocrx_word' id='word_1_413' title='bbox 2814 1252 2903 1321; x_wconf 90' lang='lat' dir='ltr'><strong>qui</strong></span> <span class='ocrx_word' id='word_1_414' title='bbox 2961 1252 3231 1308; x_wconf 69' lang='lat' dir='ltr'><strong>Bullinum</strong></span> <span class='ocrx_word' id='word_1_415' title='bbox 3297 1255 3696 1323; x_wconf 84' lang='lat' dir='ltr'><strong>Aquileiensetn</strong></span> 
     </span>
    </p>
   </div>
   <div class='ocr_carea' id='block_1_72' title="bbox 2105 1340 3701 1413">
    <p class='ocr_par' dir='ltr' id='par_1_72' title="bbox 2105 1340 3701 1413">
     <span class='ocr_line' id='line_1_73' title="bbox 2105 1340 3701 1413; baseline 0.004 -21"><span class='ocrx_word' id='word_1_416' title='bbox 2105 1340 2476 1410; x_wconf 82' lang='lat' dir='ltr'><strong>presbyterum</strong></span> <span class='ocrx_word' id='word_1_417' title='bbox 2509 1344 2752 1410; x_wconf 82' lang='lat' dir='ltr'><strong>agnoscit</strong></span> <span class='ocrx_word' id='word_1_418' title='bbox 2785 1351 3078 1408; x_wconf 87' lang='lat' dir='ltr'><strong>auctorem,</strong></span> <span class='ocrx_word' id='word_1_419' title='bbox 3117 1347 3202 1398; x_wconf 91' lang='lat' dir='ltr'><strong>vel</strong></span> <span class='ocrx_word' id='word_1_420' title='bbox 3232 1344 3615 1413; x_wconf 84' lang='lat' dir='ltr'><strong>interpretem;</strong></span> <span class='ocrx_word' id='word_1_421' title='bbox 3644 1358 3701 1400; x_wconf 87' lang='lat' dir='ltr'><strong>et</strong></span> 
     </span>
    </p>
   </div>
   <div class='ocr_carea' id='block_1_73' title="bbox 2104 1430 2902 1500">
    <p class='ocr_par' dir='ltr' id='par_1_73' title="bbox 2104 1430 2902 1500">
     <span class='ocr_line' id='line_1_74' title="bbox 2104 1430 2902 1500; baseline 0.003 -16"><span class='ocrx_word' id='word_1_422' title='bbox 2104 1445 2269 1484; x_wconf 75' lang='lat' dir='ltr'><strong>xxxnt</strong></span> <span class='ocrx_word' id='word_1_423' title='bbox 2291 1430 2552 1500; x_wconf 82' lang='lat' dir='ltr'><strong>capitibus</strong></span> <span class='ocrx_word' id='word_1_424' title='bbox 2580 1431 2902 1486; x_wconf 87' lang='lat' dir='ltr'><strong>absolvitur.</strong></span> 
     </span>
    </p>
   </div>
   <div class='ocr_carea' id='block_1_74' title="bbox 2177 1542 3699 1618">
    <p class='ocr_par' dir='ltr' id='par_1_74' title="bbox 2177 1542 3699 1618">
     <span class='ocr_line' id='line_1_75' title="bbox 2177 1542 3699 1618; baseline 0.006 -24"><span class='ocrx_word' id='word_1_425' title='bbox 2177 1542 2392 1596; x_wconf 89' lang='lat' dir='ltr'><strong>Tertius</strong></span> <span class='ocrx_word' id='word_1_426' title='bbox 2423 1544 2558 1598; x_wconf 90' lang='lat' dir='ltr'><strong>liber</strong></span> <span class='ocrx_word' id='word_1_427' title='bbox 2602 1543 3013 1613; x_wconf 88' lang='lat' dir='ltr'><strong>comprehendit</strong></span> <span class='ocrx_word' id='word_1_428' title='bbox 3060 1560 3167 1600; x_wconf 92' lang='lat' dir='ltr'><strong>non</strong></span> <span class='ocrx_word' id='word_1_429' title='bbox 3221 1555 3326 1601; x_wconf 88' lang='lat' dir='ltr'><strong>tam</strong></span> <span class='ocrx_word' id='word_1_430' title='bbox 3362 1546 3507 1601; x_wconf 87' lang='lat' dir='ltr'><strong>Vitas</strong></span> <span class='ocrx_word' id='word_1_431' title='bbox 3537 1563 3699 1618; x_wconf 89' lang='lat' dir='ltr'><strong>quam</strong></span> 
     </span>
    </p>
   </div>
   <div class='ocr_carea' id='block_1_75' title="bbox 1991 1592 3703 1705">
    <p class='ocr_par' dir='ltr' id='par_1_75' title="bbox 1991 1592 3703 1705">
     <span class='ocr_line' id='line_1_76' title="bbox 2187 1592 3699 1618; baseline 0.004 -22"><span class='ocrx_word' id='word_1_432' title='bbox 2187 1592 2387 1596; x_wconf 44' lang='lat' dir='ltr'><strong>ﬂ---“</strong></span> <span class='ocrx_word' id='word_1_433' title='bbox 2423 1592 2546 1598; x_wconf 74' lang='lat'><strong>--_--</strong></span> <span class='ocrx_word' id='word_1_434' title='bbox 2606 1592 3012 1613; x_wconf 53' lang='grc' dir='ltr'><strong>--ητα-πη---</strong></span> <span class='ocrx_word' id='word_1_435' title='bbox 3061 1592 3167 1600; x_wconf 83' lang='grc'><strong>---..</strong></span> <span class='ocrx_word' id='word_1_436' title='bbox 3224 1592 3326 1601; x_wconf 84' lang='grc'><strong>----.</strong></span> <span class='ocrx_word' id='word_1_437' title='bbox 3377 1592 3507 1601; x_wconf 64' lang='grc' dir='ltr'><strong>η.--</strong></span> <span class='ocrx_word' id='word_1_438' title='bbox 3538 1592 3699 1618; x_wconf 60' lang='grc' dir='ltr'><strong>γη...</strong></span> 
     </span>
     <span class='ocr_line' id='line_1_77' title="bbox 1991 1592 3703 1705; baseline 0.004 -18"><span class='ocrx_word' id='word_1_439' title='bbox 1991 1592 2068 1668; x_wconf 59' lang='grc' dir='ltr'><strong>εί</strong></span> <span class='ocrx_word' id='word_1_440' title='bbox 2113 1632 2286 1688; x_wconf 76' lang='lat' dir='ltr'><strong>Verba</strong></span> <span class='ocrx_word' id='word_1_441' title='bbox 2325 1638 2599 1690; x_wconf 87' lang='lat' dir='ltr'><strong>seniorum</strong></span> <span class='ocrx_word' id='word_1_442' title='bbox 2643 1637 2834 1690; x_wconf 90' lang='lat' dir='ltr'><strong>eodem</strong></span> <span class='ocrx_word' id='word_1_443' title='bbox 2883 1638 3094 1691; x_wconf 76' lang='lat' dir='ltr'><strong>Rullino</strong></span> <span class='ocrx_word' id='word_1_444' title='bbox 3133 1648 3370 1705; x_wconf 87' lang='lat' dir='ltr'><strong>auctore,</strong></span> <span class='ocrx_word' id='word_1_445' title='bbox 3403 1641 3485 1693; x_wconf 83' lang='lat' dir='ltr'><strong>vel</strong></span> <span class='ocrx_word' id='word_1_446' title='bbox 3529 1641 3703 1694; x_wconf 84' lang='lat' dir='ltr'><strong>inter-</strong></span> 
     </span>
    </p>
   </div>
   <div class='ocr_carea' id='block_1_76' title="bbox 2037 1724 3702 1821">
    <p class='ocr_par' dir='ltr' id='par_1_76' title="bbox 2037 1724 3702 1821">
     <span class='ocr_line' id='line_1_78' title="bbox 2037 1724 3702 1821; baseline 0.007 -45"><span class='ocrx_word' id='word_1_447' title='bbox 2037 1763 2082 1821; x_wconf 72' lang='grc' dir='ltr'><strong>Β</strong></span> <span class='ocrx_word' id='word_1_448' title='bbox 2108 1735 2279 1794; x_wconf 86' lang='lat' dir='ltr'><strong>prete.</strong></span> <span class='ocrx_word' id='word_1_449' title='bbox 2311 1724 2529 1780; x_wconf 86' lang='lat' dir='ltr'><strong>Constat</strong></span> <span class='ocrx_word' id='word_1_450' title='bbox 2557 1736 2735 1782; x_wconf 91' lang='lat' dir='ltr'><strong>autem</strong></span> <span class='ocrx_word' id='word_1_451' title='bbox 2767 1729 3114 1797; x_wconf 77' lang='lat' dir='ltr'><strong>paragraphis</strong></span> <span class='ocrx_word' id='word_1_452' title='bbox 3150 1743 3245 1784; x_wconf 88' lang='lat' dir='ltr'><strong>seu</strong></span> <span class='ocrx_word' id='word_1_453' title='bbox 3274 1731 3512 1785; x_wconf 90' lang='lat' dir='ltr'><strong>numeris</strong></span> <span class='ocrx_word' id='word_1_454' title='bbox 3540 1747 3702 1788; x_wconf 77' lang='lat' dir='ltr'><strong>ccxx.</strong></span> 
     </span>
    </p>
   </div>
   <div class='ocr_carea' id='block_1_77' title="bbox 2176 1836 3704 1909">
    <p class='ocr_par' dir='ltr' id='par_1_77' title="bbox 2176 1836 3704 1909">
     <span class='ocr_line' id='line_1_79' title="bbox 2176 1836 3704 1909; baseline 0.007 -22"><span class='ocrx_word' id='word_1_455' title='bbox 2176 1836 2407 1902; x_wconf 87' lang='lat' dir='ltr'><strong>Quartus</strong></span> <span class='ocrx_word' id='word_1_456' title='bbox 2437 1837 2571 1890; x_wconf 90' lang='lat' dir='ltr'><strong>liber</strong></span> <span class='ocrx_word' id='word_1_457' title='bbox 2599 1853 2662 1891; x_wconf 84' lang='lat' dir='ltr'><strong>ex</strong></span> <span class='ocrx_word' id='word_1_458' title='bbox 2699 1838 2908 1894; x_wconf 88' lang='lat' dir='ltr'><strong>Severo</strong></span> <span class='ocrx_word' id='word_1_459' title='bbox 2955 1839 3191 1909; x_wconf 90' lang='lat' dir='ltr'><strong>Sulpicio</strong></span> <span class='ocrx_word' id='word_1_460' title='bbox 3229 1849 3282 1896; x_wconf 90' lang='lat' dir='ltr'><strong>et</strong></span> <span class='ocrx_word' id='word_1_461' title='bbox 3330 1842 3540 1897; x_wconf 85' lang='lat' dir='ltr'><strong>Joanne</strong></span> <span class='ocrx_word' id='word_1_462' title='bbox 3565 1843 3704 1899; x_wconf 85' lang='lat' dir='ltr'><strong>Cas-</strong></span> 
     </span>
    </p>
   </div>
   <div class='ocr_carea' id='block_1_78' title="bbox 2106 1927 3702 2000">
    <p class='ocr_par' dir='ltr' id='par_1_78' title="bbox 2106 1927 3702 2000">
     <span class='ocr_line' id='line_1_80' title="bbox 2106 1927 3702 2000; baseline 0.005 -20"><span class='ocrx_word' id='word_1_463' title='bbox 2106 1927 2258 1980; x_wconf 89' lang='lat' dir='ltr'><strong>siano</strong></span> <span class='ocrx_word' id='word_1_464' title='bbox 2287 1928 2548 1983; x_wconf 82' lang='lat' dir='ltr'><strong>conﬂatus</strong></span> <span class='ocrx_word' id='word_1_465' title='bbox 2578 1937 2633 1984; x_wconf 90' lang='lat' dir='ltr'><strong>et</strong></span> <span class='ocrx_word' id='word_1_466' title='bbox 2676 1931 3055 1998; x_wconf 84' lang='lat' dir='ltr'><strong>concinnatus,</strong></span> <span class='ocrx_word' id='word_1_467' title='bbox 3092 1931 3235 1986; x_wconf 90' lang='lat' dir='ltr'><strong>illius</strong></span> <span class='ocrx_word' id='word_1_468' title='bbox 3265 1935 3478 2000; x_wconf 78' lang='lat' dir='ltr'><strong>quidem</strong></span> <span class='ocrx_word' id='word_1_469' title='bbox 3527 1933 3702 1988; x_wconf 68' lang='lat' dir='ltr'><strong>Dialoo</strong></span> 
     </span>
    </p>
   </div>
   <div class='ocr_carea' id='block_1_79' title="bbox 2107 2019 3705 2092">
    <p class='ocr_par' dir='ltr' id='par_1_79' title="bbox 2107 2019 3705 2092">
     <span class='ocr_line' id='line_1_81' title="bbox 2107 2019 3705 2092; baseline 0.004 -21"><span class='ocrx_word' id='word_1_470' title='bbox 2107 2020 2210 2088; x_wconf 69' lang='lat' dir='ltr'><strong>gis,</strong></span> <span class='ocrx_word' id='word_1_471' title='bbox 2265 2019 2425 2089; x_wconf 82' lang='lat' dir='ltr'><strong>hujus</strong></span> <span class='ocrx_word' id='word_1_472' title='bbox 2456 2035 2580 2075; x_wconf 89' lang='lat' dir='ltr'><strong>vero</strong></span> <span class='ocrx_word' id='word_1_473' title='bbox 2614 2020 3040 2078; x_wconf 88' lang='lat' dir='ltr'><strong>lnstitutionibus</strong></span> <span class='ocrx_word' id='word_1_474' title='bbox 3077 2033 3130 2078; x_wconf 90' lang='lat' dir='ltr'><strong>et</strong></span> <span class='ocrx_word' id='word_1_475' title='bbox 3157 2024 3562 2092; x_wconf 84' lang='lat' dir='ltr'><strong>Collationibus,</strong></span> <span class='ocrx_word' id='word_1_476' title='bbox 3611 2041 3705 2078; x_wconf 78' lang='lat' dir='ltr'><strong>va-</strong></span> 
     </span>
    </p>
   </div>
   <div class='ocr_carea' id='block_1_80' title="bbox 2107 2114 3703 2190">
    <p class='ocr_par' dir='ltr' id='par_1_80' title="bbox 2107 2114 3703 2190">
     <span class='ocr_line' id='line_1_82' title="bbox 2107 2114 3703 2190; baseline 0.006 -24"><span class='ocrx_word' id='word_1_477' title='bbox 2107 2114 2182 2166; x_wconf 89' lang='lat' dir='ltr'><strong>ria</strong></span> <span class='ocrx_word' id='word_1_478' title='bbox 2211 2114 2450 2168; x_wconf 91' lang='lat' dir='ltr'><strong>continet</strong></span> <span class='ocrx_word' id='word_1_479' title='bbox 2483 2115 2694 2169; x_wconf 81' lang='lat' dir='ltr'><strong>Patrum</strong></span> <span class='ocrx_word' id='word_1_480' title='bbox 2738 2117 2989 2186; x_wconf 86' lang='lat' dir='ltr'><strong>exempla</strong></span> <span class='ocrx_word' id='word_1_481' title='bbox 3013 2125 3066 2171; x_wconf 91' lang='lat' dir='ltr'><strong>et</strong></span> <span class='ocrx_word' id='word_1_482' title='bbox 3101 2118 3341 2183; x_wconf 89' lang='lat' dir='ltr'><strong>monita;</strong></span> <span class='ocrx_word' id='word_1_483' title='bbox 3385 2128 3703 2190; x_wconf 76' lang='lat' dir='ltr'><strong>consta&#39;que</strong></span> 
     </span>
    </p>
   </div>
   <div class='ocr_carea' id='block_1_81' title="bbox 2106 2203 2480 2272">
    <p class='ocr_par' dir='ltr' id='par_1_81' title="bbox 2106 2203 2480 2272">
     <span class='ocr_line' id='line_1_83' title="bbox 2106 2203 2480 2272; baseline 0.003 -15"><span class='ocrx_word' id='word_1_484' title='bbox 2106 2203 2367 2272; x_wconf 88' lang='lat' dir='ltr'><strong>capitibus</strong></span> <span class='ocrx_word' id='word_1_485' title='bbox 2398 2219 2480 2258; x_wconf 73' lang='grc' dir='ltr'><strong>ιν.</strong></span> 
     </span>
    </p>
   </div>
   <div class='ocr_carea' id='block_1_82' title="bbox 2181 2316 3701 2390">
    <p class='ocr_par' dir='ltr' id='par_1_82' title="bbox 2181 2316 3701 2390">
     <span class='ocr_line' id='line_1_84' title="bbox 2181 2316 3701 2390; baseline 0.005 -20"><span class='ocrx_word' id='word_1_486' title='bbox 2181 2316 2408 2382; x_wconf 84' lang='lat' dir='ltr'><strong>Quintus</strong></span> <span class='ocrx_word' id='word_1_487' title='bbox 2431 2318 2566 2373; x_wconf 89' lang='lat' dir='ltr'><strong>liber</strong></span> <span class='ocrx_word' id='word_1_488' title='bbox 2593 2328 2812 2374; x_wconf 89' lang='lat' dir='ltr'><strong>auctore</strong></span> <span class='ocrx_word' id='word_1_489' title='bbox 2834 2318 3023 2374; x_wconf 63' lang='lat' dir='ltr'><strong>Graeco</strong></span> <span class='ocrx_word' id='word_1_490' title='bbox 3051 2319 3264 2390; x_wconf 86' lang='lat' dir='ltr'><strong>quidem</strong></span> <span class='ocrx_word' id='word_1_491' title='bbox 3291 2321 3512 2387; x_wconf 88' lang='lat' dir='ltr'><strong>incerto,</strong></span> <span class='ocrx_word' id='word_1_492' title='bbox 3545 2336 3701 2378; x_wconf 82' lang='lat' dir='ltr'><strong>certo</strong></span> 
     </span>
    </p>
   </div>
   <div class='ocr_carea' id='block_1_83' title="bbox 2110 2408 3702 2479">
    <p class='ocr_par' dir='ltr' id='par_1_83' title="bbox 2110 2408 3702 2479">
     <span class='ocr_line' id='line_1_85' title="bbox 2110 2408 3702 2479; baseline 0.006 -21"><span class='ocrx_word' id='word_1_493' title='bbox 2110 2415 2286 2460; x_wconf 90' lang='lat' dir='ltr'><strong>tamen</strong></span> <span class='ocrx_word' id='word_1_494' title='bbox 2318 2408 2611 2477; x_wconf 88' lang='lat' dir='ltr'><strong>interprete</strong></span> <span class='ocrx_word' id='word_1_495' title='bbox 2644 2409 2860 2479; x_wconf 81' lang='lat' dir='ltr'><strong>Pelagio</strong></span> <span class='ocrx_word' id='word_1_496' title='bbox 2889 2409 2948 2464; x_wconf 92' lang='lat' dir='ltr'><strong>S.</strong></span> <span class='ocrx_word' id='word_1_497' title='bbox 3001 2410 3066 2463; x_wconf 72' lang='grc' dir='ltr'><strong>Β.</strong></span> <span class='ocrx_word' id='word_1_498' title='bbox 3115 2411 3175 2463; x_wconf 87' lang='grc' dir='ltr'><strong>Ε.</strong></span> <span class='ocrx_word' id='word_1_499' title='bbox 3228 2410 3476 2476; x_wconf 83' lang='lat' dir='ltr'><strong>diacooo,</strong></span> <span class='ocrx_word' id='word_1_500' title='bbox 3532 2413 3702 2468; x_wconf 72' lang='lat' dir='ltr'><strong>Verba</strong></span> 
     </span>
    </p>
   </div>
   <div class='ocr_carea' id='block_1_84' title="bbox 2112 2498 3702 2571">
    <p class='ocr_par' dir='ltr' id='par_1_84' title="bbox 2112 2498 3702 2571">
     <span class='ocr_line' id='line_1_86' title="bbox 2112 2498 3702 2571; baseline 0.005 -20"><span class='ocrx_word' id='word_1_501' title='bbox 2112 2498 2385 2552; x_wconf 84' lang='lat' dir='ltr'><strong>seniorum</strong></span> <span class='ocrx_word' id='word_1_502' title='bbox 2413 2500 2809 2568; x_wconf 87' lang='lat' dir='ltr'><strong>complectitur,</strong></span> <span class='ocrx_word' id='word_1_503' title='bbox 2843 2501 3038 2556; x_wconf 88' lang='lat' dir='ltr'><strong>libellis</strong></span> <span class='ocrx_word' id='word_1_504' title='bbox 3095 2517 3224 2556; x_wconf 89' lang='lat' dir='ltr'><strong>xvnt</strong></span> <span class='ocrx_word' id='word_1_505' title='bbox 3273 2506 3656 2571; x_wconf 76' lang='lat' dir='ltr'><strong>comprehensa</strong></span> <span class='ocrx_word' id='word_1_506' title='bbox 3685 2521 3702 2559; x_wconf 88' lang='lat'>:</span> 
     </span>
    </p>
   </div>
   <div class='ocr_carea' id='block_1_85' title="bbox 2113 2589 3704 2666">
    <p class='ocr_par' dir='ltr' id='par_1_85' title="bbox 2113 2589 3704 2666">
     <span class='ocr_line' id='line_1_87' title="bbox 2113 2589 3704 2666; baseline 0.009 -27"><span class='ocrx_word' id='word_1_507' title='bbox 2113 2603 2345 2656; x_wconf 88' lang='lat' dir='ltr'><strong>quorum</strong></span> <span class='ocrx_word' id='word_1_508' title='bbox 2378 2589 2581 2658; x_wconf 88' lang='lat' dir='ltr'><strong>primus</strong></span> <span class='ocrx_word' id='word_1_509' title='bbox 2613 2601 2695 2644; x_wconf 90' lang='lat' dir='ltr'><strong>est</strong></span> <span class='ocrx_word' id='word_1_510' title='bbox 2724 2590 2798 2644; x_wconf 89' lang='lat' dir='ltr'><strong>De</strong></span> <span class='ocrx_word' id='word_1_511' title='bbox 2830 2591 3074 2662; x_wconf 78' lang='lat' dir='ltr'><strong>Profeetu</strong></span> <span class='ocrx_word' id='word_1_512' title='bbox 3108 2593 3356 2658; x_wconf 87' lang='lat' dir='ltr'><strong>Patrum;</strong></span> <span class='ocrx_word' id='word_1_513' title='bbox 3385 2607 3704 2666; x_wconf 73' lang='lat' dir='ltr'><strong>censuitque</strong></span> 
     </span>
    </p>
   </div>
   <div class='ocr_carea' id='block_1_86' title="bbox 2116 2682 3706 2756">
    <p class='ocr_par' dir='ltr' id='par_1_86' title="bbox 2116 2682 3706 2756">
     <span class='ocr_line' id='line_1_88' title="bbox 2116 2682 3706 2756; baseline 0.004 -21"><span class='ocrx_word' id='word_1_514' title='bbox 2116 2682 2466 2752; x_wconf 74' lang='lat' dir='ltr'><strong>paragrapliis</strong></span> <span class='ocrx_word' id='word_1_515' title='bbox 2493 2698 2588 2737; x_wconf 90' lang='lat' dir='ltr'><strong>seu</strong></span> <span class='ocrx_word' id='word_1_516' title='bbox 2621 2683 2859 2737; x_wconf 87' lang='lat' dir='ltr'><strong>numeris</strong></span> <span class='ocrx_word' id='word_1_517' title='bbox 2889 2699 3058 2750; x_wconf 83' lang='lat' dir='ltr'><strong>xxnt;</strong></span> <span class='ocrx_word' id='word_1_518' title='bbox 3090 2687 3360 2740; x_wconf 87' lang='lat' dir='ltr'><strong>secundus</strong></span> <span class='ocrx_word' id='word_1_519' title='bbox 3391 2685 3466 2740; x_wconf 89' lang='lat' dir='ltr'><strong>De</strong></span> <span class='ocrx_word' id='word_1_520' title='bbox 3495 2687 3706 2756; x_wconf 78' lang='lat' dir='ltr'><strong>Quiete,</strong></span> 
     </span>
    </p>
   </div>
   <div class='ocr_carea' id='block_1_87' title="bbox 2115 2773 3706 2839">
    <p class='ocr_par' dir='ltr' id='par_1_87' title="bbox 2115 2773 3706 2839">
     <span class='ocr_line' id='line_1_89' title="bbox 2115 2773 3706 2839; baseline 0.006 -13"><span class='ocrx_word' id='word_1_521' title='bbox 2115 2789 2461 2827; x_wconf 89' lang='lat' dir='ltr'><strong>numerorum</strong></span> <span class='ocrx_word' id='word_1_522' title='bbox 2491 2789 2622 2839; x_wconf 83' lang='lat' dir='ltr'><strong>xvi;</strong></span> <span class='ocrx_word' id='word_1_523' title='bbox 2659 2774 2848 2828; x_wconf 83' lang='lat' dir='ltr'><strong>tertius</strong></span> <span class='ocrx_word' id='word_1_524' title='bbox 2877 2773 2956 2828; x_wconf 88' lang='lat' dir='ltr'><strong>De</strong></span> <span class='ocrx_word' id='word_1_525' title='bbox 2987 2775 3412 2839; x_wconf 81' lang='lat' dir='ltr'><strong>Compunctione,</strong></span> <span class='ocrx_word' id='word_1_526' title='bbox 3448 2795 3706 2834; x_wconf 81' lang='lat' dir='ltr'><strong>nurnero-</strong></span> 
     </span>
    </p>
   </div>
   <div class='ocr_carea' id='block_1_88' title="bbox 2115 2865 3706 2941">
    <p class='ocr_par' dir='ltr' id='par_1_88' title="bbox 2115 2865 3706 2941">
     <span class='ocr_line' id='line_1_90' title="bbox 2115 2865 3706 2941; baseline 0.006 -24"><span class='ocrx_word' id='word_1_527' title='bbox 2115 2879 2231 2918; x_wconf 90' lang='lat' dir='ltr'><strong>rum</strong></span> <span class='ocrx_word' id='word_1_528' title='bbox 2265 2880 2443 2930; x_wconf 84' lang='lat' dir='ltr'><strong>xxvn;</strong></span> <span class='ocrx_word' id='word_1_529' title='bbox 2473 2877 2692 2933; x_wconf 82' lang='lat' dir='ltr'><strong>quartus</strong></span> <span class='ocrx_word' id='word_1_530' title='bbox 2723 2865 2796 2918; x_wconf 89' lang='lat' dir='ltr'><strong>De</strong></span> <span class='ocrx_word' id='word_1_531' title='bbox 2818 2866 3163 2932; x_wconf 82' lang='lat' dir='ltr'><strong>Continentia,</strong></span> <span class='ocrx_word' id='word_1_532' title='bbox 3194 2885 3536 2924; x_wconf 89' lang='lat' dir='ltr'><strong>numerorum</strong></span> <span class='ocrx_word' id='word_1_533' title='bbox 3571 2890 3706 2941; x_wconf 76' lang='lat' dir='ltr'><strong>Lxx;</strong></span> 
     </span>
    </p>
   </div>
   <div class='ocr_carea' id='block_1_89' title="bbox 2115 2953 3708 3026">
    <p class='ocr_par' dir='ltr' id='par_1_89' title="bbox 2115 2953 3708 3026">
     <span class='ocr_line' id='line_1_91' title="bbox 2115 2953 3708 3026; baseline 0.008 -21"><span class='ocrx_word' id='word_1_534' title='bbox 2115 2955 2330 3022; x_wconf 88' lang='lat' dir='ltr'><strong>quintus</strong></span> <span class='ocrx_word' id='word_1_535' title='bbox 2386 2953 2464 3007; x_wconf 89' lang='lat' dir='ltr'><strong>De</strong></span> <span class='ocrx_word' id='word_1_536' title='bbox 2512 2953 2917 3022; x_wconf 86' lang='lat' dir='ltr'><strong>Fornicatione,</strong></span> <span class='ocrx_word' id='word_1_537' title='bbox 2951 2973 3297 3013; x_wconf 89' lang='lat' dir='ltr'><strong>numerorum</strong></span> <span class='ocrx_word' id='word_1_538' title='bbox 3339 2976 3461 3026; x_wconf 81' lang='lat' dir='ltr'><strong>xu;</strong></span> <span class='ocrx_word' id='word_1_539' title='bbox 3518 2975 3708 3017; x_wconf 81' lang='lat' dir='ltr'><strong>sextus</strong></span> 
     </span>
    </p>
   </div>
   <div class='ocr_carea' id='block_1_90' title="bbox 2121 3044 3708 3118">
    <p class='ocr_par' dir='ltr' id='par_1_90' title="bbox 2121 3044 3708 3118">
     <span class='ocr_line' id='line_1_92' title="bbox 2121 3044 3708 3118; baseline 0.007 -22"><span class='ocrx_word' id='word_1_540' title='bbox 2121 3044 2198 3097; x_wconf 89' lang='lat' dir='ltr'><strong>De</strong></span> <span class='ocrx_word' id='word_1_541' title='bbox 2221 3061 2276 3098; x_wconf 82' lang='lat' dir='ltr'><strong>eo</strong></span> <span class='ocrx_word' id='word_1_542' title='bbox 2298 3045 2434 3114; x_wconf 86' lang='lat' dir='ltr'><strong>quod</strong></span> <span class='ocrx_word' id='word_1_543' title='bbox 2457 3045 2739 3099; x_wconf 83' lang='lat' dir='ltr'><strong>monachus</strong></span> <span class='ocrx_word' id='word_1_544' title='bbox 2771 3047 2903 3100; x_wconf 85' lang='lat' dir='ltr'><strong>nihil</strong></span> <span class='ocrx_word' id='word_1_545' title='bbox 2926 3049 3104 3102; x_wconf 87' lang='lat' dir='ltr'><strong>debeat</strong></span> <span class='ocrx_word' id='word_1_546' title='bbox 3131 3053 3390 3118; x_wconf 86' lang='lat' dir='ltr'><strong>possidere</strong></span> <span class='ocrx_word' id='word_1_547' title='bbox 3408 3091 3423 3115; x_wconf 91' lang='lat'><strong>,</strong></span> <span class='ocrx_word' id='word_1_548' title='bbox 3453 3069 3708 3108; x_wconf 83' lang='lat' dir='ltr'><strong>numero-</strong></span> 
     </span>
    </p>
   </div>
   <div class='ocr_carea' id='block_1_91' title="bbox 2040 3123 3702 3205">
    <p class='ocr_par' dir='ltr' id='par_1_91' title="bbox 2040 3123 3702 3205">
     <span class='ocr_line' id='line_1_93' title="bbox 2040 3123 3702 3205; baseline 0.007 -18"><span class='ocrx_word' id='word_1_549' title='bbox 2040 3123 2087 3185; x_wconf 84' lang='lat' dir='ltr'><strong>C</strong></span> <span class='ocrx_word' id='word_1_550' title='bbox 2117 3150 2234 3189; x_wconf 90' lang='lat' dir='ltr'><strong>rum</strong></span> <span class='ocrx_word' id='word_1_551' title='bbox 2265 3151 2409 3200; x_wconf 80' lang='lat' dir='ltr'><strong>xxn;</strong></span> <span class='ocrx_word' id='word_1_552' title='bbox 2440 3136 2699 3205; x_wconf 86' lang='lat' dir='ltr'><strong>septimus</strong></span> <span class='ocrx_word' id='word_1_553' title='bbox 2719 3133 2794 3189; x_wconf 86' lang='lat' dir='ltr'><strong>De</strong></span> <span class='ocrx_word' id='word_1_554' title='bbox 2822 3136 3085 3192; x_wconf 82' lang='lat' dir='ltr'><strong>Patientia</strong></span> <span class='ocrx_word' id='word_1_555' title='bbox 3108 3155 3199 3192; x_wconf 88' lang='lat' dir='ltr'><strong>seu</strong></span> <span class='ocrx_word' id='word_1_556' title='bbox 3229 3139 3702 3205; x_wconf 86' lang='lat' dir='ltr'><strong>Fortitudine.uu-</strong></span> 
     </span>
    </p>
   </div>
   <div class='ocr_carea' id='block_1_92' title="bbox 2114 3226 3707 3304">
    <p class='ocr_par' dir='ltr' id='par_1_92' title="bbox 2114 3226 3707 3304">
     <span class='ocr_line' id='line_1_94' title="bbox 2114 3226 3707 3304; baseline 0.006 -26"><span class='ocrx_word' id='word_1_557' title='bbox 2114 3242 2383 3280; x_wconf 82' lang='lat' dir='ltr'><strong>merorum</strong></span> <span class='ocrx_word' id='word_1_558' title='bbox 2415 3242 2590 3291; x_wconf 81' lang='lat' dir='ltr'><strong>van;</strong></span> <span class='ocrx_word' id='word_1_559' title='bbox 2622 3237 2844 3282; x_wconf 86' lang='lat' dir='ltr'><strong>octavus</strong></span> <span class='ocrx_word' id='word_1_560' title='bbox 2873 3226 2952 3281; x_wconf 83' lang='lat' dir='ltr'><strong>De</strong></span> <span class='ocrx_word' id='word_1_561' title='bbox 2989 3245 3046 3282; x_wconf 88' lang='lat' dir='ltr'><strong>eo</strong></span> <span class='ocrx_word' id='word_1_562' title='bbox 3091 3232 3232 3302; x_wconf 86' lang='lat' dir='ltr'><strong>quod</strong></span> <span class='ocrx_word' id='word_1_563' title='bbox 3259 3231 3387 3284; x_wconf 87' lang='lat' dir='ltr'><strong>nihil</strong></span> <span class='ocrx_word' id='word_1_564' title='bbox 3415 3249 3504 3304; x_wconf 93' lang='lat' dir='ltr'><strong>per</strong></span> <span class='ocrx_word' id='word_1_565' title='bbox 3531 3247 3707 3288; x_wconf 81' lang='lat' dir='ltr'><strong>osten-</strong></span> 
     </span>
    </p>
   </div>
   <div class='ocr_carea' id='block_1_93' title="bbox 2111 3317 3704 3387">
    <p class='ocr_par' dir='ltr' id='par_1_93' title="bbox 2111 3317 3704 3387">
     <span class='ocr_line' id='line_1_95' title="bbox 2111 3317 3704 3387; baseline 0.006 -18"><span class='ocrx_word' id='word_1_566' title='bbox 2111 3317 2304 3370; x_wconf 82' lang='lat' dir='ltr'><strong>sionem</strong></span> <span class='ocrx_word' id='word_1_567' title='bbox 2335 3318 2454 3384; x_wconf 76' lang='lat' dir='ltr'><strong>fieri</strong></span> <span class='ocrx_word' id='word_1_568' title='bbox 2490 3318 2707 3384; x_wconf 85' lang='lat' dir='ltr'><strong>debeat,</strong></span> <span class='ocrx_word' id='word_1_569' title='bbox 2751 3334 3096 3374; x_wconf 88' lang='lat' dir='ltr'><strong>numerorum</strong></span> <span class='ocrx_word' id='word_1_570' title='bbox 3147 3335 3302 3387; x_wconf 85' lang='lat' dir='ltr'><strong>xxiv;</strong></span> <span class='ocrx_word' id='word_1_571' title='bbox 3337 3329 3506 3378; x_wconf 87' lang='lat' dir='ltr'><strong>nonus</strong></span> <span class='ocrx_word' id='word_1_572' title='bbox 3537 3324 3613 3378; x_wconf 84' lang='lat' dir='ltr'><strong>De</strong></span> <span class='ocrx_word' id='word_1_573' title='bbox 3643 3340 3704 3379; x_wconf 89' lang='lat' dir='ltr'><strong>eo</strong></span> 
     </span>
    </p>
   </div>
   <div class='ocr_carea' id='block_1_94' title="bbox 2111 3409 3700 3482">
    <p class='ocr_par' dir='ltr' id='par_1_94' title="bbox 2111 3409 3700 3482">
     <span class='ocr_line' id='line_1_96' title="bbox 2111 3409 3700 3482; baseline 0.006 -23"><span class='ocrx_word' id='word_1_574' title='bbox 2111 3409 2247 3476; x_wconf 88' lang='lat' dir='ltr'><strong>quod</strong></span> <span class='ocrx_word' id='word_1_575' title='bbox 2278 3425 2380 3462; x_wconf 88' lang='lat' dir='ltr'><strong>non</strong></span> <span class='ocrx_word' id='word_1_576' title='bbox 2407 3420 2636 3477; x_wconf 86' lang='lat' dir='ltr'><strong>oporteat</strong></span> <span class='ocrx_word' id='word_1_577' title='bbox 2679 3411 2925 3481; x_wconf 85' lang='lat' dir='ltr'><strong>judicare</strong></span> <span class='ocrx_word' id='word_1_578' title='bbox 2971 3427 3295 3482; x_wconf 84' lang='lat' dir='ltr'><strong>quemquam,</strong></span> <span class='ocrx_word' id='word_1_579' title='bbox 3353 3429 3700 3468; x_wconf 85' lang='lat' dir='ltr'><strong>numerorum</strong></span> 
     </span>
    </p>
   </div>
   <div class='ocr_carea' id='block_1_95' title="bbox 2116 3498 3703 3567">
    <p class='ocr_par' dir='ltr' id='par_1_95' title="bbox 2116 3498 3703 3567">
     <span class='ocr_line' id='line_1_97' title="bbox 2116 3498 3703 3567; baseline 0.004 -17"><span class='ocrx_word' id='word_1_580' title='bbox 2116 3511 2225 3560; x_wconf 85' lang='lat' dir='ltr'><strong>xn;</strong></span> <span class='ocrx_word' id='word_1_581' title='bbox 2256 3498 2493 3553; x_wconf 87' lang='lat' dir='ltr'><strong>decimus</strong></span> <span class='ocrx_word' id='word_1_582' title='bbox 2527 3500 2600 3553; x_wconf 90' lang='lat' dir='ltr'><strong>De</strong></span> <span class='ocrx_word' id='word_1_583' title='bbox 2631 3499 2989 3564; x_wconf 87' lang='lat' dir='ltr'><strong>Diseretione,</strong></span> <span class='ocrx_word' id='word_1_584' title='bbox 3040 3517 3387 3558; x_wconf 90' lang='lat' dir='ltr'><strong>numerorum</strong></span> <span class='ocrx_word' id='word_1_585' title='bbox 3419 3518 3558 3567; x_wconf 87' lang='lat' dir='ltr'><strong>cxv;</strong></span> <span class='ocrx_word' id='word_1_586' title='bbox 3602 3520 3703 3556; x_wconf 86' lang='lat' dir='ltr'><strong>utt-</strong></span> 
     </span>
    </p>
   </div>
   <div class='ocr_carea' id='block_1_96' title="bbox 2116 3589 3704 3660">
    <p class='ocr_par' dir='ltr' id='par_1_96' title="bbox 2116 3589 3704 3660">
     <span class='ocr_line' id='line_1_98' title="bbox 2116 3589 3704 3660; baseline 0.004 -18"><span class='ocrx_word' id='word_1_587' title='bbox 2116 3589 2358 3643; x_wconf 87' lang='lat' dir='ltr'><strong>decitnus</strong></span> <span class='ocrx_word' id='word_1_588' title='bbox 2386 3590 2464 3644; x_wconf 88' lang='lat' dir='ltr'><strong>De</strong></span> <span class='ocrx_word' id='word_1_589' title='bbox 2491 3606 2548 3644; x_wconf 91' lang='lat' dir='ltr'><strong>eo</strong></span> <span class='ocrx_word' id='word_1_590' title='bbox 2569 3591 2710 3660; x_wconf 84' lang='lat' dir='ltr'><strong>quod</strong></span> <span class='ocrx_word' id='word_1_591' title='bbox 2739 3601 2974 3659; x_wconf 89' lang='lat' dir='ltr'><strong>oporteat</strong></span> <span class='ocrx_word' id='word_1_592' title='bbox 2999 3594 3170 3647; x_wconf 86' lang='lat' dir='ltr'><strong>sobrie</strong></span> <span class='ocrx_word' id='word_1_593' title='bbox 3197 3594 3361 3648; x_wconf 80' lang='lat' dir='ltr'><strong>vivere</strong></span> <span class='ocrx_word' id='word_1_594' title='bbox 3380 3636 3395 3657; x_wconf 89' lang='lat'><strong>,</strong></span> <span class='ocrx_word' id='word_1_595' title='bbox 3447 3610 3704 3649; x_wconf 83' lang='lat' dir='ltr'><strong>numero-</strong></span> 
     </span>
    </p>
   </div>
   <div class='ocr_carea' id='block_1_97' title="bbox 2115 3679 3704 3753">
    <p class='ocr_par' dir='ltr' id='par_1_97' title="bbox 2115 3679 3704 3753">
     <span class='ocr_line' id='line_1_99' title="bbox 2115 3679 3704 3753; baseline 0.006 -21"><span class='ocrx_word' id='word_1_596' title='bbox 2115 3694 2232 3732; x_wconf 90' lang='lat' dir='ltr'><strong>rum</strong></span> <span class='ocrx_word' id='word_1_597' title='bbox 2261 3695 2377 3745; x_wconf 79' lang='lat' dir='ltr'><strong>Ltv;</strong></span> <span class='ocrx_word' id='word_1_598' title='bbox 2408 3679 2756 3736; x_wconf 89' lang='lat' dir='ltr'><strong>duodecimus</strong></span> <span class='ocrx_word' id='word_1_599' title='bbox 2788 3681 2864 3737; x_wconf 88' lang='lat' dir='ltr'><strong>De</strong></span> <span class='ocrx_word' id='word_1_600' title='bbox 2888 3699 2949 3737; x_wconf 88' lang='lat' dir='ltr'><strong>eo</strong></span> <span class='ocrx_word' id='word_1_601' title='bbox 2988 3684 3128 3753; x_wconf 86' lang='lat' dir='ltr'><strong>quod</strong></span> <span class='ocrx_word' id='word_1_602' title='bbox 3176 3686 3284 3738; x_wconf 89' lang='lat' dir='ltr'><strong>sine</strong></span> <span class='ocrx_word' id='word_1_603' title='bbox 3323 3687 3704 3741; x_wconf 86' lang='lat' dir='ltr'><strong>intermissione</strong></span> 
     </span>
    </p>
   </div>
   <div class='ocr_carea' id='block_1_98' title="bbox 2119 3771 3700 3840">
    <p class='ocr_par' dir='ltr' id='par_1_98' title="bbox 2119 3771 3700 3840">
     <span class='ocr_line' id='line_1_100' title="bbox 2119 3771 3700 3840; baseline 0.008 -19"><span class='ocrx_word' id='word_1_604' title='bbox 2119 3777 2168 3821; x_wconf 90' lang='lat' dir='ltr'><strong>et</strong></span> <span class='ocrx_word' id='word_1_605' title='bbox 2196 3771 2363 3824; x_wconf 86' lang='lat' dir='ltr'><strong>sobrie</strong></span> <span class='ocrx_word' id='word_1_606' title='bbox 2386 3771 2532 3825; x_wconf 89' lang='lat' dir='ltr'><strong>debet</strong></span> <span class='ocrx_word' id='word_1_607' title='bbox 2563 3773 2725 3837; x_wconf 86' lang='lat' dir='ltr'><strong>arari,</strong></span> <span class='ocrx_word' id='word_1_608' title='bbox 2744 3788 3089 3828; x_wconf 91' lang='lat' dir='ltr'><strong>numerorum</strong></span> <span class='ocrx_word' id='word_1_609' title='bbox 3121 3789 3220 3840; x_wconf 87' lang='lat' dir='ltr'><strong>xv;</strong></span> <span class='ocrx_word' id='word_1_610' title='bbox 3243 3775 3483 3830; x_wconf 86' lang='lat' dir='ltr'><strong>decimus</strong></span> <span class='ocrx_word' id='word_1_611' title='bbox 3505 3779 3700 3833; x_wconf 80' lang='lat' dir='ltr'><strong>tertius</strong></span> 
     </span>
    </p>
   </div>
   <div class='ocr_carea' id='block_1_99' title="bbox 2114 3858 3697 3932">
    <p class='ocr_par' dir='ltr' id='par_1_99' title="bbox 2114 3858 3697 3932">
     <span class='ocr_line' id='line_1_101' title="bbox 2114 3858 3697 3932; baseline 0.008 -20"><span class='ocrx_word' id='word_1_612' title='bbox 2114 3858 2196 3913; x_wconf 86' lang='lat' dir='ltr'><strong>De</strong></span> <span class='ocrx_word' id='word_1_613' title='bbox 2223 3876 2282 3914; x_wconf 90' lang='lat' dir='ltr'><strong>ea</strong></span> <span class='ocrx_word' id='word_1_614' title='bbox 2311 3863 2448 3930; x_wconf 87' lang='lat' dir='ltr'><strong>quod</strong></span> <span class='ocrx_word' id='word_1_615' title='bbox 2483 3873 2713 3931; x_wconf 87' lang='lat' dir='ltr'><strong>oporteat</strong></span> <span class='ocrx_word' id='word_1_616' title='bbox 2741 3865 3048 3930; x_wconf 86' lang='lat' dir='ltr'><strong>hospitalem</strong></span> <span class='ocrx_word' id='word_1_617' title='bbox 3078 3883 3208 3932; x_wconf 85' lang='lat' dir='ltr'><strong>esse,</strong></span> <span class='ocrx_word' id='word_1_618' title='bbox 3241 3876 3287 3920; x_wconf 89' lang='lat' dir='ltr'><strong>et</strong></span> <span class='ocrx_word' id='word_1_619' title='bbox 3315 3870 3697 3924; x_wconf 82' lang='lat' dir='ltr'><strong>misericordem</strong></span> 
     </span>
    </p>
   </div>
   <div class='ocr_carea' id='block_1_100' title="bbox 2112 3949 3701 4028">
    <p class='ocr_par' dir='ltr' id='par_1_100' title="bbox 2112 3949 3701 4028">
     <span class='ocr_line' id='line_1_102' title="bbox 2112 3949 3701 4028; baseline 0.005 -22"><span class='ocrx_word' id='word_1_620' title='bbox 2112 3950 2167 4006; x_wconf 85' lang='lat' dir='ltr'><strong>in</strong></span> <span class='ocrx_word' id='word_1_621' title='bbox 2197 3949 2476 4019; x_wconf 87' lang='lat' dir='ltr'><strong>hilaritate,</strong></span> <span class='ocrx_word' id='word_1_622' title='bbox 2521 3969 2864 4008; x_wconf 86' lang='lat' dir='ltr'><strong>numerorum</strong></span> <span class='ocrx_word' id='word_1_623' title='bbox 2895 3972 2993 4021; x_wconf 90' lang='lat' dir='ltr'><strong>xv;</strong></span> <span class='ocrx_word' id='word_1_624' title='bbox 3049 3958 3290 4016; x_wconf 82' lang='lat' dir='ltr'><strong>decimus</strong></span> <span class='ocrx_word' id='word_1_625' title='bbox 3337 3968 3559 4028; x_wconf 84' lang='lat' dir='ltr'><strong>quartus</strong></span> <span class='ocrx_word' id='word_1_626' title='bbox 3618 3960 3701 4014; x_wconf 87' lang='lat' dir='ltr'><strong>De</strong></span> 
     </span>
    </p>
   </div>
   <div class='ocr_carea' id='block_1_101' title="bbox 2119 4041 3704 4117">
    <p class='ocr_par' dir='ltr' id='par_1_101' title="bbox 2119 4041 3704 4117">
     <span class='ocr_line' id='line_1_103' title="bbox 2119 4041 3704 4117; baseline 0.006 -23"><span class='ocrx_word' id='word_1_627' title='bbox 2119 4041 2460 4110; x_wconf 83' lang='lat' dir='ltr'><strong>Obedientia,</strong></span> <span class='ocrx_word' id='word_1_628' title='bbox 2511 4060 2855 4099; x_wconf 90' lang='lat' dir='ltr'><strong>numerorum</strong></span> <span class='ocrx_word' id='word_1_629' title='bbox 2890 4062 3016 4111; x_wconf 73' lang='lat' dir='ltr'><strong>tux;</strong></span> <span class='ocrx_word' id='word_1_630' title='bbox 3059 4046 3301 4101; x_wconf 86' lang='lat' dir='ltr'><strong>decimus</strong></span> <span class='ocrx_word' id='word_1_631' title='bbox 3348 4049 3568 4117; x_wconf 84' lang='lat' dir='ltr'><strong>quintus</strong></span> <span class='ocrx_word' id='word_1_632' title='bbox 3621 4049 3704 4103; x_wconf 87' lang='lat' dir='ltr'><strong>De</strong></span> 
     </span>
    </p>
   </div>
   <div class='ocr_carea' id='block_1_102' title="bbox 2118 4133 3700 4209">
    <p class='ocr_par' dir='ltr' id='par_1_102' title="bbox 2118 4133 3700 4209">
     <span class='ocr_line' id='line_1_104' title="bbox 2118 4133 3700 4209; baseline 0.008 -26"><span class='ocrx_word' id='word_1_633' title='bbox 2118 4133 2446 4199; x_wconf 84' lang='lat' dir='ltr'><strong>humilitate,</strong></span> <span class='ocrx_word' id='word_1_634' title='bbox 2507 4150 2850 4190; x_wconf 89' lang='lat' dir='ltr'><strong>numerorum</strong></span> <span class='ocrx_word' id='word_1_635' title='bbox 2903 4153 3138 4201; x_wconf 80' lang='lat' dir='ltr'><strong>uxxrx;</strong></span> <span class='ocrx_word' id='word_1_636' title='bbox 3190 4136 3400 4209; x_wconf 79' lang='lat' dir='ltr'><strong>[uvth</strong></span> <span class='ocrx_word' id='word_1_637' title='bbox 3456 4141 3700 4195; x_wconf 88' lang='lat' dir='ltr'><strong>decimus</strong></span> 
     </span>
    </p>
   </div>
   <div class='ocr_carea' id='block_1_103' title="bbox 2111 4223 3698 4294">
    <p class='ocr_par' dir='ltr' id='par_1_103' title="bbox 2111 4223 3698 4294">
     <span class='ocr_line' id='line_1_105' title="bbox 2111 4223 3698 4294; baseline 0.006 -18"><span class='ocrx_word' id='word_1_638' title='bbox 2111 4231 2298 4276; x_wconf 81' lang='lat' dir='ltr'><strong>sextus</strong></span> <span class='ocrx_word' id='word_1_639' title='bbox 2361 4223 2440 4277; x_wconf 89' lang='lat' dir='ltr'><strong>De</strong></span> <span class='ocrx_word' id='word_1_640' title='bbox 2490 4224 2794 4292; x_wconf 82' lang='lat' dir='ltr'><strong>Patientia,</strong></span> <span class='ocrx_word' id='word_1_641' title='bbox 2855 4243 3203 4283; x_wconf 88' lang='lat' dir='ltr'><strong>numerorum</strong></span> <span class='ocrx_word' id='word_1_642' title='bbox 3279 4245 3395 4294; x_wconf 78' lang='lat' dir='ltr'><strong>xix;</strong></span> <span class='ocrx_word' id='word_1_643' title='bbox 3451 4231 3698 4286; x_wconf 87' lang='lat' dir='ltr'><strong>decimus</strong></span> 
     </span>
    </p>
   </div>
   <div class='ocr_carea' id='block_1_104' title="bbox 2109 4302 3701 4386">
    <p class='ocr_par' dir='ltr' id='par_1_104' title="bbox 2109 4302 3701 4386">
     <span class='ocr_line' id='line_1_106' title="bbox 2109 4302 3701 4386; baseline 0.006 -20"><span class='ocrx_word' id='word_1_644' title='bbox 2109 4302 2373 4381; x_wconf 76' lang='lat' dir='ltr'><strong>septimus</strong></span> <span class='ocrx_word' id='word_1_645' title='bbox 2427 4313 2504 4368; x_wconf 89' lang='lat' dir='ltr'><strong>De</strong></span> <span class='ocrx_word' id='word_1_646' title='bbox 2551 4315 2832 4384; x_wconf 83' lang='lat' dir='ltr'><strong>Charitate,</strong></span> <span class='ocrx_word' id='word_1_647' title='bbox 2887 4333 3236 4373; x_wconf 88' lang='lat' dir='ltr'><strong>numerorum</strong></span> <span class='ocrx_word' id='word_1_648' title='bbox 3278 4337 3422 4386; x_wconf 86' lang='lat' dir='ltr'><strong>xxv;</strong></span> <span class='ocrx_word' id='word_1_649' title='bbox 3456 4324 3701 4376; x_wconf 84' lang='lat' dir='ltr'><strong>decimus</strong></span> 
     </span>
    </p>
   </div>
   <div class='ocr_carea' id='block_1_105' title="bbox 2110 4404 3696 4480">
    <p class='ocr_par' dir='ltr' id='par_1_105' title="bbox 2110 4404 3696 4480">
     <span class='ocr_line' id='line_1_107' title="bbox 2110 4404 3696 4480; baseline 0.007 -25"><span class='ocrx_word' id='word_1_650' title='bbox 2110 4411 2336 4457; x_wconf 87' lang='lat' dir='ltr'><strong>octavus</strong></span> <span class='ocrx_word' id='word_1_651' title='bbox 2369 4404 2444 4458; x_wconf 91' lang='lat' dir='ltr'><strong>De</strong></span> <span class='ocrx_word' id='word_1_652' title='bbox 2473 4405 2819 4460; x_wconf 79' lang='lat' dir='ltr'><strong>Prwvidentia</strong></span> <span class='ocrx_word' id='word_1_653' title='bbox 2846 4408 2951 4462; x_wconf 77' lang='lat' dir='ltr'><strong>sive</strong></span> <span class='ocrx_word' id='word_1_654' title='bbox 2975 4407 3421 4479; x_wconf 87' lang='lat' dir='ltr'><strong>Contemplatione</strong></span> <span class='ocrx_word' id='word_1_655' title='bbox 3445 4457 3458 4480; x_wconf 90' lang='lat'><strong>,</strong></span> <span class='ocrx_word' id='word_1_656' title='bbox 3502 4428 3696 4466; x_wconf 75' lang='lat' dir='ltr'><strong>nurne-</strong></span> 
     </span>
    </p>
   </div>
   <div class='ocr_carea' id='block_1_106' title="bbox 2113 4507 2411 4548">
    <p class='ocr_par' dir='ltr' id='par_1_106' title="bbox 2113 4507 2411 4548">
     <span class='ocr_line' id='line_1_108' title="bbox 2113 4507 2411 4548; baseline 0.003 -3"><span class='ocrx_word' id='word_1_657' title='bbox 2113 4507 2296 4547; x_wconf 86' lang='lat' dir='ltr'><strong>rerum</strong></span> <span class='ocrx_word' id='word_1_658' title='bbox 2325 4509 2411 4548; x_wconf 74' lang='lat' dir='ltr'><strong>XX.</strong></span> 
     </span>
    </p>
   </div>
   <div class='ocr_carea' id='block_1_107' title="bbox 2191 4607 3699 4684">
    <p class='ocr_par' dir='ltr' id='par_1_107' title="bbox 2191 4607 3699 4684">
     <span class='ocr_line' id='line_1_109' title="bbox 2191 4607 3699 4684; baseline 0.003 -22"><span class='ocrx_word' id='word_1_659' title='bbox 2191 4607 2386 4663; x_wconf 84' lang='lat' dir='ltr'><strong>Sextus</strong></span> <span class='ocrx_word' id='word_1_660' title='bbox 2419 4608 2554 4664; x_wconf 90' lang='lat' dir='ltr'><strong>liber</strong></span> <span class='ocrx_word' id='word_1_661' title='bbox 2584 4619 2802 4666; x_wconf 86' lang='lat' dir='ltr'><strong>auctore</strong></span> <span class='ocrx_word' id='word_1_662' title='bbox 2835 4611 3026 4666; x_wconf 82' lang='lat' dir='ltr'><strong>Graeco</strong></span> <span class='ocrx_word' id='word_1_663' title='bbox 3055 4627 3266 4684; x_wconf 89' lang='lat' dir='ltr'><strong>quoque</strong></span> <span class='ocrx_word' id='word_1_664' title='bbox 3293 4615 3519 4679; x_wconf 87' lang='lat' dir='ltr'><strong>incerto,</strong></span> <span class='ocrx_word' id='word_1_665' title='bbox 3545 4627 3699 4667; x_wconf 84' lang='lat' dir='ltr'><strong>certo</strong></span> 
     </span>
    </p>
   </div>
   <div class='ocr_carea' id='block_1_108' title="bbox 2119 4703 3694 4772">
    <p class='ocr_par' dir='ltr' id='par_1_108' title="bbox 2119 4703 3694 4772">
     <span class='ocr_line' id='line_1_110' title="bbox 2119 4703 3694 4772; baseline 0.005 -20"><span class='ocrx_word' id='word_1_666' title='bbox 2119 4707 2294 4756; x_wconf 87' lang='lat' dir='ltr'><strong>tamen</strong></span> <span class='ocrx_word' id='word_1_667' title='bbox 2346 4703 2637 4772; x_wconf 89' lang='lat' dir='ltr'><strong>interprete</strong></span> <span class='ocrx_word' id='word_1_668' title='bbox 2690 4704 2898 4759; x_wconf 80' lang='lat' dir='ltr'><strong>Joanne</strong></span> <span class='ocrx_word' id='word_1_669' title='bbox 2964 4707 3022 4760; x_wconf 88' lang='lat' dir='ltr'><strong>S.</strong></span> <span class='ocrx_word' id='word_1_670' title='bbox 3091 4705 3154 4758; x_wconf 78' lang='lat' dir='ltr'><strong>ll.</strong></span> <span class='ocrx_word' id='word_1_671' title='bbox 3213 4707 3273 4759; x_wconf 87' lang='lat' dir='ltr'><strong>E.</strong></span> <span class='ocrx_word' id='word_1_672' title='bbox 3325 4707 3694 4771; x_wconf 85' lang='lat' dir='ltr'><strong>subdiac0uo,</strong></span> 
     </span>
    </p>
   </div>
   <div class='ocr_carea' id='block_1_109' title="bbox 2117 4792 3750 4870">
    <p class='ocr_par' dir='ltr' id='par_1_109' title="bbox 2117 4792 3750 4870">
     <span class='ocr_line' id='line_1_111' title="bbox 2117 4792 3750 4870; baseline 0.007 -27"><span class='ocrx_word' id='word_1_673' title='bbox 2117 4792 2280 4845; x_wconf 89' lang='lat' dir='ltr'><strong>etiam</strong></span> <span class='ocrx_word' id='word_1_674' title='bbox 2306 4793 2476 4848; x_wconf 89' lang='lat' dir='ltr'><strong>Verba</strong></span> <span class='ocrx_word' id='word_1_675' title='bbox 2497 4796 2768 4850; x_wconf 87' lang='lat' dir='ltr'><strong>seniorum</strong></span> <span class='ocrx_word' id='word_1_676' title='bbox 2797 4796 3106 4866; x_wconf 84' lang='lat' dir='ltr'><strong>exsequitur</strong></span> <span class='ocrx_word' id='word_1_677' title='bbox 3135 4799 3329 4852; x_wconf 89' lang='lat' dir='ltr'><strong>libellis</strong></span> <span class='ocrx_word' id='word_1_678' title='bbox 3355 4816 3403 4852; x_wconf 89' lang='lat' dir='ltr'><strong>tv</strong></span> <span class='ocrx_word' id='word_1_679' title='bbox 3428 4817 3443 4855; x_wconf 90' lang='lat'><strong>:</strong></span> <span class='ocrx_word' id='word_1_680' title='bbox 3468 4815 3696 4870; x_wconf 87' lang='lat' dir='ltr'><strong>quorum</strong></span> <span class='ocrx_word' id='word_1_681' title='bbox 3747 4803 3750 4805; x_wconf 71' lang='grc'><em>’</em></span> 
     </span>
    </p>
   </div>
   <div class='ocr_carea' id='block_1_110' title="bbox 2118 4883 3696 4960">
    <p class='ocr_par' dir='ltr' id='par_1_110' title="bbox 2118 4883 3696 4960">
     <span class='ocr_line' id='line_1_112' title="bbox 2118 4883 3696 4960; baseline 0.006 -24"><span class='ocrx_word' id='word_1_682' title='bbox 2118 4883 2320 4950; x_wconf 84' lang='lat' dir='ltr'><strong>primus</strong></span> <span class='ocrx_word' id='word_1_683' title='bbox 2349 4897 2432 4938; x_wconf 89' lang='lat' dir='ltr'><strong>est</strong></span> <span class='ocrx_word' id='word_1_684' title='bbox 2461 4885 2541 4939; x_wconf 87' lang='lat' dir='ltr'><strong>De</strong></span> <span class='ocrx_word' id='word_1_685' title='bbox 2566 4885 2907 4941; x_wconf 79' lang='lat' dir='ltr'><strong>Prceeidentia</strong></span> <span class='ocrx_word' id='word_1_686' title='bbox 2947 4890 3050 4943; x_wconf 83' lang='lat' dir='ltr'><strong>sive</strong></span> <span class='ocrx_word' id='word_1_687' title='bbox 3099 4888 3556 4960; x_wconf 83' lang='lat' dir='ltr'><strong>Contentptatione,</strong></span> <span class='ocrx_word' id='word_1_688' title='bbox 3587 4905 3696 4945; x_wconf 86' lang='lat' dir='ltr'><strong>est-</strong></span> 
     </span>
    </p>
   </div>
   <div class='ocr_carea' id='block_1_111' title="bbox 2121 4976 3694 5045">
    <p class='ocr_par' dir='ltr' id='par_1_111' title="bbox 2121 4976 3694 5045">
     <span class='ocr_line' id='line_1_113' title="bbox 2121 4976 3694 5045; baseline 0.004 -16"><span class='ocrx_word' id='word_1_689' title='bbox 2121 4990 2225 5044; x_wconf 90' lang='lat' dir='ltr'><strong>que</strong></span> <span class='ocrx_word' id='word_1_690' title='bbox 2253 4991 2374 5044; x_wconf 84' lang='lat' dir='ltr'><strong>pars</strong></span> <span class='ocrx_word' id='word_1_691' title='bbox 2404 4976 2578 5030; x_wconf 91' lang='lat' dir='ltr'><strong>ultimi</strong></span> <span class='ocrx_word' id='word_1_692' title='bbox 2609 4977 2771 5031; x_wconf 91' lang='lat' dir='ltr'><strong>libelli</strong></span> <span class='ocrx_word' id='word_1_693' title='bbox 2824 4979 3191 5045; x_wconf 67' lang='lat' dir='ltr'><strong>prmeedentis.</strong></span> <span class='ocrx_word' id='word_1_694' title='bbox 3247 4981 3474 5034; x_wconf 57' lang='lat' dir='ltr'><strong>Constat</strong></span> <span class='ocrx_word' id='word_1_695' title='bbox 3514 4993 3694 5036; x_wconf 85' lang='lat' dir='ltr'><strong>autem</strong></span> 
     </span>
    </p>
   </div>
   <div class='ocr_carea' id='block_1_112' title="bbox 2119 5071 3695 5143">
    <p class='ocr_par' dir='ltr' id='par_1_112' title="bbox 2119 5071 3695 5143">
     <span class='ocr_line' id='line_1_114' title="bbox 2119 5071 3695 5143; baseline 0.004 -20"><span class='ocrx_word' id='word_1_696' title='bbox 2119 5071 2354 5126; x_wconf 88' lang='lat' dir='ltr'><strong>numeris</strong></span> <span class='ocrx_word' id='word_1_697' title='bbox 2385 5086 2527 5135; x_wconf 84' lang='lat' dir='ltr'><strong>xvn;</strong></span> <span class='ocrx_word' id='word_1_698' title='bbox 2561 5072 2827 5125; x_wconf 85' lang='lat' dir='ltr'><strong>secundus</strong></span> <span class='ocrx_word' id='word_1_699' title='bbox 2860 5072 2936 5126; x_wconf 89' lang='lat' dir='ltr'><strong>De</strong></span> <span class='ocrx_word' id='word_1_700' title='bbox 2982 5074 3174 5127; x_wconf 81' lang='lat' dir='ltr'><strong>sanctis</strong></span> <span class='ocrx_word' id='word_1_701' title='bbox 3219 5075 3507 5127; x_wconf 86' lang='lat' dir='ltr'><strong>senioribus</strong></span> <span class='ocrx_word' id='word_1_702' title='bbox 3538 5115 3553 5141; x_wconf 95' lang='lat'><strong>,</strong></span> <span class='ocrx_word' id='word_1_703' title='bbox 3604 5078 3695 5143; x_wconf 85' lang='lat' dir='ltr'><strong>qui</strong></span> 
     </span>
    </p>
   </div>
   <div class='ocr_carea' id='block_1_113' title="bbox 2116 5162 3697 5232">
    <p class='ocr_par' dir='ltr' id='par_1_113' title="bbox 2116 5162 3697 5232">
     <span class='ocr_line' id='line_1_115' title="bbox 2116 5162 3697 5232; baseline 0.002 -17"><span class='ocrx_word' id='word_1_704' title='bbox 2116 5163 2266 5232; x_wconf 79' lang='lat' dir='ltr'><strong>signa</strong></span> <span class='ocrx_word' id='word_1_705' title='bbox 2315 5162 2601 5229; x_wconf 78' lang='lat' dir='ltr'><strong>faciebant,</strong></span> <span class='ocrx_word' id='word_1_706' title='bbox 2646 5164 2882 5217; x_wconf 85' lang='lat' dir='ltr'><strong>numeris</strong></span> <span class='ocrx_word' id='word_1_707' title='bbox 2916 5180 3060 5228; x_wconf 87' lang='lat' dir='ltr'><strong>xvn;</strong></span> <span class='ocrx_word' id='word_1_708' title='bbox 3111 5165 3299 5218; x_wconf 89' lang='lat' dir='ltr'><strong>tertius</strong></span> <span class='ocrx_word' id='word_1_709' title='bbox 3331 5165 3405 5218; x_wconf 82' lang='lat' dir='ltr'><strong>De</strong></span> <span class='ocrx_word' id='word_1_710' title='bbox 3424 5182 3697 5219; x_wconf 80' lang='lat' dir='ltr'><strong>conrersa-</strong></span> 
     </span>
    </p>
   </div>
   <div class='ocr_carea' id='block_1_114' title="bbox 2117 5254 3693 5323">
    <p class='ocr_par' dir='ltr' id='par_1_114' title="bbox 2117 5254 3693 5323">
     <span class='ocr_line' id='line_1_116' title="bbox 2117 5254 3693 5323; baseline 0.003 -18"><span class='ocrx_word' id='word_1_711' title='bbox 2117 5254 2252 5306; x_wconf 88' lang='lat' dir='ltr'><strong>tione</strong></span> <span class='ocrx_word' id='word_1_712' title='bbox 2305 5254 2495 5321; x_wconf 89' lang='lat' dir='ltr'><strong>aptinta</strong></span> <span class='ocrx_word' id='word_1_713' title='bbox 2521 5254 2837 5307; x_wconf 84' lang='lat' dir='ltr'><strong>diversorum</strong></span> <span class='ocrx_word' id='word_1_714' title='bbox 2875 5265 3186 5318; x_wconf 88' lang='lat' dir='ltr'><strong>sanctorum,</strong></span> <span class='ocrx_word' id='word_1_715' title='bbox 3228 5257 3468 5308; x_wconf 89' lang='lat' dir='ltr'><strong>numeris</strong></span> <span class='ocrx_word' id='word_1_716' title='bbox 3515 5271 3643 5310; x_wconf 74' lang='lat' dir='ltr'><strong>svnt</strong></span> <span class='ocrx_word' id='word_1_717' title='bbox 3677 5275 3693 5323; x_wconf 90' lang='lat'>;</span> 
     </span>
    </p>
   </div>
   <div class='ocr_carea' id='block_1_115' title="bbox 2116 5343 3697 5415">
    <p class='ocr_par' dir='ltr' id='par_1_115' title="bbox 2116 5343 3697 5415">
     <span class='ocr_line' id='line_1_117' title="bbox 2116 5343 3697 5415; baseline 0.003 -20"><span class='ocrx_word' id='word_1_718' title='bbox 2116 5354 2337 5409; x_wconf 87' lang='lat' dir='ltr'><strong>quartus</strong></span> <span class='ocrx_word' id='word_1_719' title='bbox 2373 5343 2577 5414; x_wconf 86' lang='lat' dir='ltr'><strong>Septem</strong></span> <span class='ocrx_word' id='word_1_720' title='bbox 2608 5347 2833 5415; x_wconf 83' lang='lat' dir='ltr'><strong>capitula</strong></span> <span class='ocrx_word' id='word_1_721' title='bbox 2878 5348 3164 5410; x_wconf 81' lang='lat' dir='ltr'><strong>rerborum,</strong></span> <span class='ocrx_word' id='word_1_722' title='bbox 3203 5363 3317 5414; x_wconf 76' lang='lat' dir='ltr'><strong>ane</strong></span> <span class='ocrx_word' id='word_1_723' title='bbox 3361 5348 3495 5400; x_wconf 85' lang='lat' dir='ltr'><strong>misit</strong></span> <span class='ocrx_word' id='word_1_724' title='bbox 3540 5350 3697 5400; x_wconf 88' lang='lat' dir='ltr'><strong>abbas</strong></span> 
     </span>
    </p>
   </div>
   <div class='ocr_carea' id='block_1_116' title="bbox 2121 5432 3698 5505">
    <p class='ocr_par' dir='ltr' id='par_1_116' title="bbox 2121 5432 3698 5505">
     <span class='ocr_line' id='line_1_118' title="bbox 2121 5432 3698 5505; baseline 0.001 -21"><span class='ocrx_word' id='word_1_725' title='bbox 2121 5432 2324 5503; x_wconf 80' lang='lat' dir='ltr'><strong>Moyses</strong></span> <span class='ocrx_word' id='word_1_726' title='bbox 2350 5435 2517 5487; x_wconf 85' lang='lat' dir='ltr'><strong>abbati</strong></span> <span class='ocrx_word' id='word_1_727' title='bbox 2570 5434 2830 5490; x_wconf 70' lang='lat' dir='ltr'><strong>Panionio</strong></span> <span class='ocrx_word' id='word_1_728' title='bbox 2854 5453 2873 5500; x_wconf 87' lang='lat'><strong><em>;</em></strong></span> <span class='ocrx_word' id='word_1_729' title='bbox 2920 5445 2968 5490; x_wconf 89' lang='lat' dir='ltr'><strong>et</strong></span> <span class='ocrx_word' id='word_1_730' title='bbox 3013 5439 3101 5505; x_wconf 82' lang='lat' dir='ltr'><strong>qui</strong></span> <span class='ocrx_word' id='word_1_731' title='bbox 3143 5440 3438 5491; x_wconf 82' lang='lat' dir='ltr'><strong>custodierit</strong></span> <span class='ocrx_word' id='word_1_732' title='bbox 3464 5439 3698 5503; x_wconf 74' lang='lat' dir='ltr'><strong>ea,libr-</strong></span> 
     </span>
    </p>
   </div>
   <div class='ocr_carea' id='block_1_117' title="bbox 2114 5527 3416 5597">
    <p class='ocr_par' dir='ltr' id='par_1_117' title="bbox 2114 5527 3416 5597">
     <span class='ocr_line' id='line_1_119' title="bbox 2114 5527 3416 5597; baseline 0.005 -19"><span class='ocrx_word' id='word_1_733' title='bbox 2114 5527 2314 5579; x_wconf 81' lang='lat' dir='ltr'><strong>rabitur</strong></span> <span class='ocrx_word' id='word_1_734' title='bbox 2340 5544 2371 5580; x_wconf 89' lang='lat' dir='ltr'><strong>a</strong></span> <span class='ocrx_word' id='word_1_735' title='bbox 2396 5543 2563 5593; x_wconf 67' lang='lat' dir='ltr'><strong>paena,</strong></span> <span class='ocrx_word' id='word_1_736' title='bbox 2592 5539 2905 5597; x_wconf 80' lang='lat' dir='ltr'><strong>conStatque</strong></span> <span class='ocrx_word' id='word_1_737' title='bbox 2931 5530 3172 5584; x_wconf 89' lang='lat' dir='ltr'><strong>numeris</strong></span> <span class='ocrx_word' id='word_1_738' title='bbox 3202 5546 3416 5584; x_wconf 79' lang='lat' dir='ltr'><strong>xxxvii.</strong></span> 
     </span>
    </p>
   </div>
   <div class='ocr_carea' id='block_1_118' title="bbox 2186 5613 3690 5684">
    <p class='ocr_par' dir='ltr' id='par_1_118' title="bbox 2186 5613 3690 5684">
     <span class='ocr_line' id='line_1_120' title="bbox 2186 5613 3690 5684; baseline 0.003 -14"><span class='ocrx_word' id='word_1_739' title='bbox 2186 5613 2456 5682; x_wconf 84' lang='lat' dir='ltr'><strong>Septimus</strong></span> <span class='ocrx_word' id='word_1_740' title='bbox 2487 5618 2620 5669; x_wconf 87' lang='lat' dir='ltr'><strong>liber</strong></span> <span class='ocrx_word' id='word_1_741' title='bbox 2648 5627 2920 5671; x_wconf 90' lang='lat' dir='ltr'><strong>auctorem</strong></span> <span class='ocrx_word' id='word_1_742' title='bbox 2948 5621 3106 5673; x_wconf 84' lang='lat' dir='ltr'><strong>habet</strong></span> <span class='ocrx_word' id='word_1_743' title='bbox 3127 5617 3374 5673; x_wconf 62' lang='lat' dir='ltr'><strong>Graecum</strong></span> <span class='ocrx_word' id='word_1_744' title='bbox 3405 5622 3690 5684; x_wconf 69' lang='lat' dir='ltr'><strong>iIiCt‘ﬂllni.</strong></span> 
     </span>
    </p>
   </div>
   <div class='ocr_carea' id='block_1_119' title="bbox 2117 5707 3690 5778">
    <p class='ocr_par' dir='ltr' id='par_1_119' title="bbox 2117 5707 3690 5778">
     <span class='ocr_line' id='line_1_121' title="bbox 2117 5707 3690 5778; baseline 0.002 -16"><span class='ocrx_word' id='word_1_745' title='bbox 2117 5717 2318 5773; x_wconf 81' lang='lat' dir='ltr'><strong>certum</strong></span> <span class='ocrx_word' id='word_1_746' title='bbox 2376 5709 2720 5778; x_wconf 80' lang='lat' dir='ltr'><strong>interpretem</strong></span> <span class='ocrx_word' id='word_1_747' title='bbox 2771 5707 3014 5764; x_wconf 77' lang='lat' dir='ltr'><strong>Latinu-u</strong></span> <span class='ocrx_word' id='word_1_748' title='bbox 3058 5711 3400 5768; x_wconf 45' lang='lat' dir='ltr'><strong>Pascltaaium</strong></span> <span class='ocrx_word' id='word_1_749' title='bbox 3431 5712 3484 5768; x_wconf 91' lang='lat' dir='ltr'><strong>S.</strong></span> <span class='ocrx_word' id='word_1_750' title='bbox 3525 5711 3588 5766; x_wconf 74' lang='grc' dir='ltr'><strong>Β.</strong></span> <span class='ocrx_word' id='word_1_751' title='bbox 3621 5709 3690 5765; x_wconf 75' lang='grc' dir='ltr'><strong>Ε.</strong></span> 
     </span>
    </p>
   </div>
  </div>
