4002 6264
268 309 333 360 73
1488 292 1500 309 ‘
1546 300 2107 361 PROLECOMENON
2149 306 2311 362 tum.
3461 320 3527 373 τι

220 483 223 485 _
269 426 571 479 diaconum.
605 422 861 477 Continet
889 429 1069 475 autem
1110 418 1282 473 Verba
1321 417 1591 472 seniorum
1618 418 1670 470 in
1698 417 1844 471 locos
1874 419 1927 476 Α
1953 425 2132 481 tutes,
2171 421 2321 487 quasi
2369 420 2629 488 pretiosos
2670 421 2901 489 lapides,
2945 425 3143 492 passim
3187 440 3485 495 proponens
3512 474 3525 495 ,

266 527 581 568 communes
611 512 839 581 digesta,
875 508 1273 578 absolviturque
1304 506 1567 577 capitibus
1598 522 1737 561 thv.

336 609 508 674 Atque
562 619 686 674 qua:
740 603 996 657 hactenus
1043 600 1483 655 enumeravitnus
1516 640 1533 667 ,
1584 599 1850 669 prioribus

267 697 593 753 editionibus
634 696 779 750 varie
823 694 1063 762 dispersa
1095 707 1190 762 pro
1220 692 1479 763 cujusque
1505 692 1850 747 concinnato-

270 792 340 846 ris
368 797 527 857 captu
563 786 809 854 prodiere
838 825 854 852 ,
904 800 1023 853 quae
1076 783 1291 852 vulgato
1341 781 1582 836 Vitarum
1633 782 1849 836 Patrum

270 879 403 935 libro
439 880 590 932 fuere
635 876 1047 946 comprehensa.
1086 874 1238 929 Nunc
1268 875 1545 943 sequentia
1594 882 1849 943 prmterea

271 972 553 1027 accedunt.

337 1064 574 1117 Octavus
604 1061 743 1117 liber
772 1070 976 1115 certum
1000 1068 1274 1115 auctorem
1305 1060 1543 1133 agnoscit
1574 1058 1813 1113 Grmcum
1836 1098 1851 1121 ,

275 1156 574 1211 Palladium
604 1153 993 1222 llelenopoleos
1036 1152 1344 1220 episcopum
1372 1194 1387 1218 ,
1415 1160 1619 1205 certum
1644 1164 1855 1219 quoque

278 1250 523 1305 Latinum
574 1248 923 1315 interpretem
976 1246 1294 1300 Gentianum
1333 1246 1641 1299 Ilervetum.
1675 1244 1849 1297 Conti-

281 1353 364 1397 net
391 1351 575 1395 autem
610 1342 801 1393 breves
834 1339 1047 1393 Patrum
1091 1339 1258 1401 Vitas,
1300 1346 1351 1389 et
1382 1337 1731 1406 quarumdam
1778 1336 1853 1389 fe-

281 1431 539 1486 minarum
575 1430 954 1493 ascetriarum,
987 1428 1035 1481 in
1067 1428 1225 1481 Lausi
1258 1427 1521 1495 prmpositi
1549 1428 1772 1495 gratiam
1805 1427 1855 1480 in

279 1538 433 1575 unum
482 1521 734 1575 volumen
785 1528 1069 1589 congestas
1093 1560 1109 1586 ,
1144 1518 1283 1573 unde
1315 1519 1583 1574 Lausiaem
1614 1518 1861 1573 llis-toria!

281 1627 467 1667 nomen
497 1611 750 1666 obtinuit.
783 1611 1092 1667 Absolvitnr
1128 1612 1391 1678 capitibus
1416 1626 1519 1666 cu.

350 1704 539 1758 Nonus
583 1703 719 1758 liber
746 1702 840 1758 Dei
874 1705 1163 1758 amantium
1198 1704 1473 1758 historiam
1507 1703 1739 1757 virorum
1771 1718 1862 1771 pa-

280 1797 408 1850 riter
433 1809 496 1849 ac
526 1794 811 1847 mulierum
835 1794 1227 1862 complectitur,
1257 1809 1379 1862 qum
1405 1794 1738 1857 Pbilotheus,
1767 1808 1859 1848 seu
1892 1783 1939 1841 B

283 1887 608 1956 Theophiles
633 1881 850 1951 dicitur,
880 1896 1029 1942 certo
1057 1896 1276 1941 auctore
1293 1888 1505 1951 Graeco,
1525 1886 1859 1942 Tlieodoreto

281 1981 400 2051 Cyri
452 1980 756 2047 episcopo,
821 1987 972 2034 certo
1041 1993 1254 2049 quoque
1313 1979 1501 2032 Latino
1569 1979 1861 2047 interprete

288 2072 545 2128 Gentiano
572 2071 831 2137 Herveto;
866 2077 1177 2140 constatque
1205 2070 1467 2137 capitibus
1497 2085 1623 2125 xxx.

360 2162 605 2217 Decimus
636 2162 773 2214 liber
803 2169 1076 2215 auctorem
1116 2160 1364 2215 Graecum
1399 2160 1558 2214 habet
1599 2159 1861 2225 Joannem

292 2254 582 2317 Moschum,
611 2251 962 2319 interpretem
997 2251 1247 2307 Latinum
1278 2250 1626 2304 Ambrosium
1656 2251 1866 2304 Camal-

288 2343 586 2405 dulenscm,
617 2351 673 2397 et
700 2358 894 2396 nomen
923 2343 1150 2396 obtinuit
1192 2342 1338 2396 Prati
1374 2340 1692 2409 spiritualis,
1726 2343 1865 2411 quod

290 2434 447 2490 variis
474 2444 783 2489 sanctorum
810 2433 1029 2488 ﬂoribus
1046 2435 1232 2488 niteat.
1251 2433 1667 2502 Comprehendit
1688 2442 1864 2489 autem

290 2526 459 2593 capita
486 2526 707 2579 omnino
736 2540 912 2580 ccxu.

361 2617 487 2675 Post
516 2618 704 2671 decem
734 2616 832 2669 hos
858 2616 923 2672 de
951 2615 1087 2670 Vitis
1118 2616 1330 2669 Patrum
1362 2625 1414 2671 et
1447 2615 1627 2672 verbis
1684 2616 1868 2671 senio—

291 2722 402 2761 rum
437 2707 605 2762 libros
630 2706 846 2762 accedit
894 2708 1195 2776 Appendix,
1229 2722 1346 2776 quae
1369 2708 1488 2777 quia
1519 2708 1706 2763 eadem
1737 2724 1870 2777 pene

294 2797 465 2851 omnia
517 2798 762 2856 continet
814 2798 1083 2866 prioribus
1115 2797 1263 2851 libris
1302 2796 1715 2866 comprehensa,
1750 2798 1869 2859 ideo

296 2904 409 2943 eam
450 2890 503 2943 in
535 2889 740 2942 calcem
774 2886 893 2943 libri
917 2887 1096 2955 rejeei,
1128 2899 1181 2940 et
1213 2886 1420 2941 minore
1438 2888 1747 2942 charactere
1770 2903 1870 2942 ex-

295 2980 446 3047 pritni
475 2977 681 3033 curavi.
716 2977 919 3032 Placuit
944 2985 1119 3031 autem
1137 2977 1274 3031 hanc
1302 2976 1653 3047 appendicem
1671 2978 1869 3032 subne-

292 3080 457 3139 ctere,
487 3069 631 3139 quod
663 3084 769 3122 non
800 3069 1059 3138 ingratam
1085 3081 1198 3121 rem
1229 3082 1316 3122 me
1344 3069 1664 3137 antiquariis
1693 3067 1867 3123 factu-

1956 508 2232 564 utilitatem
2258 523 2409 563 suam
2440 519 2550 565 toto
2581 512 2634 566 in
2667 527 2892 582 corpore
2933 514 3147 570 lectoris
3185 517 3354 572 oculis
3401 536 3525 589 pio-

1953 598 2107 653 batur
2131 600 2345 656 ofl'erro.
2376 602 2568 658 Decem
2594 606 2789 674 quippe
2809 617 2857 663 et
2889 622 3083 663 novem
3102 608 3302 663 divisus
3327 610 3376 665 in
3409 626 3531 681 par-

1953 698 2056 757 tes,
2090 689 2367 747 distinctas
2393 694 2513 747 licet
2538 695 2779 750 videatur
2806 696 3002 751 habere
3024 698 3267 763 virtutes,
3291 707 3524 759 attamen

1954 779 2079 832 dum
2107 783 2388 837 occasione
2414 786 2570 837 unius
2596 786 2905 855 plerumque
2932 787 3152 845 virtutes
3176 798 3386 847 caetera
3409 807 3535 859 pror
3592 774 3593 777 Ἴ

1957 869 2157 924 miscue
2187 873 2647 942 commendantur,
2682 878 2880 931 collisis
2918 878 3055 932 inter
3102 894 3161 934 se
3208 880 3524 946 uolentibus,

1962 962 2061 1014 hoc
2087 970 2203 1026 est,
2237 963 2446 1017 collatis
2474 965 2539 1018 ad
2587 966 2813 1022 invicem
2847 970 3163 1037 virtutibus,
3196 985 3526 1039 gemmarum

1959 1054 2317 1121 spiritualfum
2362 1056 2677 1114 immortalis
2707 1061 2923 1116 claritas
2976 1079 3095 1125 sese
3144 1066 3529 1133 reverberans,

1962 1148 2183 1202 mutuati
2217 1149 2431 1203 luminis
2455 1152 2771 1207 detrimenta
2800 1171 2907 1209 non
2937 1158 3101 1211 novit.
3135 1176 3152 1209 ι

1952 1230 1963 1243 ³
2038 1238 2254 1305 Tertio,
2300 1250 2466 1295 totum
2509 1244 2701 1297 librum
2746 1246 3021 1314 quintum,
3059 1249 3149 1317 qui
3187 1249 3423 1303 continet
3462 1248 3536 1304 De

1967 1331 2156 1385 cit/esti
2198 1332 2566 1403 ZEgyptiorum
2611 1334 2824 1390 Patrum
2872 1342 3246 1394 conversatione
3291 1343 3536 1396 breviores

1963 1423 2255 1477 sententias.
2299 1428 2607 1493 Quanquam
2653 1429 2733 1480 ha:
2763 1431 3039 1484 sententiae
3069 1431 3122 1485 in
3154 1433 3386 1489 secunda
3422 1436 3538 1489 edi.

1968 1514 2110 1568 tione
2141 1531 2234 1583 per
2274 1518 2451 1572 varios
2494 1518 2655 1572 libros
2694 1532 2892 1586 Sparsae
2933 1521 3246 1589 habeantur,
3280 1536 3331 1579 ut
3353 1542 3426 1583 ex
3463 1528 3535 1584 iis

1970 1605 2099 1657 nihil
2130 1606 2180 1658 in
2211 1620 2270 1660 ea
2313 1605 2649 1662 desideretur
2689 1620 2886 1677 printer
2925 1611 3095 1667 solam
3138 1613 3534 1683 praefationem,

1968 1707 2124 1762 quam
2156 1696 2239 1749 hic
2270 1706 2624 1765 reprmsento:

2043 1803 2062 1836 s
2091 1785 2239 1840 Licet
2267 1786 2333 1842 ab
2361 1788 2583 1843 exordio
2612 1792 3023 1859 conscriptionis
3062 1806 3261 1851 nostrae
3291 1799 3538 1854 voluntas

1963 1875 2116 1930 nobis
2161 1876 2352 1942 fuerit,
2396 1882 2572 1933 omnia
2613 1896 2733 1949 quae
2772 1883 2841 1937 de
2877 1888 3284 1943 conversatione
3324 1900 3541 1945 sancto-

1964 1980 2082 2019 rum
2116 1966 2330 2020 Patrum
2362 1970 2501 2022 scire
2533 1973 2801 2039 potuimus
2824 2016 2837 2041 ,
2869 1983 3094 2043 quatuor
3116 1976 3265 2032 libris
3292 1993 3538 2049 compre-

1967 2050 2241 2119 hendere;
2276 2058 2613 2123 postmodum
2650 2068 2824 2114 tamen
2856 2064 3257 2119 considerantes
3293 2067 3495 2136 singula
3520 2110 3535 2133 ,

1966 2148 2209 2217 quintum
2239 2151 2680 2218 superaddimus,
2727 2169 2793 2207 ne
2837 2153 2973 2208 forte
3014 2156 3310 2224 legentibus
3350 2171 3439 2214 aut
3481 2161 3541 2215 li-

1967 2239 2185 2293 brorum
2219 2243 2519 2308 quantitas,
2548 2254 2639 2295 aut
2667 2246 3051 2298 sententiarum
3081 2247 3388 2316 displiceret
3416 2265 3543 2306 COII-

1969 2331 2172 2384 tinuata
2218 2332 2595 2385 numerositas.
2646 2331 2777 2387 Cum
2824 2335 2964 2388 enim
3012 2335 3062 2389 in
3106 2345 3218 2392 toto
3259 2342 3541 2403 voluminis

1968 2422 2129 2491 hujus
2157 2437 2383 2490 corpore
2412 2423 2650 2477 brevium
2682 2426 3067 2479 sententiarum
3101 2435 3241 2481 tanta
3272 2428 3341 2484 sit
3368 2432 3540 2499 copia,

1971 2523 2028 2565 nt
2070 2526 2163 2567 eas
2208 2513 2426 2582 prolixa:
2465 2514 2746 2567 sententia:
2787 2514 3124 2591 addecimare
3167 2516 3251 2570 vix
3299 2521 3542 2591 possint;

1972 2603 2154 2658 habito
2196 2604 2472 2667 nobiscum
2522 2604 2744 2659 rationis
2794 2605 3024 2672 judicio,
3070 2608 3312 2663 arbitrati
3360 2624 3544 2664 sumus

1971 2695 2075 2750 hoc
2110 2682 2292 2748 modo
2338 2696 2569 2750 laborem
2619 2706 2858 2751 nostrum
2913 2698 3130 2753 lectoris
3185 2710 3344 2767 atque
3396 2702 3546 2756 audi-

1972 2786 2100 2840 toris
2154 2785 2338 2855 gratim
2393 2786 2897 2840 commendandum.
2956 2788 3228 2857 Siquidem
3280 2787 3436 2862 [cxx]
3492 2802 3548 2846 et

1973 2878 2165 2933 breves
2207 2888 2259 2931 et
2308 2878 2477 2947 longa:
2525 2879 2805 2933 sententiae
2846 2893 2941 2947 per
2982 2888 3212 2949 quatuor
3252 2883 3548 2937 anteriores

1973 2968 2139 3023 libros
2196 2969 2394 3023 mistim
2446 2969 2716 3024 relevandi
2758 2984 2916 3024 causa
2963 2969 3155 3025 fastidii
3197 2982 3543 3041 ponerentur,

1975 3060 2204 3115 collecta
2236 3074 2363 3114 vero
2390 3060 2830 3117 sententiolarum
2862 3062 3091 3131 plurima
3126 3072 3274 3133 parte
3304 3067 3355 3119 in
3385 3079 3547 3119 unum

297 3175 409 3217 rum
468 3161 837 3216 existimarem
865 3202 881 3228 ,
928 3160 974 3214 si
1016 3170 1232 3215 veteres
1287 3158 1507 3214 Palladii
1554 3160 1873 3229 interpretes

1983 3150 2249 3213 libellum,
2301 3150 2451 3217 quasi
2499 3150 2735 3205 minutiae
2785 3141 3060 3220 quaedam,
3113 3161 3168 3206 et
3218 3169 3547 3222 gemmarum

300 3252 646 3318 producerem
675 3291 689 3314 ,
724 3260 781 3305 ut
811 3260 865 3303 et
908 3258 1085 3305 textus
1128 3249 1364 3304 varietas
1403 3250 1485 3304 vel
1529 3249 1876 3305 conformitas

301 3354 621 3411 appareret,
652 3351 708 3398 et
735 3342 860 3414 atyli
890 3357 1103 3412 quoque
1130 3344 1418 3412 antiquitas
1455 3354 1876 3413 repraesentare-

302 3442 406 3488 tur.
456 3434 813 3488 Continentur
858 3442 1035 3488 autem
1068 3434 1362 3503 appendice
1393 3433 1507 3489 haec
1548 3437 1825 3506 sequentia
1860 3455 1872 3491 :

301 3522 467 3596 [thx]
496 3523 794 3578 lleraclidis
826 3523 1130 3589 Paradisns,
1164 3524 1367 3578 incerto
1404 3525 1498 3580 sed
1521 3527 1685 3580 veteri
1712 3529 1877 3582 inter-

309 3618 455 3682 prete
477 3614 742 3682 capitibus
790 3629 911 3671 LVIII
938 3630 952 3679 ;
985 3613 1204 3667 Palladii
1235 3614 1513 3680 Lansiaea,
1546 3616 1757 3670 incerto
1785 3618 1877 3672 sed

305 3706 465 3757 veteri
505 3705 839 3773 interprete,
873 3704 1135 3773 capitibus
1187 3721 1289 3771 xx;
1343 3694 1718 3775 Egyptiorum
1782 3709 1882 3762 Pa-

303 3807 440 3848 trum
468 3797 770 3858 sententiae,
804 3804 1023 3850 auctore
1053 3794 1242 3850 Graeco
1284 3796 1488 3851 incerto
1513 3840 1529 3865 ,
1590 3799 1880 3869 interprete

306 3888 531 3945 Rartino
557 3888 831 3942 Dumiensi
859 3887 1135 3958 episcopo.
1165 3889 1427 3944 Constant
1458 3892 1698 3945 numeris
1724 3907 1871 3946 cxtx.

718 4020 1270 4077 PIIOLECOMENON
1308 4022 1475 4078 XXII.

474 4156 607 4223 Quid
640 4170 853 4221 quisque
891 4155 1048 4208 editio
1082 4154 1337 4225 peculiare
1376 4163 1423 4208 et
1461 4156 1716 4211 diversum

856 4247 919 4300 ab
958 4247 1074 4300 aliis
1111 4245 1336 4300 habeat?

389 4362 455 4417 Ut
493 4375 580 4415 res
610 4361 723 4415 haec
750 4360 897 4415 clare
925 4361 995 4414 ob
1021 4360 1207 4416 oculos
1236 4372 1486 4430 ponatur,
1518 4364 1675 4417 statui
1703 4378 1889 4433 qnam-

312 4469 413 4521 qne
448 4454 733 4507 editionem
775 4454 911 4506 inter
950 4468 1008 4508 se
1046 4467 1381 4521 comparare.
1428 4454 1492 4508 Et
1533 4469 1599 4509 ne
1638 4455 1884 4509 confusio

311 4544 480 4607 detur,
513 4558 607 4612 per
638 4542 995 4614 paragraphos
1024 4544 1455 4610 comparationes
1481 4543 1825 4614 distinguam.

416 4676 444 4747 ᾗ
482 4677 521 4730 l.
563 4675 890 4745 Comparatio
929 4676 1106 4743 prima:
1143 4686 1189 4729 et
1228 4676 1469 4729 secunde
1505 4676 1762 4730 editionis.

384 4810 558 4863 Prima
597 4807 762 4861 editio
800 4808 1035 4877 quinque
1077 4817 1329 4862 constans
1371 4808 1520 4863 libris
1567 4809 1683 4864 haec
1731 4810 1892 4866 habet

318 4902 596 4971 peculiaria
636 4909 691 4953 et
734 4900 943 4954 diversa
981 4915 1011 4953 a
1050 4899 1281 4954 secunda
1324 4886 1602 4955 editiOne:

384 4992 591 5056 Primo,
637 4997 805 5042 totum
850 4988 1043 5056 librum
1087 4989 1299 5059 tertium
1322 5031 1336 5055 ,
1368 5005 1462 5045 seu
1494 4990 1714 5047 Palladit
1748 4991 1890 5047 Lau-
1930 5000 1931 5009 ‘

320 5084 512 5139 siacani
531 5124 545 5148 ,
578 5082 784 5137 incerto
812 5082 906 5136 sed
936 5082 1103 5137 veteri
1131 5084 1441 5149 interprete.

390 5176 665 5240 Secundo,
698 5175 753 5229 in
779 5175 916 5231 libro
940 5185 1132 5243 quarto
1158 5173 1315 5230 habet
1345 5172 1708 5243 praefationem
1729 5215 1744 5243 ,
1775 5191 1890 5248 qua:

327 5268 572 5321 secundae
599 5267 817 5321 editioni
849 5267 1019 5320 deest.
1046 5265 1124 5320 Ne
1149 5267 1269 5336 quis
1292 5282 1410 5320 eam
1438 5267 1703 5323 desideret
1722 5308 1739 5334 ,
1769 5284 1897 5326 ecce

328 5358 410 5415 hic
452 5358 623 5412 habe:
661 5375 680 5407 ι
707 5357 840 5411 Cum
881 5356 1056 5412 omnis
1093 5356 1338 5427 prmfatio
1366 5366 1565 5413 textum
1597 5371 1897 5430 opportune

319 5453 654 5521 prmveniens
673 5492 689 5516 ,
712 5460 812 5517 aut
838 5455 1111 5521 sequentis
1142 5453 1379 5506 materia:
1406 5453 1648 5524 praedicit
1672 5453 1902 5521 qualita-

322 5553 428 5598 tem
448 5587 465 5612 ,
491 5552 582 5597 aut
606 5543 942 5597 defensatum
969 5541 1050 5595 sui
1079 5542 1421 5603 commendet
1452 5552 1759 5610 auctorem;
1789 5553 1902 5600 tum

322 5650 455 5689 vero
486 5634 770 5705 praesentis
796 5634 911 5687 libri
940 5635 1135 5697 seriem
1170 5618 1387 5703 proprio
1416 5634 1677 5704 contingit
1708 5635 1806 5690 hac
1838 5637 1905 5691 de

322 5741 484 5782 causa
515 5726 736 5797 prologo
768 5726 1003 5795 indigere
1022 5765 1037 5789 ,
1072 5724 1193 5792 quia
1223 5726 1482 5797 Speciales
1510 5711 1773 5803 quaedam
1794 5728 1907 5803 .vir-

605 5820 877 5881 Parnm.
927 5819 1211 5880 LXXIII.

1978 3242 2237 3311 fragmina
2271 3242 2325 3295 in
2356 3256 2587 3297 massam
2630 3243 2861 3311 aliquam
2902 3244 3283 3300 conﬂarentur.
3326 3247 3554 3302 Senteno

1979 3334 2138 3389 tiolas
2163 3344 2339 3389 autem
2370 3333 2602 3389 dicimus
2625 3376 2640 3400 ,
2670 3343 2925 3404 quantum
2956 3336 3021 3390 ad
3052 3352 3328 3393 numerum
3358 3337 3551 3395 dictio-

1979 3440 2129 3479 num.
2170 3424 2436 3480 Craterum
2479 3428 2722 3495 quedam
2765 3426 3104 3481 inveniuntur
3144 3428 3196 3483 in
3235 3430 3314 3484 eis
3354 3442 3555 3499 quanto

1980 3516 2161 3571 verbis
2204 3516 2478 3571 breviores
2498 3556 2515 3582 ,
2549 3524 2697 3569 tanto
2738 3517 2984 3571 sensibus
3015 3516 3261 3574 fortiores
3290 3536 3301 3571 :
3330 3521 3466 3575 adeo
3497 3532 3552 3575 ut

1980 3607 2024 3660 si
2073 3605 2194 3673 quis
2241 3622 2335 3660 eas
2382 3606 2650 3675 profusius
2691 3621 2958 3675 exponere
2999 3617 3232 3677 quierat,
3274 3618 3415 3664 totus
3454 3610 3554 3664 sibi

1981 3696 2173 3752 adesse
2216 3698 2521 3752 necessario
2559 3696 2772 3750 debeat.
2814 3696 2953 3752 Sane
2994 3698 3146 3751 nobis
3187 3699 3341 3753 aliter
3378 3699 3555 3769 dispo-

1984 3791 2259 3855 nentibus,
2289 3804 2317 3843 a
2348 3790 2574 3845 Domino
2602 3787 2798 3844 factum
2830 3804 2951 3845 esse
2980 3791 3246 3847 credimus
3275 3801 3328 3847 ut
3357 3792 3559 3864 Egyp—

1984 3883 2180 3937 tiorum
2224 3885 2435 3937 Patrum
2475 3884 2707 3939 caelestis
2736 3886 3072 3940 conversatio
3109 3887 3356 3955 legalium
3388 3888 3559 3945 libro-

1986 3986 2102 4024 rum
2134 3988 2361 4026 numero
2389 3974 2711 4043 signaretur,
2745 3990 2879 4044 quos
2909 3976 3022 4044 ipse
3057 3976 3308 4032 Dominus
3350 3977 3417 4033 de
3458 3992 3559 4048 po-

1988 4071 2175 4116 testate
2201 4060 2448 4131 !Egypti,
2481 4062 2532 4117 id
2580 4073 2664 4119 est
2712 4064 3078 4128 tenebrarum,
3129 4064 3355 4132 eripuit,
3403 4075 3459 4120 et
3506 4067 3560 4127 in

1986 4152 2238 4207 cordibus
2282 4167 2467 4208 eorum
2521 4153 2853 4223 Evangelicte
2905 4155 3038 4223 legis
3081 4154 3296 4210 decreta
3335 4154 3563 4225 Spiritus

1988 4245 2158 4300 sancti
2207 4245 2347 4316 stylo
2390 4244 2728 4313 conscripsit.
2768 4243 2969 4299 llorum
2998 4259 3126 4313 ergo
3154 4244 3419 4299 intuentes
3445 4247 3563 4301 exi.-

1993 4347 2101 4389 tnm
2132 4334 2588 4401 conversationis,
2621 4335 2778 4389 fidem
2802 4374 2817 4401 ,
2851 4335 3182 4404 propositum
3214 4335 3483 4391 imitemur
3511 4344 3567 4388 et

1992 4428 2225 4481 studium
2248 4468 2263 4493 ,
2296 4436 2356 4491 ut
2402 4426 2529 4482 socii
2560 4427 2862 4496 passioiium
2907 4426 3115 4493 eﬂ'ecti,
3144 4436 3418 4484 consortes
3442 4426 3566 4482 effi-

1915 4504 1971 4564 D
1993 4522 2194 4575 ciamur
2218 4529 2271 4574 et
2299 4519 2522 4587 praemii.
2551 4538 2570 4569 ι

2067 4634 2122 4688 In
2170 4633 2316 4686 nullo
2362 4630 2724 4698 manuscripto
2766 4644 2883 4691 eam
2937 4630 3296 4697 praefationem
3344 4630 3561 4694 inveni,

1997 4728 2072 4791 uti
2102 4739 2201 4778 nec
2226 4724 2499 4778 breviores
2525 4724 2837 4787 sententias,
2865 4722 3055 4790 quibus
3080 4736 3142 4776 ea
3168 4721 3405 4789 prmfatio
3431 4737 3569 4791 prte-

1999 4817 2227 4872 mittitur
2256 4832 2271 4881 ;
2314 4829 2479 4885 quare
2516 4814 2764 4875 existimo
2800 4828 2830 4867 a
2858 4814 3030 4881 primo
3069 4813 3449 4867 concinnatore
3476 4813 3569 4868 Vi-

2005 4916 2175 4964 tarum
2206 4904 2457 4969 Patrum,
2500 4904 2741 4973 quisquis
2783 4903 2870 4957 ille
2898 4906 3003 4966 sit,
3043 4916 3135 4957 eas
3172 4903 3464 4956 sententias
3501 4919 3566 4957 es

2000 5000 2218 5067 reliquis
2270 4997 2419 5052 libris
2465 5004 2745 5063 excerptas
2764 5035 2784 5061 ,
2832 4995 2974 5062 quod
3034 4994 3147 5063 ipsa
3198 4993 3437 5063 prmfatio
3490 4995 3569 5055 lo-

1999 5092 2193 5160 quitur.
2928 5117 2930 5119 »
3478 5114 3486 5123 ·
3539 5104 3547 5131 τ

2074 5181 2318 5239 Secunda
2368 5180 2533 5238 editio
2578 5187 2808 5248 quatuor
2852 5188 3106 5235 constans
3152 5177 3416 5249 partibus,
3448 5181 3573 5238 haec

1995 5272 2217 5339 propria
2246 5270 2442 5334 habet,
2463 5283 2591 5337 quae
2619 5266 2671 5322 in
2702 5267 2872 5335 prima
2902 5268 3279 5326 desiderantur
3308 5286 3325 5326 :
3367 5270 3539 5341 primo
3559 5312 3576 5337 ,

2004 5361 2155 5416 Vitas
2177 5359 2300 5414 illas
2322 5358 2374 5412 in
2400 5357 2566 5424 prima
2589 5368 2741 5425 parte
2762 5372 2896 5426 quas
2915 5354 3296 5428 prolegomene
3318 5355 3384 5413 I9
3407 5361 3574 5414 nomi-

2003 5453 2167 5509 natim
2195 5450 2348 5515 dedi,
2382 5457 2603 5517 excepta
2633 5449 2754 5504 Vita
2780 5450 3017 5510 Marine.
3046 5464 3142 5511 seu
3174 5449 3393 5515 Marini,
3418 5463 3576 5515 quam

2007 5544 2175 5613 prima
2204 5540 2370 5596 editio
2398 5540 2559 5595 habet
2587 5540 2640 5595 in
2672 5537 2780 5595 ﬁne
2805 5541 2972 5610 quinti
3001 5540 3122 5595 libri
3149 5556 3167 5604 ;
3194 5540 3427 5596 secundo
3445 5577 3461 5603 ,
3490 5545 3576 5591 to-

2008 5641 2114 5685 tam
2157 5631 2368 5685 tertiam
2400 5638 2644 5699 partem,
2684 5645 2842 5704 quam
2868 5645 2947 5693 ,ex
2991 5630 3194 5685 Severo
3232 5639 3290 5687 et
3324 5629 3580 5683 Cassiano

2009 5732 2313 5793 excerptum
2344 5736 2463 5777 esse
2490 5723 2644 5776 docui
2676 5721 2728 5776 in
2756 5722 2853 5788 hac
2880 5733 3067 5792 quarta
3093 5730 3277 5781 nostra
3304 5717 3583 5779 editione;

3195 5809 3233 5865 8
