4002 6226
452 291 522 343 75
1379 283 1443 338 IN
1488 253 1687 336 viras
1728 275 2003 334 PATRL‘M
2046 256 2554 329 PROLEGUMENA
2598 263 2787 321 xxw.
3655 258 3719 310 re

449 403 643 467 tertio,
678 410 839 457 totam
869 412 1109 472 quartam
1153 408 1394 471 partem,
1438 401 1490 455 id
1531 410 1615 454 est
1638 442 1651 465 ,
1686 396 1880 452 librum
1911 392 2034 446 ΡΜ·
2065 392 2113 447 Α

450 492 617 549 chasii
641 535 656 559 ,
684 503 738 548 et
767 494 1084 561 opusculum
1120 493 1197 547 De
1227 495 1380 548 laude
1407 502 1454 546 et
1483 491 1667 559 e/I'ectu
1698 490 1961 547 uirtutum.

600 608 627 680 ᾗ
671 608 733 663 ll.
774 608 1104 681 Comparatio
1144 609 1325 677 prima
1354 618 1398 662 et
1440 607 1601 662 tertire
1640 604 1892 659 editionis.

526 724 701 780 Prima
743 723 908 778 editio
945 723 1081 777 nihil
1127 721 1396 791 peculiare
1436 720 1706 786 continet,
1750 716 1890 787 quod
1935 730 2040 770 non

455 825 507 867 et
540 815 590 866 in
623 814 776 868 tertia
810 813 1133 881 reperiatur.

529 902 708 958 Tertia
750 917 877 957 vero
919 903 1085 957 editio
1128 902 1239 957 hzec
1268 916 1295 955 a
1330 906 1499 970 prima
1539 899 1751 953 diversa
1799 898 1957 951 habet
1990 896 2042 949 in

458 993 633 1060 primo
663 992 797 1048 libro
818 1033 833 1055 ,
868 1008 986 1063 quae
1016 992 1186 1046 tribus
1213 999 1428 1051 ,conStat
1456 989 1715 1061 partibus.
1751 988 2043 1044 Peculi‘aria

463 1085 621 1138 habet
653 1084 705 1138 in
740 1083 909 1153 prima
940 1092 993 1137 et
1022 1082 1255 1137 secunda
1287 1093 1436 1146 parte
1465 1098 1478 1133 :

537 1172 748 1241 Primo,
794 1168 983 1229 omnes
1027 1172 1175 1226 Vitas
1218 1171 1336 1225 illas
1376 1185 1507 1240 quas
1535 1181 1589 1225 et
1619 1170 1850 1225 secunda
1880 1170 2049 1228 editi!

463 1265 617 1319 habet
649 1274 768 1333 post
803 1264 945 1317 Vitas
975 1278 1004 1317 a
1039 1261 1250 1317 [ξιιΠίηο
1277 1263 1608 1330 conscriptas
1636 1278 1649 1326 ;
1679 1261 1874 1331 quibus
1901 1261 2047 1317 addit

460 1356 636 1410 ‘Vitam
673 1356 892 1425 Epicteti
926 1365 977 1409 et
1008 1354 1284 1416 Astionis;
1318 1369 1524 1408 necnon
1572 1352 1646 1406 De
1677 1353 1884 1406 muliere
1927 1351 2048 1404 Ver-

464 1449 669 1502 cellensi
708 1448 890 1517 septies
932 1446 1067 1510 icta,
1109 1454 1329 1500 auctore
1368 1444 1493 1499 divo
1535 1443 1861 1513 Hieronymo
1901 1452 1950 1496 et
1995 1443 2046 1495 in

466 1544 572 1597 line
600 1542 766 1611 quinti
803 1540 964 1605 libri,
1002 1538 1174 1593 Vitam
1208 1538 1452 1591 liarlaam
1482 1546 1537 1591 et
1563 1535 1842 1605 Josaphat.
1874 1534 2045 1590 Pecu-

466 1633 651 1689 liarem
679 1632 838 1687 etiam
870 1628 1031 1686 habet
1061 1638 1228 1685 totam
1260 1631 1477 1684 tertiam
1512 1638 1714 1697 partem
1757 1642 1876 1698 qua:
1915 1640 2049 1681 con-

467 1728 601 1780 tinet
628 1733 876 1792 excerpta
908 1739 971 1777 ex
1002 1723 1200 1777 Severo
1228 1731 1283 1775 et
1310 1719 1593 1776 Cassiano.

537 1814 819 1880 Secundo,
855 1815 907 1867 in
936 1813 1119 1883 quinto
1147 1813 1283 1869 libro
1318 1811 1637 1882 peculiarem
1669 1810 1827 1866 habet
1856 1810 2048 1866 librum

471 1907 759 1962 Pasrhasii.

580 2018 609 2086 ᾗ
652 2018 738 2072 Ill.
782 2017 1111 2088 Comparatia
1151 2017 1332 2085 primtt'
1369 2028 1415 2069 et
1453 2026 1651 2085 quarta:
1688 2016 1949 2071 editionis.

540 2128 715 2203 [Lxxl]
743 2131 917 2186 Prima
942 2130 1110 2186 editio
1134 2131 1263 2184 nihil
1289 2130 1469 2198 habet,
1496 2131 1634 2200 quod
1661 2147 1762 2184 non
1789 2132 1839 2183 in
1866 2138 2057 2199 quarta

477 2222 576 2275 hac
621 2232 800 2277 nostra
842 2223 1111 2291 reperias,
1142 2231 1367 2288 excepta
1399 2221 1708 2289 praefatione
1734 2236 1890 2287 quam
1924 2222 2061 2276 libro

476 2328 575 2367 suo
601 2324 791 2381 quarto
817 2314 927 2382 (qui
957 2313 1097 2381 apud
1128 2328 1228 2367 nos
1254 2314 1471 2382 quintus
1497 2314 1601 2382 est)
1630 2313 1873 2383 przefigit,
1901 2328 2059 2381 quam

476 2406 581 2475 iam
617 2406 773 2474 paulo
803 2416 926 2459 ante
970 2404 1056 2458 hic
1097 2405 1361 2472 expressi.
1406 2404 1644 2472 Excepto
1685 2406 1809 2458 item
1855 2403 1989 2456 libro
2030 2418 2061 2455 v

480 2498 663 2564 prima:
692 2495 975 2560 editionis,
1006 2498 1094 2560 qui
1139 2495 1474 2549 brevioribus
1512 2503 1721 2548 constat
1757 2494 2060 2548 sententiis.

480 2588 569 2641 Eae
602 2597 776 2641 tamen
808 2587 1087 2641 sententiae
1127 2600 1316 2642 omnes
1358 2587 1477 2640 aliis
1513 2585 1664 2640 libris
1704 2593 1908 2655 quarta:
1949 2585 2065 2639 edi-

484 2679 647 2733 tionis
672 2678 986 2733 intcrnzistze
1016 2686 1323 2731 occurrunt.

554 2772 752 2837 Quarta
784 2770 948 2825 editio
981 2768 1097 2824 hinc
1125 2769 1371 2825 distincta
1404 2782 1430 2821 a
1464 2768 1629 2835 prima
1661 2767 1856 2830 habet,
1896 2767 1949 2820 l'
1980 2776 2063 2821 to-

486 2872 596 2916 tum
629 2864 857 2930 primum
889 2860 1115 2927 librum,
1139 2862 1225 2930 qui
1258 2862 1422 2915 variis
1451 2859 1582 2915 Vitis
1611 2868 1914 2915 sanctorum
1945 2873 2070 2912 con-

485 2962 627 3016 stat,
675 2961 898 3020 excepta
946 2950 1062 3005 Vita
1104 2959 1302 3005 sancta:
1346 2949 1601 3012 Matinae,
1650 2964 1769 3019 quae
1810 2949 1863 3002 in
1898 2949 2067 3017 prima

484 3041 716 3098 editione
747 3042 797 3095 in
830 3042 976 3096 calce
1007 3041 1128 3095 libri
1161 3056 1193 3093 ν
1227 3040 1528 3107 reperitur;
1568 3038 1629 3092 2"
1661 3049 1829 3094 tutum
1874 3041 2067 3094 librum

2478 399 2618 441 νιτΑ
2666 392 3027 438 οιιιιιςτηκι
3074 391 3391 436 IIONACEI.

2220 523 2237 555 ‹
2276 502 2502 571 Quidam
2558 498 3026 561 Cenomanensis,
3086 496 3307 550 nomine
3353 494 3719 555 Christianus,

2137 594 2351 663 juvenis
2392 604 2686 647 conversus
2728 591 3001 659 ingressus
3041 597 3125 641 est
3158 586 3522 642 eremitorium
3562 585 3726 653 quod-

2144 689 2265 740 dam
2326 684 2377 739 in
2432 682 2898 752 archiepiscOpatu
2949 678 3286 741 'l‘uronensi,
3344 673 3533 749 [cxxn]
3587 676 3725 743 quod

2145 776 2337 832 dicitur
2376 777 2751 830 Castinetum:
2806 773 2893 828 ubi
2940 788 3060 827 cum
3109 771 3321 827 forti'er
3361 776 3656 823 tentaretur
3699 783 3728 820 ι

2144 885 2306 923 carne
2337 884 2465 934 sua,
2499 866 2772 935 affligebat
2798 877 2856 919 se
2885 864 2936 918 in
2966 861 3375 931 quadragesima
3397 860 3645 927 jejuaans
3673 865 3727 909 et

2149 960 2432 1014 abstinens
2482 973 2540 1011 se
2581 955 2648 1010 ab
2691 956 2834 1010 omni
2880 963 3007 1023 potu
3052 963 3247 1022 pra‘ter
3289 967 3457 1006 unum
3498 950 3638 1004 diem
3679 950 3732 1001 in

2161 1051 2475 1121 septimana.
2509 1050 2564 1103 lu
2597 1048 2774 1103 hieme
2804 1048 2978 1099 stabat
3013 1044 3239 1099 vesulus
3278 1046 3330 1098 in
3373 1058 3507 1107 aqua
3551 1040 3733 1109 frigida

2152 1157 2320 1211 usque
2350 1141 2415 1195 ad
2448 1141 2686 1204 collum,
2730 1137 3069 1205 disciplinam
3114 1136 3217 1191 sibi
3257 1135 3421 1188 dabat
3465 1145 3738 1201 usquequo

2148 1233 2313 1299 virgae
2341 1230 2800 1298 dirumperentur.
2835 1228 2934 1294 Qui
2962 1241 3082 1282 eum
3116 1225 3344 1294 quadam
3387 1223 3480 1278 die
3522 1226 3623 1275 hoc
3665 1224 3739 1275 fa-

2149 1338 2295 1382 ceret
2321 1372 2335 1394 ,
2369 1334 2423 1378 tt
2452 1340 2510 1379 se
2539 1323 2823 1379 cecidisset
2852 1336 3018 1390 usque
3050 1320 3115 1375 ad
3147 1320 3462 1388 sanguinem
3485 1355 3499 1379 ,
3544 1315 3745 1370 audivit

2150 1432 2335 1471 vocem
2379 1430 2408 1468 a
2453 1424 2601 1484 parte
2643 1411 2950 1469 Occidentis
2990 1411 3290 1465 dicentem:
3342 1407 3485 1462 Nihil
3532 1406 3746 1476 prodest

2153 1508 2246 1561 tibi
2279 1506 2419 1575 quod
2453 1505 2615 1567 facis,
2646 1505 2747 1557 iste
2777 1500 2918 1556 Deus
2947 1517 3103 1571 quem
3136 1501 3430 1564 inclamas,
3463 1511 3567 1550 non
3599 1495 3745 1549 dabit

2155 1599 2247 1652 tibi
2275 1596 2415 1666 quod
2449 1597 2620 1664 petis;
2652 1595 2744 1649 sed
2774 1605 3087 1648 convertere
3116 1593 3182 1645 ad
3214 1607 3298 1645 me
3318 1631 3333 1655 ,
3366 1600 3421 1643 et
3451 1588 3747 1642 auxiliabor

2159 1689 2273 1742 tibi.
2303 1690 2453 1751 Quod
2484 1687 2577 1740 ille
2603 1686 2827 1740 audiens
2861 1684 3126 1738 intellexit
3153 1696 3338 1735 vocem
3367 1694 3490 1735 esse
3520 1676 3745 1732 inimici.

2084 1754 2125 1811 Β
2163 1779 2231 1833 Et
2276 1793 2396 1832 cum
2444 1785 2654 1830 orasset
2704 1776 2869 1828 Deum
2918 1784 2975 1827 ut
3022 1771 3372 1825 auxiliaretur
3417 1769 3521 1824 sibi
3564 1776 3748 1822 contra

2164 1872 2525 1931 tentationes,
2573 1867 2850 1938 proposuit
2887 1864 3106 1934 aggredi
3152 1863 3639 1933 ieregrinationem
3683 1860 3744 1915 ad

2162 1963 2409 2015 diversos
2439 1968 2688 2018 sanctos,
2721 1968 2778 2010 nt
2808 1958 2877 2010 ita
2914 1957 3091 2009 ﬁniret
3122 1955 3280 2007 vitam
3323 1968 3479 2007 suam
3522 1952 3752 2021 peregri-

2163 2052 2361 2108 nando.
2399 2051 2462 2106 Et
2495 2066 2616 2104 cum
2660 2050 2750 2102 diu
2795 2047 2898 2102 hoc
2937 2047 3258 2115 cogitasset,
3300 2053 3527 2112 accepto
3566 2042 3756 2097 baculo

2164 2142 2544 2215 egressus‘est
2595 2143 2752 2196 nudis
2795 2141 3041 2210 pedibus.
3087 2140 3152 2192 Et
3189 2154 3309 2191 cum
3355 2138 3594 2191 venisset
3633 2144 3755 2189 ante

2170 2236 2453 2306 quamdam
2505 2234 2821 2297 ecclesiam,
2868 2232 3023 2286 flexis
3068 2230 3290 2298 genibus
3335 2230 3549 2296 rogavit
3591 2227 3751 2282 Deum

2164 2340 2223 2384 ut
2253 2329 2406 2383 daret
2435 2329 2481 2381 ei
2516 2328 2714 2381 homtm
2746 2324 3051 2379 consilium.
3101 2324 3195 2377 Vix
3243 2323 3309 2374 ab
3352 2322 3598 2376 oratione
3637 2336 3756 2375 sur-

2168 2433 2417 2487 rexerat,
2452 2429 2507 2476 et
2538 2435 2663 2473 ecce
2693 2418 2862 2474 sensit
2892 2418 3112 2470 fetorem
3142 2430 3399 2485 magnum
3424 2455 3437 2475 ,
3484 2428 3579 2482 per
3618 2411 3755 2482 quod

2168 2513 2436 2567 intellexit
2469 2509 2743 2563 diabolum
2789 2518 3091 2572 astantem,
3122 2506 3211 2570 qui
3242 2506 3288 2560 ei
3322 2506 3641 2574 suggerebat
3678 2519 3757 2557 re-

2169 2607 2408 2675 linquere
2439 2604 2679 2658 habitum
2712 2603 2985 2673 religionis
3017 2612 3071 2657 et
3102 2603 3274 2656 locum
3309 2616 3490 2655 suum.
3540 2601 3603 2653 Et
3643 2614 3759 2669 gra-

2171 2699 2270 2752 tias
2317 2712 2481 2765 agens
2526 2696 2754 2751 Domino
2805 2695 2871 2749 de
2914 2695 3005 2747 tali
3046 2686 3236 2763 signo,
3285 2706 3540 2747 reversus
3576 2698 3657 2746 est
3694 2689 3758 2743 ad

2172 2790 2368 2845 fratres
2398 2805 2544 2843 suos.
2582 2789 2678 2842 Hic
2709 2786 2997 2855 aliquando
3029 2786 3080 2838 in
3113 2785 3248 2839 festo
3288 2783 3468 2838 sancti
3507 2782 3759 2852 Stephani

2170 2880 2468 2935 dormiebat
2496 2879 2560 2933 ad
2591 2879 2900 2932 matutinas.
2931 2875 3142 2930 Etcum
3174 2877 3452 2946 legeretur
3479 2876 3566 2930 illa
3591 2874 3759 2940 lectio,

2180 2975 2268 3028 ubi
2311 2972 2546 3039 legitur:
2594 2971 2660 3024 Et
2702 2968 3075 3038 lapidavernnt
3114 2968 3483 3037 Stephanum,
3514 2980 3766 3038 experge-

2179 3066 2350 3120 factus
2380 3065 2444 3119 ad
2477 3064 2579 3118 hoc
2607 3063 2827 3117 verbum
2852 3104 2866 3125 ,
2903 3062 3249 3130 reprehendit
3276 3077 3333 3113 se
3365 3061 3445 3115 de
3474 3060 3772 3115 somnolen-

486 3142 732 3225 Quartum
752 3174 766 3198 ’
940 3148 1005 3187 ex
1036 3131 1244 3187 severo
1271 3140 1327 3185 et
1355 3131 1612 3186 cassum"
1643 3130 1907 3187 ⁰⁰¹¹Π³¹¹¹⁸
1937 3136 2063 3195 es”
2099 3137 2144 3199 (ἶ
2179 3159 2272 3225 tia,
2301 3158 2523 3212 dicens:
2556 3156 2645 3210 Vae
2670 3156 2797 3209 mihi
2819 3196 2832 3217 ,
2863 3154 2984 3224 quia
3015 3155 3092 3207 sic
3121 3152 3334 3207 dormio
3361 3153 3425 3206 ad
3467 3152 3770 3218 obsequium

485 3222 543 3278 δ’
594 3233 761 3279 totum
807 3224 998 3279 librum
1053 3226 1378 3291 septimum,
1410 3225 1705 3294 interprete
1737 3225 2062 3289 Paschasio;

490 3318 549 3373 4⁸
583 3327 749 3372 totum
783 3317 979 3373 librum
1009 3328 1256 3371 octavum
1279 3356 1294 3383 ,
1327 3332 1420 3372 seu
1454 3316 1674 3371 Palladii
1718 3317 2069 3382 Lausiaeam;

491 3408 549 3461 δ’
595 3418 763 3463 totum
818 3408 1016 3462 librum
1071 3421 1311 3472 nonum,
1367 3422 1462 3461 seu
1516 3406 1844 3461 Theodoreti
1898 3406 2074 3460 Philo-

493 3501 712 3564 theum;
743 3499 799 3555 6⁸
829 3507 996 3553 totum
1030 3480 1224 3553 librum
1254 3498 1524 3552 decimum
1546 3538 1559 3560 ,
1586 3512 1681 3551 seu
1705 3496 1928 3551 Joannis
1961 3497 2074 3551 Μο-

493 3592 609 3646 schi
652 3590 869 3645 Pratum
908 3590 1223 3659 spirituale;
1257 3589 1315 3642 7°
1343 3605 1408 3643 ex
1449 3589 1744 3657 appendice
1788 3588 2079 3642 Heraclidis

497 3681 807 3737 Paradisum
830 3721 845 3745 ,
890 3689 944 3735 et
989 3678 1364 3750 (Egyptiorum
1406 3680 1618 3735 Patrum
1642 3681 1968 3745 sententias,
1999 3679 2080 3734 in-

500 3783 732 3844 terprete.
766 3772 991 3825 lllartino
1020 3770 1319 3826 Dumiensi.

589 3888 617 3957 ᾗ
662 3887 749 3941 lV.
791 3886 1124 3954 Comparatio
1162 3887 1402 3939 secundi:
1438 3894 1486 3938 et
1525 3887 1690 3939 tertiae
1728 3886 1982 3938 editionis.

568 3997 810 4052 Secunda
839 3997 1002 4052 editio
1029 3997 1078 4050 in
1113 3995 1218 4051 ﬁne
1249 3997 1407 4051 habet
1427 3997 1741 4063 opusculum
1773 3995 1844 4050 De
1864 3996 2015 4049 laude
2037 4004 2085 4050 et

498 4088 680 4153 (ﬂectit
715 4088 995 4151 virtutum,
1028 4086 1169 4157 quod
1198 4085 1351 4141 deest
1384 4088 1553 4141 tertia:
1584 4086 1827 4140 editioni.

572 4180 748 4233 'l'ertia
776 4178 941 4232 editio
971 4179 1085 4232 hare
1115 4178 1452 4247 particularia
1480 4177 1744 4242 continet,
1774 4192 1891 4246 qua:
1917 4177 1967 4232 in
1998 4190 2086 4233 se-

499 4269 676 4323 cunda
704 4269 1119 4333 desiderantur;
1165 4269 1371 4337 primo,
1409 4267 1579 4321 Vitam
1625 4269 1848 4336 Epicteti
1888 4276 1944 4321 et
1988 4269 2087 4323 As-

502 4358 662 4414 tionis
686 4398 699 4421 ,
734 4368 784 4411 et
816 4357 990 4411 Vitam
1024 4358 1270 4412 llarlaam
1312 4367 1365 4412 et
1406 4355 1698 4425 Josapbat,
1728 4368 1779 4409 et
1811 4355 1957 4411 Vitas
1988 4354 2087 4409 Fa-

502 4452 658 4505 biolae
688 4458 741 4503 ct
772 4447 1050 4502 Marcellis.
1088 4447 1215 4501 Item
1246 4448 1500 4515 epistolas
1525 4446 1696 4500 sancti
1744 4447 1957 4499 Antonii
1984 4488 1999 4512 ,
2030 4457 2084 4503 et

501 4543 783 4611 epistulam
817 4540 1065 4606 Macaﬂi,
1094 4549 1147 4594 et
1177 4538 1486 4593 Miraculum
1523 4536 1733 4606 aliquod
1765 4539 1936 4592 sancti
1965 4540 2079 4592 An-

502 4636 635 4690 tonii
663 4650 693 4691 e
719 4634 1038 4689 Germanico
1083 4632 1136 4686 in
1179 4631 1423 4687 Latinum
1479 4629 1832 4695 translatum,
1875 4645 2082 4686 necnon

505 4724 583 4779 De
613 4726 821 4779 muliere
854 4721 1162 4778 Vercellensi
1191 4723 1376 4790 septies
1405 4724 1535 4786 icta,
1563 4730 1781 4776 auctore
1809 4721 1932 4776 divo
1960 4721 2083 4776 Ilie-

505 4832 763 4887 ronytno;
795 4814 1067 4879 secundo,
1098 4822 1266 4868 totum
1307 4814 1521 4868 tertium
1566 4811 1759 4866 librum
1783 4853 1798 4877 ,
1841 4828 1962 4882 qua:
2002 4822 2089 4867 est

506 4908 760 4962 Lausiaca
793 4905 1015 4961 Palladii
1055 4920 1124 4960 ex
1164 4904 1329 4959 veteri
1369 4904 1850 4971 interpretatione;
1896 4903 2086 4970 tertio,

512 5008 716 5068 partem
747 4997 866 5053 libri
896 4997 1097 5068 quinti,
1129 5010 1248 5051 eam
1278 4994 1563 5059 videlicet,
1593 4995 1646 5048 in
1676 5007 1780 5063 qua
1809 4993 2087 5048 continen-

510 5104 595 5148 tur
625 5090 902 5148 breviores
929 5089 1233 5147 sententiae.

601 5182 630 5253 θ
666 5180 735 5236 V.
774 5178 1105 5252 Comparatio
1140 5179 1380 5235 secundae
1416 5186 1466 5233 et
1502 5191 1701 5248 quarta
1736 5176 1995 5231 editionis.

580 5272 825 5329 Secunda
852 5271 1019 5326 editio
1048 5269 1179 5325 nihil
1208 5270 1477 5340 singulare
1504 5268 1699 5334 habet,
1729 5267 1870 5336 quod
1901 5281 2005 5323 non
2036 5266 2090 5320 in

509 5373 698 5435 quarta
727 5362 1050 5432 reperiatur.
1082 5362 1251 5416 Omisi
1280 5369 1485 5414 tantum
1519 5376 1583 5416 ex
1618 5359 1786 5426 prima
1819 5367 1971 5429 parte
2006 5355 2092 5411 Vi-

514 5466 622 5510 tam
653 5454 823 5508 saueti
863 5452 1155 5507 Christiani
1194 5451 1648 5513 Cenomanensis,
1690 5466 1809 5521 quae
1854 5449 1983 5505 nihil
2024 5447 2092 5503 ad

518 5546 677 5601 Vitas
700 5546 917 5598 Patrum
952 5540 1328 5613 Egyptiorum
1368 5550 1423 5596 et
1460 5541 1807 5597 Orientalium
1850 5541 2011 5606 facit,
2041 5549 2095 5594 et

517 5639 700 5695 nescio
730 5639 1002 5707 quomodo
1028 5637 1168 5692 inter
1198 5635 1294 5692 bas
1328 5634 1471 5689 Vitas
1518 5634 1809 5704 irrep;erit.
1859 5633 1932 5689 Ne
1976 5634 2093 5706 quis

519 5740 695 5787 tamen
726 5746 845 5786 eam
874 5728 1178 5796 desideret,
1211 5727 1457 5784 eccistam
1483 5743 1497 5780 :

2182 3249 2299 3304 Dei.
2335 3251 2437 3303 Iste
2470 3263 2544 3300 sai
2569 3257 2684 3301 ctus
2713 3261 2818 3298 non
2845 3243 3144 3299 dormiebat
3168 3241 3381 3312 quando
3413 3241 3770 3312 lapidabatur,

2180 3351 2233 3397 et
2262 3356 2358 3410 pro
2387 3337 2820 3410 persecutoribus
2845 3337 3057 3402 orabat;
3088 3345 3141 3389 et
3163 3350 3261 3404 ego
3286 3335 3463 3389 miser-
3484 3335 3764 3390 debueram

2179 3446 2369 3500 rogare
2423 3432 2581 3484 istum
2630 3439 2873 3507 sanctum
2920 3438 3206 3498 martyrem
3254 3435 3310 3480 ut
3354 3435 3485 3480 oret
3531 3442 3625 3494 pro
3669 3438 3771 3479 me.

2183 3524 2246 3578 Et
2285 3529 2408 3591 post
2448 3522 2548 3574 hoc
2590 3520 2755 3589 ccepit
2794 3519 3150 3572 intenYiSsime
3192 3518 3450 3587 vigilare,
3492 3526 3545 3572 et
3586 3532 3766 3588 rogare

2185 3629 2431 3674 sanctum
2481 3618 2811 3688 Stephanum
2864 3629 2920 3670 ut
2956 3624 3131 3670 oraret
3173 3630 3270 3679 pro
3309 3630 3389 3669 se.
3436 3613 3499 3669 In
3540 3613 3767 3668 crastino

2191 3728 2313 3765 cum
2347 3721 2498 3765 esset.
2518 3712 2569 3763 in
2602 3708 2886 3763 refectorio
2910 3749 2922 3769 ,
2952 3715 3236 3775 antequam
3266 3704 3472 3774 aliquid
3510 3713 3771 3774 gustaret,

2186 3804 2333 3856 venit
2363 3818 2465 3857 vox
2499 3801 2563 3855 ad
2593 3815 2746 3865 eum,
2779 3799 2965 3852 dicens
2993 3813 3007 3851 :
3038 3796 3117 3851 Tu
3151 3795 3381 3851 intendis
3423 3796 3496 3849 ad
3541 3805 3773 3850 terrenas

2194 3908 2380 3960 escas,
2410 3902 2459 3947 et
2493 3908 2595 3945 non
2628 3891 2833 3959 cogitas
2866 3890 2932 3942 de
2972 3887 3205 3956 glorioso
3248 3896 3649 3958 protomartyre
3686 3884 3773 3954 qui

2188 3995 2309 4039 orat
2342 3999 2440 4051 pro
2469 3993 2539 4036 te.
2571 3982 2720 4035 Tunc
2752 3980 2919 4048 aperti
2962 3987 3086 4033 sunt
3126 3979 3264 4031 oculi
3308 3977 3464 4045 ejus,
3510 3987 3565 4032 et
3604 3976 3776 4031 levans

2191 4074 2379 4131 oculos
2415 4075 2467 4126 in
2496 4072 2725 4136 ctelnm,
2764 4072 2892 4123 vidit
2924 4078 3212 4141 martyrem
3256 4077 3507 4122 orantem
3552 4082 3647 4137 pro
3684 4080 3775 4133 se,

2188 4168 2326 4223 sicut
2354 4182 2453 4219 vox
2484 4166 2531 4219 ei
2561 4165 2786 4218 dixerat.
2819 4162 2971 4229 Quod
3001 4177 3119 4216 cum
3149 4161 3410 4227 dixisset,
3447 4162 3629 4215 statim
3658 4174 3777 4214 sur-

2191 4264 2327 4319 rexit
2371 4271 2425 4317 et
2474 4260 2628 4333 petiit
2677 4261 2852 4316 locmn
2904 4269 3170 4314 secretum
3220 4259 3271 4312 in
3315 4270 3423 4321 quo
3469 4266 3682 4317 oraret,
3725 4262 3778 4309 et

2198 4357 2371 4410 dixit:
2415 4355 2611 4408 Sancte
2654 4352 2955 4421 Stephane,
3000 4365 3133 4419 quas
3172 4350 3263 4404 tibi
3295 4350 3503 4419 gratias
3532 4362 3681 4417 agam
3712 4346 3779 4401 de

2201 4458 2350 4501 tanto
2382 4444 2643 4500 beneficio
2675 4441 2808 4497 tuo?
2839 4441 2979 4497 Nihil
3015 4442 3184 4495 habeo
3213 4441 3483 4508 proprium
3516 4437 3656 4508 quod
3686 4436 3776 4490 tibi

2193 4539 2351 4602 dem;
2385 4536 2478 4591 sed
2514 4545 2689 4589 tamen
2728 4534 2829 4588 hoc
2860 4532 2928 4587 do
2960 4532 3051 4586 tibi
3082 4530 3221 4600 quod
3253 4533 3445 4583 amodo
3475 4544 3572 4599 pro
3598 4540 3778 4580 amore

2194 4630 2270 4683 tui
2315 4643 2422 4682 non
2463 4627 2653 4681 induar
2696 4625 2887 4690 lineis,
2931 4624 3026 4680 sed
3071 4625 3238 4678 laneis
3278 4634 3523 4687 tantum,
3558 4617 3698 4688 quod
3725 4625 3780 4672 et

2194 4717 2340 4772 fecit.
2376 4716 2471 4770 llic
2504 4731 2624 4771 cum
2668 4725 2856 4783 postea
2902 4720 3151 4768 moneret
3189 4725 3415 4767 cancros
3456 4721 3514 4765 ut
3550 4713 3603 4765 in
3643 4711 3780 4763 bono

2197 4808 2476 4878 proposito
2534 4794 2929 4877 persisterent,
2980 4805 3274 4867 narrabat,
3332 4801 3567 4856 dicens:
3624 4798 3779 4855 Eram

2198 4898 2486 4969 aliquando
2516 4898 2569 4952 in
2601 4896 2878 4952 Castineto
2903 4896 3089 4963 jacens
3134 4894 3187 4947 in
3227 4894 3367 4947 lecto
3414 4894 3574 4962 pleno
3618 4889 3779 4961 paleis

2197 4992 2248 5044 in
2279 4988 2477 5043 solario
2503 4988 2768 5053 quodam,
2814 4999 2864 5042 et
2912 5002 3032 5041 eum
3067 4985 3259 5039 vellem
3297 4998 3619 5051 repausare,
3660 4996 3781 5037 sen-

2197 5081 2392 5133 tiebam
2435 5079 2615 5133 nescio
2655 5076 2780 5147 quid
2828 5078 2969 5145 quod
3016 5088 3077 5130 se
3121 5079 3366 5130 movebat
3407 5074 3511 5129 sub
3554 5072 3780 5128 retibus

2197 5172 2349 5226 meis.
2383 5170 2500 5223 Dixi
2531 5184 2739 5238 quoque
2770 5169 2871 5223 hoc
2905 5170 3162 5239 magistro
3195 5183 3343 5230 meo,
3375 5165 3469 5222 sed
3503 5165 3589 5221 illa
3619 5164 3783 5218 motio

2199 5278 2303 5317 non
2355 5262 2577 5331 quievit.
2635 5260 2875 5326 Quadam
2926 5270 3104 5314 autem
3154 5259 3243 5312 die
3291 5259 3588 5326 inSpirante
3647 5252 3779 5308 mihi

2201 5354 2429 5410 Domino
2452 5395 2466 5419 ,
2498 5354 2636 5422 carpi
2666 5364 2909 5408 evertere
2938 5354 3141 5421 paleam
3175 5351 3294 5406 lecti
3329 5351 3461 5415 mei,
3506 5359 3562 5404 et
3598 5357 3783 5400 eversa

2203 5448 2351 5516 palea
2381 5461 2502 5499 cum
2534 5445 2605 5500 nil
2638 5443 2928 5500 invenirem
2950 5483 2967 5508 ,
2999 5446 3167 5498 levavi
3198 5457 3361 5496 unum
3402 5442 3472 5496 de
3511 5435 3783 5494 asseribus

2199 5539 2381 5594 si-Iarii
2404 5582 2420 5605 ,
2452 5539 2554 5593 sub
2583 5554 2691 5608 quo
2721 5537 2897 5592 inveni
2932 5551 3093 5590 unum
3124 5535 3371 5607 pedalem
3392 5574 3409 5601 ,
3435 5543 3490 5590 et
3519 5536 3571 5586 in
3596 5528 3786 5584 eodem

2203 5644 2448 5699 magnam
2494 5642 2729 5684 massam
2770 5625 3128 5682 denariorum.
3178 5625 3327 5692 Quos
3373 5639 3495 5680 cum
3547 5616 3786 5677 invenis-

2203 5736 2349 5788 sem,
2382 5720 2586 5777 relictis
2615 5720 2720 5778 illis
2748 5719 2959 5777 cucurri
2988 5718 3053 5774 ad
3083 5718 3395 5790 magistrum
3427 5722 3667 5773 nostrum
3685 5747 3707 5777 ο
3732 5714 3785 5761 ot
