4002 6264
272 371 330 427 77
1542 376 2098 441 PIIOLEGOMENON
2145 382 2325 442 xxiii.
3478 384 3546 438 78

270 489 546 544 confessus
577 507 700 547 sum
733 494 859 564 quid
907 494 1253 551 invenissem.
1300 495 1391 550 Ille
1429 495 1586 564 jussit
1628 495 1759 550 mihi
1805 506 1861 551 ut
1888 503 1936 559 Α
1967 497 2040 552 ιίο
2062 514 2151 553 sex
2176 499 2344 553 libris.
2373 498 2515 554 Libri
2542 499 2695 567 plane
2723 498 2943 553 miscelli
2968 505 3111 563 sunt,
3141 494 3352 551 insertis
3377 498 3539 552 etiam

273 578 527 635 referrem
581 581 704 638 illos
753 585 818 638 ad
845 599 922 640 se.
974 584 1127 652 Quod
1178 600 1297 640 cum
1341 585 1586 641 fecissem
1613 628 1627 650 ,
1676 601 1863 642 omnes

276 672 469 727 fratres
513 674 677 742 jussit
715 677 1032 745 congregari
1065 696 1079 743 ;
1124 678 1215 746 qui
1257 692 1445 733 omnes
1486 679 1861 733 excommuni-

270 775 526 817 caverunt
568 766 724 819 illum
768 768 858 835 qui
893 767 995 821 hoc
1025 768 1246 822 fecerat.
1287 768 1439 836 Quod
1470 784 1593 823 cum
1624 769 1864 823 audisset

270 856 647 923 carpentarius
686 858 935 926 quidam,
986 860 1117 913 dixit
1147 857 1367 933 [Lxxtn]
1398 875 1459 915 se
1500 861 1601 916 hoc
1631 860 1859 926 fecisse;

270 959 321 1002 et
364 948 554 1015 petivit
596 950 847 1015 veniam,
896 951 1170 1006 humiliter
1209 952 1599 1007 correctionem
1642 954 1863 1021 promit-

272 1049 407 1093 tens.
470 1039 728 1108 Magister
782 1050 958 1094 autem
1017 1041 1238 1095 indulsit
1286 1041 1374 1109 ei,
1427 1052 1481 1096 et
1532 1042 1763 1110 injuuxit
1810 1042 1862 1098 ei

274 1133 670 1201 paenitentiam.
719 1134 825 1188 Sed
854 1135 1107 1189 denarios
1136 1134 1276 1189 male
1306 1136 1596 1205 acquisitos
1625 1136 1862 1191 retinere

272 1223 472 1287 noluit,
522 1223 634 1277 imo
678 1224 860 1279 divisit
905 1238 1001 1280 eos
1040 1225 1363 1295 pauperibus
1406 1234 1463 1280 et
1499 1226 1801 1296 egentibus.
1836 1245 1855 1278 ι

271 1322 398 1386 Quae
429 1319 718 1387 desumpta
752 1330 876 1374 sunt
907 1336 971 1375 ex
1003 1320 1238 1389 Speculo
1266 1319 1537 1375 Historiali
1567 1321 1859 1387 Vincentii,

269 1412 363 1465 lib.
396 1425 537 1464 xxix
561 1448 577 1474 ,
605 1426 727 1480 cap.
759 1413 844 1479 11,
873 1412 962 1481 qui
992 1427 1052 1466 ea
1083 1414 1210 1465 citat
1236 1426 1302 1465 ex
1332 1411 1651 1466 Iielinando.
1681 1412 1856 1477 Idem,

266 1516 385 1570 cap.
416 1500 489 1554 12
510 1542 525 1568 ,
559 1502 723 1556 tradit
756 1501 1026 1570 quomodo
1067 1501 1402 1556 Christianus
1442 1504 1546 1556 iste
1588 1512 1683 1555 tra.
1708 1502 1862 1555 sierit

269 1594 334 1647 ad
377 1593 629 1648 ordinem
680 1593 1107 1649 Cistertiensem.
1154 1594 1298 1649 Vixit
1344 1603 1523 1649 autem
1563 1595 1706 1649 circa
1755 1610 1857 1649 an-

270 1699 390 1736 num
423 1682 585 1737 H60.

333 1775 590 1828 Continet
614 1782 874 1841 praeterea
906 1775 1137 1830 secunda
1160 1776 1323 1831 editio
1342 1777 1396 1830 in
1420 1777 1567 1831 calce
1597 1777 1716 1831 libri
1741 1776 1855 1846 epi-

1966 588 2280 657 quibusdam
2312 588 2464 652 Vitis,
2494 604 2611 659 qua:
2656 589 2709 643 in
2754 587 2897 643 nulla
2928 585 3159 642 editione
3189 585 3375 640 Latina
3402 584 3547 639 Vita-

1968 695 2082 733 rum
2109 679 2321 733 Patrum
2352 688 2687 750 comparent.
2721 679 2929 734 Primus
2954 678 3088 733 iiber
3108 685 3378 731 auctorem
3407 690 3547 744 prte-

1968 772 2069 827 fert
2088 782 2329 827 sanctum
2354 772 2754 841 Hieronymum.
2780 770 2882 827 Sed
2907 769 3157 839 pleraque
3178 778 3303 822 sunt
3322 766 3544 820 aliorum

1963 871 2259 928 auctorum,
2285 865 2511 917 maxime
2544 860 2765 928 Bullini,
2791 877 2855 915 ex
2886 860 3125 916 secundo
3154 858 3239 913 hic
3270 858 3425 912 libro.
3450 856 3550 914 Sc-

1963 953 2168 1007 cundus
2193 952 2329 1007 iiber
2356 953 2603 1006 Eradium
2633 950 2953 1006 monachum
2976 947 3235 1019 agnoscit.
3268 946 3362 1000 Est
3389 945 3545 1000 Para-

1964 1046 2113 1101 disus
2146 1045 2464 1109 Heraclidis,
2492 1045 2643 1113 cujus
2674 1058 2866 1098 nomen
2898 1044 2948 1096 in
2993 1041 3244 1095 Eradium
3281 1037 3546 1107 deprava-

1965 1145 2075 1191 tum
2125 1136 2288 1191 fuisse
2332 1136 2603 1190 existimo.
2635 1136 2845 1189 Tertius
2888 1134 3019 1186 liber
3065 1131 3314 1186 tribuitur
3355 1129 3546 1184 Joanni

1962 1227 2228 1281 monacho
2274 1227 2751 1298 Jerosolymitauo.
2811 1227 3040 1292 Quartus
3086 1222 3220 1276 liber
3268 1219 3549 1274 ascribitur

1963 1320 2186 1374 Leontio
2212 1318 2509 1388 Neapoleos
2536 1318 2694 1390 Cypri
2726 1317 3001 1387 episcopo.
3052 1316 3143 1368 Est
3171 1313 3286 1368 Vita
3327 1310 3549 1366 Joannis

1962 1409 2408 1480 Eleemosynarii,
2441 1412 2507 1464 ab
2536 1427 2600 1465 eo
2628 1412 2951 1478 conscripta,
2976 1407 3063 1462 cui
3087 1407 3206 1461 alia:
3228 1404 3425 1474 aliquot
3451 1404 3548 1456 ad-

1960 1502 2179 1556 duntur.
2205 1502 2433 1568 Quintus
2477 1501 2610 1556 liber
2640 1503 2944 1554 inscribitur
3002 1498 3322 1567 Tiie0pltilo,
3357 1495 3545 1559 Sergio

1958 1601 2013 1646 et
2038 1590 2289 1646 Elchino.
2321 1593 2419 1646 Est
2444 1592 2563 1645 Vita
2595 1590 2805 1645 Macarii
2836 1590 3060 1643 Romani
3101 1589 3167 1643 iis
3214 1586 3540 1649 auctoribus,

1957 1684 2044 1738 cui
2073 1694 2125 1737 et
2156 1684 2259 1737 alia
2298 1684 2543 1753 quaedam
2575 1684 2979 1737 subnectuntur.
3028 1681 3226 1735 Sextus
3266 1680 3399 1734 liber
3443 1693 3543 1731 au-

1955 1785 2160 1830 ctorem
2188 1776 2348 1831 habet
2389 1775 2650 1829 Joannem
2685 1774 2976 1828 Eviratum.
3012 1773 3102 1826 Est
3133 1772 3346 1825 Pratum
3374 1768 3542 1837 spiri-

266 1863 453 1917 stoiam
487 1862 723 1927 Macarii,
752 1872 807 1917 et
835 1866 1149 1933 opusculum
1187 1864 1264 1918 De
1292 1867 1449 1919 laude
1477 1876 1522 1919 et
1547 1866 1728 1932 e/fectu
1752 1868 1847 1920 rir-
1885 1881 1930 1941 Β
1959 1868 2098 1923 tuale
2123 1866 2343 1922 Joannis
2370 1866 2595 1921 Moschi.

264 1966 447 2009 tutum.
475 1954 606 2020 Quae
636 1957 757 2024 quia
787 1956 1046 2012 didactica
1075 1968 1219 2019 sunt,
1250 1974 1348 2014 nec
1377 1960 1591 2029 proprie
1612 1961 1677 2015 ad
1703 1960 1851 2015 Vitas

266 2048 342 2100 vel
375 2047 539 2101 verba
568 2049 841 2102 seniorum
871 2058 1129 2117 spectant,
1175 2051 1369 2105 rectius
1395 2061 1734 2105 reservantur
1772 2052 1849 2106 al-

266 2138 361 2191 teri
390 2137 745 2191 asceticorum
770 2148 935 2205 tomo,
960 2140 1053 2209 qui
1082 2142 1259 2195 omnia
1291 2142 1506 2196 Patrum
1533 2143 1758 2197 ascetica
1796 2152 1850 2199 et

260 2227 523 2282 didactica
549 2231 748 2297 scripta
770 2230 1211 2298 comprehendat.
1269 2246 1290 2264 ·

329 2320 529 2385 Quarta
557 2324 725 2377 editio
754 2323 867 2379 hanc
893 2326 1144 2380 distincta
1175 2341 1206 2379 a
1233 2327 1467 2381 secunda
1499 2326 1659 2383 habet
1688 2345 1704 2383 :
1736 2329 1851 2383 Pri-

259 2430 367 2479 mo,
402 2417 453 2467 in
482 2415 658 2481 primo
688 2417 847 2481 libro,
877 2418 1045 2472 Vitam
1069 2419 1239 2473 sancti
1272 2420 1517 2487 Ephrcem
1540 2421 1845 2476 distinctam

264 2503 330 2555 ab
351 2504 608 2557 hactenus
632 2505 877 2575 vulgata;
901 2518 957 2561 et
981 2507 1155 2561 Vitam
1183 2509 1408 2578 Epicteti
1432 2522 1486 2565 et
1507 2513 1762 2575 Astionis,
1793 2522 1847 2566 et

267 2595 431 2649 Vitam
466 2597 711 2652 Barlaam
738 2609 792 2653 et
815 2599 1103 2669 Josaphat;
1143 2603 1403 2668 secundo,
1448 2612 1613 2659 totum
1653 2606 1843 2661 librum

260 2702 526 2760 octavum,
578 2709 673 2749 seu
721 2694 959 2755 Palladii.
982 2698 1329 2763 Lausiacam;
1365 2701 1542 2767 tertio,
1578 2708 1744 2755 totum
1778 2699 1844 2753 li-

264 2784 410 2838 brum
436 2801 663 2853 nonum,
709 2802 803 2841 seu
844 2788 1168 2844 Theodoreti
1206 2790 1578 2856 Philotheum;
1628 2800 1839 2860 quarto,

258 2883 423 2928 totum
446 2877 642 2931 librum
667 2878 955 2946 decimum,
980 2895 1075 2935 seu
1096 2882 1249 2935 Joan.
1279 2881 1475 2936 Moschi
1500 2882 1713 2937 Pratum
1736 2882 1845 2952 spi-

260 2966 443 3019 rituaie
470 2982 485 3031 ;
531 2969 743 3034 quinto,
770 2978 932 3025 totam
960 2969 1336 3040 appendicem.

381 3056 409 3126 §
452 3057 541 3111 Vl.
583 3057 909 3129 Comparatio
947 3064 1107 3117 tertia:
1143 3072 1191 3116 et
1228 3073 1423 3133 quartae
1458 3063 1715 3117 editionis.

322 3146 507 3203 Tertia
536 3148 701 3205 editio
730 3151 859 3206 nihil
881 3153 1153 3222 peculiare
1179 3154 1446 3209 diversum
1476 3169 1506 3208 a
1536 3163 1719 3224 quarta
1749 3154 1843 3207 ha-

2034 1960 2242 2014 Rursus
2262 1959 2440 2013 ltalica
2464 1958 2577 2013 haec
2598 1957 2761 2012 editio
2790 1958 2978 2012 iterata
3003 1954 3100 2009 fuit
3120 1955 3389 2023 in-quarto
3414 1967 3536 2008 cum

1953 2050 2155 2119 figuris,
2186 2064 2324 2104 novo
2343 2052 2634 2118 interprete
2664 2047 2867 2101 Joanne
2896 2047 3059 2100 Mario
3083 2044 3387 2098 Verdizotto
3434 2042 3537 2097 Ve-

1951 2141 2131 2205 netiis,
2163 2156 2228 2196 ex
2259 2139 2604 2212 typographia
2632 2140 2699 2194 de
2728 2139 2990 2203 iGuerra,
3022 2137 3176 2191 1589.

2021 2232 2219 2288 Gallica
2238 2232 2400 2287 editio
2420 2232 2650 2298 in~folio,
2664 2248 2783 2286 cum
2803 2231 3005 2300 figuris,
3028 2231 3317 2298 interprete
3331 2244 3533 2302 anony-

1950 2338 2058 2387 mo,
2076 2323 2311 2386 Parisiis,
2330 2338 2469 2376 anno
2490 2322 2644 2387 1494,
2664 2323 2798 2390 apud
2815 2323 3068 2376 Joannem
3090 2322 3155 2374 du
3174 2321 3532 2388 Pré.Expres-

1948 2430 2007 2469 sa
2029 2424 2109 2469 est
2126 2431 2187 2467 cx
2211 2415 2689 2469 secundaeditiune
2708 2413 2910 2467 Latisa.
2936 2413 3113 2479 Quare
3139 2412 3393 2481 quidquid
3419 2412 3529 2465 dixi

1949 2508 2325 2575 prolegomene
2351 2506 2414 2561 19
2442 2511 2719 2561 continere
2761 2506 3047 2561 secundam
3071 2506 3358 2560 editionem
3384 2505 3532 2560 Lati-

1948 2611 2095 2661 nam,
2127 2598 2291 2652 etiam
2323 2598 2437 2651 haec
2471 2596 2673 2651 Gallica
2705 2598 2961 2650 continet.
2996 2596 3145 2651 Unde
3174 2597 3325 2652 facile
3352 2607 3434 2652 est
3463 2613 3529 2651 ex

1946 2690 2329 2761 prolegomeno
2358 2690 2449 2755 ‘22,
2482 2690 2569 2743 ubi
2615 2689 2834 2743 Latinas
2874 2689 3141 2744 editiones
3189 2690 3327 2743 inter
3372 2704 3431 2744 se
3475 2698 3531 2743 et

1947 2800 2067 2839 cum
2098 2787 2198 2839 hac
2218 2792 2403 2854 quarta
2429 2783 2756 2853 comparavi,
2780 2782 3047 2851 di5picere
3071 2782 3162 2852 qui
3193 2781 3307 2837 haec
3331 2781 3478 2838 Galli.
3498 2799 3529 2835 a

1945 2890 2066 2928 cum
2099 2883 2277 2928 nostra
2304 2882 2490 2943 quarta
2512 2872 2698 2926 Latina
2725 2873 3032 2926 conveniat.

2013 2965 2130 3019 Alia
2161 2964 2326 3020 editio
2348 2963 2551 3019 Gallica
2582 2964 2635 3017 in
2661 2978 2824 3033 parvo
2846 2961 2976 3019 folio
3000 2978 3096 3017 seu
3120 2978 3314 3032 magno
3336 2972 3527 3031 quarto

1948 3073 2070 3113 cum
2100 3056 2305 3127 ﬁguris,
2337 3056 2574 3119 Parisiis,
2615 3058 2733 3111 sine
2770 3056 2969 3111 indicio
3009 3055 3135 3110 anni
3165 3058 3248 3111 vel
3278 3066 3526 3128 typogra-

1944 3150 2058 3219 phi.
2083 3150 2247 3205 Plane
2274 3164 2395 3205 cum
2426 3148 2762 3219 praecedente
2778 3147 3050 3217 convenit,
3080 3157 3132 3203 ct
3160 3146 3272 3203 fors
3292 3163 3355 3203 ea
3378 3148 3524 3218 prior

254 3237 342 3291 iuet
367 3248 567 3307 przeter
582 3239 753 3295 Vitam
775 3243 1061 3298 Christiani
1083 3245 1523 3309 Cenomanensis,
1547 3261 1707 3315 quam
1724 3246 1834 3315 jam
1863 3246 1909 3308 C
1941 3250 2043 3299 est.

255 3329 358 3382 dixi
389 3330 520 3384 nihil
552 3330 655 3386 huc
684 3332 892 3401 facere;
923 3344 977 3389 et
1010 3335 1083 3389 De
1111 3337 1322 3391 muliere
1348 3338 1530 3408 septies
1568 3340 1690 3404 icta,
1740 3353 1837 3391 au—

254 3428 402 3477 ctore
428 3421 553 3475 divo
586 3422 935 3494 Hieronymo,
968 3441 1084 3492 qua:
1113 3427 1272 3479 etiam
1309 3426 1412 3481 huc
1445 3443 1550 3482 non
1592 3435 1834 3498 spectat;

254 3520 304 3563 et
327 3511 624 3567 sententias
652 3514 949 3580 breviores,
982 3532 1115 3586 quas
1143 3518 1304 3572 etiam
1340 3520 1448 3574 dixi
1502 3522 1729 3590 sparsim
1780 3524 1836 3578 in

255 3600 370 3656 aliis
394 3615 600 3672 quarta:
635 3604 884 3659 editionis
927 3606 1074 3661 libris
1118 3622 1433 3675 occurrere;
1481 3622 1537 3666 et
1581 3612 1837 3681 epistolas

252 3695 416 3748 sancti
438 3697 681 3762 Antonii,
710 3708 766 3751 et
787 3698 1065 3766 epistolam
1092 3701 1322 3766 Macarii,
1350 3718 1468 3772 qua:
1495 3716 1838 3761 reservantur

251 3786 401 3842 alteri
438 3792 699 3844 Asceseos
725 3789 1006 3846 didacticze
1041 3802 1203 3847 tomo.
1235 3794 1407 3850 Habet
1442 3807 1700 3864 praeterea
1730 3800 1837 3852 mi-

254 3881 487 3934 raculum
518 3880 733 3948 aliquod
767 3882 939 3938 sancti
972 3884 1187 3938 Antonii
1210 3901 1273 3939 ex
1306 3884 1623 3942 Germanico
1655 3889 1705 3941 in
1734 3889 1837 3943 La-

252 3971 422 4024 tinum
453 3974 796 4040 translatum,
828 3973 970 4042 quod
1001 3979 1181 4030 nescio
1226 3978 1367 4030 unde
1412 3989 1714 4047 promptum
1744 3979 1833 4049 sit,

252 4079 347 4117 nec
372 4080 474 4132 qua
506 4064 630 4118 fide.

317 4155 517 4223 Quarta
549 4156 715 4211 editio
744 4155 860 4213 haec
888 4156 1143 4213 distincta
1171 4172 1200 4211 a
1228 4158 1381 4214 tertia
1410 4158 1608 4215 habet:
1638 4161 1835 4227 Primo,

252 4248 304 4299 in
329 4249 504 4314 primo
535 4248 671 4301 libro
696 4248 867 4302 Vitam
897 4251 1065 4303 sancti
1099 4250 1370 4318 Ephraam,
1426 4253 1740 4307 distinctam
1769 4254 1834 4308 ab

252 4353 312 4392 ea
342 4355 464 4408 qua:
498 4340 759 4394 hactenus
787 4341 841 4395 in
877 4342 996 4396 aliis
1040 4342 1362 4398 editionibus
1404 4343 1535 4411 fuit;
1576 4346 1833 4409 secundo,

258 4440 423 4485 totum
454 4432 648 4486 librum
675 4440 946 4497 octavum,
975 4447 1071 4489 seu
1114 4434 1334 4489 Palladii
1366 4435 1698 4503 Lausiacam,
1745 4454 1840 4493 au-

254 4523 471 4578 ctiorem
495 4539 656 4592 quam
677 4524 868 4579 habeat
888 4527 1043 4581 tertia
1068 4528 1253 4596 editio,
1283 4543 1347 4583 ex
1368 4529 1570 4585 recenti
1590 4530 1839 4586 versione

2013 3333 2129 3387 Alia
2159 3332 2323 3388 editio
2352 3331 2551 3387 Gallica
2592 3331 2887 3401 in-quarto,
2937 3346 3060 3388 cum
3101 3325 3300 3403 figuris,
3357 3332 3526 3387 luter-

1942 3435 2093 3497 prete
2114 3429 2414 3482 recentiore
2434 3443 2726 3498 anonymo,
2753 3425 2990 3493 Parisiis,
3014 3427 3153 3495 apud
3181 3426 3523 3480 Guilielmum

1942 3517 2251 3582 Chaudiére,
2278 3532 2418 3572 anno
2454 3516 2612 3570 I635.
2650 3518 2921 3586 Expressa
2977 3525 3061 3570 cst
3096 3515 3209 3570 haec
3254 3530 3318 3569 ex
3373 3518 3525 3571 tertia

1942 3608 2175 3663 editione
2208 3609 2413 3672 Latina,
2444 3608 2789 3678 coiitinetque
2821 3616 3025 3661 tantum
3068 3614 3295 3676 quatuor
3342 3606 3524 3673 libros,

1941 3700 2143 3755 omisso
2166 3708 2277 3755 toto
2306 3699 2494 3770 quinto
2521 3699 2677 3764 libro,
2710 3710 2765 3754 et
2790 3700 3096 3763 Paschasio,
3119 3700 3208 3769 qui
3232 3712 3348 3771 post
3368 3717 3526 3771 quar-

1943 3800 2053 3846 tum
2081 3791 2295 3848 additur
2320 3792 2372 3846 in
2403 3792 2594 3847 Latino
2621 3802 2787 3847 textu.

2011 3884 2127 3940 Alia
2159 3886 2355 3941 Gallica
2385 3886 2550 3941 editio
2574 3887 2625 3939 in
2654 3896 2863 3954 octavo,
2916 3885 3207 3956 interprete
3236 3887 3303 3943 II.
3325 3884 3525 3944 Jacobo

1942 3976 2196 4043 Gaultier,
2228 3977 2468 4045 Parisiis,
2497 3978 2637 4048 apud
2662 3979 3007 4034 Guilielmum
3041 3981 3102 4034 de
3139 3980 3191 4033 la
3221 3978 3394 4047 None,
3425 3994 3524 4034 an-

1942 4082 2014 4121 no
2040 4066 2197 4123 16:6.
2221 4066 2470 4122 Continet
2493 4070 2717 4136 primum
2744 4067 2926 4141 [Lxxv]
2945 4079 2998 4124 et
3018 4071 3307 4127 secundum
3330 4072 3521 4128 librum

1937 4156 2088 4227 juxta
2115 4159 2392 4226 exemplar
2419 4161 2669 4215 secunda:
2700 4162 2951 4217 editionis
2982 4162 3203 4217 Latinas.

2015 4248 2294 4304 Flandrica
2333 4250 2497 4305 editio
2540 4252 2750 4306 iii-folio
2801 4268 2984 4321 parvo,
3017 4256 3133 4310 sine
3164 4255 3359 4311 indicio
3394 4255 3524 4320 Ieci,

1942 4355 2037 4409 per
2078 4341 2293 4395 Petrum
2316 4356 2412 4395 van
2441 4342 2533 4405 Os,
2567 4358 2708 4397 anno
2734 4343 2890 4398 1490.
2914 4344 3138 4399 Constat
3159 4346 3329 4399 tribus
3356 4349 3525 4415 parti-

1944 4432 2042 4486 bus
2062 4433 2210 4487 varie
2239 4431 2516 4500 dispositis
2537 4443 2589 4488 et
2617 4434 2809 4488 mistis.
2840 4433 3091 4489 Continet
3119 4446 3321 4490 tantum
3343 4450 3407 4492 ex
3432 4453 3524 4491 no-

1943 4532 2057 4576 stro
2087 4522 2225 4576 libro
2250 4524 2444 4591 primo,
2470 4524 2642 4577 Vitam
2667 4525 2838 4590 Pauli,
2873 4528 3042 4581 sancti
3068 4527 3368 4595 Ililarionis,
3392 4528 3523 4582 Mal-

256 4611 496 4669 Gentiani
531 4615 780 4682 Herveti;
812 4618 994 4682 tertio,
1040 4614 1206 4672 totum
1238 4620 1430 4675 librum
1472 4636 1695 4685 nonum,
1741 4636 1835 4677 seu

1959 4614 2051 4679 :hi,
2086 4613 2367 4683 Onuplirii,
2407 4616 2637 4671 Abrahae
2679 4618 2940 4683 eremitze,
2984 4618 3248 4675 Simeonis
3292 4622 3521 4693 Styiitw,

258 4706 576 4763 Theodoreti
608 4709 985 4777 Philotheum;
1014 4723 1227 4780 quarto,
1277 4720 1444 4766 totum
1473 4712 1667 4767 librum
1691 4714 1836 4769 deci-

256 4813 423 4863 mum,
453 4814 547 4853 seu
576 4798 731 4854 Joan.
767 4802 974 4857 Moschi
1006 4802 1220 4857 Pratum
1271 4805 1578 4872 spirituale;
1630 4808 1836 4877 quinto,

252 4900 312 4940 ex
338 4887 656 4956 appendice,
693 4890 1002 4945 Paradisum
1028 4891 1342 4955 Heraclidis,
1388 4903 1442 4948 et
1467 4895 1836 4965 Egyptiorum

254 4973 464 5030 Patrum
493 4979 813 5042 sententias,
845 4982 1139 5049 interprete
1165 4982 1393 5038 Martino
1425 4984 1696 5041 Dumiensi
1725 4988 1839 5057 cpi-

248 5078 424 5130 scopo.

317 5156 592 5211 Accedunt
628 5167 884 5224 praeterea
914 5176 1031 5229 quae
1062 5163 1310 5219 omnibus
1356 5166 1475 5221 aliis
1512 5166 1835 5226 editionibus

247 5244 460 5307 desunt.
494 5249 898 5318 prolegomene,
950 5252 1225 5318 prmludia,
1256 5255 1578 5320 notationes,
1608 5272 1834 5313 onoma-

249 5337 446 5404 sticon,
476 5350 533 5395 et
561 5342 692 5395 varii
723 5343 993 5397 variarum
1023 5357 1203 5398 rerum
1235 5345 1462 5400 indices.

644 5472 1012 5532 PROLEGOM
1024 5476 1201 5533 ENON
1240 5477 1427 5534 XXIII.

350 5583 429 5640 De
455 5587 611 5641 variis
648 5587 956 5644 editionibus
995 5591 1484 5663 vulgata'sariaque
1520 5590 1717 5666 lingua.

318 5694 517 5774 [tun]
558 5698 739 5755 Italica
766 5699 926 5757 editio
956 5702 1177 5769 Iri-folio,
1204 5704 1465 5772 Venetiis,
1496 5722 1636 5761 anno
1668 5706 1829 5771 μη.

248 5792 382 5854 θυιιά
405 5795 699 5850 Antonium
725 5793 1115 5851 Bartholommi.
1136 5799 1357 5855 Constat
1385 5810 1564 5861 autem
1583 5800 1695 5858 llaec
1718 5802 1833 5858 edi-

1943 4705 2155 4760 Thaisis
2202 4707 2519 4773 meretricis,
2570 4708 2808 4763 Mar-inte.
2856 4709 3072 4765 Librum
3103 4710 3416 4766 secundum.
3467 4712 3521 4767 In

1945 4801 2097 4854 tertia
2136 4811 2289 4872 parte
2317 4802 2555 4856 continet
2585 4802 2727 4855 varia
2749 4803 2994 4871 exempla
3024 4811 3078 4857 et
3104 4803 3242 4857 dicta
3271 4818 3335 4857 ex
3361 4806 3523 4859 variis

1945 4893 2095 4948 libris
2117 4904 2388 4963 excerpta.
2422 4893 2545 4948 Haec
2574 4894 2739 4949 editio
2772 4893 2871 4949 etsi
2901 4896 3099 4949 nullum
3124 4895 3224 4949 loci
3269 4895 3518 4951 indicium

1946 4984 2215 5054 praeferat,
2245 4987 2493 5041 existimo
2529 4996 2705 5040 tamen
2736 4985 2950 5041 Swollm
2995 4986 3336 5055 impressum,
3382 4994 3522 5058 quod

1948 5073 2144 5127 librum
2186 5072 2409 5128 viderim
2432 5073 2779 5127 ‘Flandricum
2806 5075 2875 5128 de
2907 5077 3052 5128 Bono
3085 5078 3397 5143 universali,
3429 5094 3487 5132 se
3508 5100 3521 5127 ι

1946 5164 2137 5220 librum
2166 5166 2364 5233 Apum,
2404 5164 2725 5234 impressum
2757 5165 2991 5231 vaolite,
3023 5180 3165 5221 anno
3200 5168 3351 5235 “:8,
3385 5187 3520 5242 apum

1945 5257 2157 5313 Petrum
2182 5272 2281 5311 van
2310 5257 2404 5324 Os,
2449 5256 2539 5326 qui
2590 5267 2645 5312 et
2694 5258 2850 5327 hujus
2903 5259 3021 5314 libri
3058 5260 3124 5315 de
3147 5261 3277 5316 Vitis
3307 5263 3522 5319 Patrum

1946 5347 2226 5402 Flandrice
2247 5346 2606 5417 typographus
2626 5354 2725 5403 Gal.
2742 5345 2963 5418 Utrique
2992 5348 3128 5405 libro
3148 5350 3291 5407 idem
3319 5352 3521 5423 illSigllt!

1943 5436 2276 5509 alligebatur.

2014 5531 2128 5584 Alia
2157 5528 2321 5584 editio
2350 5528 2635 5586 Fiandtica
2663 5530 2874 5586 in-folio
2915 5546 3099 5601 parvo,
3132 5532 3349 5603 Delphis
3377 5535 3513 5602 apud

1943 5620 2227 5676 iienricum
2256 5619 2448 5677 Eckert
2469 5638 2570 5677 van
2600 5621 2923 5691 llomberch,
2950 5638 3090 5680 anno
3125 5625 3280 5682 1198.
3302 5626 3519 5681 Constit

1941 5712 2110 5769 tribus
2140 5713 2395 5783 partibus,
2431 5714 2503 5767 uti
2528 5713 2673 5784 prior
2692 5716 2877 5771 editio.

2009 5804 2124 5859 Alia
2177 5804 2340 5862 editio
2379 5803 2657 5860 Flandrica
2688 5805 2742 5860 in
2776 5806 2903 5862 folio
2932 5823 3113 5891 parvo,
3145 5807 3337 5879 Leydu
3366 5810 3507 5877 apud

2172 5998 2203 6041 β
