4002 6240
279 384 335 440 8i
1539 374 1870 434 PROLEGUI

1982 373 2097 429 ἿΟΝ
2140 375 2324 430 XXIV.
2392 416 2395 417 ν
3486 378 3570 434 89.

275 515 407 567 ctus,
434 510 542 555 etc.
568 518 583 566 ;
616 501 818 556 librum
852 500 1086 565 tertium,
1117 512 1214 568 per
1256 470 1620 567 paragrapbos
1648 509 1742 549 seu
1775 506 1873 545 nu-
1898 494 1947 549 Α
1977 504 2125 546 num.
2154 488 2253 551 24,
2299 488 2386 558 qui
2431 488 2604 543 eidem
2639 489 3019 545 Posthumiauo
3050 490 3315 544 tribuitur.
3345 489 3559 546 Librum

278 604 456 647 meros
483 603 661 650 CCVII:
690 590 884 645 librum
911 599 1181 659 quartum,
1206 586 1445 655 exceptis
1468 588 1652 656 primis
1681 601 1767 640 stv
1788 600 1875 640 ca-

280 681 512 752 pitibus,
558 695 684 750 qua:
726 696 795 736 ex
840 679 1041 735 Severo
1070 678 1309 748 Sulpicio
1338 686 1465 732 sunt
1490 686 1769 745 excerpta,
1814 690 1875 731 ea

280 771 424 827 enim
454 771 713 836 deemnt;
747 771 941 826 librum
984 773 1227 841 quintum
1258 812 1272 837 ,
1317 770 1468 839 cujus
1515 771 1697 825 titulus
1743 779 1827 825 est
1860 787 1873 823 :

283 860 547 935 Incipiunt
575 864 964 917 adhortationes
1001 871 1292 916 sanctorum
1327 861 1538 915 Patrum
1561 904 1576 927 ,
1610 862 1877 929 perfectio-

284 969 471 1024 nesque
497 953 892 1019 monachorum,
922 970 1050 1023 quas
1079 952 1144 1007 de
1182 952 1363 1007 Grtcco
1390 954 1442 1007 in
1473 953 1709 1007 Latinum
1733 962 1877 1005 tran-

282 1048 426 1100 stulit
476 1044 822 1117 Hieronymus
866 1044 1147 1114 presbyter.
1184 1044 1463 1099 Manilesto
1506 1058 1709 1098 errore.
1743 1042 1875 1098 Nam

284 1136 424 1191 idem
454 1136 590 1191 liber
617 1133 866 1208 [Lxxvm]
895 1137 1293 1207 manuscriptus
1325 1138 1375 1190 in
1409 1137 1511 1192 line
1543 1135 1701 1191 libelli
1726 1150 1873 1201 xvttt,

285 1231 372 1297 qui
403 1230 456 1283 in
481 1228 582 1283 hoc
604 1228 791 1297 quinto
819 1229 957 1282 libro
988 1228 1206 1283 ultimus
1232 1237 1333 1296 est,
1366 1230 1478 1283 htec
1505 1229 1661 1284 habet
1688 1246 1702 1283 :
1736 1229 1876 1283 Huc-

287 1333 444 1382 usque
473 1318 537 1371 de
576 1316 759 1371 Gra'co
814 1319 869 1371 in
896 1316 1137 1371 Latinum
1182 1318 1443 1371 transtulit
1492 1317 1735 1389 Pelagius
1764 1320 1877 1372 dia-

284 1423 441 1461 conus
472 1406 718 1462 Ecclesia:
750 1407 1016 1473 Romantc,
1059 1416 1106 1463 et
1138 1407 1329 1475 abhinc
1363 1408 1603 1462 deorsum
1650 1409 1876 1464 Joannes

286 1499 649 1554 subdiaconus.
692 1499 908 1555 Librum
957 1510 1202 1567 sextum,
1248 1499 1537 1570 interprete
1567 1500 1772 1558 Joanne
1815 1502 1873 1560 S.

288 1588 352 1649 Β.
399 1590 464 1644 Ε.
496 1590 846 1647 subdiacono.
1482 1632 1485 1633 ν

356 1680 457 1734 Ms.
490 1679 905 1751 Amigemiensis
944 1697 1010 1737 ex
1039 1681 1233 1753 insigni
1279 1684 1695 1742 abbatia-sancti
1734 1686 1875 1743 Petri

284 1770 421 1837 apud
454 1771 722 1825 Alostrum
754 1771 976 1839 iri-folio,
1007 1775 1341 1842 membrana,
1372 1777 1523 1833 bona:
1552 1790 1711 1835 nolui.
1736 1779 1877 1835 Con-

1979 591 2260 650 quartum,
2292 581 2385 649 qui
2423 581 2614 636 Joanui
2668 582 2922 637 Cassiano
2970 583 3290 653 assignatur.
3346 583 3560 639 Librum

1978 672 2243 741 quintum.
2294 674 2502 729 Titulus
2528 686 2703 730 autem
2754 675 2839 731 hic
2883 686 2965 731 est
2996 694 3022 745 εΔ
3045 675 3310 745 Incipiunt
3340 683 3562 747 capitula

1978 764 2096 819 libri
2123 767 2287 821 sancti
2322 765 2626 837 Hieronymi
2652 769 2713 823 de
2757 766 2870 821 Vita
2895 778 2940 821 et
2968 769 3166 823 actibus
3194 768 3301 825 SS.
3346 768 3562 824 Patrum

1977 857 2322 922 eremitarum,
2351 860 2628 912 translatus
2678 858 2741 912 ab
2767 876 2824 913 eo
2864 860 2927 914 de
2953 853 3133 915 Greco
3175 862 3307 928 ston
3334 861 3387 914 in
3417 860 3562 915 Lati-

1978 963 2120 1002 num.
2154 947 2208 1002 ln
2240 949 2420 1004 medio
2456 964 2582 1005 vero
2629 951 2793 1007 libelli
2822 967 2908 1007 art
2939 952 3060 1024 (qui
3112 967 3239 1008 vere
3270 969 3392 1007 svnt
3440 966 3520 1007 est
3547 997 3563 1018 ,

1977 1039 2070 1093 sed
2098 1040 2205 1093 duo
2236 1039 2548 1107 libellixttt,
2578 1041 2646 1095 de
2674 1042 3065 1111 ilOSpitalitate,
3094 1052 3147 1097 et
3177 1058 3287 1108 xiv,
3320 1043 3388 1098 de
3415 1042 3560 1098 Obe-

1978 1133 2175 1188 dientia
2219 1134 2270 1189 in
2306 1134 2408 1188 hoc
2437 1132 2535 1189 Ms.
2570 1146 2695 1189 sunt
2744 1134 2953 1200 omissi)
2985 1136 3208 1190 habetur
3239 1154 3253 1190 :
3286 1134 3565 1206 Hucusqus

1984 1222 2326 1295 Hieronymus
2353 1225 2415 1278 de
2442 1224 2624 1279 erco
2655 1226 2707 1279 in
2740 1226 2977 1279 Latinum
3007 1226 3192 1279 dicitur
3222 1226 3561 1290 transtulisse,

1976 1317 2102 1380 sive,
2134 1325 2189 1369 ut
2207 1317 2434 1385 plerique
2461 1326 2755 1382 autumant,
2782 1316 3024 1388 Pelagius
3041 1318 3289 1371 diaconus
3321 1318 3565 1372 Romana:

1979 1405 2241 1464 Ecclesia.
2295 1407 2424 1463 Inde
2465 1408 2692 1465 Joannes
2724 1411 3089 1475 subdiaconus,
3129 1419 3352 1479 quatuor
3381 1410 3563 1464 distin-

1977 1516 2134 1571 guens
2165 1499 2307 1555 libris
2345 1501 2480 1555 idem
2510 1517 2657 1572 Opus.
2691 1501 2910 1556 Librum
2941 1513 3170 1557 sextum.

2047 1594 2145 1648 Ms.
2181 1593 2459 1650 Laetiensis
2488 1594 2681 1659 minor,
2716 1595 2768 1649 in
2799 1605 3007 1663 quarto,
3042 1608 3388 1665 pergameno,
3421 1602 3562 1649 noue

1976 1705 2081 1745 non
2131 1688 2401 1744 inferioris
2438 1703 2466 1742 a
2511 1690 2707 1757 priure.
2749 1689 2847 1755 Qui
2898 1688 3033 1744 liber
3069 1689 3193 1744 olim
3240 1684 3339 1742 fuit
3376 1686 3559 1743 Sancti

1979 1780 2253 1835 Michaelis
2279 1782 2331 1834 in
2356 1779 2534 1836 Sarto.
2559 1781 2809 1835 Continet
2838 1780 2922 1834 hic
2952 1779 3085 1834 liber
3110 1794 3173 1835 ex
3206 1778 3341 1833 libro
3367 1780 3559 1849 prima,

284 1865 413 1917 tinet
445 1878 515 1919 ex
548 1864 684 1919 libro
713 1865 884 1933 primo
916 1865 1064 1922 Vitas
1094 1870 1264 1924 sancti
1294 1868 1467 1937 Pauli,
1500 1872 1745 1941 Antonii,
1782 1873 1873 1926 tli-
1906 1862 1951 1920 Β
1982 1870 2150 1926 Vitam
2178 1874 2347 1925 sancti
2383 1871 2528 1925 Pauli
2561 1871 2717 1940 primi
2744 1872 3005 1937 eremitte,
3037 1880 3256 1925 auctore
3280 1870 3403 1925 divo
3430 1869 3559 1926 Ilie-

282 1953 539 2018 Iarionis.
583 1956 806 2023 Ma'clti,
841 1957 1135 2024 Pachomii,
1167 1960 1423 2023 Abrahae,
1457 1963 1723 2017 Simeonis
1752 1963 1873 2032 Sty-

287 2049 431 2119 lytae,
460 2046 762 2113 Fronmaii,
793 2048 1176 2121 Euphrosynte,
1210 2051 1392 2106 Maria:
1422 2052 1596 2121 neptis
1620 2053 1870 2115 Abrahae.

292 2143 540 2213 Pelagia,
575 2143 753 2197 Maria:
779 2142 1127 2215 .Egyptiacze,
1166 2146 1415 2215 Marium;
1470 2149 1661 2203 librum
1691 2163 1869 2205 secuuo

286 2233 431 2298 dum,
461 2234 731 2301 quintum,
764 2244 995 2290 sextum.

354 2328 449 2381 Ms.
478 2325 910 2397 Gemblacensis,
933 2344 1000 2384 ex
1028 2338 1237 2386 vetusta
1266 2314 1483 2386 abbatia
1510 2332 1679 2387 sancti
1708 2332 1871 2399 Petri,

284 2418 483 2472 ordinis
513 2422 686 2474 sancti
721 2420 987 2476 Benedicti
1019 2423 1071 2477 in
1101 2424 1297 2491 oppido
1323 2424 1697 2481 Gemblacensi
1731 2430 1873 2497 apud

283 2510 625 2579 Namurcum,
674 2515 726 2569 in
754 2527 983 2585 quarto,
1037 2520 1514 2588 membranaceus,
1561 2522 1873 2580 charactere

280 2615 511 2659 vetusto.
571 2606 895 2663 Continebat
945 2618 1149 2664 tantum
1199 2627 1263 2666 ex
1305 2611 1444 2667 libro
1502 2614 1676 2683 primo
1725 2615 1872 2672 Vitas

281 2698 446 2750 saneti
482 2697 793 2768 Pachomii,
843 2701 1016 2756 sancti
1067 2701 1270 2771 Basilii,
1310 2702 1530 2761 Joannis
1561 2706 1871 2781 Eleemosy-

282 2788 431 2855 uarii,
466 2790 650 2846 Maria:
678 2793 1031 2865 Egyptiacai.

350 2879 451 2935 Ms.
496 2880 1026 2952 Crispiniensis,‘ex
1076 2892 1402 2947 monasterio
1446 2894 1652 2950 ordinis
1703 2898 1871 2953 sancti

280 2967 552 3024 Benedicti
581 2973 723 3040 apud
754 2973 1115 3047 Valentianas,
1148 2980 1379 3045 in-lolio,
1411 2985 1748 3053 membrana,
1780 3003 1872 3044 ve-

279 3068 413 3114 tusta
444 3077 629 3117 manu.
675 3065 996 3122 Cuntinebat
1023 3085 1087 3124 ex
1118 3068 1256 3127 libro
1292 3076 1462 3142 primo
1510 3075 1655 3132 Vitas
1697 3082 1868 3135 sancti

279 3152 445 3219 Pauli,
469 3155 644 3210 sancti
669 3157 908 3223 Antonii,
937 3162 1110 3217 sancti
1141 3163 1448 3233 Hilarionis,
1469 3167 1681 3236 Malchi,
1717 3170 1870 3227 Joan-

280 3244 357 3299 nis
396 3244 851 3318 Eleemosynarii,
890 3249 1219 3323 Frontonis,
1271 3256 1470 3325 Paulae,
1516 3268 1714 3313 sauct-c
1758 3261 1867 3316 Ma-

278 3340 437 3401 rinae;
468 3344 639 3391 totum
681 3339 878 3394 librum
910 3343 1237 3410 secundum;
1269 3354 1435 3401 totum
1484 3348 1675 3403 librum
1707 3365 1868 3418 quar-

278 3435 420 3489 tum;
454 3435 624 3480 totum
655 3427 849 3483 librum
878 3432 1157 3501 quintum;
1205 3443 1373 3489 tmum
1416 3435 1605 3493 librum
1633 3449 1868 3495 sextum.

344 3514 446 3569 Ms.
483 3517 914 3588 Aquicinctinus,
948 3535 1018 3575 ex
1048 3524 1301 3578 emnobio
1330 3524 1533 3582 ordinis
1573 3530 1743 3583 sancti
1774 3530 1871 3585 Be-

252 3602 472 3660 nedicti
503 3608 644 3676 apud
671 3608 931 3678 Duacum,
961 3612 1014 3666 in
1057 3616 1391 3683 membrana,
1425 3619 1578 3673 bona:
1605 3631 1764 3685 notas,
1791 3623 1871 3678 in-

276 3693 425 3751 l‘ulio.
470 3695 775 3753 Exhibebat
818 3700 906 3757 hic
955 3707 1347 3773 manuscriptus
1397 3724 1460 3762 ex
1515 3709 1654 3762 libro
1699 3712 1872 3778 primo

278 3786 425 3841 Vitas
452 3790 627 3844 sancti
673 3787 848 3855 Pauli,
881 3794 1050 3848 sancti
1081 3796 1320 3863 Antonii,
1361 3799 1530 3853 sancti
1564 3798 1868 3867 Hilarionis,

278 3879 674 3945 Malchi,sancti
698 3881 919 3938 Joannis
943 3884 1388 3957 Eleemosynarii,
1405 3902 1603 3946 sancta:
1622 3891 1871 3961 Euphro-

278 3974 407 4027 sinse
434 3973 682 4043 virginis,
712 3974 893 4030 Marias
924 3977 1097 4046 neptis
1123 3979 1372 4049 Abrahm,
1430 3982 1661 4052 Pelagius
1693 4002 1867 4041 mere-

278 4066 445 4131 tricis,
476 4067 658 4121 Maria:
681 4065 1032 4137 Egyptiacze,
1057 4069 1254 4125 Paulae.
1281 4073 1575 4130 Exhibebat
1607 4086 1870 4145 praetcrea

278 4161 471 4216 librum
518 4162 837 4232 secundum,
887 4162 989 4219 hoc
1016 4165 1173 4219 titulo
1206 4184 1218 4220 :
1252 4165 1515 4238 Incipiunt
1563 4180 1707 4224 actus
1757 4171 1866 4227 SS.

280 4251 497 4306 Patrum
526 4270 559 4306 a
596 4252 969 4309 Posthumiano
1000 4258 1248 4312 monac/io
1292 4260 1417 4313 editi
1446 4270 1493 4315 et
1520 4262 1587 4313 ad
1621 4260 1869 4316 Fidosum

466 4344 683 4399 Librum
710 4346 948 4415 tertium,
973 4348 1062 4418 qui
1080 4348 1151 4403 ibi
1176 4361 1383 4405 consul
1411 4351 1757 4421 paragraphis
1773 4369 1869 4407 seu

280 4437 518 4493 numeris
560 4454 691 4493 catt.
735 4438 952 4495 Librum
1002 4450 1250 4507 quartum
1298 4443 1400 4497 hoc
1447 4444 1641 4497 initio:
1678 4442 1871 4512 Incipit

280 4529 404 4583 liber
437 4527 797 4599 Postlmmioni
842 4531 905 4584 de
938 4532 1091 4600 gestis
1120 4541 1414 4586 sanctorum
1444 4531 1680 4596 Patrum.
1712 4532 1867 4593 Unde

1979 1978 2237 2035 ronymo;
2286 1964 2461 2017 Vitam
2494 1963 2663 2018 sancti
2712 1963 2995 2018 Hilarionis
3020 2002 3037 2029 ,
3088 1973 3305 2017 auctore
3331 1962 3554 2028 eodem;

1978 2055 2155 2109 Vitam
2178 2069 2273 2110 seu
2297 2055 2671 2110 Paenitentiam
2694 2054 2933 2120 Thaidis,
2957 2070 3049 2109 seu
3093 2054 3333 2117 Thaisis;
3365 2044 3573 2108 librum.

1975 2150 2290 2212 secundum,
2315 2150 2551 2211 tertium,
2578 2157 2845 2218 quartum.
2878 2148 2974 2202 Ms.
3010 2148 3169 2202 Bome
3196 2147 3344 2217 Spei,
3372 2162 3436 2201 es
3464 2148 3559 2201 ab-

1975 2239 2114 2293 batia
2160 2237 2401 2308 ejusdem
2443 2239 2708 2302 nominis,
2751 2238 2955 2293 ordinis
2990 2236 3558 2302 PrtemOustralenais,

1975 2331 2113 2399 apud
2142 2330 2416 2385 Binchium
2449 2329 2747 2384 Hannonis:
2775 2329 3047 2397 oppidum,
3067 2327 3362 2397 in-quarto,
3393 2326 3560 2382 forma

1973 2421 2242 2491 oblonga,
2294 2434 2659 2490 pergameno,
2712 2421 3026 2474 charactere
3074 2418 3214 2473 bono
3252 2428 3308 2474 et
3357 2425 3560 2473 vetere.

1974 2515 2226 2569 Continet
2253 2515 2397 2568 varia
2431 2522 2636 2568 tantum
2669 2513 2962 2583 fragmenta
2993 2527 3059 2567 ex
3093 2513 3254 2567 variis
3284 2510 3408 2567 hinc
3437 2510 3561 2565 inde

1974 2604 2126 2660 libris
2153 2612 2428 2673 excerpta,
2461 2619 2529 2658 ex
2564 2604 2700 2659 libro
2733 2619 2769 2658 ll
2792 2612 2847 2658 et
2873 2619 2926 2658 Ill
2953 2603 3173 2671 Bullini,
3202 2605 3327 2658 item
3368 2618 3432 2659 ex
3467 2605 3560 2660 ali-

1972 2706 2102 2768 quot
2131 2696 2324 2753 libellis
2354 2696 2553 2767 Pelagii
2581 2708 2634 2752 et
2661 2696 2903 2753 Joannis.

2046 2796 2146 2848 Ms.
2195 2792 2552 2856 Moretianus,
2594 2791 2838 2857 in-lolio,
2880 2804 3220 2861 pergameno,
3264 2805 3367 2845 non
3408 2788 3560 2844 valde

1973 2884 2188 2954 quidem
2216 2890 2483 2949 vetustus,
2515 2882 2606 2939 sed
2639 2883 2866 2953 plurima
2909 2882 3211 2947 continens,
3245 2896 3401 2950 quem
3429 2880 3559 2934 mihi

1976 2979 2039 3033 Ι).
2093 2978 2280 3033 Moreti
2324 2976 2415 3031 lilii
2465 2976 2896 3049 suppeditarunt.
2947 2974 3262 3030 Continebat
3312 2990 3378 3029 ex
3425 2973 3559 3028 libro

1974 3072 2144 3139 primo
2176 3071 2321 3125 Vitas
2352 3069 2536 3135 Pauli;
2565 3070 2816 3135 Antonii;
2854 3069 3168 3133 lllarionis;
3203 3067 3423 3131 Malcbi;
3457 3067 3559 3121 Pa-

1974 3161 2204 3223 chnmii;
2234 3160 2495 3225 Abrahae;
2522 3159 2740 3215 Joannis
2766 3159 3219 3229 Eleemosynarii;
3254 3158 3557 3224 l’rontonii,

1975 3268 2131 3322 quam
2198 3252 2524 3323 Hieronymo
2592 3252 2844 3316 ascribit;
2921 3251 3323 3321 EUpIirnsynae;
3381 3249 3559 3305 Maria:

1976 3342 2151 3412 neptis
2199 3341 2467 3407 Abrahae;
2500 3341 2711 3396 Thaisis
2759 3341 3095 3405 meretricis;
3122 3339 3346 3409 Pelagia:
3386 3354 3559 3394 mere—

1977 3432 2153 3495 tricis;
2198 3431 2374 3485 Maria:
2406 3430 2770 3501 Egyptiacm;
2810 3429 3058 3495 Marium;
3102 3429 3298 3484 Paulae.
3340 3429 3555 3483 Librum

1974 3523 2287 3586 secundum,
2320 3536 2478 3590 quem
2511 3521 2729 3576 ascribit
2769 3521 3149 3575 Posthumiano
3189 3520 3470 3585 monacho,
3502 3530 3558 3574 et

1973 3612 2169 3667 dicitur
2215 3612 2281 3665 ad
2321 3611 2624 3682 Phydosum
2679 3612 2898 3668 missus.
2931 3612 3147 3666 Librum
3182 3611 3422 3675 tertium,
3466 3614 3557 3680 qui

1973 3708 2133 3761 etiam
2167 3704 2552 3759 Posthumiano
2579 3704 2884 3770 ascribitur,
2915 3713 2969 3759 et
3001 3703 3066 3757 ad
3101 3703 3403 3775 Pbydosum
3436 3704 3558 3757 mit-

1977 3797 2125 3850 titur.
2150 3795 2364 3851 Librum
2383 3805 2652 3867 quartum,
2678 3810 2838 3866 quem
2863 3794 3046 3849 tribuit
3064 3793 3255 3850 Joanni
3278 3793 3554 3849 Cassiano.

1974 3887 2195 3943 Librum
2236 3889 2509 3955 quintum,
2564 3903 2721 3957 quem
2770 3888 2838 3943 de
2878 3886 3069 3943 Graeco
3098 3887 3148 3940 in
3196 3885 3445 3940 Latinum
3491 3887 3558 3938 ab

1975 3979 2303 4051 Hieronymo
2347 3980 2660 4051 presbytero
2687 3978 2873 4052 [ωαχ]
2912 3979 3223 4033 translatum
3256 3976 3468 4031 asserit.
3500 3978 3557 4031 lu

1976 4070 2081 4124 line
2126 4079 2303 4125 tamen
2335 4069 2455 4123 labri
2483 4084 2631 4134 xvm,
2660 4070 2754 4135 ait,
2793 4069 2896 4124 sive
2923 4078 2978 4123 ut
3009 4067 3239 4139 plerique
3265 4076 3554 4132 autumant,

1974 4163 2238 4216 transtulit
2270 4162 2334 4216 de
2378 4161 2557 4216 (ἕνα)εο
2585 4162 2638 4215 in
2678 4159 2918 4215 Latinum
2952 4160 3192 4232 Pelagius
3218 4160 3464 4216 diaconus
3493 4158 3554 4214 S.

1975 4256 2043 4311 Ii.
2080 4254 2142 4311 E.
2174 4255 2393 4311 Librum
2423 4267 2629 4310 sextum
2651 4295 2667 4319 ,
2695 4269 2853 4322 quem
2896 4255 3086 4309 Joanni
3116 4253 3172 4309 S.
3205 4253 3270 4307 R.
3320 4254 3378 4307 E.
3431 4251 3558 4307 sub-

1974 4348 2204 4403 diacouo
2256 4346 2498 4403 ascribit.
2532 4346 2608 4401 Es
2648 4344 2941 4416 appendice
2963 4386 2979 4412 ,
3012 4345 3306 4401 Heraclidis
3336 4342 3558 4400 Paradi-

1973 4454 2113 4503 sum,
2146 4441 2439 4508 integrum;
2470 4438 2568 4493 sed
2597 4453 2718 4493 eum
2747 4437 2963 4493 ascribit
2991 4437 3299 4503 Pascltasio,
3333 4436 3418 4491 vel
3443 4435 3560 4489 Pal-

1974 4529 2115 4585 ladio
2161 4530 2409 4585 diacono.
2461 4530 2534 4584 lta
2566 4528 2775 4583 titulum
2821 4529 3087 4598 concipit:
3121 4527 3314 4597 Incipit
3343 4526 3558 4596 epistola

281 4620 494 4673 occasio
536 4596 676 4673 nata.
702 4620 772 4675 sit
804 4596 1187 4675 Postbumiano
1232 4622 1439 4689 aliquos
1483 4622 1650 4679 libros
1676 4624 1866 4680 inscri-
1896 4596 1949 4656 Β
1972 4619 2244 4675 Paschasii
2284 4622 2388 4675 sive
2416 4618 2860 4676 Palladiidiaconi
2897 4621 2965 4675 ad
2982 4596 3308 4690 Eugippiani
3346 4618 3558 4687 prcsby«

279 4709 465 4766 bendi.
498 4709 631 4766 Vide
658 4710 797 4766 dicta
826 4726 1005 4781 supra,
1037 4712 1413 4783 prolegomeno
1438 4713 1549 4787 4,~§
1572 4714 1626 4769 9.

346 4800 454 4855 Ms.
490 4798 773 4855 Laetiensis
803 4802 974 4870 major
1000 4816 1065 4857 ex
1105 4802 1485 4858 l‘ormatissimo
1531 4806 1597 4859 ad
1629 4806 1866 4877 regulam

281 4890 452 4945 sancti
479 4890 754 4946 Benedicti
780 4893 882 4947 sub
919 4895 1213 4962 patrocinio
1239 4895 1406 4950 sancti
1448 4894 1717 4950 Lamberti
1749 4912 1868 4951 mo-

282 4982 538 5046 nasterio,
571 4982 811 5048 in-l‘olio,
860 5000 1200 5054 pergameno,
1234 4986 1388 5041 home
1421 4998 1580 5042 notae.
1617 4986 1870 5043 Continet

281 5080 458 5125 autem
510 5085 577 5125 ex
618 5072 757 5126 libro
787 5073 963 5142 primo
1001 5074 1150 5128 Vitas
1178 5077 1349 5130 sancti
1382 5076 1529 5131 Pauli
1572 5079 1724 5145 primi
1748 5093 1866 5132 ere-

282 5163 456 5225 initas;
489 5162 659 5217 sancti
692 5164 944 5229 Antonii;
978 5166 1149 5220 sancti
1180 5166 1503 5233 Hilarionis;
1536 5172 1705 5225 sancti
1738 5170 1869 5225 Mal-

280 5250 389 5316 ehi,
412 5252 603 5318 captivi
631 5252 910 5318 monachi;
942 5254 1107 5308 sancti
1130 5253 1397 5310 Simeonis
1423 5256 1659 5329 Stylitre;
1692 5260 1866 5313 sancti

281 5342 500 5398 Joannis
559 5344 1014 5415 Eleemosynarii;
1080 5346 1282 5419 [casu]
1336 5350 1506 5404 sancti
1566 5350 1863 5416 Frontonii,

280 5452 438 5503 quam
464 5438 787 5508 Hieronymo
811 5439 1023 5504 tribuit;
1046 5448 1243 5495 sancta:
1270 5441 1616 5510 Euphrosinte
1632 5454 1864 5508 ;,sanct:e

280 5527 508 5598 Pelagia:
539 5531 870 5596 meretricis;
902 5540 1101 5585 sanctas
1143 5534 1322 5589 Mariae
1349 5534 1712 5606 Egyptiacte;
1744 5552 1866 5591 san-

278 5632 376 5674 etae
421 5621 682 5688 Marium;
718 5632 919 5677 sanctae
950 5623 1150 5681 Paulm.
1182 5627 1397 5682 Librum
1429 5630 1742 5695 secundum,
1775 5633 1864 5701 qui

280 5724 307 5761 a
340 5710 440 5764 Ms.
472 5711 575 5765 hoc
601 5709 987 5768 Postltumiano
1014 5716 1277 5770 monacho
1303 5718 1610 5785 ascribitur,
1650 5730 1701 5775 et
1732 5721 1865 5775 dici-

276 5809 364 5853 tur
414 5801 481 5854 ad
538 5800 847 5871 Phydosum
898 5803 1109 5858 missus.
1144 5804 1223 5860 Ex
1269 5805 1405 5861 libro
1439 5810 1628 5877 tertio,
1665 5819 1866 5866 tantum

1973 4722 2135 4765 terum
2178 4714 2231 4766 in
2259 4712 2389 4766 libi-0
2440 4714 2528 4783 qui
2572 4721 2780 4767 uocatur
2819 4712 3138 4777 Paradisus,
3183 4711 3247 4766 de
3290 4708 3560 4763 Miraculis

1972 4812 2264 4858 sanctorum
2301 4801 2515 4857 Patruus
2545 4812 2592 4857 et
2646 4802 2765 4857 Vita
2811 4818 3006 4857 eorum.
3044 4802 3177 4856 Vide
3223 4798 3559 4870 prolegome-

1975 4909 2081 4948 non
2121 4893 2210 4947 25.

2048 4986 2146 5041 Ms.
2176 4988 2346 5041 sancti
2376 4986 2556 5042 Jacobi
2584 4986 2763 5041 fratris
2797 4986 3000 5040 Domini
3033 4988 3083 5040 in
3129 4984 3327 5053 insula,
3359 4984 3450 5040 ubi
3476 4994 3560 5040 est

1978 5077 2187 5133 abbatia
2209 5078 2414 5133 ordinis
2442 5078 2613 5132 sancti
2639 5075 2909 5131 Benedicti
2938 5074 3147 5141 Leodii,
3178 5075 3410 5140 in-lolio,
3438 5091 3560 5145 per-

1976 5184 2231 5239 gamenn,
2283 5169 2514 5236 scriptus
2564 5181 2706 5221 anno
2748 5166 2961 5223 Domini
2994 5164 3149 5221 1512.
3199 5166 3450 5223 Continet
3490 5181 3558 5227 ex

1975 5264 2111 5318 libro
2161 5264 2331 5333 primo
2362 5264 2511 5317 Vitas
2562 5262 2728 5318 sancti
2781 5263 2927 5319 Pauli
2976 5266 3131 5337 primi
3183 5265 3463 5331 exemita),
3503 5276 3561 5321 et

1974 5352 2185 5408 Malchi.
2226 5353 2439 5408 Librum
2467 5353 2784 5421 secundum,
2814 5356 3077 5425 quintum,
3107 5366 3343 5413 sextum.

2047 5447 2120 5502 Ex
2152 5447 2337 5502 eadem
2368 5446 2577 5501 abbatia
2608 5446 2765 5503 habui
2798 5448 3034 5503 libellum
3065 5449 3359 5514 in-octavo,
3402 5446 3559 5501 char-

1972 5548 2213 5601 taceum,
2265 5537 2452 5607 inquo
2496 5545 2612 5592 erat
2657 5537 2775 5593 Vita
2804 5541 2973 5595 sancti
3011 5540 3299 5609 Onuphrii,
3352 5538 3557 5591 recenti

1972 5645 2148 5684 manu.
2184 5629 2474 5684 Distinctus
2502 5630 2588 5685 hic
2614 5639 2732 5686 erat
2776 5632 2946 5702 stylus
2973 5646 3002 5684 a
3051 5632 3259 5701 vulgata
3291 5627 3550 5692 Onupbrii

1974 5720 2109 5781 Vita.
2138 5720 2405 5789 vulgatum
2448 5728 2623 5776 tamen
2651 5721 2846 5793 stylum
2878 5721 3090 5776 retinui.

2043 5811 2139 5865 Ms.
2171 5810 2637 5875 Cambcronensis,
2671 5826 2736 5865 ex
2784 5812 2994 5867 abbatia
3025 5822 3225 5867 sanctae
3279 5809 3453 5867 Mariae
3485 5810 3554 5865 da
