4002 6268
487 374 556 428 εδ
1427 387 1494 445 tv
1532 388 1732 445 vrras
1773 382 2048 443 paruum
2090 378 2597 435 euocecouem
2639 378 2826 434 xxvr.
3621 338 3624 341 λ
3683 375 3742 423 δι

484 493 818 549 Camberone
847 497 1051 554 ordinis
1097 501 1263 555 Sancti
1301 502 1551 558 Hernztrdl
1596 504 1733 571 apud
1763 506 1979 568 Athum,
2012 498 2052 559 iu

2169 506 2237 547 ex
2264 491 2400 546 libro
2430 493 2623 560 primo,
2659 494 2803 547 Vitas
2826 493 3035 556 Malchi,
3063 494 3313 549 monachi
3340 495 3556 563 captivi;
3577 493 3743 548 Freu-

488 585 792 640 membrana
818 630 833 653 ,
869 588 1026 654 folio,
1084 594 1381 647 recentiore
1425 610 1603 649 manu.
1635 595 1957 650 Contittebat
1999 610 2064 648 ex

489 676 623 728 libro
656 678 827 743 primo
860 678 1004 732 Vitas
1031 680 1199 734 sancti
1233 682 1400 748 Pauli,
1433 686 1599 738 sancti
1630 685 1863 749 Antonii,
1897 685 2065 739 sancti

490 768 802 836 Hilarionis,
856 770 1071 837 Malchi,
1112 773 1333 827 Joannis
1362 776 1817 846 Eleemosynarii,
1868 778 2063 832 Paulm.

489 858 723 913 labrum‘
755 863 1047 916 Secundum
1101 863 1201 916 hoc
1242 864 1394 917 titulo
1424 883 1436 918 :
1472 865 1732 931 Incipiunt
1761 877 1901 921 actus
1956 867 2064 923 SS.

490 952 702 1004 Patrum
729 969 759 1003 a
799 950 1170 1007 Posthumiano
1198 957 1446 1008 monac/to
1474 956 1617 1019 editi,
1652 966 1696 1010 et
1724 958 1791 1009 ad
1817 954 2066 1011 Fidosum

485 1045 645 1095 mrssi.
694 1040 907 1094 Librum
951 1047 1185 1097 tertium.
1231 1044 1369 1098 Nulli
1414 1056 1563 1099 certo
1593 1046 1794 1099 auctori
1848 1046 1933 1100 hic
1982 1047 2065 1099 in-

483 1129 754 1185 scribitur.
806 1130 1019 1187 Librum
1068 1142 1350 1203 quartum,
1395 1134 1487 1202 qui
1538 1134 1919 1189 Postltumiano
1966 1136 2063 1189 tri-

483 1224 676 1279 lntitur.

553 1316 645 1369 Ms.
672 1315 1198 1383 Claroznarescanns,
1226 1335 1288 1373 ex
1320 1320 1529 1375 abbatia
1562 1332 1760 1376 sanctae
1792 1321 1971 1375 Maria:
1997 1322 2064 1376 de

480 1406 916 1469 Claromarvsco,
966 1409 1115 1475 juxta
1177 1410 1577 1475 Autlomarum,
1628 1412 1832 1466 ordinis
1888 1411 2063 1465 sancti

479 1498 754 1562 Bernardi,
789 1497 1025 1563 iit-folio,
1058 1501 1387 1563 membrana,
1436 1502 1746 1557 charactere
1771 1502 1935 1563 bono,
1966 1502 2059 1556 sed

478 1604 582 1643 non
612 1589 769 1643 valde
812 1590 998 1643 veteri.
1049 1588 1373 1646 Cont'nt-hat
1415 1608 1479 1646 ex
1511 1592 1650 1644 libro
1697 1590 1868 1661 primo
1914 1592 2064 1645 Vitas

477 1682 687 1735 Thaisis
710 1683 1027 1745 meretricis,
1045 1682 1221 1736 Maria:
1240 1683 1592 1752 Egytttiacze,
1615 1685 1833 1738 Matina:
1850 1684 2058 1752 puellae.

478 1772 693 1826 Librum
720 1774 1035 1837 secundum,
1070 1774 1199 1826 nttlli
1230 1776 1432 1829 auctori
1487 1774 1832 1841 inscriptum;
1866 1775 2058 1829 librum

2174 585 2327 651 tonii,
2356 596 2554 640 sancta:
2578 585 2814 640 Marium.
2856 586 3074 639 Librum
3106 586 3426 651 secundum,
3457 600 3615 654 quem
3649 586 3740 638 tri-

2174 677 2283 731 buit
2313 678 2438 731 divo
2468 677 2814 747 Hieronymo.
2864 676 3080 731 Librum
3110 679 3392 747 quintum,
3434 676 3524 746 qui
3563 676 3745 728 inscri-

2172 768 2313 821 bitur
2345 784 2357 819 :
2390 767 2783 821 Adltortationes
2838 776 3133 821 sanctorum
3184 767 3423 831 Patrum,
3481 767 3748 836 perfectio-

2170 873 2357 927 nesque
2414 858 2817 923 monachmum,
2878 874 3005 926 quas
3058 860 3121 911 de
3169 858 3348 913 erco
3396 858 3451 910 in
3508 857 3747 910 Latinum

2171 950 2429 1002 transtulit
2478 950 2655 1002 beatus
2706 948 3046 1019 Hieronymus
3094 950 3375 1018 presbyter.
3426 949 3646 1003 Rectius
3694 948 3747 1001 in

2171 1040 2274 1095 line
2304 1042 2421 1095 libri
2451 1042 2644 1096 decimi
2689 1043 2861 1095 octavi
2890 1060 2904 1097 :
2940 1042 3212 1112 Hacusque
3255 1044 3317 1097 de
3360 1043 3537 1097 Cra-ro
3564 1044 3618 1095 in
3650 1042 3749 1095 La-

2171 1132 2333 1184 tinum
2356 1134 2617 1185 transtulit
2655 1132 2895 1203 Pelagius
2937 1136 3181 1187 diaconus
3212 1135 3449 1188 Ecclesia’
3480 1135 3745 1199 Romanae,

2172 1233 2216 1277 et
2275 1224 2459 1276 abhinc
2518 1224 2755 1293 deinceps
2816 1221 3044 1278 Joannes
3100 1224 3461 1281 subdiaconus.
3532 1223 3748 1277 Librum

2169 1326 2398 1370 sextum.

2240 1407 2336 1459 Ms.
2396 1404 2864 1462 Carthusianornm
2915 1408 3122 1462 Nostrae
3179 1409 3417 1461 Domina:
3459 1407 3526 1462 de
3565 1408 3747 1462 Gratia

2171 1514 2334 1563 prope
2364 1497 2585 1569 [Luxu]
2630 1500 2927 1565 Bruxellas,
2967 1499 3206 1561 in-l'olio,
3231 1499 3541 1566 scriptusin
3582 1514 3751 1552 mem-

2171 1589 2330 1641 brana
2365 1605 2505 1642 anno
2550 1589 2748 1643 Christi
2791 1589 2947 1656 i460,
2996 1590 3112 1643 Kal.
3142 1590 3476 1656 Decembris,
3524 1607 3617 1659 per
3657 1594 3755 1646 Fr.

2170 1679 2384 1734 Petrum
2420 1680 2627 1736 Weins.
2679 1681 2928 1736 Continet
2956 1698 3019 1736 ex
3054 1683 3226 1750 primo
3254 1684 3391 1736 lihro
3427 1684 3570 1737 Vitas
3602 1683 3754 1736 Pauli

2170 1771 2323 1837 primi
2362 1772 2621 1836 eretnitae,
2675 1782 2897 1825 auctore
2926 1773 3050 1825 divo
3078 1773 3451 1844 Hieronymo;
3506 1773 3755 1839 Antonii,

476 1863 688 1915 tertium
717 1862 877 1916 ctiam
905 1877 1262 1932 attonyututn;
1308 1866 1499 1920 librum
1531 1878 1776 1936 quartum
1818 1866 2065 1921 similiter
2097 1864 2141 1924 Β
2169 1872 2384 1917 auctore
2415 1863 2711 1917 Athanasio
2732 1904 2747 1928 .
2784 1865 3076 1930 interprete
3109 1864 3363 1933 Evagrio;
3394 1864 3563 1917 sancti
3598 1862 3753 1915 Hila-

475 1966 821 2022 θηοίιγιιιυη).

546 2041 642 2113 his.
674 2050 874 2096 sancta:
902 2041 1079 2098 Mariae
1114 2045 1338 2099 Bibrach
1380 2047 1430 2099 in
1457 2035 1766 2114 Germania,
1792 2048 1843 2101 in
1889 2063 2059 2101 ntem-

477 2131 661 2192 hrana,
696 2130 842 2194 folio,
874 2134 1188 2188 charactere
1219 2144 1490 2205 utcunque
1535 2145 1764 2189 vetusto.
1809 2136 2058 2191 Contine-

475 2218 560 2271 bat
590 2233 652 2274 ex
686 2221 823 2273 libro
866 2223 1036 2289 primo
1082 2223 1229 2277 Vitas
1259 2224 1432 2287 Pauli,
1468 2226 1704 2288 Antonii,
1750 2226 2057 2295 Hilarionis,

473 2310 680 2374 Malchi,
728 2312 991 2378 Frontini,
1022 2314 1236 2368 Thaisis
1288 2316 1606 2369 meretricis.
1642 2316 1835 2370 Totum
1864 2318 2056 2371 librum

473 2403 801 2465 secundum,
852 2414 1018 2459 totum
1068 2404 1265 2459 librum
1312 2404 1598 2474 septimum
1641 2406 1937 2463 Paschasii.
1991 2409 2059 2463 Et

472 2494 711 2565 quredam
738 2496 839 2549 alia
872 2496 1035 2550 mixta
1062 2513 1128 2552 ex
1161 2498 1321 2551 variis
1346 2498 1513 2552 libris.

545 2586 642 2643 llis.
680 2586 1095 2642 Rebdorﬂiensis
1143 2588 1442 2657 iri-quarto,
1477 2605 1820 2660 pergameno,
1868 2593 2055 2647 chara-

473 2687 620 2731 ctere
656 2678 785 2731 satis
837 2681 1063 2734 recenti.
1106 2678 1355 2734 Continet
1401 2695 1465 2734 ex
1499 2681 1635 2735 libro
1684 2684 1855 2749 primo
1908 2684 2056 2738 Vitas

472 2764 678 2841 [LXXXI]
709 2769 889 2837 Pauli,
915 2770 1231 2836 Hilarionis,
1264 2771 1482 2837 lilalclti,
1518 2773 1785 2827 Simeonis
1811 2772 2053 2842 Stylitae,

476 2864 862 2933 lCuphrosytne.
895 2863 1111 2918 Librum
1143 2864 1457 2929 secundum,
1480 2880 1636 2933 quem
1669 2865 2056 2920 tribuitsaucm

478 2954 835 3023 Hieronymo;
869 2955 1061 3008 librum
1111 2956 1323 3009 tertium
1349 2965 1403 3010 et
1430 2964 1696 3025 quntum.

541 3049 638 3107 M<.
686 3049 853 3107 sancti
911 3049 1053 3107 Petri
1102 3049 1152 3107 itt
1202 3049 1457 3120 Munsler,
1503 3053 1649 3114 folio,
1704 3064 2045 3124 pcrgarueno,

470 3145 765 3199 recentiore
832 3145 1165 3200 charactere.
1232 3145 1480 3200 Continet
1542 3157 1744 3200 tantum
1796 3157 2048 3216 excerpta

2168 1952 2374 2017 rionis,
2438 1964 2659 2009 auctore
2717 1956 2841 2009 divo
2891 1955 3239 2026 Hieronymo;
3300 1956 3491 2010 Malchi
3550 1955 3753 2023 captivi

2164 2047 2432 2111 monachi,
2457 2057 2675 2100 auctore
2717 2048 2941 2109 eodem;
2975 2046 3145 2101 sancti
3176 2046 3480 2111 Pachumii,
3511 2044 3753 2099 Abrahae

2164 2138 2405 2193 monachi
2438 2146 2493 2191 et
2514 2139 2774 2199 eretnitce,
2808 2137 3077 2193 Simeouis
3107 2137 3332 2208 Stylitm,
3374 2136 3589 2190 Macarii
3636 2136 3753 2190 lto-

2162 2233 2325 2296 tuani,
2357 2231 2653 2294 Frontonii,
2681 2239 2880 2283 sanetae
2906 2230 3279 2299 Euphrosyna:
3307 2227 3547 2296 virginis,
3579 2226 3752 2283 Thai.

2161 2324 2233 2375 sis
2256 2323 2573 2387 meretricis,
2602 2321 2826 2390 Pelagize
2851 2322 3168 2385 meretricis,
3197 2320 3375 2375 Mariae
3390 2320 3752 2391 Egyptiacz,

2162 2413 2378 2467 Mariti!!!
2408 2412 2650 2481 virginis,
2690 2412 2884 2467 Paula}.
2928 2413 3144 2466 Librum
3178 2411 3491 2466 secundum.
3525 2410 3759 2464 Librum

2160 2506 2425 2574 quintum.
2461 2506 2652 2559 Deerat
2677 2505 2892 2574 quidem
2922 2520 3019 2558 suo
3041 2505 3230 2559 ordine
3260 2503 3472 2559 libellus
3499 2502 3751 2556 decimus

2159 2607 2343 2651 sextus
2372 2599 2439 2652 de
2472 2596 2814 2660 Pmn‘tentia,
2868 2596 2960 2651 sed
2997 2597 3049 2650 in
3092 2596 3455 2663 rnanuscripto
3494 2609 3754 2662 compre-

2162 2687 2495 2743 hendebatur
2516 2687 2616 2741 sub
2648 2688 2833 2741 libello
2864 2687 3093 2754 septimo
3122 2687 3215 2756 qui
3246 2695 3332 2741 est
3356 2686 3423 2739 de
3453 2675 3749 2745 Patientia,

2158 2796 2265 2847 quo
2287 2781 2439 2843 titulo
2468 2780 2524 2833 in
2557 2778 2828 2832 nonnullis
2871 2779 3250 2844 ntanuscriptis
3281 2780 3440 2831 etiam
3486 2779 3621 2831 liber
3652 2794 3753 2831 xvr

2160 2871 2489 2925 inscribitur.
2522 2870 2737 2925 Librum
2779 2878 3014 2924 sextum.
3052 2871 3148 2924 llic
3177 2881 3355 2924 autem
3398 2870 3582 2924 titulus
3610 2871 3763 2924 libro

2157 2972 2311 3015 sexto
2356 2972 2409 3015 et
2456 2964 2643 3032 quinto
2691 2964 3061 3033 prmﬁgebatur
3094 2980 3110 3017 ε
3145 2963 3220 3015 De
3274 2963 3436 3017 verbis
3486 2966 3759 3018 seniorum

2155 3063 2450 3109 amatorum
2478 3053 2709 3110 Patrum.
2757 3054 2913 3123 Quod
2943 3070 3070 3125 opus
3103 3054 3163 3109 de
3196 3052 3376 3109 Grtrco
3407 3060 3459 3108 tn
3491 3055 3751 3107 Latinum

2160 3149 2421 3203 transtulit
2454 3148 2693 3217 Pelagius
2720 3151 2965 3204 diaconus
3011 3150 3252 3202 Ecclesia?
3287 3150 3549 3215 Romanae,
3580 3156 3759 3202 extr:-

469 3236 709 3302 qumdam
763 3251 829 3290 ex
869 3236 1005 3291 Vitis
1062 3237 1299 3290 Patrum.
1358 3237 1431 3290 Ex
1484 3239 1620 3291 libro
1675 3239 1850 3304 primo
1905 3239 2130 3299 VitasC
2164 3256 2297 3291 mam
2322 3249 2521 3301 partem
2548 3238 2774 3293 Joannes
2802 3240 3142 3293 subdiaconus
3168 3240 3449 3293 transtulit.

474 3325 642 3390 Pauli,
669 3325 906 3392 Antonii,
934 3326 1238 3381 Hilarionis.
1275 3326 1536 3393 Quaedam
1555 3342 1622 3380 ex
1653 3326 1788 3382 libro
1818 3330 2055 3382 secundo

467 3432 515 3474 et
540 3420 788 3487 septimo.

540 3510 664 3564 Mss.
713 3508 1014 3565 lnsulenses
1041 3510 1148 3565 dno
1179 3511 1575 3566 rnetnbranacci
1613 3510 1894 3566 clarissimi
1928 3512 2050 3577 viri,

468 3601 704 3669 mihique
733 3600 1066 3667 amicissimi,
1108 3599 1336 3654 Tnssani
1388 3600 1763 3664 Desbarbieux,
1808 3601 2050 3667 in-l'olio,

466 3708 569 3747 non
592 3691 747 3749 valde
769 3692 984 3756 vetusti,
1008 3707 1233 3761 quorum
1263 3695 1400 3747 alter
1421 3694 1728 3747 continebat
1754 3711 1769 3747 :
1802 3695 1881 3748 Ex
1912 3694 2052 3749 libro

466 3786 639 3854 primo
695 3795 897 3840 tantum
954 3786 1128 3839 Vitam
1189 3786 1364 3841 Marite
1423 3787 1798 3857 Aigyptiacm,
1872 3788 2051 3842 Marica

466 3879 639 3947 neptis
676 3878 922 3943 Abrahae,
946 3877 1174 3946 Pelagia:
1202 3879 1520 3943 meretricis,
1548 3891 1602 3933 et
1631 3880 1842 3933 Thaisis
1874 3894 2050 3933 mere-

465 3971 630 4026 tricis.
685 3972 760 4025 Ει
803 3970 1098 4040 appendit-0
1142 3970 1315 4023 stilum
1362 3969 1660 4024 Heraclidis
1710 3969 2045 4023 Paradisum.

464 4062 612 4116 Alter
662 4075 815 4126 vero,
865 4076 930 4115 ex
978 4061 1114 4115 libro
1154 4061 1329 4131 primo
1381 4069 1582 4114 tantum
1639 4061 1799 4112 vitam
1851 4069 2049 4114 sant-tte

466 4153 688 4207 Marium
731 4151 974 4221 virginis,
1025 4160 1080 4208 et
1121 4162 1319 4205 sancta:
1374 4152 1549 4206 Paula:
1602 4150 1796 4205 viduae.
1857 4151 2047 4205 Totum

464 4245 659 4298 librum
710 4244 955 4313 quintum
1001 4243 1197 4312 Pelagii
1247 4244 1305 4298 S.
1349 4243 1415 4297 Β.
1463 4243 1527 4297 Ε.
1574 4242 1809 4298 diaconi.
1854 4242 2047 4298 Totum

464 4335 659 4391 librum
689 4343 900 4390 sextum
931 4333 1154 4390 Joannis
1184 4334 1239 4390 S.
1276 4334 1339 4390 ll.
1369 4335 1428 4389 E.
1458 4335 1790 4391 subdiaconi.

532 4425 631 4483 Ms.
662 4427 845 4482 Sancti
891 4426 1136 4495 Sepulcri
1181 4427 1371 4495 major,
1406 4442 1471 4482 ex
1504 4429 1831 4481 monasterio
1861 4425 2046 4483 Sancti

462 4519 725 4587 Sepulcri,
770 4518 911 4588 quod
953 4518 1229 4572 Carueraci
1274 4528 1377 4585 est,
1426 4518 1631 4573 ordinis
1666 4520 1833 4573 sancti
1879 4519 2049 4575 Bene-

2230 3330 2324 3385 Ms.
2378 3331 2873 3394 Rurmmundanus,
2934 3347 3000 3385 ex
3047 3331 3273 3400 collegio
3319 3340 3502 3384 nostro
3556 3331 3758 3387 Itur-£-

2159 3423 2374 3476 munda:
2414 3422 2467 3476 in
2519 3437 2866 3492 pergameno,
2926 3423 3159 3487 in-l'olio,
3205 3439 3232 3473 a
3282 3422 3483 3476 recenti
3535 3438 3761 3480 manu:

2155 3514 2381 3566 Constat
2432 3511 2666 3582 quinque
2716 3512 2890 3577 libris,
2930 3511 3005 3565 uti
3060 3515 3229 3581 prima
3261 3513 3445 3567 editio.
3496 3512 3572 3566 Ex
3614 3528 3761 3581 qua,

2156 3601 2299 3671 quod
2351 3614 2517 3669 pauca
2591 3600 2956 3669 Iypographizc
3018 3601 3240 3654 infantia
3310 3601 3763 3669 imprimerentur

2157 3692 2511 3760 exemplaria,
2538 3689 2753 3745 videtur
2780 3692 3104 3759 exscriptus.
3140 3690 3193 3744 In
3227 3692 3331 3744 line
3362 3690 3457 3744 has
3482 3703 3761 3759 prrterea

2161 3784 2304 3837 Vitas
2360 3782 2736 3851 complectitur
2786 3798 2800 3832 :
2849 3781 2995 3835 Pauli
3039 3782 3195 3851 primi
3246 3783 3521 3847 cretuitre,
3573 3786 3768 3839 sancti

2155 3877 2402 3943 Antonii,
2455 3876 2772 3940 Hilarionis,
2833 3874 3060 3941 Malchi,
3118 3875 3391 3930 Pachornii
3423 3918 3436 3938 ,
3486 3877 3760 3949 Abrahae,

2156 3968 2452 4033 Frontonii,
2495 3967 2734 4021 Birlaam
2770 3976 2823 4020 et
2845 3965 3122 4039 Josaphat,
3162 3965 3382 4021 Thaidis
3413 3970 3756 4034 meretricis,

2153 4060 2383 4130 Pelagia:
2414 4058 2737 4123 meretricis,
2774 4057 2951 4112 Mariae
2985 4057 3335 4128 Egyptiacae,
3370 4059 3567 4113 Paulae.

2221 4153 2318 4207 Ms.
2369 4152 2617 4217 Sionius,
2678 4150 2991 4205 monasterii
3045 4149 3416 4218 religiosarum
3469 4152 3536 4204 de
3586 4150 3767 4215 Sion,

2150 4245 2353 4299 ordinis
2385 4244 2554 4298 sancti
2608 4242 2887 4309 Augustini
2935 4241 3205 4303 Cortrari,
3255 4242 3485 4305 iit-folio,
3526 4242 3765 4309 charta,

2152 4336 2460 4391 charactere
2481 4336 2799 4397 recentiore,
2848 4333 3082 4401 scriptus
3109 4348 3249 4387 anno
3287 4332 3442 4387 H69.
3473 4333 3764 4390 Convenit

2152 4431 2311 4498 plane
2334 4444 2456 4483 cttm
2487 4428 2654 4496 prima
2685 4426 2943 4490 editione,
2966 4440 3031 4479 ex
3062 4439 3232 4495 eaque
3258 4424 3585 4492 descriptum
3620 4440 3749 4479 non

2150 4521 2356 4574 dubito.
2410 4520 2468 4573 In
2499 4518 2603 4573 ﬁne
2632 4518 2727 4571 itas
2757 4516 2973 4570 Patrum
3013 4515 3161 4570 Vitas
3186 4515 3334 4570 addit
3362 4532 3376 4569 :
3402 4516 3569 4569 sancti
3616 4517 3757 4569 An-

462 4611 615 4678 dicti,
664 4610 897 4675 inol'olio,
939 4611 1278 4674 chartaccus.
1332 4613 1533 4667 recenti
1578 4626 1759 4665 manu.
1799 4610 2047 4666 Continet
2075 4605 2130 4665 Ι)
2157 4617 2308 4681 tonii,
2339 4616 2507 4669 sancti
2538 4614 2830 4681 Pachomii,
2865 4614 3087 4682 Epicteti
3110 4623 3162 4667 et
3192 4610 3447 4666 Astionis.

461 4719 527 4757 ex
575 4703 715 4758 libro
766 4703 941 4771 primo
1002 4700 1200 4756 Vitas:
1243 4700 1437 4755 Malchi
1497 4702 1743 4757 monachi
1812 4702 2044 4771 captivi,

461 4804 683 4849 auctore
754 4794 879 4849 divo
944 4794 1300 4864 Hieronymo;
1361 4802 1561 4848 sanctte
1637 4792 2043 4864 Euphrosynae,

462 4887 682 4941 Thaidis
708 4886 1031 4953 meretricis,
1073 4886 1253 4941 Maria:
1280 4885 1638 4956 Egyptiacae,
1687 4885 1905 4939 Marine:
1933 4886 2045 4945 vir-

460 4982 621 5045 ginis.
673 4977 889 5033 Librum
946 4979 1266 5041 secundum,
1328 4992 1485 5047 quem
1542 4977 1729 5031 tribuit
1785 4974 2043 5039 Palladio,

464 5078 646 5140 anule
671 5070 739 5125 ab
765 5070 1089 5140 Hieronymo
1116 5071 1184 5127 de
1213 5071 1402 5126 Grteco
1441 5071 1492 5123 in
1520 5069 1771 5124 Latinum
1809 5083 2041 5123 cnnver-

464 5181 606 5220 snnt.
657 5164 872 5218 Librum
915 5165 1155 5227 tertium,
1214 5163 1408 5218 librum
1464 5174 1735 5232 quartum.
1789 5162 1866 5215 Ex
1908 5161 2046 5217 libro

464 5262 671 5322 quinto,
703 5254 794 5323 qui
821 5254 1116 5310 octodecim
1151 5254 1345 5309 libellis
1374 5263 1605 5318 constat,
1642 5253 1801 5307 habet
1841 5261 2041 5307 tantum

465 5352 581 5401 sine
603 5347 708 5401 ulla
738 5346 1039 5401 libellorum
1077 5346 1422 5402 distinctione
1454 5360 1705 5401 numeros
1735 5360 1897 5400 cch.
1938 5344 2044 5397 Vo-

462 5447 758 5507 ranturqtte
820 5438 1202 5491 Αάηιοηὶιὶοησδ
1247 5447 1540 5491 sanctorum
1590 5433 1807 5488 Patrum
1859 5435 1924 5487 de
1965 5436 2044 5486 di-

468 5544 606 5583 verso
626 5545 804 5598 genere
833 5530 1098 5592 virtutum,
1136 5543 1265 5597 quas
1296 5526 1540 5595 Pelagius
1585 5526 1837 5578 diaronus
1870 5524 2048 5579 Eccle-

464 5625 553 5679 sia
580 5622 826 5677 Romana:
846 5621 910 5675 de
931 5619 1115 5675 Graeco
1140 5621 1193 5671 in
1221 5618 1464 5671 Latinum
1503 5618 1786 5674 transtulit.

538 5715 634 5770 Ms.
688 5715 869 5771 S»ncti
909 5712 1153 5779 ScpuICri
1208 5712 1410 5775 minor,
1461 5712 1513 5765 in
1565 5711 1908 5775 membrana,
1963 5712 2045 5766 in-

464 5819 673 5879 quarto,
706 5822 862 5863 manu
904 5819 1115 5876 quoque
1146 5805 1372 5859 recenti.
1410 5805 1795 5872 Coutpleclitttr
1824 5815 1999 5860 autem
2030 5820 2043 5856 :

2227 4710 2401 4775 Atque
2443 4705 2557 4759 haec
2599 4703 2737 4759 dicta
2780 4706 2887 4758 sint
2934 4704 3003 4758 de
3049 4701 3427 4768 manuscriptis
3468 4698 3615 4752 libris
3645 4698 3761 4766 qui

2156 4801 2391 4871 integros
2418 4798 2677 4868 quosdam
2711 4798 2876 4852 libros
2907 4797 2990 4852 vel
3022 4811 3267 4866 magnam
3318 4796 3574 4848 librorum
3615 4807 3765 4859 par-

2156 4904 2262 4949 tem
2303 4908 2369 4948 ex
2418 4892 2504 4959 iis,
2552 4905 2687 4961 quos
2728 4891 2951 4956 damus,
3001 4889 3554 4958 comprehenderunt;
3614 4900 3763 4939 nam

2155 4983 2384 5040 subinde
2414 4992 2469 5038 et
2506 4982 2608 5037 alia
2648 4982 3004 5049 manuscripts
3044 4983 3272 5035 citamus
3308 4994 3427 5048 quae
3457 4978 3538 5031 vel
3574 4990 3767 5030 unam

2159 5075 2330 5130 Vitam
2361 5074 2617 5140 aliquam.
2648 5071 2731 5126 vcl
2762 5071 2938 5125 simile
2967 5071 3095 5141 quid
3127 5070 3231 5124 huc
3253 5076 3503 5138 spectans
3531 5076 3771 5122 tantum

2153 5164 2374 5228 trahent,
2399 5163 2475 5216 uti
2499 5161 2739 5216 invenies
2763 5160 3132 5214 Bertinianum
3166 5160 3305 5228 apud
3332 5158 3771 5222 Audomaropo—

2155 5256 2269 5323 lim,
2298 5253 2710 5313 Laurentianum
2745 5254 2884 5322 apud
2926 5252 3215 5314 Leodium,
3252 5251 3529 5320 Brugense
3564 5248 3773 5302 socie-

2155 5348 2276 5401 tatis
2306 5354 2526 5408 uostrte,
2547 5353 2602 5399 et
2623 5344 2665 5399 si
2696 5358 2816 5415 quae
2845 5343 2969 5396 alia.

2228 5440 2427 5514 Pra-ter
2458 5438 2574 5492 lttcc
2608 5436 2963 5501 manuscripta
2996 5433 3208 5499 Latina,
3237 5431 3488 5487 nonnulla
3518 5444 3767 5499 quoque

2154 5531 2339 5586 Grmca
2373 5539 2557 5583 nactus
2587 5544 2725 5592 sum,
2756 5544 2787 5581 e
2817 5528 3009 5596 quibus
3049 5526 3232 5579 Latina
3275 5535 3399 5579 sunt
3438 5536 3704 5590 expressa
3741 5539 3767 5589 ;

2155 5624 2249 5678 sed
2298 5634 2677 5692 pauca,caque
2720 5620 2850 5673 satis
2891 5617 3218 5687 imperfecta,
3264 5632 3384 5685 quae
3408 5612 3638 5669 subinde
3667 5615 3773 5669 ad

2154 5715 2325 5770 lucem
2355 5718 2510 5770 citata
2558 5713 2814 5767 invenies.
2851 5709 2980 5763 Nam
3027 5707 3125 5763 alia
3155 5706 3399 5776 quaedam
3447 5701 3618 5759 serius
3672 5705 3780 5761 ad

2158 5821 2342 5860 manus
2374 5820 2520 5859 meas
2552 5818 2859 5869 pervenere.
