4002 6222
315 359 383 415 $5
1555 359 2111 417 PROLECOMENON
2151 358 2336 416 XXVI.
3518 370 3588 427 86

733 472 1286 530 PROLEGOMENON
1323 472 1489 529 XXV.

639 588 718 643 De
747 587 1031 659 appendice
1056 588 1124 641 ad
1160 587 1303 643 Vitas
1334 588 1569 643 Patrum.

388 696 645 773 [uuln]
676 699 877 754 Placuit
907 699 1043 753 hanc
1071 699 1419 769 appendicem
1456 700 1675 767 reliquis
1713 699 1778 753 de
1803 697 1900 752 Pa-

316 799 451 844 trum
487 788 602 844 Vita
631 790 779 845 libris
822 792 1063 859 jungere,
1098 801 1206 844 tum
1259 792 1329 845 ob
1372 800 1689 846 vetuSIatem
1735 788 1899 843 inter-

316 889 545 948 prclutn,
582 890 692 934 tum
717 891 776 934 ut
806 883 893 936 lux
920 880 1145 935 subinde
1174 880 1305 935 locis
1332 879 1505 935 dubiis
1536 895 1601 935 ex
1634 882 1895 947 interpre-

314 973 531 1025 tationis
560 974 817 1027 varietate
839 971 1108 1042 atl'ulgeat,
1138 983 1248 1026 tum
1279 972 1439 1027 etiam
1466 973 1607 1041 quod
1629 972 1894 1040 quaedam,

312 1062 414 1115 etsi
437 1064 687 1132 paucula,
721 1063 836 1117 haec
860 1062 1123 1132 appendix
1172 1062 1444 1119 contineat
1487 1078 1605 1133 quae
1654 1063 1704 1116 in
1754 1078 1897 1132 pr.o-

316 1152 459 1209 ribus
510 1169 619 1209 non
672 1155 743 1209 sit
775 1158 1033 1224 reperire.

385 1245 641 1302 Continet
668 1257 843 1303 autem
878 1248 991 1302 hare
1019 1249 1280 1317 appendix
1309 1250 1405 1303 tria
1430 1247 1705 1318 opuscula,
1731 1249 1895 1303 lli-ra-

311 1338 464 1394 clidis
492 1338 809 1393 Paradisum
830 1379 845 1405 ,
876 1350 931 1393 et
979 1340 1197 1395 Palladii
1248 1340 1584 1405 Lausiacam,
1613 1357 1677 1395 ex
1727 1344 1893 1396 veteri

314 1439 596 1497 utrumque
625 1430 1067 1498 interpretatione
1087 1470 1102 1495 ,
1134 1432 1200 1485 de
1228 1432 1420 1501 quibus
1449 1432 1569 1486 vide
1597 1432 1735 1486 dicta
1763 1447 1891 1501 pro-

310 1523 587 1591 legomene
614 1523 673 1587 4,
705 1522 732 1593 §
761 1525 814 1590 '5,
838 1533 891 1579 et
914 1525 1294 1594 prolcgemeno
1325 1525 1410 1579 ll.

376 1613 546 1679 Quem
577 1616 664 1669 hic
691 1614 882 1671 damus
910 1616 1220 1671 Paradisum
1250 1617 1465 1674 nomine
1494 1618 1814 1685 Heraclidis,
1839 1620 1894 1675 in

308 1707 673 1776 manuscripto
722 1709 1017 1763 Moretiano
1063 1709 1371 1765 inscribitur
1415 1728 1428 1763 :
1477 1709 1747 1767 Paschasii
1791 1714 1896 1767 sive

307 1794 538 1852 Palladii
565 1798 775 1852 diaconi
803 1800 871 1852 ad
902 1799 1217 1870 Eugippium
1242 1801 1621 1872 presbyterum,
1656 1806 1709 1856 in
1737 1804 1888 1869 libro,

305 1888 394 1954 qui
420 1900 634 1941 uocatur
666 1889 955 1942 Paradisus
977 1891 1041 1942 de
1067 1890 1328 1945 miraculis
1352 1903 1643 1946 sanctorum
1672 1891 1891 1947 Patrum

307 1989 355 2034 st
381 1981 479 2033 vita
505 1974 704 2034 eorum.
737 1980 833 2035 Cui
885 1981 1042 2036 titulo
1084 1982 1422 2053 subiungitur
1467 1984 1583 2040 haec
1625 1986 1888 2055 epistola:

382 2089 401 2122 s
436 2069 664 2125 Domino
694 2087 793 2127 suo
836 2087 1158 2142 semperque
1203 2074 1523 2130 charissimo
1578 2076 1892 2147 presbytero

306 2162 626 2220 Paschasius
653 2165 934 2222 diaconus.

375 2254 562 2310 Frater
610 2256 661 2309 in
711 2255 927 2312 Christo
971 2258 1325 2326 charissime,
1368 2261 1494 2315 dum
1543 2278 1639 2316 nos
1691 2264 1891 2331 peritia:

306 2357 408 2401 tua:
448 2347 863 2405 facundia.......
907 2351 1010 2409 Sed
1059 2354 1253 2421 optatis
1294 2357 1628 2411 successibus
1674 2370 1893 2413 eatenus

303 2440 587 2508 ampliatur
625 2442 679 2495 δι.
730 2461 749 2495 ι

372 2527 614 2603 [antv]
660 2531 787 2587 Inde
831 2535 1197 2602 sequebatur:
1244 2535 1497 2607 Prologus
1545 2539 1739 2609 primus
1789 2538 1890 2592 Pa-

302 2620 506 2687 schasii,
531 2623 635 2677 sire
660 2624 895 2679 Palladii
914 2628 1118 2681 diaconi
1137 2630 1206 2682 ad
1232 2628 1791 2701 Lausum_episc0pum.
1826 2631 1891 2688 In

302 2710 396 2769 hoc
423 2713 585 2777 tibro,
617 2722 725 2769 etc.
758 2716 884 2771 Inde
910 2734 923 2769 :
954 2716 1223 2772 Secundus
1263 2719 1549 2790 prologus:
1584 2721 1737 2775 Multi
1774 2724 1891 2792 qui-

302 2806 411 2857 dem
423 2807 637 2863 mullos.
652 2803 783 2864 Inde
801 2808 1198 2881 caputprimum
1221 2808 1458 2866 Paradisi
1485 2829 1497 2863 :
1522 2810 1651 2865 Cum
1673 2814 1891 2882 primum

304 2896 702 2955 Alexandriam.
1882 2897 1902 2917 .

368 2990 611 3047 Similem
640 2992 892 3051 Codicem
924 3012 1025 3051 ms.
1057 3013 1176 3052 cum
1207 3000 1290 3055 his
1325 3002 1490 3056 titulis
1540 3010 1594 3055 et
1624 3001 1890 3069 praefatio-

302 3079 452 3133 nibns
482 3080 692 3137 invenit
724 3084 922 3140 Vezclii
953 3088 1005 3141 in
1057 3088 1280 3155 Heduis,
1312 3093 1448 3160 apud
1498 3094 1887 3148 nobilissimum

302 3169 410 3237 ejus
439 3172 542 3225 loci
569 3174 820 3229 abbatem
852 3176 1112 3232 Erardum
1128 3179 1514 3248 Rupefortium,
1533 3184 1886 3239 amicissimus
1911 3201 1958 3263 ο

302 3262 427 3318 mihi
458 3264 634 3328 Lucas
661 3267 989 3336 liolstenius,
1023 3272 1096 3326 uti
1128 3288 1221 3341 per
1264 3274 1471 3329 litteras
1518 3291 1605 3331 me
1650 3279 1881 3341 monuit,

301 3355 343 3407 si
373 3354 512 3409 forte
542 3357 662 3411 usui
710 3369 859 3413 esset
901 3361 966 3414 ad
1016 3363 1305 3417 secundam
1353 3364 1489 3420 hanc
1540 3367 1883 3423 Moretianam

300 3443 587 3501 editionem
643 3449 1030 3505 adornandam.
1102 3454 1292 3510 Parem
1358 3471 1569 3526 quoque
1633 3459 1885 3513 Codicem

301 3535 483 3593 eodem
510 3539 700 3595 ordine
726 3540 991 3610 digestum
1021 3544 1266 3599 submisit
1294 3544 1617 3602 clarissimus
1658 3549 1719 3602 D.
1748 3547 1885 3603 Tus-

300 3641 459 3681 unus
497 3628 846 3686 Desbarbieua:
865 3674 879 3697 ,
907 3634 976 3690 de
1007 3650 1111 3703 quo
1134 3640 1311 3691 monui
1349 3638 1734 3706 Prolegomeno
1755 3640 1849 3694 2i.

368 3719 631 3785 Equidem
680 3722 970 3779 Paschasio
1012 3726 1168 3793 huic,
1215 3729 1304 3796 qui
1356 3729 1601 3802 Eugippii
1650 3741 1887 3801 tempore

303 3810 453 3874 vixit,
485 3813 622 3866 liber
650 3815 738 3868 hic
768 3818 917 3870 velut
939 3818 1143 3873 auctori
1173 3819 1331 3873 tribui
1386 3836 1492 3874 non
1542 3831 1740 3891 potest,
1766 3838 1885 3878 cum

301 3913 489 3956 auctor
514 3904 571 3957 in
600 3904 702 3960 hoc
728 3906 866 3962 libro
896 3908 1268 3979 interloquens
1293 3924 1443 3968 certo
1474 3914 1661 3969 vixerit
1690 3918 1887 3973 smculo

302 3991 469 4046 sancti
500 3993 831 4065 Hieronymi,
860 4006 914 4052 et
944 3997 1157 4052 Patrum
1181 4015 1372 4072 magna
1417 4019 1483 4058 ex
1531 4018 1679 4073 parte
1705 4048 1719 4072 ,
1754 4023 1887 4075 quo-

300 4096 418 4137 rum
452 4083 626 4140 Vitam
657 4087 932 4145 describit.
966 4090 1142 4156 Quare
1171 4103 1318 4147 recte
1347 4093 1584 4149 additum
1621 4098 1726 4150 sive
1759 4096 1886 4151 Pul-

300 4172 464 4239 ledii;
514 4189 642 4230 vere
695 4178 841 4231 enim
898 4178 1204 4247 Palladius,
1261 4182 1345 4236 vel
1400 4183 1745 4257 Heraclides,
1803 4189 1886 4244 vel

300 4265 564 4335 quispiam
590 4268 729 4324 alius
755 4284 941 4325 eorum
967 4274 1210 4343 aequalis,
1245 4274 1404 4345 hujus
1435 4277 1671 4333 l'aradisi
1699 4290 1886 4335 auctor

301 4368 400 4413 est.

367 4455 452 4508 An
482 4454 645 4523 igitur
673 4456 995 4531 Paschasius
1018 4460 1105 4516 hic
1130 4463 1389 4521 dicendus
1411 4477 1491 4523 est
1523 4478 1674 4524 vetus
1727 4469 1883 4539 hujus

1931 474 1981 533 Α
2008 471 2148 527 docti
2179 475 2546 543 interpretatio
2573 482 2674 544 est,
2718 494 2815 534 nec
2842 480 3011 549 stylus
3053 483 3274 538 multum
3324 483 3528 543 abludit
3557 504 3584 541 ι

2002 563 2142 631 ston
2176 563 2306 618 Viue
2336 567 2502 621 sancti
2536 566 2799 624 Severini.
2850 569 2959 639 Ego
3001 572 3073 626 ob
3123 573 3258 629 hanc
3300 577 3581 643 epistolam

2004 655 2088 709 hic
2135 654 2351 712 fortuito
2395 660 2687 727 praelium,
2738 678 2841 716 non
2889 678 3053 718 ausus
3097 665 3169 719 fui
3220 668 3269 721 ei
3318 671 3579 738 interpre-

2001 749 2254 805 tationem
2294 766 2556 808 asserere.
2592 752 2666 808 De
2698 753 2983 811 Paschasio
3006 755 3106 810 hoc
3128 758 3277 827 plura
3308 760 3426 816 vide
3453 761 3587 818 Pro-

1999 839 2280 909 legumeno
2316 844 2395 898 Η.

2072 931 2299 1005 [ιιιιν]
2345 933 2594 991 Continet
2639 946 2895 1006 praeterea
2948 939 3317 1011 Egyptiorum
3368 943 3581 999 Patrum

1998 1025 2327 1091 sententias,
2378 1026 2666 1095 interprete
2715 1029 2940 1084 Martino
2989 1031 3258 1087 Dumiensi
3308 1034 3579 1104 episcopo.

1996 1130 2128 1184 quas
2157 1131 2221 1169 ex
2247 1116 2445 1173 Codice
2478 1119 2827 1175 Bibliotheca:
2858 1122 3129 1177 Toletancc
3174 1134 3483 1193 excerptas,
3515 1141 3582 1182 ex

2000 1207 2247 1279 Hispania
2277 1210 2343 1263 ad
2394 1226 2480 1265 me
2525 1214 2820 1267 transmisit
2864 1213 2929 1268 Β.
2987 1215 3045 1268 Ρ.
3090 1216 3508 1285 Christuphurus
3551 1235 3582 1274 ι

1997 1298 2184 1353 Castro
2211 1302 2492 1355 Sacrarum
2526 1302 2845 1357 Litterarum
2890 1306 2941 1357 in
2975 1305 3213 1377 Collegit)
3242 1318 3424 1362 nostro
3466 1309 3582 1365 Sal-

1998 1393 2310 1447 manticeusi
2344 1394 2634 1464 professor.
2664 1398 2806 1461 Quas
2834 1397 2997 1450 etiam
3048 1401 3222 1468 reperi
3280 1400 3330 1452 in
3384 1399 3583 1457 Codice

1998 1494 2303 1550 pervetusto
2327 1487 2494 1541 sancti
2528 1485 2780 1551 Floriani,
2814 1502 2844 1541 e
2874 1487 3161 1543 Germania
3214 1491 3345 1545 mihi
3378 1506 3579 1561 suppe-

1996 1574 2186 1630 ditato.

2067 1667 2276 1721 Martini
2308 1668 2611 1745 Dumiensis
2641 1672 2877 1742 episcopi
2907 1674 3038 1729 varii
3072 1676 3367 1731 meminere
3395 1687 3578 1733 aucto-

1998 1773 2122 1814 res:
2156 1760 2411 1827 lsidorus,
2447 1763 2583 1818 libro
2610 1765 2676 1821 de
2726 1765 3017 1822 lllustribus
3052 1768 3301 1823 Ecclesia:
3340 1770 3582 1837 Scripto-

1923 1836 1971 1898 Β
1999 1849 2163 1914 ribus,
2198 1866 2315 1921 cap.
2346 1852 2443 1917 22;
2468 1854 2780 1923 Sigebertus
2808 1856 2858 1910 in
2890 1858 3048 1912 simili
3074 1860 3403 1929 Scriptorum
3435 1836 3581 1917 cata-

1997 1940 2140 2007 logo,
2171 1954 2290 2010 cap.
2322 1943 2388 1996 19
2418 1951 2472 1997 et
2504 1943 2625 1998 118.
2676 1945 2798 2001 Fuit
2841 1946 2925 2001 hic
2972 1948 3134 2003 abbas
3181 1958 3237 2005 et
3275 1952 3577 2020 episcopus,

1995 2035 2086 2102 qui
2117 2034 2407 2091 Dumiense
2439 2038 2490 2092 in
2539 2037 2788 2094 Callaecia
2835 2044 3214 2097 monasterium
3260 2047 3578 2110 construxit,

1997 2132 2180 2193 postea
2222 2127 2508 2196 episcopus
2560 2128 2952 2197 Braccarensis,
2987 2133 3138 2203 cujus
3184 2134 3243 2189 lit
3285 2135 3573 2191 honorifica

1997 2218 2196 2272 mentio
2223 2217 2275 2272 in
2306 2221 2535 2276 concilio
2561 2222 2818 2277 Toletano
2842 2225 3074 2292 decimo,
3107 2240 3224 2292 cap.
3260 2228 3289 2279 7
3339 2243 3405 2282 ex
3451 2242 3577 2281 cou-

1994 2306 2122 2361 cilio
2147 2306 2431 2362 Valentino
2458 2326 2472 2374 ;
2503 2320 2556 2363 et
2578 2310 2630 2364 in
2658 2311 2864 2381 synodo
2889 2313 3227 2369 Braccarensi
3256 2315 3445 2384 prima,
3471 2332 3577 2372 ωτι

1995 2396 2131 2461 598;
2167 2407 2220 2453 et
2250 2398 2303 2453 in
2330 2401 2584 2466 secunda,
2617 2417 2723 2457 tera
2754 2403 2887 2467 610,
2922 2406 3113 2475 quibus
3145 2407 3377 2475 praefuit.
3407 2409 3575 2463 Cura-

1992 2490 2073 2543 vit
2100 2490 2191 2545 ille
2217 2492 2429 2560 quidem
2462 2496 2713 2548 nonnulla
2744 2510 2812 2551 ex
2844 2495 3033 2552 Greco
3078 2497 3209 2551 verti
3256 2514 3350 2567 per
3399 2501 3569 2563 alios;

1996 2582 2067 2636 ita
2098 2584 2240 2637 enim
2285 2583 2595 2653 Sigebertus
2638 2601 2823 2656 supra,
2873 2602 2992 2656 cap.
3048 2587 3190 2642 l08:
3247 2608 3266 2641 ε
3324 2591 3576 2645 Martinus

1992 2673 2278 2743 episcopus
2308 2676 2578 2730 transtulit
2604 2692 2700 2744 per
2728 2693 2919 2733 manus
2947 2678 3215 2735 Paschasii
3246 2681 3456 2736 diaconi
3490 2684 3573 2737 in-

1995 2766 2385 2836 terrogationes
2431 2778 2484 2822 et
2531 2773 2912 2837 responsiones
2965 2771 3216 2839 plurimas
3266 2784 3570 2827 sanctorum

1992 2857 2360 2928 Egyptiorum
2394 2860 2607 2915 Patrum
2656 2862 2707 2915 in
2760 2863 3029 2917 Dumiensi
3074 2865 3341 2919 coenobio.
3376 2884 3396 2919 ο
3448 2867 3575 2932 Qua:

1992 2950 2309 3007 Paschasius
2336 2953 2449 3023 ejus
2471 2953 2627 3022 jussu
2655 2956 2944 3019 transtulit,
2972 2956 3134 3011 habes
3165 2957 3299 3011 libro
3322 2958 3573 3025 septimo.

1993 3042 2124 3100 Fors
2151 3042 2287 3099 idem
2317 3044 2636 3100 Paschasius
2665 3055 2719 3100 et
2747 3047 2859 3101 hinc
2886 3050 3002 3115 ejus
3048 3059 3234 3119 rogatu
3283 3049 3569 3103 transtulit.

1991 3140 2124 3207 Quia
2153 3152 2329 3196 tamen
2365 3139 2571 3196 Martini
2595 3139 2808 3196 nomine
2838 3141 2889 3194 in
2942 3140 3149 3195 duobus
3198 3140 3573 3210 manuscriptis

1992 3230 2356 3298 inveniuntur,
2391 3242 2443 3287 et
2471 3231 2585 3301 ipse
2613 3233 2804 3287 asserit
2833 3246 2891 3288 se
2915 3231 3283 3288 collectionem
3328 3232 3573 3286 0rieuta~

1987 3322 2114 3378 lium
2173 3338 2435 3377 canonum
2483 3323 2818 3388 emendasse,
2870 3335 2925 3379 et
2965 3324 3031 3378 ad
3079 3325 3320 3379 Gra'cum
3373 3330 3573 3378 texttun

1989 3428 2177 3469 rursus
2200 3413 2493 3469 contulisse
2520 3416 2672 3485 (qua:
2697 3413 2923 3469 habetur
2947 3416 2998 3469 in
3024 3417 3179 3469 tomis
3201 3415 3573 3477 conciliorum,

1990 3513 2109 3574 post
2134 3505 2416 3559 concilium
2470 3504 2711 3559 anense
2766 3504 2852 3573 ιι),
2913 3507 3077 3573 potuit
3130 3506 3244 3575 ipse
3298 3520 3329 3559 e
3383 3504 3574 3559 Graeco

1987 3607 2042 3650 et
2072 3594 2186 3649 hinc
2217 3595 2569 3650 transtulisse.
2600 3594 2775 3663 Quare
2803 3595 2917 3665 ejus
2948 3595 3163 3651 nomine
3193 3596 3247 3651 in
3277 3595 3572 3665 appendice

1989 3686 2133 3740 ded"
2382 3754 2936 3812 PROLEGOMENON
2980 3755 3166 3812 XXVI.

2173 3870 2334 3925 Varia
2367 3872 2561 3925 monita
2588 3871 2655 3925 ad
2685 3862 2918 3926 lectorem
2947 3871 3103 3938 hujus
3132 3871 3390 3927 elitiom‘s.

2060 3982 2296 4038 Adverte
2344 3984 2550 4052 primo,
2602 3984 2825 4053 primam
2876 3983 3003 4039 mihi
3050 3999 3234 4041 curam
3293 3985 3455 4040 fuisse
3514 3995 3572 4040 ut

1993 4081 2201 4128 textum
2260 4072 2524 4150 cujusque
2567 4074 2802 4127 auctoris
2850 4064 3103 4144 perquam
3151 4073 3461 4129 ﬁdelissime
3506 4091 3572 4130 ex

1990 4163 2093 4219 ﬁde
2114 4175 2354 4219 veterum
2372 4164 2628 4220 Codicum
2648 4168 3023 4235 exprimerem,
3046 4168 3272 4223 servatis
3292 4167 3572 4236 phrasibus

1989 4254 2147 4309 etiam
2178 4257 2353 4310 minus
2375 4257 2606 4321 usitatis,
2630 4272 2728 4312 nec
2757 4256 2909 4312 valde
2939 4273 3151 4329 semper
3178 4257 3405 4323 Latinis,
3432 4268 3485 4313 ut
3516 4268 3572 4315 et

1990 4348 2092 4401 illas
2115 4347 2355 4401 seculum
2384 4348 2615 4402 auctoris
2644 4347 2726 4401 sui
2758 4348 3065 4416 proderent.

2061 4438 2298 4493 Atlverte
2327 4438 2587 4503 secundo,
2618 4439 3013 4509 orthographire
3043 4455 3159 4495 eam
3188 4452 3450 4496 servatam
3482 4457 3568 4496 ra-
3606 4466 3607 4469 η

301 4541 537 4599 Paradisi
566 4546 870 4616 interpres?
893 4527 1002 4605 Nec
1032 4552 1134 4607 hoc
1161 4552 1434 4611 afﬁrmare
1486 4561 1676 4615 habeo.
1725 4527 1883 4618 Certe
1911 4567 1961 4626 Ι)
1991 4527 2210 4626 nunc,“
2243 4541 2401 4595 quam
2433 4527 2819 4597 Tympaphus
2846 4529 3104 4598 Optimam
3123 4531 3396 4626 "dimi"
3427 4532 3571 4626 Qui).

300 4635 430 4689 nihil
456 4638 564 4692 tale
589 4640 827 4695 insinuat
852 4642 967 4698 haec
990 4644 1263 4701 Paschasii
1291 4648 1357 4703 ad
1382 4649 1697 4722 Eugippium
1723 4657 1881 4710 missa

298 4726 549 4795 epistola.
580 4731 689 4785 lmo
716 4733 943 4801 epistola
967 4734 1084 4791 haec
1109 4740 1281 4806 potius
1306 4745 1622 4813 pra-ﬁgenda
1644 4757 1727 4802 est
1753 4747 1884 4803 Vitae

300 4820 469 4875 sancti
499 4819 741 4877 Severini
768 4825 1082 4882 Noricorum
1112 4832 1361 4898 apostoli.
1411 4835 1477 4888 Et
1506 4836 1710 4905 pridem
1742 4853 1883 4893 anno

303 4908 445 4965 1595
471 4924 593 4965 eam
627 4911 758 4967 Vitae
783 4914 955 4970 sancti
980 4917 1222 4974 Severini
1271 4926 1499 4990 praefixit
1544 4927 1884 4984 doctissimus

297 4998 618 5055 scholiastes
646 5000 855 5057 Marcus
885 5005 1133 5081 Velserus
1164 5026 1178 5063 :
1212 5011 1447 5080 Epistola
1477 5025 1655 5071 autem
1690 5017 1883 5089 Eugip-

300 5091 397 5157 pii,
424 5092 511 5145 cui
544 5093 866 5150 PaSc-hasius
894 5098 978 5153 hic
1003 5104 1309 5169 respondet,
1344 5117 1516 5161 exstat
1557 5117 1702 5164 torno
1730 5122 1883 5167 sexto

298 5182 654 5252 Antiquarum
703 5184 1023 5253 lectionum,
1075 5192 1263 5263 pagina
1320 5194 1428 5252 455
1472 5197 1631 5259 (Vide
1678 5200 1880 5255 Patrol.

299 5285 425 5328 tam.
475 5274 677 5343 LXII,
706 5278 807 5333 col.
860 5282 1039 5352 “67).
1088 5283 1145 5339 Si
1195 5287 1409 5344 aliunde
1457 5292 1670 5357 probari
1718 5296 1885 5361 possit

302 5366 646 5424 Paschasium
677 5370 818 5427 hunc
861 5374 1205 5445 interpretem
1252 5395 1370 5435 esse
1417 5384 1572 5452 hujus
1622 5387 1880 5453 Paradisi,

296 5458 344 5511 ei
378 5460 605 5527 posthac
635 5462 955 5521 inscrihatur
985 5483 1046 5522 ea
1078 5469 1462 5541 interpretatio.
1494 5478 1750 5545 Equidem
1782 5481 1882 5536 viri

294 5577 383 5699 ³9⁸
412 5573 589 5701 Εηιηο
638 5575 918 5645 epistolam
951 5579 1142 5636 videsis
1190 5584 1381 5641 Patrol.
1416 5596 1543 5640 tom.
1595 5604 1727 5655 an,
1772 5595 1879 5648 col.

368 5683 381 5695 .
458 5661 568 5700 ωτ.

368 5683 381 5695 .
412 5661 568 5700 ιωτ.

1988 4622 2229 4676 rutndam
2262 4632 2437 4677 tamen
2470 4628 2807 4692 propriorum
2838 4626 3108 4677 nominum
3153 4624 3395 4679 diversas
3442 4624 3572 4679 sub-

1988 4712 2112 4767 inde
2140 4713 2548 4783 orlhographias
2581 4716 2837 4785 reperies,
2869 4716 2963 4770 sed
3012 4715 3149 4784 apud
3202 4716 3442 4769 diwrsos
3493 4716 3572 4769 in-

1988 4812 2338 4873 terpretes,ut
2364 4820 2505 4859 nunc
2529 4805 2695 4869 Scete,
2723 4822 2861 4861 nunc
2886 4806 3074 4873 Scit/ti,
3095 4821 3232 4860 nunc
3257 4805 3567 4874 Pwmenius,

1987 4911 2129 4951 nunc
2165 4896 2448 4955 Pimenius.
2482 4906 2534 4950 et
2562 4898 2750 4951 similia
2783 4898 2988 4965 aliquot
3034 4896 3157 4950 alia.
3187 4895 3316 4964 Quae
3347 4898 3573 4964 plerum-

1986 5003 2091 5058 que
2146 5003 2238 5042 sua
2272 4987 2650 5054 interpretibus
2705 4987 2931 5055 reliqui,
2988 4986 3128 5053 quod
3182 4987 3379 5057 singuli
3438 4986 3574 5043 forte

1988 5078 2351 5133 diver~imode
2382 5078 2593 5133 nomina
2626 5077 2712 5132 illa
2745 5080 2794 5131 in
2822 5078 3009 5132 Grch
3052 5077 3344 5147 exempl-tri
3375 5082 3572 5147 scripta

1989 5170 2314 5226 invenerint.

2060 5259 2294 5314 Adverte
2324 5257 2501 5324 tertio,
2537 5273 2603 5312 ne
2653 5260 2853 5328 saepius
2898 5259 3247 5329 quarumdam
3291 5260 3575 5316 difﬁculta-

1989 5358 2101 5403 tum
2132 5357 2188 5403 et
2217 5347 2500 5403 verborum
2539 5348 2776 5421 [Lxxxvt]
2810 5353 3069 5405 rariorum
3119 5352 3254 5407 ratio
3302 5352 3575 5408 reddenda

1985 5450 2150 5505 esset,
2181 5439 2322 5509 quod
2350 5440 2508 5496 variis
2530 5439 2662 5496 locis
2685 5442 2872 5497 eadem
2897 5454 3265 5508 occurrerent,
3290 5453 3576 5498 contentus

1987 5531 2142 5585 brevi
2183 5530 2235 5585 in
2277 5531 2639 5586 notationibus
2666 5533 3051 5602 explicatione,
3080 5535 3146 5588 ad
3192 5534 3572 5591 OnomaSticon

1988 5637 2146 5691 porro
2164 5623 2365 5689 remisi,
2384 5624 2434 5678 in
2456 5641 2559 5695 quo
2579 5624 2789 5692 plenius
2813 5626 2877 5683 de
2901 5626 2966 5680 iis
2984 5626 3173 5697 agitur.
3202 5625 3259 5679 ln
3281 5636 3386 5695 quo
3407 5621 3579 5676 etiam

2454 5891 2483 5906 ι,
2514 5897 2527 5901 μ
