4002 6244
433 355 500 410 ιτ
1211 397 1217 408 ,
1344 346 1408 403 IN
1445 335 1650 403 vtTAS
1687 343 1967 401 PATRUM
2011 340 2566 400 PROLEGOMENON
2606 344 2792 399 xxvi.

3628 352 3699 406 S8

441 468 697 525 nonnulla
745 469 978 537 reperies
1001 509 1015 537 ,
1047 480 1274 538 quorum
1325 468 1528 523 nullum
1573 467 1626 521 in
1667 466 2026 522 notationibus
2052 460 2102 518 Α
2132 458 2264 526 Quia
2296 479 2422 518 vero
2453 465 2694 534 Pelagius
2717 475 2769 519 et
2792 465 3026 520 Joannes
3052 466 3245 521 librum
3275 468 3500 537 quisque
3549 483 3698 523 suum

431 562 613 616 datum
647 560 920 614 indicium.

503 652 738 708 Adverte
790 661 982 721 quarto
1031 651 1326 706 mirandum
1357 643 1461 705 non
1511 665 1650 716 esse,
1678 651 1723 706 si
1775 649 2012 718 complu-

433 747 578 801 scula
603 745 790 800 eadem
821 748 874 798 in
900 743 1127 799 diversis
1159 743 1330 809 libris,
1359 743 1561 797 variato
1591 751 1792 795 tantum
1845 740 2007 812 style,

431 840 691 906 reperias.
717 837 907 890 Evenit
931 836 1031 891 hoc
1057 837 1195 905 quod
1226 835 1352 890 olim
1384 836 1575 889 diversi
1598 850 1835 889 eremum
1861 835 2009 888 obie-

432 947 514 995 re,
537 942 593 984 et
623 930 769 985 Vitas
795 930 1042 1000 dictaque
1060 918 1289 984 Patrum
1325 932 1400 983 vel
1434 943 1611 982 coram
1644 929 1727 983 vel
1777 928 1845 982 ab
1891 928 2011 983 aliis

429 1038 710 1090 excepere.
743 1024 982 1092 Quisque
1005 1016 1145 1090 quod
1188 1022 1320 1075 vidit
1364 1022 1445 1074 vel
1491 1021 1730 1086 audivit,
1763 1021 1815 1074 in
1858 1034 2009 1073 com-

430 1118 750 1170 mentarium
796 1116 993 1170 retulit.
1046 1114 1297 1175 Accedit,
1328 1113 1467 1182 quod
1517 1113 1732 1178 quidam
1783 1111 2008 1166 aliorum

430 1209 627 1263 scrinia
655 1208 1046 1274 compilarant,
1078 1217 1128 1260 et
1178 1215 1436 1274 prmterea
1488 1203 1729 1272 quaedam
1783 1218 1848 1258 ex
1899 1203 2011 1257 suis

429 1310 642 1367 Quoque
670 1299 967 1352 armariolis
997 1297 1318 1366 adjunxer—e.
1350 1296 1600 1350 Dedimus
1632 1295 1790 1363 igitur
1833 1294 2010 1348 omnia

423 1391 742 1458 proutapud
780 1388 1021 1442 diversos
1060 1397 1306 1442 auctores
1345 1396 1400 1442 et
1443 1387 1758 1456 interpretes
1795 1386 2009 1441 iuveni-

426 1493 576 1543 mus,
608 1487 665 1532 ut
720 1492 850 1533 suus
902 1479 1094 1548 cuique
1145 1487 1414 1534 constaret
1463 1478 1647 1542 labor,
1678 1489 1730 1532 et
1783 1477 2007 1545 plurium

428 1570 801 1624 testificatione
835 1572 951 1639 plus
999 1586 1210 1639 quoque
1260 1571 1474 1624 Patrum
1525 1570 1684 1624 dictis
1729 1572 2011 1626 accederet

427 1664 775 1718 auctoritatis.
812 1665 942 1718 Vide
970 1679 1088 1734 quae
1116 1666 1182 1719 de
1213 1667 1310 1720 hac
1357 1666 1730 1720 convenientia
1778 1667 2010 1722 diximus

425 1757 804 1824 prolegomene
832 1757 886 1820 4,
916 1755 946 1824 §
969 1759 1024 1811 5.

2120 560 2170 611 in
2200 556 2375 610 varios
2404 555 2613 610 libellos
2663 556 2922 629 [Lxxxvu]
2969 560 3275 613 distinctum
3326 560 3520 625 habet,
3572 560 3696 614 dum

2117 668 2210 707 eos
2241 653 2292 705 in
2326 654 2567 720 margine
2598 655 2725 717 cito,
2756 651 3056 708 libellorum
3089 653 3246 708 simul
3292 654 3534 709 ordinem
3558 670 3696 710 .cum

2116 743 2380 797 dictorum
2414 759 2636 798 numero
2667 747 2716 798 in
2750 745 2990 812 margine
3018 749 3252 818 assigno.

2187 835 2419 890 Adverte
2451 837 2713 905 septimo,
2751 836 2801 890 in
2839 837 3255 908 Chorographia‘:
3299 839 3525 895 studiosi
3574 857 3697 911 gra-

2123 930 2268 994 tiam,
2305 926 2539 982 tabulam
2575 944 2672 982 nos
2703 945 2918 985 curasse
2945 933 3250 986 concinnari
3279 935 3612 988 mansionum
3643 946 3697 989 et

2115 1018 2515 1083 expeditionum
2545 1021 2908 1075 eremitarum.
2943 1021 3007 1074 Et
3029 1024 3147 1089 quia
3177 1024 3407 1076 maxime
3435 1025 3699 1093 Atlgyptus

2117 1115 2171 1160 et
2201 1106 2356 1177 Syria
2389 1117 2439 1162 et
2466 1109 2742 1164 Palaestina
2773 1109 2840 1163 ab
2871 1112 3108 1164 eremitis
3147 1113 3248 1165 fuit
3279 1112 3512 1176 exculta,
3573 1125 3696 1183 par-

2118 1200 2392 1254 ticularem
2422 1216 2636 1270 quoque
2664 1216 2848 1256 earum
2881 1202 3295 1257 delineationem
3327 1201 3515 1269 habes,
3557 1207 3696 1271 quod

2114 1289 2168 1342 in
2214 1291 2449 1358 generali
2510 1293 2685 1346 tabula
2744 1293 3076 1362 particularis
3138 1293 3373 1348 locorum
3425 1293 3698 1347 distinctio

2121 1381 2320 1433 servari
2356 1396 2459 1434 non
2490 1390 2690 1450 posset.
2724 1382 2982 1438 Tabulam
3021 1399 3138 1439 eam
3179 1385 3479 1454 proximum
3514 1384 3696 1439 folium

2114 1469 2446 1530 exhibebit“.

2190 1561 2422 1615 Adverte
2461 1571 2672 1626 octavo,
2723 1573 2810 1617 me
2857 1576 2997 1617 nunc
3049 1563 3151 1618 hoc
3177 1577 3318 1616 anno
3365 1561 3522 1626 1627,
3573 1574 3698 1617 cum

2118 1653 2285 1719 prima
2320 1650 2485 1707 editio
2535 1651 2826 1708 Met-etiana
2871 1655 2996 1708 anni
3049 1652 3186 1708 1615
3233 1655 3483 1708 distracta
3527 1665 3697 1722 esset,

2115 1745 2188 1797 uti
2215 1753 2262 1797 et
2294 1743 2661 1813 Lugdunensis
2693 1743 2902 1810 Gallia,
2935 1757 3118 1800 rursus
3159 1755 3340 1814 rogatu
3376 1746 3435 1799 D.
3471 1746 3698 1799 Baitha-

500 1846 732 1901 Adverle
761 1847 950 1916 quinto
979 1864 994 1903 :
1027 1849 1194 1903 sicubi
1222 1863 1284 1904 ea
1316 1857 1594 1904 auctorum
1628 1850 2001 1907 convenientia

2115 1838 2250 1890 saris
2275 1835 2462 1890 Moreti
2500 1836 2648 1890 Vitas
2673 1836 2886 1890 Patrum
2923 1839 3293 1902 recensuisse;
3328 1837 3558 1891 maxime
3583 1848 3701 1893 tex-

425 1946 674 1994 oceurrat
700 1938 753 1992 in
784 1940 1023 2008 margine
1047 1941 1077 1974 ⁸⁸
1108 1939 1220 1994 fere
1272 1939 1451 1993 notavi
1499 1940 1826 2009 singulorum
1870 1942 2006 2007 loca,

420 2036 480 2087 ,ut
504 2040 564 2081 se
598 2036 779 2082 mutuo
811 2029 1160 2084 illustrarent.
1188 2030 1410 2096 Qualem
1441 2030 1493 2083 in
1538 2031 1719 2085 multis
1768 2033 2004 2099 reperies

421 2117 562 2172 inter
589 2118 780 2172 librum
809 2121 1099 2174 secdndum
1153 2121 1387 2187 Bullini,
1428 2122 1719 2177 Palladium
1768 2121 2004 2189 ilerveti,

422 2207 716 2264 Heraclidis
748 2209 1080 2277 Pnradisutn,
1112 2221 1165 2267 et
1187 2212 1483 2267 Palladium
1515 2229 1580 2268 ex
1624 2217 1790 2269 veteri
1843 2217 2009 2271 inter-

419 2302 740 2366 pretatioue.
773 2300 1042 2356 Bullinum
1080 2313 1136 2357 et
1166 2304 1462 2358 Palladium
1496 2306 1710 2361 llerveli
1759 2306 1898 2361 inter
1947 2321 2006 2362 se

420 2397 700 2458 commisi;
735 2396 1044 2450 Paradisltm
1077 2396 1372 2452 Heraclidis
1402 2411 1498 2465 per
1529 2396 1822 2452 Palladium
1875 2399 2009 2454 Hel"-

421 2492 525 2546 veti
558 2488 1182 2554 “lustravi-,Palladium
1233 2504 1300 2543 ex
1354 2492 1522 2544 veteri
1568 2490 2007 2558 interpretatione

421 2595 541 2636 cum
587 2580 881 2634 Heraclidis
910 2579 1164 2633 Paradiso
1214 2577 1538 2647 comparavi.
1591 2581 1752 2634 Multa
1796 2593 2006 2650 quoque

418 2676 610 2728 eadem
639 2673 873 2742 reperies
899 2672 954 2727 in
985 2672 1122 2726 libro
1146 2688 1199 2726 III
1233 2672 1461 2739 Bullini,
1491 2672 1706 2744 Pelagio
1728 2713 1743 2738 ,
1775 2672 2000 2741 Joanne,

424 2764 748 2829 l’aschasio,
775 2778 1005 2834 quorum
1035 2763 1381 2819 concordiam
1413 2764 1466 2819 in
1499 2766 1737 2835 margine
1765 2772 2000 2821 notatam

419 2869 686 2911 invenies.

2114 1939 2223 1984 tum
2248 1930 2422 1984 octavi
2453 1929 2574 1985 libri
2601 1945 2695 2000 per
2727 1930 3043 1996 Palladium,
3079 1940 3131 1986 et
3154 1931 3279 1984 noni
3308 1943 3402 1998 per
3428 1929 3700 1984 Joannem

2114 2019 2414 2087 Moschum,
2457 2023 2546 2092 qui
2596 2031 2722 2077 ante
2774 2022 2961 2077 Crtece
3011 2039 3113 2076 non
3167 2021 3493 2091 prodierant.
3541 2020 3701 2074 Nune

2120 2113 2308 2168 Graeca
2335 2127 2519 2168 eorum
2552 2113 2719 2168 editio
2763 2113 3076 2168 Parisiensis
3131 2112 3308 2167 varios
3339 2112 3698 2180 interpretum

2110 2221 2321 2261 errores
2351 2206 2575 2271 detexit,
2603 2215 2656 2259 et
2678 2205 2858 2259 multis
2885 2204 3182 2259 tenebrosis
3211 2202 3341 2256 locis
3364 2202 3531 2256 facem
3559 2215 3701 2269 prte-

2109 2296 2264 2350 luxit.
2324 2295 2636 2350 Nolationes
2662 2304 2878 2365 quo'que
2907 2295 3133 2350 subinde
3182 2295 3325 2357 auxi,
3365 2301 3421 2348 et
3449 2292 3700 2361 inprimis

2108 2388 2508 2454 Onomasticon,
2539 2388 2676 2457 quod
2704 2387 2755 2441 id
2784 2386 3069 2440 multorum
3101 2395 3281 2441 velum
3313 2394 3476 2451 esset,
3511 2387 3697 2439 maxic

2110 2497 2195 2537 me
2218 2482 2614 2551 religiosorum,
2648 2481 2840 2549 quibus
2872 2495 2976 2534 non
3019 2479 3254 2549 suppetit
3301 2479 3557 2534 librorum
3597 2491 3699 2533 co-

2112 2576 2219 2641 pia,
2246 2588 2345 2628 nec
2361 2588 2515 2628 usum
2540 2573 3036 2640 lexicngraphorum
3065 2578 3120 2626 ct
3140 2571 3444 2625 criticorum
3469 2570 3696 2634 habent,

2108 2670 2197 2736 qui
2251 2681 2365 2721 rem
2415 2666 2768 2734 antiquariattt
2822 2673 3072 2719 tractant.
3132 2667 3432 2719 Accessere
3477 2673 3700 2734 quoque

2110 2770 2219 2815 tres
2249 2762 2375 2814 novi
2410 2759 2631 2822 indices,
2666 2772 2804 2812 unus
2835 2769 3107 2812 sacrarum
3141 2756 3559 2825 Scripturarum,
3609 2759 3696 2810 al-

2082 2860 2192 2920 ,ter
2217 2851 2560 2917 concinnum,
2606 2857 2659 2902 et
2705 2849 2896 2903 tertius
2925 2858 3203 2902 auctorum
3253 2851 3303 2900 in
3336 2847 3699 2903 potationibus

2109 2940 2494 3003 adducturum;
2553 2952 2691 3006 quos
2737 2938 2957 3006 reliquis
3004 2948 3128 2991 ante
3158 2938 3296 2990 datis
3330 2938 3560 2991 insertos
3606 2939 3699 2991 vei

506 3026 739 3080 Advorte
769 3036 922 3081 sexto
958 3045 969 3080 :
1001 3036 1058 3081 ttt
1083 3029 1402 3097 compendio
1425 3033 1844 3088 convenientiam
1868 3035 2015 3089 illam
2106 3031 2378 3086 subsertos
2411 3029 2670 3084 invenies.

427 3120 692 3182 citarem,
740 3133 862 3172 eum
911 3133 1103 3174 novem
1157 3122 1482 3188 posteriores
1531 3124 1691 3191 libri,
1724 3125 1774 3178 in
1823 3125 2015 3194 quibus
2044 3145 2095 3194 μ’

2177 3124 2409 3178 Advorte
2455 3137 2619 3186 nono,
2679 3121 2778 3175 etsi
2825 3119 2944 3173 alia:
2976 3119 3242 3173 nonnullae
3267 3118 3390 3173 vitae
3422 3120 3695 3174 Eremita-

414 3212 671 3278 ejusdem
705 3208 783 3264 rei
823 3211 1043 3279 repetita
1094 3212 1328 3265 narratio
1368 3213 1598 3268 maxime
1637 3217 1896 3281 occurrit,
1929 3189 2076 3271 velc
2109 3231 2224 3270 rum
2253 3217 2600 3271 Orientalium
2631 3216 2751 3268 hinc
2778 3215 2900 3269 inde
2933 3216 3071 3285 typis
3121 3214 3279 3269 editas
3308 3216 3433 3277 sint,
3483 3223 3538 3269 et
3567 3214 3696 3283 plus

428 3311 702 3356 auctorem
734 3311 938 3356 certum
965 3302 1192 3356 habeant
1210 3303 1293 3357 vel
1323 3303 1690 3372 interpretem,
1717 3308 1801 3360 ubi
1825 3319 2010 3362 auctor

425 3402 606 3448 certus
635 3401 738 3461 est,
768 3407 891 3447 eum
919 3393 1107 3459 citavi;
1140 3393 1228 3448 ubi
1255 3394 1322 3449 de
1352 3410 1418 3450 eo
1445 3397 1620 3450 minus
1645 3407 1889 3467 constat,
1925 3400 2006 3453 in-

423 3484 672 3552 terpretis
705 3497 898 3538 nomen
931 3487 1156 3554 margini
1185 3488 1430 3554 apposui.
1466 3486 1625 3544 Verbi
1656 3491 1823 3560 gratia
1845 3532 1858 3555 ,
1886 3507 2007 3561 quae

421 3573 572 3640 parin
599 3584 885 3628 occurrunt
907 3575 1053 3630 libris
1077 3577 1334 3641 secundo,
1391 3580 1566 3644 tertio,
1597 3581 1687 3650 qui
1730 3581 2002 3638 Bullinum

421 3674 711 3734 agnoscunt
744 3666 827 3720 vel
856 3673 1132 3721 auctorem
1161 3669 1243 3721 vel
1267 3668 1611 3738 interpretem
1636 3688 1650 3737 ;
1681 3683 1892 3741 quarto,
1916 3677 2006 3744 qui

420 3769 669 3828 excerpta
702 3759 863 3814 habet
890 3774 956 3813 ex
988 3759 1188 3815 Severo
1213 3761 1446 3828 Sulpicio
1477 3773 1531 3817 et
1558 3763 1763 3820 Joanne
1791 3765 2006 3821 Cassia-

420 3867 524 3916 no;
555 3860 767 3913 octavo,
790 3852 879 3921 qui
905 3852 1195 3906 Palladium
1221 3870 1236 3917 ;
1270 3868 1432 3920 nono,
1461 3858 1548 3923 qui
1574 3856 2002 3925 Theodoretum;

417 3940 650 4004 decimo,
675 3941 764 4008 qui
795 3941 1053 3996 Joannem
1085 3943 1358 3997 Moschum
1395 3957 1780 4013 reprazseutaut
1808 3959 1997 4006 aucto-

417 4049 538 4100 res;
571 4043 771 4088 tantum
798 4034 852 4088 in
883 4036 1122 4103 margine
1152 4038 1258 4091 cito
1283 4047 1562 4092 aut-torum
1611 4041 1825 4096 nomina
1877 4058 1998 4099 cum

415 4125 679 4194 capitibus
704 4126 782 4180 vel
813 4127 1069 4192 numeris,
1100 4137 1256 4196 prout
1306 4125 1561 4200 cujusque
1606 4133 1737 4188 liber
1781 4135 1862 4190 vel
1912 4152 2005 4204 per

415 4215 594 4285 capita
619 4216 702 4270 vel
733 4231 830 4285 per
859 4233 1110 4273 numeros
1140 4219 1379 4288 digestus
1411 4221 1496 4275 hic
1527 4225 1809 4292 reperitur.
1861 4228 1998 4281 Bur-

413 4320 506 4359 sus
529 4320 657 4360 vero
685 4322 806 4362 cum
834 4308 888 4362 in
921 4311 1158 4378 margine
1187 4311 1382 4364 citandi
1409 4323 1532 4367 sunt
1577 4314 1715 4370 liber
1759 4318 1998 4386 quintus,

412 4408 618 4463 sextus,
643 4398 922 4466 septimus,
953 4401 1042 4470 qui
1071 4402 1270 4456 Grazcis
1297 4406 1606 4461 auctoribus
1637 4409 1858 4462 incertis
1883 4411 1992 4465 cir-

412 4487 810 4551 cumferuntur,
842 4500 1015 4545 certos
1048 4502 1219 4547 tamen
1253 4493 1452 4548 habent
1499 4497 1842 4566 interpretes,
1874 4495 2020 4556 cum

410 4580 628 4648 quintus
673 4582 916 4638 citandus
959 4593 1078 4649 est,
1113 4586 1220 4641 cito
1269 4583 1574 4655 Pelagium;
1625 4604 1744 4645 cum
1792 4601 1994 4661 sextus,

411 4672 709 4739 Joannem;
735 4689 855 4729 cum
882 4676 1164 4743 septimus,
1201 4676 1572 4746 Paschasium;
1605 4696 1828 4752 quorum
1878 4685 1990 4739 sin-

411 4762 520 4830 guli
549 4778 769 4818 suorum
801 4763 1127 4835 singulorum
1176 4767 1432 4824 librorum
1480 4782 1605 4825 sunt
1647 4771 1986 4843 interpretes.

431 4921 659 5051 h:Tilas
680 4937 840 4989 notas
858 4935 909 4989 in
945 4943 1152 4993 textum
1179 4935 1325 4994 inter
1349 4939 1575 4996 uncinos
1605 4941 1998 5000 revocavimus.

2101 3322 2187 3362 res
2205 3323 2269 3361 ex
2293 3307 2417 3361 Mss.
2448 3307 2563 3362 erui
2596 3308 2820 3373 poss‘nt,
2838 3307 2959 3374 quia
2982 3315 3154 3360 tamen
3177 3306 3474 3359 institutum
3505 3319 3700 3360 meum

2101 3417 2206 3455 non
2251 3400 2344 3454 fuit
2372 3402 2610 3454 omnium
2635 3401 2976 3453 eremitarum
3014 3395 3156 3451 Vitas
3186 3397 3520 3466 conquirere,
3546 3399 3684 3452 etin

2103 3509 2267 3547 unum
2296 3493 2494 3547 fascem
2521 3493 2797 3561 colligere,
2830 3492 2924 3546 sed
2956 3501 3159 3545 tantum
3187 3487 3687 3545 decatttatissimum

2105 3587 2341 3640 Vitarum
2366 3583 2582 3646 Patrum
2609 3584 2824 3649 librum,
2858 3582 2946 3652 qui
2994 3589 3117 3635 ante
3149 3591 3360 3634 centum
3389 3593 3558 3633 annos
3598 3590 3689 3632 to—

2101 3681 2202 3734 ties
2229 3693 2390 3733 cusus
2420 3689 2747 3745 recususque
2790 3674 2905 3740 fuit,
2958 3686 3240 3728 recensete
3279 3679 3330 3724 ct
3361 3671 3625 3724 illustrare
3665 3689 3685 3735 ;

2098 3771 2273 3824 Studio
2299 3768 2529 3824 abstinui
2557 3783 2585 3819 a
2635 3765 2858 3836 reliquis
2887 3765 3218 3833 indagandis.
3265 3761 3313 3816 Is
3340 3763 3480 3817 enim
3533 3761 3692 3814 labor

2100 3877 2301 3916 novum
2331 3860 2485 3916 facile
2529 3867 2731 3913 tomum
2759 3857 3051 3915 extundere
3083 3863 3283 3925 posset.
3347 3854 3475 3908 Mihi
3531 3863 3685 3906 nunc

2099 3957 2232 4008 satis
2256 3953 2353 4006 fuit
2381 3951 2482 4007 SS.
2513 3950 2730 4004 Patrum
2761 3949 3011 4003 insistere
3037 3945 3299 4014 vestigiis,
3330 3945 3418 4013 qui
3472 3942 3565 3997 has
3603 3943 3690 3995 vi-

2101 4059 2180 4102 tas
2209 4047 2338 4101 olim
2367 4053 2422 4100 et
2447 4045 2689 4114 legerunt
2716 4049 2769 4095 et
2791 4037 3254 4094 commendarunt.

2173 4139 2280 4207 Ego
2303 4149 2430 4191 vero
2459 4146 2531 4198 te,
2565 4134 2636 4186 mi
2668 4133 2854 4196 lector,
2872 4144 2977 4184 non
3004 4128 3121 4181 unis
3150 4127 3288 4180 votis
3317 4132 3558 4194 rogatum
3582 4134 3687 4175 ve-

2098 4231 2191 4284 lim
2219 4238 2275 4283 ut
2307 4229 2473 4283 Deum
2505 4225 2634 4279 mihi
2663 4225 2765 4277 tuis
2788 4222 3038 4291 precibus
3070 4217 3354 4287 prepitium
3398 4212 3573 4267 facere
3595 4211 3686 4264 di-

2094 4323 2273 4392 gneris
2295 4363 2308 4388 ,
2359 4320 2435 4373 uti
2467 4332 2528 4372 ea
2557 4331 2675 4385 quae
2707 4317 2790 4368 his
2815 4313 2967 4368 libris
2991 4317 3283 4364 tractantur
3313 4307 3392 4361 vel
3425 4317 3492 4360 ex
3526 4313 3682 4372 parte

2096 4415 2269 4483 aliqua
2317 4409 2556 4465 moribus
2603 4409 2818 4475 vitaque
2845 4403 3146 4471 exprimere
3177 4399 3409 4468 possim;
3458 4411 3524 4450 ne
3575 4397 3683 4448 sim

2097 4506 2258 4574 plane
2285 4503 2432 4558 velut
2464 4515 2538 4555 ms
2560 4513 2759 4554 sonans
2782 4505 2836 4550 et
2861 4493 3161 4565 cymbalum
3194 4489 3449 4545 tinnieus.
3480 4487 3552 4541 Ita
3586 4487 3685 4544 tibi

2095 4597 2258 4662 Deus,
2310 4592 2652 4648 eremitarum
2697 4583 3112 4652 suifragantibus
3139 4581 3371 4644 meritis,
3428 4577 3674 4631 favorem

2090 4703 2306 4745 omnem
2329 4696 2593 4756 opemque
2616 4681 2838 4749 aspiret.
2861 4676 3009 4739 Vive,
3039 4674 3177 4738 vale,
3210 4672 3314 4727 mei
3336 4670 3475 4740 apud
3500 4670 3672 4724 Deum

2091 4793 2314 4838 memor.

2156 4947 2246 5027 .‘W
2269 4946 2702 5027 _Duplicem_,_pro
2737 4951 2918 5027 unica,
2949 4952 3001 5006 in
3033 4952 3214 5027 _fr0nte
3248 4950 3410 5027 hujus
3442 4947 3673 5004 volumi-

2115 5017 2201 5070 nis
2233 5017 2717 5088 chorograpltieam
2746 5021 2982 5089 tabulam
3014 5022 3225 5077 damus.
3258 5017 3418 5075 Eutr.
