4002 6232
917 358 1302 366 —————-—.—.—1_—
1519 359 1612 368 σ-ο-
1676 365 2419 377 w~*-_—m
2639 362 3348 370 .——__—___—-.
3458 368 3487 377 ,η

318 391 377 396 ..,...
438 390 443 391 γ
510 390 717 397 νᾹ-ᾐο-ς-
1248 393 1513 400 —_---.-.-.
1560 393 1642 401 --—
1690 393 2351 403 rr—opv‘—.._-‘——_-—.-~Vv.-
2391 390 3445 404 -m—wwmh

563 586 1466 861 VlT/E
1615 586 3021 869 PATRUM
3108 785 3192 932 ,

1798 990 1974 1050 SIVE

415 1192 1689 1361 HISTGRUE
1859 1203 3301 1369 ΕΒΕΜΙΤΙΟᾸΕ
3361 1350 3364 1354 .

1263 1503 1756 1633 LIBRI
1857 1509 2536 1635 DECEM.

1427 1736 1722 1787 Collationes
1747 1738 1964 1798 Patrum,
1990 1746 2041 1788 et
2068 1740 2307 1798 instituta,
2344 1745 2396 1788 et
2437 1737 2563 1788 Vitae
2596 1750 2784 1792 eorum.
2811 1748 2864 1790 et
2886 1738 3070 1797 llegula
3100 1740 3151 1790 S.
3175 1739 3228 1786 P.
3255 1737 3312 1787 Ν.
3339 1739 3529 1797 Basilii,

1519 1801 1635 1860 quid
1664 1799 1792 1847 aliud
1817 1812 1947 1857 sunt,
1978 1802 2067 1848 nisi
2098 1804 2226 1847 bene.
2252 1803 2515 1848 \iventiutn
2550 1808 2600 1848 ct
2625 1801 2958 1860 obedientium
2984 1803 3326 1849 monachorum
3356 1814 3530 1851 exem-

1521 1859 1594 1923 pla
1623 1869 1672 1909 et
1698 1864 2024 1910 instrumenta
2050 1864 2282 1910 virtutum
2296 1863 2317 1910 Ῥ
2342 1864 2419 1923 (S.
2451 1859 2758 1917 Benedictus,
2781 1863 2977 1922 Regula!
2999 1873 3100 1910 sua:
3121 1872 3232 1921 cap.
3260 1863 3370 1918 ult.)

1430 1921 1471 1970 Ο
1503 1922 1752 1971 desertum
1777 1925 1975 1971 ﬂoribus
2000 1924 2174 1972 Christi
2204 1921 2435 1971 vernans!
2465 1923 2502 1971 Ο
2529 1925 2739 1971 solitu-lo
2781 1927 2828 1969 in
2851 1921 2942 1981 qua
2966 1925 3035 1972 illi
3061 1933 3324 1972 nascuntur
3346 1922 3532 1979 lapides

1525 1985 1586 2046 de
1612 1987 1793 2046 quibus
1822 1987 1868 2033 in
1897 1983 2181 2046 Apocalypsi
2203 1986 2371 2032 civitas
2396 1987 2556 2046 magni
2586 1988 2721 2046 regis
2767 1985 3066 2034 exstruitur!
3110 1985 3148 2034 Ο
3175 1998 3371 2034 eremus
3395 1984 3529 2034 fatui-

1529 2045 1696 2093 liarius
1725 2044 2121 2107 Deogaudensl’
2481 2044 2494 2107 ί
2589 2106 2595 2107 γ
2650 2044 2668 2046 ⁷
2718 2105 2742 2107 ,ν
2798 2069 2827 2107 ς

1922 2106 2289 2170 (Hieronymus,
2313 2107 2450 2167 epist.
2481 2106 2502 2155 1
2533 2106 2596 2155 ad
2633 2105 2967 2167 Heliodorum,
2991 2107 3052 2156 de
3071 2102 3215 2155 laude
3239 2106 3434 2167 eremi.)

260 2249 3518 2281 W

1930 2267 1980 2279 ‘—-

528 2400 1350 2506 PIUELUDIA
1485 2405 1695 2505 AD
1827 2402 2434 2506 LIBRUM
2563 2397 3237 2505 PRIMUM.

1591 2701 2156 2842 luctati.

329 2944 377 3012 3
407 2944 542 3010 Quia
573 2943 730 2998 divus
752 2943 1114 3015 Hieronymus
1146 2943 1248 2998 hoc
1277 2943 1414 2998 libro
1445 2945 1616 3013 primo
1649 2958 1792 3010 saepe
1830 2943 2229 3012 interloquitur,
2261 2944 2527 3014 idemque.
2579 2945 2826 2999 arctioris
2880 2945 3004 2998 vitae
3036 2945 3285 2999 incensus
3313 2946 3528 3002 deside-

258 3037 353 3096 rio.
407 3037 671 3090 eremitas
715 3036 846 3090 olim
897 3035 1100 3102 invisit,
1135 3036 1296 3102 inque
1336 3049 1519 3090 eremo
1549 3049 1720 3089 annos
1763 3033 1966 3102 aliquot
1995 3034 2167 3097 vixit;
2209 3035 2406 3103 placuit
2453 3035 2539 3090 hic
2584 3036 2729 3089 brevi
2761 3036 3000 3105 synopsl,
3029 3036 3129 3088 vite
3158 3038 3384 3103 vitaeque
3411 3040 3532 3103 ejus

265 3127 530 3195 periodos,
557 3141 661 3196 qua
693 3127 1157 3196 peregrinationes
1181 3129 1299 3195 ejus
1328 3137 1593 3194 spectant,
1623 3126 1795 3180 oculis
1825 3127 2130 3194 subjicere;
2165 3127 2230 3180 ad
2262 3126 2572 3180 nonnullam
2614 3141 2798 3180 eorum
2831 3127 3026 3190 lucem,
3049 3141 3168 3193 qum
3192 3127 3420 3180 lecturus
3443 3143 3524 3182 cs.

258 3225 392 3285 Quos
417 3233 483 3271 ex
526 3217 881 3272 illustrissimi
906 3216 1194 3272 cardinalis
1229 3216 1438 3270 Baronii
1470 3215 1857 3271 laudatissimis
1881 3216 2178 3270 Annalibus
2207 3217 2546 3282 concinuavi,
2604 3226 2659 3271 ut
2686 3230 2880 3286 magno
2916 3217 3052 3272 duce
3079 3217 3186 3271 divi
3220 3217 3530 3290 Hieranymi

255 3318 516 3364 consecter
531 3308 578 3362 is
601 3309 845 3378 vestigia.

709 3560 1007 3674 DIVI

322 3900 433 3954 Divi
463 3897 778 3968 Hieronymi
801 3901 1082 3968 primordia
1114 3910 1160 3953 et
1200 3901 1444 3971 profectio
1471 3895 1768 3951 Gallicana.

319 4023 462 4072 Anno
512 4019 706 4072 Christi
763 4017 889 4073 542.
941 4017 1133 4072 Baron.
1192 4029 1316 4072 toni.
1365 4019 1451 4083 Ill,
1487 4019 1670 4082 Adam,
1712 4015 1837 4071 ³572.

257 4111 491 4166 -——Natus
523 4119 603 4164 est
633 4109 908 4172 Stridone.
963 4109 1158 4179 oppido
1193 4110 1243 4163 in
1278 4109 1560 4174 Dalmatia,
1596 4108 1840 4161 honestis

253 4203 462 4272 quidem
497 4201 837 4271 parentibus,
872 4210 926 4254 et
951 4201 1266 4255 substantiis
1299 4200 1437 4253 haud
1466 4199 1681 4261 inlimis,
1711 4213 1842 4266 quas

263 4306 443 4365 postea
478 4309 578 4362 pro
610 4293 966 4347 aediﬁcatione
998 4294 1306 4348 monasterii
1347 4309 1440 4362 per
1473 4292 1840 4347 Paulinianum

254 4386 465 4439 fratrem
502 4385 750 4438 distraxit
779 4383 953 4453 (Hier.
985 4401 1064 4455 ep.
1085 4383 1215 4453 26);
1248 4400 1352 4443 non
1376 4383 1517 4438 enim
1549 4385 1615 4438 de
1643 4384 1838 4454 seipso,

251 4476 336 4529 sed
367 4477 436 4531 de
468 4476 808 4544 voluptuosis
859 4475 1075 4532 clericis
1104 4485 1263 4544 atque
1291 4476 1585 4537 monachis,
1625 4491 1689 4530 ex
1723 4491 1842 4545 per-

251 4581 373 4621 soiia
402 4577 593 4620 tamen
620 4582 714 4621 sua
745 4566 834 4621 illa
865 4569 937 4621 ait
963 4566 1139 4636 (Hier.
1185 4569 1334 4636 epist.
1383 4566 1439 4638 2)
1470 4585 1482 4620 :
1523 4585 1540 4619 ι
1592 4567 1757 4622 Natus
1790 4567 1841 4622 in

255 4673 484 4726 paupere
515 4657 677 4712 domo
707 4667 760 4712 et
786 4658 838 4711 in
871 4658 1082 4727 tugurio
1124 4659 1417 4725 rusticano,
1465 4658 1554 4728 qui
1578 4660 1663 4713 vix
1695 4658 1842 4712 milio

257 4757 302 4801 et
329 4749 542 4803 cibario
562 4763 699 4816 pane
716 4747 1015 4817 rugientem
1042 4757 1284 4803 saturare
1302 4760 1542 4817 poteram
1571 4759 1840 4814 ventrem,

253 4854 384 4893 nunc
408 4839 653 4894 similam
675 4848 727 4892 et
755 4839 912 4892 mella
946 4838 1180 4904 fastidio,
1221 4857 1238 4890 ι
1273 4849 1380 4895 etc.

317 4932 594 4986 Bonosum
620 4932 1213 4987 babuitcollactaneum
1239 4933 1414 5006 (Hier.
1465 4935 1613 5002 epist.
1641 4935 1754 5003 M),
1787 4941 1843 4990 et

255 5036 364 5076 eum
395 5022 596 5077 eodem
624 5022 824 5076 coaluit
848 5023 898 5075 in
933 5024 1242 5082 liberalibus
1284 5024 1603 5092 disciplinis,
1649 5024 1843 5093 prmdi-

259 5118 355 5170 vite
383 5116 770 5194 adolescente;
795 5131 824 5170 a
854 5131 1020 5184 puero
1046 5117 1188 5171 enim
1218 5118 1544 5171 excolendus
1574 5117 1728 5172 bonis
1752 5117 1838 5172 lit-

255 5207 372 5261 leris
420 5207 654 5262 traditus
687 5216 768 5262 est
801 5207 1150 5277 praeceptori;
1202 5208 1268 5263 de
1311 5224 1418 5277 quo
1448 5209 1558 5278 ipse
1591 5209 1837 5280 (Hieron.

255 5303 480 5373 Apolog.
515 5303 722 5354 adeas.
755 5301 971 5370 Ral/lin.)
1001 5318 1019 5358 :
1061 5321 1078 5354 ι
1110 5302 1322 5356 Memini
1362 5319 1446 5357 me
1473 5319 1691 5370 puerum
1715 5318 1839 5357 cur-

257 5392 450 5448 siiasse
468 5408 570 5460 per
597 5394 822 5447 cellulas
841 5395 1200 5460 servulorum,
1226 5396 1366 5448 diem
1392 5396 1636 5450 feriatum
1660 5397 1843 5450 duxis-

247 5497 302 5536 se
349 5485 594 5553 lusibus,
644 5495 699 5540 et
727 5486 793 5540 ad
819 5486 1081 5541 Orbilium
1111 5488 1442 5552 saevientem,
1471 5489 1536 5544 de
1568 5489 1698 5542 avitae
1722 5490 1841 5543 sinu

253 5583 480 5630 tractum
515 5590 641 5632 esse
667 5579 950 5645 captivum.
988 5597 1005 5628 ι

326 5667 562 5724 Romam
596 5667 816 5723 veniens
845 5684 962 5724 cum
992 5669 1178 5726 eodem
1203 5669 1366 5737 ipsius
1388 5671 1577 5738 gentili
1599 5671 1834 5732 Bouoso,

1137 3449 3526 3480 ._.___.__.._______..__..__.___________________

1079 3559 1889 3673 HlERONYMI
1980 3487 3069 3680 PEREGRINATIO.

1871 3898 1922 3955 Α
1953 3893 2216 3947 Donatum
2273 3895 2507 3961 audivit;
2542 3895 2711 3966 ipsum
2743 3900 2884 3953 enim
2926 3914 3080 3954 suum
3132 3900 3369 3954 nominat
3397 3917 3541 3971 prm-

1943 3999 2213 4054 ceptorem
2264 3987 2535 4057 (Hieron.,
2568 3990 2619 4040 in
2648 3989 2868 4053 Cliron.,
2913 4008 3048 4043 anno
3100 3990 3168 4044 (ΞΟ
3199 3990 3539 4062 Constantii),

1946 4089 2081 4145 tum,
2117 4090 2172 4133 ut
2220 4081 2336 4146 ipse
2391 4082 2547 4134 tradit
2579 4081 2780 4152 (llier.,
2813 4081 2905 4136 lib.
2937 4099 2951 4136 ι
2978 4093 3112 4138 cont.
3155 4084 3337 4154 Pelag.
3383 4095 3431 4138 et
3481 4089 3535 4138 in

1949 4168 2119 4237 Epist.
2143 4171 2209 4222 ad
2235 4168 2356 4223 Gal.
2391 4187 2508 4239 cap.
2544 4171 2626 4241 ιι),
2660 4173 2981 4228 scholastico
3013 4191 3158 4228 more
3187 4176 3308 4229 lusit
3331 4177 3380 4229 in
3403 4193 3535 4230 con-

1945 4265 2222 4320 troversiis
2252 4266 2639 4320 declamandis.
2676 4268 2746 4321 lbi
2783 4269 2958 4322 adulta
3000 4280 3156 4325 aetate
3208 4285 3361 4324 sacro
3403 4271 3537 4336 bap-

1947 4357 2106 4410 tismo
2132 4357 2372 4411 initiatus
2401 4368 2480 4411 est
2511 4357 2710 4426 (llier.,
2751 4361 2906 4426 epist.
2956 4358 3046 4428 57)
3083 4379 3096 4412 :
3127 4377 3231 4428 quo
3262 4370 3529 4429 su-ceptn,

1949 4449 2109 4518 paulo
2147 4449 2460 4502 solutioreni
2514 4452 2698 4512 vitam,
2747 4465 2903 4516 quam
2954 4459 3221 4518 gesserat,
3277 4453 3539 4504 Continuo

1946 4541 2282 4608 emendavit;
2340 4558 2460 4596 nam
2493 4540 2547 4612 ἆ,
2576 4543 2741 4612 priori
2771 4545 2968 4597 amissa
3015 4544 3260 4610 corporis
3313 4545 3535 4612 integri-

1947 4642 2076 4700 tato,
2103 4635 2414 4694 secundani,
2448 4651 2604 4703 quam
2650 4643 2802 4690 vocat
2836 4637 3214 4691 continentiam
3263 4647 3381 4704 post
3431 4638 3526 4689 ba-

1948 4729 2222 4798 ptismum,
2250 4729 2486 4782 servavit
2514 4729 2904 4782 immaculatam
2940 4737 3079 4781 lotus
3100 4727 3196 4795 piis
3219 4727 3407 4779 olliciis
3436 4726 3530 4780 dc—

1948 4822 2088 4875 ditus
2122 4838 2224 4876 una
2265 4837 2384 4874 cum
2435 4821 2676 4888 ejusdem
2732 4820 2955 4873 instituti
3005 4819 3273 4872 sodalibus
3327 4817 3530 4888 (Ilion.

1947 4913 2169 4984 Apolog.
2205 4929 2298 4981 pro
2329 4913 2416 4966 lib.
2463 4915 2581 4964 adv.
2611 4911 2838 4982 Jovin.),
2873 4910 3098 4979 singulis
3131 4909 3319 4963 diebus
3354 4907 3536 4962 Domi-

1948 5004 2081 5060 nicis
2116 5004 2195 5073 (ut
2225 5003 2340 5071 ipse
2366 5003 2522 5057 tradit
2555 5002 2823 5074 [Hie-rom,
2854 5001 2907 5054 in
2944 5000 3131 5053 Ezech.
3163 5015 3210 5054 ε.
3246 4996 3374 5069 nl)
3403 5000 3530 5053 iuvi-

1948 5097 2099 5150 sebat
2117 5097 2168 5150 in
2189 5096 2557 5149 subterraneis
2588 5092 2914 5148 cremeteriis
2945 5092 3196 5161 reliquias
3222 5104 3527 5147 sanctorum

1949 5197 2278 5257 martyrum;
2311 5186 2543 5253 nihilque
2582 5183 2794 5238 cmteris
2843 5183 3031 5238 diebus
3075 5184 3166 5235 otii
3221 5184 3320 5236 sibi
3372 5185 3532 5236 relin-

1877 5265 1919 5323 Β
1948 5293 2139 5348 quens,
2201 5287 2342 5331 totus
2390 5285 2506 5330 erat
2556 5276 2608 5328 in
2637 5274 3004 5330 describendis
3055 5275 3238 5339 libris;
3283 5275 3358 5327 sic
3388 5277 3530 5328 enim

1948 5369 2322 5424 bibliothecam
2355 5365 2540 5421 Romae
2572 5381 2782 5419 summo
2824 5368 2999 5420 studio
3028 5375 3187 5435 atque
3217 5368 3397 5421 labore
3429 5367 3528 5419 sibi

1949 5461 2244 5515 coniecisse
2277 5467 2498 5512 testatur
2530 5457 2703 5526 (Hier.
2734 5475 2816 5527 ep.
2848 5455 2961 5525 9.2).

2021 5574 2076 5626 ln
2102 5573 2296 5627 Gallias
2325 5580 2442 5639 post
2468 5574 2581 5626 haec
2606 5571 2972 5639 peregrinatus
3001 5585 3119 5620 cum
3155 5570 3270 5635 ipso
3295 5567 3525 5623 8090.10.

1925 5666 2136 5724 eadem
2162 5666 2248 5720 siti
2282 5663 2556 5728 libroruin,
2586 5664 2831 5718 Treveris
2861 5661 3030 5715 sancti
3060 5659 3240 5713 Hilarii
3273 5658 3431 5709 libans
3455 5656 3523 5708 de
