4002 6238
452 354 517 410 91
1523 347 1884 406 ΙἪιΕιιιὶῡιᾹ
1928 346 2019 400 AD

2158 343 2312 399 lRUM
2356 343 2646 401 PRIMUM...
3668 352 3736 405 si

453 468 685 544 Syiiodis
720 486 879 527 manu
907 485 1002 527 sua
1026 470 1338 540 descripsit;
1370 470 1702 541 allosqueibi
1730 476 1932 538 potitus
1950 483 2043 522 an-
2072 466 2123 524 Α
2152 463 2348 519 deinde
2397 478 2494 533 per
2541 464 2782 519 Ciliciam
2814 466 2864 519 in
2906 465 3117 537 Syriam
3165 467 3530 531 descendisse.
3563 468 3614 541 5
3647 471 3734 526 ubi

453 565 631 633 tiquos
645 563 893 630 Codices,
919 579 1046 618 usus
1070 578 1232 633 opera
1250 564 1542 631 amicorum
1568 573 1728 630 atque
1754 565 1891 615 inter
1904 562 2039 614 alios

456 653 739 722 Florentii,
765 654 1147 708 describendos
1168 655 1374 708 curavit
1401 653 1601 722 (Ilien,
1626 655 1772 719 epist.
1804 654 1836 705 6
1858 662 1903 705 et
1925 652 2038 720 .il).

458 742 723 806 Profectio
751 743 972 813 Syriaca
998 753 1110 811 post
1135 746 1299 798 rarius
1320 745 1453 797 orbis
1470 744 1755 815 provincias
1778 744 2039 795 lustratos.

526 837 677 888 Anno
723 834 913 887 Christi
939 833 1065 890 370.
1097 833 1312 901 Boron.,
1346 835 1413 887 ad
1443 850 1566 887 ann.
1606 834 2044 901 572.-—Contigit

458 936 635 979 autem
680 935 798 993 post
828 924 942 979 haec
969 934 1025 978 ttt
1054 924 1139 991 qui
1196 926 1361 979 semel
1408 925 1734 993 peregrinari
1778 933 2039 992 coeperat,

462 1016 727 1083 proficisci
753 1031 965 1084 quoque
996 1016 1047 1069 in
1080 1014 1351 1069 Orientem
1390 1015 1440 1068 iii
1471 1015 1707 1068 animum
1739 1014 2041 1075 induxerit;

462 1107 515 1161 id
570 1109 783 1177 quidem
834 1124 954 1162 cum
1012 1108 1347 1172 eruditionis,
1395 1117 1502 1159 tum
1551 1110 1710 1160 etiam
1767 1107 2044 1174 religionis

462 1214 655 1264 causa;
688 1208 747 1252 ut
770 1214 835 1252 ex
867 1184 969 1264 liis,
1017 1214 1136 1266 quin
1177 1198 1340 1265 gessit
1384 1198 1650 1266 inspicere
1685 1198 1830 1250 licet.
1877 1198 2045 1250 l’orro

460 1290 904 1362 peregrinationis
926 1290 1042 1358 ejus
1068 1304 1186 1357 qua:
1208 1298 1489 1343 remanent
1520 1290 1740 1357 vestigia
1774 1298 2047 1342 assectati-

372 1426 386 1440 .
461 1392 564 1446 tes,
603 1381 831 1435 dicimus
876 1395 1000 1434 enin
1056 1395 1176 1433 eum
1214 1380 1423 1432 Ilonoso
1450 1381 1644 1433 comite
1674 1396 1704 1433 e
1732 1380 1919 1435 Galliis
1961 1394 2046 1433 re-

458 1479 780 1536 vertentem,
816 1470 1112 1538 Aquileiam
1147 1469 1455 1539 pervenisse
1499 1470 1598 1541 (a),
1631 1470 2047 1539 cniisedissequc

458 1560 533 1616 ibi
573 1561 752 1629 aliquo
803 1562 1062 1629 temporis
1106 1562 1303 1630 spatio,
1335 1560 1594 1615 fruiturus
1623 1563 1896 1615 consortio
1925 1577 2047 1615 san-

463 1652 823 1707 ctissimorum
856 1653 1117 1717 virorum,
1146 1652 1395 1705 nimirum
1426 1654 1593 1706 sancti
1630 1653 1912 1719 Valeriani,
1933 1653 2047 1721 ejus

460 1744 694 1798 civitatis
752 1756 870 1813 post
928 1744 1371 1799 Fortunatianum
1428 1747 1687 1816 episcopi,
1747 1734 2042 1813 llelio'lnri,

2145 556 2391 612 consedit
2445 555 2497 609 in
2543 556 2834 611 solitudine
2883 560 3179 613 monachus
3212 558 3412 628 (Hiera,
3451 566 3604 630 epist.
3649 563 3728 629 Ii).

2148 648 2272 701 Haec
2304 646 2465 700 totius
2503 647 2621 716 ejus
2672 658 2754 700 est
2812 648 3252 716 peregrinationis
3309 651 3585 720 periodus,
3629 669 3733 708 una

2145 754 2265 791 cum
2297 738 2571 791 ﬁdissimis
2602 739 2914 802 comitibus,
2949 741 3176 811 Evagrio
3201 745 3514 813 presbytero
3548 747 3734 799 Antio-

2144 830 2316 882 cheno
2347 831 2444 899 (ὁ),
2474 829 2805 894 innocentia,
2836 830 3146 899 Heliodoro,
3176 842 3323 896 et,ut
3343 836 3436 900 ait,
3456 850 3576 888 cum
3598 837 3734 906 Hyla

2145 920 2313 973 sancti
2350 920 2563 973 Melanii
2597 919 2818 974 famulo.

2216 1011 2346 1065 Cum
2389 1010 2545 1079 igitur
2590 1026 2916 1075 reperiamus
2950 1013 3231 1081 Evagrittm
3266 1015 3601 1071 individuum
3634 1032 3721 1070 co-

2148 1103 2332 1158 mitem
2373 1104 2537 1157 fuisse
2570 1106 2740 1157 sancti
2777 1105 3116 1175 Hieronymi,
3145 1122 3295 1177 teque
3324 1109 3483 1161 etiam
3513 1123 3632 1162 cuni
3664 1122 3731 1163 eo

2150 1194 2529 1263 llieronytiiutn
2573 1181 2969 1262 perizgrinatum
3009 1210 3070 1249 ex
3106 1196 3396 1251 Occidente
3438 1198 3487 1251 iii
3517 1201 3731 1265 Cappa-

2147 1283 2389 1347 dociam,
2448 1299 2542 1352 par
2586 1296 2668 1338 est
2714 1284 2957 1346 credere,
3005 1300 3124 1339 Clilii
3174 1287 3241 1341 de
3288 1302 3348 1342 se
3399 1287 3569 1342 tradat
3614 1287 3733 1355 ipso

2149 1371 2521 1443 Hieronymus,
2546 1389 2666 1428 eniti
2690 1390 2755 1429 eo
2781 1374 3073 1444 profectum
3099 1390 3219 1431 esse
3247 1393 3296 1430 in
3318 1377 3731 1448 Cappadociam.

2150 1462 2275 1516 llaec
2325 1464 2483 1531 igitur
2523 1474 2581 1516 ttt
2627 1478 2951 1527 asseratnns,
2994 1464 3180 1519 eadem
3229 1477 3378 1521 certe
3426 1467 3730 1539 Hieronymi

2147 1565 2305 1623 atque
2338 1555 2549 1624 Evagrii
2584 1557 2633 1610 iii
2662 1557 2932 1625 CappadOt
2953 1559 3054 1610 iam
3105 1561 3461 1629 peregrinatio
3507 1577 3727 1629 persua-

2147 1645 2257 1699 det.
2288 1646 2545 1715 Huncqtte
2589 1661 2756 1714 ipsum
2794 1646 3073 1715 Evagrtutii
3095 1688 3109 1707 ,
3141 1648 3208 1701 de
3249 1665 3356 1717 quo
3384 1662 3598 1706 sanctus
3631 1653 3729 1706 Ha-

2149 1740 2298 1794 silius
2341 1738 2582 1793 itiettiitiit
2623 1739 2835 1806 (b’asil.,
2860 1751 3005 1802 epist.
3033 1743 3121 1803 8),
3151 1744 3397 1796 etttnilclii
3450 1758 3571 1799 esse
3606 1759 3727 1800 cum

462 1833 764 1904 Nepetiani,
802 1835 1021 1899 Rtiillni,
1052 1835 1365 1898 Chromatii,
1416 1836 1613 1899 Jovini,
1666 1837 1905 1901 Eusebii,
1937 1839 2035 1892 Βυ-
2077 1845 2119 1904 Β
2152 1832 2395 1901 Evagrio,
2425 1832 2731 1901 Hieronymi
2763 1845 2907 1886 socio
2932 1842 3093 1899 atque
3122 1843 3337 1894 coiittte.
3363 1848 3482 1888 cum
3509 1852 3730 1902 nomen,

460 1926 603 1990 iiosi,
634 1926 910 1989 Florentii,
950 1925 1142 1983 Nicaea:
1189 1928 1519 1992 subdiacmii,
1571 1928 1904 1998 Chrysogoni
1928 1944 2042 1981 mo-

461 2016 620 2071 nachi
656 2035 669 2071 :
698 2018 762 2071 ad
788 2032 921 2086 quos
938 2033 1148 2083 omnes,
1191 2016 1392 2072 intima:
1422 2019 1834 2074 necessitudinis
1858 2029 2042 2082 testes,

461 2108 700 2177 ejusdem
753 2108 1066 2180 Hieronymi
1099 2109 1289 2163 littera:
1316 2119 1528 2165 exstant
1551 2109 1754 2179 (Ilier.,
1779 2111 1927 2177 epist.
1955 2110 2041 2172 ll,

458 2200 549 2263 te,
579 2201 668 2263 is,
688 2199 802 2272 it).

533 2290 731 2343 Horum
780 2290 943 2360 igitur
990 2278 1307 2346 suavissima
1362 2291 1751 2346 consuetudine
1798 2291 2045 2361 aliquan-

459 2382 628 2449 tisper
677 2381 928 2435 detentus
985 2394 1069 2436 est
1127 2394 1343 2437 sanctus
1375 2384 1731 2453 Hieronymus
1758 2383 2042 2453 Aquilcim;

464 2486 587 2525 cum
619 2470 744 2524 inde
773 2471 1055 2526 discedere
1095 2474 1322 2541 cogitur,
1379 2475 1561 2528 nescio
1606 2490 1711 2543 quo
1761 2476 2047 2543 improviso

461 2576 642 2616 rerum
672 2570 888 2628 eventu,
944 2573 1001 2618 ut
1040 2565 1174 2629 ipse,
1223 2582 1287 2619 ex
1317 2580 1500 2620 eremo
1527 2566 1591 2618 ad
1618 2565 1882 2620 Rtillinum
1911 2568 2049 2621 scri-

460 2652 616 2718 bens,
663 2662 889 2708 testatur
945 2655 1132 2710 verbis
1178 2655 1325 2711 illis:
1357 2674 1377 2707 ι
1415 2655 1700 2725 Postquam
1748 2672 1834 2710 nte
1880 2671 1910 2709 a
1955 2665 2049 2709 tun

464 2747 636 2801 latere
666 2745 880 2800 subitus
906 2747 1062 2801 turbo
1089 2748 1379 2811 convulsit,
1401 2757 1676 2816 postquam
1695 2747 1898 2817 glutino
1914 2750 2046 2803 cha-

462 2837 640 2894 ritatis
672 2836 967 2892 hmreiitem
997 2839 1157 2905 impia
1182 2838 1428 2893 distraxit
1459 2840 1662 2893 avttlsio
1692 2840 1865 2909 (Hier.
1897 2842 2044 2910 epist.

460 2929 579 3001 Η),
608 2947 627 2982 i
666 2940 797 2995 etc.,
829 2941 955 2985 tunc
990 2931 1236 3001 Aquileia
1284 2932 1561 2994 recedens,
1611 2935 1660 2985 iii
1710 2933 2045 3001 Dalmatiam,

464 3022 695 3089 patrium
734 3022 932 3089 solum,
954 3023 1201 3087 veniens,
1221 3038 1462 3078 sororem
1487 3022 1852 3092 juvenculam,
1877 3022 2049 3077 intutis

466 3110 677 3165 lubrico
706 3110 932 3181 lapsam,
966 3113 1197 3179 primum
1247 3115 1363 3166 viro
1414 3114 1644 3165 maxime
1690 3114 1776 3181 pio
1810 3112 2044 3176 Juliano,

2150 1934 2257 1976 tuin
2310 1938 2501 1976 munus
2546 1924 2893 1993 presbyterii,
2929 1935 3037 1977 tum
3088 1930 3277 1992 patria,
3319 1942 3512 1994 nempe
3542 1930 3729 1984 Antio-

2148 2012 2291 2078 chia,
2335 2029 2432 2067 nec
2478 2027 2583 2066 non
2627 2014 2773 2067 locus
2816 2028 2949 2082 ipse,
2985 2014 3121 2069 unde
3152 2014 3325 2077 venit,
3372 2016 3622 2071 nimirum
3664 2034 3733 2074 ex

2153 2102 2321 2168 Italia,
2357 2118 2508 2173 reque
2538 2102 2938 2166 demonstrant,
2969 2105 3320 2172 ettmdeinqne
3353 2104 3635 2175 Evagrium
3668 2107 3736 2161 il-

2151 2195 2257 2248 lum
2292 2209 2432 2261 esse,
2461 2195 2549 2264 qtii
2578 2193 2845 2263 egregiam
2878 2207 3166 2249 navaverat
3197 2210 3415 2266 opetant
3448 2196 3732 2253 .‘it'tlloldlli

2149 2286 2410 2341 adversus
2436 2286 2753 2340 Auxentium
2773 2325 2788 2347 ,
2817 2286 2885 2340 de
2912 2301 3038 2355 quo,
3063 2287 3126 2339 ad
3162 2302 3322 2341 unum
3347 2302 3411 2340 ex
3440 2289 3732 2343 comitibus

2150 2374 2545 2436 Innocentium,
2573 2386 2699 2427 ante
2744 2375 3101 2444 Hieronymus
3136 2380 3452 2446 scripserat,
3488 2392 3587 2433 nos
3630 2392 3733 2433 suo

2152 2467 2268 2520 loco
2298 2466 2574 2520 retulimus
2604 2464 2804 2535 (Ilion,
2828 2469 2975 2533 epist.
3007 2469 3126 2534 49).

2221 2556 2444 2621 Quando
2498 2566 2676 2611 autem
2725 2557 2985 2612 acciderit
3042 2555 3323 2627 Evagt‘llltll
3375 2558 3438 2613 ad
3487 2568 3733 2616 sanctum

2155 2648 2403 2702 liasilium
2437 2648 2488 2701 in
2522 2648 2911 2717 Cappadociam
2944 2662 3276 2716 pervenisse,
3303 2664 3365 2705 ex
3400 2651 3588 2705 eadem
3635 2649 3737 2705 Ba-

2151 2740 2258 2794 silii
2284 2741 2507 2809 epistola
2543 2754 2825 2806 possumus
2856 2740 3172 2810 intelligere,
3199 2756 3326 2810 qua,
3358 2752 3641 2811 antequam
3669 2743 3739 2797 do

2152 2832 2379 2902 Evagrio
2412 2831 2564 2885 laciat
2596 2831 2954 2896 mentionem,
2988 2832 3057 2886 de
3102 2832 3407 2887 vehementi
3440 2836 3649 2897 morbo,
3683 2835 3736 2888 in

2152 2940 2308 2993 quem
2342 2934 2464 2977 tunc
2492 2923 2776 2983 inciderat,
2805 2923 2945 2994 agit,
2974 2939 3094 2977 cum
3134 2924 3249 2977 ait:
3288 2941 3306 2974 ι
3340 2925 3742 2993 Quinquaginta

2154 3016 2237 3071 his
2277 3017 2466 3072 diebus
2505 3031 2647 3085 aeger
2675 3015 2935 3080 deetthui,
2963 3016 3155 3085 quibus
3184 3016 3310 3070 iiiilii
3350 3016 3540 3072 sedqu
3568 3016 3737 3071 adluit

2154 3105 2380 3161 dilectus
2409 3117 2463 3161 (ιι
2506 3106 2741 3160 omnium
2773 3107 3196 3161 studiosissimus
3244 3107 3407 3162 frater
3459 3119 3640 3163 noster
3684 3119 3740 3163 et

467 3202 557 3270 qui
585 3215 703 3256 eam
738 3202 804 3255 ad
836 3202 1115 3258 meliorem
1143 3203 1349 3272 frugem
1380 3204 1633 3267 restituit,
1666 3204 1859 3258 deinde
1890 3205 2047 3258 etiam
2077 3214 2124 3277 ρ
2155 3207 2471 3267 conperator
2495 3198 2755 3265 Elpidius.
2783 3199 3009 3252 Multum
3036 3198 3177 3252 enim
3203 3195 3349 3253 febre
3368 3211 3739 3267 consumptus,

466 3308 563 3361 per
593 3293 805 3349 litteras
834 3292 1146 3349 Cbromatio
1174 3294 1569 3369 commendavit
1601 3294 1772 3365 (llier.
1805 3298 1953 3364 epist.
1982 3294 2048 3348 57

462 3393 513 3439 ει
549 3383 666 3456 is).

537 3480 765 3549 Quando
794 3490 973 3536 autem
1018 3481 1305 3551 contigerit
1348 3492 1407 3536 ut
1457 3482 1571 3551 ipse
1614 3481 1691 3536 sic
1742 3480 2051 3535 monasticae

467 3571 593 3626 vita:
621 3572 912 3638 arripuerit
942 3571 1272 3639 institutum,
1333 3571 1569 3641 diligenti
1615 3588 1795 3627 rerum
1827 3587 1888 3626 ac
1919 3582 2049 3625 teni-

466 3676 656 3733 porum
702 3661 1037 3718 discussione
1077 3665 1541 3734 pervestigandum
1599 3674 1701 3719 est.
1760 3664 2049 3726 Craterum,

466 3753 610 3822 quod
639 3751 691 3807 iti
721 3768 781 3809 re
810 3752 970 3808 dubia
998 3763 1054 3808 et
1080 3754 1281 3808 incerta
1312 3768 1607 3817 versemur,
1656 3754 1935 3809 nitendum
1970 3764 2054 3808 est

467 3841 820 3912 coniecturis,
852 3842 1078 3911 aliisque
1102 3842 1861 3912 argumentis,quantumlibet
1885 3842 2050 3897 videri

467 3932 676 4000 possint
707 3931 919 4001 alonge
970 3932 1170 4001 petita;
1203 3933 1283 3986 sic
1328 3932 1470 3987 enim
1522 3946 1667 3999 saepe
1719 3932 1913 3985 accidit
1961 3950 2053 4002 per

469 4031 724 4091 angustas
753 4022 975 4077 rimulas
1008 4022 1313 4091 perapicere
1358 4037 1478 4091 qum
1514 4021 1798 4092 indagator
1824 4023 2055 4079 sollicite

469 4116 689 4172 veritas.

544 4211 633 4273 At,
660 4204 801 4276 quod
828 4204 893 4259 ad
920 4204 1059 4260 hanc
1081 4220 1196 4261 rem
1216 4205 1466 4274 pertinet,
1485 4204 1623 4260 haud
1656 4206 1904 4261 assentiri
1936 4221 2057 4277 pos-

468 4312 656 4353 sumus
683 4298 996 4364 affirmanti,
1032 4297 1421 4369 Hieronymum
1466 4314 1587 4352 cum
1629 4297 1844 4352 Rullino
1897 4309 2057 4367 atque

471 4388 712 4460 collegis,
764 4388 973 4443 itineris
1024 4389 1207 4454 sociis,
1244 4387 1489 4457 primum
1535 4385 1926 4457 Jerosolymam
1961 4406 2058 4456 pe-

472 4481 644 4548 tiisse,
675 4480 801 4535 inde
834 4495 967 4536 vero
997 4480 1137 4536 inter
1158 4494 1218 4536 se
1247 4480 1476 4548 divisos,
1504 4479 1771 4534 Bullinum
1803 4484 1853 4534 in
1876 4480 2055 4552 Egy-

471 4581 642 4644 ptum,
694 4571 1077 4643 Hieronymum
1135 4582 1315 4627 autem
1364 4570 1417 4624 in
1468 4571 1715 4625 diversas
1757 4573 2056 4639 provincias
2085 4574 2547 4647 Dptuagesimum
2595 4573 2873 4642 primum:

471 4664 959 4736 peregrinationem
977 4662 1292 4729 instituisse,
1312 4670 1473 4731 atque
1494 4660 1638 4716 illinc
1658 4662 1866 4715 deserta
1885 4663 2052 4732 Syriae

470 4760 689 4827 petiisse
719 4755 974 4827 (Marica.
1014 4753 1210 4809 Victor.
1239 4755 1292 4807 in
1322 4754 1409 4806 itit.
1432 4753 1496 4809 S.
1531 4752 1732 4823 Iliam).
1764 4752 1897 4807 Nam
1926 4753 2054 4807 Ruf-

471 4856 635 4909 linum
667 4852 835 4907 Roma
866 4851 1158 4908 recessisse
1202 4864 1323 4906 cum
1375 4849 1600 4905 Melania
1656 4851 2056 4921 profectumque

470 4951 522 5000 it;
553 4948 872 5017 Egyptum,
904 4945 1135 5015 indeque
1160 4942 1553 5014 Jerosolymam
1586 4944 1913 5011 pervenisse,
1935 4959 2055 4997 cum

467 5040 575 5107 jam
603 5045 822 5091 sanctus
854 5034 1214 5103 Hieronymus
1238 5034 1292 5087 in
1322 5033 1473 5103 Syria
1496 5032 1786 5086 monachus
1809 5033 2049 5103 degeret,

469 5139 580 5183 tum
610 5142 731 5198 qua:
759 5127 1010 5196 superius
1039 5125 1182 5181 dicta
1238 5133 1383 5189 sunt,
1417 5133 1526 5177 tuin
1555 5138 1674 5193 quia
1703 5123 1950 5178 dicentur
1976 5124 2056 5177 in-

471 5222 661 5286 ferius,
693 5217 975 5288 perspicue
1013 5216 1482 5272 demonstrabunt.
1520 5217 1595 5269 Ex
1629 5216 2056 5287 peregrinatione

470 5327 599 5367 vero
632 5310 801 5380 ipsius
828 5308 1163 5379 Hieronymi,
1186 5322 1214 5362 a
1245 5322 1302 5361 se
1326 5307 1613 5377 descripta,
1650 5322 1932 5376 possumus
1958 5322 2054 5378 pa-

470 5401 601 5457 riter
630 5401 928 5471 intelligere
958 5408 1172 5469 tempus
1208 5399 1376 5467 ipsius
1396 5414 1460 5453 ει
1480 5398 1768 5453 Occidente
1792 5400 1843 5453 in
1867 5400 2058 5453 Orien-

472 5502 579 5548 tem
630 5492 991 5563 inigrationis;
1023 5491 1089 5546 ad
1133 5490 1405 5545 anlinum
1459 5492 1625 5555 enim,
1669 5505 1790 5545 cum
1832 5490 1919 5546 ille
1944 5491 2053 5560 jam

472 5587 810 5654 pervenisset
835 5586 887 5641 in
915 5584 1230 5656 Egyptum,
1254 5597 1320 5636 ex
1352 5595 1535 5634 eremo
1561 5581 1731 5651 Syriae
1767 5585 1973 5647 scribit,
1998 5599 2057 5639 se

471 5678 645 5745 primo
679 5678 975 5747 profectum
1014 5678 1067 5731 in
1096 5673 1398 5737 Thraciam,
1428 5671 1553 5726 inde
1576 5673 1625 5726 iii
1655 5672 1880 5728 Pontum
1900 5686 2058 5745 atque

470 5767 812 5841 Bithyniam,
869 5777 1049 5837 postea
1102 5767 1151 5819 in
1205 5764 1469 5819 Galatiam
1524 5772 1576 5818 et
1631 5764 2055 5836 Cappadociam,

2155 3290 2378 3360 penuria
2411 3289 2697 3343 nutrientis
2726 3288 2985 3351 materiae,
3016 3289 3163 3343 arida
3197 3288 3295 3344 hac
3323 3304 3502 3355 carne,
3530 3305 3629 3345 ceu
3658 3291 3741 3345 lu-

2153 3395 2434 3435 cernarum
2486 3394 2709 3450 papyro,
2752 3378 3137 3443 citetimdattts,
3187 3380 3419 3434 marcida
3472 3381 3738 3451 longaque

2152 3472 2474 3543 aegritudine
2502 3471 2736 3525 laboravi
2758 3488 2772 3524 :
2797 3472 3073 3539 antiquum
3096 3474 3283 3525 vulnus
3306 3472 3427 3526 huic
3449 3473 3737 3539 accedens,

2153 3580 2183 3619 a
2215 3565 2347 3621 cibis
2378 3579 2464 3619 me
2489 3564 2777 3626 abstraxit,
2807 3564 2976 3617 oculis
3000 3578 3249 3618 somnum
3275 3563 3494 3628 ademit,
3520 3564 3738 3620 tandem

2155 3657 2314 3711 morti
2358 3667 2411 3711 et
2458 3657 2581 3709 vitae
2622 3654 2887 3708 confinem
2921 3669 3005 3707 me
3048 3654 3258 3719 eliecit,
3309 3663 3511 3708 tantum
3557 3658 3743 3712 vivere

2156 3749 2493 3819 permittens,
2535 3756 2791 3814 quantum
2823 3745 2887 3799 ad
2929 3746 3168 3799 dolorem
3215 3745 3553 3800 sentiendum
3601 3760 3743 3814 opus

2155 3850 2236 3894 est
2266 3837 2474 3911 (Basil.,
2500 3837 2647 3907 epist.
2673 3837 2753 3905 8).
2782 3855 2800 3888 ι
2841 3836 2964 3890 Haec
3000 3847 3056 3891 et
3096 3837 3197 3890 alia
3250 3839 3396 3907 plura
3439 3839 3508 3893 de
3550 3840 3741 3895 eadem

2155 3934 2397 4001 corporis
2429 3931 2739 3986 infirmitate
2782 3930 3027 3995 Basilius,
3062 3947 3222 3999 quam
3255 3930 3304 3986 ei
3333 3932 3621 4001 ciiiitigisse
3650 3948 3745 3987 su-

2158 4026 2335 4094 peritis
2365 4023 2595 4077 diximus
2630 4034 2769 4075 anno
2810 4023 2982 4090 (Auito
3013 4023 3116 4076 569
3146 4033 3191 4075 et
3223 4021 3350 4091 570)
3396 4038 3500 4093 quo
3530 4032 3743 4078 creatus

2160 4127 2239 4171 est
2263 4116 2519 4169 Caesareae
2545 4114 2849 4182 episcopus,
2882 4113 2969 4183 qui
3010 4123 3320 4166 numeratur
3353 4112 3558 4167 Domini
3603 4114 3739 4179 570,

2158 4225 2265 4279 quo
2313 4211 2510 4278 pariter
2552 4207 2849 4261 dixerimus
2903 4206 3322 4277 Hieronymum,
3376 4221 3493 4260 cum
3542 4205 3737 4261 eodem

2161 4301 2392 4370 Evagrio
2420 4312 2474 4354 et
2510 4299 2630 4354 aliis
2669 4298 2854 4361 sociis,
2902 4297 3186 4352 devenisse
3233 4298 3285 4352 in
3335 4297 3579 4369 Syriam;
3615 4298 3745 4353 inde

2158 4407 2286 4446 vero
2327 4391 2565 4461 ejusdem
2617 4389 2902 4459 provincia
2949 4388 3159 4443 deserta
3203 4389 3439 4458 petiisse,
3473 4403 3579 4442 non
3609 4400 3743 4445 ante

2158 4486 2300 4556 (mea
2343 4482 2630 4551 sententia)
2670 4496 2869 4535 annum
2920 4480 3128 4535 Domini
3172 4482 3608 4536 trecentesimum
3654 4495 3749 4536 se-

2919 4572 3061 4642 quod
3112 4570 3325 4641 quidem
3365 4582 3420 4627 et
3468 4572 3747 4630 insinuare

2165 4668 2414 4723 videntur
2434 4667 2610 4721 citata:
2630 4664 2870 4735 ejusdem
2894 4664 3143 4732 superius
3168 4664 3361 4719 littera:
3380 4664 3445 4717 ad
3474 4664 3748 4719 Bullinum

2159 4759 2529 4832 (Hier.,epist.
2553 4757 2631 4828 li).
2665 4758 2743 4812 Ex
2785 4757 2869 4812 his
2913 4757 3074 4826 igitur
3118 4755 3424 4811 inducimur
3464 4767 3524 4811 ut
3553 4758 3751 4811 creda-

2163 4866 2303 4915 mus,
2328 4859 2646 4920 praesentem
2669 4862 2865 4903 annum
2888 4861 3010 4903 esse
3028 4847 3319 4903 secundum
3343 4847 3460 4919 ejus
3484 4849 3536 4902 in
3561 4863 3749 4904 eremo

2164 4945 2448 5000 incolatus.

2236 5036 2384 5088 Anno
2396 5031 2586 5087 Christi
2608 5029 2732 5083 571.
2752 5026 2946 5081 Baron.
2962 5069 2977 5093 ,
2999 5030 3069 5081 ad
3096 5046 3182 5083 an.
3203 5027 3402 5083 379...—
3416 5027 3547 5083 Cum
3570 5038 3753 5083 autem

2163 5124 2395 5193 primum
2444 5120 2496 5174 in
2545 5118 2757 5189 Syriam
2809 5117 2990 5182 venit,
3019 5117 3093 5170 ibi
3137 5131 3258 5171 cum
3307 5118 3532 5187 Evagrio
3564 5118 3755 5172 Antio-

2161 5217 2357 5277 cheno,
2386 5211 2440 5264 in
2468 5210 2553 5262 via
2582 5207 2798 5271 comite,
2831 5206 3130 5262 Antiochia:
3157 5207 3420 5263 consedit.
3454 5207 3583 5262 Erat
3614 5208 3757 5262 Eva-

2164 5305 2310 5375 grius
2332 5301 2593 5371 praedives
2609 5314 2673 5353 ac
2695 5296 2910 5364 nobilis,
2935 5298 3295 5368 dominusque
3316 5298 3485 5364 villae,
3509 5297 3753 5352 Maronia

2164 5399 2342 5462 dictat;
2360 5396 2448 5449 tibi
2476 5392 2761 5465 aliquando
2777 5405 2943 5460 agens
2971 5390 3328 5461 Hieronymus
3347 5406 3470 5447 eum
3499 5389 3756 5459 Evagrio,

2167 5500 2357 5545 nactus
2387 5488 2459 5542 ibi
2489 5484 2882 5542 sanctissimum
2914 5481 3063 5536 illum
3093 5481 3357 5536 Malchum
3391 5480 3717 5539 monachum
3738 5522 3755 5545 ,

2163 5583 2327 5634 totius
2356 5579 2478 5632 vitae
2506 5576 2674 5646 ipsius
2702 5587 2918 5628 cursmn
2938 5611 2953 5638 ,
2978 5586 3138 5640 quam
3174 5582 3357 5640 postea
3390 5573 3562 5630 factus
3585 5587 3756 5628 senex

2162 5668 2509 5739 conscripsit,
2538 5664 2779 5734 accepit:
2812 5671 3036 5718 testatur
3066 5662 3116 5717 id
3145 5664 3361 5733 quidem
3393 5664 3759 5735 Hieronymus

2167 5768 2295 5835 ipse,
2328 5779 2445 5819 cntn
2478 5763 2549 5815 ait
2585 5777 2595 5811 :
2637 5776 2653 5809 i
2687 5758 2923 5815 Maronia
2970 5757 3185 5828 triginta
3238 5756 3353 5814 fere
3407 5758 3642 5815 millibus
3685 5757 3760 5811 ab
