4002 6220
232 372 296 427 95
1259 376 1261 378 ·
1303 358 1441 414 DIVI
1482 356 1860 413 illERONYm
1903 351 2447 410 PEREGRINATIO.
3446 350 3511 407 94

235 476 531 543 Antiochia,
577 478 713 533 urbe
762 476 954 548 Syria,
994 473 1135 528 haud
1186 473 1405 543 grandis
1444 470 1509 526 ad
1549 470 1821 525 Orientem
1851 470 1899 529 Α
1927 465 2104 520 culum
2125 507 2138 531 ,
2173 465 2424 533 putabam
2455 475 2540 517 me
2566 460 2823 515 Romanis
2850 464 3117 517 interesse
3145 460 3380 517 deliciis!
3412 462 3516 533 Se-T

236 576 389 632 distat
416 570 627 627 viculus
655 589 667 623 :
702 569 811 634 hic,
842 575 961 637 post
990 566 1188 621 mullos
1222 566 1306 620 vel
1340 563 1586 618 dominos
1611 561 1696 615 vel
1728 576 1821 630 pa-

238 680 440 731 tronos,
468 663 597 718 dum
628 676 729 731 ego
752 658 1184 713 adolescentulus
1209 671 1451 710 morarer
1475 655 1527 708 in
1551 653 1727 726 Syria,
1754 652 1817 705 ad

238 775 383 829 papa:
422 756 635 826 Evagrii
666 755 760 828 (c),
792 752 1079 808 necessarii
1121 750 1254 816 mei,
1297 749 1688 818 possessionem
1722 748 1819 801 de-

242 851 447 905 volutus
477 857 561 902 est
587 888 600 901 .
630 859 788 913 quem
821 842 1021 897 idcirco
1053 856 1194 894 nunc
1220 838 1530 902 nominavi,
1563 848 1618 891 ut
1644 847 1823 891 osten-

240 941 415 995 derem
437 980 453 1005 ,
489 939 632 991 unde
660 949 873 989 nossem
891 974 907 997 ,
932 931 1071 1000 quod
1103 931 1401 999 scripturus
1426 944 1542 982 sum
1576 926 1819 995 (Hieron.

241 1035 287 1084 in
309 1030 429 1084 Vita
459 1028 695 1090 Halani).
727 1044 746 1079 ι
780 1026 907 1079 Post
934 1038 1060 1077 vero
1079 1021 1403 1087 descriptam
1426 1020 1637 1089 egregie
1661 1017 1820 1071 vitam

242 1124 451 1187 Malehi,
476 1122 576 1177 ista
599 1121 664 1174 ad
692 1128 1047 1188 postremum:
1072 1134 1091 1167 ι
1116 1115 1261 1180 Haec,
1287 1113 1481 1182 inquit,
1507 1111 1633 1165 mihi
1658 1124 1824 1163 senex

242 1216 475 1270 Ilalchus
497 1209 893 1266 adolescentulo
921 1205 1132 1269 retulit,
1163 1205 1277 1258 haec
1301 1220 1400 1273 ego
1428 1203 1579 1256 vobis
1611 1200 1823 1255 narravi

241 1325 424 1373 senex,
454 1315 510 1359 et
547 1305 710 1359 castis
758 1302 1035 1356 historiam
1084 1299 1343 1352 castitatis
1389 1311 1622 1366 expono.
1652 1315 1670 1348 ι
1708 1296 1826 1358 Ouo

244 1399 398 1470 plane
427 1395 618 1450 Malchi
672 1392 939 1463 exemplo,
971 1401 1025 1445 et
1052 1390 1276 1443 aliorum
1311 1388 1659 1456 plurimorum
1710 1400 1823 1439 mo-

243 1488 563 1551 nachorum,
591 1484 781 1553 quibus
813 1483 894 1552 (ut
934 1479 1185 1551 vidimus)
1217 1477 1371 1550 Syria
1412 1488 1537 1532 tunc
1566 1477 1787 1532 florebat
1808 1515 1825 1542 ,

243 1580 457 1634 incaluit
501 1594 597 1633 cor
638 1576 752 1645 ejus
798 1575 865 1628 ad
906 1573 1321 1628 consectandum
1364 1572 1487 1624 vita:
1518 1570 1827 1624 monasticae

245 1672 540 1725 institutum
570 1687 584 1721 :
616 1683 739 1724 cum
771 1676 825 1721 et
856 1665 921 1719 ad
951 1663 1350 1728 Theodosium,
1384 1662 1563 1730 magni
1595 1661 1825 1714 nominis

244 1764 410 1816 virum
450 1761 563 1831 (ά),
608 1768 661 1813 et
707 1758 844 1812 alios
894 1756 1183 1825 przeclaros
1226 1753 1576 1807 anaehoretas
1624 1751 1828 1805 litteras

1925 557 2116 612 debam
2146 557 2314 620 solus,
2345 554 2436 625 qui
2463 552 2821 609 amaritudine
2863 552 3051 622 plenus
3097 568 3277 620 eram;
3312 554 3509 610 horre-

1924 648 2054 704 bant
2074 664 2232 703 sacco
2262 648 2503 703 membra
2525 644 2810 711 deformia,
2834 657 2887 701 et
2914 646 3153 715 squalida
3182 647 3319 701 cutis
3346 647 3508 702 situm

1923 739 2243 809 [Ethiopicaa
2263 739 2438 793 carnis
2459 737 2788 792 obduxerat:
2815 736 3050 805 quotidie
3076 736 3352 808 lacrymae,
3371 753 3508 807 quo-

1926 833 2054 887 tidie
2098 832 2362 898 gemitus;
2410 839 2463 883 et
2501 829 2543 884 si
2596 828 2810 898 quando
2858 836 3242 898 repugnantem
3288 843 3508 883 somnus

1925 924 2207 978 imminens
2235 908 2615 991 oppressisset,
2649 922 2788 974 nuda
2818 919 2979 973 humo
3029 920 3113 974 vix
3143 935 3265 975 ossa
3298 918 3510 975 haeren-

1927 1014 2001 1070 tia
2029 1014 2369 1068 collidebatn.
2423 1014 2494 1067 De
2528 1013 2664 1067 cibis
2714 1027 2839 1066 vero
2884 1022 2938 1066 et
2987 1022 3111 1077 potu
3162 1021 3336 1076 taceo,
3385 1028 3507 1068 corn

1926 1103 2087 1157 etiam
2133 1104 2442 1171 languentes
2484 1102 2731 1155 monachi
2778 1116 2913 1170 aqua
2947 1102 3132 1170 frigida
3180 1110 3415 1166 utantur,
3451 1112 3509 1158 et

1925 1201 2135 1246 coctum
2168 1191 2364 1260 aliquid
2395 1192 2693 1258 accepisse,
2725 1192 2930 1246 luxuria
2961 1191 3050 1247 sit.
3081 1192 3173 1247 Ille
3205 1193 3363 1261 igitur
3388 1209 3509 1265 ego,

1927 1282 2014 1351 qui
2046 1282 2114 1334 ob
2142 1281 2404 1349 gehennae
2453 1289 2653 1357 metum
2705 1281 2796 1335 tali
2829 1296 2913 1335 me
2950 1295 3166 1335 carcere
3216 1283 3329 1349 ipse
3355 1282 3510 1336 dam-

1928 1388 2209 1438 naveram,
2260 1375 2607 1442 scorpionum
2652 1382 2855 1426 tantum
2909 1374 3087 1427 socius
3132 1382 3185 1427 et
3239 1375 3509 1439 ferarum,

1926 1478 2072 1533 stupe
2100 1464 2280 1519 choris
2309 1465 2595 1519 intereram
2627 1464 2919 1531 puellarum
2948 1482 2959 1517 :
2994 1465 3261 1532 pallebant
3286 1481 3381 1521 ora
3421 1468 3512 1536 je-

1924 1552 2115 1621 juniis,
2142 1564 2194 1606 et
2222 1570 2373 1607 mens
2395 1552 2673 1607 desideriis
2694 1555 2956 1607 aestuabat
2978 1555 3029 1607 in
3053 1555 3242 1626 frigido
3262 1570 3506 1624 corpore,

1929 1656 1985 1700 et
2013 1654 2137 1699 ante
2182 1646 2452 1700 hominem
2484 1645 2715 1714 sua.jam
2744 1660 2906 1700 carne
2943 1658 3322 1713 praemortuum
3362 1649 3510 1721 μεθ..

1929 1752 2118 1801 suom,
2159 1736 2267 1804 jam
2301 1752 2464 1791 carne
2495 1735 2844 1808 prtemortua]
2875 1737 2986 1791 sola
3019 1738 3298 1792 libidinum
3330 1740 3513 1795 incen-

243 1853 414 1918 dedit,
449 1828 637 1919 petens
665 1862 852 1904 eorum
886 1845 1135 1915 precibus
1174 1844 1306 1898 solvi
1348 1843 1575 1897 vinculis
1606 1840 1821 1905 saeculi;
1860 1842 1901 1900 Β
1928 1829 2016 1884 dia
2067 1828 2379 1884 bulliebant.
2432 1829 2614 1898 Itaque
2659 1828 2805 1882 omni
2850 1828 3050 1882 auxilio
3092 1828 3401 1897 destitutus,
3442 1832 3509 1886 ad

246 1946 331 1999 ubi
364 1947 480 1997 haec
527 1943 668 1997 inter
695 1938 794 1994 alia
825 1957 837 1992 :
877 1957 894 1990 ι
926 1938 1074 1992 Nunc
1104 1949 1341 1991 vestrum
1370 1944 1453 1989 est
1480 1942 1539 1988 ut
1581 1933 1825 1986 volunta-

247 2046 351 2089 tem
399 2042 655 2103 sequatur
704 2030 963 2092 effectus;
1011 2043 1188 2081 meum
1218 2034 1301 2081 est
1347 2036 1404 2079 ut
1452 2025 1643 2089 velim;
1672 2024 1828 2076 obse-

244 2129 538 2183 crationum
593 2136 892 2179 vestrarum
938 2132 1023 2176 eSt
1061 2130 1117 2174 ut
1158 2117 1299 2189 quod
1341 2116 1498 2172 velim
1531 2125 1585 2171 et
1627 2114 1825 2185 possim

245 2217 439 2288 (Eiet,
465 2217 616 2282 epist.
641 2214 755 2281 38).
786 2232 803 2264 ι

317 2308 455 2361 inter
486 2305 605 2358 hac
630 2300 886 2370 temporis
926 2300 1123 2369 spatia,
1153 2312 1274 2353 cum
1306 2294 1431 2363 quid
1471 2305 1614 2351 esset
1643 2296 1829 2350 decer-

247 2398 476 2453 nendum
503 2394 570 2449 de
602 2404 741 2448 statu
782 2406 882 2447 suo
931 2391 1098 2445 Deum
1141 2404 1433 2455 servosque
1462 2388 1556 2442 Dei
1604 2389 1672 2441 ita
1703 2402 1829 2441 cou-

246 2491 475 2551 suleret,
505 2498 670 2555 agens
693 2482 990 2537 Antiochia!
1020 2480 1298 2534 docentem
1327 2478 1529 2532 audivit
1558 2477 1828 2546 Apollina-

246 2596 386 2645 rem,
414 2580 470 2650 6
496 2578 562 2632 de
591 2593 697 2647 quo
727 2575 842 2645 ipse
866 2573 931 2628 ad
956 2571 1350 2629 Pammachium
1377 2588 1389 2623 :
1414 2587 1432 2621 ι
1465 2571 1828 2639 Apollinarem

247 2671 606 2726 Laodicenum
648 2667 826 2721 audivi
877 2664 1177 2720 Antiochiae
1225 2661 1532 2731 frequenter
1568 2671 1622 2716 et
1661 2663 1828 2727 colui;

248 2774 297 2816 et
326 2776 444 2817 cum
491 2775 579 2815 me
610 2760 663 2812 in
708 2757 910 2813 sanctis
940 2754 1230 2822 Scripturis
1260 2754 1527 2818 erudiret,
1561 2768 1829 2821 nunquam

246 2854 385 2908 illius
426 2850 820 2907 contentiosum
874 2861 1037 2915 super
1082 2860 1245 2901 sensu
1294 2844 1486 2914 dogma
1536 2844 1771 2913 suscepi.
1808 2863 1826 2896 ι

250 2949 371 3003 llaec
400 2948 533 3018 ipse.
566 2945 735 3001 Porro
761 2959 882 2999 cum
904 2945 995 3023 ⁷(ιιι
1024 2941 1272 3013 superius
1301 2942 1501 2996 dictum
1533 2941 1638 3012 est)
1669 2940 1833 3009 Apol-

249 3040 431 3094 linaris
472 3037 713 3093 nondum
761 3037 993 3106 perfecte
1038 3034 1285 3105 cognitus
1332 3048 1506 3101 neque
1551 3035 1833 3089 damnatus

247 3142 418 3201 esset,
446 3134 674 3187 licenter
699 3130 957 3195 docebat,
984 3128 1412 3195 audiebaturque
1439 3126 1701 3181 licentius.

1927 1921 2053 1975 Jesu
2079 1920 2321 1991 jacebatn
2359 1919 2539 1988 pedes,
2571 1919 2807 1989 rigabam
2856 1920 3126 1989 lacrymis,
3159 1922 3308 1976 crine
3337 1930 3512 1991 terge-

1931 2014 2053 2068 bam
2072 2057 2086 2079 ,
2115 2024 2170 2067 et
2198 2022 2577 2082 repugnantem
2607 2027 2824 2068 carnem
2857 2012 3308 2068 hebdomadarum
3339 2016 3514 2072 inedia

1930 2102 2304 2173 subjugabam.
2333 2102 2448 2157 Non
2473 2104 2732 2157 erubesco
2755 2103 3001 2158 confiteri
3031 2103 3352 2159 infelicitatis
3381 2120 3517 2159 mea:

1932 2195 2240 2257 miseriam;
2287 2192 2413 2262 quin
2465 2192 2640 2261 potius
2684 2192 2880 2263 plango
2925 2208 3010 2247 me
3056 2208 3160 2248 non
3211 2208 3329 2249 esse
3371 2195 3515 2264 quod

1930 2285 2142 2340 fuerim.
2165 2284 2381 2339 Memini
2408 2299 2492 2339 me
2522 2284 2867 2349 clamantem,
2892 2284 3033 2339 diem
3057 2286 3249 2340 crebro
3274 2286 3518 2353 junxisso

1932 2389 2052 2429 cum
2082 2386 2257 2439 nocte,
2285 2388 2383 2429 nec
2414 2374 2561 2442 prius
2587 2389 2617 2428 a
2647 2374 2881 2442 pectoris
2910 2388 3152 2430 cessasse
3174 2374 3513 2443 verberibus,

1932 2482 2089 2537 quam
2121 2468 2357 2534 rediret,
2385 2467 2610 2521 Domino
2656 2467 2986 2535 increpante,
3017 2466 3392 2536 tranquillitas.
3427 2465 3515 2536 lp-

1932 2575 2047 2614 sam
2100 2574 2315 2629 quoque
2364 2558 2611 2613 cellulam
2668 2573 2881 2621 meam,
2935 2556 3086 2627 quasi
3137 2557 3517 2625 cogitationum

1934 2664 2174 2704 mearum
2204 2648 2509 2713 consciam,
2543 2646 3020 2717 pertimescebam;
3049 2656 3103 2700 et
3144 2646 3381 2701 mihimet
3413 2645 3517 2700 ira-

1936 2746 2021 2797 tus
2048 2746 2104 2792 et
2143 2736 2364 2805 rigidus,
2396 2737 2546 2790 solus
2573 2735 2787 2789 deserta
2830 2733 3177 2803 penetrabam
3209 2751 3223 2786 :
3254 2743 3309 2788 et
3346 2733 3517 2788 sicubi

1935 2844 2165 2886 concava
2198 2828 2416 2884 vallium
2437 2868 2453 2894 ,
2476 2843 2661 2897 aspera
2692 2828 2953 2882 montium
2973 2868 2986 2892 ,
3017 2826 3224 2895 rupium
3252 2836 3516 2896 praerupta

1935 2924 2254 2987 cernebam,
2284 2922 2356 2976 ibi
2388 2936 2522 2975 mere
2552 2920 2810 2974 orationis
2858 2920 3029 2984 locus,
3061 2918 3131 2972 ibi
3162 2919 3290 2971 illud
3323 2899 3512 2972 miser-

1936 3016 2085 3070 rima:
2115 3015 2292 3071 carnis
2333 3014 2693 3083 ergastulum;
2728 3022 2813 3079 et,
2846 3021 2905 3066 ut
2940 3013 3052 3082 ipse
3091 3011 3241 3065 testis
3278 3019 3362 3066 est
3410 3010 3517 3064 Do-

1938 3108 2134 3172 minus,
2165 3116 2286 3175 post
2315 3106 2509 3158 multas
2555 3105 2840 3175 lacrymas,
2872 3111 2987 3172 post
3017 3102 3154 3158 (telo
3196 3101 3520 3156 inhaerentes

317 3226 395 3279 De
425 3229 545 3278 loco
571 3238 725 3290 vero,
756 3238 786 3274 a
828 3228 1016 3274 sancto
1047 3218 1370 3288 Hieronymo
1399 3217 1451 3271 iu
1499 3218 1668 3287 Syriae
1699 3217 1828 3272 soli-

1940 3199 2145 3263 oculos,
2179 3212 2558 3265 nonnunquam
2590 3197 2810 3250 videbar
2841 3195 2969 3249 mihi
3013 3196 3271 3249 interesse
3300 3195 3521 3265 agmini-

253 3315 455 3382 tudine,
480 3314 547 3368 ad
580 3312 925 3368 habitandum
957 3310 1187 3378 delecto,
1216 3310 1280 3364 ad
1310 3308 1678 3363 Chromatium
1708 3312 1832 3364 scri-

250 3408 403 3474 hens,
438 3407 514 3463 ita
557 3406 671 3476 ipse
713 3403 991 3460 meminit:
1025 3422 1043 3454 ι
1076 3402 1130 3455 In
1161 3417 1220 3455 ea
1272 3411 1421 3470 parte
1475 3400 1665 3453 dolatu!
1709 3410 1835 3456 sunt

252 3503 379 3568 (tua:
403 3497 611 3552 scilicet
644 3496 856 3565 litterae)
896 3509 1014 3564 quae
1055 3491 1192 3547 inter
1220 3491 1386 3563 Syros
1414 3500 1468 3546 et
1508 3490 1833 3547 Sarracenos

250 3598 456 3643 vastum
487 3588 715 3642 limitem
740 3586 901 3639 ducit.
928 3605 947 3637 ι
976 3585 1174 3639 Eadem
1199 3583 1359 3638 habet
1380 3584 1443 3637 ad
1478 3584 1829 3637 Florentium.

251 3676 518 3732 Chalcidis
557 3676 850 3746 provinciae
897 3690 958 3731 ea
989 3686 1104 3729 erat
1145 3674 1227 3746 (ut
1256 3675 1381 3729 alibi
1424 3674 1539 3743 ipse
1583 3654 1853 3744 testatur)

252 3774 479 3828 solitudo
510 3771 714 3843 (Hien,
738 3771 883 3841 epist.
909 3770 1001 3835 45,
1025 3768 1089 3837 6;
1117 3767 1282 3839 Prw].
1309 3768 1363 3821 in
1395 3768 1654 3837 Abdiam).

319 3887 495 3942 Fuere
525 3885 641 3955 ejus
669 3884 895 3939 comites
922 3882 1266 3937 Innocentius
1308 3891 1469 3949 atque
1511 3879 1696 3951 Hylas,
1736 3893 1838 3933 ac-

254 3978 519 4046 cessitque
547 3986 733 4047 postea
766 3974 1109 4030 lleliodorus.
1157 3972 1252 4027 His
1280 3973 1530 4026 omnibus
1577 3970 1835 4039 Evagrius

254 4068 618 4122 Antiochenus
644 4074 835 4121 cuncta
880 4066 1182 4121 necessaria
1224 4064 1592 4129 ministrabat;
1623 4064 1750 4133 quin
1780 4072 1835 4118 et
1892 4112 1895 4115 .

254 4159 369 4225 ejus
396 4158 657 4228 impensis
688 4157 1016 4227 Hieronymo
1054 4156 1122 4210 ad
1169 4156 1483 4210 scribendos
1514 4154 1678 4209 libros
1707 4168 1836 4223 sup-

256 4250 471 4315 peditati
502 4256 631 4302 sunt
655 4247 975 4316 antiquarii;
1010 4246 1115 4301 illis
1151 4246 1295 4301 enim
1325 4261 1384 4300 se
1421 4246 1493 4300 ibi
1535 4245 1837 4300 abundasse

256 4349 513 4403 testatur;
547 4340 893 4407 ejusdemque
925 4337 1131 4407 Evagrii
1161 4351 1345 4405 opera,
1378 4337 1566 4391 litterae
1609 4350 1731 4406 qua:
1758 4338 1839 4391 di-

261 4433 430 4487 versis
456 4446 525 4486 ex
558 4431 691 4485 locis
722 4429 1059 4485 Antiochiam
1095 4428 1479 4493 alferehantur,
1506 4428 1677 4483 eidem
1710 4427 1837 4481 red-

253 4527 547 4588 debantur;
582 4523 925 4592 vicissimque
970 4520 1038 4574 ad
1083 4519 1219 4574 alios
1262 4519 1569 4585 mittendas,
1607 4519 1676 4573 ab
1723 4519 1838 4589 ipso

254 4616 342 4671 ille
366 4613 670 4685 accipiebat
699 4611 894 4682 (Hien,
924 4612 1075 4681 epist.
1099 4608 1190 4673 41,
1220 4607 1308 4670 45,
1334 4608 1414 4678 6).

320 4710 430 4768 Sed
473 4711 640 4765 rebus
679 4708 732 4761 in
761 4708 901 4760 hunc
931 4704 1146 4759 modum
1176 4704 1340 4771 probe
1369 4702 1667 4771 dispositis,
1710 4701 1837 4755 illud

255 4803 525 4857 funestum
558 4801 610 4854 in
643 4798 830 4868 primis
858 4797 1083 4861 accidit,
1111 4805 1169 4850 ut
1197 4795 1504 4849 dulcissimo
1526 4795 1721 4848 comite
1753 4793 1837 4848 ln-

257 4893 507 4948 nocentio
540 4899 716 4946 morte
755 4889 1020 4945 exstincto
1052 4888 1369 4957 privaretur,
1415 4883 1839 4952 Heliodorusque

254 4983 358 5038 cito
384 4981 710 5045 recesserit,
741 4995 837 5049 spe
865 4988 1044 5034 tamen
1084 4976 1372 5042 redeundi;
1405 4977 1521 5049 ipse
1551 4991 1678 5029 vero
1720 4991 1839 5031 cre-

256 5077 366 5127 bris
413 5073 684 5127 laboraret
734 5048 977 5139 eorporis
1026 5066 1445 5121 infirmitatibus.
1495 5048 1646 5131 Quod
1693 5079 1838 5135 saepe

258 5167 505 5233 queritur
533 5165 601 5218 ad
648 5164 894 5217 diversos
932 5159 1133 5214 amicos
1181 5157 1423 5213 scribens
1454 5154 1659 5227 (Hien,
1690 5159 1839 5225 epist,

251 5255 344 5322 tt,
380 5257 430 5321 t,
456 5251 745 5322 37,3,37,
770 5250 885 5322 tt).

322 5347 470 5414 Quas
503 5345 725 5412 insuper
765 5351 961 5410 praeter
990 5338 1108 5394 haec
1154 5353 1340 5408 passus
1370 5339 1440 5392 sit
1491 5337 1837 5408 impugnatio-

253 5453 351 5493 nes
380 5439 723 5499 daemonum,
754 5443 809 5488 et
834 5448 951 5503 qua:
983 5447 1105 5486 eum
1146 5430 1488 5485 exercuerim
1516 5430 1697 5499 praelia
1726 5445 1844 5484 car-

249 5529 358 5593 nis,
394 5526 483 5581 hic
512 5534 755 5581 retexam
785 5540 851 5580 ex
881 5523 1119 5593 ejusdem
1150 5522 1379 5591 epistola
1400 5522 1464 5574 ad
1495 5520 1840 5575 Eustochium

250 5619 452 5686 (Hien,
485 5616 813 5686 epist.22):
852 5634 872 5668 r
908 5616 951 5670 0
998 5615 1208 5684 quoties
1252 5628 1353 5681 ego
1398 5615 1513 5681 ipse
1561 5616 1614 5668 ln
1660 5628 1843 5667 eremo

249 5711 598 5772 constitutus,
634 5717 688 5763 et
729 5707 781 5762 iu
824 5707 910 5761 illa
953 5718 1103 5760 vasta
1147 5704 1455 5769 solitudine,
1490 5721 1628 5775 qum,
1655 5716 1841 5759 evitata

252 5802 385 5856 solis
412 5799 723 5865 ardoribus,
753 5796 1024 5855 horridum
1066 5798 1342 5853 monachis
1392 5807 1607 5866 praestat
1637 5797 1842 5851 habita-

1938 3290 2037 3345 bus
2063 3290 2404 3359 angelorum;
2432 3298 2488 3344 et
2516 3291 2667 3344 laetus
2694 3291 3038 3359 gaudensque
3065 3286 3306 3343 dicebam
3337 3303 3354 3340 :
3394 3286 3522 3341 Post

1938 3392 1985 3436 te
2024 3382 2077 3435 in
2109 3382 2315 3436 odorem
2345 3389 2727 3450 unguentorum
2756 3390 2959 3434 tuorum
2990 3378 3310 3433 cucurrimus
3347 3378 3521 3446 (Cant.

1940 3473 1999 3545 ι).
2034 3492 2051 3525 ι
2084 3473 2352 3527 llactenus
2384 3472 2542 3542 ipse..

2009 3588 2207 3643 Verum
2253 3601 2357 3640 non
2401 3584 2604 3654 jejunia
2648 3585 2854 3651 solum,
2887 3582 3130 3650 aliasque
3174 3581 3519 3648 afuit-tiones,

1938 3679 2005 3735 ad
2045 3679 2222 3733 carnis
2270 3678 2502 3742 impetus
2549 3673 2917 3738 inlrenandos,
2967 3673 3285 3734 adhibebat,
3331 3672 3425 3725 sed
3467 3682 3525 3728 et

1935 3772 2058 3839 juge
2102 3768 2337 3824 studium
2384 3767 2727 3822 litterarum:
2774 3764 2915 3819 unde
2966 3765 3080 3835 ipse
3127 3763 3193 3818 ad
3242 3761 3520 3818 Rusticum

1938 3861 2182 3916 scribens
2211 3859 2324 3913 hmc
2360 3859 2434 3912 ait
2478 3856 2681 3927 (Hier.,
2704 3856 2853 3926 epist.
2882 3853 2939 3925 4)
2967 3872 2982 3910 :
3021 3873 3038 3905 t
3070 3853 3203 3907 Dum
3230 3870 3404 3909 essent
3431 3855 3521 3923 ju-

1939 3956 2110 4020 venis,
2138 3964 2193 4009 et
2223 3951 2530 4008 solitudinis
2564 3966 2649 4005 me
2692 3949 2906 4005 deserta
2937 3948 3225 4017 vallarent,
3260 3948 3520 4002 incentiva

1937 4046 2220 4109 vitiorum,
2252 4043 2607 4111 ardoremque
2656 4052 2859 4095 natura:
2907 4041 3046 4094 ferre
3079 4055 3184 4094 nou
3234 4050 3471 4107 poteram
3504 4055 3519 4093 :

1940 4150 2095 4205 quem
2127 4150 2248 4188 eum
2280 4132 2485 4188 crebris
2521 4132 2744 4201 jejuniis
2790 4133 3120 4201 frangerem,
3155 4145 3305 4184 mens
3346 4138 3522 4185 tamen

1939 4227 2352 4299 cogitationibus
2381 4227 2668 4291 :estuabat;
2697 4225 2762 4279 ad
2789 4239 2948 4293 quam
2993 4222 3377 4287 edomandam,
3408 4220 3525 4275 cui-

1941 4323 2063 4377 dam
2093 4322 2273 4384 fratri,
2305 4320 2393 4391 qui
2426 4335 2489 4375 ex
2531 4318 2771 4373 llebraais
2799 4316 3129 4380 crediderat,
3168 4330 3255 4369 me
3287 4316 3338 4368 in
3368 4313 3528 4368 disci-

1944 4415 2142 4484 plinam
2174 4413 2329 4477 dedi,
2359 4421 2415 4465 ut
2446 4419 2566 4479 post
2592 4407 2905 4476 Quintiliani
2948 4406 3213 4467 acumina,
3242 4404 3521 4457 Ciceronis

1944 4505 2155 4572 fluvios,
2182 4504 2604 4573 gravitatemque
2632 4498 2941 4563 Frontonis,
2965 4508 3018 4552 et
3041 4496 3312 4551 lenitatem
3336 4494 3523 4558 Plinii,

1869 4592 1915 4649 D
1944 4597 2286 4666 alphabetum
2336 4594 2637 4656 discerem,
2678 4600 2732 4645 et
2786 4588 3064 4643 stridentia
3111 4585 3527 4653 anhelantiaque

1948 4692 1996 4761 7
2029 4689 2188 4743 verba
2237 4687 2544 4742 meditarer.
2575 4684 2710 4751 Quid
2759 4683 2831 4738 ibi
2874 4682 3072 4736 laboris
3117 4677 3526 4744 insumpserim,

1948 4780 2070 4848 quid
2097 4777 2440 4833 sustinuerim
2474 4772 2825 4837 difficultatis,
2852 4771 3063 4840 quoties
3094 4765 3526 4836 desperaverim,

1946 4870 2153 4937 quoties
2196 4860 2541 4931 cessaverim,
2577 4874 2631 4920 et
2660 4862 3007 4919 contentione
3053 4859 3293 4915 discendi
3342 4873 3531 4913 rursus

1946 4958 2258 5029 inceperim,
2290 4959 2439 5014 testis
2460 4965 2543 5011 est
2571 4954 2924 5016 conscientia,
2948 4962 3053 5004 tam
3078 4965 3194 5004 mea
3217 4948 3307 5016 qui
3340 4964 3525 5018 passos

1944 5066 2093 5115 sunt,
2126 5061 2281 5119 quam
2311 5063 2494 5103 eorum
2542 5045 2632 5116 qui
2673 5058 2879 5098 mecum
2910 5040 3178 5095 duxerunt
3224 5038 3416 5093 vitam.
3467 5036 3531 5092 Et

1943 5144 2140 5212 gratias
2164 5156 2264 5210 ago
2288 5140 2400 5194 Deo
2438 5154 2580 5201 meo,
2612 5136 2750 5204 quod
2781 5135 2849 5188 de
2875 5148 3058 5188 amaro
3089 5131 3296 5187 semine
3323 5126 3527 5185 littera-

1948 5248 2062 5287 rum
2092 5232 2280 5285 dulces
2304 5233 2505 5283 fructus
2535 5242 2718 5293 carpo.
2752 5244 2770 5277 ι
2806 5225 2929 5279 litae
2960 5224 3094 5291 ipse.

2020 5342 2236 5407 Baron.,
2259 5345 2326 5397 ad
2352 5358 2439 5396 an.
2457 5341 2562 5395 572
2590 5354 2633 5393 et
2661 5338 2790 5397 578.
2817 5366 2887 5379 —
2910 5338 2983 5391 Ex
3005 5336 3186 5391 multis
3208 5349 3333 5389 vero
3349 5347 3537 5387 aerum-

1946 5436 2054 5499 nis,
2087 5434 2279 5502 quibus
2307 5432 2379 5486 ibi
2412 5433 2644 5501 gratiter
2690 5429 2973 5483 afﬂictatus
3012 5436 3132 5491 est,
3184 5426 3288 5479 illa:
3317 5423 3534 5494 quidem

1948 5525 2050 5580 sibi
2076 5525 2323 5578 maximas
2345 5523 2472 5577 visa:
2495 5530 2640 5587 sunt;
2663 5520 2803 5590 quod
2838 5517 3196 5573 Occidentalis
3217 5516 3331 5584 ipse
3351 5514 3533 5574 homo,

1948 5615 2170 5685 collegis
2202 5629 2388 5684 parum
2419 5614 2683 5685 cognitus,
2715 5618 2981 5679 suspectae
3020 5608 3131 5660 illis
3161 5607 3281 5661 fidei
3315 5604 3536 5658 habere-

1950 5717 2053 5759 tur.
2086 5706 2214 5760 Nato
2245 5705 2487 5758 eamdem
2526 5719 2745 5773 prorsus
2771 5699 3112 5761 calumniam,
3157 5711 3314 5763 quam
3358 5688 3532 5743 Pauli-

1951 5811 2050 5850 nus
2082 5796 2364 5865 episcopus
2418 5792 2781 5849 Antiocheoos
2814 5789 2890 5859 (ut
2926 5787 3151 5840 vidimus
3186 5802 3249 5838 ex
3298 5778 3535 5850 Epitthar

2800 6214 2805 6215 γ
2832 6204 3593 6220 Δῲῂμῄήγ-ᾼΗ”μ““.ϋο
3610 6206 3615 6209 -
3638 6204 3653 6209 ι
