4002 6222
452 338 521 393 95
1524 325 1891 382 PRAELUDIA
1938 326 2027 378 Al)
2067 321 2324 378 LlBRUM
2372 320 2657 377 PRIMUM.
3671 326 3738 379 96

455 450 543 503 nio
572 456 733 517 atque
758 440 1135 510 Theodoreto).
1158 453 1345 512 passus
1393 449 1476 493 est
1524 453 1552 492 a
1589 437 1759 491 Vitale
1790 438 2043 505 primum,
2074 440 2121 496 Α
2148 434 2303 488 cibus
2332 433 2560 490 Paulino
2588 442 2641 487 et
2693 431 3010 499 Epiphanio,
3070 432 3432 489 ecclesiastica
3492 439 3734 494 traxisset

459 553 523 593 ac
550 537 743 593 deinde
773 551 803 589 a
836 535 1111 599 Flaviano,
1142 548 1261 587 cum
1294 531 1361 584 ab
1398 530 1477 584 eis
1505 527 1838 584 Sabellianus
1863 528 2047 595 appel-

459 612 686 695 laretur,
723 629 827 697 pali
886 627 1094 697 cogitur
1140 635 1354 678 sanctus
1408 623 1763 691 Hieronymus
1795 620 1848 673 in
1880 618 2049 688 Syrias

457 719 742 775 solitudine
791 718 929 785 apud
980 716 1291 770 Chalcidem
1338 712 1391 767 in
1440 726 1624 767 eremo
1664 725 1861 779 agens,
1905 707 2049 778 quod

463 811 889 866 communicaret
917 822 1035 861 cum
1068 808 1256 862 eodeni
1290 805 1537 867 Paulino,
1580 818 1609 854 a
1639 800 1853 865 Meletii,
1900 808 2049 868 puto,

461 900 719 956 studiosis
764 900 1092 969 exagitatus;
1140 896 1443 950 nominatus
1488 903 1541 948 et
1590 892 1703 960 ipse
1745 892 1811 945 ab
1863 890 2049 944 iisdem

463 992 822 1057 Sabellianus,
855 991 1095 1058 adeoque
1128 996 1371 1051 vexatus,
1402 994 1458 1038 ut
1492 990 1708 1039 coactus
1739 980 1897 1036 fuerit
1929 981 2053 1035 inde

466 1083 738 1138 recedere.
783 1080 970 1134 Tradit
1022 1080 1135 1132 [nec
1177 1078 1353 1131 omnia
1408 1074 1522 1145 ipse
1570 1072 1741 1144 (Ilier.
1768 1073 1915 1142 epist.
1958 1071 2049 1139 77)

469 1174 714 1229 scribens
739 1173 803 1226 ad
838 1173 1072 1225 Marcum
1104 1170 1479 1239 presbyterum
1514 1165 1924 1220 Chalcidensem
1956 1164 2051 1233 (ε).

786 1282 1049 1353 Profectio
1078 1282 1243 1350 prima
1279 1276 1736 1347 Jerosolymitana.

539 1400 687 1450 Auito
713 1392 902 1450 Christi
930 1392 1057 1447 578.
1087 1392 1305 1457 Raram,
1338 1391 1406 1443 ad
1434 1391 1667 1444 eumdem
1707 1405 1797 1443 an.
1830 1419 1899 1430 —
1941 1388 2059 1454 Quo

466 1499 645 1542 autem
669 1484 938 1554 profectus
969 1484 1041 1537 sit
1078 1484 1191 1550 ipse
1228 1494 1476 1550 egressus
1516 1494 1581 1534 ex
1632 1478 1802 1549 Syriae
1848 1490 2052 1544 eremo,

467 1586 617 1633 certe
647 1574 859 1644 quidem
890 1573 1279 1642 Jerosolytnam
1314 1582 1442 1624 ante
1487 1568 1707 1633 abiisse,
1745 1581 1902 1637 quam
1946 1562 2057 1619 Ro-

479 1682 626 1724 mam
652 1668 862 1722 veniret
888 1666 953 1720 ad
977 1665 1284 1727 Damasum,
1314 1677 1379 1717 ex
1403 1663 1570 1732 ipsius
1592 1661 1892 1715 assertione
1936 1671 2059 1727 pro-

472 1765 649 1828 batur,
679 1762 806 1816 dum
834 1760 886 1815 in
929 1757 1242 1830 prmfatione
1293 1758 1358 1811 ad
1408 1756 1687 1811 Paulinum
1744 1752 2052 1824 iu‘Did‘ymi

470 1853 915 1909 commentarium
947 1853 1014 1906 de
1039 1852 1241 1920 Spiritu
1268 1856 1474 1916 sancto,
1501 1847 1760 1902 recedens
1791 1858 1919 1901 tunc
1951 1847 2058 1900 Ro-

480 1958 567 1998 ma
598 1950 716 2013 post
743 1942 945 1995 obitum
981 1940 1212 2004 Damasi,
1237 1954 1297 1993 se
1326 1938 1648 2007 postliminio
1668 1936 2056 2006 Jerosolymam

474 2046 748 2088 reversum
775 2030 1009 2086 affirmat
1033 2049 1049 2097 ;
1080 2041 1135 2085 et
1164 2032 1216 2083 in
1245 2032 1468 2097 epistola
1500 2030 1565 2082 ad
1589 2029 1844 2095 Asellam,
1874 2042 2056 2097 quam,

473 2124 641 2178 Roma
694 2136 980 2192 egressus,
1025 2136 1213 2175 navem
1263 2134 1659 2175 conscensurus
1701 2119 2056 2187 conscripsit,

473 2214 587 2267 ait:
620 2232 639 2264 ι
680 2214 785 2266 Ora
813 2222 983 2265 autem
1007 2221 1061 2265 ut
1091 2212 1154 2265 de
1196 2210 1453 2281 Babylone
1476 2210 1851 2281 Jerosolymam
1893 2226 2062 2281 regrea

475 2304 790 2375 diar(Hier.
833 2306 986 2373 epist.
1028 2304 1143 2372 $9).
1200 2323 1218 2355 ι
1270 2304 1473 2369 Quibus
1509 2292 1905 2374 intelligasjaut
1937 2311 2063 2357 ante

475 2384 649 2466 ipsum
680 2397 1028 2468 Jerosolymis
1073 2402 1344 2451 versatum
1394 2396 1581 2463 fuisse,
1630 2410 1787 2465 quam
1840 2396 2061 2450 Romam

476 2494 685 2547 veniret
706 2491 773 2545 ad
805 2491 1111 2545 Damasum.
1136 2490 1413 2555 Quantum
1462 2503 1590 2543 vero
1619 2488 1876 2558 temporis
1904 2487 2063 2542 Jero-

477 2583 699 2655 solymis
721 2583 995 2647 manserit,
1026 2582 1164 2636 haud
1190 2582 1320 2635 satis
1351 2580 1533 2650 liquet.

836 2695 1091 2765 Profectio
1113 2693 1703 2765 ConstantinOpolitana.

551 2812 700 2863 Anno
724 2808 908 2863 Christi
928 2806 1057 2863 579.
1091 2806 1309 2873 Baron.,
1334 2810 1401 2860 ad
1431 2806 1662 2860 eumdem
1684 2823 1771 2860 an.
1821 2836 1880 2846 —
1934 2804 2067 2861 Gre-

485 2899 619 2970 gorii
644 2898 963 2954 Nazianzeni
986 2900 1126 2953 fama
1150 2907 1444 2968 permotus,
1467 2899 1830 2969 impulsusque
1852 2906 2070 2954 sanctus

484 2991 859 3061 Hieronymus,
885 3004 989 3044 una
1029 3005 1150 3044 cum
1202 2990 1403 3063 collega
1436 2988 1741 3054 Vincentio,
1815 3004 1847 3044 e
1890 2988 2066 3061 Syria,

484 3090 591 3136 tam
620 3081 911 3152 longinquo
939 3089 1205 3135 terrarum
1243 3077 1441 3148 spatio,
1472 3079 1695 3133 contulit
1723 3095 1782 3135 se
1812 3080 2070 3135 Constan-

2150 525 2208 595 8
2236 524 2526 579 necessitas
2558 522 2737 593 (Hier.
2765 523 2917 589 epist.
2958 522 3076 593 61),
3098 523 3457 579 iethndicat
3506 526 3584 582 bis
3609 543 3737 585 sane

2156 616 2333 670 verbis
2355 617 2731 687 Hieronymus,
2759 629 2817 667 se
2843 625 3087 669 vocatum
3116 630 3145 669 a
3177 616 3421 671 Damaso.

2224 710 2330 765 Sed
2355 710 2496 778 quod
2521 710 2595 761 ait
2623 708 2837 762 venisse
2869 706 3091 761 Romam
3123 723 3243 762 cum
3278 709 3468 764 iisdem
3502 712 3741 766 nomina-

2156 803 2220 856 tis
2253 802 2542 873 episcOpis,
2574 799 2716 854 haud
2751 809 2877 869 puto
2904 798 3328 869 intelligendum,
3380 815 3502 854 eum
3558 801 3744 855 Antiu-

2154 894 2273 947 cbia
2304 907 2407 967 una
2430 906 2551 947 cum
2600 891 2822 945 Paulino
2846 889 3095 955 solvisse,
3150 890 3239 945 vel
3283 906 3405 945 cum
3449 890 3745 961 Epiphanio

2157 1002 2187 1039 e
2209 985 2387 1056 Cypro
2411 984 2605 1037 insula.
2637 981 2768 1036 Nam
2796 996 2916 1036 cum
2951 982 3119 1051 ipsius
3149 985 3437 1050 sententia,
3467 993 3522 1036 ut
3543 983 3741 1037 dictum

2155 1089 2236 1133 est
2267 1077 2535 1146 superius,
2570 1084 2778 1130 constet
2801 1076 2972 1143 ipsum
3000 1075 3139 1142 apud
3171 1074 3487 1145 Gregorium
3518 1074 3746 1130 Nazian-

2158 1184 2345 1223 zenutn
2379 1165 2738 1235 permansisse
2780 1163 3241 1232 Constantinopoli
3274 1180 3443 1233 usque
3501 1165 3566 1217 ad
3609 1176 3744 1219 tem-

2160 1274 2277 1328 pus,
2311 1272 2417 1329 quo
2444 1256 2583 1309 idem
2609 1252 2897 1324 Gregorius
2924 1253 3290 1322 episcopatum
3338 1253 3453 1323 ejus
3489 1253 3745 1309 Ecclesiae

2158 1332 2478 1402 consecutus
2507 1355 2609 1410 est,
2646 1345 2802 1413 plane
2827 1354 3048 1412 apparet
3069 1358 3191 1396 eum
3225 1358 3331 1396 non
3380 1352 3504 1398 ante
3552 1351 3747 1412 pra-te-

2159 1441 2319 1494 ritum
2348 1454 2545 1491 annum
2579 1436 2865 1491 recessisse
2893 1434 3353 1507 Constantinopoli
3396 1453 3408 1487 :
3440 1450 3597 1504 quem
3632 1437 3749 1504 qui-

2160 1532 2280 1586 dem
2314 1530 2454 1585 haud
2512 1530 2764 1584 existimo
2805 1527 3142 1583 Antiochiam
3184 1542 3461 1583 reversum
3512 1544 3658 1595 esse,
3693 1540 3748 1583 ut

2159 1637 2278 1677 cum
2312 1620 2532 1675 Paulino
2561 1628 2615 1674 et
2637 1618 2935 1690 Epiphanio
2967 1633 3025 1673 se
3056 1617 3277 1672 Romam
3314 1620 3621 1683 conferret;
3652 1620 3750 1673 sed

2168 1714 2377 1769 Damasi
2408 1712 2666 1767 monitum
2692 1712 2882 1766 litteris
2913 1719 3194 1765 venturum
3236 1711 3481 1776 Romam,
3527 1711 3631 1768 iter
3659 1728 3754 1781 per

2090 1802 2139 1865 B
2165 1806 2425 1862 Graeciam
2456 1804 2783 1873 suscepisse,
2807 1818 2977 1872 eoque
3010 1814 3254 1872 tempore
3308 1804 3546 1859 Athenas
3598 1805 3751 1859 adire

2163 1897 2419 1952 voluisse.
2442 1896 2618 1964 Ipsum
2643 1910 2873 1963 namque
2905 1896 3120 1963 petiisse
3146 1894 3403 1959 Athenas,
3440 1896 3601 1950 verba
3635 1899 3751 1950 hac

2164 1987 2215 2042 in
2240 1986 2638 2041 commentariis
2669 1986 2721 2039 in
2772 1984 3083 2039 Zachariam
3130 1985 3289 2040 (idem
3332 1986 3577 2040 faciunt:
3613 2006 3631 2037 ι
3700 1986 3754 2040 lu

2162 2092 2306 2142 arce,
2339 2078 2530 2146 inquit,
2565 2076 2971 2131 Atheniensium
3003 2076 3146 2141 juxta
3168 2076 3511 2131 simulacrum
3556 2078 3758 2132 Miner-

2164 2183 2265 2234 vae,
2297 2168 2405 2222 vidi
2438 2169 2703 2234 Spbzeram
2736 2181 2929 2221 :eream
2968 2167 3267 2235 gravissimi
3288 2169 3559 2235 ponderis,
3593 2182 3755 2238 quam

2163 2274 2263 2330 ego
2282 2274 2376 2327 pro
2401 2257 2770 2312 imbecillitate
2787 2257 3085 2325 corpusculi
3105 2273 3319 2313 movere
3334 2260 3415 2313 vix
3434 2260 3597 2327 potui.
3620 2258 3755 2315 Cum

2166 2366 2464 2421 quaererem
2508 2349 2761 2419 quidnam
2800 2349 2903 2403 sibi
2941 2349 3139 2414 vellet,
3191 2365 3513 2418 responsant
3559 2359 3647 2407 est
3688 2353 3760 2406 ab

2169 2443 2316 2498 urbis
2341 2442 2455 2511 ejus
2480 2442 2793 2506 cultoribus,
2820 2440 3141 2495 athletarum
3167 2442 3219 2495 in
3267 2440 3355 2496 illa
3387 2456 3561 2497 massa
3605 2441 3761 2497 forti-

2172 2535 2411 2590 tudinem
2442 2532 2801 2601 comprobari,
2834 2546 2935 2587 nec
2993 2532 3139 2601 prius
3188 2532 3254 2586 ad
3306 2547 3531 2602 agonem
3564 2549 3759 2603 quem-

2169 2644 2326 2699 quam
2356 2627 2704 2693 descendere,
2732 2641 2889 2695 qttam
2922 2644 2988 2681 ex
3046 2627 3316 2683 levatione
3344 2627 3596 2697 ponderis
3623 2630 3767 2684 scia-

2172 2729 2256 2775 tur
2278 2719 2396 2787 quis
2416 2718 2502 2773 cui
2525 2717 2721 2771 debeat
2756 2718 3056 2786 comparari
3112 2716 3384 2789 (Ilieron.,
3430 2720 3485 2772 in
3538 2717 3764 2773 Zachar.

2172 2826 2290 2877 cap.
2317 2810 2434 2881 xu).
2471 2828 2489 2859 ι
2524 2807 2649 2862 Haec
2675 2808 2808 2877 ipse.
2836 2807 2923 2865 Sic
2944 2808 3132 2878 igitur,
3175 2810 3264 2878 qui
3294 2808 3765 2878 Constantinopoli

2174 2902 2438 2956 recedens
2467 2916 2561 2970 per
2590 2899 2851 2956 Grtcciam
2882 2901 2936 2954 in
2965 2901 3165 2955 Italiam
3191 2903 3359 2969 venit,
3412 2902 3603 2957 iisdem
3649 2902 3768 2971 epi-

2173 2979 2361 3062 scapis.
2381 2992 2573 3048 eodem
2620 3000 2863 3059 tempore
2921 2993 3125 3047 vocatis
3165 2992 3388 3047 Romam
3427 2993 3770 3049 venientibus

2177 3082 2345 3151 potuit
2369 3081 2692 3138 occurrisse.
2726 3078 2951 3136 Venisse
2970 3081 3208 3137 creditur
3229 3092 3284 3138 et
3314 3084 3429 3152 ipse
3469 3093 3694 3138 vocatus
3740 3098 3769 3137 a

478 3173 786 3242 tinopolim.
813 3173 1079 3241 Quantum
1129 3181 1308 3225 autem
1359 3170 1610 3238 temporis
1639 3171 1921 3245 contigerit
1950 3170 2072 3225 Hie-
2100 3179 2148 3241 (ς
2180 3174 2408 3228 Damaso
2439 3186 2594 3241 papa,
2619 3171 2707 3241 qui
2751 3185 2817 3224 eo
2846 3171 2897 3225 in
2928 3171 3370 3241 responsionibus
3410 3168 3764 3245 synodalibus

485 3280 771 3337 ronymum
802 3266 944 3336 apud
974 3265 1290 3335 Gregorium
1323 3264 1785 3334 Constantinopoli
1831 3279 2072 3319 commo-

485 3361 615 3427 rari,
648 3359 888 3414 exactius
915 3359 1269 3428 inquiramus,
1297 3375 1366 3414 ex
1399 3359 1709 3428 consignata
1744 3358 1813 3411 ab
1838 3358 1955 3425 ipso
1984 3372 2073 3411 sn-

488 3450 670 3520 peritis
701 3449 816 3518 ejus
854 3451 1160 3519 scriptionis
1189 3448 1641 3519 cbrouographia,
1674 3463 1796 3504 eum
1841 3456 2073 3501 testatur

488 3556 550 3597 se
580 3540 667 3595 illa
698 3540 1002 3608 scripsisse,
1034 3538 1291 3610 Gregorio
1312 3540 1428 3609 ipso
1454 3539 1567 3607 jam
1597 3536 1742 3592 facto
1769 3536 2074 3591 Constanti-

485 3631 799 3702 nopolitano
852 3629 1127 3701 epiSCOpo.
1183 3630 1417 3699 Contigit
1466 3628 1537 3685 id
1572 3637 1690 3695 post
1737 3642 1934 3681 annum
1990 3641 2076 3681 se-

487 3732 756 3794 quentem.
1724 3726 1728 3730 “

560 3811 712 3879 Quod
746 3811 963 3880 insuper
983 3825 1041 3865 se
1068 3808 1141 3864 ibi
1173 3807 1485 3877 Gregorium
1535 3806 1832 3878 Nyssenum
1879 3817 2077 3874 cogno-

482 3904 629 3959 vis~e
658 3912 909 3967 testetur,
938 3916 1096 3971 quem
1122 3909 1363 3971 tempore
1388 3899 1601 3953 indictae
1623 3896 2076 3964 Constantinopo-

483 3996 670 4051 litanae
719 3994 907 4065 synodi
946 3993 1070 4047 illuc
1097 4009 1216 4047 eum
1248 3992 1367 4045 aliis
1394 3992 1658 4060 episcopis
1688 3988 1910 4057 contigit
1954 4002 2076 4056 pro-

484 4085 691 4150 ﬁeisci;
725 4100 788 4139 ex
813 4085 918 4149 his,
951 4084 1183 4153 inquam,
1220 4083 1264 4137 si
1294 4095 1325 4135 a
1353 4082 1599 4152 prtesenti
1628 4095 1767 4132 anno
1794 4092 2068 4142 numeres,

486 4174 732 4231 invenies
755 4175 1137 4243 Hieronymum
1187 4172 1355 4227 tribus
1398 4171 1567 4226 ierrne
1596 4173 1748 4225 annis
1774 4168 2078 4223 Constanti-

488 4274 675 4345 nopoli
703 4273 918 4330 audisse
960 4274 1291 4343 Gregorium.
1352 4272 1469 4343 lp~e
1529 4287 1654 4326 vero
1704 4272 1770 4326 de
1818 4270 2076 4341 Gregorio

488 4366 736 4440 Nysseuo
765 4365 836 4420 ita
862 4365 1104 4420 meminit
1130 4382 1144 4419 :
1173 4383 1191 4415 ι
1230 4363 1538 4433 Gregorius,
1568 4361 1840 4432 Nyssenus
1869 4361 2077 4428 episeo-

487 4474 613 4528 pus,
642 4456 809 4512 frater
857 4454 1037 4510 Basilii
1078 4454 1443 4518 Ctesariensis,
1476 4464 1600 4507 ante
1640 4464 1837 4520 paucos
1882 4463 2073 4514 annos,

2176 3272 2438 3319 uteretur.
2468 3261 2770 3332 Contigisse
2792 3274 2969 3317 autem
3004 3262 3211 3319 videtur
3240 3261 3412 3333 ipsius
3452 3263 3771 3338 Hieronymi

2175 3364 2228 3411 et
2252 3356 2478 3409 aliorum
2505 3355 2879 3423 episcoporum
2909 3354 3134 3410 Romam
3173 3354 3435 3411 adventus
3465 3356 3770 3411 autumnali

2178 3455 2450 3515 tempore;
2484 3460 2604 3499 nam
2664 3460 2783 3499 eum
2814 3445 2881 3501 ad
2936 3446 3170 3501 Asellam
3218 3448 3460 3502 scribens
3498 3447 3666 3516 dicat,
3717 3464 3775 3504 se

2178 3550 2345 3605 prope
2369 3537 2655 3591 triennium
2685 3535 2867 3591 Romae
2893 3538 3178 3603 mansisse,
3210 3538 3436 3595 minime
3460 3550 3639 3595 tamen
3682 3540 3776 3595 ab-

2177 3628 2436 3693 solvisse;
2463 3644 2783 3699 rursumque
2805 3628 3044 3698 ejusdem
3076 3628 3386 3703 Hieronymi
3417 3632 3469 3686 in
3520 3632 3775 3701 apologis

2177 3718 2433 3775 adversus
2479 3720 2750 3775 Rnflinum
2808 3722 3108 3775 assertione
3163 3712 3369 3777 certum
3425 3724 3530 3789 sit,
3592 3724 3773 3794 ipsum

2187 3826 2373 3866 mense
2393 3809 2635 3880 Augusto
2658 3811 2827 3899 Roma
2878 3809 3199 3881 profectum,
3230 3824 3376 3869 certe
3425 3815 3643 3882 quidem
3695 3816 3778 3885 ip-

2172 3910 2299 3954 sum
2333 3899 2436 3955 hoc
2464 3915 2629 3965 anno,
2665 3901 2960 3955 autumnali
3006 3901 3085 3972 (ut
3112 3900 3313 3957 dictum
3346 3903 3449 3975 est)
3507 3913 3778 3975 tempore,

2176 3991 2265 4046 vel
2295 3992 2471 4047 hieme
2501 3990 2723 4044 Romam
2770 3992 2984 4046 venisse
3015 3991 3267 4057 oportuit.

2465 4080 2727 4153 Profectio
2759 4083 2986 4137 secunda
3023 4081 3476 4155 Jerosolymitana.

2252 4175 2399 4228 Anno
2421 4173 2611 4228 Christi
2630 4174 2758 4229 585.
2788 4172 3005 4241 Baron.,
3034 4174 3101 4227 ad
3138 4192 3263 4230 ann.
3289 4177 3614 4232 eumdem.—
3633 4175 3779 4237 Anni

2180 4265 2539 4322 trecentesimi
2564 4266 2876 4337 octogesimi
2901 4268 3069 4334 quinti
3101 4270 3341 4335 exordio,
3370 4283 3561 4338 nempe
3592 4270 3773 4339 pridie

2180 4357 2301 4414 ldus
2323 4358 2581 4424 Januarii,
2599 4372 2719 4413 cum
2744 4367 2986 4421 vacasset
3012 4360 3168 4416 sedes
3193 4371 3314 4429 post
3337 4362 3536 4417 obitum
3560 4361 3780 4420 Damasi

2182 4450 2397 4522 triginta
2435 4459 2491 4505 et
2531 4466 2639 4505 uno
2676 4450 2896 4517 diebus,
2942 4451 3165 4507 Siricius
3206 4454 3479 4510 Romanus
3508 4471 3576 4510 ex
3622 4466 3780 4526 patre

492 4552 628 4605 mihi
651 4558 707 4605 et
734 4549 994 4620 Gregorio
1016 4549 1347 4604 Nazianzeno
1375 4556 1559 4601 contra
1594 4543 1915 4599 Eunomium
1947 4544 2073 4613 legit
2103 4551 2152 4611 ι)
2174 4541 2418 4596 Tiburtio
2440 4542 2493 4595 in
2518 4539 2639 4611 ejus
2665 4541 2840 4595 locum
2868 4542 3183 4611 subrogatus
3208 4553 3310 4597 est.

487 4639 660 4697 libros
724 4640 1008 4709 (Hieme,
1068 4641 1129 4695 de
1178 4639 1376 4709 Script.
1443 4635 1689 4702 Eccles.,
1744 4637 1797 4688 in
1858 4633 2072 4708 (ἕτερον.

493 4729 773 4805 Nysam),
813 4752 831 4785 ι
864 4740 968 4787 etc.

998 4818 1261 4891 Profectio
1322 4821 1575 4876 Romana.

565 4917 713 4970 Anno
740 4908 932 4969 Christi
960 4913 1084 4969 582.
1118 4909 1340 4980 Baron.,
1367 4911 1435 4964 ad
1466 4914 1695 4966 eumdem
1723 4928 1811 4966 an.
1840 4941 1907 4952 —
1946 4910 2081 4966 Tre-

495 5006 819 5061 centesimus
835 5006 1194 5077 octogesimus
1214 5004 1480 5059 secundus
1498 5003 1712 5059 Domini
1734 5019 1923 5071 annus,
1951 5016 2081 5055 con-

497 5098 671 5151 sulatu
694 5096 912 5168 Syagrii
958 5096 1195 5152 secundo
1241 5110 1363 5150 cum
1395 5098 1597 5164 collega
1630 5094 1863 5149 Antonio
1906 5107 2078 5147 anno-

497 5196 639 5242 tatur
666 5205 678 5239 :
710 5201 816 5256 quo
847 5186 1032 5241 Romae
1061 5186 1345 5242 concilium
1370 5187 1698 5241 celebratum
1735 5192 1835 5247 est,
1874 5199 1937 5237 ex
1966 5183 2079 5251 epi-

496 5280 671 5349 scopis
709 5279 1037 5333 diversarum
1090 5278 1523 5347 provinciarum,
1568 5291 1759 5345 nempe
1805 5274 2074 5340 Orientis,

484 5370 825 5441 aliarumque
851 5372 1098 5427 catholici
1124 5372 1270 5426 orbis
1299 5373 1600 5441 regionum.
1883 5430 1887 5434 ,

569 5463 793 5520 Sanctus
817 5462 1171 5534 Hieronymus
1196 5464 1259 5517 ad
1292 5461 1613 5529 Principiam
1636 5459 1875 5512 scribens
1899 5455 2080 5519 tradit,

499 5572 560 5615 se
593 5571 806 5627 quoque
848 5566 956 5609 tum
990 5554 1214 5608 Romani
1246 5569 1311 5607 ex
1345 5553 1560 5606 Oriente
1581 5550 1812 5609 venisse.
1846 5564 1964 5602 cum
1997 5547 2087 5600 iis-

497 5648 621 5706 dem
648 5648 848 5705 sanctis
878 5648 1176 5717 episcopis;
1210 5659 1331 5697 nam
1365 5644 1439 5697 ait
1468 5642 1535 5695 de
1564 5650 1744 5694 sancta
1800 5638 2042 5693 Marcella
2072 5654 2085 5691 :

508 5758 537 5793 4
587 5742 821 5812 Denique
843 5757 961 5795 cum
993 5752 1044 5795 et
1072 5753 1157 5793 me
1186 5737 1432 5802 Romam,
1466 5748 1585 5787 cum
1632 5732 1834 5786 sanctis
1882 5728 2083 5800 pontifid

2254 4635 2386 4692 Cum
2419 4646 2597 4690 autem
2622 4652 2750 4695 non.
2780 4645 2837 4689 ut
2865 4636 3123 4691 Damasus
3145 4636 3367 4703 fecerat,
3387 4638 3619 4694 Siricius'
3643 4652 3779 4708 papa

2182 4725 2239 4780 in
2264 4724 2668 4780 conscribendis
2708 4725 2972 4795 ejusmodi
3022 4725 3233 4792 litteris,
3267 4727 3579 4798 Hieronymi
3605 4743 3774 4797 opera

2185 4824 2446 4883 uteretur,
2478 4831 2653 4886 neque
2673 4831 2818 4881 eum,
2843 4825 2901 4869 ut
2950 4816 3061 4879 ille,
3091 4815 3233 4885 quod
3283 4830 3380 4885 par
3409 4827 3547 4882 erat,
3575 4818 3779 4887 ample-

2185 4917 2424 4963 cteretur
2443 4916 2605 4976 atque
2627 4907 2858 4973 foveret,
2881 4922 3005 4962 mox
3034 4908 3302 4977 pontificis
3354 4910 3575 4964 Romani
3618 4910 3777 4966 desti-

2188 5008 2334 5054 tutus
2366 4997 2636 5067 praesidio,
2662 4999 2801 5053 idem
2847 4998 3213 5070 Hieronymus
3247 4999 3629 5055 acerbissimos
3670 5002 3780 5069 pati

2185 5090 2349 5157 etrapit
2399 5097 2789 5156 persecutores,
2837 5089 2957 5145 illos
3013 5091 3216 5145 scilicet
3265 5090 3504 5145 clericos
3548 5104 3781 5159 quorum

2186 5197 2365 5237 mores
2395 5181 2663 5249 improbos
2693 5181 2907 5250 scriptis
2928 5182 3085 5236 editis
3111 5182 3472 5251 suggillasset.
3506 5182 3783 5249 Quamob—

2189 5289 2298 5328 rem
2338 5282 2398 5327 ut
2441 5288 2500 5326 se
2530 5287 2557 5325 a
2583 5274 2850 5326 concitato
2878 5272 3087 5327 turbine
3110 5273 3395 5340 liberaret,
3436 5272 3782 5342 tranquillum

2189 5364 2431 5433 cogitans
2458 5375 2693 5432 portum,
2722 5377 2915 5431 nempe
2938 5371 3102 5417 tutam
3146 5363 3503 5434 Jerosolyma:
3535 5362 3777 5416 mansio-

2191 5471 2333 5517 nem,
2364 5453 2487 5506 illuc
2517 5453 2879 5521 navigaturus,
2905 5451 3005 5503 hoc
3031 5466 3171 5505 anno
3214 5452 3282 5505 ab
3309 5454 3442 5507 urbe
3494 5450 3783 5513 recedens,

2190 5544 2364 5597 navim
2394 5556 2806 5605 conscensurus,
2835 5541 2898 5594 ad
2935 5540 3230 5596 Romanum
3260 5550 3469 5610 portum
3500 5555 3563 5596 se
3582 5547 3779 5595 cumtr-

2190 5636 2268 5689 lit.
2303 5633 2355 5688 Id
2384 5633 2599 5703 quidem
2635 5633 2735 5686 hoc
2784 5645 2923 5685 anno
2956 5629 3153 5687 factum
3184 5647 3328 5699 esse,
3354 5630 3429 5687 ex'
3462 5646 3528 5687 eo
3576 5629 3784 5699 persplc

2192 5743 2348 5782 cuum
2377 5725 2614 5781 redditur
2636 5741 2651 5789 ;
2673 5738 2793 5777 cum
2817 5722 2958 5779 enim
3000 5723 3115 5793 ipse
3149 5733 3375 5780 testetur
3420 5722 3597 5793 (Hier.
3626 5719 3780 5788 epist.
