4002 6220
265 301 321 357 9,
1308 277 1442 335 om
1484 275 1865 334 HlEltONYMl
1908 275 2443 335 renesmumo.
3480 303 3550 358 δε

267 414 348 482 99)
376 427 436 469 tte
464 426 609 481 pene
663 412 949 467 triennium
992 409 1177 464 Romae
1206 412 1495 477 mansisse,
1541 410 1843 480 pariterque
1872 411 1923 468 Α
1948 408 2125 462 citium
2156 410 2395 463 scribens
2440 409 2521 462 his
2555 410 2732 465 verbis
2768 428 2780 464 :
2817 429 2834 461 r
2874 410 2991 466 iam
3022 412 3170 467 canis
3199 415 3551 485 spargebatur

273 515 379 579 post
413 503 622 558 obitum
681 502 897 557 Damasi
938 502 1248 562 recessisse,
1293 510 1610 568 constetque
1648 516 1713 556 ex
1769 500 1851 554 his

270 613 376 669 qua:
397 595 650 663 superius
674 593 814 649 dicta
841 602 963 648 sunt
992 593 1205 646 venisse
1230 590 1451 647 Romam
1506 591 1607 646 sub
1654 605 1851 646 consu-

275 693 371 745 latu
401 685 620 742 Antonii
652 694 708 741 et
757 683 985 755 Syagrii,
1033 697 1176 737 anno
1224 682 1433 741 Domini
1477 680 1853 736 trecentesimo

271 779 592 852 octogesimo
619 777 881 844 secundo,
914 768 1086 844 ipsum
1111 776 1218 829 hoc
1239 789 1382 829 anno
1433 774 1502 829 ab
1528 775 1660 829 urbe
1703 789 1853 842 opor-

272 876 359 931 ιιιίι
378 872 689 929 recessisse.
716 869 974 925 Prmsenti
1019 868 1179 937 igitur
1199 882 1360 935 anno,
1394 868 1615 935 Augusti
1645 882 1849 930 mense,

267 968 327 1022 ad
360 966 660 1020 Romanum
690 970 901 1033 portum
929 975 987 1014 se
1010 956 1319 1022 conferens,
1352 973 1540 1012 navem
1593 972 1852 1015 conscen-

268 1060 360 1121 dit,
389 1063 549 1126 prout
579 1054 693 1123 ipse
722 1054 852 1107 satis
872 1064 1057 1119 aperte
1112 1051 1444 1104 demonstrat
1499 1050 1549 1102 in
1609 1048 1851 1117 apologis

266 1150 516 1205 adversus
546 1144 816 1201 Buff‘tnum
841 1142 1036 1213 (Hiera,
1062 1142 1150 1196 lib.
1180 1159 1216 1196 Il
1244 1143 1446 1195 advers.
1475 1139 1786 1209 Ruf/iitum).

341 1244 509 1301 Porro
540 1239 634 1308 qui
667 1238 868 1292 fuerint
890 1236 1053 1306 ipsius
1087 1235 1395 1305 Hieronymi
1428 1236 1481 1289 in
1516 1233 1851 1302 navigatione

271 1333 510 1395 comites,
541 1338 597 1383 et
625 1328 845 1397 quando
865 1326 1089 1380 solverit
1115 1341 1144 1381 e
1170 1334 1345 1394 portu,
1365 1324 1506 1379 idem
1531 1324 1582 1377 in
1606 1322 1848 1392 apologis

272 1422 523 1475 adversus
552 1417 925 1473 Rufﬁnumhis
946 1416 1123 1471 verbis
1166 1412 1419 1470 describit
1454 1431 1468 1468 :
1510 1432 1527 1464 α
1566 1414 1656 1468 Vis
1691 1426 1851 1467 nosse

267 1509 608 1581 profectionis
631 1522 764 1562 mea:
785 1508 850 1561 de
866 1507 1004 1573 urbe
1026 1505 1267 1560 ordinem
1294 1506 1316 1559 i
1340 1504 1565 1560 narrabo
1593 1504 1846 1557 breviter.

266 1603 442 1657 Hense
473 1599 741 1667 Augusto,
774 1596 1027 1651 ﬂantibus
1072 1594 1288 1661 Etesiis,
1334 1609 1454 1649 cum
1485 1603 1672 1649 sancto
1723 1593 1850 1647 Vin-

262 1691 431 1746 centio
478 1690 823 1760 presbytero,
870 1698 925 1741 et
962 1686 1305 1741 adolescente
1356 1686 1519 1739 fratre
1552 1684 1848 1753 (Paulinia-

1957 512 2134 572 caput,
2182 512 2235 557 et
2272 504 2581 569 magistrum
2616 503 2790 570 potius
2833 519 2994 573 quam
3026 504 3342 573 discipulum
3388 509 3548 567 det-ev

1954 593 2078 660 bat;
2120 594 2329 662 perrexi
2365 602 2542 647 tamen
2576 592 2995 661 Alexandriam;
3040 598 3213 652 audivi
3239 600 3545 671 Didymum,

1950 693 2009 739 et
2058 683 2111 737 in
2156 684 2338 738 multis
2386 683 2434 736 ei
2478 685 2681 752 gratias
2708 700 2808 754 ago
2843 704 2855 737 :
2888 687 3031 756 quod
3081 688 3303 756 nescivi,
3352 691 3548 759 didici;

1955 772 2095 843 quod
2125 772 2383 839 sciebam,
2415 772 2506 826 illo
2535 774 2765 828 docente
2808 791 2911 829 non
2951 776 3154 844 perdidi
3189 777 3365 849 (IIier.
3397 782 3545 848 epist.

1956 865 2070 939 65).
2111 887 2130 919 ι
2182 870 2356 936 Atque
2401 867 2526 921 alibi
2560 868 2626 921 ad
2656 869 2942 922 eumdem:
2990 887 3009 923 ι
3050 870 3183 926 Cum
3220 887 3397 926 eSsem
3426 875 3550 927 Ale-

1957 960 2219 1024 xandriae,
2268 958 2373 1011 vidi
2407 959 2721 1029 Didymum,
2767 969 2823 1014 et
2852 976 2972 1014 eum
3025 960 3335 1031 frequenter
3381 965 3549 1030 adivl,

1957 1050 2127 1104 virum
2165 1051 2247 1103 sui
2289 1052 2551 1119 temporis
2587 1051 3045 1117 eruditissimum;
3095 1056 3387 1125 rogavique
3426 1072 3550 1112 cum

1958 1150 2014 1193 ut.
2063 1140 2202 1208 quod
2248 1140 2504 1209 Origenes
2554 1156 2660 1195 non
2712 1141 2910 1196 fecerat
2957 1143 3072 1211 ipse
3116 1146 3446 1212 compleret,
3496 1156 3553 1200 et

1952 1232 2216 1287 scriberet
2258 1233 2310 1288 in
2339 1234 2493 1288 Osca:
2518 1234 2966 1299 commentarios;
3008 1236 3095 1304 qui
3130 1245 3240 1289 tres
3270 1237 3434 1292 libros
3464 1254 3552 1292 me

1956 1330 2173 1390 petente
2203 1321 2453 1387 dictavit,
2494 1324 2729 1393 quinque
2756 1339 2968 1393 quoque
2997 1325 3129 1379 alios
3165 1325 3215 1379 in
3239 1326 3551 1383 Zachariam

1955 1412 2225 1485 (Hierom,
2256 1430 2471 1481 pronam.
2508 1415 2579 1468 'in
2626 1413 2855 1486 Oscam).
2895 1435 2914 1468 ι
2968 1410 3243 1475 Ιιαὲιοιιυς
3280 1419 3347 1474 ad
3399 1420 3554 1475 Pant-

1952 1506 2246 1561 macbium.
2295 1506 2364 1560 Et
2390 1507 2456 1562 ad
2494 1516 2733 1561 sanctam
2775 1508 2986 1561 Paulam
3018 1522 3031 1560 :
3059 1527 3078 1560 α
3116 1509 3355 1578 Denique
3386 1528 3555 1580 nuper

1951 1596 2023 1649 ob
2056 1596 2195 1651 banc
2232 1597 2315 1651 vel
2368 1599 2599 1652 maxime
2642 1612 2857 1651 causam
2890 1598 3267 1653 Alexandriam
3321 1605 3552 1669 perrexi,

1952 1695 2010 1741 ut
2036 1686 2273 1743 viderem
2295 1688 2597 1760 Didymum,
2627 1700 2680 1743 et
2708 1690 2775 1743 ab
2802 1705 2868 1745 eo
2897 1691 2947 1743 in
2968 1690 3261 1761 Scripturis
3282 1695 3551 1760 omnibus,

262 1798 357 1840 nos
385 1783 468 1836 hic
496 1774 636 1848 erat,
667 1796 823 1848 quem
856 1779 1046 1833 ultimo
1085 1780 1202 1833 loco
1252 1788 1457 1845 natum,
1508 1777 1692 1832 Romae
1722 1777 1847 1831 dum
1879 1786 1928 1847 Β
1954 1778 2359 1853 (ιιιωιωϋοὺειηι
2393 1780 2575 1845 dubia,
2611 1781 2915 1844 sciscitator
2945 1780 3216 1851 (Hierom,
3251 1786 3304 1836 iu
3335 1799 3549 1851 prooem.

261 1881 423 1936 esset,
445 1871 513 1925 ad
562 1886 622 1926 se
655 1880 706 1924 ut
753 1872 963 1925 veniret
990 1869 1297 1940 accersivit)
1320 1877 1377 1925 et
1414 1867 1534 1925 aliis
1564 1869 1627 1939 9
1664 1884 1849 1924 mona-

266 1964 402 2029 cbis,
434 1962 523 2031 qui
552 1977 691 2016 nunc
714 1960 1068 2032 Jerosolymis
1108 1952 1531 2026 commorantur,
1582 1961 1763 2015 navim
1796 1962 1847 2016 in

269 2056 504 2106 ltomano
531 2062 688 2121 portu
720 2066 943 2108 securus
973 2053 1189 2106 ascendi
1210 2094 1224 2117 ,
1260 2053 1493 2106 inaxima
1524 2068 1609 2107 me
1637 2064 1852 2107 sancto-

270 2161 384 2199 rum
435 2144 736 2214 frequentia
794 2154 1168 2215 prosequente.
1233 2144 1361 2199 Veni
1434 2144 1739 2215 Bhegium,
1798 2147 1850 2201 in

266 2239 492 2308 Scyllan
526 2237 709 2291 littore
736 2238 1005 2306 paululum
1038 2236 1180 2305 steti,
1214 2239 1300 2292 ubi
1347 2247 1554 2294 veteres
1583 2240 1742 2294 didici
1775 2238 1852 2293 fa-

265 2331 429 2392 bulas,
463 2338 517 2384 et
544 2331 873 2398 praecipitem
896 2327 1104 2383 fallacis
1130 2327 1335 2400 Ulyssis
1357 2345 1594 2400 cursum,
1621 2340 1675 2385 e‘t
1704 2331 1849 2387 Sire-

264 2438 445 2477 narum
473 2423 706 2488 cantica,
735 2420 1165 2477 etinsatiahilem
1188 2421 1489 2493 Charybdis
1519 2422 1846 2492 voraginem.
1894 2478 1899 2484 ,

265 2512 507 2583 Cumque
534 2512 670 2573 mihi
697 2512 897 2567 accolte
926 2513 1069 2566 illius
1097 2512 1198 2566 loci
1236 2514 1398 2567 multa
1427 2525 1724 2580 narrarent,
1759 2514 1852 2567 da-

268 2619 491 2676 rentque
511 2607 797 2661 cons'dium
820 2618 875 2659 ut
902 2621 1008 2660 non
1038 2607 1103 2661 ad
1136 2606 1312 2661 Protei
1333 2607 1637 2671 columnas,
1666 2607 1759 2661 sed
1783 2605 1849 2661 ad

265 2698 408 2752 lunae
438 2708 650 2767 portum
682 2699 1024 2767 navigarem;
1051 2698 1199 2751 illum
1251 2697 1394 2751 enim
1428 2697 1740 2767 fugientium
1798 2708 1853 2752 et

266 2793 617 2853 turbatorum,
643 2790 788 2845 hunc
812 2791 986 2845 securi
1020 2789 1251 2844 hominis
1274 2804 1395 2844 esse
1422 2804 1661 2857 cursum,
1688 2774 1850 2843 malui

265 2898 355 2951 per
382 2883 596 2936 Mala-as
626 2893 679 2938 et
707 2883 969 2952 Cycladas
994 2883 1225 2953 Cyprum
1252 2897 1505 2951 pergere;
1532 2882 1621 2936 ubi
1644 2897 1854 2951 suscep-

266 2986 343 3029 tus
372 2992 402 3029 a
430 2975 729 3030 venerabili
787 2978 1041 3045 episcopo
1075 2973 1389 3044 Epiphanio,
1437 2976 1587 3043 cujus
1621 2985 1673 3027 ttt
1702 2976 1851 3029 testi-

267 3069 443 3121 monio
475 3067 748 3135 gloriaris,
785 3066 915 3120 'veni
964 3066 1320 3130 Antiochiam,
1366 3066 1449 3120 ubi
1502 3065 1688 3120 fruitus
1732 3082 1849 3121 sum

1951 1870 1990 1927 Ι.
2037 1888 2090 1925 tv
2136 1872 2418 1927 Comment.
2461 1874 2514 1926 in
2586 1873 2755 1943 Epist.
2809 1872 2878 1925 ad
2928 1873 3179 1945 Ephes.).
3242 1894 3261 1927 ι
3317 1874 3442 1931 ηερ
3483 1878 3551 1931 ad

1953 1962 2172 2016 Paulam
2219 1979 2232 2015 :
2278 1964 2472 2033 quibus
2523 1978 2642 2017 cum
2694 1964 2894 2017 nullam
2951 1966 3282 2020 mentionem
3351 1965 3548 2022 habeat

1952 2053 2093 2122 quod
2130 2068 2252 2108 eam
2285 2053 2570 2106 comitatus
2616 2053 2774 2107 fuerit
2820 2057 3251 2123 peregrinantem
3304 2056 3355 2108 in
3385 2055 3552 2128 [Egy-

1952 2154 2124 2213 ptum,
2165 2160 2263 2199 nec
2303 2144 2454 2209 alibi,
2482 2159 2600 2198 cum
2630 2146 2698 2198 de
2739 2144 2979 2213 ejusdem
3013 2146 3188 2199 Paula:
3220 2146 3551 2215 profectione

1953 2234 2006 2288 in
2031 2218 2631 2303 eamdem‘provinciam
2652 2234 2775 2303 agit,
2804 2248 2863 2288 se
2887 2236 2959 2289 illi
2988 2238 3239 2291 comitem
3268 2237 3551 2293 inhresisso

1954 2322 2097 2377 dicat
2147 2322 2322 2394 (Hier.
2359 2321 2526 2391 Epist.
2550 2323 2669 2390 27),
2720 2323 2876 2391 plane
2926 2323 3235 2393 conjectura
3281 2325 3548 2391 ducimur,

1955 2416 2344 2487 Hieronymum
2398 2431 2733 2487 nequaquam
2782 2433 2902 2471 cum
2957 2434 3018 2472 ea
3069 2420 3551 2489 peregrinationem

1955 2510 2098 2565 illam
2143 2511 2467 2580 suscepisse.
2529 2512 2793 2565 Caeterum
2858 2510 2925 2566 ad
2976 2512 3246 2568 modicum
3294 2515 3551 2583 temporis

1954 2605 2208 2673 spatium,
2236 2619 2432 2671 nempe
2473 2604 2685 2671 triginta
2719 2612 2923 2658 tantum
2951 2604 3138 2659 diebus
3160 2610 3548 2662 commoratum

1954 2709 2074 2749 esse
2106 2694 2491 2765 Hieronymum
2527 2694 2869 2763 Alexandria:
2891 2736 2907 2761 ,
2950 2694 3196 2751 Rnfﬁnus
3256 2699 3552 2765 exprobrat

1954 2784 2007 2840 in
2038 2786 2341 2851 invectiva;
2372 2786 2464 2839 sed
2497 2802 2563 2839 an
2601 2801 2747 2850 vere,
2781 2786 2895 2856 ipse
2922 2790 3043 2841 scit.

2025 2878 2289 2933 Caeterum
2349 2877 2441 2945 qui
2492 2876 2877 2947 aliquantipser
2922 2877 3205 2951 Didymum
3270 2876 3548 2933 auditurus
3642 2883 3652 2895 '

1954 2968 2289 3026 Alexandria:
2328 2969 2606 3033 consedit,
2647 2977 2933 3038 antequam
2983 2970 3183 3024 rediret
3230 2970 3280 3023 in
3314 2970 3552 3026 Palaesti-

1963 3076 2107 3127 nam,
2134 3059 2347 3131 IEgypti
2380 3061 2707 3133 monasteria
2741 3063 3070 3133 peragravit;
3095 3063 3162 3118 de
3186 3064 3376 3132 quibus
3406 3065 3551 3133 ipse:

267 3155 646 3213 communione
676 3158 945 3226 pontificis
967 3156 1396 3227 confessorisque
1427 3156 1664 3222 Paulini;
1691 3167 1745 3212 et
1766 3160 1853 3212 de-
1881 3156 1927 3219 (Ξ
1965 3171 1983 3204 ί
2013 3153 2273 3207 Contendi
2296 3152 2604 3223 Egyplum,
2641 3152 2860 3205 lustravi
2905 3153 3230 3207 monasteria
3270 3154 3475 3220 Nitrire,
3502 3168 3556 3209 et

269 3252 455 3304 ductus
484 3250 553 3304 ab
581 3264 670 3313 eo,
729 3249 903 3303 media
954 3247 1128 3303 hieme
1156 3258 1209 3303 et
1267 3248 1466 3317 frigore
1513 3249 1849 3318 gravissimo,

273 3341 459 3394 intravi
517 3340 934 3412 Jcrosolymam.
973 3339 1087 3394 Vidi
1134 3340 1299 3413 multa
1330 3342 1618 3407 miracula;
1656 3353 1710 3398 et
1734 3358 1854 3413 qua:

278 3432 421 3494 prius
447 3428 517 3485 ad
545 3444 632 3484 me
660 3427 802 3483 fama
834 3430 1145 3499 pertulerat,
1178 3431 1452 3485 oculorum
1476 3431 1679 3501 judicio
1707 3447 1858 3487 com-

274 3521 516 3590 probavi.
566 3540 587 3573 ι
646 3522 927 3578 Hactenus
966 3520 1326 3594 Hieronymus
1375 3521 1442 3577 de
1486 3538 1585 3578 suo
1623 3522 1855 3581 adventu

271 3611 680 3682 Jerosolymam.

695 3700 1050 3774 Peregrinatio
1083 3700 1415 3774 /Egyptiaca.

338 3795 487 3847 Anno
515 3792 704 3847 Christi
730 3791 856 3847 586.
887 3792 1109 3858 Baron.,
1140 3794 1208 3848 ad
1233 3796 1468 3849 eumdms
1512 3812 1599 3850 an.
1626 3824 1697 3837 -
1726 3795 1857 3851 Cum

274 3883 428 3953 igitur
469 3883 858 3955 Jerosolymam
908 3894 1126 3940 sanctus
1156 3886 1511 3959 Hieronymus
1551 3886 1861 3943 advenisset

272 3977 444 4031 inedia
477 3976 674 4041 hieme,
716 3978 854 4032 baud
889 3978 1110 4032 dubium
1153 3978 1224 4032 ibi
1273 3990 1547 4045 moratus;
1584 3982 1860 4051 profectus

267 4080 402 4121 Vero
448 4076 534 4122 est
578 4078 762 4138 postea
811 4068 864 4123 in
906 4067 1233 4139 Egyptum,
1283 4070 1520 4125 discendi
1570 4074 1859 4138 cupiditate

272 4157 551 4225 pellectus.
582 4157 715 4213 Nam
741 4158 869 4213 licet
895 4159 1041 4213 orbis
1073 4175 1207 4227 pene
1238 4162 1400 4215 totius
1427 4163 1679 4232 magister
1704 4163 1862 4219 exsti-

270 4251 446 4314 tisset,
488 4264 611 4303 cum
655 4265 777 4304 eum
825 4252 936 4320 jam
978 4252 1184 4320 pridem
1227 4255 1386 4308 etiam
1432 4255 1687 4310 Damasus
1726 4273 1858 4327 papa

267 4341 549 4395 consulere
596 4342 963 4397 censuerisset
992 4385 1007 4410 ,
1057 4342 1210 4411 cujus
1262 4344 1476 4399 nomine
1528 4345 1593 4400 ad
1648 4349 1863 4404 consul-

268 4432 501 4487 tationes
548 4432 921 4503 episcoporum
971 4434 1297 4501 rescribens,
1329 4450 1516 4492 omnes
1552 4437 1723 4494 ferme
1753 4440 1860 4497 Ec-

1960 3242 2102 3297 inter
2172 3252 2479 3297 sanctorum
2555 3243 2749 3297 choros
2818 3242 3032 3312 a~pides
3087 3242 3253 3298 latere
3303 3247 3555 3313 perspexi

1958 3330 2170 3398 (Hiera,
2220 3332 2442 3401 Apolog.
2487 3331 2688 3384 advers.
2738 3329 3074 3402 Ruf/inani
3117 3352 3135 3384 ι
3191 3332 3290 3387 Per
3333 3334 3547 3405 aspides

1956 3423 2099 3477 eriim
2131 3436 2191 3477 se
2216 3422 2549 3491 significasse
2577 3420 2927 3491 Origenistas,
2959 3422 3186 3491 ipsemet
3226 3423 3356 3477 alias
3398 3437 3545 3491 sape

1958 3515 2231 3578 declarat;
2277 3514 2372 3568 sed
2413 3528 2513 3567 nos
2541 3512 2607 3569 de
2639 3512 2720 3566 his
2750 3527 2848 3568 suo
2877 3513 2997 3568 loco
3028 3512 3288 3580 pluribus.

2032 3608 2101 3661 At
2128 3606 2253 3675 quid
2303 3614 2488 3675 postea
2538 3606 2729 3675 egerit,
2775 3620 2901 3659 mox
2951 3606 3131 3661 subdit
3179 3625 3191 3660 :
3253 3626 3269 3657 r
3310 3601 3561 3662 Protinus

1962 3700 2173 3755 concito
2223 3698 2389 3769 gradu
2447 3698 2719 3753 Bethleem
2762 3712 2937 3752 meam
2986 3714 3236 3752 reversus
3282 3713 3424 3763 sum,
3466 3702 3556 3753 ubi

1963 3792 2181 3847 adoravi
2212 3806 2455 3861 praesepe
2476 3799 2539 3844 et
2567 3791 2883 3845 incunabula
2915 3786 3228 3847 Salvatoris.
3278 3792 3396 3851 Vidi
3427 3808 3561 3862 qun-

1964 3898 2068 3951 que
2095 3870 2507 3937 famosissimum
2537 3882 2709 3952 lacum
2736 3899 2749 3947 ;
2776 3897 2877 3937 nec
2905 3898 2990 3937 me
3019 3883 3175 3938 inerti
3207 3885 3394 3937 tradidi
3424 3888 3560 3950 otio,

1961 3970 2253 4029 sed'multa
2291 3974 2451 4028 didici
2484 3989 2601 4042 qua:
2631 3983 2755 4027 ante
2794 3974 3120 4030 nesciebam.
3160 3993 3178 4026 ι
3223 3976 3285 4030 At
3310 3990 3558 4045 quaenam

1966 4067 2104 4121 ista?
2150 4066 2280 4119 alibi
2322 4065 2558 4119 declarat
2590 4064 2674 4117 his
2706 4064 2883 4118 verbis
2913 4072 3033 4133 post
3062 4067 3386 4120 recensitum
3416 4067 3559 4121 redi.

1965 4169 2078 4211 tum
2108 4171 2172 4211 es
2207 4156 2528 4227 Egyptojn
2572 4154 2910 4209 Palaestinam
2944 4172 2957 4208 :
2992 4173 3011 4207 r
3040 4156 3303 4212 Putabant
3342 4173 3427 4213 me
3459 4159 3556 4213 bo-

1966 4255 2140 4307 mines
2200 4261 2321 4322 post
2386 4251 2623 4306 auditum
2668 4250 2954 4322 Didymum
3020 4252 3178 4305 finem
3235 4252 3424 4306 fecisse
3470 4253 3558 4306 di-

1966 4347 2189 4413 scendi;
2251 4346 2370 4403 veni
2434 4361 2645 4400 rursum
2700 4344 3090 4414 Jerosolymam
3149 4353 3204 4398 et
3246 4344 3557 4399 Bethleem:

1968 4454 2074 4510 quo
2117 4439 2319 4504 labore,
2348 4451 2453 4506 quo
2485 4437 2654 4503 pretio
2682 4435 3046 4489 Barrabaaum
3095 4447 3413 4488 nocturnum
3462 4434 3559 4488 ha-

266 4521 463 4578 clesias
487 4524 793 4587 docuisset;
827 4524 896 4578 ibi
931 4535 1109 4579 tamen
1140 4524 1420 4597 Didymum
1438 4530 1854 4586 Alexandrinum
1885 4533 1939 4594 Ι)
1965 4537 2051 4592 bui
2100 4534 2526 4609 prmecptorem?
2569 4532 2791 4588 timebat
2839 4534 2980 4587 enim
3028 4533 3276 4599 Judaeos,
3327 4540 3382 4587 et
3424 4531 3558 4585 mihi

267 4616 619 4682 conveniens,
660 4616 760 4685 ipsi
804 4630 864 4671 se
905 4616 1146 4680 tradidit,
1197 4626 1256 4671 ut
1297 4618 1642 4691 discipulum,
1689 4624 1857 4679 sacris

268 4707 465 4764 litteris
512 4708 875 4763 imbuendum.
952 4708 1206 4763 Testatur
1252 4708 1303 4764 id
1351 4710 1465 4780 ipse
1503 4713 1569 4768 ad
1611 4713 1857 4775 Pamma-

1963 4628 2190 4681 alterum
2243 4624 2531 4679 exhibebat
2570 4622 2918 4678 Nicodamum
2966 4620 3140 4694 (Hier.
3189 4623 3337 4693 epist.
3370 4620 3484 4691 65).
3526 4638 3552 4672 ι

1963 4719 2093 4774 Haec
2124 4720 2260 4786 ipse.

1541 4899 1835 4958 HOSWEY
1849 4905 1910 4959 Dl
1952 4900 2273 4960 ΝΟΤΑἸἸΟ.

344 5007 567 5082 10((1)
594 5009 910 5082 _Aquileiam
971 5007 1300 5082 pervenisse]
1357 5011 1576 5082 Summa
1641 5015 1853 5082 quidem

269 5077 428 5151 laude
468 5077 562 5151 (ait
593 5077 1041 5151 Baromusganno
1065 5079 1262 5135 Christi
1284 5077 1423 5151 ΒΗ)
1464 5077 1692 5138 ﬂorebat
1733 5096 1857 5140 tunc

269 5147 632 5215 Aquileiensis
675 5149 953 5213 Ecclesia,
1016 5152 1101 5201 ubi
1163 5147 1433 5205 exstincto
1473 5152 1857 5208 Fortunatiano

266 5221 545 5284 episcOpo,
570 5219 783 5272 Ariana:
813 5230 974 5274 serue
996 5219 1216 5283 fautore,
1244 5236 1363 5276 eam
1388 5221 1707 5279 Arianorum
1737 5226 1857 5282 labe

271 5288 563 5353 iadatam,
614 5288 923 5358 Valerianus
971 5292 1054 5343 vir
1113 5292 1521 5358 sanctissimus,
1573 5298 1641 5349 ab
1710 5298 1855 5350 ouini

269 5371 498 5430 prorsus
546 5359 834 5419 impietatis
879 5356 1013 5414 face
1061 5362 1335 5430 purgavit.
1379 5372 1437 5416 ut
1472 5356 1611 5418 idem
1642 5376 1877 5421 sanctus.

269 5427 844 5503 Hieronymustradit
889 5427 1077 5503 (HierJ
1107 5427 1254 5503 epist.
1287 5431 1410 5497 45);
1452 5434 1738 5501 ascitisque
1788 5438 1855 5491 ad

267 5498 450 5553 ofﬁcia
480 5498 843 5553 ecclesiastica
886 5502 1013 5554 viris
1052 5498 1266 5568 optimis
1296 5517 1358 5556 ac
1384 5503 1614 5559 eruditis
1644 5498 1720 5559 sic
1751 5508 1860 5560 cla-

268 5570 487 5643 ruit,‘ut
510 5569 578 5643 de
604 5568 687 5623 eis
714 5570 825 5634 ipse
851 5569 1204 5643 Hieronymus
1234 5572 1284 5625 in
1307 5570 1576 5643 Chronico
1609 5576 1676 5628 ita
1703 5577 1861 5643 digne

268 5639 597 5711 meminerit
635 5654 671 5711 :_
702 5656 722 5689 ι
774 5639 1139 5711 Aquileienses
1183 5641 1398 5703 clerici,
1456 5646 1606 5711 quasi
1662 5639 1860 5701 chorus

270 5708 554 5764 beatorqu
583 5707 868 5764 habentur.
898 5708 1165 5779 (Hierom,
1199 5711 1251 5765 in
1284 5707 1504 5779 Chron.)
1542 5731 1629 5768 an.
1659 5717 1715 5770 11
1761 5715 1860 5769 ινα.

1963 5016 2138 5086 lent.).
2177 5034 2196 5069 ι
2233 5016 2336 5069 Per
2358 5027 2492 5081 quos
2528 5028 2688 5086 omne
2725 5030 2744 5065 ι
2782 5010 3264 5086 Arianiquondam
3289 5011 3554 5081 dogmatis

1961 5083 2110 5141 virus
2136 5089 2409 5140 exclusum
2440 5093 2520 5137 est
2550 5084 2750 5154 (Iliam,
2781 5083 2931 5151 epist.
2964 5084 3081 5149 45).
3117 5102 3136 5135 s
3164 5084 3269 5139 Sed
3300 5096 3353 5138 et
3384 5087 3549 5153 quod,

1962 5160 2049 5224 qui
2082 5156 2152 5210 ibi
2189 5164 2343 5208 erant
2372 5155 2577 5220 cl«-rici,
2616 5161 2798 5224 essent
2825 5162 2877 5207 et
2905 5154 3176 5214 monachi.
3220 5155 3321 5207 hoc
3350 5172 3553 5223 prwcu-

1964 5222 2055 5281 nio
2094 5242 2161 5279 ex
2201 5225 2389 5278 iisdem
2436 5233 2543 5276 tres
2591 5222 2926 5289 potissimum
2969 5224 3252 5278 laudantur
3296 5222 3357 5278 in
3385 5224 3561 5280 Chro-

1968 5297 2108 5357 nico,
2140 5310 2260 5367 cum
2287 5295 2404 5367 ait:
2442 5310 2475 5367 At
2510 5293 2808 5348 Florentius
2863 5290 3278 5367 [Florentinus],
3311 5295 3558 5349 Bonosus

1966 5380 2014 5421 el
2045 5366 2310 5427 Ruflinus,
2354 5363 2590 5431 insignes
2620 5363 2882 5418 rnonachi'
2912 5364 3214 5418 habentur:
3261 5379 3326 5418 ex
3358 5367 3554 5433 quibus

1964 5437 2273 5491 Florentius
2321 5443 2427 5487 tam
2461 5435 2769 5488 misericors
2813 5435 2864 5487 iu
2897 5451 3094 5507 egenos
3138 5436 3257 5499 fuit,
3310 5437 3556 5507 utvulgo

1961 5517 2115 5577 pater
2139 5520 2427 5577 pauperum
2454 5507 2757 5577 nominatus
2780 5514 2925 5560 esset
2954 5505 3224 5577 (IIieron.,
3251 5508 3302 5559 in
3331 5504 3555 5571 Chron},

1962 5574 2052 5630 an.
2088 5580 2154 5631 15
2190 5574 2447 5641 Valent.).
2490 5591 2508 5625 ι
2553 5575 2635 5629 Ab
2687 5574 2787 5628 hoc
2835 5576 3075 5643 adjutum
3109 5576 3455 5631 “CHOHOI‘UH!
3504 5579 3557 5627 in

1966 5648 2241 5718 Orientem
2287 5646 2774 5718 peregrinationem
2814 5646 3135 5718 confecisse,
3188 5646 3411 5718 ejusque
3461 5658 3561 5718 es-

1967 5718 2143 5786 pensis
2170 5716 2553 5787 Hieronymum
2604 5716 2910 5784 complures
2958 5717 3123 5771 libros
3172 5715 3556 5769 exscribendas
