4002 6228
2499 279 2584 286 ννναα.
2607 275 2769 287 σε-
2795 280 2923 288 ο-.
2944 280 3008 289 ..ο-
3088 280 3156 289 ..ι-
3185 278 3446 287 »η’-’μ’

2487 308 2628 315 νο---
2691 310 2711 312 Vr
2789 309 2794 311 -
2851 310 2875 315 --
2905 310 2909 313 .
3031 310 3040 313 ς
3141 308 3168 311 --
3235 307 3288 312 με·
3419 307 3430 318 γ
3487 311 3489 314 .

1297 459 1440 607 DE
1550 456 1867 614 VITIS
1972 457 2455 610 PM‘RUM

866 762 1631 968 LIBER
1805 759 2848 1019 PRIMUS,

552 1110 1130 1195 AUCTORE
1206 1108 1508 1193 DIVO
1566 1104 2296 1191 HIERONYMO
2378 1108 3203 1211 PRESBYTERO,

1422 1289 1566 1358 ET
1624 1284 1901 1357 ALIIS
1950 1286 2356 1358 VARUS.

2748 1450 2810 1461 —
2819 1451 3421 1462 ..Ψ-φ.-

673 1453 1555 1467 —_———_—_—
1570 1448 3514 1480 ——————————-———_—_—-———v-—=

247 1453 1555 1485 Μ

572 1589 1335 1709 PRAZLUDIA
1384 1590 1557 1702 ‘IN
1626 1589 1838 1707 νιν]

1970 1590 2090 1699 .M
2180 1585 2696 1701 SANCTI
2785 1587 3274 1728 PAULI,

1603 1788 1783 1840 PRIMI
1818 1787 2116 1839 summa;
2137 1827 2152 1852 ,

1821 1910 1962 1952 εινιςτ

791 2021 893 2093 13
945 2021 1050 2082 DE
1093 2019 1256 2082 HOC
1300 2018 1476 2082 IPSO
1519 2015 1779 2080 ΡΜ]ιο
1824 2016 2173 2090 EJUSQUE
2218 2018 2409 2079 VITA
2456 2019 2975 2081 TESTIMONIA.

303 2207 557 2271 Gclasius,
583 2205 704 2257 dist.
739 2204 825 2267 15,
855 2220 970 2268 cap.
996 2202 1192 2257 Sancta
1220 2203 1457 2255 Romana
1482 2200 1743 2254 Ecclesia.
1846 2204 1896 2259 Α

306 2300 456 2353 Vitas
488 2298 732 2360 Patrum,
778 2295 946 2359 Pauli,
1004 2296 1250 2359 Antonii,
1287 2293 1576 2347 Hilarionis
1616 2302 1668 2347 et
1708 2307 1829 2345 om-

248 2391 390 2445 nium
439 2390 812 2456 eremitarum,
842 2402 973 2456 quas
1026 2396 1204 2439 tamen
1251 2386 1329 2439 vir
1381 2385 1570 2439 beatus
1618 2382 1834 2452 scripsit

248 2482 597 2551 llieronymus
619 2519 635 2541 ,
664 2493 784 2531 cum
816 2477 963 2531 omni
997 2478 1203 2530 honore
1233 2475 1577 2543 suscipimus.

242 2571 607 2641 Hieronymus,
638 2571 693 2622 in
723 2568 998 2633 Chronico,
1025 2585 1157 2621 anno
1186 2569 1245 2621 l9
1269 2567 1553 2620 Constantii
1575 2566 1828 2619 Junioris.

310 2663 572 2716 Antonius
597 2661 914 2727 monachus,
946 2660 1242 2714 centesimo
1264 2660 1449 2727 quinto
1474 2659 1645 2712 aetatis
1666 2671 1831 2720 anno,

242 2758 294 2811 in
324 2769 503 2812 eremo
545 2757 802 2819 moritur;
836 2754 1027 2808 solitus
1059 2753 1242 2806 multis
1271 2751 1337 2805 ad
1382 2766 1442 2805 se
1471 2752 1832 2812 venientibus,

243 2850 311 2904 de
336 2849 498 2902 Paulo
524 2848 604 2916 (a)
626 2846 857 2915 quodam
883 2844 1137 2906 'l‘hebzro,
1166 2845 1314 2897 mira:
1337 2842 1676 2896 beatitudinis
1699 2844 1832 2906 viro,

243 2939 440 2994 referre
465 2937 748 3006 c0tnplura
785 2953 797 2989 :
827 2934 982 3005 cujus
1015 2951 1111 2989 nos
1140 2934 1214 3006 (b)
1244 2936 1451 2989 exitum
1481 2934 1625 2988 brevi
1658 2932 1837 2989 libello

247 3032 660 3101 exiilicavimus.

393 3121 564 3189 Idem,
598 3123 748 3191 epist.
780 3120 844 3175 ει
879 3121 947 3174 ad
984 3118 1211 3174 Paulum
1250 3119 1693 3176 Concordiensem.

316 3215 556 3271 Misimus
582 3215 797 3269 interim
822 3224 872 3267 te
901 3214 1017 3278 tibi,
1044 3212 1095 3266 id
1121 3221 1221 3279 est,
1249 3210 1414 3266 Paulo
1450 3213 1565 3268 seni
1618 3214 1839 3268 Paulum

249 3306 518 3363 seniorem
548 3308 657 3376 (c);
693 3305 744 3358 in
785 3320 891 3375 quo
940 3312 1159 3373 promer
1205 3303 1557 3373 simpliciores
1602 3320 1842 3372 quosque

254 3400 481 3453 multum
512 3399 563 3452 in
598 3396 904 3465 dejiciendo
952 3409 1199 3449 sermone
1224 3396 1301 3464 (d)
1333 3395 1706 3450 laboravimus.
1738 3397 1842 3451 Sed

254 3489 435 3544 nescio
459 3488 753 3557 quomodo,
780 3485 991 3541 etiamsi
1022 3500 1155 3555 aqua
1187 3487 1341 3555 plena
1365 3487 1455 3552 sit,
1485 3496 1664 3541 tamen
1696 3502 1844 3541 eum-

256 3583 374 3637 dem
406 3582 628 3636 odorem
663 3580 851 3651 lagena
877 3588 1057 3635 servat
1091 3579 1164 3648 (ε)
1194 3593 1300 3649 quo
1330 3577 1454 3633 dum
1505 3579 1654 3634 rudis
1698 3586 1842 3634 esset
1874 3564 1917 3623 Β

254 3675 453 3731 imbuta
479 3683 584 3731 est.

2009 2197 2180 2264 Idem,
2214 2200 2381 2255 Catal.
2415 2204 2606 2259 illustr.
2644 2205 2887 2259 Ecclesia:
2916 2206 3134 2275 Scrtpt.,
3169 2224 3284 2279 cap.
3323 2210 3438 2266 155.

2005 2290 2205 2358 Scripsi
2241 2294 2398 2346 vitam
2436 2296 2581 2348 Pauli
2616 2297 2883 2350 monachi.

2257 2384 2423 2449 Idem,
2449 2389 2596 2453 epist.
2630 2387 2722 2451 2‘2,
2749 2388 2818 2440 ad
2849 2387 3206 2446 Eustochium.

2009 2476 2174 2545 llujos
2204 2476 2324 2529 vita:
2357 2488 2541 2532 auctor
2571 2477 2789 2543 Paulus,
2823 2480 3116 2535 illustratur
3156 2482 3436 2547 Antonius,
3467 2492 3526 2539 et

1937 2579 1991 2621 ut
2023 2569 2088 2621 ad
2116 2570 2413 2637 superioria
2444 2571 2799 2625 conscendam
2821 2611 2837 2637 ,
2872 2574 3124 2642 princeps
3155 2574 3388 2631 Joannes
3418 2575 3523 2632 Ba-

1938 2661 2122 2729 ptista.

2250 2751 2421 2817 Idem,
2448 2754 2599 2822 epist.
2628 2754 2721 2820 ‘27,
2753 2756 2821 2809 ad
2850 2753 3203 2810 Eustochium.

2011 2842 2172 2897 Paula
2202 2844 2337 2909 sola,
2387 2847 2430 2898 si
2460 2845 2565 2899 dici
2599 2843 2796 2914 potest,
2833 2856 2888 2902 et
2938 2848 3269 2914 incomitata,
3302 2848 3367 2902 ad
3406 2862 3529 2904 ere-

1940 2950 2084 2989 muni
2113 2937 2464 2990 Antoniorum
2490 2947 2651 3005 atque
2676 2936 2958 2992 Pauloruin
2989 2953 3211 3008 pergere
3240 2940 3526 3008 gestiebat.

1982 3026 2268 3092 Paulinus,
2297 3030 2511 3099 prologo
2544 3031 2659 3083 vitae
2688 3030 2850 3084 sancti
2895 3032 3183 3095 Ambrosii,
3214 3029 3248 3083 4
3278 3029 3493 3099 Aprilis.

2020 3120 2122 3191 14
2152 3121 2415 3186 Hortaris,
2442 3122 2760 3176 venerabilis
2794 3123 2947 3176 Pater
2972 3122 3292 3191 Augustine,
3313 3131 3371 3176 ut
3394 3124 3533 3176 sicut

1944 3213 2085 3267 beati
2119 3212 2234 3275 viri,
2263 3212 2584 3267 Athanasius
2612 3214 2893 3282 episcopus
2910 3222 2962 3268 et
2992 3213 3346 3283 Hieronymus
3378 3227 3535 3283 pres-

1946 3305 2129 3377 byter,
2162 3304 2304 3374 Stylo
2334 3304 2600 3371 prosecuti
2655 3314 2781 3357 sunt
2820 3306 2982 3359 vitam
3026 3314 3331 3359 sanctorum
3382 3303 3530 3360 Pauli

1946 3405 2001 3451 et
2030 3396 2268 3461 Antonii,
2304 3396 2357 3449 in
2388 3411 2573 3450 eremo
2602 3397 2921 3463 positorum,
2953 3404 3058 3450 etc.

2020 3485 2287 3550 Sidonius,
2323 3485 2549 3538 carmine
2570 3500 2656 3539 ινι
2688 3483 3062 3550 Eucharistiro,
3094 3487 3161 3538 ad
3191 3482 3463 3539 Faus‘um.

2075 3577 2223 3632 Nunc
2251 3586 2404 3630 vocat
2432 3577 2485 3630 in
2511 3577 2684 3629 tunica
2723 3576 2897 3629 nudus
2926 3587 2978 3629 te
3004 3577 3266 3630 Antonius
3298 3577 3409 3641 illa,

2020 3671 2190 3735 Quam
2218 3668 2336 3721 iecit
2362 3667 2549 3736 palma:
2573 3667 2710 3720 foliis
2733 3666 2801 3739 (ί)
2829 3681 3018 3720 manus
3038 3667 3173 3721 alma
3199 3667 3459 3737 magistri.

1529 3786 1901 3843 ROSWEYDI
1941 3786 2264 3843 NOTATIO.

322 3884 397 3955 (a)
433 3881 621 3955 Paulo]
665 3880 815 3955 Pauli
840 3880 993 3948 primi
1018 3879 1260 3955 eremitaa
1292 3879 1539 3933 nativitas
1567 3890 1621 3955 et
1642 3880 1840 3945 obitus,
1876 3897 1879 3900 ‘

2020 3880 2084 3933 Et
2114 3878 2326 3946 quidem
2359 3878 2458 3931 hac
2485 3879 2690 3934 ratione
2724 3879 2871 3947 juxta
2902 3878 3163 3933 calculum
3212 3879 3430 3936 Pontaci
3478 3893 3537 3940 et

252 3949 567 4023 quianullis
593 3949 904 4005 consulibus
938 3953 1029 4023 vel
1073 3951 1453 4023 imperatorum
1497 3951 1651 4023 annis
1699 3955 1842 4023 assi-
1943 3949 2222 4023 Scaligeri,
2248 3951 2462 4023 annosi
2493 3949 2640 4023 Decii
2673 3966 2777 4023 non
2799 3961 3182 4003 annumeratur
3203 3951 3343 4023 inter
3359 3968 3535 4007 annos

252 4022 409 4093 gnata
444 4025 735 4093 habentur,
760 4022 1121 4093 investiganda
1154 4030 1369 4093 suntex
1404 4029 1562 4073 nitate
1592 4022 1836 4085 Antonii,

253 4090 310 4148 ut
366 4102 515 4147 recte
561 4092 767 4146 monuit
822 4091 1214 4145 illustrissimus
1270 4090 1563 4154 Baronius;
1620 4094 1833 4144 Antonii

249 4179 379 4219 vero
411 4163 638 4217 natalem
669 4162 813 4215 diem
846 4171 901 4215 et
932 4165 1269 4225 uiortnaleui,
1303 4175 1620 4225 expressum
1672 4162 1835 4215 li..be-

252 4251 367 4288 inus
397 4236 449 4287 in
478 4231 747 4288 Chronico
779 4232 993 4285 Eusebii
1025 4240 1078 4285 et
1108 4232 1440 4300 Hieronymi,
1475 4233 1637 4284 certis
1669 4231 1841 4297 impe-

251 4314 487 4380 ratorum
541 4305 727 4380 an_nis_._
771 4303 1003 4380 Quibus-
1041 4301 1376 4380 Clirisrianos
1448 4316 1511 4355 ex
1563 4311 1835 4380 postrema

256 4376 473 4428 Pontaci
505 4386 559 4428 et
588 4373 843 4436 Scaligeri
875 4372 1112 4425 editione
1141 4370 1457 4440 adjungam,
1486 4370 1573 4439 qui
1602 4387 1631 4424 a
1665 4385 1837 4435 posm-

251 4446 485 4511 rioribus
515 4454 641 4498 sunt
667 4444 920 4511 appositi,
949 4457 1068 4496 cum
1102 4443 1154 4495 in
1181 4441 1278 4495 Ms.
1314 4442 1536 4495 vetustis
1565 4441 1761 4494 desint.

321 4508 455 4569 Illud
485 4524 609 4568 ante
650 4508 863 4575 moueo,
901 4512 1182 4565 Baronium
1244 4511 1433 4565 vitiosa
1466 4511 1700 4565 editione
1733 4512 1838 4564 Eu-

250 4586 385 4637 sebii
419 4599 597 4648 usum,
628 4598 746 4649 qua:
776 4584 988 4636 Antonii
1019 4582 1221 4637 obitum
1254 4583 1402 4650 ponit
1430 4597 1570 4634 anno
1593 4581 1658 4635 2|
1689 4580 1836 4637 Con-

249 4654 433 4707 stantii
461 4654 719 4707 Junioris.
750 4654 926 4720 Quare
954 4667 1148 4722 sequar
1175 4666 1275 4705 ms.
1309 4653 1558 4705 Codicem
1587 4653 1835 4705 amandi-

1948 4021 2121 4073 mtatis
2152 4020 2387 4072 Antonii.
2421 4020 2569 4072 Alias
2628 4022 2771 4073 enim
2818 4035 2901 4073 ενι
2950 4023 3071 4072 anni
3122 4022 3262 4075 tetati
3316 4028 3531 4080 Antonii

1952 4092 2333 4143 tribuerentur.
2365 4090 2461 4156 Qui
2506 4098 2679 4143 tamen
2711 4094 3145 4144 annumerandus
3192 4094 3261 4145 sit
3304 4108 3475 4148 anuus
3509 4099 3531 4151 ι

1953 4160 2120 4225 Decii,
2153 4168 2208 4213 et
2237 4176 2340 4212 non
2372 4160 2471 4212 nisi
2501 4174 2566 4212 cv
2590 4161 2713 4213 anni
2745 4163 2865 4213 inde
2895 4161 2960 4214 ad
2992 4164 3056 4214 l9
3102 4165 3396 4217 Consumit
3443 4165 3535 4220 Ju-

1950 4232 2117 4284 ttioris
2144 4245 2338 4282 annum
2369 4241 2686 4293 exsurgant,
2721 4232 2893 4285 dicam
2924 4233 2989 4283 ad
3018 4231 3190 4285 Vitam
3228 4236 3463 4289 Antonii.

2017 4300 2133 4355 lam
2168 4316 2314 4361 vero,
2357 4314 2477 4353 cum
2540 4301 2591 4353 in
2650 4301 2764 4354 Vita
2814 4301 2959 4355 Pauli
3010 4304 3219 4357 dicatur
3267 4306 3537 4362 Antonius

1949 4370 2113 4424 fuisse
2138 4386 2201 4425 xc
2224 4387 2344 4425 cum
2376 4371 2596 4423 Paulum
2624 4371 2825 4431 invisit.
2854 4386 2959 4439 quo
2988 4372 3104 4441 ipso
3133 4384 3373 4439 tempore
3405 4382 3539 4432 Pan-

1950 4443 2032 4495 lns
2063 4442 2196 4495 obiit
2220 4456 2347 4496 cxut
2389 4443 2627 4494 existens
2655 4458 2939 4506 annorum,
2975 4455 3030 4497 ut
3074 4446 3125 4497 in
3176 4446 3363 4499 eadem
3421 4448 3535 4502 Vita

1946 4511 2200 4573 hatetur;
2227 4522 2280 4566 et
2308 4511 2570 4566 Antonios
2594 4514 2782 4566 vixerit
2801 4527 2863 4567 Cv
2882 4528 3073 4577 annos,
3099 4514 3275 4582 utjaui
3298 4516 3534 4582 dictum;

1945 4584 2186 4651 sequitur
2215 4583 2501 4636 Antonium
2532 4585 2891 4651 supervixisse
2924 4585 3084 4638 Paulo
3114 4588 3270 4639 annis
3299 4602 3387 4641 xv.

2020 4655 2163 4706 l’anli
2195 4655 2353 4719 igitur
2390 4652 2569 4715 obitus
2614 4654 2929 4713 statuendus
2957 4666 3039 4708 est
3089 4671 3156 4708 xv
3206 4655 3361 4708 annis
3409 4666 3536 4713 ante

246 4740 371 4778 num
428 4725 668 4785 Eusebii,
719 4738 827 4791 quo
877 4721 1043 4785 utor,
1070 4724 1138 4775 ab
1186 4726 1339 4776 annis
1396 4723 1530 4777 1000
1582 4725 1838 4791 scriptum
1869 4726 1915 4790 C
1947 4734 2175 4778 mortem
2211 4723 2445 4776 Antonii.
2491 4721 2622 4775 Cum
2655 4735 2831 4778 autem
2864 4726 3129 4779 Antooins
3157 4724 3353 4778 obierit
3390 4742 3532 4782 anno

246 4795 570 4863 capitalibus
615 4794 831 4855 litteris,
864 4793 1006 4861 quod
1058 4792 1312 4844 iudicium
1353 4791 1690 4863 antiquitatis
1735 4802 1838 4846 est.

245 4862 376 4917 Cum
412 4879 520 4933 quo
543 4865 762 4918 Pontaci
791 4876 843 4917 et
874 4864 1126 4933 Scaligeri
1158 4864 1321 4917 editio
1354 4865 1455 4915 hoc
1482 4862 1692 4930 quidem
1723 4863 1843 4915 loco

242 4935 540 5000 conspirat.
580 4934 832 4987 Vitiosaui
888 4949 1006 4987 eam
1057 4935 1348 4987 editiOnein
1378 4947 1518 4997 esse,
1563 4948 1663 5001 qua
1713 4947 1843 4986 usus

240 5014 327 5058 est
357 5004 643 5069 Batonius,
675 5003 913 5072 probabo
953 5001 1123 5059 fusius
1169 5002 1235 5058 ad
1292 5002 1462 5057 Vitam
1507 5003 1679 5058 sancti
1727 5006 1841 5057 An-

242 5077 395 5129 tonii.

312 5145 533 5200 Antonii
563 5145 726 5215 igitur
762 5143 951 5197 natalis
974 5142 1095 5215 dies
1123 5145 1174 5197 in
1206 5158 1273 5197 eo
1309 5144 1612 5215 assignatur
1639 5143 1832 5215 anno!

239 5215 393 5271 Decii
415 5211 758 5284 imperatoris
785 5229 943 5283 quem
972 5214 1235 5268 Pontacns
1262 5211 1676 5284 SlﬂluitChl‘lSll
1700 5211 1833 5278 25l,

235 5283 676 5356 Scaligerrﬁbﬁ;
732 5284 1007 5338 tnortnalis
1056 5300 1183 5356 vero
1230 5299 1372 5356 anno
1416 5283 1515 5356 li)“
1533 5285 1833 5356 Constantii

230 5354 497 5423 Junio'ris,
528 5372 689 5425 quem
723 5356 989 5409 Pontacus
1018 5355 1207 5409 statuit
1233 5355 1429 5425 Christi
1452 5354 1837 5422 559,8caliger

231 5425 364 5481 357.
386 5424 631 5497 Cumque
658 5427 761 5479 hoc
785 5425 1080 5497 posteriore
1106 5427 1225 5497 loco
1250 5426 1313 5497 in
1331 5424 1599 5497 Chronico
1622 5425 1836 5479 dicatur
1874 5442 1877 5445 ν

231 5500 506 5555 Antonius
536 5494 718 5553 aetatis
745 5510 857 5549 suae
886 5510 1029 5550 anno
1060 5494 1166 5549 1υὸ
1212 5495 1428 5557 obiissc,
1457 5494 1599 5557 jusle
1628 5503 1832 5548 tantum

228 5565 372 5695 i012?"
396 5584 601 5626 annum
636 5569 662 5622 1
712 5565 858 5622 Decii
885 5576 939 5623 et
972 5567 1035 5621 l9
1063 5563 1362 5623 Constantii
1390 5564 1627 5621 iunioris
1666 5567 1834 5621 inter-

328 5655 346 5694 t
381 5680 393 5695 .

1951 4795 2018 4846 l9
2044 4791 2340 4847 Constantii
2373 4808 2464 4847 seu
2496 4793 2695 4848 Chrisri
2729 4795 2833 4849 ’559
2877 4797 3168 4848 secundum
3222 4796 3534 4862 Pontacuni,

1950 4864 2032 4916 vel
2064 4863 2164 4919 557
2197 4866 2488 4917 secundum
2535 4865 2859 4933 Scaligeruui
2880 4905 2895 4929 ,
2928 4866 3209 4918 manifeste
3255 4866 3539 4922 deducitur

1954 4934 2172 4987 Paulum
2196 4936 2394 4989 obiiSse
2416 4949 2558 4988 anno
2580 4937 2612 4988 4
2642 4936 2962 4998 Constantii,
2986 4936 3072 5003 qui
3102 4947 3185 4990 est
3208 4933 3402 4993 Christi
3429 4938 3538 4995 544

1949 5007 2223 5073 putatione
2258 5006 2496 5071 Pontaci,
2525 5005 2611 5059 vel
2640 5004 2745 5059 542
2774 5005 3046 5073 putatione
3076 5007 3355 5073 Scaligeri.

2024 5074 2173 5127 Unde
2205 5076 2396 5129 natalis
2424 5072 2573 5128 Pauli
2616 5076 2930 5129 statuendus
2954 5083 3038 5128 est
3064 5090 3206 5131 anno
3225 5072 3265 5130 Ἷ
3308 5080 3540 5134 Alexan-

1946 5144 2028 5197 dri
2060 5144 2398 5216 imperato-ris
2429 5161 2514 5215 qui
2547 5155 2631 5198 est
2658 5162 2828 5198 annos
2854 5144 3174 5201 Christiﬁiil
3203 5147 3363 5216 juxta
3393 5150 3533 5206 Pon-

1947 5223 2143 5279 tacum,
2177 5216 2257 5269 vel
2286 5214 2389 5268 2‘29
2415 5214 2561 5281 juxta
2595 5215 2940 5285 Scaligerum.

2019 5284 2162 5354 Ergo
2203 5301 2345 5339 anno
2383 5287 2414 5338 5
2444 5285 2722 5351 Gordiani,
2748 5284 2837 5351 qui
2870 5300 2950 5342 est
2979 5287 3174 5343 Christi
3205 5288 3313 5347 9.45
3342 5305 3540 5349 secun-

1943 5355 2414 5430 dum‘l’ontacum,
2451 5359 2544 5430 vel
2560 5354 2667 5430 μδ
2698 5361 2991 5430 secundum
3021 5360 3377 5430 Sealigerum,
3407 5378 3533 5430 age-

1947 5426 2036 5480 bat
2069 5426 2262 5481 Paulus
2291 5442 2489 5480 annum
2526 5427 2613 5491 15,
2641 5428 2730 5496 qui
2760 5444 3023 5483 annorum
3055 5426 3270 5486 circiter
3301 5426 3370 5486 xv
3398 5426 3536 5487 dici-

1941 5506 2042 5571 tur_
2061 5498 2223 5550 fuisse
2245 5499 2311 5571 ab
2335 5498 2681 5569 Hieronymo,
2709 5513 2830 5554 eum
2856 5509 2978 5569 post
2997 5511 3225 5556 mortem
3250 5512 3535 5571 parentum

1940 5567 2167 5621 relirtus
2188 5575 2273 5621 est
2298 5568 2492 5622 haeres.

2007 5638 2139 5693 Cum
2167 5653 2292 5694 vero
2321 5639 2676 5711 Hieronymus
2703 5641 2844 5698 dicat
2883 5642 2935 5697 in
2965 5643 3084 5712 ejus
3117 5644 3252 5708 Vita,
3281 5654 3401 5697 cum
3429 5651 3520 5695 so-
