4002 6230
498 287 599 341 105

1517 279 1605 331 ιιις
1648 276 1825 330 \‘lTlS
1868 272 2146 328 PATRUM
2190 273 2391 327 [ABER
2432 271 2707 327 PRIMUS.

3658 266 3755 333 tot

494 408 720 448 cessrsse
748 393 802 446 in
850 391 1024 445 villam
1062 390 1427 445 remotiorem.
1464 406 1481 437 ι
1516 403 1637 439 cum
1685 383 2071 451 persecutionis
2100 385 2149 441 Δ
2176 386 2358 439 Grmea
2387 395 2544 451 alque
2574 384 2756 437 Latina
2792 382 3027 437 Ecclesia
3058 384 3315 439 hactenus
3343 385 3516 440 locum
3548 387 3754 447 habnlt.

497 464 728 533 procella
767 463 1064 522 detonaret,
1105 478 1123 511 ι
1159 457 1548 533 scil_icet_De_cii
1597 464 1653 509 et
1684 452 2070 533 Valerianiude

495 523 687 602 quibus
715 533 850 598 apud
878 547 997 581 cum
1031 527 1400 602 praeceditisi
1425 527 1490 579 ad
1522 542 1717 602 antrum
1746 526 1790 602 in
1808 523 1953 577 Decii
1985 523 2067 575 fu-

496 596 626 672 g'ami
650 596 792 656 l’auli
825 596 1043 663 releras,
1074 600 1277 672 quiest
1301 597 1407 652 254
1435 596 1721 672 secundum
1759 597 2069 672 Ponlacum,

499 662 582 727 vel
608 671 715 724 232
741 671 1027 725 secundum
1062 662 1412 737 Scaligerum,
1441 668 1677 735 sequitur
1706 672 1831 718 tunc
1852 662 2069 717 Paulum

498 743 664 798 luisse
691 756 949 794 annorum
980 754 1124 791 xxiv.
1250 788 1253 793 ,
1300 776 1303 777 ν

573 811 752 865 (Σενειιτ
779 818 925 863 certe
959 808 1213 860 Baronius
1246 802 1327 875 (ιιι
1354 806 1405 863 in
1452 803 1815 862 natationibus
1845 801 1907 854 ad
1938 802 2075 875 hanc

503 881 678 935 Vitam
711 880 900 945 fusius)
936 880 1077 931 Pauli
1109 871 1280 943 fugam
1314 877 1457 930 Decii
1504 890 1647 945 anno
1692 878 1716 927 1
1774 874 1941 945 ponit,
1987 871 2073 923 cui

501 951 815 1020 parallelum
864 943 987 1001 facit
1030 947 1222 1020 Christi
1268 943 1629 1020 mortariis;
1655 943 1913 1020 ejusdem
1945 955 2074 1020 ξεςο

504 1010 705 1074 obitum
735 1021 918 1073 statuit
956 1034 1095 1069 anno
1127 1018 1154 1068 7
1186 1016 1506 1075 Constantii,
1540 1013 1736 1066 Christi
1772 1028 1898 1064 vero
1945 1010 2073 1066 545.

502 1091 607 1144 Sed
640 1089 1058 1149 irremeodatum,
1090 1085 1293 1149 utdixi,
1322 1094 1534 1138 secutus
1565 1094 1647 1137 εει
1678 1082 1891 1138 Eusebii
1920 1083 2076 1136 codi-

503 1175 640 1219 cem,
676 1162 725 1210 in
769 1172 907 1210 anno
959 1158 1149 1209 mortis
1197 1153 1439 1209 Antonii.
1488 1168 1645 1221 quem
1695 1152 1915 1205 landum
1966 1168 2078 1208 sua:

503 1237 781 1283 srructorae
811 1228 1027 1289 statuit;
1072 1239 1177 1293 quo
1217 1222 1557 1287 labefactato,
1588 1236 1841 1276 corruere
1874 1223 2076 1293 reliqua

507 1312 724 1353 ηεορεςε
754 1307 854 1348 (δεῖ.

580 1369 738 1420 Mirus
761 1363 981 1418 Florarii
1014 1374 1316 1417 sanctorum
1347 1378 1449 1415 ms.
1478 1358 1737 1422 calcuulus,
1762 1361 1900 1426 quod
1929 1361 2077 1416 Pauli

505 1439 706 1492 obitorn
730 1435 795 1489 ad
824 1433 1020 1488 Christi
1052 1449 1245 1486 annum
1273 1435 1378 1488 555
1404 1432 1599 1493 refert;
1631 1431 1927 1483 mirabilior
1951 1447 2081 1486 vero

506 1506 824 1560 Theudorici
866 1505 1038 1556 Loher
1067 1516 1095 1554 a
1128 1503 1338 1563 Stratis,
1372 1503 1459 1569 qui
1484 1500 1857 1554 Coloniensem
1886 1502 2079 1555 editio-

508 1593 626 1629 nem
662 1575 895 1627 Vitarom
928 1574 1138 1626 Patrum
1164 1575 1385 1626 curavit.
1416 1571 1507 1625 Ille
1527 1571 1669 1623 enim
1691 1570 1754 1620 ad
1780 1569 1935 1622 finem
1963 1574 2083 1625 vita:

508 1646 651 1699 Pauli
674 1646 963 1706 annotavit,
990 1643 1324 1707 obiisseeum
1348 1643 1484 1695 circa
1507 1655 1701 1693 annum
1725 1639 1929 1694 Domini
1954 1641 2080 1704 287,

511 1720 601 1783 qui
642 1731 924 1768 erronenm
968 1729 1089 1765 eum
1132 1714 1393 1783 calculum
1447 1725 1485 1783 a_
1522 1710 1679 1764 Petro
1731 1709 1783 1761 in
1834 1712 2083 1780 Catalogo

510 1779 837 1845 sanctorum,
872 1785 961 1835 lih.
994 1798 1049 1842 ll,
1074 1797 1193 1849 cap.
1221 1779 1287 1833 60
1311 1781 1533 1847 accepit.

584 1855 659 1925 (b)
692 1853 835 1924 Nos]
895 1847 1182 1925 Baronius,
1213 1860 1342 1925 tom.
1384 1850 1446 1903 lll
1472 1889 1488 1916 ,
1522 1862 1661 1925 anno
1709 1847 2081 1925 glirislijitj,

512 1919 885 1977 Constantii-et
903 1923 1202 1974 (Jousmntis
1226 1923 1600 1985 imperatorum
1628 1919 1681 1970 7.
1705 1919 1868 1986 Cujus
1892 1919 2085 1988 (Pauli)

513 1994 726 2061 quidem
759 1995 876 2045 vita:
910 1991 1144 2061 historia:
1166 2030 1181 2053 ,
1214 1989 1521 2061 divina_15
1573 1989 1909 2061 Providentia
1950 1988 2086 2044 bene

513 2056 811 2116 consultum
843 2060 1027 2121 voluit,
1050 2071 1107 2113 ut
1127 2077 1154 2111 a
1185 2070 1370 2113 sancto
1393 2056 1715 2127 Hieronymo
1738 2057 2081 2123 scriberetur,

517 2133 717 2187 viroab
738 2132 881 2185 omni
912 2131 1202 2183 tabularum
1233 2139 1535 2183 commento
1558 2127 1865 2194 longissime
1886 2128 2087 2181 abnor-

517 2214 686 2265 rente,
719 2212 775 2257 et
802 2202 889 2269 qui
926 2216 1029 2253 non
1060 2201 1160 2253 nisi
1191 2201 1290 2253 sibi
1321 2196 1764 2266 cXploratissima,
1796 2198 1936 2265 stylo
1965 2212 2084 2259 suo,

516 2282 783 2343 perpetua:
814 2270 1084 2343 memoria:
1115 2270 1348 2335 potuerit
1382 2282 1765 2343 consecrasse;
1796 2283 1917 2319 cum
1953 2282 2089 2343 prte-

515 2336 697 2397 iertim
732 2342 811 2393 sui
843 2340 1019 2394 swculi
1061 2353 1145 2392 res
1193 2349 1369 2405 gestas
1412 2336 1788 2400 conscribens,
1834 2351 1862 2387 a
1905 2339 2090 2403 quovis

521 2414 780 2477 prudente
812 2408 1071 2463 mendacii
1101 2408 1343 2476 redargui
1377 2407 1645 2477 valuisset,
1670 2416 1827 2477 atque
1857 2420 1882 2454 a
1911 2407 2088 2477 quoii.

520 2474 609 2537 bet
641 2497 671 2536 e
704 2481 857 2551 vulgo
887 2478 1100 2532 homine
1131 2474 1328 2551 pariter
1347 2476 1619 2551 derideri;
1651 2486 1702 2527 et
1730 2475 1817 2551 qui
1848 2474 2093 2551 sciretse

520 2544 853 2607 olivi-marios
882 2557 1147 2603 emuncta:
1179 2548 1321 2599 naris
1347 2547 1563 2609 habere,
1590 2544 1898 2613 quamlibet,
1931 2545 2091 2598 levis-

523 2622 713 2675 simam
765 2618 925 2683 licet,
974 2618 1308 2672 occasionem
1360 2623 1634 2684 captantes
1681 2613 1847 2682 ipsius
1896 2615 2092 2683 scripta

523 2690 796 2757 carpendi.

600 2783 665 2833 At
697 2777 858 2848 (quod
885 2775 1170 2848 dolendum
1198 2778 1304 2843 est)
1336 2789 1452 2843 qum
1493 2780 1571 2827 tot
1612 2772 1948 2827 succedentia
1996 2775 2095 2828 sibi

527 2847 723 2907 saecula
753 2849 963 2902 assidua
996 2847 1221 2900 lectione
1250 2851 1556 2913 probarunt,
1586 2851 1641 2897 et
1682 2852 1929 2897 venerata
1977 2855 2099 2897 sunt

530 2921 745 2986 scripta,
779 2919 1010 2985 elfugere
1043 2918 1258 2969 minime
1290 2923 1575 2986 potuerunt
1621 2914 1789 2966 nostri
1843 2918 2099 2979 temporis

532 2985 918 3058 llagiornachos
964 2986 1318 3058 Aristarchus,
1358 3000 1420 3037 ex
1471 2985 1897 3058 Ilippocentauro
1927 2994 2099 3058 atque

522 3053 733 3123 Fauno,
763 3072 985 3125 quorum
1015 3056 1066 3108 in
1098 3056 1214 3123 ejus
1251 3057 1373 3108 vitae
1421 3056 1565 3125 Actis
1611 3053 2097 3125 mentioubabetur,

526 3122 1201 3194 ducentesargumentum,
1234 3132 1398 3179 totum
1430 3123 1502 3188 id,
1534 3122 1673 3194 quod
1720 3123 1975 3194 scribitur
2015 3124 2094 3177 lu-
2128 3124 2173 3184 (ζ

531 3199 734 3254 dicrtrrn
765 3193 889 3250 esse
910 3206 1288 3250 connrrentum.
1321 3195 1581 3247 Hactenus
1614 3193 1887 3245 Baronius.

604 3270 701 3336 Qui
732 3279 907 3320 autem
942 3267 1014 3319 illi
1070 3264 1409 3333 llagiomachi
1441 3268 1565 3325 sint,
1618 3263 1706 3334 qtti
1734 3265 1913 3336 _vitam
1967 3261 2103 3317 hanc

530 3333 889 3391 commentum
918 3349 1039 3389 esse
1057 3336 1363 3389 censuerint
1386 3336 1668 3399 ludicrum,
1697 3333 1765 3384 ob
1788 3336 2100 3386 memoriam

536 3425 586 3460 in
618 3424 678 3461 ea
712 3407 1119 3475 llippocentauri
1147 3414 1305 3472 atque
1338 3403 1521 3465 Fauni,
1554 3402 1681 3455 mihi
1710 3402 2103 3469 inexploratum

536 3491 639 3535 est.
673 3481 783 3531 lrnu
827 3492 953 3531 vero
1002 3475 1258 3527 ludicrurrt
1308 3488 1494 3526 eorum
1545 3482 1914 3539 argumentum
1963 3489 2103 3539 esse,

538 3551 734 3618 patebit
765 3545 1033 3618 notatione
1060 3547 1123 3596 ad
1152 3559 1273 3596 eum
1299 3543 1505 3618 locum.
1554 3546 1670 3594 Alta
1713 3544 1942 3618 ratione
1976 3544 2105 3595 Era-

536 3612 684 3672 smus
709 3625 764 3669 et
788 3615 1264 3684 Magdeburgenses
1289 3614 1685 3684 Centuriatores
1713 3613 1900 3666 lusisse
1931 3612 1983 3665 in
2011 3618 2108 3666 liae

541 3689 653 3743 Vita
684 3682 1124 3753 voluntsanctuur
1159 3683 1535 3753 Hieronymum
1570 3698 1582 3735 :
1614 3682 1683 3753 de
1720 3696 1825 3748 quo
1856 3697 1997 3753 mox.

604 3761 675 3828 (ε)
720 3755 1041 3828 Ριιιιιο-δεηί
1094 3752 1319 3828 Paulum
1360 3750 1682 3822 seniorum]
1733 3753 1864 3804 Nam
1914 3752 2111 3828 Paulus

535 3824 945 3882 Coircordiensis
986 3826 1327 3877 centenarias
1378 3831 1581 3876 tantum
1631 3829 1768 3884 erat,
1820 3830 1875 3874 ut
1923 3824 2107 3875 eadem

538 3900 762 3966 epistola
811 3896 1126 3966 exprimitur
1158 3910 1188 3966 ί
1220 3910 1238 3942 ι
1300 3892 1436 3945 Ecce
1476 3893 1584 3958 jam
1632 3900 1887 3966 centenus
1938 3896 2110 3944 astatis

536 3961 769 4021 circulus
818 3961 1065 4021 volvitur.
1109 3982 1127 4014 ι
1161 3962 1354 4016 Paulus
1395 3976 1557 4023 vero,
1613 3961 1816 4029 primus
1864 3966 2109 4026 cremita,

538 4047 749 4091 centum
774 4043 828 4088 et
858 4035 1105 4089 tredecim
1129 4048 1411 4096 annorum,
1437 4040 1491 4083 ut
1515 4032 1737 4085 habetur
1761 4033 1813 4083 in
1834 4032 1947 4097 ejus
1970 4029 2107 4083 Vita.

544 4110 617 4163 De
650 4106 812 4161 Paulo
840 4104 1217 4157 Concordieusi
1251 4103 1387 4155 idem
1435 4102 1588 4154 divus
1643 4101 1997 4171 Hieronymus
2046 4102 2115 4171 de

540 4178 731 4233 illustr.
763 4176 963 4229 Eccles.
993 4176 1189 4240 Scrip.,
1217 4187 1336 4241 cap.
1362 4172 1453 4235 55,
1484 4175 1532 4224 in
1560 4170 1921 4223 Tertulliano:
1952 4189 1971 4221 ι
1999 4170 2111 4223 Vidi

541 4262 640 4314 ego
684 4244 967 4315 quemdam
1022 4244 1265 4315 Ρυιιιιιιιι⁸
1293 4241 1622 4315 Concordite,
1667 4244 1805 4315 quod
1859 4244 2112 4315 Oppidum

542 4310 830 4380 italize'est,
861 4326 1063 4375 senem,
1084 4319 1223 4364 rete.
1238 4312 1312 4366 De
1337 4311 1523 4365 eodem
1554 4313 1691 4363 forte
1730 4313 1881 4362 divus
1926 4310 2114 4363 Hiero-

539 4401 749 4456 nymus,
779 4385 940 4453 epist.
970 4386 1023 4449 6,
1057 4382 1123 4435 ad
1154 4384 1475 4456 Florentium
1511 4395 1527 4434 :
1563 4398 1581 4456 ι
1618 4380 1847 4456 scripsit
1891 4384 2117 4456 mihret

539 4451 755 4525 quidam
785 4451 852 4507 de
882 4457 1049 4525 patria
1089 4451 1377 4525 supradicti
1428 4451 1612 4525 fratris
1655 4451 1871 4517 ltuttini,
1920 4451 2114 4503 Paulus

538 4522 721 4589 Senex,
746 4523 1054 4581 Tertulliani
1084 4525 1165 4575 sui
1194 4523 1444 4576 Codicem
1478 4522 1615 4585 apud
1642 4528 1760 4571 eum
1791 4534 1929 4583 esse,
1964 4536 1982 4570 ι
2009 4530 2113 4573 etc.

615 4599 733 4668 Hd)
766 4593 830 4647 Ικ
868 4593 1155 4668 deﬁcientia
1182 4591 1456 4661 sermone}
1485 4591 1649 4643 Mirus
1678 4590 1996 4668 Novatorum
2022 4606 2116 4658 ge-

544 4659 684 4722 nitis.
708 4659 798 4733 qui
825 4659 1006 4717 volunt
1038 4664 1415 4731 Hieronymum
1439 4659 1541 4714 non
1562 4672 1826 4733 versatum
1851 4659 1933 4733 hic
1950 4666 2116 4724 serio,

544 4741 637 4791 sed
671 4730 861 4791 lusisse
888 4734 1169 4788 exercendi
1213 4730 1405 4801 ingenii
1448 4745 1623 4785 causa.
1669 4732 1744 4783 Ita
1786 4745 1849 4783 ex
1874 4730 2119 4801 Erasmo

546 4806 986 4875 Magdeburgeos.
1017 4814 1222 4858 centur.
1256 4800 1328 4868 rv,
1361 4817 1481 4869 cap.
1516 4803 1603 4854 ill.
1632 4802 1776 4866 Quos
1803 4800 1882 4875 vel
1908 4800 1999 4875 hic
2025 4814 2114 4875 so-

547 4871 800 4931 iltsvlut'lls
832 4871 1046 4937 t'el'tltel,
1077 4890 1182 4941 quo
1212 4884 1434 4927 testatur
1462 4880 1747 4945 se‘tantum
1777 4871 2011 4924 abfuisse
2053 4871 2121 4924 ab

506 4992 507 4995 η
546 4964 631 5008 eo,
664 4957 720 5001 ut
752 4949 1023 5001 rhetorum
1055 4960 1202 4999 more
1231 4946 1422 5012 stylum
1455 4943 1539 4994 hic
1566 4943 1736 5012 suum
1760 4952 2036 4994 exerceret
2064 4953 2120 4994 et

545 5018 845 5079 extolleret,
879 5028 1029 5070 ntex
1064 5011 1319 5069 indusrrra
1353 5012 1525 5080 potius
1548 5026 1694 5079 eum,
1727 5011 1779 5063 in
1827 5013 2119 5078 simplicia-

548 5101 662 5141 rum
695 5086 937 5152 gratiam,
966 5098 1192 5140 conatus
1220 5097 1290 5137 sit
1320 5084 1571 5151 dejicere.

618 5150 821 5220 Quibus
851 5156 1063 5223 egregie
1088 5157 1321 5208 annectit
1362 5161 1560 5205 Alanus
1584 5150 1797 5223 Copiis,
1824 5150 1907 5204 vir
1945 5150 2121 5223 erudi-f

550 5226 805 5284 tissmros,
838 5220 964 5277 dial.
998 5239 1055 5289 ιι,
1082 5239 1198 5289 cap.
1232 5224 1319 5277 H.
1351 5228 1420 5277 At
1447 5224 1554 5286 isti,
1580 5222 1769 5290 inquit,
1803 5226 1975 5289 potius
2001 5220 2122 5274 uori

546 5310 615 5348 ex
668 5296 1024 5361 Magdeburgo
1072 5295 1345 5357 rhetores,
1392 5296 1613 5345 nirniunr
1664 5293 1720 5343 in
1762 5296 1921 5343 rebus
1966 5291 2125 5343 seriis

550 5365 758 5427 ludunt,
785 5374 840 5425 et
867 5371 981 5418 orbi
1012 5366 1209 5419 netarie
1240 5367 1324 5417 hic
1356 5366 1602 5417 illudunt.
1644 5366 1817 5429 Atque
1846 5378 1879 5413 o
1904 5365 2123 5413 stultum

548 5447 603 5489 et
632 5440 875 5492 hebetetur
907 5434 1195 5493 Gelasium.
1227 5436 1315 5503 qui
1354 5433 1491 5489 inter
1528 5435 1671 5485 \‘itas
1721 5434 1933 5503 Patrum
1990 5436 2126 5503 lianc
2158 5435 2169 5444 ‘

549 5505 828 5561 historiam
858 5521 922 5558 ex
968 5500 1293 5577 literuuyurr
1320 5505 1655 5577 auctoritate,
1690 5518 1808 5577 non
1837 5500 1982 5569 joco,
2029 5501 2124 5553 sed

548 5591 724 5639 ενι-ιο,
762 5578 906 5644 ponit
935 5574 1126 5644 (Getas.
1147 5572 1247 5638 ,‘d.
1278 5576 1375 5636 {5,
1406 5588 1452 5623 c.
1485 5572 1726 5634 Sancta).
1774 5574 1901 5636 Quae
1950 5585 2127 5624 tamen

551 5645 879 5700 incredibilis
906 5645 1188 5711 stupiditas
1215 5646 1280 5707 tsi
1315 5648 1443 5694 istos
1487 5650 1802 5711 tauracutos
1829 5645 2121 5705 dieputato-

554 5730 639 5770 res
683 5708 1132 5785 audiamusjinun
1174 5714 1227 5766 in
1275 5712 1483 5766 Gelasio
1528 5708 1700 5763 solum
1772 5713 1865 5764 sed
1917 5728 1967 5765 ιιι
2022 5720 2128 5765 tota

2176 458 2293 523 Quo
2314 455 2439 515 quid
2472 455 2659 508 vanius
2689 454 2913 523 diciaut
2940 454 3064 523 tingi
3098 456 3316 519 potest?

2254 526 2425 589 Quod,
2454 534 2513 595 ut
2531 538 2744 577 omnem
2768 522 2981 595 aliunde
3012 522 3381 579 auctoritatem
3415 540 3753 595 seponamus,

2178 597 2287 664 ipsa
2321 593 2639 648 narrationis
2670 594 2864 668 series,
2895 604 2946 648 et
2973 609 3036 668 ea
3065 596 3361 668 praesertim
3383 593 3616 651 clausula
3638 593 3757 668 quae

2176 663 2535 719 narrationem
2566 663 2836 725 terminat,
2864 664 3142 730 perspicue
3166 666 3514 719 demonstrat.
3543 686 3562 719 ι
3589 663 3755 723 Obse-

2175 751 2290 800 cro,
2324 734 2512 802 inquit,
2545 735 2848 805 qniconqne
2877 736 2992 805 haec
3008 734 3171 803 leg-is,
3206 744 3262 788 ιιι
3295 735 3599 805 ilieronymi
3632 753 3754 805 pec-

2176 806 2371 859 c.itoris
2399 803 2727 864 memineris.
2758 804 2841 857 cui
2873 805 2917 857 si
2956 804 3212 857 Dominus
3258 803 3527 871 optionem
3578 803 3753 873 daret,

2178 876 2347 929 multo
2367 876 2535 941 magis
2560 875 2777 934 eligeret
2805 874 3034 929 tunicam
3063 873 3207 928 Pauli
3235 890 3354 929 cum
3381 878 3583 929 meritis
3610 878 3747 944 ejus,

2178 960 2338 1011 quam
2385 959 2565 1011 regum
2599 959 2881 1014 purpuram
2923 959 3041 996 cum
3084 946 3259 1014 regnis
3290 946 3421 998 suis.
3457 964 3475 996 ι
3509 949 3586 999 An
3641 950 3757 1002 hmc

2179 1015 2411 1068 ludentis
2455 1013 2683 1066 oratoris
2725 1013 3009 1066 videntur?
3040 1013 3201 1079 pauca
3249 1027 3394 1068 certe
3444 1016 3540 1067 ista
3595 1018 3753 1069 verba

2181 1100 2285 1140 non
2321 1098 2513 1150 paucas
2543 1083 2723 1149 plagas
2754 1083 3291 1151 Magdeburgensibus
3314 1083 3568 1150 inferunt,
3594 1096 3651 1139 ut
3673 1088 3754 1141 vel

2183 1164 2402 1225 ριόιιιει⁵
2428 1170 2488 1206 ea
2520 1162 2683 1205 totam
2714 1154 2949 1207 historia:
2986 1154 3143 1206 tidem
3184 1154 3554 1208 labefactatam
3598 1171 3761 1225 cupe-

2183 1233 2322 1295 rent.
2357 1224 2494 1276 Ecce
2520 1225 2661 1295 enim
2693 1226 3001 1276 memoriam
3032 1230 3086 1275 et
3116 1238 3299 1290 preces
3329 1240 3424 1289 pro
3469 1224 3756 1287 defuncto;

2182 1292 2307 1348 ecce
2349 1292 2593 1347 monachi
2645 1303 2845 1345 restem
2898 1307 3107 1345 smnmo
3151 1295 3269 1347 loco
3318 1295 3581 1357 habitam;
3634 1311 3765 1353 ecce

2184 1364 2397 1417 demum
2430 1361 2808 1416 monachorum
2840 1363 3020 1415 merita
3046 1362 3204 1431 (quos
3234 1378 3366 1416 cum
3387 1380 3568 1417 eorum
3601 1366 3761 1420 rueri-

2186 1434 2271 1495 tis,
2298 1448 2415 1499 quze
2442 1449 2539 1485 nec
2568 1433 2619 1484 in
2650 1433 2756 1495 eis,
2784 1447 2885 1485 nee
2913 1433 2963 1485 in
2995 1447 3257 1498 quoquam
3286 1446 3469 1487 sancto
3502 1436 3605 1487 ulla
3636 1450 3759 1490 esse

2185 1503 2391 1565 dicunt,
2414 1502 2749 1555 odiosissime
2775 1502 2859 1557 isti
2887 1500 3175 1571 exagitant)
3200 1503 3320 1556 totis
3346 1507 3519 1572 regnis
3543 1508 3608 1557 ab
3635 1505 3762 1559 llie-

2184 1588 2412 1640 ronymo
2440 1574 2743 1638 prmposita.

2259 1643 2357 1708 Qui
2384 1642 2425 1693 si
2459 1640 2589 1695 nihil
2621 1641 2781 1705 aliud,
2811 1655 2965 1711 quam
2999 1640 3291 1709 periculosa
3312 1643 3540 1708 quadam
3571 1644 3758 1698 rheto-

2195 1713 2323 1776 rica,
2356 1712 2422 1765 de
2453 1721 2597 1765 tarrlo
2627 1711 2802 1773 Patre,
2843 1720 2895 1764 et
2921 1720 3024 1762 tam
3057 1713 3209 1764 seriis
3240 1713 3398 1765 rebus
3432 1715 3607 1773 ludat.
3642 1726 3765 1767 tarr-

2115 1760 2161 1821 Β
2189 1760 2347 1847 ιὰἷιῖιᾈ
2359 1760 2591 1835 tanta;
2619 1760 3761 1849 eiiiiia‘siarisia(tirenum.Euxini}:,

2187 1866 2290 1905 non
2322 1852 2427 1917 jam
2459 1852 2645 1918 dignus
2681 1860 2762 1904 est
2790 1850 2942 1919 cujus
2969 1852 3247 1917 quisquam
3281 1854 3418 1917 apud
3466 1853 3628 1906 Deum
3678 1871 3764 1907 re-

2190 1922 2518 1979 miniscatur,
2551 1922 2643 1972 sed
2674 1937 2830 1987 quem
2873 1934 3059 1973 omnes
3090 1920 3264 1988 porius
3294 1921 3415 1976 boni
3462 1923 3530 1976 ab
3571 1938 3636 1978 eo
3689 1926 3761 1976 ita

2188 1991 2323 2045 illusi
2352 1999 2709 2044 exsecrentur.

2264 2061 2367 2114 Sed
2400 2064 2533 2114 bene
2561 2075 2590 2112 e
2624 2068 2663 2125 ι,
2694 2068 2747 2130 et
2774 2075 2860 2112 res
2887 2058 3103 2130 omnino
3134 2060 3184 2112 in
3216 2068 3349 2124 tuto,
3380 2076 3549 2130 neque
3579 2074 3763 2117 nostra

2190 2131 2499 2184 defensione
2528 2144 2660 2195 opus
2692 2129 2869 2183 habet.
2902 2129 3251 2199 Hieronymus
3281 2131 3420 2184 enim
3446 2129 3595 2199 quasi
3626 2149 3763 2198 pra:-

2191 2200 2429 2262 vidiSset,
2462 2199 2936 2267 Magdeburgenses
2966 2202 3094 2251 istos
3122 2199 3247 2253 olim
3275 2200 3528 2265 orituros,
3553 2213 3605 2256 et
3628 2217 3689 2254 se
3710 2214 3766 2255 et

2195 2272 2412 2323 Paulum
2469 2284 2652 2333 suum,
2701 2280 2858 2337 atque
2918 2269 3239 2323 llilarionem
3284 2284 3522 2338 quoque.
3575 2281 3764 2327 contra

2192 2340 2414 2393 istorum
2449 2339 2672 2407 ineptias
2701 2348 2753 2391 et
2792 2338 3087 2392 calumnias
3131 2338 3383 2393 defendit.
3420 2359 3436 2389 ι
3478 2341 3766 2396 Maledico-

2194 2425 2335 2474 rum,
2361 2409 2549 2475 inquit,
2585 2423 2741 2462 voces
2774 2409 3183 2472 contemnimus,
3217 2411 3304 2476 qui
3329 2410 3453 2461 olim
3478 2410 3765 2464 detrahen-

2195 2488 2274 2533 tes
2308 2479 2468 2531 Paulo
2498 2494 2635 2539 meo,
2664 2494 2799 2530 nunc
2826 2479 3045 2530 forsitan
3072 2479 3352 2532 detraheut
3379 2491 3432 2532 et
3458 2480 3717 2534 llilarioni
3748 2498 3761 2543 ;

2197 2550 2345 2605 illum
2402 2548 2703 2601 solitudinis
2748 2548 3074 2610 caluinniati,
3131 2550 3251 2602 huic
3295 2550 3606 2613 objic'entes
3658 2551 3771 2605 fro.

2196 2619 2505 2690 quentiam;
2536 2628 2623 2680 ut,
2656 2618 2745 2687 qui
2768 2634 2982 2690 semper
3003 2618 3179 2690 latuit,
3227 2633 3330 2690 non
3359 2618 3578 2690 fuisse;
3605 2619 3699 2690 qui
3746 2635 3773 2670 a

2198 2691 2376 2742 multis
2402 2688 2545 2742 visus
2576 2699 2676 2751 est,
2710 2688 2829 2740 vilis
2859 2689 3209 2742 existimetur.
3230 2688 3523 2741 rFecerunt
3567 2688 3672 2744 hoc
3725 2698 3776 2744 et

2201 2760 2432 2828 majores
2462 2773 2643 2812 eorum
2674 2757 2941 2826 quondam
2972 2756 3246 2819 Pilat'iszl‘l,
3278 2760 3464 2823 τιιιίιιιις
3495 2774 3593 2812 nec
3611 2759 3778 2812 Janu-

2197 2827 2526 2885 nis’eremus
2574 2842 2634 2882 ac
2678 2827 2955 2893 jejunium,
3008 2842 3180 2894 neque
3229 2827 3433 2883 Domini
3483 2828 3779 2883 Salvatorirr

2203 2899 2405 2959 turbae.
2439 2898 2575 2963 cibi,
2610 2907 2874 2967 potusque
2911 2900 3242 2966 placuerunt.
3278 2897 3471 2951 Verum
3503 2899 3777 2952 destinato

2202 2968 2351 3033 operi
2384 2967 2653 3035 imponam
2696 2981 2931 3033 manum,
2962 2976 3016 3022 et
3046 2967 3302 3036 Scyllaros
3341 2981 3502 3022 canes
3532 2968 3779 3022 obturata

2204 3052 2332 3091 aure
2358 3038 2610 3090 transibo.

2316 3107 2388 3176 (tt)
2421 3106 2667 3178 Eundem
2696 3107 2903 3161 adorent
2931 3107 3108 3178 lugenti
3130 3106 3339 3175 servat]
3369 3106 3564 3165 Eadem
3596 3106 3783 3175 phrasi

2204 3186 2258 3231 et
2286 3176 2635 3231 similitudine
2659 3179 2854 3244 saepius
2884 3176 3047 3247 utitur
3073 3178 3227 3232 divus
3274 3178 3630 3247 Hieronymus
3661 3195 3677 3231 :
3731 3190 3785 3231 ut

2204 3249 2361 3315 epi~t.
2394 3247 2447 3309 7,
2480 3247 2544 3299 ad
2572 3247 2766 3301 Laetam
2801 3264 2813 3299 :
2852 3266 2869 3298 ι
2910 3246 3113 3300 Recens
3140 3256 3271 3300 testa
3314 3247 3405 3300 diu
3450 3246 3503 3301 ei
3534 3262 3786 3313 saporem

2174 3334 2179 3337 ‘
2208 3317 2419 3379 retinet,
2451 3325 2505 3369 et
2526 3316 2769 3380 odorem,
2798 3331 2902 3383 quo
2936 3318 3159 3385 primmn
3192 3318 3393 3385 imbuta
3423 3328 3521 3370 est.
3559 3333 3576 3367 ι
3613 3317 3787 3381 Idem,

2208 3387 2246 3440 Ι.
2279 3403 2295 3440 ι
2324 3386 2549 3455 Apolog.
2582 3382 2837 3441 adversus
2870 3382 3179 3440 Bullinum:
3218 3404 3237 3436 ι
3277 3388 3331 3441 Si
3355 3382 3556 3440 litteras
3577 3386 3789 3442 didice-

2208 3473 2312 3520 ses,
2347 3458 2521 3517 oleret,
2548 3467 2680 3510 testa
2704 3457 2951 3526 ingeniolt
2983 3460 3079 3517 toi,
3114 3472 3220 3524 quo
3259 3458 3423 3513 semel
3450 3457 3640 3511 luisset
3682 3459 3789 3510 im-

2209 3527 2352 3579 buta.
2390 3545 2409 3577 ι
2449 3527 2513 3579 Ει
2542 3529 2590 3579 in
2622 3523 2786 3593 cap.i
2816 3529 2881 3581 ad
2916 3523 3169 3591 EphesiOS
3201 3544 3212 3577 :
3256 3545 3273 3577 ι
3308 3528 3437 3591 Qual
3461 3542 3595 3592 sque
3618 3528 3787 3581 fuerit

2209 3597 2402 3664 liquor,
2434 3597 2522 3665 qui
2552 3612 2701 3650 ouvzn
2729 3604 2879 3651 testae
2910 3596 3113 3650 infusus
3156 3606 3259 3661 est,
3292 3600 3454 3650 talem
3502 3597 3589 3650 diu
3644 3608 3788 3651 testa

2209 3676 2263 3719 et
2297 3668 2516 3720 odorem
2548 3668 2761 3728 retinet,
2795 3676 2850 3719 et
2871 3680 3134 3734 saporem.
3172 3684 3191 3717 ι
3242 3667 3565 3735 Expressum
3605 3675 3692 3722 est
3720 3681 3785 3721 ex

2171 3791 2176 3796 .
2212 3736 2303 3793 illo
2336 3736 2519 3793 llorat.
2545 3752 2633 3803 ep.
2668 3738 2728 3790 Η
2763 3752 2777 3787 :

2307 3825 2591 3936 ῼυοιερὲηει
2619 3832 2695 3874 est
2719 3825 2901 3877 imbuta
2954 3826 3361 3885 recens,servabit
3383 3827 3585 3879 odorem

2350 3902 2406 3935 es
2427 3901 2455 3935 a
2522 3901 2608 3936 ιιι..
2634 3921 2666 3934 ..

2350 3901 2455 3935 εδιε
2484 3901 2608 3937 σιιι..
2634 3921 2666 3934 ..

2292 3968 2484 4039 16m
2518 3969 2682 4040 Quam
2702 3968 2733 4038 ιτ
2753 3967 2815 4040 ei!
2841 3968 3023 4032 palma:
3037 3967 3216 4039 foli’s.]
3236 3969 3586 4040 Hieronymus
3603 3969 3655 4024 in
3677 3972 3804 4039 ejus

2216 4035 2498 4105 Vitafcap.
2527 4035 2561 4089 5
2590 4054 2603 4089 :
2638 4038 2659 4087 ι
2689 4035 2874 4091 Cibum
2903 4048 2955 4091 et
2982 4035 3357 4092 vesrimeirtum
3383 4035 3627 4107 ci'palma
3655 4035 3798 4107 pra-

2217 4107 2389 4160 hebat.
2432 4126 2450 4158 ι
2497 4109 2559 4160 Et
2589 4122 2707 4175 cap.
2754 4108 2864 4161 ιοε
2908 4126 2927 4158 ι
2978 4107 3251 4162 Contoxtis
3303 4112 3591 4176 palmarum
3649 4107 3796 4163 loliis

2215 4177 2559 4230 Vestiebatur.
2598 4196 2614 4226 ι
2647 4180 2710 4230 Et
2738 4192 2852 4243 cap.
2886 4177 2953 4231 15
2983 4195 2997 4232 :
3026 4196 3043 4226 ι
3079 4180 3247 4242 Quarti
3272 4179 3321 4231 in
3345 4188 3648 4247 sportarum
3676 4196 3798 4232 mo-

2218 4247 2363 4313 dum,
2397 4247 2463 4301 de
2496 4248 2685 4314 palma:
2713 4247 2855 4301 loliis
2900 4250 3011 4314 ipse
3037 4247 3132 4301 sibi
3162 4257 3529 4302 conterruerat.
3570 4267 3588 4300 ι
3624 4249 3797 4314 Quam

2219 4317 2555 4385 postmodum
2591 4333 2705 4385 plus
2739 4318 2910 4370 haeres
2938 4320 3199 4371 Antonius
3244 4334 3307 4371 ex
3358 4320 3589 4373 intestati
3640 4320 3801 4376 bons

2220 4386 2477 4455 possedit,
2507 4398 2556 4439 ut
2591 4388 2751 4440 babes
2780 4402 2896 4454 cap.
2931 4388 3015 4441 15.

2292 4441 2499 4520 ριιιιιιὲι
2536 4458 2619 4508 hic
2664 4441 2858 4523 aliquis
2884 4472 2979 4508 cur
3011 4470 3115 4508 tam
3160 4460 3309 4525 pauci
3362 4466 3594 4510 veterum
3644 4441 3798 4511 Pauli

2150 4498 2197 4556 ι)
2225 4498 2440 4579 τιῖῗιυωι
2495 4498 2875 4580 ηιειιιῙιιειῖιιινῖ
2904 4498 3260 4592 Βεειιοιιιιιξοῗ
3285 4498 3608 4594 ἀιιῑέἷῖὁιῖἰιῖι
3644 4498 3805 4593 ’ρέιίιὲ

2229 4605 2442 4648 :etatem
2468 4596 2519 4649 in
2547 4610 2731 4650 eremo
2757 4597 2905 4661 vixit,
2936 4598 3145 4664 ignotus
3173 4598 3439 4661 cronibus,
3462 4600 3558 4649 sdii
3590 4595 3806 4662 Deoqoe

2227 4674 2426 4718 tantum
2460 4676 2629 4721 notus.
2670 4666 2742 4720 De
2780 4682 2885 4736 quo
2914 4682 3015 4720 non
3050 4668 3145 4718 nisi
3174 4667 3386 4719 Antonii
3421 4667 3587 4736 relatu
3629 4680 3796 4731 pauca

2226 4736 2466 4801 quaedam
2507 4740 2736 4803 cognita.
2776 4735 2957 4788 (Nam
3002 4736 3266 4803 quurnodo
3314 4735 3363 4787 iu
3420 4735 3594 4789 media
3643 4745 3805 4788 actate

2229 4807 2439 4869 vixerit,
2469 4814 2558 4858 aut
2584 4822 2713 4871 quas
2743 4807 2952 4861 Satnnre
2983 4806 3256 4873 pertulerit
3277 4805 3518 4869 insidias,
3549 4806 3674 4858 nulli
3702 4804 3803 4856 ho-

2231 4875 2431 4928 minum
2462 4886 2789 4940 Compertum
2819 4876 3062 4935 habetur,
3105 4893 3123 4925 ι
3158 4886 3213 4927 ιιι
3242 4877 3314 4926 ait
3347 4876 3697 4943 llierOoyuins
3747 4876 3801 4925 in

2230 4949 2451 5012 prologo
2478 4947 2541 4997 ad
2573 4946 2707 4997 hanc
2736 4946 2927 4997 Vitam.
2962 4951 3136 5009 Quare
3166 4947 3276 5009 ipse
3303 4945 3370 4997 de
3400 4944 3657 5013 principio
3687 4950 3804 5007 tan-

2232 5026 2344 5069 tum
2372 5025 2423 5067 et
2441 5014 2542 5067 line
2567 5015 2708 5067 Pauli
2733 5030 2894 5081 pauca
2918 5029 2976 5067 se
2997 5018 3314 5082 scripturum
3339 5012 3637 5082 proﬁteor,
3661 5012 3805 5082 quoii

2232 5099 2292 5137 ea
2324 5100 2411 5137 res
2440 5084 2504 5135 ad
2532 5098 2682 5135 suam
2714 5100 2878 5153 usque
2909 5093 3121 5153 aetatem
3170 5086 3367 5137 omissa
3410 5081 3605 5136 fuerat.
3635 5081 3807 5147 Quam

2229 5168 2444 5207 Causam
2471 5169 2683 5221 quoque
2704 5151 2865 5207 fuisse
2892 5151 3136 5207 existimo
3162 5168 3257 5206 cur
3286 5153 3586 5222 llieronymi
3611 5161 3807 5205 adver-

2224 5226 2351 5276 sarii
2370 5225 2477 5291 jam
2496 5222 2641 5288 olim,
2673 5233 2728 5275 ut
2748 5232 2872 5277 ante
2899 5226 3150 5287 vidimus,
3174 5225 3240 5276 de
3266 5223 3427 5276 Paulo
3452 5226 3551 5275 hoc
3569 5222 3811 5277 Thebaa

2227 5293 2609 5355 dubitaverint,
2638 5296 3006 5346 existimantes
3027 5308 3150 5347 eum
3180 5309 3282 5346 non
3324 5292 3487 5345 luiSse
3532 5293 3618 5359 qui
3661 5306 3805 5343 sem-

2230 5376 2326 5430 per
2372 5364 2426 5415 in
2476 5365 2761 5417 solitudine
2806 5363 3016 5427 vixerit,
3070 5373 3124 5415 et
3175 5363 3323 5430 cujus
3370 5364 3592 5429 proinde
3644 5359 3799 5425 nudi,

2230 5444 2429 5501 praeter
2457 5448 2616 5485 unum
2650 5433 3026 5499 Hieronymum
3056 5432 3446 5485 meminissent.

2310 5504 2458 5555 Unde
2496 5505 2674 5572 colligi
2723 5516 2935 5569 quoque
2982 5510 3152 5567 porest
3199 5500 3377 5555 dirum
3427 5500 3810 5572 Hieronymum
3890 5508 3895 5511 ‘

2239 5572 2383 5625 Pauli
2414 5576 2649 5625 eremitae
2674 5582 2820 5641 gesta
2850 5582 3213 5641 posterorum
3262 5574 3536 5623 memoriae
3582 5573 3810 5636 primmn

2237 5644 2450 5709 scriptis
2480 5642 2790 5707 prodidisse.
2819 5640 2947 5694 Nam
2975 5650 3027 5693 et
3055 5641 3098 5693 si
3127 5644 3175 5692 in
3208 5642 3455 5693 Bavarica
3487 5641 3811 5692 Bibliotheca

2240 5714 2482 5780 quedam
2529 5713 2713 5766 Grates
2764 5722 3003 5775 exstent,
3054 5727 3170 5782 qua:
3217 5726 3335 5764 cum
3384 5710 3814 5774 Hieronymianis
