4002 6234
475 289 570 342 107

1507 290 1588 342 DE
1632 290 1811 346 VITIS
1852 289 2130 346 PATRUM
2172 291 2373 346 LIBER
2414 292 2686 351 PRIMUS.

3617 297 3715 354 108

474 418 656 456 cessus
685 412 967 469 penetrare
1008 417 1110 455 non
1161 402 1397 467 timeant,
1437 404 1499 456 ad
1553 399 1897 455 imitationem
1928 403 2033 456 sci—
2066 409 2116 463 Α
2215 405 2558 459 Subterraneo
2591 422 2745 472 specu
2785 407 3025 459 crinitum
3080 406 3323 460 calcaneo
3366 417 3510 461 tenus
3553 410 3713 461 homi-

472 476 598 528 licet
626 475 850 530 Joannis
876 473 1147 541 ltaptistte,
1182 475 1269 541 qui
1303 474 1353 525 in
1382 487 1564 527 eremo
1591 482 1699 525 tota
1748 476 2040 539 permansit

473 553 664 625 aetate;
697 544 830 625 Elia;
855 557 1066 625 quoque
1114 552 1169 595 et
1200 542 1437 625 Euseb",
1473 551 1576 595 etc.
1601 542 1717 596 Vita
1731 541 2038 625 “Decliomii,

471 629 590 682 cap.
629 616 648 666 1
681 630 697 667 :
729 632 745 664 ι
804 611 1066 682 Antonius
1120 613 1292 681 magni
1335 612 1465 666 Eliae
1514 622 1672 677 atque
1730 611 1912 682 Elisei,
1946 626 2043 667 nec

471 681 651 738 nonet
689 684 855 737 sancti
881 681 1103 736 Joannis
1131 683 1378 749 Baptistae
1424 684 1701 734 aemulator
1724 681 1974 734 existens.
2017 700 2036 733 ›

473 752 992 825 Soznmenus,_libro
1020 769 1060 816 I,
1092 755 1262 820 capite
1293 752 1357 805 12
1382 770 1395 804 :
1423 754 1623 825 Tangis-nc
1648 750 1700 804 δὲ
1722 759 1810 811 τῆς
1831 753 2043 825 ἀρίστης

470 826 763 898 φιλοσοφίας
814 823 1002 898 ἤρξατρ
1051 826 1162 898 μὲν,
1212 826 1279 882 ὥς
1328 842 1459 898 τινες
1500 820 1762 898 Minoam,
1810 820 1969 898 Ἢὶξίας
2015 821 2041 875 ὁ

471 892 749 980 oppertae,
778 892 860 974 stati
886 894 1109 972 Ἰωάννης
1135 892 1159 946 ὁ
1186 896 1525 980 Boructuaris}!
1557 892 1702 944 Hanc
1731 892 2040 971 praclaram

471 960 679 1020 vivendi
712 965 970 1018 rationem
1003 963 1228 1027 primus,
1259 966 1333 1014 uti
1362 962 1575 1029 quidam
1607 970 1924 1020 memorant,
1959 960 2041 1014 iu-

473 1036 644 1089 stituit
671 1032 925 1101 pr0plicta
960 1031 1125 1093 Elias,
1169 1042 1222 1084 et
1266 1032 1500 1101 Joannes
1546 1030 1805 1097 Baptista.
1844 1048 1862 1080 ι
1896 1030 2040 1084 idem

471 1105 611 1172 apud
643 1098 890 1171 Nicepb.,
922 1102 1014 1153 lib.
1040 1098 1420 1172 vui,cap._59.

546 1176 618 1228 De
648 1167 788 1236 Elia,
815 1172 1055 1235 Hieron.,
1087 1167 1363 1238 epistJS,
1394 1168 1458 1222 ad
1492 1168 1766 1222 Paulinum
1799 1185 1811 1221 :
1853 1186 1872 1220 ε
1906 1167 2043 1221 Nos-

472 1254 556 1298 ter
598 1246 841 1309 princeps
875 1240 1035 1305 Elias,
1071 1250 1251 1293 noster
1281 1238 1696 1309 Eliseus,nostri
1741 1238 1906 1309 duces
1948 1239 2039 1292 lilii

472 1260 556 1298 ter
633 1260 841 1309 rmceps
875 1260 1035 1305 nitas,
1071 1260 1251 1293 numer
1281 1260 1510 1301 DIISBUS,
1532 1260 1696 1291 [matri
1741 1260 1906 1291 uuces
1948 1260 2039 1292 ttttt

472 1260 871 1383 propinetarum,
899 1310 985 1377 qui
1025 1309 1345 1383 habitabant
1366 1308 1427 1383 in
1468 1308 1607 1383 agris
1658 1315 1726 1383 et“
1742 1307 2041 1383 solitudini-

472 1376 587 1449 bus,
620 1392 674 1437 et
702 1376 969 1435 faciebant
996 1379 1095 1449 sibi
1126 1379 1464 1433 tabernacula
1510 1376 1665 1447 juxta
1695 1376 1892 1431 ﬂuenta
1917 1376 2040 1432 Jor-

464 1454 617 1507 danis
648 1450 753 1522 (IV
785 1448 1033 1522 Rogavi).
1070 1467 1089 1501 ι

544 1525 616 1577 De
656 1515 885 1584 Joanne,
912 1515 1343 1588 Chrysostomus,
1367 1517 1552 1572 homil.
1584 1516 1610 1570 1
1664 1515 1743 1588 in_
1765 1515 1994 1570 Marcum
2021 1532 2038 1574 :

474 1612 492 1645 ι
528 1596 675 1647 Sicut
709 1585 1043 1644 sacerdotum
1088 1589 1352 1657 principes
1397 1585 1866 1657 suntsacerdotes
1914 1601 2042 1654 apo-

469 1664 630 1728 stoli,
672 1662 749 1715 sic
812 1655 1192 1713 monachorum
1244 1655 1487 1725 princeps
1523 1656 1780 1728 iJoannesL
1806 1655 2038 1728 Baptista

473 1743 577 1789 est.
616 1726 636 1786 ᾧ
665 1734 727 1786 Et
749 1732 886 1799 apud
914 1728 1157 1799 eumdem
1177 1770 1191 1792 ,
1216 1728 1368 1799 hom.
1399 1728 1466 1781 de
1512 1727 1716 1782 Joanne
1758 1726 1989 1799 Baptista
2022 1741 2037 1781 :

474 1774 503 1853 ἶ
522 1771 887 1866 Considerate,
909 1771 1507 1866 monachi,’dignitatem
1533 1805 1783 1851 vestram.
1807 1771 2039 1851 J'oannes
2071 1771 2116 1832 Β

468 1875 629 1928 vestri
656 1872 903 1942 princeps
939 1880 1020 1923 est
1045 1870 1338 1942 dogmatis;
1371 1870 1483 1937 ipse
1532 1870 1825 1942 monachus
1856 1867 2035 1942 statiin

467 1955 523 1996 ut
569 1936 743 2003 natus,
787 1936 853 1993 in
888 1954 1071 1994 eremo
1111 1936 1262 2003 vivit,
1311 1937 1363 1991 in
1394 1936 1595 1991 eremo
1632 1936 1877 1990 nutritur.
1919 1954 1937 1986 ι
1975 1936 2039 1990 Et

469 2014 847 2081 Hieronymus,
879 2010 1035 2078 epist.
1064 2006 1154 2074 22,
1185 2009 1251 2061 ad
1302 2006 1670 2071 Eustochium,
1701 2005 1854 2074 cujus
1877 2008 2039 2060 verba

465 2096 587 2137 ante
617 2082 759 2136 dedi.

538 2155 613 2207 De
641 2161 889 2218 utroque,
936 2147 1242 2218 solitariam
1274 2146 1437 2200 vitam
1482 2154 1696 2218 agente,
1730 2146 1867 2218 idem
1914 2145 2036 2200 Hie-

470 2236 748 2292 ronymus,
778 2216 830 2273 in
861 2233 978 2292 cap.
1012 2233 1081 2272 vn
1132 2217 1386 2283 Micheae;
1414 2226 1467 2270 et
1490 2216 1744 2283 Isidorus,
1777 2217 1869 2271 lib.
1894 2230 1951 2282 ll,
1983 2230 2031 2271 c.

473 2289 653 2359 15,'de
677 2291 794 2345 Div.
824 2289 978 2342 Ofﬁc.

534 2353 780 2416 Amathus
826 2374 943 2411 vero
982 2368 1027 2411 et
1065 2358 1326 2412 Macarius
1355 2356 1592 2426 discipuli
1621 2353 1876 2426 Antonii.]
1906 2356 2037 2411 Tres

466 2436 611 2488 fuere
683 2430 924 2485 celebres
987 2430 1155 2482 sancti
1213 2427 1427 2482 Antonii
1486 2425 1734 2493 discipuli
1800 2426 1866 2479 de
1920 2426 2039 2493 qui-

468 2506 566 2557 bus
603 2501 756 2557 divus
807 2498 1195 2568 Hieronymus,
1237 2500 1292 2568 in_
1335 2496 1557 2568 (Ξιηιοη.ἲ
1589 2510 1729 2568 ann_o
1779 2493 1842 2568 l9
1898 2496 2039 2549 Con-

466 2573 647 2627 stautii
689 2568 954 2632 .lunioris;
1003 2564 1199 2624 Christi
1229 2566 1329 2622 567
1362 2566 1652 2621 secundum
1681 2564 2035 2633 Scaligerum,

473 2645 551 2696 vel
580 2641 683 2696 359
715 2637 1005 2695 secundum
1034 2641 1318 2693 Pontacum
1349 2653 1362 2688 :
1400 2654 1421 2687 ε
1462 2636 1726 2699 Sarmata,
1755 2634 2035 2703 Amathas,

472 2724 524 2767 et
555 2711 840 2767 Macarius.
872 2706 1114 2777 discipuli
1160 2706 1377 2760 Antonii
1407 2704 1660 2777 insignes
1691 2705 1974 2777 habentur.
2011 2724 2031 2757 ι

467 2783 573 2840 Sed
600 2792 655 2837 et
679 2779 919 2834 Amathte
948 2773 1241 2835 et'Macarii
1274 2775 1500 2830 miminit
1530 2773 1816 2842 Palladius,
1859 2776 2039 2829 [listo-

468 2856 562 2906 riae
593 2852 861 2906 Lausiaca:
902 2865 1018 2919 cap.
1048 2849 1136 2902 ‘25.
1173 2847 1336 2919 Porro
1378 2846 1635 2919 Macarius
1684 2845 1769 2919 hic
1806 2845 2038 2919 _Antonii

470 2922 761 2990 discipulus
783 2915 990 2977 videtur
1016 2920 1180 2990 fuisse
1227 2917 1486 2990 Macarius
1531 2915 1942 2990 Alexandrinus,
1971 2917 2038 2990 de

471 3008 576 3059 quo
603 2984 889 3057 Palladius,
912 3004 1031 3060 cap.
1061 2988 1160 3060 '20,
1185 2994 1364 3060 narrat
1386 2984 1682 3060 mirandum
1712 2984 1860 3055 quid,
1896 2985 2035 3052 quod

468 3054 647 3116 coram
702 3054 934 3116 Antonio
970 3054 1208 3126 contigit.
1260 3058 1426 3122 Quem
1480 3058 1554 3109 ait
1608 3054 1785 3126 fuisse
1826 3068 2036 3126 quoque

2148 474 2305 545 neno]
2351 475 2494 529 Talis
2540 477 2859 529 describitur
2902 487 3119 530 sanctus
3150 477 3410 530 Macarius
3448 479 3716 532 Romanus

2147 545 2237 615 hic
2257 554 2375 612 post
2405 547 2456 598 in
2481 546 2596 613 ejus
2629 546 2742 599 Vita
2771 560 2890 614 cap.
2925 547 2992 599 15
3025 564 3039 599 :
3079 564 3097 595 ‹
3129 546 3316 615 Capilli
3338 548 3525 614 capitis
3551 557 3713 601 totum

2144 614 2245 667 viri
2274 630 2466 682 corpus
2500 628 2847 682 operuerunt.
2880 634 2899 667 ›
2931 616 3035 671 Sed
3060 617 3151 670 ille
3172 625 3359 669 Sancto
3385 618 3544 669 Paulo
3574 617 3717 672 Thc-

2144 684 2260 736 baao
2311 686 2610 754 posterior;
2642 687 2761 752 quia
2807 684 2936 739 vixit
2980 696 3099 754 post
3147 686 3428 753 imperium
3473 687 3669 739 .luliani
3700 731 3714 751 ,

2147 763 2204 807 ut
2228 754 2448 807 habetur
2477 753 2530 808 in
2554 756 2672 820 ejus
2709 755 2846 808 Vita.
2881 753 3213 821 Quanquam,
3245 771 3364 809 cum
3396 764 3521 808 tunc
3567 757 3719 809 valde

2150 839 2313 877 senex
2343 823 2517 886 fuerit,
2547 824 2684 892 quod
2718 824 2955 879 indicant
2997 828 3116 878 cani
3144 823 3313 878 instar
3345 825 3499 886 nivis,
3545 826 3721 892 potuit

2148 892 2313 947 fuisse
2335 908 2547 946 coaevus
2574 904 2759 948 sancto
2783 894 2968 948 Paulo.
3003 894 3116 947 Tali
3149 896 3402 960 capillitio
3426 904 3480 947 et
3499 907 3720 949 sanctus

2147 964 2473 1027 Onuplirius,
2533 964 2685 1025 infra,
2722 966 2772 1017 in
2825 964 2939 1030 ejus
2990 964 3134 1024 Vita,
3174 978 3226 1017 c.
3267 965 3300 1014 2
3342 980 3356 1017 :
3394 982 3412 1014 ι
3446 966 3539 1018 Cui
3574 976 3717 1019 tanta

2144 1032 2456 1098 capillorum
2484 1033 2756 1100 prolixitas
2786 1042 2921 1095 erat,
2969 1043 3028 1086 ut
3053 1048 3251 1100 corpus
3284 1033 3424 1087 illius
3480 1035 3717 1099 ipsorum

2147 1102 2428 1154 diﬂ'usione
2468 1113 2751 1171 tegeretur.
2793 1122 2811 1154 ι
2847 1103 2939 1156 ilic
2974 1102 3134 1156 etiam
3177 1114 3364 1156 sancto
3413 1104 3574 1158 Paulo
3623 1107 3718 1158 fuit

2148 1175 2428 1239 posterior.
2478 1172 2639 1236 Cujus
2679 1183 2732 1225 et
2780 1174 2998 1240 probata
3048 1173 3175 1227 vita.
3225 1175 3400 1238 Quare
3446 1174 3511 1226 ad
3555 1174 3715 1227 aliam

2145 1241 2375 1313 aliquam
2405 1242 2471 1294 de
2511 1242 2695 1313 ﬁctitio
2722 1244 2941 1296 ert-inita
2980 1242 3210 1296 fabulam
3251 1242 3404 1297 divus
3452 1243 3716 1313 Hierony-

2142 1326 2262 1364 mus
2290 1312 2374 1364 hic
2402 1312 2714 1379 respexerit.

2215 1380 2350 1444 Quia
2415 1382 2479 1433 de
2543 1382 2799 1449 Antonio,
2870 1389 2975 1434 tam
3029 1379 3210 1435 Gra’co
3274 1398 3429 1450 quam
3482 1382 3719 1435 Romano

2145 1450 2323 1522 stylo.]
2356 1450 2533 1522 Sancti
2558 1453 2781 1522 Antonii
2823 1452 2979 1505 \‘ilant
3006 1451 3190 1504 Grtece
3238 1453 3453 1522 scripsit
3498 1462 3718 1507 sanctus

2144 1519 2499 1592 Athanasius.
2552 1521 2739 1575 Latine
2781 1522 3035 1591 Evagrius
3074 1519 3462 1587 Antiocheuus,
3509 1533 3565 1575 ut
3595 1531 3719 1592 post

2146 1590 2267 1643 fuse
2289 1591 2596 1646 videndum.

2216 1661 2322 1713 Sub
2394 1661 2545 1715 Decio
2602 1672 2648 1714 et
2716 1660 3000 1732 Valeriano
3046 1661 3501 1732 persecutoribus.]
3550 1661 3716 1714 Baro-

2147 1731 2285 1794 nius,
2311 1746 2452 1783 anno
2483 1731 2678 1785 Chriin
2704 1730 2831 1797 9.53,
2865 1731 3004 1785 Decii
3037 1733 3227 1799 primo.
3259 1730 3387 1784 Cum
3418 1730 3517 1786 sub
3548 1732 3715 1785 Decio

2145 1810 2199 1854 et
2223 1798 2504 1854 Valeriano
2527 1801 2873 1869 Hieronymus
2902 1798 3121 1854 Paulam
3143 1802 3282 1855 dicat
3313 1802 3503 1855 factum
3535 1814 3714 1854 extor-

2146 1885 2278 1935 rem,
2313 1886 2372 1924 ea
2414 1872 2478 1923 de
2519 1886 2675 1923 causa
2713 1871 3046 1925 Valerianum
3079 1871 3343 1937 apposuit,
3374 1872 3513 1939 quod
3548 1872 3715 1923 Decio

2141 1940 2193 1993 in
2250 1942 2433 1994 l’ersas
2486 1942 2884 2007 proficiscente,
2948 1952 3003 1993 ut
3071 1942 3339 2003 dicemus,
3396 1940 3715 1995 Valerianus

2140 2009 2324 2092 Romae
2366 2011 2619 2080 principis
2647 2012 2812 2066 vicero
2841 2021 3051 2081 ageret,
3081 2024 3134 2066 et
3169 2012 3494 2065 Chrisrianos
3521 2010 3716 2065 edictis

2140 2090 2448 2148 exagitaret.
3368 2104 3371 2105 ν

2211 2150 2353 2204 Idem
2384 2150 2571 2205 eodem
2620 2164 2779 2204 anno.
2826 2150 2935 2204 Hoc
2986 2150 3109 2205 item
3157 2150 3329 2219 primo
3383 2148 3592 2215 imperii
3624 2150 3714 2204 sui

2138 2234 2281 2273 anno
2306 2221 2515 2285 Decius,
2546 2230 2850 2287 comparato
2875 2223 3112 2275 exercitu
3142 2220 3336 2273 bellum
3364 2229 3713 2288 suscepturus

2147 2292 2399 2343 adversus
2429 2291 2639 2356 Persas,
2672 2291 2887 2359 reliquit
2913 2290 3095 2344 Roma:
3135 2290 3493 2353 Valerianum,
3522 2290 3605 2343 eui
3634 2307 3707 2342 ex

2141 2359 2371 2414 Senatus
2391 2361 2633 2414 consulto
2656 2361 2734 2430 (ut
2760 2362 2918 2414 tradit
2946 2359 3266 2427 Trebellius)
3292 2374 3712 2430 sutnmamcon-

2144 2430 2258 2482 tulit
2294 2439 2637 2496 potestatem;
2667 2429 2748 2483 sic
2791 2431 2930 2483 enim
2973 2430 3047 2483 illi
3090 2444 3369 2484 censuram
3412 2429 3615 2491 tribuit,
3649 2436 3712 2481 nt

2140 2499 2401 2553 addiderit
2423 2510 2478 2554 et
2499 2500 2667 2569 legum
2696 2501 3095 2555 scribendarum
3129 2500 3451 2554 facultatem.
3478 2500 3713 2567 Indeque

2139 2569 2362 2634 accidit,
2387 2576 2447 2623 ut
2469 2573 2519 2623 in
2556 2571 2742 2624 edictis
2772 2570 2981 2623 nomina
3018 2570 3430 2623 inscriberentur
3461 2569 3601 2623 Decii
3624 2581 3708 2620 at—

2138 2654 2243 2707 que
2277 2639 2560 2692 Valeriani.
2595 2641 2827 2705 Quorum
2856 2638 3156 2693 nominibus
3184 2649 3355 2693 exstat
3385 2640 3613 2692 edictum
3636 2640 3712 2692 de

2184 2709 2517 2764 ersecutione
2562 2710 2815 2763 adversus
2865 2710 3191 2763 Christianos
3243 2711 3294 2762 in
3340 2708 3487 2762 Actis
3529 2710 3708 2761 sancti

2172 2779 2389 2833 tercurii
2418 2784 2686 2849 martyris,
2713 2780 2833 2833 licet
2853 2788 2905 2834 et
2932 2780 3150 2846 Augusti
3183 2795 3374 2849 nomen
3421 2778 3713 2832 Valeriano

2145 2849 2354 2923 legatur
2382 2848 2625 2923 inditum.
2655 2849 2803 2915 Quod
2830 2860 3003 2904 tamen
3026 2852 3197 2917 potius
3222 2848 3456 2902 additum
3489 2859 3701 2917 postea,

2140 2935 2296 2989 quam
2322 2919 2445 2973 tunc
2469 2919 2777 2988 inscriptum
2806 2928 3068 2987 putamus.

2210 2989 2351 3043 idem
2382 2990 2567 3043 eodem
2619 3004 2776 3043 anno.
2811 2989 3163 3054 Quamobrem
3202 2996 3375 3042 actum
3405 2995 3488 3041 est
3514 2996 3572 3040 ut
3605 3002 3715 3040 suo

2141 3059 2301 3113 etiam
2333 3061 2548 3113 nomine
2584 3058 2894 3127 (Valeriani)
2918 3058 3327 3113 inscriberentur
3357 3057 3521 3126 leges,
3558 3066 3614 3111 et
3653 3060 3714 3110 in

469 3133 837 3202 presbyterum
874 3125 1164 3191 Cellarum,
1197 3127 1285 3202 uti
1320 3128 1675 3202 alterum_22
1716 3125 2037 3202 _{Egyptium
2063 3135 2109 3199 ο
2143 3128 2475 3202 Christianos
2513 3125 2974 3202 premulgarentur
3021 3130 3226 3192 edicta;
3256 3125 3487 3202 aileogut
3514 3130 3711 3202 eadem

469 3196 774 3265 lt'lacarium,
831 3203 1198 3270 presbyterum
1255 3196 1473 3270 Sceles,
1525 3197 1592 3270 de
1638 3196 2034 3270 quibus__plura

467 3273 561 3327 lib.
586 3286 643 3332 Il,
686 3271 791 3324 hic.
817 3266 1008 3338 Quare'
1024 3283 1127 3322 non
1151 3267 1533 3338 rectei’etrus,
1560 3266 1611 3318 in
1638 3267 1809 3338 Catal.
1840 3266 1940 3338 lib.
1973 3279 2034 3338 It,

469 3357 588 3409 cap.
613 3342 684 3396 55
717 3352 770 3395 et
823 3335 912 3407 81,
946 3337 1233 3394 Macarium
1286 3335 1597 3406 Egyptium
1648 3335 1773 3389 facit
1823 3335 2036 3389 Antonii

468 3411 801 3479 discipulum.

540 3473 767 3545 Quorum
824 3479 1055 3551 superior
1104 3476 1334 3546 magistri
1396 3491 1575 3551 corpus
1625 3474 1893 3551 sepeliuit.)
1946 3473 2033 3551 ln-

468 3544 691 3618 telligit,
742 3544 949 3620 opinor,
992 3544 1341 3620 Hieronymus
1388 3545 1668 3620 Amatham
1702 3544 1850 3620 :__i_lle
1878 3544 2033 3620 enim

464 3614 745 3691 superior,
778 3614 878 3674 seu
910 3614 1205 3691 praecessor
1223 3617 1437 3691 Macarii
1461 3658 1475 3680 ,
1507 3615 1558 3691 in
1581 3617 1686 3691 _hac
1710 3614 2036 3691 _Hieronymi

470 3684 799 3746 narratione.
816 3684 988 3758 Quare
1005 3692 1168 3742 miror
1188 3689 1237 3740 in
1257 3686 1375 3740 Vita
1389 3686 1555 3740 sancti
1580 3684 1869 3758 Postbumii
1892 3700 2030 3752 esse,

463 3778 586 3830 cap.
613 3763 666 3826 'l,
695 3754 874 3816 infra':
908 3779 926 3811 ι
956 3758 1221 3823 Macario,
1242 3758 1308 3830 de
1339 3769 1627 3830 quosazpe
1666 3754 1895 3809 diximus
1917 3769 2036 3830 eor-

469 3824 565 3899 pus
610 3824 867 3900 sepelisse
898 3831 1210 3900 magistri.)
1242 3824 1716 3900 Nisi'quisuvocem
1738 3868 1753 3893 ,
1781 3824 2031 3900 superior,

465 3894 532 3955 ad
562 3894 859 3971 proiimum
884 3894 1073 3971 referri
1101 3897 1249 3971 velit,
1278 3896 1364 3965 qui
1391 3902 1475 3949 est
1504 3894 1784 3971 Macarius.
1820 3895 1893 3971 Ita
1917 3899 2034 3948 nul-

469 3963 851 4025 lus-dissensus
885 3971 1005 4023 erit.
1044 3963 1332 4031 Palladius,
1380 3980 1500 4032 cap.
1528 3964 1600 4016 25
1629 3963 1835 4031 utrique
1862 3965 2035 4019 Anto-

464 4042 539 4095 nii
568 4040 936 4109 sepelitionem
982 4038 1209 4109 tribuit»:
1254 4051 1275 4085 ι
1332 4034 1463 4089 Cum
1514 4048 1644 4109 ergo
1673 4035 1938 4109 venissem
1966 4034 2035 4089 ad

465 4110 579 4176 ejus
607 4104 1007 4171 monasterium,
1047 4106 1191 4176 quod
1220 4116 1301 4157 est
1335 4116 1553 4173 prepter
1580 4104 1821 4168 ﬂuvium,
1853 4105 1904 4157 in
1926 4120 2035 4172 quo

469 4175 728 4233 sedebant
764 4179 881 4248 ejus
927 4175 1174 4248 discipuli
1222 4176 1563 4248 Macariuset
1615 4176 1895 4243 Amathas,
1942 4176 2034 4244 qui

473 4266 593 4305 eum
626 4243 809 4313 etiam,
844 4264 965 4302 cum
996 4243 1318 4309 dormiisset,
1347 4243 1693 4313 sepelierunt.
1725 4260 1745 4295 ι

544 4319 834 4386 Principem
854 4319 997 4371 istius
1030 4316 1103 4368 rei
1136 4316 1308 4383 fuisse.
1358 4313 1517 4386 Quod
1547 4323 1807 4386 non_tant
1836 4313 2036 4386 nomine

465 4405 617 4458 quam
640 4380 895 4458 Opinione,
921 4404 1011 4458 nos
1044 4380 1428 4458 comproliamus
1445 4382 1521 4452 ⁸.]
1546 4383 1640 4458 Hic
1654 4380 1879 4458 Codices
1901 4384 2034 4458 mire

462 4452 692 4513 «variant.
724 4452 945 4525 Quidam
979 4452 1174 4509 habent
1201 4471 1215 4507 :
1249 4452 1539 4525 Principem
1582 4453 1724 4525 istius
1751 4456 1828 4525 rei
1853 4454 2029 4525 fuisse.

452 4529 617 4594 Quod
639 4521 865 4582 nontam
890 4527 1138 4597 opinione,
1169 4541 1317 4597 quam
1341 4523 1573 4597 nomine:
1586 4521 1717 4575 Alii:
1747 4522 2032 4597 Principem

463 4593 608 4653 istius
624 4600 717 4666 rei,
737 4614 835 4652 non
860 4593 1057 4649 tantum
1080 4594 1310 4666 nom-nis
1332 4593 1507 4666 fuisse.
1536 4594 1705 4666 Quarti
1725 4594 2029 4666 Opinionem.

467 4660 717 4723 Nonnulli
754 4684 767 4720 :
818 4666 1113 4733 Principem
1146 4664 1292 4716 istius
1316 4660 1390 4715 rei
1414 4662 1590 4733 fuisse,
1618 4660 1706 4733 sed
1739 4660 1843 4733 non
1868 4663 2034 4714 nomi-

460 4745 567 4794 nis.
603 4741 766 4802 Quam
789 4731 1100 4806 opinionem.
1133 4736 1261 4806 Qua:
1289 4733 1514 4806 varietas
1558 4731 1694 4806 haud
1727 4731 1886 4785 dubie
1910 4741 2033 4806 nata

442 4824 530 4863 ex
559 4798 750 4864 sensus
782 4798 1112 4861 difficultate.
1148 4803 1432 4871 Receptior
1477 4798 1630 4856 lectio
1657 4809 1761 4867 est,
1788 4816 1947 4869 quam
1978 4802 2031 4855 in

460 4887 614 4932 textu
644 4877 903 4946 expressi.

541 4949 614 5002 De
640 4940 791 5015 cujus
820 4948 979 5001 etiam
1003 4958 1162 4997 sensu
1188 4941 1582 5015 dissensioest.
1615 4940 1892 4994 Matthzeus
1921 4940 2030 5015 Ga-

462 5017 622 5073 lenus
664 5011 1098 5084 ‘Westcapetlius,
1124 5029 1243 5082 cap.
1281 5011 1333 5084 ei
1387 5011 1531 5084 Orig.
1561 5021 1871 5084 meritisne,
1893 5012 2033 5063 exis-

469 5091 621 5154 timat
643 5087 819 5140 divum
851 5080 1228 5154 Hieronymum
1260 5083 1440 5154 dicere
1488 5081 1708 5133 Paulum
1741 5080 2032 5133 'l‘bebazum

465 5150 755 5211 eremitica:
785 5156 906 5208 vita:
951 5150 1243 5222 principem
1274 5151 1434 5205 fuisse
1454 5190 1473 5222 ,7
1497 5154 1630 5222 quod
1661 5165 1778 5222 _non
1805 5160 1908 5201 tam
1938 5165 2034 5222 ηοτ

465 5228 600 5279 mine
621 5226 771 5296 (puta
809 5218 1070 5296 Aina'thie
1096 5218 1151 5296 et
1189 5222 1404 5277 Macarii
1447 5218 1827 5296 discipulorum
1866 5219 2034 5272 sancti

465 5290 702 5361 Antonii,
730 5295 817 5365 qui
846 5295 896 5347 id
912 5293 1283 5365 _aflirmabant)
1310 5306 1463 5365 quant
1486 5290 1722 5365 Opinione
1740 5304 1879 5365 ,_nos
1907 5304 2033 5365 quo:

465 5384 559 5437 que
590 5358 879 5437 prcbainus.
908 5363 1031 5437 Mihi
1054 5358 1546 5437 videtor'genuinus
1585 5360 1693 5437 divi
1726 5358 2029 5437 Hieronymi

466 5426 656 5491 sensus
675 5450 813 5501 esse,
843 5434 983 5504 quod
1012 5435 1261 5504 opinione
1290 5426 1358 5504 'et
1399 5430 1658 5484 sententia
1705 5441 1797 5483 sua
1838 5426 2033 5504 Paulus

468 5514 715 5576 princeps
742 5502 1031 5561 eremiticae
1052 5502 1188 5576 vita;
1216 5503 1395 5576 fuerit,
1420 5513 1524 5576 non
1555 5507 1757 5576 tantum
1791 5502 2030 5576 nomine;

467 5567 518 5627 id
542 5567 810 5644 estw-quod
841 5590 966 5629 vere
984 5573 1419 5644 eremiticzevita:
1448 5567 1693 5636 princeps
1717 5569 1873 5644 fuerit
1900 5569 2034 5644 _l’au-

468 5645 568 5711 lus,
601 5638 706 5700 non
752 5656 953 5700 tantum
982 5645 1053 5698 ita
1082 5646 1236 5710 vulgo
1277 5640 1395 5711 (seu
1444 5651 1568 5691 vere
1615 5651 1709 5690 seu
1761 5638 1916 5706 falso)
1944 5652 2035 5690 no-

469 5720 718 5771 minetur.

2142 3200 2441 3266 persecutio
2470 3195 2743 3267 utriusque
2770 3199 2982 3252 nomine
3005 3242 3019 3266 ,
3045 3213 3234 3266 nempe
3276 3195 3417 3251 Dei-ii
3457 3206 3510 3250 et
3550 3197 3713 3250 Vale-

2137 3269 2294 3336 riani,
2349 3280 2689 3334 censeretur,
2750 3284 2921 3337 eoque
2969 3268 3180 3322 nomine
3231 3276 3590 3337 perseveraret
3652 3285 3711 3320 in

2137 3335 2445 3407 posterum;
2476 3338 2615 3408 quod
2645 3354 2709 3393 eo
2752 3335 2917 3393 semel
2957 3352 3142 3392 eorum
3175 3337 3285 3408 qui
3313 3335 3593 3404 justissimi
3642 3352 3716 3390 ac

2136 3406 2456 3463 sanctissimi
2489 3406 2828 3473 haberentur,
2860 3408 3162 3475 persecutio
3204 3406 3479 3459 nobilitata
3527 3410 3716 3459 nomi-

2136 3494 2263 3532 num
2292 3480 2464 3544 titulo,
2497 3494 2602 3548 quo
2624 3479 2919 3547 religiosior
2958 3492 3040 3548 ac,
3064 3477 3257 3548 justior
3278 3476 3605 3548 illaberetur,
3639 3491 3716 3531 eo

2138 3548 2377 3604 licentius
2407 3546 2741 3619 grassaretur
2765 3550 2815 3601 in
2848 3547 3133 3601 Ecclesium
3164 3546 3381 3600 Christi.

2210 3642 2285 3696 Ex
2308 3641 2390 3696 his
2414 3642 2567 3710 igitur
2587 3640 2887 3709 complures
2930 3641 3074 3693 tricas
3121 3647 3281 3707 atque
3306 3635 3576 3710 ambages.
3595 3635 3718 3710 soi-

2134 3722 2350 3777 vuntur,
2376 3705 2498 3766 dum
2523 3705 2755 3777 plerique
2787 3720 3044 3776 martyres
3066 3710 3117 3763 in
3147 3705 3517 3775 persecutione
3546 3705 3701 3759 Decii

2134 3790 2189 3835 et
2221 3781 2484 3835 Valeriani
2516 3795 2616 3833 una
2654 3782 2788 3847 paSsi
2827 3795 2948 3849 esse
2997 3780 3271 3849 leguntur;
3320 3791 3453 3849 quos
3491 3784 3712 3829 consmt

2137 3865 2240 3905 non
2282 3852 2439 3905 simul
2466 3851 2676 3914 eodem,
2706 3851 2796 3903 sed
2838 3848 3067 3903 diverso
3099 3860 3335 3915 tempore
3381 3848 3712 3913 imperasse;

2135 3931 2190 3975 et
2227 3922 2366 3989 quod
2411 3921 2666 3982 nonnulli,
2708 3934 2857 3989 quos,
2890 3918 3224 3987 perspicuum
3250 3926 3335 3970 est
3364 3930 3547 3982 passos
3587 3928 3715 3989 esse

2134 3985 2444 4054 suh'Dicio,
2470 3992 2625 4043 iidem
2664 3985 2763 4043 sub
2821 3985 3097 4042 Valeriano
3142 3990 3455 4054 martyrium
3508 3985 3716 4051 pariter

2135 4062 2375 4131 exegisse
2414 4060 2726 4131 traduntur;
2745 4068 2812 4131 _et
2846 4072 2980 4131 quos
3029 4057 3243 4131 sustulit
3288 4056 3544 4131 Valeriani
3582 4069 3715 4121 per-

2135 4124 2371 4195 secutio,
2402 4130 2559 4183 iidem
2591 4132 2689 4182 sub
2745 4124 2903 4182 Decio
2941 4138 2993 4180 et
3029 4127 3308 4181 Valeriano
3339 4127 3477 4193 passi
3526 4124 3715 4192 legan—

2134 4209 2239 4253 tur.
2275 4194 2396 4254 llzec
2430 4201 2518 4268 qui
2553 4215 2657 4253 non
2688 4198 3013 4266 consideret,
3042 4194 3334 4251 innumeris
3364 4209 3423 4250 se
3463 4208 3526 4268 ac
3551 4197 3715 4261 plane

2141 4263 2513 4324 insolubilibus
2544 4269 2776 4338 implicet
2795 4263 3066 4338 erroribus
3097 4279 3317 4322 necesse
3352 4263 3715 4338 estsferatur-

2133 4355 2237 4407 que
2256 4356 2345 4408 per
2365 4339 2537 4404 devia,
2555 4334 2715 4407 atque
2742 4336 3122 4408 multiplicibus
3150 4338 3353 4408 viarum
3376 4334 3713 4408 anfractibus

2134 4404 2465 4463 distinentur.
2500 4404 2707 4462 Vide'et
2733 4404 2974 4461 eumdem
3002 4405 3311 4471 Baronium,
3349 4405 3416 4458 ad
3440 4404 3712 4470 Martyro-

2058 4500 2111 4559 D
2140 4479 2337 4549 logium
2368 4481 2685 4543 Romanum,
2716 4478 2782 4533 10
2807 4477 3054 4547 Augusti.

2149 4622 2152 4623 ν
2209 4571 2321 4634 Quo
2372 4577 2601 4637 tempore
2645 4561 3516 4637 Cornelius“Romw‘,_‘_Cuprianus
3558 4556 3712 4637 “Car-_-

2139 4628 2393 4710 thawgine]
2420 4628 2702 4710 Barcinus,
2731 4652 2871 4710 ann_o
2898 4634 3097 4710 Christi
3124 4631 3227 4688 255
3244 4628 3433 4710 {Decii
3466 4633 3517 4683 1.
3550 4628 3711 4695 Quod

2140 4703 2645 4779 ait'tliieronynius)
2670 4716 2805 4779 tunc
2822 4705 3043 4779 Paulum
3068 4704 3277 4779 deserta
3315 4703 3711 4779 petiisse,_enm

2136 4770 2413 4833 Cornelius
2439 4770 2637 4831 Romae
2668 4786 2724 4829 et
2768 4776 3064 4843 Cyprianus
3119 4772 3442 4843 Carthagine
3494 4770 3715 4823 subiere

2139 4849 2470 4918 martyrium,
2512 4846 2593 4918 sic
2644 4841 3041 4918 intelligendum
3072 4852 3176 4906 est,
3220 4841 3405 4918 eadem
3456 4853 3714 4918 persecu-

2138 4909 2525 4988 tione'urgente
2566 4915 2783 4988 Paulum
2814 4909 3101 4988 secessisse
3126 4952 3142 4977 ,
3169 4926 3271 4988 qua
3329 4909 3610 4988 Cornelius
3655 4918 3715 4986 et

2132 4978 2430 5058 Cyprianus
2460 4986 2735 5058 marty_rio_
2761 4982 2949 5036 sublati
2994 4981 3298 5058 sun_t._Nam
3346 4979 3470 5058 Ιίονξ
3507 4992 3610 5058 non
3636 4978 3715 5029 si-

2135 5046 2246 5111 m'u'l
2301 5056 2570 5123 regnarint
2599 5046 2807 5123 'Decius
2855 5061 3015 5119 atque
3064 5051 3398 5114 Valerianus,
3446 5046 3717 5123 fueritque

2137 5127 2287 5181 brevi
2337 5117 2518 5193 aiiquo
2559 5117 3064 5193 pacisiuterstitio,
3082 5138 3143 5175 ea
3198 5121 3496 5193 persecutio
3537 5117 3716 5193 inter-

2137 5208 2311 5263 rupta,
2340 5187 2675 5263 tamenquod
2698 5190 2886 5246 iisdem
2910 5187 3119 5255 edictis,
3139 5187 3329 5263 quibus
3352 5187 3712 5263 promulgata,

2136 5260 2295 5318 etiam
2350 5260 2678 5328 continuata,
2723 5276 2787 5315 ac
2842 5263 3033 5317 iterum
3088 5262 3307 5328 repetita
3362 5260 3713 5328 fuerit,‘una

2138 5335 2431 5403 eademque
2460 5325 2737 5396 censetur;
2765 5346 2828 5386 ac
2848 5331 2993 5386 Decii
3020 5325 3215 5400 pariter
3236 5340 3290 5385 et
3317 5325 3582 5382 Valeriani
3610 5341 3713 5379 no-

2137 5408 2279 5458 mine
2306 5408 2469 5457 dicta.

2209 5492 2476 5547 Cornelius
2535 5491 2764 5562 Rome]
2826 5490 3054 5562 Cornelii
3123 5503 3273 5562 papae
3311 5485 3591 5562 memoria
3656 5485 3713 5538 in

2138 5565 2510 5632 Martyrologio
2576 5555 2856 5632 Romano,
2893 5562 2957 5613 14
3024 5555 3354 5626 Septembris
3401 5580 3416 5614 ;
3462 5576 3479 5609 t
3529 5555 3712 5608 “tuna:

2140 5638 2221 5686 via
2265 5631 2430 5701 Appia
2460 5634 2597 5685 beati
2635 5631 2864 5685 Cornelii
2915 5644 3063 5703 papa:
3092 5639 3146 5683 ct
3194 5637 3465 5703 martyris,
3507 5645 3524 5703 ξ
3579 5636 3711 5703 eli}.

2141 5695 2625 5769 quetn'Barunius,
2674 5703 2726 5755 in
2774 5695 3087 5765 Annalibus,
3137 5713 3276 5753 anno
3321 5696 3521 5752 Christi
3579 5695 3706 5758 “.155,
