4002 6250
270 268 362 327 109
1051 272 1207 324 νιτΑ
1249 271 1492 326 SANCTI
1538 271 1761 339 PAULI,
1806 273 1985 327 PRIMI
2031 275 2376 331 EllliillTxE.
2418 279 2732 334 NOTATIO.

3416 284 3521 343 HO

271 384 397 473 Galli
416 394 472 440 et
494 384 775 440 Volusiani
820 386 983 454 impp.
1010 384 1074 449 2,
1106 395 1418 440 coronatum
1464 387 1719 457 martyrio
1746 401 1830 440 as-
1862 390 1908 445 A
2010 386 2112 470 Per
2156 389 2292 442 idem
2330 401 2694 473 erg-ademptis:
2716 409 2816 473 quo
2868 396 2991 473 talia
3020 397 3338 473 gerebantur,
3364 400 3383 473 J
3408 401 3515 473 βε...

270 456 405 510 serit.

332 526 621 594 Cyprianus
682 525 1005 595 Carthagine.

269 599 426 650 moria
474 595 527 648 in
596 596 973 662 Martyrologio

276 689 291 719 ‹
327 666 381 718 Ιιι
404 664 583 719 Africa
610 669 786 734 passio
810 666 976 718 sancti
1019 666 1310 736 Cynriani,
1347 667 1583 733 episcopi
1615 667 1839 720 Cartha—

268 737 539 804 giniensis,
574 754 593 786 s
639 745 765 793 etc..
800 751 958 803 quem
1009 735 1247 801 martyrii
1302 735 1483 790 laurea
1528 738 1837 790 decoratum

271 808 413 877 ponit
446 806 871 877 BaroniusantLo
899 804 1097 859 Christi
1126 804 1252 877 2M:

336 876 529 929 Muuas
586 876 726 943 apud
782 873 1071 944 zEgyptum
1118 886 1163 929 et
1230 875 1545 929 Thebaidam
1598 877 1837 929 ecclesias

269 956 531 1014 tempestas
560 962 695 999 διευο
723 949 968 1016 paputata
1008 944 1127 1016 est.]
1158 946 1294 1016 Lege
1334 948 1472 1014 apud
1531 948 1834 1004 Eusebium.

271 1021 453 1081 Iib.vt,
485 1032 605 1087 cap.
635 1015 705 1069 33
757 1028 812 1069 et
861 1014 931 1067 54
977 1014 1255 1087 epistolam
1312 1017 1551 1087 Dionysii
1603 1017 1837 1083 episcOpi

269 1086 633 1150 Alexandrini,
690 1101 791 1152 qua
849 1085 1179 1151 tempestatis
1246 1087 1401 1151 hujus
1454 1085 1715 1155 procellas
1785 1088 1835 1140 in

272 1158 563 1211 Ecetesiam
630 1155 1040 1211 Alexandrinam
1088 1157 1409 1209 accumulat.
1477 1158 1621 1222 Quas
1666 1156 1838 1210 fusius

268 1229 555 1293 explicatas
588 1225 753 1281 habes
779 1226 917 1295 apud
952 1227 1257 1288 Baronium,
1299 1240 1439 1280 anno
1477 1226 1674 1279 Christi
1706 1228 1835 1289 9.55,

269 1298 405 1351 Decii
436 1299 482 1348 l.

338 1365 697 1437 Thebaidangl
748 1364 1015 1437 Solemnis
1063 1366 1366 1437 Hieronymi
1420 1375 1678 1437 etsupra
1738 1365 1836 1418 mvi

272 1439 595 1501 terminatio,
627 1435 907 1503 Thebaida,
941 1452 1036 1504 pro
1062 1435 1303 1491 Thebais.
1342 1436 1455 1500 Sic,
1483 1436 1533 1488 in
1572 1436 1684 1488 V’ita
1717 1450 1839 1489 sart-

270 1508 334 1561 cti
367 1507 689 1569 Sebastiani,
715 1505 786 1559 20
812 1506 1066 1576 Januarii,
1100 1507 1316 1561 Persida
1348 1522 1442 1575 pro
1468 1505 1659 1560 Persis.
1684 1505 1835 1570 Vide,

271 1581 422 1636 intra,
453 1577 854 1630 Onomasticon.

337 1647 513 1715 Hostis
568 1646 789 1698 callidus
847 1646 995 1698 tarda
1047 1645 1116 1698 ad
1163 1654 1373 1699 mortem
1414 1646 1667 1715 supplicia
1711 1663 1837 1701 cou-

265 1712 515 1785 quirens.]
555 1716 875 1786 Cyprianus,
907 1718 1066 1785 epist.
1111 1715 1168 1781 8,
1194 1716 1262 1770 de
1314 1717 1411 1770 hac
1466 1712 1830 1785 persecutione

269 1788 530 1839 Deciana:
576 1785 612 1834 «⁷
644 1785 932 1838 Tormenta
990 1795 1274 1849 venerunt,
1302 1796 1357 1840 et
1396 1794 1658 1841 tormenta
1712 1789 1829 1844 sine

265 1859 365 1909 line
398 1856 638 1920 tortoris,
689 1856 806 1907 sine
851 1857 993 1909 exitu
1040 1857 1419 1919 damnationis.
1478 1858 1596 1911 sine
1634 1858 1828 1912 solatio

263 1930 478 1989 mortis;
506 1933 765 1977 tormenta
790 1940 906 1991 qua:
929 1926 992 1978 ad
1019 1940 1270 1979 coronam
1300 1941 1406 1979 non
1453 1924 1608 1980 facile
1647 1928 1828 1980 dimit-

266 2004 396 2057 tant,
424 1996 517 2049 sed
548 2010 653 2047 tam
686 1995 775 2046 diu
807 2003 1090 2063 torqueant
1117 2011 1277 2064 quam
1303 1996 1392 2049 diu
1421 1994 1694 2065 dejiciant,
1724 1998 1826 2051 nisi

266 2067 309 2120 si
336 2067 526 2132 aliquis
571 2067 750 2117 divina
802 2064 1108 2133 dignatione
1158 2066 1262 2134 23
1312 2064 1632 2129 subtractus,
1692 2069 1829 2121 inter

266 2138 378 2202 ipsa
406 2146 667 2188 tormenta
698 2138 848 2202 prole
870 2136 1002 2195 erit,
1037 2136 1263 2201 adeptus
1286 2135 1534 2203 gloriam,
1583 2150 1689 2189 non
1722 2147 1829 2190 ter-

264 2210 407 2260 mino
456 2204 745 2272 supplicii,
810 2204 903 2257 St‘d
954 2204 1237 2259 velocitate
1280 2206 1561 2258 moriendi.
1618 2222 1637 2255 ι
1696 2210 1825 2260 Acta

264 2277 332 2328 Μ.
364 2277 530 2328 sancti
567 2274 821 2341 Gargonii
848 2275 915 2327 Μ.
946 2284 1186 2340 tempore
1216 2275 1522 2328 Diocletiani
1554 2290 1568 2327 :
1598 2292 1617 2325 ι
1652 2274 1827 2329 Crati-

264 2348 379 2400 cula
406 2362 509 2399 non
542 2346 610 2398 ad
640 2344 893 2407 subitura,
928 2346 1019 2398 sed
1067 2346 1269 2398 sensim
1325 2345 1682 2413 paulatimque
1708 2361 1828 2399 suc-

266 2417 526 2478 cenditur,
566 2425 628 2468 ut
676 2414 913 2483 martyrii
958 2416 1106 2469 labor
1156 2412 1486 2467 tauto'foret
1535 2412 1822 2483 crudelior,

268 2495 465 2555 quanto
498 2485 670 2539 fuerat
700 2483 838 2538 inter
866 2500 1042 2538 moras
1071 2484 1301 2555 incendii
1333 2483 1607 2552 prolixior.
1645 2503 1664 2555 ι

342 2555 637 2608 Volentibus
676 2556 805 2607 mori
844 2570 957 2625 non
1014 2553 1393 2625 permittebatur
1439 2556 1620 2609 occidi.
1646 2553 1664 2623 7|
1722 2554 1826 2625 Cy-

266 2627 517 2693 prianus.
580 2625 738 2692 epist.
806 2623 908 2689 55,
988 2623 1053 2679 ad
1109 2623 1453 2678 Fortunatum
1504 2634 1559 2678 et
1595 2623 1827 2694 collegas

262 2697 415 2763 ejus:
446 2714 465 2747 ι
498 2696 646 2762 Quos
692 2694 932 2749 videmus
977 2712 1080 2748 non
1130 2694 1296 2748 animi
1344 2694 1646 2748 inﬁrmitate
1685 2699 1827 2749 ceci-

262 2768 432 2828 disse.
484 2767 580 2820 sed
626 2765 680 2818 in
712 2764 893 2832 prmlio
919 2780 1261 2834 congressos,
1297 2781 1390 2832 per
1415 2766 1823 2818 imuecllitatem

263 2838 464 2901 carnis,
495 2836 851 2890 confessionis
882 2850 993 2889 sua:
1022 2850 1273 2889 coronam
1306 2852 1410 2889 non
1443 2834 1677 2901 potuisse
1707 2850 1825 2901 per-

268 2908 432 2971 ferre;
461 2906 693 2960 maxime
718 2945 732 2968 ,
764 2920 885 2959 cum
926 2905 1260 2974 cupientibus
1304 2906 1437 2958 utori
1483 2922 1584 2956 non
1610 2904 1824 2971 permit-

264 2986 462 3031 teretur
489 2976 699 3038 occidi;
748 2978 841 3029 sed
884 2986 989 3029 tam
1029 2975 1118 3028 diu
1170 2976 1337 3029 fessos
1368 2986 1625 3028 tormenta
1659 2975 1825 3027 lania-

262 3057 398 3109 rent,
428 3061 589 3115 quam
616 3046 707 3099 diu
737 3061 843 3098 non
873 3046 995 3109 ﬁde,
1016 3059 1136 3114 quae
1164 3048 1362 3098 munita
1393 3055 1492 3105 est,
1524 3048 1823 3109 vincerent,

261 3117 350 3170 sed
379 3114 620 3182 carnem,
653 3130 770 3183 quae
800 3115 1004 3168 inﬁrma
1036 3127 1137 3182 est,
1172 3114 1469 3183 fatigarent.

328 3186 741 3240 Perseverantem
788 3189 959 3255 itaque
999 3186 1031 3219 “
1070 3188 1123 3239 in
1162 3184 1266 3254 [ide
1302 3196 1595 3255 martyrem.
1620 3183 1638 3254 ]
1662 3183 1827 3252 llujtts

263 3268 312 3308 et
341 3260 614 3323 sequentis
640 3255 894 3308 memoria
936 3258 1185 3325 martyris
1212 3266 1385 3309 exstat
1433 3273 1482 3309 ιιι
1520 3256 1713 3325 tabulis
1742 3272 1827 3308 ec-

261 3327 571 3381 c'esiasticis
602 3325 858 3378 Romanis
879 3365 894 3388 ,
924 3325 994 3377 ‘28
1021 3324 1179 3387 Julii,
1212 3328 1389 3378 verbis
1413 3343 1478 3379 ex
1514 3326 1615 3378 hoc
1640 3324 1829 3377 Hieru-

263 3398 401 3467 ιι]ιηί
426 3398 543 3450 loco
564 3395 912 3467 adumbratis.
941 3394 1251 3467 Dequibus,
1279 3396 1597 3467 Hieronymo
1618 3409 1828 3462 quoque

267 3463 478 3534 praevio,
511 3466 801 3525 Barooius,
832 3478 973 3517 anno
992 3464 1185 3519 Christi
1216 3463 1342 3526 255,
1377 3464 1517 3517 Decii
1552 3465 1603 3517 1.

332 3534 477 3589 Inter
530 3536 730 3589 eculeos
771 3536 1088 3603 laminasque
1131 3533 1431 3605 victorem]
1482 3535 1554 3587 De
1595 3543 1828 3589 tormen-

264 3611 329 3662 tis
359 3609 441 3661 his
469 3607 691 3661 consule
720 3607 1118 3659 Unomasticon.

330 3676 493 3729 Jussit
548 3676 699 3728 melle
736 3676 998 3744 perungi.
1022 3673 1040 3743 ⁷]
1102 3675 1264 3740 llujus
1328 3673 1571 3743 supplicii
1639 3689 1825 3729 exeru-

263 3750 401 3815 plunt
427 3757 483 3801 et
526 3744 836 3815 graphicam
873 3744 1285 3811 descriptionem
1329 3746 1494 3815 habes
1517 3744 1654 3812 apud
1684 3745 1829 3812 Apu-

264 3814 457 3879 leium,
495 3816 697 3871 Milesia
726 3830 856 3868 vnt:
909 3831 927 3863 ι
956 3815 1241 3882 Arreptum
1290 3814 1559 3867 servulum
1604 3816 1827 3876 nudum,

262 3904 321 3942 ac
350 3898 515 3942 totum
541 3885 697 3939 melle
722 3885 932 3949 illitum,
959 3885 1182 3938 ﬁrmiter
1206 3884 1438 3952 alligavit
1469 3885 1645 3938 arbori
1676 3885 1828 3937 ﬁcul-

265 3974 377 4011 neae
405 3997 421 4019 ,
470 3956 620 4023 cujus
666 3957 718 4008 in
761 3956 878 4021 ipso
924 3956 1130 4007 tarioso
1177 3956 1358 4023 stipite
1417 3954 1825 4009 inhabitantium

260 4026 603 4081 formicarum
650 4025 878 4079 nidilicia
916 4024 1265 4086 hurriebant,
1312 4036 1367 4078 et
1410 4027 1548 4078 ultro
1586 4025 1829 4093 citroque

259 4097 631 4152 commeabant
648 4092 921 4165 multiiuga
943 4094 1419 4165 scaturigineQuas
1436 4096 1594 4148 simul
1614 4092 1825 4148 dulcem

258 4183 321 4222 ac
348 4168 614 4222 mellitum
656 4181 897 4232 corporis
938 4165 1180 4219 nidorem
1213 4167 1622 4233 persentiscunt,
1653 4167 1827 4229 parvis

259 4239 471 4303 quidem
495 4236 590 4290 sed
621 4235 923 4290 numerosis
948 4244 996 4287 et
1025 4236 1292 4289 continuis
1330 4235 1706 4288 morsiunculis
1737 4250 1829 4302 pe-

264 4309 403 4362 nitus
432 4308 786 4371 inhaerentes,
820 4321 911 4373 per
938 4305 1079 4373 longi
1118 4308 1372 4373 temporis
1400 4306 1721 4373 cruciatum,
1757 4308 1825 4357 ita

258 4379 506 4432 carnibus
533 4387 693 4443 atque
732 4378 859 4444 ipsis
896 4375 1188 4429 visceribus
1213 4376 1410 4439 abesis,
1442 4374 1659 4428 homine
1685 4390 1825 4444 icon-

259 4458 491 4516 sumpto,
535 4443 775 4500 membra
820 4446 1122 4516 nudarunt,
1171 4456 1225 4498 ut
1253 4460 1371 4516 ossa
1405 4456 1579 4516 tamen
1612 4443 1823 4498 viduata

259 4514 434 4585 pulpis
452 4557 469 4579 ,
500 4518 674 4570 nitore
704 4515 868 4569 nimio
896 4515 1174 4569 candentia
1198 4555 1213 4579 ,
1247 4515 1469 4569 funesta:
1496 4514 1828 4568 cohaererent

1102 524 1167 579 Et
1231 526 1389 594 hujus
1441 526 1668 579 celebris
1728 541 1831 580 me-

1071 610 1283 658 Omttno,
1340 594 1407 649 14
1456 596 1835 663 Septembris:

256 4589 454 4643 arbori.
483 4605 500 4635 ι
539 4586 795 4640 Relerunt
818 4586 917 4639 huc
939 4587 1150 4653 quidam
1173 4586 1600 4655 cypbouismum,
1627 4585 1694 4637 de
1722 4601 1829 4652 quo

257 4659 307 4711 in
334 4658 699 4712 Onomastico.

325 4728 533 4799 Ignitas
557 4724 905 4797 sartagines.]
943 4725 1139 4781 Crebra
1186 4727 1511 4794 sartaginum
1542 4725 1749 4799 mentio
1774 4726 1826 4779 in

262 4797 410 4852 Actis
430 4807 746 4867 martyrum.
774 4803 906 4850 Loca
936 4800 1086 4866 plura
1112 4807 1385 4851 auctorum
1412 4806 1659 4866 suggeret
1686 4797 1828 4851 υιιο-

259 4880 430 4921 ιιιιειιι
450 4883 541 4921 οη.

322 4941 497 4992 Alium
513 4938 732 5007 jitt-enili
767 4948 914 4990 (etate
955 4934 1282 5006 ﬂorentem]
1323 4936 1674 5004 Nicephorus,
1729 4937 1820 4990 lib.

260 5025 361 5073 vn,
396 5006 521 5076 cap.
573 5006 639 5059 15
682 5008 857 5061 simile
900 5009 964 5075 (si
1024 5022 1129 5061 non
1185 5009 1348 5074 idem)
1401 5007 1705 5075 exemplum
1760 5011 1826 5060 de

256 5089 435 5133 ascete
478 5081 707 5144 quodam
754 5080 913 5132 habet
963 5082 1012 5129 iu
1074 5078 1442 5145 persecutione
1485 5078 1817 5131 Diocletiani.

256 5150 444 5203 Simile
480 5162 689 5217 quoque
722 5148 880 5203 habet
914 5148 1098 5218 lfetrus
1130 5148 1182 5199 in
1216 5148 1468 5218 Catalogo
1491 5157 1818 5218 sanctorum,

250 5222 393 5273 libro
429 5232 523 5270 vut
549 5257 564 5279 ,
605 5215 721 5281 cap.
751 5219 841 5282 7U,
890 5215 954 5270 12
982 5217 1130 5285 Sept.
1154 5258 1168 5279 ,
1199 5218 1265 5270 de
1289 5216 1469 5271 Niceta
1502 5215 1822 5270 Nicomedia:

252 5304 412 5356 passo
447 5298 687 5355 tempore
718 5289 1015 5342 Maximiani
1040 5327 1056 5351 ,
1102 5289 1189 5354 qui
1219 5288 1382 5340 inulta
1405 5288 1509 5356 alia
1541 5287 1607 5339 de
1631 5287 1817 5356 eodem

248 5355 458 5419 auexit,
486 5360 537 5409 in
567 5359 759 5423 quibus
782 5360 1020 5423 quaedam
1055 5359 1184 5409 mira
1212 5397 1226 5420 ,
1270 5371 1368 5409 nec
1398 5355 1551 5409 facile
1576 5355 1820 5410 otnnihus

250 5429 547 5497 probanda.
573 5429 701 5482 lude
732 5429 959 5482 Marulus
986 5430 1285 5491 desumpsit
1310 5442 1428 5493 qua:
1459 5428 1617 5497 habet
1643 5427 1733 5497 lib.
1766 5444 1818 5489 v,

248 5494 371 5569 cap.
406 5500 438 5549 5
466 5539 481 5560 ,
522 5498 609 5551 ubi
658 5514 763 5569 non
793 5510 941 5569 reete
970 5513 997 5549 a
1018 5507 1270 5569 notatore
1298 5498 1560 5569 adjectum
1588 5494 1659 5569 2i
1690 5497 1819 5569 Julii

248 5566 688 5637 ex’Martyrolog.
721 5567 961 5622 Usuardi.
1015 5566 1122 5619 Nec
1149 5570 1290 5619 enim
1314 5583 1377 5619 eo
1407 5568 1491 5619 die
1513 5566 1579 5619 de
1604 5568 1700 5619 hoc
1729 5566 1822 5619 Ni-

251 5651 367 5692 ceta
414 5650 612 5709 agitur,
662 5639 764 5709 sed,
798 5638 877 5709 de
913 5638 1013 5689 alia
1049 5638 1281 5709 virgine
1310 5648 1359 5709 et
1390 5648 1649 5704 martyre,
1675 5639 1817 5691 socia

249 5706 541 5776 Aqusiitiw,
567 5707 637 5761 de
661 5708 852 5772 quibus
870 5708 920 5761 in
947 5706 1091 5760 ACIis
1122 5708 1287 5760 sancti
1318 5708 1702 5775 Christophoti.

1941 458 2144 522 ronius,
2202 475 2341 513 anno
2368 458 2719 526 Christi'255,
2773 464 2910 517 Decii
2942 458 3273 529 imperatoris
3316 458 3512 527 ίίϐιε-

1943 537 2117 605 tt-rtnu
2144 530 2542 605 ex__|lieronymi
2586 534 2849 605 sententia
2897 535 3174 589 dicendum
3218 554 3375 605 esse,
3411 544 3513 594 hoe

1941 597 2053 663 ipso
2087 598 2227 652 Decii
2261 601 2642 666 persecutionis
2671 604 2890 657 exordio
2917 606 3131 659 Paulum
3175 597 3374 663 fartum
3411 628 3511 665 ex-

1942 678 2197 743 Lorrem,
2245 670 2359 743 ejus
2415 673 2727 743 au_ctoritate
2774 674 3052 743 perspicue
3097 675 3507 733 declarahimus.

1939 736 2071 789 Cum
2115 738 2428 816 enim_tlictt
2472 740 2693 795 Paulum
2738 736 2839 816 ll5
2884 736 3060 816 egisse
3086 751 3257 801 aetatis
3287 764 3507 816 annum,

1938 822 2066 875 quo,
2098 823 2218 884 eum
2272 810 2532 884 invisente
2580 814 2827 876 Antonio,
2860 810 2943 869 ex"
2976 815 3073 869 hac
3118 817 3220 870 vita
3249 810 3509 884 decessit,

1940 892 2074 957 cum
2094 877 2355 957 Antonius
2382 889 2507 934 tunc
2536 885 2921 951 nonagenarius
2949 897 3131 957 esset,
3157 902 3313 955 quem
3347 877 3510 944 visis:

1938 961 2007 1028 se.
2026 948 2164 1029 idem
2219 950 2658 1029 traditannzncv,
2678 948 2913 1029 cumque
2938 997 2953 1017 .
2975 948 3223 1029 ejusdem
3255 958 3514 1029 llierony-

1940 1019 2010 1089 mi
2036 1019 2335 1070 testimon‘o
2383 1019 2433 1072 id
2476 1022 2793 1077 aflirmantis
2828 1026 2879 1075 in
2931 1019 3223 1089 Chronico,
3260 1019 3513 1082 habeatur

1938 1088 2237 1165 decessisse
2266 1088 2556 1165 Antonium
2588 1105 2726 1144 anno
2754 1093 2815 1147 2i
2855 1095 3169 1160 Constantii,
3196 1088 3356 1165 atque
3383 1098 3513 1151 Pau-

1940 1158 1991 1209 lo
2016 1158 2372 1233 supervixisse
2422 1176 2590 1233 annos
2624 1176 2713 1233 xv,
2765 1165 3030 1233 colligitur
3068 1158 3282 1219 Paulum
3310 1168 3511 1221 Obiissu

1939 1242 2082 1279 anno
2106 1226 2137 1276 6
2166 1225 2842 1304 Constantiiabsoluto,_at
2865 1225 3093 1300 septimo
3124 1238 3387 1301 inchoato,
3422 1241 3511 1304 qui

1938 1298 2482 1374 numeratur‘Cbristi
2511 1316 2682 1355 annus
2718 1302 2841 1374 5473.
2887 1298 2999 1370 Qua
3036 1306 3238 1359 ratione
3268 1298 3386 1360 cuni
3421 1298 3505 1374 (in

1937 1367 2137 1419 dictum
2167 1368 2276 1427 est)
2302 1383 2369 1421 eo
2394 1384 2568 1434 anno,
2620 1387 2725 1437 quo
2776 1367 2966 1427 Paulus
2998 1375 3128 1428 obiit
3156 1416 3169 1435 ,
3202 1387 3345 1430 esset
3385 1367 3506 1430 cxut

1937 1450 2107 1512 annos
2131 1447 2304 1512 natus,
2337 1454 2553 1512 necesse
2573 1450 2655 1493 est
2676 1442 2944 1496 afﬁrmare
2977 1445 3074 1497 hoc
3099 1445 3211 1512 ipso
3240 1461 3380 1500 anno
3405 1446 3510 1503 255

1937 1506 2107 1573 ipsum
2141 1507 2303 1561 fuisse
2329 1511 2501 1563 :etatis
2528 1525 2787 1564 annorum
2819 1529 2968 1565 χχιιι.

2006 1577 2255 1655 Tantum“
2286 1580 2443 1655 igitur
2502 1580 2674 1655 abest
2704 1580 2919 1655 (subdit
2954 1582 3092 1636 idem
3127 1584 3419 1655 Duronius)
3453 1599 3509 1641 ut

1935 1654 2058 1714 post
2081 1646 2195 1720 haec
2213 1645 2414 1720 Paulus
2449 1650 2546 1703 sub
2586 1645 2863 1705 Valeriano
2902 1655 3243 1709 solitudinem
3275 1645 3506 1720 petierit,

1938 1725 1993 1768 ut
2020 1716 2104 1797 ,si
2132 1718 2255 1785 quis
2276 1716 2545 1774 afﬁrmare
2567 1721 2691 1797 _ve_l_i_t
2717 1762 2732 1785 ,
2763 1737 2883 1775 eum
2919 1739 2987 1797 _xv
3026 1739 3195 1778 annos
3224 1716 3400 1779 natum
3430 1716 3511 1797 (ut

1934 1788 2079 1839 multi
2109 1802 2384 1859 perperam
2413 1791 2582 1845 sancti
2629 1792 2931 1859 Hieronymi
2977 1798 3294 1848 sententiam
3334 1788 3505 1851 inter-

1929 1856 2227 1933 pretantur)
2268 1856 2319 1933 in
2359 1874 2597 1933 eremum
2633 1856 3009 1933 concessisse,
3054 1865 3234 1917 dicere
3273 1881 3409 1933 opus
3438 1868 3509 1920 sit

1930 1940 2035 1979 non
2064 1929 2162 1980 sub
2185 1927 2346 1981 Decio
2372 1938 2427 1982 et
2472 1929 2782 2004 Valeriano,
2819 1934 2924 2004 sed
2952 1927 3052 1987 sub
3088 1927 3374 2002 Gordiano,
3400 1953 3507 2004 quo

1933 2005 2175 2064 tempore
2226 2012 2326 2066 pax
2371 2011 2577 2053 summa
2624 2002 2677 2054 in
2708 2001 2947 2056 Ecclesia
2978 2017 3093 2058 erat
3121 2048 3136 2074 ,
3169 2001 3367 2060 factum
3407 2001 3508 2062 hoc

1929 2079 2070 2119 esse.

2000 2135 2359 2200 Quamobrem
2407 2147 2536 2193 mtas
2571 2139 2659 2193 illa
2698 2139 2850 2195 Pauli
2899 2158 3157 2198 annorum
3209 2161 3275 2197 xv
3303 2161 3407 2199 non
3440 2148 3505 2201 ad

1932 2214 2141 2278 tempus
2173 2222 2290 2278 quo
2325 2209 2550 2261 secessit
2600 2209 2652 2262 in
2698 2211 3041 2267 solitudinem
3088 2214 3367 2269 referenda
3400 2225 3503 2278 est.

1929 2274 2185 2350 sedquod
2220 2286 2296 2329 tot
2325 2292 2489 2350 annos
2522 2286 2647 2332 tunc
2687 2290 2841 2350 natus
2872 2295 2985 2335 erat
3005 2326 3017 2342 ,
3050 2298 3171 2337 cum
3198 2274 3506 2350 parentibus

1932 2344 2030 2419 fuit
2071 2346 2317 2411 orbatus;
2347 2416 2357 2419 Α
2384 2348 2541 2419 idque
2580 2349 2870 2419 manifeste
2916 2344 3217 2419 signiﬁcare
3268 2356 3503 2411 voluisse

1930 2412 2313 2484 Hieronymum
2345 2412 2694 2473 illis'verbis:
2754 2438 2772 2471 ι
2805 2421 2930 2475 Post
2966 2412 3194 2477 inortem
3224 2425 3503 2480 ambormn

1929 2494 2230 2552 parentum,
2260 2487 2310 2539 in
2340 2488 2651 2542 haereditate
2674 2490 2918 2553 locupleti
2952 2492 3141 2546 Paulus
3173 2495 3393 2548 relictus
3422 2507 3505 2548 est

1929 2568 2188 2635 annorum
2220 2557 2435 2611 circiter
2459 2573 2589 2635 xv.-s_
2627 2561 2691 2611 Et
2717 2560 2853 2635 quod
2889 2564 3126 2635 proxime
3155 2562 3387 2629 dixerat,
3412 2582 3503 2635 per

1928 2623 2059 2698 illud
2100 2634 2297 2694 tempus
2351 2642 2451 2691 quo
2495 2629 2621 2698 talia
2667 2623 2987 2698 gerebaniur,
3021 2634 3082 2684 ad
3118 2649 3176 2686 ea
3208 2649 3329 2688 esse
3360 2623 3502 2688 refe-

1931 2694 2153 2747 rentlum
2189 2710 2354 2772 ,‘quee
2376 2697 2583 2750 subdit:
2616 2694 2729 2772 cum
2756 2703 3125 2772 persecutionis
3154 2705 3382 2772 procella
3418 2707 3505 2757 de-

1928 2772 2147 2837 tonaret.
2187 2766 2317 2831 Quae
2371 2781 2499 2821 sane
2543 2771 2707 2837 verba
2734 2766 2765 2833 ,7
2796 2770 2844 2823 si
2885 2772 2990 2823 alio
3037 2766 3265 2837 accipias
3314 2789 3498 2836 sensu,

1931 2831 2316 2910 ﬂieronymum
2343 2837 2447 2910 sibi
2470 2836 2570 2903 ipsi
2601 2831 2979 2910 repugnantem
3012 2831 3168 2910 atque
3191 2831 3498 2898 mendacem

1929 2904 2089 2971 (quod
2120 2905 2267 2958 nefas
2296 2916 2377 2958 est
2417 2906 2584 2960 dictui
2627 2908 2693 2960 de
2723 2904 2946 2963 :iumero
2972 2904 3234 2965 annorum
3265 2912 3412 2968 Pauli
3445 2915 3498 2968 in

1928 2988 2166 3027 eremum
2192 2974 2489 3028 secedentis
2517 2977 2743 3034 efﬁcies.

1999 3042 2087 3097 Sic
2114 3044 2295 3119 igitur,
2319 3060 2382 3097 ex
2410 3046 2652 3119 ejusdem
2683 3048 2853 3102 sancti
2884 3049 3189 3119 llieronymi
3213 3054 3497 3114 sententia,

1853 3118 1898 3179 ο
1934 3124 2154 3189 praestat
2177 3114 2379 3179 dicere,
2399 3114 2581 3189 ipsum
2604 3132 2800 3170 annum
2823 3129 3064 3189 agentem
3084 3114 3163 3173 'xv
3196 3123 3502 3188 parentibus

1931 3197 2051 3237 esse
2077 3183 2355 3260 orbatum;
2391 3185 2600 3260 hocque
2628 3201 2771 3239 anno
2797 3183 2913 3253 ejus
2943 3191 3113 3244 anatis
3132 3183 3222 3255 “25',
3252 3192 3366 3260 ipso
3393 3196 3501 3260 pri-

1932 3269 2019 3327 mo
2049 3254 2435 3327 persecutionis
2471 3256 2667 3327 impetu
2698 3260 3031 3312 exturbatum
3057 3301 3071 3321 ,
3104 3276 3194 3314 rus
3212 3254 3497 3327 paternum

1932 3323 2109 3390 prius,
2148 3324 2374 3394 indeque
2417 3324 2718 3393 confugisse
2768 3329 2820 3381 in
2849 3329 3002 3396 longe
3032 3323 3234 3397 positos
3266 3344 3497 3392 montes.

1932 3404 2254 3462 nactumqne
2300 3403 2650 3463 opportunam
2695 3398 2795 3450 sibi
2833 3400 2898 3451 ad
2930 3400 3227 3454 institutum
3262 3413 3496 3464 paratam

1936 3465 2283 3538 speluncam,
2324 3468 2466 3531 quod
2524 3464 2786 3538 superfuit
2825 3469 2942 3522 vita:
2974 3484 3140 3538 usque
3185 3470 3251 3524 ad
3301 3486 3498 3526 annum

1930 3534 2032 3587 “5
2061 3534 2382 3601 incognitum
2410 3537 2789 3600 permansisse.

2000 3606 2261 3657 Praeclare
2305 3604 2517 3672 quidem
2568 3606 2822 3658 Baronius
2862 3608 2931 3660 ita
2967 3622 3032 3661 ex
3077 3607 3289 3662 Antonii
3320 3620 3501 3672 :etate,

1930 3688 2087 3738 quam
2129 3673 2481 3747 Hieronymus
2507 3674 2560 3726 in
2590 3676 2857 3747 Chronico
2885 3680 3169 3744 expressit,
3196 3677 3343 3733 Pauli
3375 3697 3506 3747 quo-

1929 3757 2031 3811 que
2064 3751 2276 3817 nitatem
2319 3743 2558 3817 collegit;
2617 3743 2975 3817 sedilolemus
3009 3747 3316 3817 historicum
3365 3743 3497 3817 pra:-

1930 3814 2313 3865 stantissimnm
2364 3815 2651 3879 depravato
2693 3814 2943 3869 Chronici
2986 3816 3179 3870 Codice
3218 3814 3406 3881 nsunt,
3444 3832 3498 3872 ιιι

1924 3881 2031 3949 jam
2058 3891 2180 3935 ante
2220 3883 2351 3936 dixi.
2397 3884 2571 3948 Quare
2611 3893 2715 3939 tota
2764 3885 2879 3939 bmc
2908 3886 3199 3940 Baroniana
3233 3903 3495 3942 annorum

1931 3953 2178 4024 deductio
2197 3993 2217 4024 _,
2265 3954 2341 4024 ad,
2367 3953 2477 4015 jam
2522 3970 2678 4022 supra
2720 3954 2856 4008 dicta
2886 3956 2937 4009 in
2972 3958 3237 4024 przeludiis
3267 3958 3330 4010 ad
3365 3958 3501 4011 hanc

1934 4023 2101 4077 Vitam
2125 4022 2379 4090 exigenda
2407 4032 2509 4076 est.

1999 4091 2097 4158 Qui
2125 4096 2188 4145 to
2218 4094 2388 4146 aetatis
2414 4108 2553 4145 anno
2586 4093 2802 4147 Paulum
2849 4104 3119 4150 extorrem
3164 4096 3357 4151 factum
3403 4115 3497 4152 v0-

1931 4162 2065 4223 lunt,
2090 4162 2138 4238 id
2168 4170 2272 4238 est,
2304 4173 2424 4232 post
2464 4164 2726 4238 xv_:_etatis
2754 4180 2924 4238 annos
2947 4165 3210 4233 expletos.
3236 4169 3497 4238 suffraga-

1931 4243 2074 4306 tores
2100 4234 2508 4306 habent-omnes
2538 4233 2924 4304 Mai-terIOgos
2943 4277 2958 4297 ,
2989 4254 3125 4305 quos
3149 4233 3467 4306 superius'ci
3490 4271 3500 4280 -

1928 4302 2190 4372 lavimus;
2224 4303 2311 4369 qui
2338 4313 2512 4356 mente
2537 4302 2800 4368 unanimi,
2826 4302 3061 4359 censoria
3088 4302 3235 4372 voce,
3267 4309 3405 4361 hunc
3437 4308 3502 4362 de

1931 4371 2092 4447 Paulo
2138 4373 2441 4443 llieronymi
2485 4373 2655 4427 locum
2700 4375 2770 4427 ita
2820 4375 3063 4431 videntur
3113 4378 3417 4447 percepisse
3444 4390 3500 4433 et

1932 4444 2243 4509 explieassc.

2007 4513 2157 4589 apud
2213 4514 2504 4589 inferiorem
2563 4512 2933 4589 Thebaidam]
2987 4516 3062 4572 De
3113 4516 3307 4586 duplici
3363 4518 3502 4574 The~

1937 4583 2109 4648 baida,
2134 4584 2186 4636 in
2214 4586 2578 4637 Unomastico.

2008 4652 2071 4705 lu
2127 4654 2312 4728 uillam
2368 4657 2687 4728 remotiorem
2733 4665 2797 4728 Act
2848 4656 3164 4711 secretiorem
3231 4656 3497 4728 secessit]

1936 4723 2169 4788 Epistula
2225 4724 2457 4794 Dionysii
2506 4724 2847 4779 Alexandrini
2880 4728 3113 4794 episcOpi
3137 4767 3151 4791 ,
3181 4725 3244 4779 ad
3279 4723 3495 4794 Fabiuni

1934 4796 2320 4847 Antiochenum
2348 4793 2371 4858 ,⁷
2410 4797 2546 4862 apud
2586 4796 2899 4859 Eusebium,
2929 4797 3019 4849 lib.
3045 4793 3099 4850 vt
3119 4836 3133 4857 ,
3161 4810 3280 4860 cap.
3313 4793 3402 4861 54,
3431 4798 3497 4849 de

1934 4863 2033 4915 hac
2060 4864 2304 4917 Deciana:
2331 4865 2713 4934 persecutionis
2736 4869 2964 4934 procella
2990 4884 3003 4918 :
3043 4866 3312 4930 Ἐξὲκλινον
3339 4864 3390 4919 δέ
3417 4870 3502 4920 xxi

1931 4933 2303 5008 ὑπανεχῷρᾳυν
2348 4933 2394 4986 οἱ
2418 4933 2636 5004 ἀδελφοί.
2692 4952 2710 4984 ι
2739 4933 3121 5008 Fratresergo
3158 4934 3441 5008 dellectere
3470 4953 3502 4991 e

1930 5004 2032 5065 via,
2058 5018 2110 5055 et
2138 5004 2193 5056 ιη’
2234 5006 2346 5058 loca
2393 5019 2634 5070 separaa
2678 5018 2738 5055 ac
2782 5005 3015 5058 solitaria
3043 5021 3100 5059 se
3123 5004 3442 5059 subducere.
3474 5023 3494 5057 ι

1930 5071 2067 5146 idem
2094 5074 2286 5146 ibidem
2316 5092 2329 5128 :
2353 5072 2501 5129 Τίδιῐ
2520 5075 2678 5146 λέγβιν
2705 5075 2760 5127 τὸ
2788 5075 2971 5146 πλῆθος
2987 5083 3084 5128 τῶν
3112 5076 3157 5129 ἓν
3174 5076 3404 5146 ἐρημίαις
3419 5080 3503 5129 καὶ

1926 5138 2069 5215 ὄρεσι
2091 5145 2454 5217 πλανηθέντων,
2487 5138 2760 5217 suanm;
2784 5143 3063 5217 uuifiitlmg,
3095 5147 3177 5197 καὶ
3200 5138 3395 5217 ἆρῦ-ουςγ
3420 5150 3503 5217 uari

1923 5212 2102 5288 νόσςων.
2155 5219 2238 5268 καί
2286 5216 2506 5287 λῃστῶν,
2529 5216 2614 5265 καὶ
2650 5216 2834 5288 (Inpius
2872 5212 3243 5288 διεφθαρμένων
3334 5216 3499 5288 (Quid

1925 5284 2114 5335 attinet
2157 5282 2471 5348 percensere
2514 5282 2899 5335 multitudinem
2946 5282 3129 5337 eorum
3162 5287 3249 5349 qui
3291 5286 3341 5337 in
3372 5285 3503 5338 soli-

1927 5354 2108 5406 tudine
2129 5366 2181 5406 et
2211 5353 2480 5405 inontituts
2514 5354 2627 5419 vagi
2658 5364 3027 5421 erranti-sque,
3062 5358 3223 5418 fame,
3246 5355 3366 5418 siti,
3407 5354 3498 5407 fri-

1921 5438 2081 5493 gore,
2117 5424 2335 5487 morbis,
2364 5422 2673 5484 latronibus,
2698 5424 2876 5475 bestiis
2908 5425 3123 5478 fuerunt
3163 5424 3433 5491 expositi?
3470 5442 3491 5477 ι

1922 5493 2155 5557 Contigit
2187 5494 2455 5559 bocjnxta
2486 5493 2788 5557 ltaronium,
2815 5508 2955 5547 anno
2983 5496 3174 5549 Christi
3199 5494 3329 5559 253,
3352 5494 3495 5548 Decii

1924 5565 2052 5617 imo.
2082 5569 2129 5617 l.

2039 5603 2052 5616 .
2082 5579 2129 5617 1.

1994 5579 2070 5685 ᾖα
2115 5637 2221 5686 [nec
2268 5635 2484 5685 instabat
2531 5633 2827 5701 crudelitas,
2862 5650 2975 5700 qnw
3017 5636 3251 5701 pie/atem
3291 5632 3490 5701 vitleba5

1925 5716 2003 5757 tur
2039 5708 2224 5759 imitari
2256 5702 2331 5772 *μὶ
2372 5706 2426 5756 ιιι
2451 5705 2626 5757 nricus
2654 5699 2912 5771 Gravius,
2942 5699 3164 5771 diligens
3194 5699 3498 5757 llieronvmi
