4002 6272
391 384 492 438 “’5

1416 384 1504 438 DE
1548 383 1719 439 VlTlS
1761 382 2038 437 PATRUM
2081 382 2285 437 LIBER
2328 383 2598 437 PRIMUS.

3542 380 3643 435 116

386 496 415 555 ἦ
539 502 708 572 σῃραῶν
732 499 956 572 ξκὰμαςτα,
980 498 1067 550 καὶ
1104 494 1130 551 ὁ
1154 496 1479 572 βιασθείς-είς
1510 496 1722 572 ἐσθῆτα.
1742 497 1965 572 χρυσός.

2090 502 2229 572 :ten,
2276 493 2636 572 51_Januarii
2670 511 2740 572 τι(
2772 492 2937 572 munit
2987 502 3141 561 caput
3197 493 3645 572 superlzumerali,

398 564 519 635 cEt
564 564 746 635 E'Iisaci
778 564 993 627 inclute,
1046 564 1165 635 quae
1196 566 1312 632 plus
1352 567 1535 619 virium
1571 564 1960 633 liabuit,"quain

392 634 477 686 Illa
505 633 695 695 serica.
747 644 801 688 et
849 650 1036 688 aurum
1065 633 1322 690 'vestibus
1364 651 1456 703 per
1500 636 1605 689 vim
1654 644 1914 691 assutum.
1940 655 1957 688 ι

390 703 629 758 Joannes
657 704 1095 773 Chrysostomus,
1125 703 1383 773 liomil.2,
1416 705 1480 759 ad
1501 706 1751 773 papulum
1776 707 1964 760 Antio-

391 776 645 840 chenum,
698 774 788 827 ubi
835 776 907 827 ait
936 789 1113 840 regem
1146 775 1364 828 divitem
1399 777 1509 827 Elia
1556 790 1787 843 paupere
1828 776 1965 829 indi-

390 845 601 921 guisse:
626 844 773 921 Οξτω
789 845 1124 921 ,λαμπροτέρα
1149 854 1241 921 τῆς
1268 844 1578 921 πορφυρίδος
1605 848 1635 903 ἡ
1657 844 1959 921 μηλρτή-ἧν,

390 915 478 968 καὶ
518 920 617 985 τῶν
666 914 955 985 βασιλικῶν
982 914 1144 985 αὐξῶν
1192 915 1249 968 τὸ
1302 914 1545 972 σίπῆλαιον
1595 921 1689 970 τοῦ
1744 914 1962 970 δικαίου.

400 1000 419 1033 ς
451 984 601 1053 Adeo
630 984 837 1049 spleuui
862 986 957 1035 :ior
990 984 1169 1037 trabea
1215 994 1330 1036 erat
1361 988 1573 1043 inelote,
1623 995 1676 1039 et
1702 987 1965 1053 regalibus

392 1052 531 1105 aulis
556 1052 683 1119 justi
717 1054 993 1120 spelunca.
1026 1071 1047 1104 ι
1100 1054 1175 1106 lta
1203 1053 1537 1107 Theodosius
1568 1054 1826 1122 Seuuphii
1854 1070 1968 1109 mo-

395 1122 549 1175 nachi
581 1123 1019 1194 superliumerale
1046 1132 1102 1194 et
1147 1123 1415 1194 baculum,
1456 1124 1624 1193 galea:
1662 1124 1969 1194 lancea’qne

393 1205 504 1245 sua:
536 1192 786 1260 pra-tulit.
815 1194 949 1246 Acta
979 1191 1104 1264 Cyri
1135 1202 1190 1246 et
1216 1191 1633 1262 Joannis,'aputl
1668 1191 1969 1264 Metapbra-

2074 564 2260 631 quavis
2289 564 2433 632 galea
2468 565 2651 623 tutius,
2704 564 2890 616 baculo
2928 576 3107 617 autem
3154 566 3322 617 munit
3342 563 3643 627 dexteram,

2073 633 2254 686 lancea
2282 631 2432 703 longe
2456 632 2700 701 validius,
2730 642 2784 686 et
2809 635 2921 703 hac,
2948 634 3158 688 ratione
3200 632 3474 688 conﬁdens
3505 631 3644 703 fore,

2074 712 2130 775 u_t
2160 700 2400 775 hostibus
2422 702 3012 775 videretur‘terribilior,
3034 719 3203 775 quam
3223 704 3347 756 olim
3370 703 3452 775 (ut
3472 700 3645 768 aiurt)

2071 772 2540 895 glavalllerculcs.
2580 792 2598 823 υ
2653 771 2862 827 Similia
2910 771 3051 840 apud
3100 771 3342 845 Glycain,
3380 771 3541 842 parte
3598 786 3648 824 tv

2120 857 2220 894 nna
2253 879 2265 893 .

2120 857 2265 894 nnat.

2144 917 2336 985 Quam
2404 927 2593 985 regum
2652 929 2977 985 hpurpuram
3002 929 3115 966 cum
3139 912 3317 985 regnis
3333 913 3440 965 suis
3462 908 3527 985 ⁶.]
3574 911 3647 964 Ita

2070 982 2558 1049 manuscriptifet
2601 982 2864 1037 editiones
2911 982 3245 1038 vetustiores.
3303 983 3647 1036 ltecentiores

2069 1050 2423 1173 pubbstituere,
2477 1068 2590 1107 cum
2621 1057 2779 1121 poenis
2825 1054 2954 1123 suis,
2996 1054 3178 1108 nescio
3228 1069 3295 1108 an
3341 1053 3643 1107 auctoribus

2094 1136 2107 1171 l
2154 1136 2248 1173 ris.

2094 1136 2248 1174 lDrlS.

437 1340 3651 1378 Μ

632 1510 783 1623 1N
870 1509 1329 1680 VITAM
1409 1511 1826 1624 BEATl
1915 1513 2510 1631 ANTONII
2611 1444 3400 1636 PR/ELUDIA.

428 1795 850 1854 ILLUSTRIUM
893 1796 1203 1853 VIRORUM
1244 1798 1332 1852 DE
1374 1797 1600 1851 BEATO
1637 1796 1936 1853 ANTONIO
2004 1801 2050 1860 B

1066 1886 1338 1942 ELOGIA.

498 1978 870 2048 Hieronymus,
898 1977 963 2031 de
985 1978 1174 2031 illustr.
1204 1977 1348 2033 Eccl.
1382 1977 1606 2047 Script.,
1637 1994 1751 2049 cap.
1777 1979 1867 2033 88.

468 2087 731 2142 Antonius
761 2088 1074 2151 monachus,
1104 2087 1255 2157 cujus
1280 2088 1438 2141 vitam
1464 2088 1784 2141 Athanasius
1806 2087 1971 2143 Alex-

394 2178 635 2233 andrinae
660 2180 805 2233 urbis
826 2180 1113 2247 episcopus
1143 2180 1336 2248 insigni
1360 2179 1628 2233 volumine
1656 2188 1970 2248 prosecutus

392 2280 494 2337 est,
520 2270 665 2324 misit
686 2270 999 2340 Egyptiace
1021 2270 1085 2324 ad
1100 2270 1306 2325 diversa
1329 2271 1651 2324 monasteria
1672 2270 1961 2336 Apostolici

392 2375 581 2414 sensus
599 2360 969 2427 sermonisque
989 2360 1242 2427 epistolas
1262 2368 1489 2427 septem,
1513 2373 1633 2428 quae
1652 2359 1704 2413 in
1722 2360 1965 2413 Graecam

392 2454 625 2519 linguam
652 2451 920 2504 translatae
948 2458 1091 2514 sunt,
1116 2464 1341 2519 quarum
1364 2449 1630 2518 praecipua
1659 2458 1743 2503 est
1779 2448 1843 2501 ad
1872 2451 1970 2501 Ar-

393 2545 648 2597 senoitas.
679 2543 878 2596 Floruit
900 2543 998 2598 sub
1016 2542 1369 2597 Constantino
1393 2551 1447 2597 et
1470 2541 1590 2596 ﬁliis
1609 2540 1725 2610 ejus
1747 2554 1973 2611 regnan-

397 2637 559 2688 tibus.
596 2634 735 2687 Vixit
760 2648 929 2688 annos
960 2644 1174 2687 centum
1204 2633 1462 2702 quinque.

580 2724 749 2789 Idem,
771 2726 822 2779 in
850 2724 1101 2779 Chronico
1129 2741 1262 2778 anno
1294 2726 1358 2779 19
1386 2724 1478 2793 (a)
1510 2722 1812 2778 Constantii.

471 2815 737 2869 Antonius
785 2817 1075 2869 monachus
1124 2816 1418 2870 centesimo
1469 2826 1522 2869 et
1566 2814 1752 2884 quinto
1798 2812 1974 2869 aetatis

399 2924 541 2961 anno
566 2908 618 2960 in
650 2921 832 2962 eremo
854 2907 1100 2973 moritur,
1128 2915 1238 2966 etc.

472 2994 709 3051 Gelasius
738 2997 858 3050 dist.
891 2996 978 3061 15,
1009 3012 1125 3065 cap.
1160 2996 1351 3053 Sancta
1379 2995 1617 3049 Romana
1640 2995 1900 3050 Ecclesia.

473 3088 620 3141 Vitas
637 3087 869 3148 Patrum,
885 3086 1053 3149 Pauli.
1075 3088 1312 3151 Antonii,
1338 3087 1623 3159 Hilarionis
1645 3096 1698 3140 et
1737 3086 1972 3139 omnium

2161 1818 2178 1851 ι
2220 1800 2333 1854 Vita
2361 1805 2574 1858 Antonii
2603 1806 2905 1874 conscripta
2942 1816 3025 1862 est
3048 1823 3077 1862 a
3110 1824 3303 1880 magno
3330 1811 3650 1883 Athanasio,

2075 1891 2326 1960 episcopo
2356 1892 2737 1951 Alexandrino.
2777 1914 2799 1949 ι

2076 2006 2352 2079 Gregorius
2398 2010 3033 2136 Nazianzenuzvfratiane
3055 2030 3159 2073 xxi.
3178 2022 3231 2070 in
3262 2018 3465 2072 laudem
3486 2021 3656 2075 sancti

2770 2094 2785 2134 t
2828 2087 3009 2136 anam’.
3530 2127 3541 2136 .

2770 2087 3009 2137 thanasii.

2147 2174 2311 2253 Πάντα
2358 2177 2447 2244 μέν
2501 2195 2581 2229 τοι
2601 2179 2666 2231 τὰ
2711 2175 2893 2230 ἐκείνου
2921 2176 3033 2245 (τοῦ
3072 2177 3384 2248 Ἀθανασίου)
3415 2180 3574 2253 λέγειν
3600 2203 3657 2238 τι

2074 2268 2156 2317 καὶ
2199 2267 2473 2333 θαυμάζειν
2498 2306 2512 2329 ,
2539 2267 2849 2343 μακρότερον
2907 2263 2967 2324 ἂν
3014 2267 3089 2327 εἴη
3117 2275 3305 2339 τυχὸν,
3336 2270 3367 2330 ἣ
3411 2275 3543 2327 κατά
3571 2281 3661 2331 τήν

2073 2363 2341 2430 παροῦσαν
2390 2356 2545 2432 ὁρμὴν
2586 2366 2676 2412 τοῦ
2734 2360 2899 2431 λόγου·
2949 2363 3031 2414 καί
3082 2362 3308 2433 ἱστορίας
3361 2360 3544 2438 ἔργον,
3575 2366 3661 2416 οὐκ

2075 2446 2342 2516 εὐφημίας·
2375 2446 2407 2499 ἃ
2436 2451 2518 2500 καί
2546 2446 2649 2522 ἰδίᾳ
2679 2449 2997 2523 παραδοῦναι
3024 2458 3190 2527 γραφῇ
3211 2450 3534 2524 παίδευμάτε
3574 2458 3660 2507 καὶ

2076 2534 2285 2606 ἥδυσμα
2312 2544 2423 2597 τοῖς
2453 2540 2523 2597 εἰς
2572 2539 2815 2609 ὕστερον,
2842 2542 3006 2609 εὐχῆς
3035 2539 3179 2616 ἔργον
3208 2544 3340 2611 ἐμοὶ,
3373 2544 3549 2617 ὥσπερ
3601 2541 3656 2596 in

2077 2626 2532 2684 ἐκεῖνος-Ἀντωνίου
2560 2635 2651 2682 τοῦ
2668 2630 2797 2682 θείου
2820 2630 2930 2697 βίον
2954 2630 3368 2704 συνέγραψεποῦ
3387 2631 3665 2701 μοναδικοῦ

2076 2716 2190 2787 βίον
2202 2718 2495 2785 νομοθεσίαν
2525 2719 2574 2771 ἐν
2602 2720 2867 2789 πλάσματι
2896 2718 3200 2793 διηγήσεως.

2153 2824 2170 2856 ι
2205 2812 2374 2875 Atque
2423 2824 2634 2863 omnem
2667 2810 2878 2878 quidem
2923 2811 3063 2865 illius
3122 2812 3445 2881 (Athanasii)
3492 2808 3655 2864 vitam

2077 2909 2327 2951 sermone
2357 2899 2602 2967 prosequi
2630 2915 2694 2955 ac
2722 2901 2965 2955 laudibus
2985 2901 3177 2957 eﬁ‘erre
3204 2904 3412 2972 longius
3432 2902 3660 2957 fortasse

2080 2985 2259 3056 fuerit,
2282 3005 2436 3058 quam
2458 2993 2716 3047 orationis
2762 2994 3061 3049 institutum
3092 2994 3259 3061 ferat;
3291 3005 3451 3065 atque
3494 2994 3662 3050 histo-

2080 3080 2171 3133 ria:
2191 3094 2325 3149 Opus
2354 3082 2534 3151 fuerit,
2567 3101 2671 3141 non
2700 3087 2927 3142 encomii
2949 3105 2962 3142 :
2988 3103 3145 3157 quam
3174 3090 3355 3154 etiam,
3386 3100 3444 3143 ut
3475 3100 3658 3158 poste-

392 3179 735 3233 eremitarum
760 3219 774 3243 ,
809 3193 938 3245 quas
984 3187 1159 3231 tamen
1202 3177 1282 3230 vir
1310 3178 1497 3231 beatus
1541 3176 1756 3245 scripsit
1785 3176 1972 3232 Hiero-

2090 3169 2156 3222 ris
2203 3170 2523 3227 documento
2570 3185 2731 3245 atque
2775 3178 3121 3232 oblectationi
3152 3178 3411 3244 futuram,
3438 3178 3655 3248 proprio

399 3286 618 3340 nymus,
647 3285 771 3324 cum
802 3270 948 3324 omni
981 3269 1184 3324 honore
1209 3267 1547 3337 suscipimus.

400 3359 688 3425 Honorius,
723 3360 785 3413 de
812 3359 1000 3414 illustr.
1038 3358 1180 3430 Eccl.
1222 3359 1416 3425 Script.
1459 3376 1505 3413 c.
1540 3357 1634 3425 88,
1666 3359 1886 3430 carptim
1914 3373 1978 3413 ex

928 3430 1044 3483 divo
1087 3428 1427 3499 Hieronymo.

466 3520 571 3593 27
602 3519 861 3574 Antonius
890 3519 1213 3583 monachus,
1258 3518 1412 3588 cujus
1443 3517 1601 3572 vitam
1650 3517 1973 3572 Athanasius
2023 3556 2032 3563 .

396 3613 596 3682 insigni
646 3613 918 3669 volumine
964 3624 1277 3681 prosecutus
1302 3622 1407 3677 est,
1439 3612 1581 3666 misit
1624 3620 1825 3683 septem
1866 3614 1980 3681 epi-

395 3704 557 3759 stolas
577 3703 641 3758 ad
671 3704 879 3759 diversa
906 3703 1251 3771 monasteria,
1275 3703 1557 3771 apostolici
1576 3716 1764 3758 sensus
1781 3714 1836 3757 et
1856 3718 1968 3756 ser-

395 3794 590 3849 monis.

793 3865 1123 3928 Trithemius,
1156 3863 1219 3916 de
1246 3863 1439 3929 Script.
1472 3862 1614 3918 Eccl.

475 3954 733 4008 Antonius
781 3956 1075 4008 monachus
1120 3962 1174 4007 et
1220 3953 1406 4017 abbas,
1439 3953 1649 4008 natione
1679 3951 1979 4023 Egyptius,

396 4049 476 4101 vir
497 4046 887 4111 sanctissimus,
917 4047 1194 4114 eremique
1222 4047 1395 4100 cultor
1425 4046 1826 4115 insignis,cujus
1848 4060 1981 4114 prm-

396 4138 549 4193 conia
579 4136 790 4189 laudum
813 4137 1091 4190 universus
1132 4146 1380 4204 personat
1412 4136 1592 4200 orbis,
1612 4135 1794 4189 multis
1845 4134 1981 4189 reli—

396 4231 559 4299 giosa:
581 4245 641 4282 ac
664 4229 832 4284 beatae
847 4228 967 4282 vitae
992 4243 1230 4283 normam
1246 4229 1468 4297 prmbuit
1491 4244 1506 4294 ;
1532 4228 1621 4297 qui
1650 4229 1749 4283 etsi
1779 4228 1982 4282 litteras

400 4338 506 4378 non
536 4322 805 4387 didicerit,
836 4322 887 4376 in
913 4321 1107 4375 divinis
1136 4331 1313 4375 tamen
1336 4320 1629 4389 Scripturis
1649 4320 1785 4375 adeo
1806 4319 1983 4374 erudi-

400 4426 485 4471 tus
514 4416 630 4482 fuit,
662 4424 719 4470 ut
749 4415 921 4470 nullus
942 4415 1222 4470 doctorum
1247 4430 1307 4470 se
1339 4417 1387 4470 ei
1411 4414 1667 4483 praeferre
1696 4429 1984 4484 praesume-

400 4517 503 4563 ret.
535 4507 769 4563 llabebat
808 4507 1117 4561 memoriam
1176 4522 1273 4576 pro
1324 4506 1515 4572 libris,
1550 4506 1877 4561 intellectum
1925 4514 1980 4559 et

400 4613 616 4653 sensum
657 4613 754 4667 pro
801 4598 1024 4663 litteris,
1069 4599 1293 4667 gratiam
1340 4614 1437 4667 pro
1491 4598 1666 4653 studio
1711 4597 1976 4653 lectionis.

401 4690 631 4744 Dictavit
674 4688 989 4759 Aigyptiaco
1042 4703 1293 4744 sermone
1336 4688 1404 4743 ad
1454 4690 1662 4744 diversa
1712 4688 1978 4754 cmnohia,

401 4782 679 4850 apostolici
703 4796 895 4837 sensus
921 4791 1082 4851 atque
1110 4782 1373 4837 sermonis
1393 4785 1565 4837 varias
1582 4779 1849 4850 Epistolas
1877 4780 1978 4851 (ὁ).

404 4875 446 4927 Ε
476 4875 666 4941 quibus
694 4884 869 4930 exstat
918 4874 1142 4945 insignis
1174 4875 1260 4929 illa
1305 4875 1382 4929 Ad
1409 4875 1714 4930 Arsenoitas
1740 4875 1895 4943 epist.
1926 4876 1979 4937 1,

400 4965 481 5021 Ad
499 4967 598 5018 alia
620 4965 858 5020 emnobia
880 4966 1037 5034 epist.
1056 4966 1109 5020 6.
1138 4965 1262 5035 Ejus
1283 4966 1443 5019 vitam
1459 4967 1645 5021 beatus
1661 4965 1981 5020 Athanasius

402 5055 686 5121 episc0pus
730 5053 1123 5109 Alexandrinus
1178 5056 1373 5126 insigni
1434 5056 1735 5119 volumine,
1795 5052 1981 5109 Grazco

403 5159 655 5200 sermone
677 5145 980 5214 descripsit.
1005 5147 1211 5201 Claruit
1234 5147 1333 5200 sub
1362 5148 1714 5201 Constantino
1765 5146 1977 5215 Magno,

402 5249 455 5291 οι
504 5236 625 5289 ﬁliis
652 5238 767 5303 ejus
797 5238 1141 5306 regnantibus
1163 5278 1178 5303 ,
1209 5254 1350 5293 anno
1392 5238 1602 5294 Domini
1641 5238 1767 5305 550,
1802 5236 1983 5292 multis

402 5340 692 5381 coruscans
719 5328 1005 5381 miraculis.

481 5418 567 5471 ns
607 5417 876 5473 sancro
912 5419 1304 5475 massas")
1348 5421 1461 5489 (ε),
1506 5419 1688 5474 ἨΤᾸΞ
1736 5418 1947 5474 llUJUS

1001 5512 1400 5567 SCRIPTORE.

512 5603 715 5657 Mencea
746 5602 1039 5657 ercorum
1067 5603 1128 5656 17
1152 5600 1393 5655 Januarii
1420 5600 1472 5652 in
1513 5600 1624 5653 Vita
1648 5600 1873 5653 Antonii.

390 5743 396 5747 ·
484 5726 539 5770 'O
564 5714 617 5769 δέ
649 5717 758 5787 βίος·
817 5717 973 5768 αὐτοῦ
1009 5715 1295 5790 συνεγράξη
1343 5712 1443 5767 ὑπὸ
1484 5718 1567 5768 τοῦ
1600 5711 1819 5785 μεγάλου
1844 5715 1987 5767 Ἀθα-

404 5808 588 5865 νασίου
620 5808 903 5863 ἐπισκίπου
930 5803 1315 5871 ’Δ).εξανδρῖίκ;.

2078 3260 2276 3328 scripto
2297 3264 2550 3319 mandare
2561 3280 2681 3321 cum
2702 3268 2884 3336 primis
2910 3278 3182 3335 Optarent;
3208 3268 3658 3336 quemadmodum

2079 3348 2192 3417 ipse
2240 3351 2344 3404 divi
2376 3356 2591 3411 Antonii
2620 3356 2793 3412 Vitam
2847 3358 3164 3425 conscripsit
3186 3396 3202 3420 ,
3230 3372 3350 3411 cum
3380 3358 3501 3411 vitae
3548 3372 3661 3411 mo-

2080 3441 2300 3496 nasticte
2330 3443 2473 3512 leges
2502 3448 2604 3502 sub
2648 3450 2971 3504 narrationis
3002 3449 3180 3517 specie
3208 3449 3591 3519 promulgaret.
3629 3467 3653 3501 ι

2079 3551 2343 3623 Ephrcem,
2368 3571 2521 3611 serm.
2551 3568 2719 3613 ascet.
2743 3560 2797 3613 in
2827 3560 2958 3614 illud
2980 3576 2995 3612 :
3028 3560 3255 3615 Attende
3277 3561 3368 3615 tibi
3395 3560 3516 3629 ipsi,
3541 3577 3660 3631 cap.

2244 3647 2341 3715 ως
2372 3650 2492 3716 sive,
2523 3667 2681 3707 serm.
2714 3652 2776 3708 10
2824 3654 2886 3705 de
2930 3653 3273 3708 moderatione
3329 3654 3481 3708 risus.

2149 3763 2458 3834 Cujusmodi
2499 3772 2711 3817 sanctus
2742 3765 3004 3819 Antonius
3044 3764 3282 3831 exstitit,
3310 3765 3663 3835 quemadmo-

2080 3854 2204 3907 tililll
2226 3864 2278 3907 ct
2305 3862 2519 3907 sanctus
2549 3852 2867 3907 Athanasius
2889 3853 3320 3922 archiepiscopus
3341 3853 3585 3908 meminit
3607 3852 3661 3907 in

2087 3946 2198 4000 Vita
2210 3959 2370 4015 quam
2395 3945 2462 3999 de
2482 3959 2548 4000 eo
2568 3944 2902 4013 conscripsit.

2186 4055 2479 4113 Palladius.
2511 4053 2713 4108 Histor.
2746 4053 2985 4107 Lausiac.
3021 4071 3135 4120 cap.
3161 4054 3192 4109 8
3224 4054 3277 4107 in
3297 4053 3565 4107 Ammone.

2154 4170 2265 4225 Hoc
2320 4179 2496 4223 autem
2546 4168 2859 4223 miraculum
2915 4169 3479 4243 (quomodoAtnmon
3528 4167 3665 4223 ultra

2083 4261 2281 4331 Lycum
2344 4261 2560 4315 ﬁuvium
2626 4260 2877 4315 divinitus
2937 4262 3225 4315 translatus
3278 4262 3369 4329 sit)
3432 4261 3665 4315 narravit

2085 4354 2270 4407 beatus
2296 4353 2645 4418 Athanasius,
2665 4351 3004 4406 Alexandria:
3034 4352 3592 4422 episcopus,scribeus
3615 4352 3668 4407 in

2083 4443 2201 4499 Vita
2227 4442 2464 4496 Antonii.

2013 4553 2059 4610 ι)
2085 4539 2274 4590 Auctor
2302 4536 2435 4591 Vitta
2458 4535 2621 4588 sancti
2654 4534 2942 4598 Pacliomii,
2970 4536 3243 4610 interprete
3263 4531 3509 4603 Dionysia
3538 4531 3665 4585 Exi-

2698 4623 2821 4675 guo,
2846 4623 2960 4674 cap.
2996 4605 3047 4659 L

2155 4701 2262 4771 28
2288 4696 2672 4768 Cui(Antonio)
2690 4708 2903 4752 sanctus
2931 4697 3253 4751 Athanasius
3281 4695 3667 4750 Alexandrina:

2083 4789 2313 4844 civitatis
2337 4789 2580 4853 antistes,
2605 4790 2822 4858 proprio
2847 4788 2986 4859 style
3013 4788 3374 4842 testiinonium
3403 4788 3667 4856 prtebuit;

2085 4882 2274 4952 (lignus
2296 4896 2425 4936 sane
2448 4881 2646 4934 relator
2678 4881 3098 4935 conversationis
3132 4878 3364 4944 Antonii,
3392 4879 3479 4948 qui
3502 4879 3660 4947 juxta

2086 4970 2528 5043 supplicationem
2576 4970 2818 5035 fratrum,
2849 4970 3023 5024 Vitam
3069 4971 3184 5037 ejus
3237 4985 3333 5039 pro
3370 4969 3661 5023 multorum

2086 5064 2464 5119 commoditate
2496 5062 2849 5131 perscriberet
2898 5071 2956 5117 et
2983 5062 3340 5116 aemulandum
3387 5077 3508 5116 eum
3541 5062 3670 5115 viris

2087 5153 2417 5223 spiritalibus
2442 5153 2745 5207 exhiberet.

2300 5255 2557 5314 Socrates.
2596 5253 2733 5308 Eccl.
2766 5253 2968 5309 Hister.
3004 5255 3093 5310 lib.
3123 5270 3161 5320 1,
3190 5272 3306 5326 cap.
3332 5255 3416 5309 l7.

2157 5354 2355 5405 Ὀποῖος
2382 5344 2438 5404 ἦν
2493 5347 2575 5401 ἐπὶ
2602 5353 2700 5401 τῶν
2730 5350 2903 5402 αὐτῶν
2934 5350 3133 5422 χρόνων
3163 5351 3248 5401 καί
3276 5346 3670 5419 ὁμοναχὸς’Δν-

2083 5442 2253 5498 τώνιος·
2299 5438 2347 5489 ἓν
2383 5444 2446 5510 τῇ
2499 5439 2669 5511 ἐρήμῳ
2718 5447 2808 5497 τῆς
2850 5436 3142 5510 Αἰγύπτου,
3184 5442 3254 5498 ὡς
3308 5445 3535 5510 φανεφῶς
3560 5445 3670 5494 τοῖς

2088 5528 2321 5597 δαίμοσιν
2347 5527 2672 5583 ἀντεπάλαιεν
2713 5531 3012 5600 ἐφευρίσκων
3060 5549 3114 5584 τι
3156 5531 3311 5591 αὐτὸς
3339 5532 3430 5589 τὰς
3476 5530 3669 5599 τέχνας

2089 5622 2168 5672 καὶ
2191 5622 2311 5678 τοὺς
2334 5615 2530 5683 ἄθλους,
2556 5622 2640 5672 καί
2669 5616 2805 5676 ὅπως
2834 5618 2994 5674 πολλὰ
3023 5620 3180 5675 istoin
3208 5622 3669 5693 τεράστια,περιτ·

2088 5712 2172 5765 τὸν
2196 5712 2352 5782 λέγειν
2373 5712 2527 5780 ἡμᾶς.
2555 5708 2772 5781 Ἐφθασε
2801 5711 2898 5784 ’γὰρ
2926 5713 3229 5775 ’Δθανάσιος,
3262 5710 3667 5784 ὁἈλεξανδρείας

2091 5804 2388 5867 ἐπίσκοπος,
2414 5801 2707 5867 μονόὲιϐλον
2736 5803 2805 5862 εἰς
2830 5804 2915 5857 τὸν
2943 5806 3095 5858 αὐτοῦ
3124 5806 3230 5872 βίον
3256 5806 3521 5870 ἐνθέμενος.
