4002 6282
356 350 455 404 111

1156 347 1219 402 ΙΝ
1264 348 1470 402 VITA.“
1517 350 1715 404 BEATI
1757 349 2032 405 ANTONII
2078 351 2465 409 PRIELUDIA.
2506 355 2825 412 NOTATIO.

3512 360 3533 409 1
3552 357 3613 412 18

426 480 443 511 ι
481 460 666 527 Qua‘is
719 457 826 512 vita
894 465 950 512 et
1002 456 1239 511 moribus
1312 460 1593 515 Antonius
1635 463 1929 516 monachus
1959 483 2010 537 Α
2037 466 2410 520 Alexandrinae
2440 468 2586 522 urbis
2610 472 2923 538 cpiscopus,
2958 471 3147 539 insigni
3183 473 3455 527 volumine
3483 486 3605 539 pro-

349 555 399 605 in
470 550 762 607 solitudine
822 548 1037 618 ngypti
1098 549 1298 604 eisdem
1365 550 1523 605 fuerit
1573 556 1930 622 temporibus,

346 644 620 715 quomodo
647 658 767 698 cum
796 640 1128 695 daemonibus
1157 642 1330 708 palam
1358 653 1410 697 et
1441 654 1625 711 aperte
1641 645 1928 712 ditnicarit,

347 739 561 793 illurutn
613 738 838 791 astutias
880 745 934 790 et
988 735 1210 789 callidas
1256 750 1457 805 pugnas
1495 736 1928 805 deprehenderit,

348 834 512 883 multa
560 829 798 898 prodigia
850 836 902 881 et
948 826 1206 880 miracula
1261 826 1519 891 ediderit;
1568 828 1819 896 quoniam
1866 830 1934 882 ab

349 921 649 976 Athanasio
695 917 1031 974 Alexandriae
1098 918 1348 986 episcopo
1385 918 1438 972 in
1462 919 1597 972 libro
1644 919 1932 986 separatim

346 1014 414 1067 de
434 1015 555 1081 ejus
584 1013 703 1067 Vita
742 1009 1047 1077 conscripto
1084 1008 1195 1077 jam
1228 1009 1431 1077 pridem
1482 1010 1782 1078 expositum
1818 1016 1928 1075 est,

345 1103 533 1157 eadem
572 1117 672 1158 nos
699 1112 1127 1156 commemorare
1183 1098 1341 1166 plane
1380 1097 1589 1153 videtur
1614 1112 1932 1169 supervaca—

347 1208 529 1248 neum.
566 1211 587 1245 ι

652 1280 822 1344 Idem,
853 1280 945 1335 lib.
970 1295 1042 1345 tv,
1065 1296 1181 1349 cap.
1207 1278 1296 1342 18,
1322 1279 1465 1334 Eccl.
1497 1279 1638 1334 Hist.

416 1375 611 1429 Τούτου
659 1381 749 1429 τοῦ
774 1378 993 1443 ’Δμμοῦν
1022 1375 1111 1429 τήν
1162 1370 1342 1441 ψυχήν
1368 1372 1496 1440 μετὰ
1538 1373 1774 1438 θάνατον,
1809 1372 1934 1425 ἀνα-

350 1469 735 1541 λαμῗανομὲνην
748 1467 850 1520 ὑπὸ
871 1464 1112 1536 ἀγγέλων,
1127 1462 1153 1516 ὁ
1181 1463 1291 1517 κατ’
1311 1464 1461 1517 αὐτὸν
1481 1462 1936 1535 βιώσας“Δντώνιος

352 1560 613 1623 ἐθεάσατο,
644 1557 713 1617 ὥς·
733 1576 879 1626 φησιν
908 1556 956 1608 ἐν
982 1560 1052 1622 τῷ
1099 1552 1195 1624 βίῳ
1224 1554 1377 1607 αὐτοῦ
1404 1551 1429 1606 ὁ
1458 1560 1549 1613 τῆς
1568 1550 1937 1626 ’Δλξξανδρείας

352 1650 627 1705 ἐπίσκοπος
654 1646 966 1704 ’Δθανάσιος.

426 1756 445 1788 ι
481 1736 650 1805 Hujus
677 1735 954 1789 Ammonis
978 1734 1211 1787 animam
1244 1742 1362 1801 post
1390 1743 1616 1789 mortem
1639 1733 1706 1787 ah
1734 1733 1936 1803 angelis

2042 565 2258 609 secutus
2286 566 2387 610 est.

2487 644 2654 713 Idem,
2686 648 2890 715 ibidem,
2925 667 3037 720 cap.
3072 649 3162 705 87.

2111 746 2299 803 Fertur
2343 750 2619 806 Athanasii
2650 753 2893 819 historia,
2918 756 3133 809 Antonii
3178 756 3421 811 monachi
3446 757 3615 813 vitam

2037 840 2343 896 continens.

2323 931 2584 1002 Ruﬁnus,
2618 934 2708 988 lib.
2740 950 2756 987 ι
2797 934 2935 988 Hist.
2970 934 3110 988 Eccl.
3135 952 3249 1002 cap.
3277 935 3335 989 8.

2112 1021 2184 1075 De
2214 1024 2494 1079 virtutibus
2525 1027 2761 1093 Antonii,
2781 1041 2939 1096 atque
2970 1027 3225 1082 institutis
3247 1035 3301 1083 et
3327 1027 3618 1086 sobrietate

2036 1113 2252 1177 mentis,
2276 1124 2333 1168 ut
2360 1114 2411 1169 in
2442 1115 2730 1170 solitudine
2764 1117 2927 1171 vitam
2980 1117 3200 1187 degens,
3233 1133 3359 1172 usus
3404 1119 3613 1174 solum-

2037 1205 2197 1258 modo
2225 1205 2295 1259 sit
2322 1206 2591 1261 consortio
2622 1208 2930 1273 bestiarum,
2956 1208 3096 1261 etde
3126 1207 3461 1262 daemonibus
3489 1224 3613 1263 cre-

2037 1280 2167 1350 bros
2195 1310 2359 1363 agens
2390 1297 2708 1367 triumphos,
2743 1297 3003 1365 placuerit
3055 1298 3163 1351 Deo
3209 1312 3367 1364 supra
3392 1308 3617 1353 cunctos

2036 1385 2311 1449 mortales,
2341 1396 2502 1456 utque
2542 1387 2890 1441 institutionis
2929 1403 3042 1442 sua:
3073 1387 3324 1455 praeclara
3355 1401 3522 1456 usque
3561 1386 3616 1442 in

2037 1475 2355 1530 hodiernum
2403 1479 2681 1533 monachis
2722 1481 2964 1547 exempla
3017 1479 3323 1548 reliquerit,
3350 1479 3616 1535 volentem

2038 1583 2125 1622 me
2177 1570 2354 1637 aliqua
2402 1584 2669 1638 exponere
2712 1570 2801 1624 ille
2855 1570 3069 1623 libellus
3121 1570 3383 1634 exclusit,
3414 1570 3506 1639 qui
3549 1572 3616 1624 ab

2037 1661 2329 1717 Athanasio
2348 1662 2600 1731 scriptus,
2628 1661 2789 1716 etiam
2818 1661 3007 1716 Latino
3034 1644 3282 1716 sermone
3304 1662 3482 1717 editus
3509 1668 3616 1717 est.

2111 1751 2382 1819 Paulinus,
2409 1752 2621 1823 prologo
2652 1751 2785 1806 Vita:
2806 1752 2969 1805 sancti
2990 1751 3245 1805 Ambrosii
3276 1750 3311 1802 4
3337 1751 3547 1814 Aprilis.

352 1828 403 1881 in
423 1827 617 1881 cmlum
649 1825 932 1889 sublatam,
965 1825 1246 1887 Antonius,
1279 1825 1366 1892 qui
1405 1824 1607 1879 eisdem
1637 1824 1771 1879 vixit
1791 1834 1925 1879 lem-

2101 1843 2365 1910 llortaris,
2386 1843 2712 1899 venerabilis
2733 1843 2893 1899 Pater
2912 1843 3227 1913 Augustine,
3247 1853 3301 1897 ut
3318 1842 3457 1897 sicut
3477 1843 3617 1897 beati

354 1918 773 1989 poribus,vidit;
803 1916 1250 1985 quemadmodum
1280 1916 1347 1970 ab
1375 1917 1685 1981 Athanasio,
1703 1916 1938 1973 Alexan-

356 2015 476 2067 dria:
500 2012 775 2080 episcopo,
799 2012 852 2063 in
882 2010 998 2078 ejus
1023 2009 1140 2063 Vita
1161 2020 1635 2064 commemoratum
1665 2019 1771 2064 est.
1806 2029 1824 2062 ι

669 2103 1015 2174 Νἰσρριιοηη,
1043 2103 1129 2155 lib.
1160 2117 1271 2165 vut,
1305 2119 1419 2172 cap.
1450 2101 1538 2155 4U.

436 2194 622 2252 Verum
666 2195 803 2261 haec,
851 2204 1097 2261 tanquam
1144 2202 1326 2262 gustus
1354 2192 1567 2262 quidam
1594 2235 1608 2256 ,
1635 2201 1692 2249 et
1742 2195 1931 2263 exigua

364 2288 530 2355 imago
549 2287 763 2339 Antonii
785 2288 908 2338 vita:
933 2295 985 2337 et
1013 2283 1247 2337 instituti
1273 2282 1378 2336 sint
1406 2286 1738 2351 exposita,ut
1763 2299 1825 2337 ex
1854 2284 1935 2337 his

364 2383 657 2432 universam
701 2376 841 2445 ejus,
870 2376 1041 2445 qualis
1090 2375 1269 2440 fuerit,
1293 2374 1683 2444 philosophiam
1715 2375 1935 2445 colliga-

360 2484 491 2523 inus.
524 2468 692 2535 Quam
726 2466 888 2521 rebus
916 2465 1163 2520 omnibus
1192 2465 1424 2533 Optimus
1469 2467 1821 2534 Athanasius,
1850 2467 1934 2521 cui

358 2564 513 2617 etiam
538 2561 1030 2622 fuitcharissimus,
1061 2558 1277 2627 copiose
1325 2558 1598 2613 memoriae
1647 2559 1935 2628 posterita-

359 2654 423 2707 tis
469 2652 665 2707 litteris
694 2651 1001 2716 mandavit;
1036 2649 1415 2705 certaminibus
1457 2649 1569 2716 ejus
1597 2659 1779 2705 contra
1826 2651 1939 2705 dte-

359 2759 573 2810 tnoues,
606 2752 665 2798 et
716 2744 953 2806 artibus,
983 2755 1114 2811 quas
1166 2740 1424 2795 adversus
1473 2742 1593 2795 illos
1641 2740 1935 2807 adinvenit,

364 2838 585 2907 aliisque
608 2837 730 2890 vitae
759 2834 1015 2904 prodigiis
1039 2846 1089 2886 et
1119 2834 1276 2887 rebus
1302 2833 1574 2901 quibusvis
1596 2833 1934 2900 conscriptis,

357 2941 410 2983 ut
438 2930 574 2984 liber
600 2929 647 2983 is
678 2925 962 2982 monastici
993 2923 1223 2978 instituti
1252 2923 1500 3001 ceulﬁnis
1527 2923 1737 2991 quidam
1774 2933 1934 2979 esset.

392 3014 940 3089 Hieronymus,C:itol.
972 3015 1161 3069 illustr.
1187 3012 1386 3066 Eccles.
1416 3012 1634 3083 Script.,
1660 3028 1775 3080 cap.
1808 3012 1897 3067 88.

422 3110 686 3164 Antonius
761 3105 1095 3171 monachus,
1150 3104 1305 3173 cujus
1358 3102 1530 3157 Vitam
1581 3102 1929 3169 Athanasius,

2041 1936 2159 2002 viri,
2192 1935 2518 1991 Athanasius
2547 1937 2832 2003 episcopus
2855 1944 2907 1989 et
2933 1935 3283 2005 Hieronymus
3313 1935 3616 2005 presbyter,

2044 2025 2182 2095 stylo
2213 2028 2475 2093 prosecuti
2506 2036 2632 2079 sunt
2664 2024 2839 2079 Vitam
2862 2034 3167 2080 sanctorum
3197 2025 3345 2079 Pauli
3372 2033 3427 2081 et
3448 2027 3617 2079 Anto-

2046 2117 2114 2169 uii
2139 2115 2190 2168 in
2220 2131 2401 2170 eremo
2430 2116 2747 2184 positorum,
2772 2128 2878 2172 etc.

2117 2240 2203 2294 DE
2246 2238 2547 2295 EVAGRIO
2587 2238 3065 2307 PRESBYTERO,
3113 2238 3296 2294 VITIE
3336 2236 3550 2295 HUJUS

2616 2330 3073 2386 INTERPBETE.

2076 2446 2446 2516 Hieronymus,
2474 2444 2642 2501 Catal.
2668 2446 2857 2501 illustr.
2891 2445 3033 2502 Eccl.
3059 2448 3278 2520 Script.,
3301 2467 3417 2517 cap.
3443 2451 3568 2505 123.

2111 2560 2218 2630 29
2261 2558 2515 2628 Evagrius
2559 2558 2639 2628 (ά)
2686 2558 2986 2614 Antiochiae
3033 2560 3338 2629 episcOpus,
3371 2563 3508 2616 acris
3552 2578 3616 2616 ac

2043 2646 2301 2702 ferventis
2324 2648 2543 2718 ingenii,
2565 2662 2686 2715 cum
2709 2648 2882 2704 adhuc
2900 2661 3041 2704 esset
3067 2651 3368 2722 presbyter,
3386 2653 3618 2708 diversa.

2040 2753 2157 2791 rum
2188 2737 2554 2808 bypotbeseon
2579 2746 2836 2793 tractatus
2868 2740 2999 2793 mihi
3031 2741 3187 2811 legit,
3219 2758 3352 2811 quos
3392 2742 3615 2798 necdum

2037 2829 2224 2886 edidit.
2259 2829 2433 2886 Vitam
2464 2844 2675 2898 quoque
2704 2830 2844 2884 beati
2873 2832 3090 2886 Antonii
3120 2833 3188 2889 de
3230 2833 3418 2889 Crteco
3446 2834 3615 2889 Atha-

2040 2923 2179 2980 nasii
2207 2922 2259 2977 in
2285 2938 2588 2979 sermonem
2617 2933 2855 2977 nostrum
2885 2922 3177 2976 transtulit.

2112 3014 2319 3071 Similia
2356 3014 2505 3068 habet
2546 3012 2825 3079 Honorius,
2855 3029 2969 3083 cap.
3006 3011 3109 3067 1ἳῦ
3147 3013 3210 3067 de
3245 3012 3436 3069 illum.
3476 3013 3616 3069 Eccl.

2044 3106 2243 3173 Scripl.

1653 3240 1945 3296 ROSWEY
1960 3242 2020 3297 D1
2056 3240 2373 3297 NOTATIO.

429 3340 508 3409 (a)
548 3341 697 3393 Anno
737 3338 803 3392 19
857 3332 1193 3409 Constantii.]
1243 3334 1316 3388 Ita
1354 3333 1664 3409 rectissime
1720 3334 1935 3409 Eusebii
1965 3340 2011 3403 ο
2045 3336 2197 3400 imp.;
2230 3334 2488 3409 atque‘ita
2516 3333 2645 3409 justi
2676 3336 2922 3409 cv_anni,
2950 3336 3140 3409 quibus
3167 3338 3426 3394 Antonius
3451 3341 3611 3406 vixit,

362 3405 661 3465 Chronicon
702 3407 1119 3477 nianuseriptum
1164 3405 1558 3469 Atnaudinum,
1604 3405 1679 3457 ita
1718 3405 1934 3460 Pontaci

361 3491 411 3536 et
431 3478 692 3548 Scaligeri
719 3477 905 3548 editio.

429 3543 714 3610 Baronius,
740 3558 870 3600 tom.
891 3546 933 3599 ll
952 3584 968 3609 ,
996 3560 1137 3599 anno
1165 3543 1308 3599 Decii
1340 3544 1363 3595 1
1396 3543 1577 3613 (quem
1604 3545 1716 3611 ipse
1737 3544 1937 3598 Christi

364 3635 553 3673 annum
602 3619 790 3671 statuit
835 3614 983 3683 “253),
1012 3615 1335 3684 investigans
1384 3613 1535 3684 Pauli
1581 3615 1649 3668 ad
1696 3630 1935 3668 eremum

365 3691 535 3759 fugam
563 3704 629 3741 ex
659 3687 874 3759 Antonii
902 3688 1047 3759 obitu
1067 3728 1080 3751 ,
1111 3683 1301 3759 asserit
1326 3700 1388 3738 ex
1418 3683 1684 3759 Chronico
1709 3684 1932 3759 _Eusebii

363 3753 796 3826 et'llieronymi,
830 3754 1132 3826 Antonium
1165 3754 1365 3826 obiisse
1413 3768 1554 3807 anno
1593 3753 1656 3806 21
1679 3754 1936 3826 _Junioris

366 3824 691 3893 Constantii;
724 3828 811 3881 cui
842 3824 1137 3879 Constantii
1168 3839 1314 3889 anno.
1338 3824 1453 3892 ipse
1500 3834 1645 3888 post,
1676 3824 1727 3878 in
1760 3830 1939 3879 Anna-

367 3900 516 3962 libus,
544 3908 675 3951 totn.
702 3896 794 3959 Ill,
829 3899 882 3950 in
922 3910 1183 3949 annorum
1211 3895 1370 3959 serie,
1397 3911 1426 3946 a
1459 3894 1671 3964 Christo
1698 3899 1932 3964 assignat

367 3983 556 4021 annum
588 3966 711 4020 557.
740 3966 890 4032 Quod
919 3966 1197 4019 occasione
1228 3963 1579 4029 investigandi
1609 3963 1823 4017 aatateni
1847 3964 1936 4017 Hi-

367 4037 580 4092 larionis
609 4039 806 4104 repetit
832 4048 961 4089 tom.
985 4035 1074 4101 IV,
1105 4038 1167 4104 ad
1197 4049 1392 4104 annum
1415 4032 1612 4087 Christi
1636 4033 1761 4087 572.
1792 4034 1935 4104 Idem

368 4122 570 4170 tamen,
602 4103 748 4160 torno
795 4106 891 4172 Ill,
926 4119 1065 4158 anno
1106 4103 1303 4157 Chrisu
1334 4103 1457 4164 5.38,
1493 4104 1787 4157 Constantii
1825 4103 1895 4154 22
1918 4144 1933 4170 ,

366 4179 573 4233 Antonii
603 4178 807 4231 obitum
850 4177 1097 4230 collocat.
1129 4173 1282 4241 Quod
1326 4190 1421 4226 cur
1451 4172 1642 4227 fecisse
1676 4175 1933 4242 potuerit,

366 4265 482 4302 mux
512 4248 792 4316 inquiram.

431 4312 727 4385 Depravato
768 4312 1018 4368 Chronici
1051 4314 1247 4385 Codice
1292 4328 1445 4367 nsunt
1491 4312 1812 4385 Baroninm,
1848 4329 1938 4368 su-

369 4402 458 4455 pra
487 4383 629 4449 dixi,
660 4387 726 4438 ad
775 4386 939 4440 vitam
982 4385 1150 4439 sancti
1194 4384 1371 4451 l’auh,
1403 4385 1545 4453 quod
1587 4398 1727 4437 nunc
1768 4383 1937 4438 fusius

366 4457 715 4527 probandum.

434 4527 655 4594 Vulgata
693 4523 943 4578 Chronici
988 4522 1268 4577 Eusebiani
1299 4523 1485 4586 editio,
1529 4538 1635 4590 quo
1678 4537 1802 4579 usus
1833 4524 1935 4576 Ba-

366 4600 560 4657 ronius,
595 4595 741 4663 ponit
782 4594 996 4648 Anto’nii
1030 4594 1429 4663 natalemianno
1462 4596 1483 4647 1
1524 4594 1702 4663 Decii,
1729 4594 1934 4648 Christi

366 4667 469 4719 255i
486 4706 503 4731 ,
527 4677 581 4719 et
599 4662 807 4718 'obitum
830 4665 1069 4732 ejusdem
1098 4679 1239 4716 anno
1261 4662 1324 4716 2t
1356 4662 1647 4716 Constantii
1663 4663 1932 4732 Junioris,

2041 3415 2368 3479 exsurgunt;
2401 3406 2508 3459 Nec
2550 3407 2704 3479 aliter
2734 3406 2944 3479 lectum
2985 3407 3041 3479 in
3071 3407 3329 3479 Eusebio,
3380 3421 3619 3479 tempore

2040 3476 2671 3548 CregoriLTurOIIensis.
2705 3477 2835 3529 Nam
2858 3478 2961 3548 Aita_
2990 3477 3083 3531 ille
3126 3478 3340 3546 libro-1,
3378 3476 3501 3548 cap;
3523 3480 3613 3545 '58,

2041 3544 2239 3599 Hister.
2277 3544 2470 3599 Franc.
2498 3562 2512 3599 :
2546 3563 2565 3595 ι
2593 3544 2890 3600 Constantii
2935 3546 3170 3601 Junioris
3222 3544 3361 3602 anno
3393 3544 3478 3614 19,
3513 3553 3619 3604 An-

2040 3615 2216 3670 tonius
2268 3617 2560 3669 monachus
2607 3615 2849 3678 transiit,
2900 3616 3071 3668 retatis
3115 3632 3256 3671 anno
3308 3619 3433 3673 105.
3463 3637 3486 3673 ι
3546 3621 3616 3674 Ita

2039 3685 2135 3738 bis.
2186 3685 2582 3751 Trudonensis,
2631 3699 2753 3737 cum
2808 3687 2861 3737 in
2913 3686 3138 3750 vulgatis
3184 3687 3325 3742 male
3371 3691 3441 3741 sit
3490 3690 3612 3744 100.

2037 3754 2140 3829 Sed
2169 3764 2224 3809 et
2260 3753 2594 3829 Vincentius,
2626 3754 2782 3829 Spec.
2831 3754 3233 3829 hist.‘l_i_b._xtv,
3265 3770 3382 3829 cap.
3418 3760 3518 3824 14,
3550 3774 3615 3813 ex

2038 3825 2225 3878 eodem
2260 3824 2471 3878 Eusebii
2501 3824 2785 3883 Chronico.
2815 3824 3032 3878 Antonii
3065 3825 3266 3880 obitum
3310 3825 3611 3883 Constantii

2039 3894 2273 3952 iunioris
2318 3909 2460 3947 anno
2506 3895 2571 3948 19
2620 3892 2784 3961 ponit.
2813 3896 2989 3960 Quare
3017 3894 3086 3948 de
3129 3897 3345 3950 Antonii
3386 3899 3534 3952 obitu
3567 3900 3618 3956 in

2038 3967 2248 4033 vulgato
2283 3964 2514 4020 Eusebio
2544 3965 3031 4018 metachronismus
3064 3974 3148 4020 est
3189 3969 3416 4021 duorum
3445 3984 3615 4022 anno-

2039 4050 2189 4096 rum,
2220 4035 2264 4088 si
2294 4036 2360 4087 ab
2386 4034 2539 4086 annis
2574 4034 2747 4087 aetatis
2776 4034 2990 4087 Antonii
3020 4042 3076 4087 et
3099 4049 3295 4089 annum
3327 4038 3616 4092 nativitatis

2038 4116 2091 4157 et
2115 4119 2310 4156 annum
2335 4104 2510 4157 obitus
2536 4102 2808 4165 excludas;
2835 4105 2920 4158 vel
2945 4107 3424 4161 metachronismus
3454 4120 3537 4162 est
3564 4125 3617 4162 tv

2038 4187 2332 4238 annorum,
2365 4175 2407 4226 si
2436 4184 2491 4227 et
2538 4173 2830 4227 nativitatis
2868 4182 2923 4227 et
2960 4175 3136 4227 obitus
3173 4189 3343 4232 annos
3395 4194 3618 4235 numero

2039 4259 2299 4317 annorum
2323 4244 2496 4297 aetatis
2517 4242 2631 4310 ejus
2652 4243 3103 4317 comprehendas.

2110 4313 2325 4366 Miratus
2353 4328 2470 4366 sum
2495 4326 2619 4366 sane
2651 4313 2964 4377 Barciiium,
2999 4314 3138 4381 qttod
3160 4354 3175 4380 ,
3207 4330 3326 4369 cum
3360 4325 3503 4371 tomo
3534 4318 3573 4371 ll
3596 4360 3610 4383 ,

2038 4384 2227 4437 anno!
2264 4383 2435 4453 Decii,
2463 4397 2624 4450 agens
2653 4383 2720 4435 de
2764 4383 2906 4436 Pauli
2951 4386 3193 4437 ereiuita:
3238 4384 3381 4453 fuga,
3417 4387 3614 4443 ibidem

2038 4460 2246 4527 asserat
2269 4467 2338 4507 ex
2368 4451 2633 4527 Chronico
2663 4453 2875 4527 Eusebii
2900 4453 3257 4527 (depravato,
3278 4451 3616 4527 ιῐιᾼόὶιίιιιυε)

2038 4526 2323 4576 Antonium
2368 4524 2566 4576 obiisse
2612 4536 2751 4575 anno
2785 4523 2848 4576 ‘21
2890 4523 3187 4577 Constantii
3235 4525 3503 4591 Junioris;
3537 4523 3614 4581 ta;

2040 4609 2159 4646 men
2204 4603 2344 4645 tonio
2377 4592 2470 4656 111,
2502 4607 2644 4645 anno
2671 4592 2741 4643 “22
2781 4593 3018 4660 ejusdem
3050 4593 3378 4659 Constantii,
3413 4597 3615 4651 obitum

2040 4662 2256 4735 Antonii
2304 4671 2482 4729 ponat.
2516 4662 2680 4735 Cujus
2724 4664 2801 4716 rei
2847 4663 3106 4735 rationem
3153 4668 3276 4717 dum
3326 4667 3614 4735 investigo,

366 4721 558 4790 Christi
585 4735 709 4789 561.
733 4721 1069 4788 υυηι’θυιεω
1096 4749 1160 4787 ex
1190 4732 1378 4805 eodem
1404 4721 1933 4805 vulgarihChronico,
1968 4721 2017 4780 Ι)
2040 4748 2144 4786 non
2187 4721 2343 4805 aliain
2393 4721 2647 4805 reperi_6,_
2672 4748 2830 4805 quam
2880 4734 3019 4800 quod
3066 4734 3291 4788 fortasse
3330 4721 3611 4805 ﬁltaroni'us,

366 4805 656 4873 posteriore
684 4807 785 4858 hoc
813 4805 951 4867 loco,
988 4811 1197 4857 constet
1220 4803 1507 4855 Antonium
1538 4803 1737 4857 obiisse
1765 4806 1935 4857 aetatis

364 4891 500 4929 anno
528 4876 651 4936 105,
682 4884 886 4929 certum
915 4884 998 4927 est
1025 4874 1105 4927 vel
1138 4873 1367 4925 natalem
1408 4873 1620 4926 Antonii
1639 4914 1652 4934 ,
1679 4873 1762 4926 vel
1790 4887 1934 4926 mor-

367 4948 557 5000 tualem
599 4945 842 5012 ejusdem
869 4943 1011 4997 diem
1045 4943 1183 5012 male
1211 4943 1468 5011 assignari
1501 4943 1553 4995 in
1581 4957 1645 4996 ea
1675 4943 1931 5005 editione,

364 5031 481 5069 cum
531 5030 562 5068 a
601 5010 795 5068 Christi
841 5026 982 5065 anno
1024 5010 1162 5077 254,
1196 5027 1301 5079 quo
1332 5010 1499 5081 ponit
1543 5022 1720 5066 natum
1768 5015 1936 5066 Anto-

364 5088 540 5149 nium,
572 5086 638 5137 ad
670 5099 867 5135 annum
899 5082 1025 5145 561,
1054 5096 1159 5149 quo
1189 5082 1436 5136 eumdem
1470 5085 1614 5147 ponit
1644 5084 1895 5135 denatutn
1915 5124 1927 5144 ,

367 5156 716 5209 intercurrant
738 5153 860 5207 anni
888 5166 1011 5205 cvtl.
1043 5154 1192 5217 Quod
1220 5153 1263 5204 si
1292 5154 1425 5205 duos
1454 5168 1626 5206 annos
1661 5153 1846 5216 addas,
1880 5162 1936 5207 et

365 5240 481 5279 eum
535 5226 780 5278 videlicet
817 5237 924 5291 quo
972 5236 1124 5274 natus
1155 5231 1265 5283 est,
1298 5230 1352 5275 et
1401 5238 1520 5274 eum
1560 5238 1667 5291 quo
1707 5225 1932 5276 denatus

366 5296 625 5349 Antonius
650 5293 761 5361 (qui
799 5303 973 5347 tamen
1011 5291 1238 5361 addeudt
1284 5293 1545 5357 videntur,
1572 5308 1693 5346 cum
1724 5293 1930 5346 dicatur

367 5379 505 5417 anno
536 5364 637 5419 105
660 5359 834 5416 uitatis
864 5370 1104 5415 mortuus
1138 5359 1424 5426 Antoninus,
1456 5377 1558 5415 non
1602 5372 1780 5416 autem
1814 5373 1933 5431 post

367 5449 560 5489 atnuun
605 5431 757 5501 105),
799 5440 1091 5500 exsurgent
1122 5431 1255 5484 anni
1293 5446 1410 5495 eis,
1455 5448 1573 5485 cum
1624 5444 1826 5486 tantum
1870 5448 1933 5484 cv

369 5503 521 5568 anui,
552 5513 681 5573 quot
703 5504 967 5557 Antonius
997 5505 1159 5567 vixit,
1186 5501 1442 5556 deberent
1470 5503 1825 5557 intercurrere
1850 5503 1935 5555 vel

366 5589 668 5645 exsurgere.

439 5640 751 5699 Rectissime
780 5643 938 5713 igitur
964 5642 1014 5696 in
1040 5642 1137 5697 Ms.
1163 5641 1392 5696 Eusebio
1422 5640 1737 5704 Amandino,
1772 5650 1830 5693 ut
1871 5642 1936 5696 ad

370 5712 541 5767 Vitam
571 5716 713 5767 l’anli
739 5712 855 5768 disi
874 5753 889 5776 ,
917 5716 1130 5767 Antonii
1159 5714 1407 5767 natititas
1428 5713 1772 5781 censignatur
1797 5725 1937 5781 atino

372 5783 395 5834 1
445 5783 617 5846 Deoii.
666 5786 840 5840 obitus
889 5800 1014 5838 vero
1064 5798 1204 5836 anno
1252 5785 1316 5838 lit
1361 5782 1655 5835 Constantii
1702 5780 1938 5835 Junioris

2039 4812 2183 4857 tomo
2225 4801 2295 4866 ll,
2327 4817 2522 4855 annum
2557 4803 2581 4855 1
2617 4801 2792 4867 Decii,
2823 4818 2928 4869 quo
2961 4810 3115 4856 natus
3147 4804 3426 4869 Antonius,
3459 4801 3614 4863 annis

2038 4873 2211 4925 aetatis
2241 4872 2479 4937 ejusdem
2509 4873 2973 4937 annumeraverit;
3004 4881 3166 4941 atque
3210 4873 3281 4926 ita
3312 4876 3379 4927 ab
3408 4890 3549 4929 anno
3583 4882 3605 4931 1

2038 4943 2179 4996 Decii
2220 4944 2454 5009 adusque
2498 4941 2793 4995 Constantii
2843 4942 3076 4995 Junioris
3124 4957 3324 4996 annum
3372 4944 3610 5009 2|,eum

2038 5014 2193 5065 simul
2230 5012 2569 5075 includeudo,
2602 5012 3217 5082 putationeiiliaroniana
3259 5013 3387 5082 justi
3418 5030 3610 5071 exsur-

2036 5094 2166 5149 gunt
2195 5083 2317 5134 anni
2340 5097 2425 5149 civ,
2454 5096 2573 5148 qua:
2604 5096 2850 5146 suprema
2884 5081 2978 5133 fuit
3007 5090 3138 5136 tetas
3171 5081 3406 5137 Antonii.
3442 5086 3615 5140 'l‘nnio

2038 5168 2165 5205 vero
2208 5152 2300 5216 111,
2335 5156 2543 5206 videtur
2581 5166 2776 5203 antuun
2821 5151 2847 5203 1
2892 5151 3034 5205 Decii
3082 5168 3187 5207 non
3229 5170 3613 5210 anuutnerasse

2037 5223 2190 5275 anuis
2219 5222 2390 5275 aetatis
2421 5221 2668 5283 Antonii,
2696 5220 2787 5273 sed
2824 5221 2842 5273 1
2879 5235 3074 5275 annum
3106 5226 3279 5277 aetatis
3300 5228 3564 5292 Antonii,
3586 5243 3613 5280 a

2042 5294 2251 5345 lteeiani
2299 5294 2503 5360 imperii
2546 5294 2759 5362 anuofz
2805 5292 3103 5357 inchoasse,
3133 5309 3298 5362 quare
3326 5308 3379 5349 et
3407 5296 3611 5352 obitum

2038 5363 2256 5415 Antonii
2284 5368 2346 5415 ad
2372 5377 2569 5416 annum
2589 5362 2658 5415 22
2680 5360 2973 5416 Constantii
2995 5360 3229 5417 Junioris
3249 5366 3436 5421 eodem
3464 5378 3610 5422 tonio

2038 5432 2102 5486 111
2129 5435 2448 5498 prorogavit.

2114 5501 2265 5567 Quod
2298 5518 2420 5555 vero
2447 5501 2589 5567 dixi,
2622 5503 2916 5558 rectissime
2948 5502 2999 5557 in
3029 5502 3126 5557 Ms.
3161 5503 3390 5559 Eusebio
3417 5506 3612 5560 Aman-

2045 5571 2170 5625 diuo
2206 5572 2787 5643 uativitatemkAntoiiii
2832 5574 3131 5643 consignari
3172 5589 3313 5628 anno
3354 5577 3384 5628 1
3428 5576 3610 5640 Decii,

2045 5643 2244 5694 obtutu
2280 5656 2409 5695 vero
2446 5645 2507 5695 19
2535 5640 2830 5695 Constantii
2875 5640 3130 5708 Junioris,
3158 5655 3315 5711 atque
3343 5644 3411 5695 ita
3438 5643 3612 5711 justus

2045 5727 2107 5764 Cv
2139 5727 2307 5765 anuis
2337 5714 2506 5765 uitatis
2527 5714 2745 5765 AntOnii
2770 5728 3075 5780 exsurgere,
3107 5714 3176 5766 ita
3212 5713 3467 5777 intellige,
3490 5716 3610 5777 quia

2046 5797 2165 5834 cum
2206 5783 2427 5851 vulgatae
2462 5785 2725 5838 editiones
2776 5782 2957 5847 (etiam
2998 5781 3348 5835 correc‘tiores
3394 5781 3608 5833 l’outaci

2344 6270 2493 6275 v—~
2528 6269 2865 6277 *m——'m
2888 6270 2911 6275 -—
2940 6270 3007 6277 φ.-
3030 6269 3313 6280 “ﬁt—“-4.
3338 6274 3345 6277 .
3414 6273 3473 6282 ,ἡ
3494 6272 3541 6279 -.
