4002 6224
568 338 667 389 1‘23

1522 336 1609 391 DE
1651 336 1827 391 VITIS
1865 333 2144 390 PATRUM
2186 332 2386 387 LIBER
2427 333 2681 391 PRIMUS

3713 340 3810 397 123

565 450 746 511 rellm,
774 448 891 505 haec
919 459 1105 506 contra
1134 452 1515 509 monachorum
1545 451 1724 505 hostes
1768 456 2084 503 subnectere
2119 467 2131 502 :
2166 449 2208 499 A
2242 446 2294 500 in
2330 448 2545 519 reliquis
2576 450 2825 504 munibus
2852 466 2972 506 cum
3024 453 3261 509 Ecclesia
3292 456 3550 511 catholica
3580 472 3812 514 consen-

566 524 634 573 At
664 520 981 585 quibusnam
1013 538 1280 588 persuasa,
1314 522 1480 589 inquit
1506 524 1523 589 (
1550 522 1765 584 Βανοιι..
1796 537 1930 573 anno
1958 519 2061 574 540
2089 526 2135 584 ),

566 590 826 661 ejusmodi
862 592 992 645 Vita:
1023 594 1316 646 institutum
1348 593 1454 646 Deo
1484 603 1689 661 gratum
1733 606 1853 644 esse
1896 591 2137 645 Marcella

566 660 751 717 sensit.
784 662 881 715 nisi
912 679 975 716 ex
1008 664 1299 717 innumeris
1340 660 1807 723 pcne’miraculis,
1835 661 2138 722 aposmlicis

566 731 720 795 plane
744 730 941 796 signis.
975 743 1131 800 atque
1174 734 1471 795 virtutibus,
1509 749 1639 799 quas
1684 749 1802 785 cum
1854 731 2136 784 Antonium

566 810 675 852 tttm
718 800 887 865 alios,
917 804 1096 856 divino
1140 805 1242 857 illis
1286 805 1492 858 calculo
1540 804 1894 869 suifragante,
1927 802 2139 856 assidue

565 871 773 927 onerari
802 874 1085 934 cognovit?
1119 874 1242 927 Erat
1270 876 1481 940 quidem
1510 876 1561 929 in
1611 877 1826 927 Oriente
1871 886 2136 924 summum

565 940 695 993 illud
728 941 1127 1021 vivendigenus
1155 944 1320 1021 instar
1348 944 1575 1021 Elissac
1620 942 1838 1021 Joannis
1891 942 2138 1021 Baptista:

564 1012 772 1081 cunctis
804 1012 1103 1067 hominibus
1147 1016 1306 1068 etiam
1361 1014 1589 1069 ethnicis
1636 1023 1687 1069 et
1728 1012 2137 1081 imperatoribus

566 1078 697 1144 ipsis
739 1084 1120 1147 venerandum,
1166 1083 1259 1137 sed
1299 1093 1351 1137 et
1401 1086 1574 1150 impiis
1620 1078 1829 1150 quoque
1875 1080 2138 1150 baareticis

566 1153 943 1218 reverendutn,
969 1163 1126 1218 atque
1153 1152 1287 1206 adeo
1311 1148 1619 1208 coelestibus
1641 1148 1844 1208 civibus
1868 1148 2140 1203 admiran-

565 1219 688 1271 dum
716 1236 730 1284 ;
758 1231 940 1286 utpote
969 1222 1056 1289 qui
1082 1237 1141 1275 se
1170 1223 1221 1275 in
1255 1223 1409 1277 terris
1436 1224 1680 1277 concives
1712 1223 1907 1276 habere
1954 1220 2138 1273 lzetan-

570 1298 681 1359 tes,
714 1306 832 1343 cum
862 1292 1061 1345 eisdem
1096 1303 1341 1358 tanquam
1370 1294 1653 1359 gentilibus
1678 1294 1786 1344 suis
1808 1290 1977 1345 amice
2003 1291 2136 1343 assi-

565 1358 671 1430 duo
708 1370 1067 1415 Versarentur.
1112 1362 1435 1430 Factumque
1464 1364 1690 1418 feliciter
1716 1374 1795 1417 est
1824 1372 1880 1415 ut
1904 1360 2138 1412 Athana-

563 1428 645 1502 εἰη
672 1430 983 1502 propalante
1008 1431 1312 1502 inferretur.
1337 1428 1400 1487 ac
1428 1435 1625 1502 pariter
1645 1433 1911 1488 coleretur
1930 1432 1981 1484 in
2006 1431 2137 1484 urbe

566 1497 795 1571 sublime
825 1498 953 1571 illud
981 1501 1187 1557 vivendi
1218 1517 1407 1571 genus,
1431 1497 1587 1571 cuius
1618 1505 1669 1557 in
1693 1502 1962 1557 montibus
1980 1511 2137 1565 atque

563 1566 793 1640 desertis
824 1569 955 1624 locis
982 1579 1181 1625 tantum
1205 1566 1563 1627 cernebantur
1590 1575 1845 1637 impressa
1876 1571 2095 1640 veStigia
2119 1587 2133 1635 ;

564 1652 665 1691 nec
692 1638 1003 1694 detrectavit
1032 1643 1313 1697 universus
1363 1644 1695 1698 Christianus
1741 1643 1885 1696 orliis
1936 1643 1986 1696 in
2020 1638 2136 1694 ⁷06-

562 1706 773 1761 cidente
792 1711 984 1764 sectari
1015 1712 1156 1780 quod
1184 1713 1344 1767 sciret
1371 1714 1422 1768 in
1472 1716 1703 1769 Ecclesia
1736 1716 1971 1767 Romana
2013 1725 2134 1766 sus-

563 1785 774 1855 ceptum
803 1796 815 1831 :
848 1796 966 1855 qua;
994 1781 1107 1855 haec
1126 1783 1303 1855 omnia
1326 1795 1539 1855 accepta
1560 1785 1657 1839 fert
1682 1784 1991 1847 Athanasio,
2014 1796 2132 1855 eum

562 1847 756 1912 alioqui
787 1852 1201 1923 nonidefuerint
1244 1854 1424 1923 (quod
1455 1847 1672 1909 'dictum
1721 1864 1803 1908 est
1849 1851 2135 1920 superius)

563 1920 949 1991 persecutionis
993 1934 1137 1977 retro
1185 1920 1531 1991 temporibus,
1559 1940 1677 1979 cum
1726 1926 1777 1978 in
1828 1925 1978 1984 urbe.
2023 1932 2134 1977 ιυηι

562 1986 923 2063 aliis__quoque
951 1991 1155 2063 inilocis
1197 1986 1479 2060 monachi;
1512 1986 1633 2049 illos
1680 1996 1902 2049 dixerim
1944 1994 2031 2063 qui
2082 1992 2132 2045 in

563 2059 963 2133 similitudinem
993 2061 1140 2116 Pauli
1171 2075 1330 2133 atque
1362 2059 1572 2119 Antonii
1603 2081 1630 2117 a
1680 2059 2134 2128 persecutionibus

560 2125 907 2204 fugientium,
932 2133 1116 2204 eadem
1147 2150 1209 2189 ex
1240 2125 1400 2187 causa
1431 2137 1479 2187 in
1511 2125 1730 2204 cryptis,
1763 2134 1964 2197 antris,
1994 2134 2135 2200 jugis

562 2202 843 2272 montium,
875 2201 1192 2272 valliumque
1220 2205 1470 2261 convexis
1495 2201 1795 2260 recessibus
1818 2205 2136 2258 delitescen-

564 2275 663 2344 ξας,
693 2268 859 2323 instar
882 2271 1038 2344 [Elige
1067 2268 1261 2327 atat-ie
1290 2277 1473 2328 Achab
1505 2284 1558 2329 et
1600 2274 1813 2329 Jezalvel
1863 2274 2131 2344 fugientis,

560 2334 728 2390 Deutn
761 2342 1076 2407 propensius
1114 2345 1389 2409 colerent;
1434 2346 1567 2399 adeo
1615 2356 1670 2398 ut
1715 2346 1841 2399 lii-et
1891 2334 2133 2397 monachi

560 2421 751 2460 nomen
778 2410 946 2462 visum
978 2413 1045 2465 sit
1073 2414 1185 2467 urbi
1214 2431 1405 2469 novum
1426 2456 1439 2477 ,
1472 2432 1558 2469 res
1590 2423 1765 2469 tamen
1796 2416 1905 2478 ipsa
1958 2423 2129 2476 Win“.

559 2479 652 2528 sed
672 2478 737 2555 Δἰιι
771 2486 909 2555 tanta
942 2481 1191 2555 Ecclesiae
1222 2500 1349 2549 pace
1381 2486 1584 2555 legibus
1613 2485 1923 2554 quibusdam
1948 2483 2134 2539 exenl-

561 2546 960 2622 ta,_fecun_diori
982 2546 1235 2617 germine
1253 2546 1558 2622 propagata.
1632 2546 1644 2554 ’
2088 2603 2094 2609 .

636 2617 921 2672 Donatista:
953 2621 1208 2686 barretici,
1240 2617 1398 2678 iidem
1420 2617 1503 2679 "et
1545 2625 2003 2680 circumcelliones
2051 2627 2131 2679 di-

560 2685 668 2751 cti,
717 2688 804 2761 qui
856 2688 935 2742 his
976 2691 1106 2761 ipsis
1156 2685 1478 2761 temporibus
1532 2696 1785 2750 adversus
1831 2695 2132 2750 Catholicos

563 2759 944 2831 grassabantur
972 2760 1021 2812 in
1047 2760 1244 2827 Africa,
1269 2759 1429 2831 primi
1472 2765 1586 2819 ausi
1634 2776 1778 2825 sunt,
1812 2782 1914 2819 non
1959 2767 2024 2819 de
2075 2782 2132 2819 re

561 2826 694 2892 ipsa,
726 2829 832 2904 sed
860 2829 925 2883 de
957 2834 1175 2904 nomine
1210 2826 1239 2886 a
1272 2826 1369 2901 piis
1395 2850 1634 2903 qumrere
1659 2846 1713 2891 et
1740 2837 1918 2891 dicere
1942 2837 2132 2904 (inquit

560 2905 776 2949 sanctus
808 2900 1132 2977 Augustinus
1161 2900 1493 2977 (ﬂagitauit:
1528 2908 1658 2971 psal.
1708 2900 1955 2977 cxxvnli
2002 2900 2132 2961 con-

559 2978 846 3020 sueverunt
875 2988 886 3020 :
926 2989 943 3020 ι
983 2972 1114 3033 Quid
1146 2974 1244 3027 sibi
1266 2972 1389 3027 'vult
1420 2991 1611 3029 nomen
1644 2972 2070 3030 menacborutn?
2104 2996 2124 3029 ι

559 3042 613 3112 et
641 3035 861 3091 inferius
890 3056 906 3096 :
945 3059 963 3091 ι
1001 3041 1164 3097 Nobis
1194 3044 1373 3098 dicunt
1406 3063 1419 3097 :
1453 3047 1730 3100 Ostenditc
1758 3047 1842 3100 ubi
1874 3048 2126 3112 scriptum

558 3105 629 3185 sit
676 3123 866 3185 nomen
898 3113 1316 3185 monachorum?
1350 3134 1368 3167 ι
1407 3115 1701 3185 Respondit
1747 3126 1865 3180 post
1909 3105 2010 3169 alia
2061 3118 2125 3171 ad

560 3174 676 3255 hate
703 3178 814 3244 ipse
839 3196 853 3233 :
876 3181 1093 3255 «Quare
1118 3199 1243 3252 ergo
1269 3196 1320 3239 et
1349 3202 1445 3239 nos
1472 3174 1574 3239 non
1599 3174 1924 3255 appellemus
1950 3203 2132 3241 mona-

558 3245 706 3323 chos,
739 3262 856 3323 cunt
877 3245 1023 3323 dicat
1051 3245 1289 3307 Psrtlmus
1317 3271 1336 3312 :
1366 3255 1499 3309 Ecce
1523 3245 1682 3318 quam.
1702 3257 1887 3310 bonum
1914 3266 1958 3309 ct
1979 3274 2129 3323 quam

559 3318 837 3398 iucundum
866 3320 1101 3398 habitare
1112 3327 1309 3398 fratres
1340 3327 1392 3379 in
1439 3343 1595 3378 unum
1644 3329 1662 3394 (
1690 3327 1831 3380 μιαί.
1862 3318 2041 3383 cxxxn
2068 3327 2132 3398 )‘.'

559 3386 711 3455 μόνας
741 3390 880 3442 enim
909 3407 1043 3464 unus
1071 3386 1283 3458 dicitur,
1316 3406 1367 3451 et
1414 3412 1517 3450 non
1551 3386 1684 3451 unus
1725 3386 2130 3464 quomodorun-

558 3472 679 3522 que,
714 3474 833 3529 nam
864 3470 917 3514 et
949 3463 999 3513 in
1033 3466 1185 3518 turba
1214 3481 1351 3520 unus
1379 3476 1485 3529 est,
1513 3467 1605 3521 sed
1639 3463 1754 3520 una
1784 3483 1904 3520 cum
1952 3468 2131 3523 multis

558 3540 692 3606 unus
721 3528 824 3581 dici
859 3542 1048 3609 potest,
1077 3535 1226 3609 μόνος
1251 3553 1352 3609 non
1379 3528 1570 3601 potest,
1597 3538 1645 3609 id
1670 3546 1753 3591 est
1774 3539 1920 3591 solus
1945 3555 1959 3600 ;
1986 3540 2132 3609 μόνος

558 3603 697 3649 ettim
730 3614 865 3672 tinus
886 3603 1031 3655 solus
1062 3616 1162 3657 est.
1195 3606 1291 3670 Qui
1323 3622 1449 3671 ergo
1470 3610 1547 3661 sic
1574 3608 1755 3660 vivunt
1783 3609 1833 3660 in
1869 3603 2051 3672 unum,
2077 3620 2134 3664 ut

558 3682 718 3720 unum
753 3667 1021 3745 hominem
1054 3667 1280 3738 faciant,
1315 3667 1466 3730 utsit
1497 3679 1599 3731 illis
1645 3679 1953 3745 verc'quod
2001 3667 2133 3733 scri-

558 3746 702 3805 ptum
734 3750 814 3793 est
842 3758 856 3795 :
892 3740 1008 3817 Una
1036 3747 1230 3807 an'ma,
1256 3756 1304 3799 et
1331 3763 1419 3800 cor
1446 3764 1599 3801 unum
1643 3751 1780 3817 (Act.
1814 3740 1920 3815 tv);
1972 3752 2131 3804 tnul'a

557 3822 800 3890 corpora,
833 3813 923 3864 sed
957 3831 1060 3890 non
1092 3818 1268 3890 multa:
1295 3819 1525 3890 animat;
1560 3813 1710 3890 recte
1736 3813 1929 3872 dicitur
1959 3821 2131 3890 μόνος,

558 3878 609 3929 id
638 3888 717 3951 est
747 3894 881 3951 unus
900 3884 1065 3938 solus.
1099 3903 1117 3935 ι
1150 3885 1212 3937 Ει
1238 3888 1391 3951 paulo
1418 3878 1529 3951 post
1564 3905 1577 3940 :
1614 3906 1631 3939 ι
1670 3889 1854 3943 Merito
1876 3878 2135 3946 insultant

559 3949 1140 4027 nomini_n_nitatis,__qui
1173 3949 1326 4008 se'ab
1353 3949 1552 4011 unitate
1601 3959 1705 4027 33
1757 3960 2132 4025 prsecidcrunt.

559 4015 745 4097 Merito
776 4015 1153 4097 illis_displ_icet
1202 4040 1391 4079 nomen
1448 4015 1850 4085 ntouaaiorum.
1888 4032 2011 4097 qu‘a
2058 4015 2131 4085 ili

561 4090 746 4169 no'unt
777 4090 1021 4169 habitare
1045 4095 1093 4169 in
1122 4110 1428 4169 unumcum
1458 4098 1740 4169 fratribus;
1769 4098 1861 4152 sed
1906 4090 2137 4169 sequen—

561 4164 638 4210 tes
662 4156 944 4225 Donatum,
962 4162 1230 4217 Christum
1254 4166 1562 4221 diviserunt.
1598 4186 1615 4218 ι
1639 4156 1765 4224 ΗτΡό
1788 4156 2134 4239 Augustinus.

636 4291 803 4370 l‘robe
825 4293 934 4370 jam
965 4294 1341 4370 vides,__lector
1362 4340 1376 4362 ,
1407 4314 1435 4351 a
1468 4316 1690 4367 quorum
1727 4302 1968 4370 partibus
1996 4312 2140 4358 stent

563 4362 652 4426 qui
683 4374 866 4417 uoSIro
894 4366 996 4417 hoc
1023 4366 1384 4421 infelicissimo
1406 4362 1603 4423 smcnlo
1628 4362 2011 4426 monachorum
2045 4390 2140 4426 no-

566 4446 695 4485 men.
729 4432 866 4509 adeo
905 4445 1283 4509 exsecrantur;
1317 4448 1371 4490 et
1396 4454 1747 4503 quorumuam
1791 4443 2141 4509 proﬁteantur

563 4515 621 4578 se
650 4517 770 4578 esse
794 4504 1107 4578 discipulos,
1132 4521 1251 4560 cum
1276 4523 1461 4561 eorum
1484 4519 1758 4563 sectentur
1785 4504 2132 4578 impietatem,

561 4572 723 4649 duplo
752 4588 913 4649 quam
937 4577 1008 4649 illi
1044 4576 1198 4649 plane
1230 4578 1397 4644 impii,
1426 4594 1543 4632 cum
1578 4581 1652 4633 illi
1680 4581 1762 4649 (ut
1786 4572 2138 4649 ait-Augusti;

563 4645 685 4699 nus)
716 4645 916 4717 nomioi
951 4645 1268 4717 insultarent
1298 4645 1704 4713 monachorum,
1751 4651 1890 4717 quod
1924 4645 1998 4703 ab
2022 4653 2137 4706 uni-

562 4720 670 4766 tate
698 4713 957 4789 catbolica
988 4716 1339 4789 defgissent;
1369 4718 1452 4789 isti
1478 4734 1604 4773 vero
1631 4713 1824 4785 dupli-ci
1848 4724 2134 4789 apostasia,

565 4796 756 4849 nempe
796 4785 935 4852 quod
965 4786 1033 4840 ab
1086 4786 1337 4840 Ecclesia:
1381 4788 1483 4841 fide
1520 4801 1571 4843 et
1612 4785 1899 4843 tnonastica
1954 4791 2140 4845 obser-

564 4854 1079 4928 vantiaturpissime
1107 4856 1451 4928 defecerunt:
1513 4860 1644 4913 tales
1692 4862 1847 4928 plane
1899 4858 2132 4928 fuerunt,

565 4922 652 4987 qui
682 4923 851 5001 prima
896 4924 1141 5001 jecerunt
1185 4925 1523 5001 fundamenta
1569 4922 1804 4983 omnium
1850 4922 2135 5001 Interesum,

567 5006 686 5056 «pne
718 4993 818 5063 hoc
836 4996 1034 5049 sa2culo
1082 4998 1407 5063 prodierunt.
1440 4996 1509 5051 At
1537 5014 1639 5052 noo
1674 5001 1772 5053 hac
1815 4996 2019 5053 tantum
2072 4993 2136 5055 ex

572 5072 718 5138 parte
739 5062 900 5138 duplo
953 5076 1044 5138 (ιιι
1084 5062 1339 5136 diximus)
1373 5067 1579 5136 pejores
1632 5085 1789 5138 quam
1829 5071 2138 5135 Donatistm,

567 5130 660 5203 sed
721 5133 914 5199 triplo;
960 5130 1153 5202 quippe
1197 5137 1283 5203 qui
1320 5130 1466 5194 'non'.
1497 5130 1768 5200 sicut-illi,
1817 5141 1882 5193 de
1928 5130 2141 5194 nomine

566 5201 737 5275 solum
758 5201 1318 5275 moverintCatholicis
1334 5209 1701 5275 quaestionem,
1725 5210 1818 5264 sed
1840 5225 1947 5262 tem
1972 5211 2139 5273 ipsun

569 5266 766 5322 fuerint
793 5274 1139 5328 acerbissimo
1168 5278 1291 5329 odio
1322 5266 1562 5331 insectati
1598 5297 1609 5330 :
1648 5266 1830 5332 verum
1859 5290 1911 5333 et
1938 5266 2057 5332 cuin
2090 5281 2141 5333 id

569 5350 748 5414 agant,
779 5356 881 5414 non
912 5345 1089 5397 verbis
1118 5356 1341 5410 tantum,
1375 5348 1467 5400 sed
1516 5352 1671 5401 rebus
1710 5364 1963 5414 moreque
2009 5367 2143 5412 pra:-

569 5409 789 5480 donum,
827 5411 875 5463 in
900 5415 1217 5468 monasteria
1244 5409 1351 5469 tum
1388 5418 1646 5480 virorum,
1702 5428 1815 5471 tum
1870 5409 2139 5473 sacrarunt

570 5478 1187 5555 virginum,gubicunque
1212 5501 1305 5551 per
1345 5485 1451 5537 vim
1495 5478 1722 5553 licuerit,
1764 5494 1990 5555 grassati
2025 5489 2141 5542 fue-

568 5551 697 5627 rint.
720 5559 773 5603 et
801 5550 1116 5627 debacchari
1142 5550 1243 5627 non
1275 5563 1507 5627 cessent,
1538 5550 2020 5627 etiam'qiiadruplo
2046 5560 2142 5613 de-

571 5620 796 5674 teriores
834 5622 938 5676 illis
965 5624 1195 5694 habendi
1245 5624 1371 5676 sint.
1402 5622 1666 5678 Creterum
1712 5620 1853 5694 quod
1897 5620 1962 5681 ad
2010 5629 2141 5683 alias

568 5704 654 5742 res
690 5700 912 5756 spectat,
949 5693 1078 5744 nihil
1105 5702 1184 5745 est
1210 5694 1349 5759 quod
1378 5693 1787 5749 Sacrainentztrii
1850 5699 2139 5752 Donatistis

565 5760 794 5816 conferri
819 5763 1044 5831 possint,
1072 5778 1192 5816 cum
1220 5763 1294 5828 bi,
1320 5764 1500 5831 paucis
1526 5766 1843 5834 quibusdam
1873 5772 2136 5837 exceptis,

2244 528 2422 573 tirenl.

2316 588 2392 653 (d)
2430 588 2727 663 Euagrius.)
2764 591 2977 663 Smpius
3008 591 3377 663 Hieronymus
3425 595 3630 662 Evagrii
3674 613 3813 655 nunc

2242 665 2299 710 ut
2325 662 2641 730 presbyteri.
2670 677 2807 715 nunc
2834 669 2889 713 ut
2916 661 3015 713 sibi
3043 661 3364 723 charissimi.
3390 661 3615 720 nuncﬂut
3642 668 3812 723 sancti

2243 729 2501 803 meminit.
2540 732 2667 803 Vide
2713 748 2858 803 cum,
2884 732 3040 798 epist.
3089 732 3122 785 5
3164 742 3219 785 et
3247 731 3297 794 6,
3335 734 3398 787 ad
3451 734 3811 803 Florentium;

2240 798 2394 873 epist.
2421 800 2599 873 μελά
2635 802 2939 863 “limitum;
2990 804 3149 870 epist.
3181 804 3275 866 to,
3320 804 3385 857 ad
3416 798 3808 873 lnnocentiumi

2241 869 2627 942 epist.d'5,rad
2659 869 3048 935 Chromatium,
3090 872 3334 925 Jovinum
3384 886 3436 929 et
3485 869 3807 942 Eusebiutni

2242 938 2366 1011 item
2403 940 2452 991 in
2493 940 2603 993 Vita
2648 942 2834 996 Malchi
2887 943 3129 996 monachi
3177 944 3390 1009 captivi,
3441 962 3490 1000 c.
3545 949 3608 1011 l;
3662 958 3716 1001 et
3758 938 3810 1003 in

2241 1009 2507 1081 Chronico
2561 1010 2799 1073 Eusebii,
2850 1027 2991 1066 anno
3038 1012 3071 1064 2
3125 1014 3392 1067 Aureliani
3447 1009 3805 1081 imperatoris,

2238 1077 2434 1132 Christi
2462 1079 2589 1139 275.
2625 1081 2710 1134 ubi
2761 1098 2882 1136 eum
2932 1099 2993 1135 ex
3043 1083 3237 1136 familia
3291 1077 3595 1151 Pompeiani
3640 1077 3809 1152 ducis,

2240 1160 2593 1227 cognomento
2623 1152 2833 1219 Franci,
2864 1154 2955 1223 qui
2979 1153 3268 1208 Zenobiam
3300 1154 3518 1223 devicit,
3548 1158 3809 1227 originem

2239 1218 2434 1272 ducere
2459 1232 2746 1275 asseverat.

2314 1288 2590 1362 Evagrium
2628 1291 2758 1345 Vita:
2793 1292 3313 1362 httjttsintcrprctem
3342 1309 3483 1357 esse,
3542 1296 3686 1350 clare
3727 1313 3809 1350 as-

2238 1359 2369 1413 serit
2396 1360 2549 1432 divus
2594 1359 2967 1432 Hieronymus,
3017 1373 3074 1416 ut
3103 1359 3330 1418 vidimus
3380 1365 3431 1417 in
3479 1366 3681 1431 Elttgitt.
3714 1368 3809 1422 Cui

2238 1431 2581 1507 consentiunt
2590 1431 2948 1507 omniamss.
2972 1434 3294 1502 exemplaria
3315 1450 3432 1503 qua:
3478 1438 3685 1507 Evagrii
3712 1456 3808 1490 uo-

2238 1513 2359 1571 men
2385 1502 2505 1571 huic
2545 1502 2675 1556 Vitae
2714 1504 3009 1571 praeﬁgunt.

2311 1569 2423 1641 Non
2446 1570 2666 1641 defuere
2691 1569 2979 1641 tanien'qui
3006 1574 3328 1641 Hieronymo
3350 1574 3484 1629 hanc
3508 1577 3806 1632 versionem

2236 1639 2319 1694 vel
2350 1640 2692 1708 scriptionem
2738 1639 2989 1697 tribuant.
3042 1639 3280 1698 Hilarion
3321 1647 3462 1701 enim
3511 1646 3806 1708 Veroueus,

2240 1711 2933 1782 monachusimssinensis,
2984 1713 3293 1782 praefatione
3347 1729 3470 1771 ante
3518 1717 3808 1772 doctrinam

2169 1813 2215 1872 Β
2243 1779 2731 1872 ¹3ξττ9ε¹ξεείεῐέ³ξίξεεξ
2759 1799 2874 1872 es:
2894 1779 3245 1872 9"'§Y_°'_‘=!"‘_~.
3272 1785 3342 1872 ait
3374 1807 3391 1839 ι
3428 1786 3807 1872 ιιίεταυιμῐῑιιεη

2243 1851 2455 1923 Antonii
2488 1854 2733 1908 monachi
2763 1853 2936 1908 Vitam
2972 1854 3047 1923 ita
3081 1858 3439 1916 ttanstulisse,
3492 1868 3547 1910 ιιι
3596 1851 3721 1910 nihil
3754 1860 3807 1911 in

2239 1935 2299 1973 ea
2350 1922 2481 1975 desit
2512 1939 2579 1978 ex
2634 1938 2813 1985 sensu,
2860 1922 2989 1977 cum’
3030 1928 3193 1979 multa
3237 1926 3412 1979 desint
3461 1942 3524 1979 ex
3555 1928 3747 1982 verbis.
3783 1945 3801 1977 ι

2237 1990 2471 2067 Joannes
2499 2009 2721 2067 quoque
2739 1992 3019 2067 Grynants,
3051 1996 3355 2067 prolatione
3377 1997 3807 2067 Orthodoxogra-

2237 2060 2525 2187 gitimait:
2586 2060 2838 2119 (Vitam
2878 2066 3094 2120 Antonii
3151 2077 3403 2143 γραφικῶς
3453 2060 3809 2139 Hieronymus

2276 2148 2496 2187 escrtm
2529 2154 2576 2186 .»

2276 2148 2541 2199 escrtjtsu.
2558 2154 2576 2185 ι

2307 2223 2410 2297 Sed
2451 2226 2706 2297 maiorem
2734 2229 2978 2294 cuiquam
3009 2228 3392 2283 dubitationem
3425 2228 3641 2295 injicere
3670 2244 3804 2297 pos-

2236 2293 2310 2367 sit
2339 2295 2625 2359 Baronius,
2661 2299 2750 2365 qui
2792 2299 3017 2367 aliquam
3061 2314 3171 2353 suae
3227 2293 3493 2363 opinionis
3544 2293 3801 2354 ratio-nem

2236 2364 2430 2439 aderre
2472 2364 2704 2420 videtur.
2741 2364 3068 2423 Nam'nntat.
3120 2369 3185 2423 ad
3237 2370 3577 2439 Martyrolog.
3621 2370 3801 2435 Rom.,

2238 2435 2301 2506 f7
2327 2433 2445 2488 Jan.
2466 2476 2481 2500 ,
2518 2446 2792 2505 postquam
2821 2439 2928 2506 egit
2953 2440 3020 2493 de
3050 2442 3195 2494 Actis
3225 2433 3437 2494 Antonii
3472 2433 3550 2495 ex'
3571 2433 3805 2493 Albana;

2234 2504 2317 2556 sio
2360 2506 2418 2567 jn
2464 2507 2706 2560 Latinum
2755 2504 3057 2564 sermonem
3106 2511 3173 2563 ab
3206 2511 3428 2573 Evagrio
3473 2511 3806 2564 Antiocheno

2235 2576 2427 2638 versis,
2458 2578 2568 2630 ait:
2617 2595 2635 2629 ι
2675 2578 2927 2632 Pr:estitit
2954 2581 3052 2634 hoc
3081 2581 3250 2646 ipsum
3282 2582 3421 2634 idem
3455 2580 3606 2635 divus
3629 2583 3805 2634 Iliero—

2235 2660 2449 2712 nymus,
2474 2647 2771 2713 postulante
2803 2650 3163 2715 Pammachio,
3189 2661 3244 2704 ut
3275 2652 3388 2709 ipse
3418 2650 3709 2716 profitetur,
3737 2650 3804 2703 ad

2232 2719 2478 2788 eumdem
2508 2719 2750 2771 scribens
2779 2720 2937 2787 epist.
2990 2720 3111 2788 101,
3156 2723 3223 2775 de
3266 2724 3390 2787 Opt.
3439 2736 3558 2787 gen.
3584 2722 3803 2788 interp.,

2233 2800 2392 2859 quam
2418 2787 2557 2840 illam
2577 2803 2695 2859 esse
2722 2799 2967 2845 notamus
2985 2806 3101 2859 quae
3126 2793 3352 2844 habetur
3373 2806 3478 2858 ιιι-τι»
3502 2787 3802 2859 ηιθιιίἱιιιδδ

2234 2853 2401 2918 Idem,
2446 2867 2576 2911 tom.
2622 2858 2683 2912 Ill
2729 2860 2944 2924 Annal.,
2980 2853 3123 2914 anno
3165 2853 3533 2921 (dirimi-558,
3579 2877 3641 2915 ex
3695 2858 3807 2914 divi

2236 2924 2543 2997 Hieronymi
2572 2929 2798 2993 epistola
2833 2932 2953 2997 tm,
2982 2933 3192 2986 deducit
3223 2947 3343 2986 eum
3376 2946 3438 2985 ex
3467 2931 3655 2987 Grmco
3685 2945 3809 2985 ver-

2235 2997 2361 3050 tisse
2392 2996 2561 3051 Vitam
2592 3001 2760 3053 saneti
2796 3003 3032 3056 Antonii.

2306 3088 2454 3155 Legi,
2486 3091 2645 3159 relegi
2673 3095 2950 3160 epistolam
2986 3095 3126 3149 illam
3157 3109 3313 3160 quam
3358 3091 3483 3148 citat
3514 3094 3796 3157 Baronius,

2158 3174 2201 3235 ρ
2237 3174 2340 3235 non
2368 3161 2533 3235 semel
2557 3178 2703 3235 ;Anec
2737 3164 3005 3235 talequid,
3032 3165 3187 3233 quale
3207 3166 3422 3235 asserit,
3445 3162 3805 3235 deprehendi.

2236 3230 2341 3284 Sed
2367 3231 2645 3303 imposuit,
2682 3240 2737 3285 nt
2769 3230 2945 3296 video,
2979 3230 3094 3287 viro
3124 3234 3394 3303 mttltijuga
3444 3234 3669 3287 lectione
3714 3248 3811 3286 0c-

2232 3310 2446 3364 cupato,
2481 3318 2585 3355 non
2637 3302 2772 3356 bene
2800 3305 3066 3371 perlectus
3102 3302 3476 3371 Hieronymus.
3520 3303 3809 3371 Postquam

2232 3371 2374 3443 enim
2406 3372 2565 3443 divus
2586 3372 2939 3443 Hieronymus
2986 3375 3257 3428 versiones
3302 3389 3446 3436 suas,
3480 3374 3671 3441 quibus
3698 3388 3808 3443 non

2232 3440 2391 3495 verba
2424 3440 2620 3506 verbis,
2647 3444 2739 3497 sed
2787 3440 3082 3499 sententias
3132 3444 3414 3500 sententiis
3456 3440 3807 3511 exprimebat,

2234 3512 2482 3582 exemplo
2529 3512 2805 3567 Ciceronis
2851 3514 3210 3575 defendisset,
3262 3515 3438 3582 itaque
3485 3528 3544 3567 se
3591 3512 3812 3567 Eusebii

2235 3580 2532 3634 Cltronicon
2560 3592 2683 3636 ante
2716 3584 2896 3651 viginti
2940 3585 3154 3639 circiter
3192 3580 3365 3636 annos
3395 3585 3617 3638 vertisse
3664 3598 3812 3637 asse-

2237 3651 2451 3713 ruisset,
2484 3668 2549 3704 ne
2574 3652 2655 3706 vel
2681 3654 2875 3706 ethnici
2905 3664 3128 3713 tantum.
3161 3656 3241 3707 vel
3286 3671 3377 3707 sua
3411 3654 3575 3708 solius
3606 3653 3809 3707 nitere-

2238 3728 2323 3772 tur
2351 3721 2687 3787 auctoritate,
2713 3724 2857 3775 addit
2913 3735 2967 3777 et
3013 3725 3233 3777 alterius
3289 3725 3530 3793 (Evagrii
3577 3724 3811 3787 scilicet,

2238 3806 2395 3844 oqu
2430 3801 2601 3844 tamen
2632 3808 2735 3845 non
2762 3794 3021 3861 nominat)
3045 3795 3140 3847 viri
3171 3795 3364 3847 saeculo
3388 3810 3483 3847 suo
3504 3793 3633 3846 c'ari
3658 3795 3813 3846 testi-

2239 3863 2499 3933 monium.
2531 3880 2547 3912 t
2589 3862 2810 3924 Verum,
2839 3880 2905 3917 ne
2926 3880 3200 3928 meorum,
3249 3865 3438 3933 inquit.
3492 3864 3812 3931 scriptorum

2241 3944 2401 4002 parva
2430 3931 2498 4002 sit
2528 3934 2837 3998 auctoritas,
2873 3950 3171 4002 quanquam
3215 3931 3545 3987 hoc—tantum
3586 3934 3815 3999 probare

2238 3999 2521 4061 voluerim,
2577 4018 2661 4056 tne
2708 3999 2924 4069 semper
2954 3999 3419 4057 ah'adolescentia
3474 4018 3578 4056 non
3623 4003 3809 4065 verba,

2241 4071 2334 4124 sed
2360 4073 2661 4155 sententias
2694 4074 3060 4155 transtulisse;
3087 4075 3259 4155 qualis
3290 4090 3450 4155 super
3490 4074 3591 4155 hoc
3607 4087 3816 4155 genere

2244 4139 2641 4207 prmfatittnciila
2673 4142 2742 4196 sit
2785 4144 2836 4197 in
2872 4144 3027 4206 libro,
3080 4139 3184 4209 quo
3236 4139 3374 4197 beati
3425 4139 3641 4197 Antonii
3694 4142 3814 4194 Vita

2240 4211 2557 4282 dest-ribitur
2587 4210 2814 4282 (scilicet
2840 4212 2907 4265 ab
2948 4212 3173 4281 Evagrio
3205 4213 3560 4277 Antiocheno,
3604 4222 3661 4265 ut
3702 4213 3817 4278 ipse

2240 4289 2465 4332 testatur
2498 4281 2547 4333 iu
2579 4281 2739 4335 eatal.
2773 4284 2963 4336 illnstr.
2997 4283 3200 4336 Eccles.
3233 4286 3502 4349 scriptor.,
3530 4298 3650 4347 cap.
3686 4282 3816 4347 1-25)

2243 4350 2409 4413 ipsius
2436 4351 2665 4405 lectione
2690 4368 2971 4421 cognosce.
3010 4372 3028 4403 ι
3065 4354 3126 4407 Ει
3154 4354 3331 4407 subdit
3361 4369 3477 4407 eam
3509 4349 3820 4421 praefation-

2241 4421 2435 4491 culam,
2466 4436 2585 4489 qua:
2610 4421 2731 4476 huic
2766 4420 2867 4490 ipsi
2914 4422 3049 4475 Vitre
3092 4424 3402 4491 przeligitur.
3446 4442 3462 4473 ι
3510 4424 3587 4475 Ex
3626 4420 3726 4473 alia
3764 4424 3817 4475 itt

2242 4490 2398 4543 aliam
2426 4491 2654 4560 linguam
2677 4506 2930 4557 expressa
2948 4493 3011 4544 ad
3032 4490 3569 4552 verbumitranslatin,
3594 4505 3817 4545 sensum

2240 4562 2436 4626 operit,
2463 4571 2518 4615 et
2548 4562 2707 4615 veluti
2734 4562 2855 4616 laeto
2893 4563 3132 4630 gramine
3172 4573 3284 4615 sata
3331 4563 3643 4627 strangulat.
3679 4560 3818 4614 Dum

2241 4630 2382 4683 enim
2400 4631 2621 4711 casibus
2640 4642 2694 4686 et
2720 4632 3085 4711 ﬁgurisservit
3114 4633 3306 4711 oratio,
3348 4633 3487 4711 quod
3530 4631 3678 4711 brevi
3719 4647 3820 4711 po-

2242 4709 2372 4753 terat
2400 4700 2623 4754 indicari
2646 4700 2919 4764 sermone,
2954 4703 3110 4769 longo
3131 4703 3330 4757 ambitu
3368 4700 3689 4756 circumacta
3723 4700 3818 4753 vix

2239 4771 2493 4837 explicat.
2528 4770 2637 4824 lloc
2673 4771 2835 4841 igitur
2852 4787 2952 4842 ego
2970 4773 3161 4835 vitans,
3189 4773 3257 4825 ita
3291 4773 3502 4825 beatum
3532 4772 3822 4825 Antonium

2240 4847 2294 4893 te
2323 4850 2533 4903 petente
2557 4842 2878 4905 transposui,
2921 4850 2977 4894 ut
3013 4842 3143 4895 nihil
3192 4842 3331 4895 desit
3375 4857 3439 4896 ex
3471 4856 3663 4901 sensu,
3697 4855 3822 4893 cum

2240 4910 2439 4981 aliquid
2471 4910 2691 4964 desitex
2730 4911 2929 4965 verbis.
2980 4913 3081 4965 Alii
3118 4912 3348 4981 syllabas
3377 4922 3717 4980 aucupentur
3765 4918 3826 4964 et

2241 4979 2463 5042 litteras,
2495 4991 2548 5033 tu
2579 4996 2758 5048 qurere
2793 4979 3186 5035 sententiam.)

2316 5070 2493 5135 Vides,
2520 5071 2707 5136 lector,
2734 5072 2859 5141 quid
2894 5074 3178 5126 Baronium
3206 5073 3256 5126 in
3293 5087 3532 5128 errorem
3570 5071 3827 5126 traxerit.

2247 5140 2369 5196 Haec
2396 5143 2536 5193 enim
2555 5140 2876 5214 verbgﬂoc
2896 5144 3052 5214 igitur
3072 5159 3163 5208 ego
3196 5144 3382 5214 vinus,
3413 5155 3542 5214 etc.,
3576 5158 3681 5214 non
3708 5142 3831 5195 Hie—

2247 5214 2456 5279 ronymi
2496 5220 2619 5264 sunt
2645 5212 2709 5265 ad
2740 5211 3159 5273 Pamniacbium.
3191 5215 3285 5267 sed
3312 5213 3523 5280 Evagrii
3553 5212 3618 5265 ad
3662 5211 3832 5264 Inno-

2245 5283 2500 5361 centium,
2534 5284 2704 5361 ut__lii_c
2742 5283 2906 5336 habes
2939 5287 2989 5361 in
3024 5282 3421 5351 prirfatiuncnla
3452 5284 3580 5335 Viue
3602 5281 3832 5361 Antonii

2247 5353 2543 5415 prsetnissa.
2575 5352 2741 5421 Cujus
2770 5354 3085 5407 auctoritate
3132 5368 3255 5406 suas
3282 5368 3496 5419 quoque
3541 5352 3833 5421 versiones

2246 5429 2423 5473 tuetur
2455 5420 2829 5490 Hieronymus.
2871 5424 2925 5477 Si
2955 5423 3097 5476 enim
3133 5423 3247 5476 haec
3294 5422 3535 5490 prselatio
3566 5420 3674 5474 divi
3704 5420 3837 5474 Hie-

2245 5492 2452 5553 ronymi
2511 5502 2674 5555 esset,
2729 5508 2831 5545 non
2882 5492 3106 5546 dixisset
3142 5507 3344 5561 supra:
3409 5511 3428 5545 ι
3488 5493 3706 5553 Verum,
3765 5506 3839 5544 ne

2246 5575 2484 5614 meorum
2536 5566 2854 5629 scriptorum
2896 5576 3059 5628 parva
3113 5565 3183 5615 sit
3222 5564 3533 5625 auctoritas,
3567 5580 3586 5613 ι
3633 5561 3841 5630 quibus

2244 5629 2481 5685 insinuat
2508 5646 2569 5686 se
2591 5632 2811 5684 alterius
2840 5634 3209 5685 auctoritatem
3232 5633 3642 5686 advocaturum.

2319 5701 2469 5755 Adde
2490 5702 2628 5768 quod
2653 5702 2705 5755 in
2727 5702 2943 5769 prologo
2964 5703 3027 5754 ad
3053 5703 3220 5756 Vitam
3241 5703 3385 5757 Pauli
3413 5703 3563 5771 primi
3589 5701 3846 5771 eremitm

2248 5769 2602 5839 Hieronymus
2652 5774 2771 5828 ait:
2827 5790 2847 5825 ι
2896 5774 3027 5839 Quia
3084 5775 3151 5831 de
3198 5769 3430 5829 Antonio
3483 5784 3589 5826 tam
3641 5770 3855 5831 Greece
