4002 6230
202 356 287 410 li}
1294 353 1443 408 VlTA
1487 352 1686 409 BEATI
1725 352 1997 408 ANTONII
2038 353 2348 409 ABBATIS.

3358 357 3454 411 i'lb'

196 484 340 539 quant
395 468 647 523 Romano
704 468 847 538 ston
902 466 1191 535 diligenter
1261 470 1528 538 proditum
1581 478 1684 525 est.
1736 489 1755 523 ι
1789 478 1837 533 Α
1867 472 2067 536 nasius,
2094 471 2212 525 etsi
2245 486 2346 539 qua
2369 470 2630 537 ejusmodi
2657 478 2782 524 sunt
2809 469 2931 524 alia.
2967 469 3232 523 Hactenus
3261 469 3452 525 Posse-

196 539 343 609 Quaei
371 540 462 593 alii
486 538 821 604 prodiderint
840 580 854 599 ,
885 552 995 609 non
1022 540 1152 609 ipse.

260 612 381 665 Hec
415 610 584 663 fusius
606 609 876 675 aliquanto
899 607 1127 669 deduxi,
1163 624 1231 661 ne
1262 616 1460 663 temere
1496 610 1705 664 viderer
1733 626 1763 664 a

195 684 299 734 viro
330 696 524 744 magno
550 679 821 747 recedere.
848 676 1058 731 Maneat
1092 678 1250 747 igitur
1282 679 1539 745 Evagrius
1579 683 1767 736 Antio-

196 751 539 809 clienus,Vit:e
568 748 726 815 hujus
755 745 1039 813 interpres.

258 822 435 881 Dices.
458 820 725 882 Gelasms,
745 820 944 871 decret.
969 818 1037 870 de
1059 817 1179 871 libr.
1204 818 1448 872 antlient.
1486 828 1539 873 et
1560 836 1767 888 apocr.,

196 894 245 947 li.
272 892 357 957 to,
393 890 605 945 videtur
636 902 880 941 asserere
919 889 1079 942 etiam
1126 890 1340 941 Antonii
1390 888 1562 942 Vitam
1590 906 1617 941 a
1645 893 1766 945 divo

199 964 516 1029 lliermiymo
538 959 811 1024 scriptam.
837 958 922 1011 Ait
942 958 1085 1029 enim
1110 975 1125 1012 :
1155 976 1173 1008 ι
1197 957 1349 1029 Vitas
1362 957 1576 1013 Patrum
1594 960 1763 1027 Pauli,

196 1027 426 1092 Antonii,
452 1030 759 1089 Hilarionis,
812 1034 867 1080 et
901 1027 1137 1082 omnium
1193 1028 1586 1098 Eremitarum,
1632 1046 1768 1098 quas

198 1114 361 1155 tamen
405 1100 490 1155 vir
518 1099 857 1152 beatissimus
906 1098 1189 1167 descripsit
1226 1096 1610 1169 Hieronymus,
1643 1096 1763 1155 cum

194 1175 324 1226 omni
356 1172 561 1223 honore
589 1169 929 1236 suscipimus.
968 1185 987 1218 ι

260 1240 550 1301 Baronius,
606 1247 776 1292 notat.
831 1237 900 1290 ad
958 1237 1391 1308 Martyrologium
1440 1240 1763 1307 Romanum,

132 1309 149 1316 ’
194 1311 290 1380 34
311 1311 383 1362 Π
426 1310 689 1380 Januarii,
733 1324 795 1380 es
828 1308 1133 1380 Hieronymi
1158 1308 1318 1380 epist.
1364 1310 1489 1375 101,
1524 1325 1628 1363 non
1664 1312 1766 1364 rite

194 1378 475 1438 intellecta.
506 1380 579 1431 uti
624 1379 730 1445 jam
767 1378 1163 1443 demonstravi,
1192 1379 1519 1433 existimavit
1570 1380 1763 1434 factum

198 1463 246 1503 ut
286 1450 531 1504 Gelasius
578 1448 780 1501 dixerit
826 1448 1208 1518 Hieronymum
1256 1464 1361 1501 non
1401 1457 1506 1502 tam
1559 1453 1766 1504 vertisse

194 1537 337 1589 quam
366 1520 635 1584 scripsisse
664 1518 876 1589 Antonii
911 1516 1105 1578 Vitam,
1132 1518 1253 1587 quia
1279 1535 1381 1570 non
1396 1519 1555 1589 uerba
1583 1521 1763 1584 verbis,

195 1588 273 1643 sed
298 1590 578 1644 sententias
605 1588 886 1641 reddiderit
913 1588 1222 1658 sententiis,
1257 1588 1409 1652 Quod
1462 1590 1634 1658 ipsum
1686 1606 1768 1645 re-

196 1663 311 1728 petit
331 1668 477 1712 tomo
512 1658 575 1710 Ill
605 1658 825 1719 Anual.,
856 1671 1001 1710 anno
1031 1656 1227 1712 Christi
1253 1658 1379 1712 558.

259 1729 601 1787 Possevinns.
634 1730 901 1797 Apparatu
927 1741 1100 1792 sacro,
1132 1729 1183 1780 in
1210 1728 1462 1794 Antonio,
1517 1728 1617 1783 etsi
1640 1743 1760 1783 cum

196 1799 410 1854 Baronio
440 1796 713 1852 existimet
738 1796 916 1869 Vitam
965 1798 1181 1852 Antonii
1207 1813 1237 1852 a
1285 1798 1408 1851 divo
1437 1799 1762 1869 Hieronymo

193 1884 393 1938 quoque
425 1869 697 1921 Latiuitati
721 1868 991 1928 donatam,
1024 1868 1181 1920 aliain
1214 1877 1389 1921 tamen
1422 1868 1647 1924 causam
1668 1884 1754 1924 as-

192 1942 352 2008 signat
381 1954 479 1992 eur
508 1938 752 1992 Gelasius
772 1938 915 1991 dicat
953 1952 1071 1991 eum
1108 1939 1369 2008 scripsisse
1395 1938 1527 2007 (non
1556 1950 1758 2004 autem,

191 2010 409 2073 rei-tisse)
462 2008 632 2060 Vitam
680 2008 847 2061 sancti
891 2008 1128 2061 Antonii.
1172 2008 1309 2073 Non,
1355 2009 1557 2074 inquit,
1588 2011 1759 2063 solum

189 2079 300 2145 quia
349 2079 643 2149 sententias
664 2076 941 2131 sententiis
967 2077 1215 2143 reddidit,
1248 2087 1302 2131 ut
1329 2079 1545 2147 quidam
1578 2080 1766 2149 (Baro-

184 2151 319 2216 nius)
353 2148 692 2208 existimavit,
725 2163 907 2200 Vt‘l'lﬂll
924 2150 1088 2217 etiam
1111 2149 1231 2216 quia
1262 2148 1606 2217 integriorem
1635 2150 1765 2203 emi-

181 2221 270 2275 sit.
304 2219 526 2272 Antonii
554 2218 685 2271 eniin
716 2216 935 2286 .Egypti
968 2219 1173 2287 Magni,
1221 2216 1395 2271 adhuc
1439 2220 1760 2286 superstitis,

180 2304 302 2343 eum
334 2289 651 2342 Athanasius
675 2287 842 2340 Vitam
874 2286 1151 2350 scriberet,
1178 2288 1372 2341 factum
1395 2296 1475 2340 est
1497 2299 1551 2341 ut
1574 2302 1758 2341 eorum

181 2374 300 2424 qua:
327 2359 612 2411 subsecuta
661 2367 786 2410 sunt
838 2358 1195 2425 prateriiiissa
1228 2357 1333 2411 sint
1362 2358 1559 2425 aliqua,
1606 2368 1664 2411 ut
1707 2369 1761 2413 et

180 2430 392 2482 Antonii
423 2430 599 2481 obitus
620 2429 880 2482 incertum
905 2428 975 2480 sit
1003 2443 1127 2481 num
1158 2436 1390 2481 attextus
1411 2427 1480 2481 sit
1503 2428 1757 2498 deinec-ps

182 2500 247 2549 ab
265 2497 580 2556 Athanasio.
612 2513 771 2566 quem
800 2499 1023 2550 Romam
1050 2498 1292 2551 attulisse
1323 2513 1408 2551 res
1433 2499 1502 2551 ab
1525 2497 1758 2552 Antonio

180 2580 351 2634 gestas
378 2579 505 2621 ante
526 2566 801 2621 biennium
844 2568 960 2635 ejus
992 2570 1179 2620 mortis
1220 2566 1482 2637 (intelligo
1513 2568 1597 2620 hic
1626 2568 1759 2622 Pos-

180 2640 417 2691 sevinum
450 2638 515 2691 de
546 2648 720 2692 morte
752 2638 920 2703 Pauli)
954 2653 1144 2705 nempe
1174 2652 1202 2689 a
1247 2637 1387 2690 .lulio
1416 2646 1559 2705 pont.
1586 2639 1758 2692 maxi-

180 2723 263 2759 mo
286 2721 556 2771 vocatum,
610 2708 967 2777 Hieronymus
1022 2716 1221 2760 narrat.
1253 2707 1331 2761 Ac
1364 2709 1583 2774 proinde
1618 2708 1755 2762 haud

181 2778 476 2831 mirandum
508 2777 554 2831 si
586 2777 671 2831 hic
718 2778 771 2831 in
823 2779 933 2832 Vita
967 2777 1110 2831 Pauli
1154 2790 1333 2831 narret
1371 2792 1492 2846 qum
1524 2779 1759 2831 Athana-

179 2848 281 2899 sius
310 2849 514 2910 omisit,
538 2847 605 2901 de
637 2850 879 2901 daemone
909 2849 959 2899 in
989 2847 1391 2917 liippocentanri
1433 2851 1630 2916 specie,
1689 2848 1757 2901 de

180 2919 381 2969 Antonii
405 2933 842 2987 congressurum
877 2917 1063 2981 Paulo,
1098 2919 1163 2971 de
1189 2934 1351 2971 corvo
1396 2933 1585 2986 pinem
1621 2918 1754 2972 alle-

181 3000 341 3051 rezite,
366 2988 437 3043 de
481 2988 642 3056 pallio
666 2988 807 3057 quod
862 2988 1093 3042 Antonio
1123 2986 1339 3056 largitus
1383 2991 1557 3042 fuerat
1591 2991 1756 3041 Atha—

1870 556 2044 595 VlllllS.

1947 613 2060 681 Ego
2099 624 2247 676 vero,
2295 620 2351 664 ut
2399 610 2680 673 Evagrinm
2731 609 2903 664 Vitam
2958 610 3182 664 vertisse
3230 610 3448 664 Antonii

1870 680 2013 734 clare
2038 683 2186 744 satis,
2218 681 2318 734 nisi
2348 696 2432 735 tne
2466 680 2599 734 fallit
2654 682 2852 745 Opinio,
2912 681 3154 747 probavi,
3190 682 3329 745 quod
3377 681 3446 733 ab

1870 751 2197 820 Hieronymo
2219 766 2428 820 quoque
2458 752 2675 820 factum,
2708 766 2810 804 non
2840 766 2990 817 teque
3024 752 3301 818 probatum
3324 762 3442 814 est;

1870 818 1941 873 ita
1977 818 2138 874 rideri
2164 822 2321 875 alicui
2345 818 2509 889 possit
2537 819 2808 885 Gelasius,
2841 836 2960 874 cum
2997 821 3165 873 Vitam
3217 820 3365 873 Pauli
3395 830 3449 873 et

1873 890 2177 963 Antoniiab
2202 891 2524 963 Hieronymo
2549 896 2621 943 ait
2658 892 3001 958 descriptam,
3034 891 3331 963 respexisse
3380 889 3443 963 ad

1871 960 2019 1014 Pauli
2047 960 2241 1021 Vitam.
2272 963 2323 1016 in
2352 959 2455 1030 qua
2488 973 2627 1015 tanta
2676 975 2839 1031 prope
2871 959 3082 1031 Antonii
3113 975 3269 1025 quant
3295 959 3444 1031 Pauli

1873 1031 1933 1082 fit
1962 1032 2182 1085 mentio.
2224 1032 2289 1085 Et
2309 1048 2435 1086 sane
2458 1032 2643 1086 Graeca
2680 1030 2849 1098 hujus
2894 1030 3027 1083 Vitae
3077 1031 3352 1097 inscriptio
3394 1030 3445 1082 in

1870 1098 2195 1155 bibliotheca
2251 1103 2501 1156 Bavarica
2558 1115 2841 1166 utrumque
2893 1099 3127 1166 praifert.
3187 1100 3259 1152 Ita
3298 1098 3441 1153 enin:

1872 1169 2069 1244 habet:
2103 1176 2451 1244 AtfiWGt§_TOl3
2476 1172 2621 1244 ἁγίου
2656 1172 2850 1244 Παύλου
2886 1168 3450 1244 Θη-ϐαίᾳυρεᾳίβΑντω·

1868 1242 1969 1312 vim)
1990 1239 2283 1312 Aiywrjoo.
2322 1239 2600 1295 Enarrdtio
2634 1243 2696 1295 de
2718 1250 2893 1293 sancto
2933 1239 3102 1293 Paulo
3132 1239 3370 1306 Thebaao,
3400 1247 3447 1291 et

1867 1310 2086 1381 Antonio
2114 1310 2386 1381 [Egi/ptio.

1939 1379 2050 1433 Nisi
2082 1376 2210 1449 quis
2225 1376 2365 1434 forte
2415 1380 2694 1450 Evagrium
2714 1420 2730 1446 ,
2787 1380 3032 1450 Graecum
3064 1376 3353 1450 hominem,
3393 1388 3449 1431 et

1872 1448 2199 1518 Hieronymo
2227 1448 2745 1516 conjunctissimum,
2777 1449 3183 1517 studiorumque
3214 1448 3330 1517 ejus
3354 1463 3444 1513 pa-

1872 1529 2106 1582 tronum,
2133 1523 2183 1573 iit
2219 1523 2469 1573 vertenda
2518 1519 2732 1574 Antonii
2766 1520 2878 1572 Vita
2899 1561 2914 1584 ,
2946 1519 3253 1588 Hieronymi
3284 1533 3445 1584 Opera

1872 1604 2024 1641 risum
2056 1606 2176 1644 esse
2204 1592 2349 1655 velit,
2370 1605 2571 1658 suaque
2606 1589 2863 1643 censoriae
2896 1589 3199 1657 Hieronymi
3231 1588 3448 1654 virgu'ae

1868 1658 2177 1729 subiecisse.
2208 1658 2367 1713 Certe
2396 1660 2731 1714 intermicant
2781 1660 2963 1714 nescio
3017 1673 3137 1729 quae
3186 1658 3433 1726 llierony.

1872 1728 2031 1781 tniani
2059 1731 2180 1798 styli
2208 1730 2489 1783 stricturae.

1942 1793 2252 1868 Quanquam
2284 1800 2460 1854 dicere
2485 1800 2607 1869 quis
2638 1799 2824 1867 possit,
2850 1798 3095 1867 Evagrio,
3123 1796 3222 1851 etsi
3258 1793 3446 1869 Antio-

1867 1868 2041 1922 chi-no
2072 1864 2296 1934 homini,
2342 1864 2580 1923 Latinam
2611 1864 2895 1923 dictionem
2927 1864 3080 1936 tique
3108 1878 3265 1936 atque
3290 1864 3446 1919 Grin-

1870 1953 1986 1991 catn
2021 1940 2328 1993 familiarem
2362 1938 2544 2003 fuisse,
2577 1943 2774 2008 quippe
2806 1943 2891 2003 qui
2923 1940 3184 2006 originem
3228 1938 3389 2008 ducat
3415 1949 3446 1987 a

1874 2008 2196 2075 Pompeiano
2224 2011 2380 2071 duce,
2413 2004 2765 2077 cognomento
2794 2004 3029 2070 Franeo,
3052 2016 3108 2060 ut
3139 2008 3301 2060 habet
3330 2004 3449 2057 Hie-

1871 2093 2130 2148 ronymus
2158 2079 2210 2131 in
2264 2079 2548 2142 Chronico,
2577 2080 2717 2145 quod
2748 2093 2908 2143 supra
2939 2078 3236 2138 citavimus,
3285 2089 3446 2144 quem

1869 2146 2115 2201 Latinum
2150 2149 2420 2202 hominem
2445 2148 2606 2202 fuisse
2635 2164 2761 2202 vero
2788 2157 2871 2201 est
2891 2149 3087 2200 simile.

1941 2219 2204 2287 Quidquid
2230 2218 2443 2272 demum
2483 2221 2573 2283 sit,
2626 2219 2874 2271 existimo
2919 2217 3199 2284 plerasque
3231 2212 3445 2287 Patrum

1871 2285 2020 2341 Vitas
2049 2285 2164 2342 sine
2194 2288 2427 2341 auctoris
2472 2300 2524 2342 et
2556 2289 2856 2356 interpretis
2900 2288 3113 2339 nomine
3161 2287 3287 2356 o|_i_rn
3345 2285 3449 2336 cir-

1866 2359 2144 2422 eumlatas,
2191 2359 2332 2411 unde
2386 2369 2490 2411 tarn
2542 2354 2798 2411 varia'de
2847 2358 3155 2410 auctoribus
3200 2354 3446 2407 Vitarum

1868 2425 2084 2482 Patrum
2115 2430 2297 2497 opinio
2323 2441 2437 2481 orta
2472 2430 2587 2488 fuit,
2619 2438 2670 2481 ut
2705 2428 2934 2480 vidimus
2958 2441 3117 2493 supra
3137 2465 3154 2489 ,
3184 2425 3240 2497 in
3270 2423 3449 2497 prole-

1860 2501 2104 2565 gomenis
2125 2494 2484 2567 generalibus.
2506 2499 2642 2564 Quin
2676 2499 2811 2551 hanc
2838 2499 3003 2565 ipsam
3032 2495 3244 2567 Antonii
3276 2494 3445 2567 Vitam

1862 2559 2034 2622 citatis
2063 2559 2214 2623 titius
2262 2559 2635 2639 llieronytiius,
2669 2559 2891 2639 epistol-ai
2940 2566 3191 2639 illa_l0l,
3240 2578 3357 2631 cap.
3388 2559 3446 2627 2,

1860 2654 2028 2707 seque
2056 2638 2359 2707 interpretis
2408 2636 2809 2707 pii-.cfatiuncula
2855 2636 3173 2707 defendens,
3206 2648 3309 2685 non
3336 2647 3449 2707 ine-

1863 2704 2018 2761 miiiit
2048 2704 2276 2763 nominis
2327 2704 2651 2777 interpretis.
2686 2706 2837 2763 Unde
2881 2706 3123 2777 fortassis
3164 2704 3277 2777 base
3302 2704 3447 2777 __Au-

1862 2780 1994 2852 toiiii
2036 2795 2251 2852 quoque
2310 2779 2423 2831 Vita
2468 2771 2615 2852 inter
2662 2779 2923 2852 Pauli_et‘
2961 2775 3248 2852 Hilarionis
3302 2771 3446 2852 Vitas

1859 2848 1988 2902 olim
2042 2844 2308 2916 descripta
2336 2889 2350 2913 ,
2400 2851 2734 2903 occasionem
2805 2847 2953 2900 dedit
2998 2844 3218 2899 Gelasio
3259 2844 3449 2897 existi-

1860 2918 2041 2971 mandi
2074 2919 2453 2989 Hieronymum
2484 2934 2691 2988 quoque
2723 2916 2853 2970 Vitae
2902 2916 3117 2969 Antonii
3165 2924 3442 2967 auctorem

1861 3002 2001 3053 esse,
2035 2988 2126 3057 qui
2150 2988 2373 3043 duarum
2403 2989 2624 3041 aliarum
2653 2998 2837 3041 auctor
2876 2996 2978 3042 est.

192 3136 3453 3187 π

1552 3287 1683 3330 XVII
1730 3285 2054 3328 JANUABII.

254 3428 738 3582 VITA
832 3430 1424 3571 BEATI
1506 3423 2331 3573 ANTONII
2403 3427 3063 3567 ABBAT
3078 3422 3255 3566 IS
3309 3524 3354 3585 ς

176 3699 700 3771 AUCTonE
753 3698 1164 3771 SANCTO
1244 3694 1936 3771 ATHANASto.
2022 3692 2538 3765 EPISCOPO
2603 3654 3446 3761 ALEXANDntNo.

770 3875 1271 3935 JNTERPHETE
1316 3874 1678 3934 EVAGRIO
1725 3869 2247 3933 PHESBYTERO
2293 3867 2836 3930 ANTIOCHENO.

882 4114 1254 4226 cvagrii
1330 4114 1432 4205 ab
1509 4102 2141 4209 ﬁluuocentittm
2198 4114 2284 4209 (1)
2336 4111 2774 4223 protogns.

239 4333 341 4404 35
378 4330 689 4398 Presbyter
721 4326 980 4397 Evagrius
1012 4330 1324 4385 Innocentio
1346 4327 1663 4383 clittrissimo
1694 4326 1800 4380 lilio
1847 4327 1898 4379 in
1934 4326 2159 4380 Domino
2196 4328 2444 4382 salutem.

238 4421 309 4472 Ex
337 4422 444 4473 alia
481 4420 535 4471 in
562 4418 722 4471 aliam
750 4417 979 4487 linguam
1004 4419 1070 4472 ad
1106 4419 1324 4473 verbum
1354 4433 1608 4486 expressa
1639 4416 1939 4481 translatio,
1966 4431 2157 4471 sensus
2178 4420 2374 4485 operit,
2400 4426 2456 4471 et
2490 4416 2650 4475 veluti
2698 4415 2874 4467 laetum
2900 4427 3116 4483 gramen
3147 4420 3260 4465 sata
3283 4420 3456 4463 stran~

174 4512 321 4576 gulat.
348 4512 486 4564 Dum
519 4511 669 4563 enim
700 4512 911 4563 casibus
939 4519 994 4564 et
1033 4510 1216 4579 liguris
1246 4510 1405 4563 servit
1434 4508 1630 4573 oratio,
1660 4507 1800 4576 quod
1831 4508 1974 4560 brevi
2008 4504 2225 4576 poterat
2260 4507 2484 4561 indicari
2512 4520 2780 4568 sermone,
2811 4504 2967 4572 longo
2994 4502 3195 4556 ambitu
3223 4501 3450 4554 circumo

174 4614 277 4654 aeta
326 4605 417 4658 vix
468 4603 729 4671 explicat.
764 4602 873 4656 Hoc
918 4602 1079 4670 igitur
1107 4616 1208 4671 ego
1235 4601 1428 4667 vitans,
1462 4601 1624 4653 vitam
1666 4600 1804 4653 beati
1844 4600 2087 4664 Antonii,
2125 4609 2177 4654 te
2221 4610 2457 4668 petente.
2490 4600 2559 4653 ita
2595 4597 2916 4665 tranSpoSni,
2948 4604 3005 4649 ut
3033 4595 3164 4649 nihil
3211 4594 3346 4647 desit
3392 4606 3458 4649 ex

173 4711 349 4758 sensu,
376 4711 503 4750 cum
534 4694 742 4763 aliquid
765 4693 912 4747 desit
940 4707 1003 4745 ex
1034 4692 1236 4746 verbis.
1267 4689 1369 4744 Alii
1393 4690 1624 4760 syllabas
1644 4701 1974 4758 aucupentur
2002 4696 2057 4745 et
2082 4690 2311 4754 litteras,
2342 4699 2589 4759 tuqutere
2612 4687 2957 4742 sententiam.

3247 4851 3450 4870 ID“

2893 4854 3240 4868 —_—‘

390 4990 1035 5070 ATHANASII
1094 4985 1635 5069 EPISCOPI
1708 4981 2536 5068 ALEXANDRINI
2588 4982 3243 5066 PREFATIO.

238 5152 574 5206 Athanasius
604 5152 886 5219 episcopus
914 5151 981 5204 ad
1012 5150 1322 5219 peregrinos
1354 5149 1568 5205 fratres.

238 5246 555 5314 Optimum,
590 5242 807 5311 fratres,
841 5244 1038 5297 iniistis
1067 5253 1372 5308 certamen;
1400 5251 1491 5295 aut
1522 5242 1721 5311 aequari
1744 5239 1961 5311 {Egypti
1987 5239 2283 5302 monachis,
2309 5247 2401 5292 aut
2427 5252 2680 5306 superare
2704 5237 2933 5292 nitentes
2961 5237 3170 5291 virtutis
3190 5237 3459 5294 instantia.

178 5337 400 5394 Etenim
426 5337 570 5404 apud
599 5351 695 5390 vos
720 5337 829 5403 jam
856 5335 1086 5403 plurima
1114 5343 1238 5388 sunt
1264 5334 1621 5399 monasteria;
1652 5332 2032 5386 monachorum
2060 5346 2271 5401 quoque
2296 5346 2492 5385 nomen
2524 5340 2603 5384 est
2626 5330 2839 5385 celebre
2862 5349 2876 5397 ;
2900 5340 2953 5384 et
2976 5331 3111 5384 hanc
3135 5329 3462 5383 voluntatem

173 5439 422 5483 vestram
452 5427 601 5496 juste
630 5427 857 5495 quisque
887 5426 1207 5489 mirabitur;
1262 5423 1649 5491 orantibusque
1680 5423 1831 5477 vobis
1858 5434 2098 5492 optatum
2128 5421 2272 5475 Deus
2311 5420 2505 5475 tribuet
2541 5420 2812 5475 ell'ectum.
2846 5420 3110 5488 Quoniam
3140 5418 3302 5486 igitur
3329 5433 3468 5473 exe-

166 5521 317 5586 gistis
346 5536 381 5573 a
412 5535 501 5573 me
534 5528 591 5572 ttt
615 5520 764 5573 vobis
790 5519 1079 5573 scriberem
1127 5518 1193 5571 de
1222 5516 1631 5571 conversatione
1658 5516 1799 5569 beati
1850 5516 2086 5577 Antonii,
2123 5514 2424 5569 volentibus
2454 5513 2663 5568 discere
2713 5513 3169 5582 quemadmodum
3219 5511 3462 5581 coeperit,

170 5611 334 5675 quive
367 5611 534 5663 fuerit
558 5618 682 5661 ante
705 5616 945 5661 sanetum
979 5608 1333 5676 propositum,
1369 5606 1579 5673 qualern
1610 5605 1773 5658 etiam
1808 5604 2054 5658 habuerit
2079 5604 2361 5657 terminum
2389 5606 2532 5668 vitte,
2563 5613 2616 5660 et
2642 5604 2684 5658 si
2712 5618 2836 5657 vera
2873 5603 2980 5656 sint
3009 5618 3069 5657 ea
3098 5618 3218 5673 qua:
3246 5601 3314 5656 de
3345 5602 3458 5668 ipso

170 5703 307 5759 tanta
337 5703 624 5774 dispersit,
661 5713 718 5756 ut
746 5703 809 5757 ad
832 5703 949 5772 ejus
970 5702 1364 5757 aemulationem
1394 5709 1555 5768 atque
1582 5699 1884 5769 exemplum
1913 5713 2006 5752 vos
2038 5698 2315 5752 instituere
2366 5696 2603 5765 possitis,
2636 5711 2828 5763 magna
2860 5709 2979 5747 cum
3027 5693 3207 5746 Iretitia
3255 5687 3467 5754 suscepi

168 5805 369 5851 vestra:
397 5796 682 5850 charitatis
715 5793 1015 5859 imperium.
1046 5793 1254 5849 Etenim
1288 5790 1414 5845 tnilti
1447 5791 1634 5858 ingens
1664 5790 1869 5845 lucrum
1919 5801 1997 5845 est
2048 5797 2207 5855 atque
2257 5787 2457 5841 utilitas
2514 5786 2614 5841 hoc
2663 5788 2836 5852 ipsum
2870 5783 3009 5851 quod
3051 5779 3310 5835 recordor
3361 5780 3470 5832 Au-
