4002 6250
534 334 632 389 127

1586 340 1673 393 DE
1716 340 1887 393 \‘lTIS
1929 341 2202 395 PATiiUll
2248 340 2448 396 LIBER
2490 341 2757 395 PRIMUS.
3684 349 3777 400 lii

533 449 655 502 tonii
685 449 786 518 (εὶ),
818 459 871 504 et
899 465 993 505 vos
1030 467 1150 506 cum
1181 451 1535 506 admiratione
1563 454 1843 509 audientes
1871 496 1885 519 ,
1931 455 2044 510 scio
2069 455 2183 521 ejus
2212 454 2536 522 propositum
2559 468 2756 521 cupere
2783 453 2975 506 sectari
3003 470 3015 506 :
3049 454 3279 522 perfecta
3326 466 3410 510 est
3434 459 3690 527 siquidem
3718 463 3777 515 ad

531 537 776 593 virtutem
809 543 913 609 via,
947 545 1230 596 Antonimn
1263 544 1398 596 scire
1445 545 1562 612 quis
1597 545 1780 597 fuerit.

607 652 743 722 Ergo
768 665 824 707 ut
855 657 1087 711 breviter
1109 657 1309 722 d‘cam,
1332 667 1383 710 et
1406 659 1674 722 omnibus,
1704 675 1823 727 qua:
1851 659 1917 713 de
1943 674 2008 712 eo
2033 658 2372 713 referentimn
2421 673 2600 712 sermo
2623 656 2843 727 jactavit
2870 662 3094 725 credite,
3144 674 3198 717 et
3239 665 3454 718 minima
3487 681 3580 718 vos
3609 668 3782 720 existi-

531 758 673 800 male
705 751 919 804 audisse
967 751 1033 804 de
1063 753 1308 806 maximis
1333 769 1346 814 ;
1375 753 1496 821 quia
1526 769 1627 805 non
1660 753 1872 822 ambigo
1911 769 2006 806 nec
2036 768 2128 807 eos
2157 754 2333 806 mnnia
2369 755 2606 821 potuisse
2650 755 2756 822 36
2780 770 3125 821 cognoscere,
3154 773 3274 811 cum
3305 769 3356 812 et
3389 774 3489 825 ego
3519 771 3728 829 rogatus
3754 779 3780 815 a

532 842 705 906 vobis,
734 853 1142 912 quantacunque
1173 862 1266 910 per
1292 845 1568 914 epistolam
1598 847 1986 914 significavcro,
2025 861 2127 898 non
2160 846 2381 913 aequalia
2412 845 2512 898 sim
2544 847 2659 911 ejus
2703 848 2904 900 meritis
2930 857 3255 902 narraturus.
3281 851 3382 904 Sed
3413 860 3468 906 et
3491 868 3581 906 vos
3605 871 3780 908 omnes

533 935 658 990 hinc
687 938 997 1006 navigantes
1027 939 1264 992 studiose
1296 939 1700 1007 percontamini,
1734 955 1859 1008 qtto,
1903 939 2125 1010 singulis
2151 956 2268 1007 quae
2316 949 2512 993 norunt
2536 940 2909 1004 referentibus,
2940 956 3173 1008 congrua
3223 944 3486 1013 dignaque
3516 946 3646 999 tanti
3695 963 3783 998 no-

532 1027 690 1080 minis
718 1029 906 1082 relatio
935 1031 1288 1097 compleatur.
1315 1029 1668 1097 Disponebam
1700 1031 1876 1098 itaque
1907 1040 2026 1096 post
2054 1031 2335 1085 lectionem
2383 1030 2677 1084 litterarum
2719 1041 3012 1084 vestrarum
3042 1033 3247 1101 aliquos
3273 1035 3338 1087 ad
3379 1050 3465 1100 me
3499 1038 3783 1092 monachos

539 1119 787 1185 invitare,
820 1130 872 1173 et
902 1123 1133 1176 maxime
1164 1136 1256 1174 eos
1286 1121 1373 1188 qui
1396 1121 1587 1174 crebro
1615 1120 1678 1173 ad
1725 1134 1847 1174 eum
1902 1120 1980 1172 ire
2029 1128 2442 1181 consueverant,
2477 1129 2535 1171 nt
2583 1120 2784 1186 plenius
2813 1121 3009 1189 aliquid
3037 1122 3340 1187 addiscens,
3391 1140 3608 1178 munera
3639 1128 3784 1181 vobis

538 1209 742 1278 majora
771 1211 1207 1266 transmitterem.
1245 1211 1348 1267 Sed
1379 1212 1629 1280 quoniam
1668 1221 1723 1265 et
1765 1211 2119 1278 navigationis
2170 1222 2407 1278 tempora
2435 1211 2768 1273 labebantur,
2826 1223 2880 1266 et
2927 1213 3220 1268 litterarum
3251 1216 3474 1282 portitor
3503 1217 3786 1272 vehemen-

532 1299 736 1355 tissime
763 1299 1070 1366 festinabat,
1104 1304 1223 1358 ideo
1245 1319 1306 1357 ea
1337 1319 1456 1372 qua:
1482 1312 1536 1357 et
1558 1303 1671 1370 ipse
1701 1316 1952 1356 noveram
1982 1303 2000 1371 (
2026 1301 2331 1371 frequenter
2358 1302 2500 1356 enim
2532 1316 2652 1356 eum
2690 1304 2895 1357 visitavi
2925 1303 3001 1374 [5]
3031 1306 3048 1371 )
3077 1313 3132 1358 et
3166 1322 3281 1373 qua:
3308 1309 3375 1360 ab
3401 1323 3464 1362 eo
3491 1309 3676 1375 didici,
3700 1309 3785 1378 qui

530 1392 594 1444 ad
627 1393 968 1457 prtebendatn
1024 1394 1076 1450 ei
1114 1407 1303 1462 aquam
1363 1409 1466 1446 non
1523 1392 1795 1461 paululum
1851 1392 2110 1458 temporis
2159 1407 2279 1444 cum
2311 1405 2376 1445 eo
2406 1390 2528 1446 fecit
2559 1391 2661 1462 (ti),
2693 1392 2968 1446 dilectioni
2992 1402 3186 1448 vestra:
3208 1395 3441 1450 indicare
3464 1400 3738 1467 properavi
3769 1415 3783 1452 :

531 1483 816 1552 utrubique
853 1499 1036 1538 curam
1076 1484 1316 1538 veritatis
1347 1484 1571 1550 habens,
1603 1495 1661 1539 ut
1705 1498 1881 1552 neque
1913 1481 2030 1549 plus
2061 1481 2254 1549 aliquis
2299 1481 2549 1545 audiens,
2579 1480 2955 1534 miraculorum
2987 1483 3385 1550 congestionem
3433 1502 3537 1540 non
3583 1488 3782 1555 credat,

530 1589 629 1629 nec
659 1588 870 1628 rursum
893 1575 1100 1629 meritis
1121 1575 1238 1644 ejus
1265 1574 1524 1630 inferiora
1552 1589 1906 1646 cognoscens,
1926 1588 2032 1628 non
2062 1581 2210 1641 putet
2238 1570 2455 1638 dignum
2481 1584 2602 1625 esse
2623 1570 2879 1625 miraculo
2903 1587 2998 1638 pro
3025 1573 3156 1627 tanti
3187 1575 3417 1630 nominis
3438 1578 3572 1632 viro.

1927 1860 2395 1986 VITA.

596 2071 727 2126 Car.
767 2070 809 2124 Ι.
850 2099 919 2111 -
956 2069 1218 2124 Antonius
1267 2066 1345 2138 (5)
1403 2067 1672 2122 nobilibus
1720 2067 2102 2135 religiosisqtte
2138 2073 2186 2127 Α
2216 2069 2284 2122 ob
2313 2083 2551 2122 sororem
2583 2066 2887 2133 reservatis,
2915 2084 3033 2137 qum
3059 2079 3113 2125 et
3141 2085 3269 2125 sexu
3297 2081 3350 2125 et
3387 2081 3543 2127 aetate
3570 2074 3791 2130 videba—

532 2161 838 2230 parentibns
869 2170 1044 2224 natus,
1078 2160 1130 2213 in
1179 2159 1408 2227 Ai‘gypto
1428 2157 1684 2211 oriundus
1710 2157 1807 2210 fuit
1832 2157 1933 2224 (6).
1969 2166 2114 2210 tanta

535 2266 754 2304 suorum
789 2251 1023 2304 nutritus
1046 2263 1196 2308 cura,
1224 2258 1279 2301 ut
1315 2247 1441 2300 nihil
1473 2247 1609 2299 aliud
1645 2255 1836 2313 praeter
1866 2257 2113 2314 parentes

531 2346 854 2410 domumque
879 2351 1246 2411 cognosceret.
1275 2339 1339 2390 Et
1364 2353 1481 2390 cum
1507 2338 1616 2406 jam
1648 2350 1779 2402 puer
1815 2345 1980 2394 esset.
2008 2350 2112 2388 non

532 2449 589 2488 se
615 2434 801 2487 litteris
849 2432 1049 2486 erudiri
1079 2433 1198 2500 (7),
1232 2446 1336 2483 non
1387 2429 1579 2496 ineptis
1633 2427 1912 2481 infanttum
1964 2426 2115 2495 jungi

532 2540 719 2590 passus
746 2533 830 2578 est
870 2523 1100 2587 fabulis;
1149 2521 1240 2575 sed
1271 2521 1360 2574 Dei
1413 2520 1682 2574 desiderio
1730 2518 1980 2588 flagrans,
2031 2531 2114 2572 se-

534 2617 761 2669 cundum
793 2615 931 2684 quod
980 2614 1234 2680 scriptum
1286 2620 1369 2666 est
1397 2610 1552 2677 (Cen.
1601 2612 1756 2678 xxv),
1802 2609 2116 2661 innocenter

534 2706 809 2758 habitabat
837 2705 978 2758 domi
1037 2703 1135 2773 (8).
1174 2702 1251 2756 Ad
1283 2701 1564 2755 ecclesiam
1596 2715 1808 2767 quoque
1861 2713 1980 2752 cum
2024 2713 2118 2766 pa-

536 2798 780 2852 rentibus
822 2810 964 2864 saepe
1009 2795 1360 2854 conveniens,
1410 2806 1508 2844 nec
1537 2780 1796 2843 infantutn
1846 2787 2110 2852 lascivias,

534 2903 633 2944 nec
667 2901 950 2958 puerorum
983 2883 1360 2961 negligentiam
1393 2882 1696 2936 sectabatur
1724 2897 1738 2945 ;
1771 2879 1865 2934 sed
1908 2887 2113 2932 tantum

538 2995 600 3034 ea
630 2993 748 3047 qua:
779 2975 1091 3045 legebantur
1137 2973 1464 3037 auscultans,
1515 2972 1793 3025 utilitatem
1826 2980 2109 3038 praecepto-

540 3085 655 3124 rum
688 3070 809 3121 vita:
841 3064 1180 3119 institutione
1235 3064 1516 3125 servabat;
1572 3075 1677 3114 non
1711 3060 1842 3128 suis,
1877 3069 1934 3112 nt
1978 3059 2116 3113 solet

538 3161 628 3214 illa
661 3167 812 3223 aetas,
867 3172 966 3226 pro
994 3155 1155 3210 variis
1185 3163 1237 3208 et
1265 3153 1506 3208 delicatis
1532 3151 1666 3205 cibis
1693 3166 1922 3220 unquam
1954 3151 2114 3203 taedio

535 3250 667 3314 fuit;
701 3263 806 3302 non
837 3261 975 3301 esca:
1015 3245 1270 3299 mollioris
1315 3243 1675 3296 blandimenta
1720 3249 1950 3294 sectatus
1993 3249 2109 3304 est;

539 3339 623 3393 his
651 3339 822 3392 solum
871 3350 990 3406 qua:
1033 3335 1296 3389 dabantur
1345 3342 1649 3396 contentus,
1701 3330 1834 3384 nihil
1880 3329 2111 3398 amplius

532 3435 839 3502 requisivit.

601 3548 732 3603 CAP.
776 3547 837 3601 ll.
881 3576 951 3587 —
988 3545 1113 3599 Post
1135 3552 1359 3597 mortem
1392 3548 1567 3593 autem
1601 3547 1898 3606 parentum,
1942 3550 2110 3590 anno-

533 3653 650 3690 rum
679 3639 894 3692 circiter
923 3637 1107 3692 decem
1137 3645 1192 3689 et
1234 3645 1356 3688 ccto
1381 3647 1474 3687 seu
1505 3629 1707 3699 viginti,
1755 3643 1875 3684 cum
1925 3641 2113 3682 sorore

533 3730 824 3784 admodum
877 3727 1094 3798 parvula
1127 3724 1433 3786 derelictus,
1480 3729 1534 3776 et
1583 3719 1774 3774 domus
1805 3727 1860 3774 et
1911 3716 2114 3772 sororis

536 3821 815 3874 honestam
843 3832 1025 3872 curam
1050 3813 1287 3886 gerebat.
1317 3811 1550 3867 Necdum
1579 3823 1708 3864 vero
1735 3823 1828 3862 sex
1851 3807 2114 3861 duxerant

532 3923 767 3972 menses,
797 3907 987 3976 quibus
1015 3906 1078 3958 ad
1108 3904 1389 3959 ecclesiam
1420 3902 1504 3972 (ut
1541 3899 1768 3968 solebat)
1799 3912 2107 3963 accurrens,

532 3999 920 4057 recordabatur
948 3997 1215 4066 quomodo
1244 4006 1299 4050 et
1342 3993 1590 4062 apostoli,
1620 3991 1870 4044 omnibus
1891 3987 2108 4056 spretis,

531 4092 697 4145 secuti
730 4090 954 4145 fuissent
973 4088 1310 4142 Salvatorem
1339 4083 1551 4155 (Matth.
1600 4081 1659 4153 Χ)
1689 4100 1701 4134 :
1751 4091 1806 4136 et
1835 4080 2006 4144 multi,
2053 4088 2113 4132 ut

531 4181 726 4247 legitur
750 4182 803 4233 in
835 4179 979 4234 Actis
1005 4177 1368 4246 apostolorum
1399 4175 1594 4242 (Actor.
1632 4173 1732 4240 tv),
1774 4169 2110 4224 facultatibus

530 4275 640 4327 suis
686 4273 913 4327 venditis
942 4312 959 4338 ,
1016 4271 1184 4341 pretia
1235 4269 1301 4322 ad
1359 4268 1520 4336 pedes
1562 4283 1745 4319 eorum
1795 4265 2112 4319 detulissent

534 4363 818 4431 egentibus
847 4362 1142 4427 partienda,
1191 4375 1378 4430 qumve
1419 4367 1509 4411 aut
1537 4367 1732 4423 quanta
1774 4371 1893 4423 spes
1922 4354 2109 4409 iisdem

533 4454 768 4521 reposita
793 4461 934 4508 esset
964 4452 1015 4504 in
1041 4450 1192 4506 curiis
1219 4449 1438 4520 (Coloss.
1493 4449 1553 4517 ι).
1587 4445 1736 4499 Talia
1757 4461 1946 4510 secum
2002 4444 2114 4497 vol-

537 4562 689 4610 Vt‘llS,
720 4545 933 4598 intravit
963 4545 1264 4606 ecclesiam,
1317 4554 1370 4597 et
1410 4542 1601 4595 accidit
1633 4551 1687 4593 nt
1721 4549 1844 4593 tunc
1886 4554 2111 4607 evangc-
2169 4547 2171 4549 ‘

534 4639 661 4691 lium
694 4637 961 4704 legeretur
989 4635 1088 4705 (9),
1114 4637 1164 4688 itt
1192 4650 1294 4704 quo
1321 4635 1574 4687 Dominus
1603 4631 1729 4685 dicit
1761 4630 1824 4683 ad
1851 4630 2066 4684 divitem
2095 4647 2106 4681 :

531 4729 587 4782 Si
613 4732 692 4781 vis
724 4729 992 4794 perfectus
1015 4741 1151 4790 esse,
1181 4725 1336 4786 vade.
1361 4725 1530 4779 vende
1547 4726 1720 4776 omnia
1753 4733 1838 4776 tua
1861 4737 2110 4791 qttrcuu-

2219 2170 2304 2213 tur
2329 2160 2608 2213 infirmior.

2288 2251 2418 2304 CAP.
2461 2250 2544 2305 Ill.
2615 2282 2654 2291 -
2699 2251 2897 2303 Rursm
2936 2260 3111 2306 autem
3164 2253 3442 2307 ecclesiam
3491 2254 3787 2323 ingressus,

2215 2341 2334 2395 eum
2365 2342 2599 2394 audisset
2627 2341 2906 2394 Dominum
2938 2344 2988 2395 in
3013 2343 3302 2411 Evangelio
3331 2344 3593 2399 dicentem
3625 2363 3641 2399 :
3687 2347 3791 2399 No-

2217 2430 2308 2483 lite
2331 2432 2568 2499 eogitare
2597 2430 2664 2484 de
2691 2433 2924 2484 crastino
2965 2431 3178 2498 (Matth.
3222 2433 3320 2501 vt),
3353 2433 3604 2501 reliquam
3654 2451 3792 2502 quo-

2215 2535 2318 2588 qtte
2364 2522 2661 2588 portionem
2695 2523 3013 2588 pauperibus
3036 2523 3332 2587 distribuit;
3385 2537 3553 2590 neque
3580 2538 3638 2577 se
3673 2539 3793 2577 ver-

2215 2607 2319 2662 sari
2353 2625 2538 2677 passus
2586 2619 2667 2664 est
2689 2611 2857 2674 domi,
2905 2613 2999 2666 sed
3044 2627 3231 2667 sorore
3272 2613 3511 2667 fidelibus
3553 2628 3617 2666 ac
3646 2615 3794 2666 notis

2216 2702 2507 2769 virginibus
2529 2704 2915 2764 commendata.
2939 2713 2996 2758 ut
3010 2719 3192 2758 earnm
3211 2704 3500 2759 nutriretur
3514 2706 3790 2773 exemplo,

2218 2794 2457 2864 ipseiam
2481 2795 2726 2848 omnibus
2757 2797 2934 2849 saeculi
2967 2797 3192 2851 vinculis
3233 2797 3390 2862 liber,
3429 2812 3679 2865 asperum
3717 2805 3795 2850 at-

2216 2900 2320 2955 que
2347 2885 2568 2937 arduum
2596 2885 2821 2951 arripuit
2861 2885 3181 2940 institutum.

2286 3000 2524 3055 Necdum
2556 3012 2731 3054 autem
2759 3009 2863 3053 tam
2895 3005 3079 3056 crebra
3110 3011 3262 3055 erant
3307 3001 3360 3055 in
3400 3001 3634 3071 Egypto
3677 3017 3796 3055 mo-

2217 3093 2473 3158 nasteria,
2521 3107 2693 3161 neque
2717 3093 2937 3146 omnino
2974 3094 3252 3161 quisquam
3306 3095 3480 3146 aviam
3536 3093 3794 3148 solitudi-

2216 3197 2338 3236 nem
2373 3191 2625 3248 noverat;
2655 3182 2747 3236 sed
2775 3185 3078 3252 quicunque
3105 3183 3158 3236 in
3181 3184 3374 3238 Christi
3414 3184 3673 3238 servitute
3717 3187 3799 3239 si-

2221 3273 2481 3341 bimetipsi
2510 3274 2768 3341 prodesse
2793 3274 3058 3342 cupiebat,
3092 3289 3196 3328 non
3226 3277 3378 3344 longe
3406 3288 3433 3326 a
3480 3288 3575 3328 sua
3607 3275 3799 3328 villula

2215 3375 2493 3431 separatus
2541 3363 2935 3416 instituebatur.
2985 3365 3109 3418 Erat
3139 3364 3296 3432 igitur
3334 3365 3384 3417 in
3415 3364 3585 3432 agello
3615 3365 3800 3418 vicino

2077 3487 2080 3490 -
2146 3435 2381 3508 Bsenex
2439 3453 2672 3522 quidam,
2719 3453 2879 3507 vitam
2928 3454 3218 3509 solitariam
3258 3470 3286 3508 a
3338 3455 3504 3521 prima
3558 3465 3799 3510 sectatus

2218 3551 2375 3596 attate
2403 3560 2414 3594 :
2444 3543 2583 3596 hunc
2605 3544 2868 3597 Antonius
2895 3559 3014 3598 cum
3039 3545 3278 3608 vidisset,
3311 3549 3589 3600 mmttlattts
3616 3555 3704 3600 est
3733 3547 3797 3599 ad

2217 3634 2438 3690 bonum.
2474 3636 2539 3689 Et
2569 3637 2738 3705 primo
2772 3637 2990 3706 quidem
3049 3637 3308 3704 incipiens
3353 3640 3512 3693 etiam
3567 3641 3710 3709 ipse,
3745 3641 3799 3694 in

2217 3724 2345 3779 locis
2376 3727 2645 3792 paululum
2668 3742 2696 3781 a
2720 3729 2843 3783 villa
2867 3729 3240 3784 remotioribus
3263 3732 3508 3786 manebat
3535 3749 3549 3788 :
3583 3733 3799 3789 exinde

2217 3825 2415 3882 autem,
2447 3818 2490 3871 si
2517 3834 2672 3887 quem
2715 3820 3014 3890 vigilantem
3046 3821 3098 3876 in
3133 3822 3234 3877 hoc
3285 3823 3464 3878 studio
3513 3839 3801 3894 compere-

2216 3913 2321 3972 rat,
2354 3907 2669 3975 procedens,
2701 3910 2971 3978 quterebat
3001 3919 3055 3964 ut
3079 3910 3191 3979 apis
3224 3910 3665 3980 prudentissima;
3695 3926 3801 3966 nec

2215 3996 2283 4050 ad
2309 3995 2666 4051 habitaculum
2687 4012 2841 4053 suum
2864 4007 2990 4052 ante
3020 4000 3312 4066 remeabat,
3357 4001 3454 4054 nisi
3485 4001 3601 4070 ejus
3629 4017 3800 4070 quem

2216 4087 2463 4156 cupiebat
2491 4087 2756 4144 frueretur
2784 4090 3118 4158 aspectibus;
3171 4099 3226 4146 et
3248 4092 3347 4158 sic,
3380 4101 3627 4158 tanquam
3673 4109 3803 4146 mu-

2216 4194 2346 4234 nere
2375 4179 2547 4235 mellis
2573 4191 2812 4250 accepto,
2837 4181 3016 4236 abibat
3045 4182 3110 4236 ad
3139 4197 3252 4237 sua.
3281 4182 3392 4236 Tali
3419 4183 3614 4237 ibidem
3643 4185 3802 4237 insti-

2199 4281 2360 4325 tutus
2389 4272 2632 4338 exordio,
2655 4288 2774 4328 cum
2799 4288 2892 4342 per
2917 4273 3034 4328 dies
3057 4274 3296 4342 singulos
3325 4274 3394 4327 ita
3421 4275 3654 4327 animum
3711 4290 3802 4328 τος

2217 4364 2451 4427 boraret,
2480 4375 2536 4418 ut
2559 4380 2656 4420 nec
2686 4381 2846 4434 Opum
2893 4378 3257 4433 paternarum,
3307 4381 3406 4420 nec
3431 4382 3648 4420 suorum
3683 4381 3804 4421 me.

2219 4458 2460 4512 minisset
2483 4457 2743 4522 affinium,
2771 4475 2930 4513 omne
2957 4461 3118 4514 etiam
3166 4459 3487 4513 desiderium
3509 4468 3560 4511 et
3591 4459 3804 4514 sollici~

2218 4546 2452 4599 tudinem
2485 4563 2610 4613 erga
2643 4547 2690 4599 id
2716 4547 2855 4612 quod
2879 4557 3116 4616 coeperat
3145 4557 3440 4612 exerceret,
3472 4548 3806 4613 operabatur

2218 4637 2459 4690 manibus
2488 4636 2619 4703 suis,
2653 4637 2826 4691 sciens
2857 4638 3113 4705 scriptum
3155 4652 3308 4691 esse:
3340 4638 3438 4703 Qui
3470 4653 3571 4690 non
3597 4652 3805 4705 opera-

2221 4737 2320 4789 tur,
2353 4743 2458 4780 non
2500 4726 2894 4796 manducet(II
2925 4727 3102 4781 Thess.
3137 4728 3240 4796 ιιι).
3271 4728 3570 4782 Mercedem
3614 4739 3804 4781 tamen

529 4837 634 4891 que
661 4821 844 4886 habes,
877 4830 929 4873 et
959 4819 1024 4872 da
1055 4819 1392 4885 pauperibus.
1427 4829 1480 4870 et
1513 4820 1652 4882 veni,
1675 4831 1898 4882 sequere
1924 4830 2026 4878 me,
2056 4827 2108 4868 et
2140 4808 2184 4870 C
2217 4818 2393 4884 operis
2411 4817 2513 4881 sui,
2540 4819 2708 4882 pretio
2738 4819 2888 4885 panis
2915 4827 3159 4884 excepto,
3191 4817 3474 4886 egentibus
3527 4817 3806 4884 largieba-

533 4913 752 4967 habebis
783 4913 1088 4967 thesaurum
1119 4912 1168 4964 in
1198 4909 1566 4974 emloUlfatth.
1618 4908 1753 4976 xix).
1773 4911 1888 4975 Quo
1905 4909 2108 4973 audito,

531 5005 680 5077 quasi
713 5005 962 5058 divinitus
986 5002 1287 5073 hujnsmodi
1322 5012 1446 5056 ante
1491 5001 1802 5054 memoriam
1831 5001 2108 5067 concepis-

530 5105 632 5160 set,
666 5104 720 5148 et
748 5096 908 5148 veluti
933 5108 1148 5166 propter
1168 5109 1229 5148 se
1257 5094 1369 5146 haec
1390 5102 1533 5147 esset
1555 5092 1829 5157 Scriptura
1868 5091 2108 5162 recitata,

531 5187 598 5240 ad
626 5201 686 5242 se
716 5186 1046 5241 Dominicnm
1076 5186 1234 5240 traxit
1261 5186 1573 5251 imperium;
1597 5184 1884 5252 statimque
1911 5197 2108 5250 regres-

532 5291 644 5341 sus,
679 5279 1048 5346 possessioni-5
1076 5294 1206 5346 quas
1229 5277 1459 5332 habebat
1497 5275 1754 5330 vendidit.
1808 5277 1992 5328 Arum
2020 5289 2116 5327 au-

531 5379 639 5423 tem
668 5381 818 5424 erant
841 5371 890 5425 ei
923 5379 1174 5423 trecenta:
1203 5370 1416 5432 uberes,
1447 5377 1501 5423 et
1530 5367 1684 5420 valde
1725 5365 1942 5433 optimae
1971 5361 2111 5433 (10),

533 5473 664 5526 quas
694 5459 882 5514 vicinis
909 5461 1125 5528 largitus
1155 5470 1254 5523 est,
1290 5475 1355 5515 ne
1383 5460 1435 5513 in
1461 5459 1640 5527 aliquo
1667 5466 1759 5509 aut
1785 5456 1885 5510 sibi
1914 5463 2006 5508 aut
2027 5469 2114 5508 so-

535 5553 642 5605 rori
669 5553 905 5608 molestia
933 5553 1257 5622 gigneretur.
1298 5553 1505 5606 Cmtct'a
1538 5565 1685 5613 vero,
1715 5564 1832 5618 quae
1861 5549 1913 5603 in
1938 5547 2112 5603 mobi-

539 5641 678 5698 libus
731 5644 1057 5713 possidebat,
1106 5645 1352 5697 nniversa
1403 5641 1673 5704 vendidit;
1730 5652 1783 5696 et
1830 5651 2113 5712 aggregato

539 5749 642 5790 non
672 5736 865 5808 exiguo
889 5737 1083 5806 pretio,
1118 5733 1350 5803 indigent
1375 5735 1471 5786 bus
1503 5731 1669 5797 dedit,
1721 5731 1903 5800 paucis
1935 5741 2110 5788 tamen

2223 4919 2327 4960 tur.
2378 4908 2480 4977 37
2524 4908 2722 4962 Orabat
2774 4908 3097 4976 frequenter.
3153 4909 3350 4975 quippe
3388 4908 3479 4976 qui
3531 4907 3809 4962 didicerat

2219 5002 2358 5069 quod
2398 5010 2669 5068 oporteret
2711 5001 2828 5056 sine
2872 5001 3270 5058 intermissione
3313 5001 3596 5056 Dominum
3633 5016 3809 5057 orare

2221 5090 2272 5161 (ι
2303 5091 2480 5145 Thess.
2524 5093 2600 5158 v).

2263 5183 2530 5238 Auditioni
2555 5183 2712 5238 etiam
2727 5181 3119 5253 Scripturarum
3137 5184 3206 5236 ita
3231 5181 3462 5236 studium
3480 5195 3597 5235 corn
3607 5182 3810 5235 moda-

2221 5272 2332 5337 bat,
2373 5282 2430 5327 ut
2458 5273 2586 5327 nihil
2618 5288 2680 5328 ex
2706 5273 2822 5343 ejus
2865 5275 3045 5328 animo
3077 5274 3371 5337 laberetur;
3418 5274 3510 5327 sed
3543 5273 3809 5328 universa

2225 5362 2431 5416 Domini
2478 5374 2741 5431 praecepta
2785 5365 3112 5429 custodiens,
3157 5362 3465 5416 memoriam
3499 5376 3593 5430 pro
3642 5360 3811 5416 libris

2222 5452 2445 5506 baheret
2471 5451 2608 5521 (Η).
2635 5451 2724 5508 Sic
2749 5467 2897 5505 suam
2923 5453 3084 5505 vitam
3115 5452 3416 5519 instituens,
3443 5450 3509 5504 ab
3527 5449 3812 5511 universis

2222 5542 2470 5598 fratribus
2498 5559 2628 5612 puro
2674 5542 2991 5612 diligebatur
3017 5543 3241 5605 affectu;
3301 5552 3356 5597 et
3403 5541 3672 5598 omnibus.
3727 5541 3810 5595 ad

2220 5649 2352 5704 quos
2392 5635 2567 5689 studio
2619 5632 2857 5686 discendi
2906 5633 3176 5702 pergebat,
3234 5633 3510 5694 obediens,
3551 5633 3810 5700 proprias

2222 5730 2547 5800 singulorum
2578 5725 2778 5794 gratias
2807 5725 3082 5781 hauriebat
3117 5744 3129 5779 :
3190 5727 3347 5797 hujus
3380 5726 3804 5791 continentiam,
