4002 6226
182 290 268 344 19.9

1282 286 1436 339 V‘ITA
1481 283 1678 338 BEATI
1722 281 1992 338 ΑΝΤΟΝΙΙ
2032 285 2336 342 ABBATIS.
2421 291 2426 296 ’

3337 291 3436 349 150

175 407 541 481 iucunditatem
577 405 718 460 illius
748 397 1752 466 sectabatur;istinsleuitatem,illius
1781 403 1824 452 Α
1858 406 2038 449 autem
2081 414 2222 467 ego,
2273 400 2366 452 sed
2414 399 2580 468 gratia
2638 401 2768 466 Dei,
2826 419 2944 472 quae.
2994 419 3199 459 mecum
3249 418 3332 461 est
3379 407 3434 476 (ι

181 500 520 571 vigilantiam,
551 500 780 553 alterius
804 497 1010 567 legendi
1035 495 1387 550 aemulabatur
1405 494 1744 556 industriam;

180 595 318 646 istum
343 591 706 661 jejunantem.
763 589 915 644 illum
946 588 1091 642 hnrni
1117 587 1482 656 quiescentem
1510 585 1748 638 miraba-

178 694 274 746 tur;
329 682 560 736 alterius
605 681 954 748 patientiam,
1011 680 1235 734 alterius
1280 675 1746 730 mansuetudinem

179 771 509 842 praedicabat.
556 771 810 825 Omnium
841 785 1057 838 quoque
1084 769 1337 823 vicariam
1369 782 1493 836 erga
1533 781 1592 819 se
1623 767 1752 820 reti-

180 880 296 918 nens
327 866 671 926 charitatem,
708 873 866 932 atque
896 861 1159 915 universis
1207 861 1464 914 virtutum
1507 861 1747 928 partibus

184 956 433 1022 irrigatus,
511 955 575 1006 ad
627 953 807 1006 sedem
860 955 1126 1018 proliriam
1169 953 1590 1022 regrediebatur.
1675 952 1746 1004 lbi

183 1061 345 1102 secum
377 1045 626 1099 universa
657 1053 1012 1112 pertractans,
1071 1043 1307 1096 omnium
1333 1045 1384 1094 in
1413 1057 1472 1096 se
1503 1043 1638 1094 bona
1672 1042 1751 1094 ni-

185 1141 377 1191 tebatur
426 1138 751 1203 exprimere.
811 1135 993 1203 Neque
1038 1149 1167 1188 vero
1210 1134 1494 1186 adversum
1543 1146 1750 1184 comvos

183 1226 454 1296 aliquando
486 1225 828 1291 movebatur,
877 1225 970 1277 sed
1001 1239 1061 1277 ea
1118 1223 1487 1277 tantummodo
1537 1224 1748 1276 ﬂamma

184 1322 387 1390 egregio
421 1323 538 1372 viro
569 1318 848 1372 crescebat
872 1319 924 1370 in
953 1325 1189 1385 pectore,
1225 1331 1292 1370 ne
1320 1316 1587 1370 secundus
1628 1316 1752 1368 cui-

184 1428 321 1479 quam
373 1413 426 1464 in
475 1411 746 1477 praedictis
777 1410 1028 1475 Operibus
1054 1408 1400 1462 inveniretur.
1453 1409 1519 1462 Et
1553 1409 1652 1462 hoc
1679 1412 1749 1464 ita

186 1503 418 1565 faciebat,
473 1511 535 1556 ut
561 1517 682 1556 cum
709 1515 900 1556 omnes
924 1501 1089 1571 gloria
1117 1502 1368 1565 anteiret,
1391 1500 1638 1554 omnibus
1668 1511 1750 1554 ta-

188 1610 292 1646 men
322 1592 523 1646 charos
548 1601 713 1646 esset.
737 1591 871 1644 Nam
897 1601 952 1644 et
980 1591 1137 1645 vicini
1159 1601 1214 1645 et
1233 1591 1501 1652 monachi,
1531 1591 1596 1642 ad
1617 1605 1752 1659 quos

186 1699 309 1752 sape
331 1684 604 1744 veniebat.
651 1685 946 1737 Antonium
973 1683 1234 1750 videntes,
1256 1683 1522 1737 Deicolam
1547 1697 1751 1736 nuncu-

1849 487 1969 542 Cor.
1997 496 2110 554 xv).

1922 581 2200 635 Postremo
2223 596 2343 635 cum
2365 597 2462 637 nec
2490 584 2591 636 hoc
2613 595 2926 654 argumento
2950 586 3228 642 destruere
3252 601 3437 658 posset

1852 675 2146 726 Antonium
2177 675 2343 728 draco
2375 683 2698 739 teterrimos,
2730 687 2784 732 et
2810 682 3013 734 videret
3035 696 3096 736 se
3127 697 3338 751 semper
3367 686 3436 738 ab

1857 769 1976 838 ejus
2017 770 2428 835 cogitationibus
2451 772 2659 838 repelli,
2683 775 2974 826 secundum
3007 777 3146 843 quod
3179 779 3435 844 scriptum

1865 869 1945 910 est
1969 858 2167 925 (Marc.
2201 862 2302 926 rx),
2364 859 2596 913 stridens
2623 862 2872 916 dentibus
2902 872 2954 916 et
2983 864 3190 931 ejulans
3211 909 3224 931 ,
3266 868 3437 934 qualis

1856 958 1960 1008 est,
2001 948 2118 1000 talis
2149 950 2344 1001 merito
2373 949 2663 1016 apparebat
2699 960 2752 1005 et
2781 949 2931 1004 vultu
2959 969 2971 1003 :
3024 968 3155 1022 puer
3191 955 3436 1010 horridus

1859 1048 2020 1104 atque
2051 1043 2224 1106 n'ger,
2281 1040 2346 1092 ad
2371 1041 2486 1108 ejus
2518 1055 2574 1093 se
2596 1057 2763 1108 gi-nna
2797 1044 3111 1111 provolvens
3140 1085 3154 1108 ,
3205 1045 3434 1100 humana

1853 1146 1988 1184 voce
2013 1133 2190 1194 flebat,
2217 1133 2400 1185 dicens
2427 1150 2438 1184 :
2482 1133 2672 1186 Multos
2694 1135 2904 1199 seduxi,
2940 1137 3194 1202 plurimos
3226 1138 3436 1205 decepi;

1854 1239 1995 1276 nunc
2023 1234 2198 1276 autem
2231 1233 2336 1276 uta
2365 1224 2573 1277 cat-teris
2604 1226 2802 1278 sanctis
2828 1269 2841 1293 ,
2900 1227 2967 1278 ita
3001 1237 3055 1280 et
3086 1237 3176 1280 tuo
3200 1241 3318 1280 sum
3357 1229 3432 1279 la-

1859 1317 1990 1369 bore
2033 1325 2337 1384 superatus.
2395 1316 2565 1381 Quem
2613 1331 2730 1370 cum
2783 1319 3134 1384 interrogaret
3175 1319 3438 1372 Antonius

1855 1407 2098 1468 quisnam
2130 1415 2294 1471 esset,
2353 1409 2441 1475 qui
2475 1408 2595 1460 talia
2638 1409 2964 1476 loqueretur,
3012 1413 3121 1463 ait:
3160 1413 3269 1475 Ego
3322 1427 3438 1464 smn

1854 1495 2224 1551 fornicationis
2239 1499 2464 1562 amicus,
2488 1514 2587 1568 ego
2615 1500 2923 1552 multimoda
2951 1503 3232 1555 adversum
3257 1519 3440 1556 omnes

1861 1588 2230 1642 adolescentes
2263 1588 2606 1658 turpitudinis
2635 1606 2780 1644 arma
2813 1593 3057 1660 suscepi;
3095 1592 3219 1647 hinc
3248 1604 3300 1648 ct
3325 1597 3438 1662 spi-

1858 1679 1996 1732 ritus
2027 1677 2396 1733 fornicationis
2420 1696 2582 1734 vocor
2609 1681 2746 1750 (H).
2779 1683 3235 1752 Quantos-pudice
3263 1687 3442 1742 vivere

188 1775 400 1842 pabant;
429 1773 759 1841 indultisque
789 1782 994 1827 natura:
1023 1775 1318 1838 vocabulis,
1362 1775 1579 1843 quidam
1609 1783 1667 1827 ut
1694 1776 1756 1825 ti-
1785 1759 1831 1819 Β
1861 1767 2211 1835 disponentes
2232 1767 2392 1822 fefelli
2417 1770 2429 1822 !
2465 1779 2595 1839 qnot
2619 1774 2848 1825 tenuiter
2872 1773 3208 1842 incipientes,
3239 1776 3302 1828 ad
3334 1791 3442 1829 sor.

194 1865 323 1930 lium,
355 1869 450 1921 alii
485 1879 542 1921 ut
569 1867 791 1922 fratrem
816 1867 1109 1936 diligebant
1141 1865 1276 1938 (12).

243 1977 370 2032 (Συ).
395 1979 562 2033 IV.—
576 1979 705 2032 Dum
738 1978 852 2033 hazc
878 1988 1088 2048 gereret
1115 1977 1397 2043 Antonius,
1427 1981 1620 2050 quibus
1642 1995 1759 2034 om-

185 2071 317 2123 nium
329 2073 386 2126 in
403 2087 461 2124 se
473 2080 780 2139 provocaret
801 2069 1073 2135 affectum,
1091 2072 1337 2125 inimicus
1357 2073 1586 2125 nominis
1598 2073 1756 2126 Chri-

179 2163 332 2214 stiani
361 2159 622 2224 diabolus,
653 2159 995 2227 impatienter
1042 2161 1222 2214 ferens
1269 2170 1441 2214 tantas
1490 2161 1540 2215 in
1572 2162 1757 2216 adole-

177 2264 366 2306 sci'nte
381 2252 620 2312 virtutes,
635 2252 898 2304 veteranis
911 2267 1034 2304 eum
1052 2268 1336 2324 aggressos
1355 2265 1435 2308 est
1458 2252 1751 2306 fraudibus.

181 2348 235 2399 Et
266 2347 445 2415 primo
473 2345 679 2414 quidem
711 2354 942 2409 tentans,
980 2347 1025 2399 si
1057 2362 1161 2416 quo
1176 2347 1334 2400 modo
1365 2357 1543 2414 posset
1575 2347 1641 2400 ab
1671 2362 1756 2400 ar-

179 2450 329 2504 repto
356 2453 477 2490 eum
507 2439 745 2492 instituto
773 2439 1080 2504 detrahere,
1120 2438 1439 2493 immittebat
1469 2439 1516 2493 ei
1546 2454 1745 2493 memo-

179 2531 302 2582 riam
356 2532 802 2602 possessionum,
862 2535 1064 2589 sororis
1107 2533 1492 2600 defensionem,
1543 2533 1754 2603 generis

180 2624 525 2683 nobilitatem,
560 2637 794 2679 amorem
825 2640 1027 2690 rerum,
1063 2626 1262 2679 ﬂuxam
1290 2625 1474 2680 saeculi
1504 2627 1753 2695 gloriam,

182 2729 315 2766 escae
337 2716 536 2766 variam
561 2714 994 2776 delectationem,
1047 2725 1096 2769 et
1127 2717 1330 2784 reliqua
1384 2718 1511 2771 vita:
1563 2719 1755 2775 remis-

182 2806 328 2858 sioris
356 2805 756 2869 blandimenta;
789 2817 1065 2876 postremo
1088 2808 1297 2862 virtutis
1321 2810 1544 2864 arduum
1571 2812 1752 2879 finem,

185 2905 233 2949 et
254 2897 541 2949 maximum
574 2897 927 2963 perveniendi
958 2898 1217 2963 laborem,
1249 2914 1455 2953 necnon
1483 2909 1538 2955 et
1566 2916 1758 2970 corpo-

187 2987 253 3041 ris
273 2987 611 3058 fragilitatem
639 2990 978 3059 suggerebat,
1010 3003 1061 3045 et
1090 2993 1264 3045 aetatis
1291 2993 1463 3060 spatia
1495 2994 1699 3062 prolixa
1737 3012 1750 3048 :

192 3093 390 3145 prorsus
418 3081 714 3132 maximam
741 3079 787 3132 ei
808 3081 1183 3149 cogitationum
1211 3081 1491 3151 caliginem
1515 3085 1748 3140 suscita-

194 3169 281 3233 bat,
305 3169 490 3223 volens
515 3183 642 3224 eum
670 3184 698 3221 a
732 3180 877 3224 recto
907 3171 1185 3238 proposito
1220 3187 1491 3228 revocare.

254 3284 533 3351 Postquam
614 3295 790 3339 autem
845 3286 1086 3341 diabolus
1126 3289 1453 3345 orationibus
1505 3291 1620 3361 ejus
1689 3293 1754 3347 ad

194 3372 360 3436 Deum,
394 3392 491 3442 per
513 3377 777 3444 passionis
802 3377 957 3431 fidem
980 3395 1036 3432 se
1053 3381 1306 3435 intellexit
1325 3384 1475 3447 elidi,
1497 3394 1749 3440 consueta

192 3467 456 3519 adversum
493 3483 682 3520 omnes
736 3469 1102 3525 adolescentes
1151 3487 1298 3526 arma
1337 3476 1621 3542 arripiens,
1663 3493 1759 3529 no-

193 3559 374 3611 tturnis
403 3574 526 3611 eum
563 3559 890 3624 inquietabat
923 3562 1210 3616 illecebris.
1245 3563 1308 3617 Et
1333 3567 1558 3632 primum
1589 3569 1760 3620 nocti-

192 3651 278 3704 bus
316 3651 507 3705 infesta
563 3653 899 3707 multitudine
944 3669 997 3708 et
1049 3657 1288 3710 horribili
1345 3668 1488 3712 metu
1545 3662 1753 3717 sonitus

190 3759 299 3799 eum
330 3749 606 3815 exagitare
631 3749 942 3805 conabatur.
973 3751 1073 3805 Per
1099 3752 1214 3807 dies
1245 3754 1406 3808 etiam
1432 3763 1536 3810 tam
1563 3760 1760 3826 apertis

189 3835 235 3889 in
263 3852 382 3890 eum
418 3839 537 3891 telis
569 3837 827 3901 irruebat,
854 3849 913 3894 ut
941 3842 1116 3896 nullus
1138 3844 1454 3914 ambigeret,
1487 3849 1612 3914 quin
1644 3851 1759 3903 An-

189 3928 361 3981 tonius
387 3937 584 3982 contra
614 3929 881 3985 diabolum
912 3930 1215 3990 dimicaret.
1257 3936 1388 3992 Nam
1421 3950 1475 3994 et
1501 3940 1592 3994 ille
1619 3943 1763 4010 cogi-

188 4020 411 4075 tationes
434 4021 674 4077 sordidas
694 4023 990 4078 conabatur
1013 4026 1270 4093 inserere,
1294 4041 1347 4084 et
1374 4031 1459 4086 hic
1486 4048 1579 4088 eas
1604 4044 1760 4090 oratu

187 4111 541 4165 submovebat
588 4114 824 4167 assiduo.
883 4115 976 4171 llle
1026 4117 1272 4173 titillabat
1314 4136 1505 4179 sensus
1536 4129 1762 4182 naturali

188 4204 365 4258 carnis
391 4203 616 4270 ardore;
681 4205 768 4262 hic
800 4208 920 4275 fide,
980 4211 1176 4281 vigiliis
1215 4223 1269 4268 et
1309 4214 1526 4285 jejuniis
1569 4234 1765 4289 corpus

191 4307 352 4349 omne
393 4295 648 4350 vallabat.
699 4297 792 4352 llle
823 4315 916 4368 per
947 4311 1131 4357 noctes
1160 4303 1211 4357 in
1244 4307 1481 4372 pulchrae
1525 4311 1763 4366 mulieris

185 4387 498 4440 vertebatur
517 4398 762 4444 ornatum
781 4432 796 4452 .
855 4393 998 4448 nulla
1027 4395 1281 4451 omittens
1307 4400 1554 4464 figmenta
1607 4405 1764 4459 lasci-

185 4478 276 4529 via:
302 4494 316 4537 ;
378 4477 470 4531 hic
497 4479 714 4534 ultrices
735 4483 992 4550 gehenna:
1026 4486 1266 4541 flammas
1290 4499 1342 4542 et
1371 4491 1610 4547 dolorem
1640 4511 1762 4550 ver-

188 4568 352 4620 mium
406 4569 722 4635 recordans,
784 4571 1001 4641 ingestae
1032 4575 1130 4629 sibi
1185 4577 1389 4632 libidini
1440 4585 1761 4652 opponebat.

253 4680 352 4734 llle
400 4679 665 4733 lubricum
699 4680 1072 4739 adolescentiae
1104 4686 1204 4740 iter
1244 4690 1380 4758 (l5),
1438 4701 1493 4746 et
1540 4694 1605 4748 ad
1659 4697 1765 4750 rui-

188 4788 302 4826 nam
338 4773 498 4825 facile
530 4776 889 4843 proponebat;
915 4777 998 4832 hic
1029 4788 1225 4833 aaterna
1257 4783 1414 4839 futuri
1443 4784 1628 4853 judicii
1654 4797 1767 4843 tor-

191 4876 363 4919 menta
396 4867 784 4936 considerans,
836 4870 1052 4926 illzesam
1101 4874 1292 4929 anima:
1341 4878 1623 4945 puritatem
1675 4897 1767 4948 per

188 4966 518 5010 tentamenta
543 4963 812 5012 servabat.
844 4960 942 5014 Ista
973 4975 1148 5016 autem
1182 4967 1360 5019 omnia
1399 4968 1461 5020 ad
1491 4971 1764 5025 confusio-

187 5064 303 5100 nem
337 5049 538 5103 diaboli
576 5049 803 5117 ﬁebant;
864 5053 950 5121 qui
983 5056 1124 5107 enim
1177 5058 1402 5112 similem
1426 5075 1484 5113 se
1511 5061 1620 5115 Deo
1650 5064 1764 5118 fieri

187 5155 347 5206 posse
379 5141 746 5206 existimabat,
800 5160 939 5198 nunc
969 5146 1035 5198 ab
1065 5147 1402 5204 adolescente
1428 5163 1483 5205 ut
1527 5156 1763 5208 miserri-

180 5246 294 5285 mus
340 5232 732 5297 ilclmlehatnr;
788 5245 839 5288 et
889 5237 974 5303 qui
1010 5247 1192 5289 contra
1221 5255 1434 5295 carnem
1469 5253 1522 5296 et
1551 5246 1763 5314 sangui-

181 5337 297 5374 nem
334 5325 623 5383 saeviebat,
657 5324 721 5375 ab
748 5323 984 5390 homine,
1016 5329 1103 5393 qui
1133 5343 1348 5384 Carnem
1378 5335 1623 5399 portabat
1664 5339 1767 5392 eli-

181 5425 265 5464 sus
300 5421 417 5466 est.
441 5413 743 5478 Adjuvabat
769 5416 906 5468 enim
937 5432 1148 5470 servum
1182 5435 1334 5472 suum
1368 5422 1646 5490 Dominus,
1677 5431 1766 5492 qui

180 5502 351 5554 nostri
385 5502 561 5570 gratia
591 5517 806 5557 carnem
857 5508 1171 5572 suscipiens,
1233 5511 1506 5565 victoriam
1556 5519 1766 5583 corpori

179 5603 371 5644 contra
401 5593 680 5645 diabolum
712 5594 930 5663 largitus
953 5608 1052 5661 est,
1089 5608 1166 5662 ut,
1209 5601 1434 5668 singulis
1467 5603 1534 5656 ita
1560 5617 1770 5660 certan-

185 5681 347 5743 libus.
380 5683 740 5746 apostolicum
766 5684 944 5739 liceret
988 5688 1224 5755 proferre
1253 5703 1555 5746 sermonem
1589 5711 1602 5746 :
1650 5693 1763 5751 Non

1861 1855 1958 1910 des
2007 1856 2261 1923 pristinas
2317 1858 2493 1912 redire
2547 1859 2816 1926 persuasi!
2875 1862 2985 1931 Ego
3033 1879 3172 1927 snm,
3228 1877 3442 1932 propter

1861 1960 2020 2012 quem
2052 1946 2310 2013 prepheta
2337 1946 2516 2014 lapsos
2546 1950 2812 2015 increpat,
2844 1951 3026 2005 dicens
3061 1965 3075 2004 :
3101 1953 3302 2021 Spiritu
3333 1954 3442 2007 for-

1870 2035 2158 2088 nicationis
2183 2036 2391 2090 seducti
2421 2039 2553 2092 estis
2584 2038 2754 2109 (Osca:
2783 2041 2882 2107 tv),
2929 2053 2982 2094 et
3007 2058 3188 2098 revera
3220 2061 3312 2110 per
3357 2064 3442 2098 me

1862 2136 1916 2180 et
1939 2128 2011 2180 illi
2037 2127 2244 2181 fuerant
2265 2130 2610 2199 supplantati.
2631 2131 2739 2198 Ego
2767 2148 2885 2186 sum
2909 2135 2998 2199 qui
3023 2143 3073 2188 te
3101 2135 3270 2201 ipsum
3299 2154 3442 2205 saepe

1864 2219 2084 2281 tentavi,
2112 2228 2166 2274 et
2186 2235 2400 2288 semper
2446 2223 2691 2290 repulsus
2711 2238 2852 2277 sum.
2904 2224 3038 2278 Cum
3096 2226 3197 2280 hoc
3243 2226 3442 2283 Christi

1863 2310 2018 2366 miles
2040 2312 2299 2375 audisset,
2327 2312 2525 2380 gratias
2552 2329 2714 2381 agens
2747 2314 2876 2376 Deo.
2923 2327 2977 2369 et
3005 2318 3233 2386 largiore
3254 2319 3442 2374 adver-

1861 2415 1955 2454 sus
1988 2401 2260 2455 inimicum
2290 2406 2622 2456 confortatus
2652 2406 2895 2469 audacia,
2921 2409 3031 2460 ait:
3066 2411 3282 2464 Multum
3313 2428 3442 2481 ergo

1859 2492 2217 2559 despicabilis.
2274 2494 2607 2563 multumque
2651 2498 3069 2566 contemptibilis
3089 2513 3180 2562 es;
3235 2515 3356 2556 nam
3387 2510 3442 2556 et

1859 2583 2158 2638 obscuritas
2181 2593 2268 2638 tua
2296 2594 2350 2639 et
2372 2596 2503 2640 aetas
2533 2586 3035 2658 inﬁrmarum‘signa
3089 2597 3214 2643 sunt
3240 2606 3439 2645 rerum.

1861 2675 2014 2731 Nulla
2049 2677 2176 2730 mihi
2204 2676 2314 2745 jam
2340 2678 2406 2732 de
2435 2687 2488 2732 te
2510 2694 2636 2732 cura
2665 2688 2768 2733 est.
2800 2679 3058 2733 Dominus
3079 2681 3209 2734 mihi
3232 2681 3443 2748 adjutor

1859 2777 1960 2828 est,
2013 2777 2067 2822 et
2110 2783 2212 2837 ego
2251 2770 2537 2823 exsultabo
2578 2784 2739 2836 super
2769 2769 3010 2824 inimicos
3060 2787 3207 2824 meos
3269 2771 3440 2839 (Ρωι.

1861 2862 2048 2918 cxvul.
2094 2863 2155 2911 lat
2196 2863 2396 2926 statim,
2449 2861 2512 2913 ad
2565 2875 2748 2916 vocem
2780 2864 3070 2926 cantantis,
3128 2868 3442 2932 phantasma

1863 2953 2003 3018 quod
2036 2951 2340 3014 videbatur,
2372 2954 2609 3006 evanuit.

1933 3042 2062 3098 CAP.
2095 3042 2158 3097 ν.
2195 3070 2266 3082 -
2318 3043 2442 3095 llaec
2462 3051 2637 3096 autem
2687 3041 2900 3096 Antonii
2963 3051 3143 3095 contra
3170 3042 3436 3097 diabolum

1776 3126 1823 3190 C
1857 3131 1952 3185 fuit
1982 3133 2148 3200 prima
2178 3131 2420 3196 victoria,
2452 3133 2555 3185 imo
2579 3135 2744 3186 virtus
2768 3148 2818 3185 in
2841 3132 3070 3186 Antonio
3098 3134 3386 3187 Salvatoris
3419 3151 3434 3186 :

1864 3224 1950 3291 qui
1986 3234 2259 3290 peccatum
2293 3223 2344 3276 in
2366 3239 2526 3277 carne
2556 3224 2954 3288 condemnavit,
3009 3224 3118 3293 38
3163 3234 3220 3278 ut
3245 3225 3438 3293 justiti-

1862 3319 2000 3372 catio
2027 3318 2157 3386 legis
2188 3319 2238 3370 in
2270 3319 2423 3372 nobis
2451 3320 2831 3386 compleretur.
2864 3321 2952 3386 qui
3004 3337 3105 3374 nou
3144 3321 3436 3375 secundum

1863 3424 2074 3462 carnem
2105 3409 2460 3472 ambulamus,
2515 3411 2607 3464 sed
2651 3411 2946 3464 secundum
2983 3412 3226 3481 spiritum
3261 3414 3440 3482 (Rom.

1867 3501 2007 3569 vm).
2038 3502 2143 3556 Sed
2179 3517 2350 3568 neque
2380 3503 2608 3556 Antonio
2641 3505 2977 3558 securitatem
3019 3505 3166 3558 dedit
3190 3504 3273 3560 hic
3303 3522 3442 3560 unus

1867 3593 2188 3658 triumphus,
2221 3607 2320 3645 nec
2352 3593 2564 3646 diabolo
2605 3596 2767 3646 semel
2797 3595 2974 3648 fractae
3006 3596 3252 3650 defecere
3273 3599 3433 3650 vires.

1862 3683 1993 3736 Nam
2023 3692 2075 3736 et
2102 3684 2222 3747 iste,
2255 3694 2310 3737 ut
2334 3686 2414 3738 leo
2439 3685 2651 3750 rugiens
2675 3683 2726 3755 (Ι
2761 3684 2878 3737 Pet.
2905 3685 2984 3754 ν),
3011 3691 3282 3752 αυωωϋθι
3320 3690 3439 3741 adi-

1865 3785 1974 3828 tum
2007 3791 2100 3841 per
2129 3790 2285 3842 quem
2316 3784 2495 3843 posset
2547 3775 2874 3844 irrumpere;
2933 3786 2985 3831 et
3021 3778 3111 3830 ille
3137 3777 3443 3846 Scriptura-

1863 3880 1980 3919 rum
2006 3867 2197 3921 doctus
2218 3867 2452 3934 eloquio,
2484 3867 2680 3921 multas
2710 3882 2832 3922 esse
2866 3869 3169 3923 daemonum
3223 3872 3426 3940 captio-

1865 3973 1959 4012 nes
1981 3956 2196 4025 (Eplm.
2220 3959 2319 4026 vt),
2343 3957 2524 4013 solerti
2561 3960 2887 4026 propositum
2921 3959 3106 4015 labore
3134 3962 3381 4016 servabat
3408 3978 3424 4026 ;

1863 4048 2211 4102 considerans
2239 4048 2360 4117 quia
2397 4057 2577 4114 posset
2625 4048 2852 4104 Satanas
2900 4050 2952 4104 in
2981 4051 3156 4105 carnis
3185 4052 3442 4107 collucta-

1867 4137 2012 4191 tione
2037 4149 2342 4204 superatus,
2374 4154 2630 4192 novarum
2653 4139 2911 4195 adversus
2930 4155 2988 4195 se
3018 4142 3215 4197 artium
3243 4144 3447 4198 mar-hi-

1867 4244 1963 4283 nas
1990 4230 2166 4284 acrius
2196 4243 2558 4284 commovere.
2589 4229 2793 4284 Idcirco
2821 4231 2990 4300 magis
3032 4247 3096 4287 ac
3117 4235 3286 4304 magis
3313 4237 3444 4288 sub-

1861 4319 2082 4388 jngahat
2127 4333 2322 4386 corpus
2367 4334 2546 4378 suum.
2599 4335 2667 4375 ne
2723 4320 2894 4375 victor
2922 4320 3172 4389 aliorum,
3217 4324 3270 4377 ln
3319 4323 3440 4378 aliis

1868 4408 2236 4479 vinceretur“
2268 4409 2386 4463 Cor.
2423 4410 2516 4475 Ix).
2548 4409 2843 4477 Disponens
2872 4409 3032 4480 igitur
3055 4413 3256 4465 duriori
3277 4425 3337 4465 se
3361 4413 3447 4466 vi-

1789 4495 1845 4556 D
1871 4510 1938 4555 tre
1970 4503 2086 4569 lege
2107 4502 2494 4571 constringere,
2529 4516 2653 4556 cum
2681 4516 2871 4557 omnes
2900 4502 3278 4571 infatigabilem
3309 4505 3449 4556 ado-

1874 4593 2122 4648 lescentis
2152 4593 2473 4648 mirarentur
2501 4595 2808 4649 instantiam
2840 4594 2981 4665 (15),
3039 4603 3280 4650 sanctum
3313 4595 3448 4649 tole-

1879 4671 2063 4738 ranter
2092 4684 2297 4740 ferebat
2324 4685 2582 4749 laborem,
2634 4688 2755 4754 quia
2808 4688 3122 4741 voluntaria:
3177 4689 3448 4742 servitutis

1877 4775 2094 4844 longum
2131 4777 2180 4828 in
2207 4776 2298 4830 Dei
2327 4792 2489 4845 opere
2514 4779 2763 4841 studium,
2799 4779 3233 4832 consuetudinem
3265 4779 3315 4832 in
3348 4795 3446 4833 na-

1878 4878 2044 4920 turam
2078 4875 2305 4920 Verterat
2315 4906 2330 4922 .

1948 4957 2075 5013 CAP.
2102 4958 2188 5012 Vl.
2212 4988 2282 4998 —
2310 4959 2500 5014 Inedia)
2527 4970 2699 5014 autem
2733 4974 2786 5014 et
2815 4961 3108 5027 vigiliarum
3164 4961 3216 5015 in
3245 4971 3446 5017 tantum

1878 5056 2081 5123 patiens
2103 5066 2237 5122 erat,
2272 5065 2328 5110 ut
2360 5058 2784 5112 incredulitatem
2812 5059 3012 5112 viribus
3035 5057 3288 5112 vinceret.
3322 5059 3450 5112 Per-

1876 5150 2124 5201 noctabat
2154 5149 2204 5202 in
2237 5150 2482 5202 oratione
2512 5152 2830 5216 smpissime,
2855 5151 3045 5203 edebat
3072 5151 3236 5202 semel
3276 5151 3325 5202 in
3359 5152 3451 5205 die

1877 5250 1996 5309 post
2025 5241 2156 5292 solis
2182 5255 2460 5297 occasum.
2515 5255 2888 5308 nonnunquam
2950 5243 3108 5295 biduo
3157 5243 3440 5313 triduoque

1879 5331 1959 5386 sic
1985 5345 2322 5396 permanens,
2376 5341 2563 5399 quarta
2594 5329 2807 5384 demum
2839 5332 2923 5386 die
2955 5334 3306 5389 reficiebatur.
3342 5339 3449 5388 Su-

1884 5422 2060 5475 mebat
2083 5438 2212 5476 vero
2245 5437 2433 5490 panem
2465 5430 2521 5476 et
2543 5423 2646 5488 sal,
2706 5433 2990 5492 potumque
3041 5440 3192 5492 aqua
3226 5441 3448 5493 perpar-

1877 5529 2024 5568 vnm.
2060 5515 2137 5568 De
2161 5515 2408 5568 carnibus
2431 5529 2558 5568 vero
2586 5521 2642 5567 et
2691 5516 2814 5568 vino
2858 5525 3033 5569 tacere
3085 5517 3275 5570 melius
3323 5527 3450 5584 puto

1877 5621 2037 5672 quam
2073 5606 2364 5674 quidquam
2389 5605 2590 5670 dicere,
2623 5607 2834 5672 quando
2878 5619 2976 5659 nec
3027 5604 3164 5674 apud
3198 5606 3446 5673 plurimos

1879 5697 2092 5761 quidem
2125 5697 2506 5751 monachorum
2558 5695 2854 5750 istiusmodi
2903 5696 3099 5762 aliquld
3131 5694 3444 5761 reperiatur.
