4002 6232
540 289 632 342 151

1562 288 1651 342 DE
1694 287 1867 343 VITIS
1909 284 2190 341 PATRUM
2233 285 2432 362 LIBER
2478 289 2745 346 PRIMUS.

3707 303 3811 358 13⁸2

541 401 717 468 Quieti
744 409 918 454 autem
949 400 1187 455 membra
1217 402 1542 470 concedens,
1572 403 1738 472 junco
1765 412 2018 458 contexto
2044 413 2118 455 at-
2144 398 2195 456 A
2222 402 2506 458 adversum
2532 422 2616 459 me
2638 417 2834 471 castra,
2880 425 2987 464 non
3018 412 3227 467 timebit
3268 428 3361 469 cor
3388 431 3565 471 meum
3628 418 3803 489 (Psal.

541 510 647 564 que
675 492 852 548 cilicio
882 493 1148 548 utebatur.
1204 493 1590 562 Nonnunquam
1620 495 1779 548 etiam
1831 508 1991 561 super
2018 509 2115 545 ntt-

545 588 667 642 datn
692 588 911 641 humum
943 587 1175 654 jacebat,
1237 596 1503 655 unguenta
1552 586 1762 653 penitus
1805 584 2115 654 repudians.

546 677 769 732 Dicebat
798 677 941 732 enim
976 678 1195 732 minime
1227 691 1383 745 posse
1432 678 1712 740 utentium,
1770 686 1824 730 et
1853 676 2117 744 przccipue

539 768 791 837 juvenum
825 781 1049 835 corpora
1075 765 1335 823 roborari.
1360 764 1404 819 si
1425 764 1525 819 olei
1542 772 1724 817 essent
1745 763 1960 817 lenitate
1983 765 2122 816 mol-

542 860 667 917 lita;
697 866 946 928 oportere
983 871 1113 912 vero
1140 870 1359 925 asperos
1398 856 1547 909 carni
1593 854 1804 909 labores
1837 854 2117 923 imperari,

544 948 837 1001 secundum
887 944 1133 1014 Apostoli
1183 955 1530 1014 praeceptum,
1574 944 1843 999 dicentis:
1896 945 2121 1012 Quando

551 1040 815 1103 infit-mor,
860 1047 983 1091 tunc
1005 1038 1191 1090 fortior
1216 1051 1333 1090 sum
1369 1035 1456 1105 (II
1487 1036 1605 1090 Cor.
1638 1038 1757 1105 xtl).
1810 1037 2124 1091 Asserebat-

542 1149 647 1202 que
675 1146 887 1187 sensum
915 1130 1077 1184 animi
1105 1130 1183 1183 sic
1212 1142 1369 1198 posse
1391 1131 1734 1192 reviviscere,
1784 1129 1829 1182 si
1878 1131 2121 1196 corporis

543 1223 733 1278 fuisset
763 1225 993 1291 impetus
1021 1220 1290 1291 fatigatus.
1323 1220 1472 1275 Unde
1494 1236 1594 1274 nec
1615 1229 1914 1289 temporum
1945 1221 2119 1290 longi-

548 1315 731 1367 tudine
760 1312 1007 1366 laborum
1032 1313 1237 1366 merita'
1254 1311 1529 1381 pensabat,
1556 1313 1649 1367 sed
1671 1326 1855 1365 amore
1874 1320 1927 1363 et
1953 1310 2121 1364 famu-

543 1407 651 1459 latu
680 1412 975 1471 spontaneo
1002 1416 1236 1471 semper,
1298 1411 1547 1469 tanquam
1581 1401 1634 1455 in
1689 1401 1964 1470 principiis
1992 1418 2122 1456 con-

547 1497 789 1559 stitutus,
812 1494 877 1548 ad
903 1494 1198 1562 profectum
1230 1494 1397 1548 divini
1431 1504 1602 1549 metus
1636 1495 1962 1550 desiderium
1988 1512 2120 1550 con-

544 1584 761 1638 citabat.
813 1584 1086 1654 Novisque
1114 1585 1335 1653 cupiens
1366 1586 1549 1657 augeri
1607 1588 1899 1655 praeterita,
1955 1603 2117 1655 supra

544 1680 824 1732 memorati
850 1678 1095 1732 Doctoris
1126 1694 1430 1733 sermonum
1460 1680 1858 1745 recordabatur,
1892 1682 1983 1750 qui
2010 1682 2115 1734 ait:

2225 497 2409 563 XI").
2440 498 2586 551 Talia
2627 513 2694 553 eo
2722 501 2953 567 dicente,
3000 504 3264 560 bonorum
3323 509 3494 564 hostis
3533 513 3804 578 diabolus,

2222 588 2518 643 admiratus
2544 592 2686 659 quod
2715 604 2834 660 post
2865 604 2941 649 tot
2967 597 3188 652 verbera
3222 600 3409 656 fuisset
3435 618 3596 656 ausus
3628 622 3807 659 rever-

2224 678 2285 743 ti,
2323 686 2661 752 congregatis
2685 687 2911 742 canibus
2938 690 3072 757 suis,
3102 701 3158 745 et
3187 696 3404 762 proprio
3433 710 3493 749 se
3519 695 3700 751 furore
3721 700 3807 752 di-

2224 768 2432 822 lanians
2460 787 2475 825 :
2510 771 2737 840 Videtis,
2762 778 2859 843 ait,
2890 778 3012 845 quia
3042 795 3140 834 nec
3191 782 3380 851 spiritu
3411 782 3803 853 fornicationis,

2225 876 2323 915 nec
2344 864 2587 929 carperis
2625 864 2905 923 doloribus
2935 881 3248 940 superatus,
3304 875 3522 943 insuper
3550 877 3809 934 audacter

2224 949 2439 1005 lacessit
2462 968 2582 1008 nos.
2630 954 2820 1010 Omnia
2852 973 3000 1013 arma
3027 962 3301 1029 corripite,
3360 966 3535 1018 acrius
3588 981 3618 1019 a
3650 972 3737 1020 not
3762 969 3810 1020 is

2225 1040 2620 1114 impugnandos
2647 1055 2750 1101 est.
2775 1047 3002 1117 Sentiat,
3036 1054 3255 1108 sentiat.
3290 1055 3461 1111 Debet
3501 1058 3643 1112 scire
3671 1074 3811 1128 quos

2230 1144 2503 1203 provocet.
2551 1138 2707 1199 Dixit,
2766 1150 2821 1193 et
2845 1142 2910 1195 ad
2946 1143 3208 1199 hortantis
3255 1162 3438 1202 vocem
3469 1151 3803 1206 audientium

2227 1226 2376 1278 turba
2408 1230 2701 1293 consensit,
2726 1232 2848 1299 quia
2873 1233 3178 1289 innumeras
3202 1236 3445 1292 diabolus
3474 1239 3633 1296 habet
3656 1256 3807 1297 artes

2226 1318 2474 1370 nocendi.
2518 1319 2735 1374 Sonitus
2783 1322 2941 1390 igitur
2977 1328 3286 1392 repentinus
3317 1329 3603 1399 increpuit,
3640 1334 3712 1385 ita
3747 1345 3807 1388 ttt

2226 1405 2348 1459 loco
2379 1406 2614 1460 funditus
2637 1411 2859 1477 agitato,
2881 1422 2933 1466 ct
2962 1417 3255 1481 parietibus
3288 1420 3583 1485 patefactis,
3618 1425 3807 1477 multi-

2224 1495 2358 1549 faria
2389 1498 2689 1553 dremonum
2723 1504 2916 1559 exinde
2944 1507 3095 1560 turba
3132 1524 3191 1561 se
3220 1509 3571 1576 effunderet;
3599 1530 3724 1567 nam
3750 1526 3809 1569 et

2227 1588 2516 1641 bestiarum
2543 1599 2595 1643 et
2620 1593 2947 1661 serpentium
2980 1595 3179 1650 formas
3231 1599 3532 1668 induentes,
3580 1619 3806 1661 omnem

2226 1682 2474 1742 protinus
2520 1682 2692 1737 locum
2737 1687 3011 1754 replevere
3064 1689 3356 1756 rltautasiis
3406 1696 3516 1765 39
3563 1697 3805 1765 leonum,

545 1767 816 1820 l’rteterita
849 1766 1190 1834 obliviscens,
1241 1778 1299 1823 et
1345 1768 1400 1822 in
1447 1768 1680 1822 futurum
1737 1769 2118 1824 convalescens
2152 1769 2197 1828 B
2232 1778 2531 1836 taurorum,
2566 1776 2832 1842 luportttn,
2865 1778 3131 1847 aspidum.
3158 1786 3509 1850 serpentium,
3557 1793 3808 1855 scorpio-

540 1861 767 1929 (l’hilt'o.
796 1865 899 1930 ut).
932 1861 1247 1918 Meminerat
1274 1878 1484 1933 quoque
1526 1865 1659 1920 Eﬁte
1708 1867 1980 1935 prophettc
2032 1868 2114 1921 di-

539 1953 709 2007 centis
742 1968 757 2007 :
792 1952 931 2007 Vivit
981 1954 1265 2017 Dominus,
1298 1957 1384 2010 cui
1410 1966 1528 2011 asto
1558 1956 1717 2013 hodie
1757 1968 1880 2013 ante
1938 1961 2109 2029 ipsmn

539 2044 655 2115 (III
689 2046 819 2115 Reg.
860 2047 1032 2116 xvm);
1065 2055 1122 2102 et
1141 2046 1554 2103 diss‘erebatcur
1582 2049 1737 2103 hodie
1778 2062 1922 2107 esset
1951 2067 2119 2117 api-o-

542 2138 723 2201 situm,
752 2138 877 2207 quia
900 2152 1007 2192 non
1036 2140 1379 2207 computabat
1430 2139 1575 2194 Elias
1628 2144 1952 2210 praeteritum
1984 2152 2119 2197 tem-

539 2244 659 2298 pus,
688 2230 782 2284 sed
814 2239 1064 2298 tanquam
1093 2233 1333 2299 quotidie
1365 2234 1416 2286 in
1457 2234 1752 2288 certamine
1773 2237 2114 2305 constitutus,

543 2321 703 2375 talem
736 2336 795 2376 se
825 2321 1065 2389 praebere
1084 2314 1348 2390 cupiebat,
1408 2327 1617 2393 qualem
1648 2325 1849 2380 sciebat
1895 2327 2115 2395 dignum

543 2408 636 2463 Dei
689 2421 809 2462 esse
862 2410 1260 2477 conspectibus,
1309 2426 1497 2480 purum
1543 2415 1728 2480 corde,
1789 2421 1845 2469 et
1874 2427 2115 2484 paratum

539 2497 762 2553 obedire
787 2498 1046 2553 voluntati
1075 2499 1210 2570 ejus.

605 2588 732 2666 Car.
771 2589 880 2644 Vll.
908 2619 979 2631 —
1033 2590 1203 2662 Igitur
1230 2603 1447 2650 sanctus
1472 2596 1731 2652 Antonius
1752 2586 1929 2653 Secum
1960 2616 2117 2666 repu-

537 2664 654 2734 tans
681 2691 929 2749 Oportere
956 2681 1053 2736 Dei
1094 2684 1346 2739 famulum
1375 2701 1441 2742 ex
1472 2689 1720 2744 instituto
1767 2693 1950 2760 magni
1986 2694 2114 2746 Elim

539 2776 845 2843 exemplum
871 2790 1085 2845 capere,
1116 2787 1171 2832 et
1189 2778 1254 2833 ad
1302 2780 1430 2834 illud
1461 2782 1734 2849 speculum
1768 2785 1930 2839 vitam
1961 2803 2111 2841 suam

545 2867 746 2923 debere
771 2883 1114 2939 componere,
1164 2872 1231 2926 ad
1286 2875 1532 2944 sepulcra
1564 2890 1669 2930 non
1727 2876 1883 2945 longe
1932 2894 1961 2932 a
1992 2880 2112 2932 villa
2164 2927 2167 2929 _

543 2959 831 3012 constituta
866 2960 1113 3026 secessit,
1146 2966 1233 3016 utti
1264 2964 1332 3019 de
1358 2967 1583 3034 cognitis
1612 2969 1869 3023 mandans
1899 2979 1956 3025 ut
2000 2983 2110 3025 sta-

540 3045 670 3101 tutis
690 3047 881 3103 diebus
912 3051 1013 3105 sibi
1045 3052 1296 3108 alimenta
1328 3055 1581 3112 deferret.
1648 3059 1711 3112 Et
1746 3076 1866 3113 cunt
1920 3064 1972 3115 in
2005 3078 2107 3116 una

2230 1877 2380 1930 num,
2440 1878 2646 1918 necnon
2679 1874 2734 1919 et
2780 1868 3063 1935 pardorum
3092 1880 3252 1941 atque
3280 1890 3547 1932 ursorum.
3603 1880 3811 1934 Etlncc

2226 1955 2441 2021 singula
2466 1955 2757 2009 secundum
2788 1972 2939 2012 suam
2963 1959 3259 2015 fremebant
3287 1975 3554 2020 naturam.
3606 1969 3809 2037 littgie-

2226 2044 2316 2098 bat
2346 2047 2454 2110 leo,
2488 2046 2734 2101 occidere
2758 2049 2976 2116 volens;
3004 2061 3186 2107 taurus
3213 2058 3412 2124 mugitu
3468 2068 3521 2111 et
3551 2063 3811 2125 cornibus

2224 2134 2556 2203 minabatur;
2581 2154 2801 2207 serpens
2829 2142 2986 2196 sibilo
3015 2149 3360 2212 personabat;
3412 2150 3655 2217 luporum
3702 2154 3810 2204 im-

2225 2235 2379 2293 petus
2404 2227 2810 2297 ingerebantur;
2838 2234 3035 2301 pardus
3058 2235 3390 2294 discoloriter
3420 2242 3538 2314 (l7)
3566 2246 3808 2297 auctoris

2222 2317 2304 2370 sui
2327 2318 2647 2373 calliditates
2678 2324 2853 2376 varias
2876 2322 3165 2380 indicabat.
3202 2328 3402 2385 Truces
3428 2338 3660 2391 omnium
3685 2338 3805 2389 vul-

2226 2417 2335 2473 tus,
2361 2420 2415 2464 et
2445 2412 2592 2466 vocis
2616 2414 2845 2468 horrida:
2872 2416 3019 2471 dirus
3045 2421 3281 2478 auditus.
3313 2426 3576 2481 Antonius
3624 2430 3806 2500 flagel-

2225 2501 2365 2555 latus
2394 2514 2553 2571 atque
2608 2504 2890 2562 confossus
2930 2514 3195 2567 sentiebat
3251 2517 3467 2584 quidem
3499 2524 3806 2591 asperiores

2227 2596 2474 2660 corporis
2504 2596 2738 2662 dolores,
2771 2599 2863 2652 sed
2896 2600 3289 2669 imperterritus
3342 2608 3567 2665 durabat
3593 2592 3805 2670 ‘mente

2224 2685 2486 2755 pervigili.
2516 2687 2583 2740 Et
2614 2690 2738 2744 licet
2785 2695 3039 2759 gemitum
3073 2695 3294 2752 vulnera
3324 2702 3501 2755 carnis
3530 2704 3804 2773 exprime-

2220 2786 2361 2841 rent,
2388 2792 2548 2831 sensu
2584 2786 2761 2833 tamen
2794 2782 2929 2835 idem
2959 2800 3296 2856 permanens,
3330 2794 3480 2859 quasi
3519 2794 3585 2849 de
3616 2794 3799 2850 inimi-

2217 2868 2295 2922 cis
2322 2870 2529 2925 luderet
2549 2913 2565 2939 ,
2601 2872 2914 2943 loquebatur
2942 2894 2955 2929 ς
2985 2878 3040 2932 Si
3065 2881 3253 2933 virium
3285 2882 3480 2950 aliquid
3505 2885 3803 2954 haberetis,

2217 2960 2485 3016 sufficeret
2515 2978 2653 3018 unus
2710 2965 2776 3018 ad
2825 2967 3097 3037 pratlittm;
3155 2974 3248 3026 sed
3287 2977 3536 3041 quoniam
3572 2979 3802 3034 Domino

2220 3068 2316 3107 vos
2338 3067 2627 3110 enervante
2649 3057 2977 3128 frangimini,
2999 3063 3334 3122 multitudine
3353 3070 3571 3123 tentatis
3595 3070 3801 3126 inferre

534 3136 794 3192 memoria
829 3138 941 3209 (l6)
967 3154 1125 3210 supra
1156 3141 1327 3197 dictus
1349 3140 1513 3199 frater
1549 3161 1671 3200 eum
1696 3148 1989 3214 clausisset,
2021 3166 2109 3206 so-

2236 3157 2489 3213 terrores,
2531 3163 2651 3203 cum
2682 3150 2783 3205 ltoc
2813 3153 2983 3220 ipsum
3033 3154 3355 3228 infirmitatis
3405 3159 3657 3216 indicium
3703 3164 3799 3227 sit,

535 3225 618 3280 lus
638 3225 849 3283 .ibidem
873 3231 1206 3285 morabatur.
1237 3232 1476 3288 Metuens
1499 3250 1628 3305 ergo
1654 3237 1896 3292 diabolus
1926 3257 1993 3294 ne
2022 3257 2110 3295 ac-

535 3328 691 3369 cessu
716 3318 970 3386 temporis
1001 3335 1239 3375 erentum
1271 3338 1483 3392 quoque
1513 3325 1740 3380 habitari
1774 3327 1992 3392 faceret,
2039 3332 2107 3385 ita

533 3417 658 3459 eum
686 3408 981 3475 aggrcgatis
1008 3410 1329 3467 satellitibus
1354 3415 1486 3480 suis,
1539 3416 1683 3470 varia
1724 3419 1874 3473 etedc
1905 3419 2109 3474 lacera-

531 3496 631 3561 vit,
663 3507 717 3552 ut
740 3498 942 3555 doloris
982 3504 1290 3572 magnitudo
1318 3514 1374 3561 et
1414 3517 1618 3562 motum
1647 3509 1881 3565 auferret
1938 3522 1991 3566 et
2021 3527 2112 3566 vo-

530 3604 670 3645 cem.
727 3591 859 3647 Nam
913 3602 968 3649 et
1016 3594 1132 3664 ipse
1163 3607 1345 3664 postea
1387 3614 1531 3669 saepe
1553 3602 1837 3669 referebat,
1889 3605 2107 3660 vulnera

531 3680 694 3737 fuisse
749 3693 854 3737 tam
886 3685 1088 3754 gravia,
1150 3695 1207 3740 ut
1236 3689 1481 3743 universa
1531 3689 1807 3746 hominum
1842 3703 2105 3749 tormenta

529 3784 878 3841 superarent;
910 3776 1004 3830 sed
1034 3777 1125 3831 Dei
1152 3780 1501 3847 providentia,
1522 3796 1642 3850 qua:
1668 3798 1936 3853 nunquam
1966 3784 2021 3838 in
2050 3800 2109 3840 se

531 3864 869 3932 Sperantibus
896 3866 1069 3931 deest,
1103 3872 1447 3927 conservavit
1474 3891 1615 3930 eum.

603 3957 723 4010 Alio
747 3957 838 4011 die
864 3998 881 4024 ,
942 3959 988 4012 is
1038 3974 1194 4027 quem
1227 3977 1385 4031 supra
1413 3965 1643 4021 diximus
1680 3968 1848 4024 frater
1872 3971 2106 4037 advenit,

531 4045 680 4099 cibos
703 4046 954 4102 deferens
978 4061 1253 4114 assuetos;
1288 4064 1451 4123 atque
1479 4073 1601 4112 eum
1623 4058 1890 4127 jacentem
1921 4061 1973 4116 in
2003 4074 2108 4118 ter-

531 4150 590 4191 ra
619 4139 1050 4207 setnimortuum,
1085 4141 1271 4199 fractis
1300 4147 1523 4213 foribus,
1553 4149 1777 4206 invenit.
1805 4154 1973 4219 Quem
2004 4154 2105 4208 im-

529 4229 760 4296 positum
788 4229 1046 4299 humeris,
1094 4235 1161 4288 ad
1191 4236 1388 4292 villulae
1416 4240 1739 4296 domicilium
1792 4248 2103 4311 reportavit.

526 4319 641 4383 Quo
665 4319 870 4385 audito,
900 4320 1089 4392 ingens
1117 4324 1413 4382 vicinorum
1458 4340 1619 4398 atque
1644 4333 1880 4388 affinium
1922 4337 2106 4390 multi-

526 4411 654 4465 tudo
682 4425 1029 4481 concurrens,
1091 4418 1246 4474 triste
1275 4418 1330 4473 in
1359 4420 1537 4475 medio
1564 4423 1719 4492 positi
1748 4424 1951 4481 funeris
1975 4428 2101 4483 red-

526 4500 688 4555 debat
712 4501 968 4556 officium.
1002 4505 1067 4559 Et
1084 4504 1193 4574 jam
1219 4508 1393 4563 media
1426 4514 1600 4566 noctis
1622 4520 1775 4581 parte
1803 4524 2099 4587 transgres-
2128 4496 2182 4554 D

524 4603 604 4655 sa,
629 4592 806 4660 gravis
833 4594 1115 4662 pervigiles
1162 4599 1400 4652 omnium
1429 4601 1617 4655 oculos
1666 4603 1875 4658 vicerat
1913 4620 2095 4675 sopor.

524 4677 656 4733 Tum
709 4681 971 4735 Antonius
991 4684 1165 4738 anima
1194 4688 1461 4751 paululum
1494 4693 1753 4749 redeunte
1792 4698 2090 4767 suspirans,

522 4772 753 4825 elevavit
780 4783 972 4841 caput;
1023 4778 1233 4831 ca:teris
1272 4793 1397 4833 tero
1426 4780 1531 4836 alta
1581 4785 1759 4853 quiete
1794 4791 2095 4856 prosmtis,

522 4876 666 4928 eum,
713 4878 741 4914 a
772 4879 878 4932 quo
902 4865 1111 4921 delatus
1137 4866 1332 4933 fuerat,
1364 4870 1582 4940 vigilare
1608 4878 1915 4945 conspexit;
1947 4894 2098 4933 eum-

520 4972 623 5023 que
653 4968 780 5012 nutu
813 4959 1101 5027 advocatis,
1132 4963 1431 5019 obsecravit
1471 4976 1549 5031 ttt,
1596 4971 1738 5023 nullo
1769 4974 1976 5039 penitus
2000 4988 2096 5029 ex-

520 5046 703 5112 citato,
735 5049 802 5102 ad
831 5052 1109 5114 priSlittutn
1137 5068 1197 5108 se
1223 5053 1448 5110 referret
1477 5056 1854 5114 habitaculum.

586 5137 717 5191 Car.
745 5136 873 5193 Vlll.
900 5170 969 5180 —
998 5143 1213 5199 ltelatus
1254 5160 1403 5216 ergo,
1456 5148 1610 5217 juxta
1651 5153 2092 5209 consuetudinem

521 5226 663 5281 solus
687 5227 876 5281 iterum
901 5236 1282 5301 permanebat;
1326 5247 1380 5291 et
1431 5249 1575 5295 stare
1605 5242 1819 5310 quidem
1878 5254 2094 5312 propter

521 5329 769 5372 recentes
797 5320 981 5389 plagas
1004 5340 1107 5377 non
1137 5334 1364 5393 poterat,
1424 5344 1587 5385 orans
1614 5348 1741 5387 vero
1773 5345 2093 5403 prostratus,

519 5417 643 5479 post
682 5412 979 5467 orationem
1032 5415 1175 5469 clara
1224 5434 1352 5474 voce
1383 5420 1634 5476 dicebat:
1697 5423 1835 5479 Ecce
1863 5426 1948 5481 hic
1974 5443 2091 5483 sum

516 5515 616 5569 ego
642 5505 926 5568 Ant0uius,
952 5520 1058 5560 non
1104 5505 1250 5576 fugio
1295 5496 1467 5563 vestra
1519 5520 1830 5581 certamina,
1882 5523 2089 5576 etiamsi

486 5588 491 5589 “
517 5591 716 5661 majora
747 5592 970 5658 faciatis,
1003 5598 1179 5652 nullus
1204 5614 1289 5654 tne
1317 5604 1583 5665 separabit
1610 5620 1638 5658 a
1670 5608 1925 5666 cltaritate
1944 5612 2093 5666 Citri-

515 5684 584 5737 sti
614 5684 794 5752 (ηοω.
833 5700 973 5753 viil).
1034 5688 1408 5761 f‘sallebatquc
1432 5692 1651 5751 dicens:
1712 5700 1765 5754 Si
1796 5705 2091 5758 consistant

2216 3237 2356 3305 quod
2386 3239 2825 3295 irrationabilium
2851 3242 3071 3300 induitis
3096 3247 3294 3302 formas
3320 3251 3629 3305 bestiarum.
3658 3252 3798 3306 lior-

2215 3342 2438 3396 sumque
2462 3330 2758 3397 confidens,
2789 3334 2965 3389 aiebat
2991 3351 3006 3390 :
3037 3337 3094 3391 Si
3130 3340 3254 3409 quid
3284 3343 3492 3406 valetis,
3550 3344 3593 3398 si
3647 3348 3799 3401 vobis

2216 3423 2266 3473 itt
2299 3437 2384 3475 me
2413 3433 2729 3492 potestatem
2764 3427 3019 3483 Dominus
3042 3430 3210 3498 dedit,
3248 3450 3377 3489 ecce
3428 3447 3617 3502 praesto
3648 3453 3797 3504 sum,

2212 3511 2465 3567 devorate
2484 3529 2821 3571 concessum.
2850 3518 2904 3574 Si
2928 3535 3055 3574 vero
3079 3536 3182 3576 non
3210 3525 3453 3591 potestis,
3480 3542 3574 3579 cur
3597 3529 3795 3582 frustra

2214 3604 2479 3659 ttilintini?
2509 3606 2728 3677 Signum
2759 3610 2899 3663 enim
2924 3612 3099 3665 crucis
3145 3622 3199 3667 et
3226 3616 3357 3670 fides
3385 3618 3451 3670 ad
3487 3618 3795 3686 Domittttttt,

2214 3695 2642 3763 inexpugnabilis
2674 3700 2826 3752 nobis
2859 3715 3039 3753 murus
3084 3710 3185 3756 est.
3239 3705 3404 3759 Multa
3455 3720 3640 3762 contra
3668 3726 3797 3764 san-

2212 3796 2354 3842 ctum
2381 3791 2667 3844 Antonium
2702 3791 2981 3857 minantes,
3037 3796 3069 3846 fi
3085 3800 3341 3851 emebant
3380 3799 3625 3856 dentibus
3654 3805 3794 3870 suis,

2216 3878 2352 3946 quod
2379 3880 2559 3934 nullus
2588 3896 2772 3935 eorum
2807 3893 3131 3939 tentatucnta
3187 3903 3606 3960 consequeretur
3657 3896 3793 3951 effe-

2212 3981 2352 4038 ctus,
2385 3973 2479 4027 sed
2514 3973 2752 4028 maxime
2773 3990 2803 4029 e
2830 3981 3099 4031 cootrario
3140 3981 3447 4050 gigneretur
3486 3986 3680 4041 illusio.

2278 4088 2408 4142 CAP.
2441 4088 2531 4143 ΙΧ.
2565 4119 2631 4130 -
2669 4089 2781 4143 Νοη
2834 4091 3026 4145 oblitus
3072 4094 3228 4150 Jesus
3257 4097 3371 4168 (l8)
3401 4100 3793 4160 colluctationis

2207 4182 2351 4235 servi
2383 4182 2488 4250 sui,
2521 4182 2695 4236 eitlent
2731 4193 3002 4253 protector
3044 4186 3214 4242 factus
3250 4203 3353 4245 eSt.
3404 4192 3641 4261 Denique
3666 4211 3792 4252 cum

2207 4272 2443 4326 elevaret
2470 4274 2674 4339 oculos,
2702 4274 2829 4328 vidit
2856 4275 3088 4345 desuper
3115 4279 3327 4335 culmen
3353 4282 3570 4349 aperiri,
3594 4294 3667 4350 et,
3698 4289 3793 4339 de.

2205 4362 2379 4418 duetis
2435 4364 2707 4424 tenebris.
2740 4366 2946 4419 radium
2994 4368 3061 4421 ad
3108 4385 3168 4423 se
3213 4371 3345 4426 lucis
3386 4372 3629 4429 influere.
3663 4376 3792 4433 P03.

2207 4455 2360 4524 cujus
2412 4458 2714 4525 splendoris
2766 4459 3052 4515 adventum
3103 4477 3199 4518 nec
3252 4465 3553 4519 daemonum
3597 4468 3793 4537 aliquis

2204 4549 2470 4616 apparuit,
2499 4558 2554 4603 et
2605 4550 2846 4620 corporis
2898 4552 3054 4608 dolor
3102 4556 3369 4623 extemplo
3416 4556 3623 4611 deletus
3679 4571 3788 4615 est.

2204 4637 2512 4692 IEdiﬁcium
2560 4656 2790 4711 quoque,
2823 4644 2964 4711 quod
3000 4646 3155 4712 paulo
3182 4654 3306 4701 ante
3330 4648 3643 4702 dissolutum
3673 4648 3792 4706 fue-

2202 4742 2303 4794 rat,
2343 4733 2692 4787 instauratum
2719 4743 2819 4788 est.
2852 4735 2997 4790 Illico
3029 4742 3362 4805 praesentiam
3393 4740 3598 4796 Domini
3631 4743 3791 4798 intel-

2204 4823 2331 4876 lexit
2361 4824 2641 4887 Antonius,
2670 4832 2725 4878 et
2767 4839 2836 4878 ex
2883 4825 3071 4881 intimo
3113 4837 3334 4897 pectore
3380 4829 3596 4884 trahens
3629 4833 3787 4901 longa

2201 4915 2450 4985 suspiria,
2480 4917 2546 4969 ad
2599 4918 2779 4971 lumen
2830 4919 2971 4985 quod
3003 4920 3050 4973 ei
3082 4931 3402 4989 apparuerat
3450 4925 3789 4992 loquebatur,

2201 5009 2385 5064 dicens
2413 5027 2426 5061 :
2455 5009 2551 5065 Ubi
2576 5025 2731 5077 eras,
2761 5011 2897 5066 bone
2919 5014 3084 5068 Jesu?
3113 5015 3200 5068 tibi
3229 5018 3389 5071 eras?
3413 5019 3587 5084 Quare
3619 5035 3722 5073 non
3757 5037 3788 5075 a

2204 5101 2462 5168 principio
2491 5100 2705 5168 affuisti,
2732 5110 2788 5156 ttt
2814 5119 3033 5159 sanares
3054 5106 3271 5160 vulnera
3306 5110 3462 5163 mea?
3495 5112 3558 5163 Et
3588 5126 3687 5164 vox
3718 5113 3786 5165 ad

2200 5204 2321 5241 emn
2351 5188 2486 5243 facta
2516 5198 2622 5255 est,
2654 5190 2839 5245 dicens
2865 5210 2877 5245 :
2902 5194 3120 5261 Antoni,
3152 5195 3237 5249 hic
3282 5213 3451 5263 eram,
3481 5199 3576 5253 sed
3621 5216 3789 5269 expe-

2200 5279 2407 5333 ctabam
2441 5280 2623 5335 videre
2655 5292 2925 5337 certamen
2957 5295 3123 5337 tuum.
3150 5285 3297 5341 Nunc
3318 5299 3515 5354 autem,
3546 5289 3664 5359 quia
3698 5290 3783 5344 di-

2201 5371 2450 5425 micando
2473 5372 2698 5426 viriliter
2725 5388 2827 5427 non
2850 5374 3074 5438 cessisti,
3103 5391 3315 5445 semper
3337 5382 3635 5434 auxiliabor
3662 5384 3785 5446 tibi,

2201 5473 2253 5515 ct
2286 5464 2472 5517 faciam
2500 5472 2553 5519 te
2585 5467 2636 5518 in
2669 5468 2812 5519 omni
2841 5468 2971 5520 orbe
3000 5468 3283 5523 ttominarl.
3319 5470 3413 5525 llis
3440 5471 3656 5536 auditis,
3686 5490 3790 5527 ex-

2200 5568 2447 5622 surgens,
2481 5553 2533 5607 in
2582 5565 2782 5607 tantont
2816 5557 3119 5623 roboratus,
3148 5561 3333 5615 orabat
3360 5572 3416 5615 ut
3463 5562 3790 5633 intelligeret

2198 5660 2254 5698 se
2288 5647 2403 5715 plus
2430 5646 2697 5713 recepisse
2723 5655 2849 5702 tunc
2877 5647 3067 5704 virium
3096 5666 3254 5720 quam
3296 5664 3421 5708 ante
3450 5656 3784 5723 perdiderat.
