4002 6258
180 303 279 358 155

1291 307 1447 363 ῩΙΤΑ
1500 310 1700 365 BEATI
1743 311 2017 367 ANTONII
2059 312 2369 368 ABBATiS.

3352 309 3453 364 l5}

179 417 307 472 Erat
338 427 515 469 autem
547 426 678 474 tunc
710 422 973 479 Antonius
1000 437 1172 479 anms
1196 433 1351 479 natus
1380 427 1593 495 triginta
1618 428 1774 496 quin-
1799 432 1848 489 Α
1877 429 2135 495 metipsos
2178 428 2338 483 sinite
2363 427 2639 483 deludere.
2671 426 2853 496 itaque
2894 427 2998 480 illis
3038 424 3446 487 revertentibus,

176 523 300 578 que.

246 598 376 650 Car.
411 595 481 650 Χ.
504 625 575 638 -
594 599 797 653 Exinde
818 614 935 653 cum
962 602 1234 658 voluntate
1262 616 1503 673 prompta
1534 621 1621 674 per
1654 621 1768 661 mc-

178 690 274 744 rita
308 688 562 758 religiosa
595 704 996 756 succresceret,
1041 696 1242 751 vadens
1294 698 1359 750 ad
1405 700 1765 767 supradictnm

178 794 387 845 senem,
420 782 740 849 precabatur
769 793 826 837 ut
850 785 904 838 in
935 786 1153 842 deserto
1199 787 1502 843 habitarent
1547 791 1764 857 pariter.

178 878 447 933 Causaute
493 876 589 931 illo
632 876 802 931 senile
848 891 1018 929 aevum
1063 888 1117 931 et
1165 880 1238 932 rei
1287 881 1768 943 novi'atent,solus

178 969 454 1025 contendit
507 970 573 1022 ad
619 980 891 1033 montem,
941 978 996 1024 et
1048 972 1214 1025 eremi
1266 971 1439 1027 adhuc
1492 973 1767 1029 monachis

179 1070 393 1129 ignotae,
421 1060 546 1113 vita:
577 1068 737 1127 rupto
767 1066 929 1120 metu,
964 1060 1101 1111 viam
1132 1074 1354 1114 conatus
1384 1072 1467 1116 est
1509 1063 1761 1130 pandere.

177 1152 273 1207 Sed
304 1167 406 1205 nec
440 1162 566 1204 tunc
593 1151 824 1204 cessavit
870 1150 1211 1220 infatigabilis
1239 1152 1608 1217 adversarius;
1641 1171 1761 1209 nam

178 1245 438 1313 impedire
464 1242 579 1312 ejus
606 1243 940 1311 propositum
980 1243 1185 1308 volens,
1217 1253 1525 1313 argenteum
1556 1248 1759 1301 discum

178 1340 229 1390 in
256 1337 453 1389 itinere
483 1335 742 1402 projecit;
770 1349 875 1403 quo
900 1333 1035 1399 viso,
1060 1334 1321 1389 Antonius
1342 1336 1518 1390 callidi
1542 1338 1761 1392 artificis

177 1426 385 1495 agnovit
412 1425 690 1490 astutiam,
721 1435 975 1494 stansque
1002 1424 1317 1491 intrepidus,
1336 1436 1391 1479 et
1415 1426 1618 1481 discum
1647 1437 1748 1481 tor-

178 1519 252 1569 vis
308 1515 525 1568 intuens
575 1513 778 1575 oculis,
812 1513 919 1567 doli
965 1523 1237 1569 auctorem
1291 1516 1341 1569 in
1386 1517 1756 1583 phantasmate

180 1607 489 1678 objurgabat
516 1608 748 1678 argenti,
779 1605 902 1659 talia
946 1620 1127 1660 secum
1170 1617 1462 1677 reputans:
1488 1609 1640 1665 Unde
1673 1610 1758 1665 hic

181 1702 225 1754 in
264 1700 480 1753 deserto
522 1698 741 1753 discus?
768 1698 948 1751 avium
1001 1697 1103 1753 hoc
1148 1698 1245 1753 iter
1293 1710 1410 1766 est,
1446 1702 1588 1757 nulla
1632 1714 1757 1756 sunt

1874 518 1960 572 hic
2007 520 2320 572 remanebat
2367 519 2588 579 illazsus,
2624 534 2720 572 nec
2776 533 3005 585 unquam
3053 517 3103 569 in
3153 515 3449 570 certamine

1870 609 2191 664 lassabatur.
2206 609 2587 664 Accedentium
2604 618 2778 662 autem
2795 617 3074 677 augmenta
3092 606 3446 673 profectuum,

1871 700 1951 754 vel
1981 700 2230 753 debilitas
2262 699 2687 768 repugnantium,
2720 697 3010 751 maximum
3061 696 3175 762 ejus
3220 703 3446 753 conten—

1872 787 1996 840 tioui
2025 789 2260 842 levamen
2288 788 2623 851 addiderant,
2656 797 2710 842 et
2732 787 2848 857 ejus
2874 786 3054 840 animo
3092 783 3446 839 constantiam

1870 865 2240 946 suggerebant.
2275 879 2581 947 Rursusque
2603 880 2667 930 ad
2699 894 2938 933 eremum
2968 876 3301 931 venientibus
3331 884 3447 929 tur-

1869 968 1951 1022 bis
1977 983 2097 1037 quae
2130 968 2237 1037 jam
2279 977 2546 1023 mortuum
2577 986 2697 1023 eum
2725 984 2786 1025 se
2815 972 3245 1024 existimaveram
3274 984 3450 1036 reper-

1868 1068 2013 1114 turos
2037 1060 2174 1129 (‘20),
2203 1061 2290 1115 ille
2316 1060 2572 1129 psallebat
2600 1061 2922 1116 intrinsecus
2953 1077 2966 1114 :
2991 1062 3247 1129 Exsurgat
3280 1060 3443 1125 Deus,

1866 1160 1921 1204 et
1963 1151 2291 1220 dissipentur
2321 1152 2522 1206 inimici
2553 1153 2702 1221 ejus,
2733 1162 2787 1207 et
2836 1151 3040 1223 fugiant
3082 1154 3169 1221 qui
3217 1152 3448 1205 oderunt

1864 1255 1987 1295 eum
2017 1256 2046 1293 a
2077 1240 2211 1295 facie
2241 1243 2375 1310 ejus.
2424 1241 2574 1295 Sicut
2618 1242 2796 1297 delicit
2830 1243 3037 1309 fumus,
3072 1244 3320 1299 deliciam
3348 1263 3362 1311 ;
3390 1256 3448 1299 ut

1863 1329 2107 1397 liquescit
2139 1345 2261 1384 cera
2288 1345 2316 1383 a
2346 1330 2479 1385 facie
2512 1331 2645 1400 ignis
2666 1372 2683 1398 ,
2716 1332 2784 1386 ita
2822 1342 3042 1399 pereant
3082 1344 3386 1402 peccatores
3416 1352 3445 1387 a

1865 1418 1997 1474 facie
2026 1420 2115 1474 Dei
2142 1420 2315 1492 (Psal.
2340 1422 2533 1492 van).
2563 1422 2628 1476 Et
2651 1423 2841 1477 iterum
2868 1422 3097 1479 :Otnnes
3128 1437 3313 1495 gentes
3342 1426 3446 1479 cir-

1866 1511 2256 1566 cumdederunt
2285 1529 2370 1567 me
2394 1552 2410 1579 ,
2440 1523 2496 1568 et
2526 1514 2580 1568 in
2607 1514 2823 1569 nomine
2854 1514 3061 1569 Domini
3093 1517 3358 1571 vindicavi
3391 1520 3446 1573 in

1861 1603 1939 1657 eis
1968 1600 2137 1669 (Psal.
2166 1604 2357 1673 cxvn).

1929 1691 2058 1747 Cap.
2091 1693 2226 1747 XIII.
2250 1724 2319 1734 —
2349 1693 2438 1748 Sic
2487 1696 2752 1749 Antonius
2781 1697 2934 1750 annis
2980 1697 3163 1767 viginti
3206 1698 3444 1754 solitario

186 1791 383 1859 vestigia
417 1791 875 1855 commeantium;
911 1789 1090 1859 lapsus
1120 1790 1186 1844 de
1229 1792 1469 1857 sarcina,
1504 1810 1610 1861 pra:
1642 1809 1753 1848 ma-
1785 1797 1831 1856 Β
1862 1786 2161 1846 transactis,
2192 1796 2354 1853 atque
2379 1787 2444 1839 ab
2475 1786 2751 1840 hominum
2807 1798 3113 1856 segregatus
3140 1793 3443 1855 conspecti-

190 1881 445 1949 gnitudine
495 1880 662 1934 latere
712 1894 818 1933 ucn
860 1880 1059 1948 potuit;
1091 1881 1183 1934 sed
1230 1892 1283 1935 et
1312 1883 1398 1949 qui
1451 1884 1754 1951 perdiderat

181 1984 415 2023 reversus
438 2009 456 2036 ,
486 1969 557 2023 ob
597 1968 942 2023 solitudinem
990 1971 1262 2040 locorum,
1292 1972 1583 2027 invenisset
1626 1989 1752 2041 pro-

174 2062 303 2115 fecto
331 2060 479 2127 quod
505 2069 708 2114 ruerat.
741 2058 851 2113 lloc
875 2059 1179 2123 artificium,
1204 2061 1435 2126 diabole,
1468 2071 1614 2117 tuum
1642 2074 1747 2128 est,

170 2169 271 2207 non
302 2152 572 2222 impedies
597 2152 924 2207 voluntatem
957 2167 1154 2218 meam,
1184 2163 1461 2223 argentum
1492 2164 1637 2209 tuum
1669 2166 1751 2210 te-

167 2260 287 2299 cum
320 2245 398 2298 sit
423 2244 476 2298 in
508 2243 869 2312 perditionem.
930 2244 1057 2299 Haec
1097 2245 1189 2299 illo
1218 2244 1454 2312 dicente,
1486 2247 1665 2301 discus
1692 2258 1753 2302 ut

166 2338 350 2391 fumus
377 2354 408 2391 a
442 2338 574 2391 facie
600 2337 730 2407 ignis
759 2336 995 2391 evanuit.

231 2426 366 2480 Cn.
405 2426 495 2480 XI.
523 2427 810 2481 —Dehinc
856 2443 960 2481 non
1009 2436 1065 2480 ut
1106 2436 1232 2482 ante
1272 2428 1323 2481 in
1357 2428 1746 2497 phantasmate.

164 2518 254 2571 sed
285 2518 558 2585 ingentem
597 2518 713 2571 auri
743 2531 974 2573 massam
1007 2517 1274 2587 jacentem
1306 2520 1356 2572 in
1402 2520 1588 2574 itinere
1618 2535 1749 2574 con-

164 2613 356 2677 spexit.
406 2610 600 2664 Verum
633 2609 772 2663 hanc
803 2616 975 2663 utrum
1006 2609 1251 2664 diabolus
1294 2608 1647 2672 simulaverit,
1678 2627 1743 2665 an

164 2700 225 2752 ad
255 2699 546 2753 Antonium
590 2699 1070 2768 comprobandum,
1099 2699 1220 2768 quia
1249 2716 1347 2755 nec
1377 2700 1517 2754 veris
1552 2701 1746 2769 opibus

163 2791 529 2855 inescaretur,
578 2792 751 2845 virtus
795 2793 1031 2847 cmlestis
1077 2792 1402 2855 ostenderit,
1448 2792 1742 2863 ignoratur.

168 2886 277 2941 Hoc
307 2896 483 2941 tamen
514 2887 865 2954 agnovimus,
892 2889 1013 2954 quia
1047 2886 1188 2956 quod
1223 2886 1390 2940 visum
1418 2897 1519 2950 est,
1552 2902 1743 2941 aurum

174 2974 283 3030 fuit.
323 2978 389 3030 At
418 2977 513 3031 ille
543 2976 964 3043 magnitudinem
1005 2976 1299 3029 admiratus
1345 2975 1600 3030 radiantis
1627 2991 1742 3031 me-

176 3068 290 3132 talli,
312 3069 503 3137 rapido
522 3084 709 3135 cursu,
728 3071 873 3139 quasi
899 3068 1163 3137 quoddam
1187 3070 1382 3123 vitaret
1410 3070 1740 3135 incendium,

1862 1875 1958 1930 bus
1987 1877 2316 1945 perduravit.
2362 1879 2493 1935 Cum
2545 1894 2675 1950 ergo
2714 1881 3000 1935 multorum
3027 1891 3082 1936 et
3113 1883 3441 1950 propositmu

1857 1968 2053 2023 imitari
2092 1972 2415 2039 cupientium
2440 2011 2455 2036 ,
2488 1981 2542 2026 et
2584 1982 2830 2026 notorum
2878 1973 3159 2027 multitudo
3206 1974 3271 2027 ad
3317 1990 3439 2030 eunt

1854 2070 2222 2125 concurreret,
2248 2078 2456 2117 necnon
2488 2073 2543 2117 et
2571 2065 2884 2131 patientium
2914 2065 3117 2118 inﬁnita
3140 2081 3198 2119 se
3226 2076 3438 2123 caterva

1854 2152 2286 2220 conglomeraret
2316 2152 2455 2222 (2|),
2483 2155 2693 2209 tandem
2728 2170 2862 2223 pene
2883 2154 2994 2224 jam
3028 2172 3123 2223 per
3166 2157 3272 2210 vim
3306 2158 3436 2211 fori-

1856 2240 1955 2293 bus
1976 2240 2195 2307 evulsis,
2216 2243 2365 2311 quasi
2390 2258 2454 2296 ex
2484 2242 2660 2312 aliquo
2688 2243 2894 2299 ctelesti
2918 2245 3060 2298 aditu
3090 2259 3439 2301 consecratus

1853 2331 2097 2399 apparuit
2129 2330 2266 2401 (‘22).
2299 2332 2696 2402 Obsmpuerunt
2734 2334 2968 2388 universi
2996 2345 3049 2389 et
3078 2337 3186 2389 oris
3210 2339 3432 2403 gratiam

1853 2429 1908 2476 et
1930 2423 2172 2490 corporis
2213 2424 2524 2493 dignitatem
2550 2465 2564 2487 ,
2596 2424 2735 2492 quod
2769 2441 2869 2480 nec
2901 2442 2993 2494 per
3030 2427 3263 2495 quietem
3297 2430 3436 2483 intu-

1854 2522 2056 2566 mucrat
2103 2512 2243 2583 (“25),
2292 2528 2388 2567 nec
2412 2513 2631 2583 jejttniis
2652 2554 2668 2577 ,
2698 2516 3107 2584 daamonumque
3145 2520 3434 2573 certamine

1850 2602 2040 2657 faciem
2071 2603 2189 2672 ejus
2217 2603 2385 2672 pallor
2413 2603 2729 2668 obsederat;
2757 2605 2853 2660 sed
2887 2620 2918 2660 e
2961 2608 3251 2672 contrario,
3282 2610 3435 2676 quasi

1852 2696 1982 2749 nihil
2014 2697 2271 2764 temporis
2296 2697 2582 2764 exegisset,
2604 2697 2859 2766 antiquus
2890 2698 3247 2752 membrorum
3271 2698 3433 2753 decor

1852 2792 2233 2856 perseveravit.
2262 2788 2364 2842 Pro
2387 2798 2587 2858 quanto
2613 2789 2901 2844 miraculo!
2934 2806 3050 2857 qua:
3076 2790 3128 2843 in
3158 2790 3247 2844 illo
3266 2792 3431 2845 animi

1851 2880 2054 2947 puritas
2084 2878 2210 2933 fuit!
2260 2878 2538 2947 Nunquam
2590 2879 2858 2935 hilaritate
2888 2882 3047 2934 nimia
3077 2882 3346 2935 resolutus
3377 2883 3431 2937 in

1851 2969 2015 3022 risum
2039 2980 2144 3031 est,
2176 2984 2444 3038 nunquam
2464 2970 2836 3025 recordatione
2866 2972 3068 3038 peccati
3100 2973 3308 3025 tristitia
3337 2989 3430 3029 ora

1849 3064 2135 3129 contraxit,
2162 3077 2266 3116 non
2295 3062 2503 3130 magnis
2525 3063 2852 3131 stupentium
2878 3078 2936 3118 se
2958 3064 3131 3118 elatus
3157 3073 3240 3118 est
3264 3064 3430 3118 laudi~

167 3160 225 3212 ad
254 3170 490 3214 montem
542 3175 717 3230 usque
758 3161 1009 3230 ρςτι-θιίι,
1040 3160 1221 3230 ibique
1251 3161 1471 3215 numine
1504 3172 1740 3217 iransva-
1767 3162 1812 3224 (ζ
1849 3154 1967 3207 bus.
2024 3154 2164 3207 Nihil
2212 3154 2264 3208 in
2297 3153 2387 3207 illo
2431 3153 2685 3209 indecens
2737 3154 2998 3220 solitudo,
3027 3155 3158 3209 nihil
3184 3170 3429 3223 asperum

163 3253 298 3317 dato,
330 3253 547 3308 invenit
591 3254 870 3308 castellum
901 3253 1204 3316 desertum,
1238 3249 1450 3322 plenum
1481 3254 1572 3327 (ob
1603 3267 1742 3310 tem-

163 3358 250 3412 pus
277 3355 329 3400 et
354 3344 734 3413 solitudinem)
784 3356 1167 3400 venenatorum
1198 3347 1523 3413 animalium,
1554 3349 1604 3402 in
1634 3363 1741 3416 quo

160 3451 212 3490 se
254 3437 599 3490 constituens
648 3450 817 3489 novus
861 3434 1055 3503 hospes
1102 3435 1383 3490 habitavit.
1434 3436 1629 3505 Statim
1674 3437 1740 3491 ad

159 3530 265 3597 ejus
289 3530 591 3584 adventum
642 3529 830 3600 ingens
860 3529 1012 3583 turba
1045 3532 1403 3599 Serpentium,
1434 3532 1581 3596 quasi
1617 3548 1738 3599 per-

159 3630 457 3675 secutorem
490 3633 667 3689 passa,
701 3619 955 3689 profugit.
978 3618 1047 3673 At
1072 3619 1159 3673 ille
1178 3619 1450 3673 obstructo
1473 3620 1739 3688 lapidibus

159 3711 399 3775 introitu,
416 3725 583 3777 panes
600 3709 862 3765 mensium
880 3724 997 3773 sex,
1017 3719 1073 3764 ut
1092 3710 1135 3763 Τ
1140 3709 1337 3765 hebazis
1360 3724 1475 3765 mos
1496 3718 1579 3765 est
1601 3710 1736 3782 (l9).

156 3816 333 3855 secum
368 3800 673 3855 recondens
702 3800 843 3869 (nam
874 3799 1065 3855 crebro
1098 3816 1192 3868 per
1216 3816 1414 3854 annum
1446 3800 1736 3870 incorrupti

155 3891 345 3944 durare
373 3887 573 3958 solent)
606 3904 813 3945 necnon
841 3899 895 3945 et
924 3892 1178 3960 exiguum
1211 3891 1414 3946 habens
1442 3907 1592 3961 aqua:
1610 3934 1625 3957 ,
1652 3908 1735 3946 so-

156 3978 358 4033 litarius
409 3979 767 4048 perdurabat;
799 3995 1057 4049 nusquam
1106 3981 1229 4036 inde
1260 3983 1575 4051 procedens,
1602 3999 1738 4037 nun-

152 4084 307 4137 quam
356 4070 589 4137 aliquem
630 4070 952 4139 suscipiens,
984 4071 1242 4126 intantum
1296 4084 1353 4127 ut
1398 4088 1516 4128 cum
1570 4074 1652 4128 bis
1681 4075 1733 4129 in

151 4174 289 4214 anno
340 4175 438 4225 per
469 4169 663 4213 tectum
714 4160 951 4229 desuper
999 4177 1162 4229 panes
1204 4164 1495 4232 acciperet,
1534 4165 1732 4217 nullum

154 4264 271 4302 cum
295 4246 666 4303 deferentibus
697 4247 917 4302 haberet
945 4249 1255 4317 alloquium.

218 4339 344 4391 (In.
381 4335 498 4391 XII.
523 4367 595 4378 —
634 4337 811 4390 Multis
841 4337 1022 4407 igitur,
1053 4339 1264 4394 videndi
1298 4354 1419 4394 eum
1468 4340 1735 4395 desiderio

152 4439 199 4481 et
228 4430 410 4483 studio
441 4428 784 4498 requirendi,
815 4441 940 4484 ante
984 4428 1179 4484 ostium
1211 4431 1327 4500 ejus
1370 4434 1731 4501 pernoctanti-

1845 3246 2155 3315 quotidiana
2184 3262 2304 3301 cum
2340 3247 2581 3301 hostibus
2610 3247 2743 3301 bella
2774 3248 3139 3312 contulerant;
3163 3248 3257 3301 sed
3290 3260 3426 3302 tem-

1848 3347 2033 3407 perata
2093 3354 2247 3394 meus
2293 3340 2481 3409 aquali
2510 3341 2573 3393 ad
2606 3350 2794 3394 cuncta
2852 3340 3117 3395 ferebatur
3161 3344 3426 3398 examine.

1848 3429 2109 3486 Plurimos
2132 3432 2291 3500 igitur
2316 3430 2384 3486 ab
2408 3433 2700 3486 immundis
2727 3432 2998 3500 spiritibus
3026 3442 3079 3488 et
3106 3434 3428 3489 infirmitati-

1844 3523 1943 3578 bus
1975 3524 2139 3578 variis
2172 3523 2262 3578 Dei
2293 3525 2464 3593 gratia
2496 3540 2590 3593 per
2615 3525 2900 3579 Antonium
2934 3523 3196 3578 liberavit.
3237 3524 3426 3580 Sermo

1842 3611 1962 3681 ejus
2019 3611 2133 3667 sale
2188 3612 2434 3666 conditus
2489 3612 2865 3667 consolabatur
2916 3621 3158 3677 maestos,
3196 3613 3425 3668 docebat

1842 3704 2043 3759 inscios
2068 3747 2081 3769 ,
2116 3705 2475 3759 concordabat
2526 3706 2714 3770 iratos,
2742 3705 2987 3760 omnibus
3032 3706 3262 3760 suadens
3290 3707 3424 3762 nihil

1841 3797 2012 3850 amori
2058 3795 2256 3851 Christi
2313 3796 2770 3865 anteponendum.
2817 3796 3256 3866 Pr0ponebatque
3301 3808 3424 3853 ante

1840 3887 2025 3943 oculos
2073 3887 2335 3943 bonorum
2385 3889 2804 3957 magnitudinem
2854 3887 3189 3953 futurorum,
3234 3897 3288 3943 et
3328 3888 3424 3946 Dci

1840 3978 2201 4045 clementiam,
2230 3988 2281 4031 et
2308 3977 2569 4033 beneficia
2590 3977 2865 4033 retexebat
2886 3977 3110 4043 indulta,
3136 3979 3274 4048 quod
3308 3994 3423 4048 pro-

1840 4073 1959 4140 prio
1985 4071 2120 4126 Filio
2152 4087 2250 4126 suo
2294 4088 2400 4128 non
2450 4073 2747 4142 pepercerit
2776 4071 2937 4137 Deus,
2972 4072 3063 4126 sed
3113 4088 3208 4138 pro
3238 4081 3422 4127 nostra

1838 4164 2072 4216 omnium
2095 4163 2267 4217 salute
2288 4179 2407 4218 eum
2432 4164 2707 4219 tradiderit
2729 4163 2905 4235 (Rom.
2933 4164 3075 4232 viti).
3104 4163 3212 4219 Nec
3241 4180 3409 4230 mora,

1840 4252 1989 4321 plura
2038 4253 2362 4307 audientium
2399 4255 2559 4309 corda
2590 4254 2656 4308 ad
2690 4258 3036 4308 humanarum
3067 4269 3243 4311 rerum
3289 4270 3419 4311 con-

1838 4352 2095 4410 temptum
2126 4344 2240 4398 iure
2269 4344 2385 4413 ejus
2412 4347 2579 4399 suasit
2617 4348 2810 4412 oratio,
2841 4353 2895 4400 et
2923 4344 3221 4401 habitanda:
3244 4347 3415 4403 eremi

1837 4434 1973 4488 istud
2006 4435 2122 4503 ejus
2151 4434 2426 4489 exordium
2453 4436 2566 4490 fuit.

158 4519 266 4582 bus,
297 4520 657 4574 audiebantur
681 4530 738 4574 ιιι
761 4522 903 4589 vulgi
927 4535 1083 4576 voces
1104 4521 1390 4577 adversum
1414 4523 1729 4589 Antonium,
1758 4534 1809 4592 ι)
1905 4527 2034 4579 αλιι.
2072 4525 2455 4592 XlV.—Quid
2503 4540 2632 4581 sane
2681 4535 2735 4580 et
2780 4528 2830 4579 in
2885 4524 3272 4580 Arsinoitarum
3320 4539 3412 4595 ops

159 4613 523 4679 tumultusque
562 4612 852 4667 dicentium
879 4630 891 4665 :
918 4613 1050 4679 Quid
1084 4624 1136 4668 te
1166 4617 1365 4671 nostris
1413 4617 1605 4688 ingeris
1638 4617 1731 4671 lia-

158 4701 439 4756 bitaculis?
488 4703 613 4772 quid
665 4705 755 4758 tibi
808 4713 862 4757 et
913 4705 1161 4761 deserto?
1206 4707 1506 4763 Abscedea
1537 4708 1731 4762 ﬁnibus

156 4794 356 4860 alienis,
393 4809 500 4848 non
544 4806 693 4863 potes
717 4797 805 4851 hic
838 4798 1101 4867 habitare,
1138 4813 1242 4853 non
1273 4809 1483 4853 nostras
1511 4799 1731 4854 insidias

156 4886 435 4939 sustinere.
488 4886 555 4941 Et
586 4890 757 4956 primo
788 4890 1000 4959 quidem
1026 4932 1041 4954 ,
1069 4890 1159 4959 qui
1204 4890 1334 4946 foris
1363 4900 1519 4945 erant
1546 4893 1730 4946 exi-ti-

154 4977 364 5029 mabant
408 4976 620 5043 aliquos
669 4980 913 5034 homines
960 4981 1119 5034 scalis
1171 4980 1424 5048 appOsitis
1456 4981 1727 5049 introisse,

152 5066 326 5133 ibique
369 5066 723 5123 contendere.
778 5068 1058 5138 Postquam
1104 5081 1280 5125 autem
1331 5087 1425 5140 per
1469 5087 1730 5127 cavernas

151 5153 604 5222 introspicientes,
629 5158 832 5211 nullum
855 5160 1120 5224 viderunt,
1150 5160 1417 5215 daemones
1446 5161 1728 5216 intellexe-

150 5253 269 5296 runt
308 5255 497 5299 contra
529 5261 650 5300 eum
678 5247 1033 5312 contendere;
1065 5257 1121 5302 et
1151 5250 1315 5302 nimio
1345 5260 1487 5304 metu
1522 5254 1728 5320 perter-

149 5337 253 5400 riti,
288 5339 510 5392 Antonii
544 5340 797 5394 auxilium
838 5340 1167 5409 ﬂagitabant.
1220 5345 1286 5394 At
1333 5342 1421 5395 ille
1446 5342 1554 5412 40
1591 5343 1729 5399 ostio

144 5430 509 5498 propinquans
556 5432 626 5485 ad
677 5433 1032 5488 consolandos
1082 5432 1306 5499 fratres,
1340 5450 1406 5489 ne
1456 5436 1725 5501 timerent,

139 5534 298 5588 atque
328 5533 386 5578 ut
418 5524 548 5579 inde
579 5525 911 5592 recederent,
937 5528 1256 5593 precabatur
1279 5567 1295 5593 ,
1317 5527 1728 5595 trepidantibus-

141 5631 241 5680 que
285 5617 574 5673 asserebat
622 5619 826 5671 cunctis
852 5632 881 5673 a
910 5618 1242 5673 daemonibus
1285 5619 1451 5673 incuti
1482 5627 1676 5672 metum
1711 5637 1725 5674 :

141 5704 349 5770 Signate
398 5724 526 5774 vos,
555 5707 820 5776 inquiens,
851 5718 905 5764 et
951 5710 1091 5766 abite
1140 5711 1339 5777 secuti,
1371 5710 1617 5777 ipsosque
1650 5726 1733 5765 sc-

1834 4615 1958 4683 pido
1989 4614 2101 4686 (24)
2132 4624 2336 4683 gestum
2363 4617 2449 4682 sit,
2481 4631 2584 4671 non
2613 4615 2848 4669 transibo
2869 4614 3102 4671 silentio.
3129 4615 3259 4670 Nam
3290 4630 3413 4670 cum

1835 4709 2026 4764 fratres
2058 4710 2220 4763 vellet
2248 4710 2509 4774 invisere,
2540 4719 2595 4765 et
2625 4710 2850 4765 rivulum
2893 4710 3127 4765 ﬂuminis
3167 4710 3293 4778 Nili,
3325 4711 3414 4777 qui

1833 4797 2117 4852 crocodilis
2141 4807 2193 4852 et
2216 4798 2395 4852 multis
2417 4799 2571 4852 saevis
2598 4797 2828 4852 fluminis
2854 4799 3038 4853 bestiis
3069 4799 3253 4867 plenus
3269 4808 3410 4864 erat,

1835 4886 2180 4941 transvadare
2222 4898 2369 4941 esset»
2413 4903 2632 4942 necesse
2678 4886 2812 4956 (“2.5),
2848 4897 2952 4941 tam
2984 4902 3104 4940 cum
3131 4887 3414 4942 comitibus

1833 4975 1946 5030 suis
1973 4977 2211 5031 transivit
2250 4977 2449 5031 illccsus
2473 5018 2489 5043 ,
2523 4992 2682 5047 quam
2716 4977 2837 5029 inde
2870 4976 3076 5029 redibat
3104 4975 3407 5032 incolumis.

1832 5067 2139 5137 Rursusque
2168 5068 2221 5121 in
2253 5067 2484 5136 pristinis
2511 5066 2781 5121 laboribus
2811 5079 3181 5133 perseverans,
3213 5067 3411 5123 multos

1831 5159 2144 5229 magisterio
2170 5174 2266 5212 suo
2293 5157 2485 5213 fratres
2527 5157 2880 5221 confirmavit,
2911 5156 2981 5210 ita
3014 5167 3069 5210 ut
3096 5159 3244 5212 brevi
3277 5167 3412 5214 tem-

1833 5265 1960 5318 pore
2012 5249 2235 5317 plurima
2290 5250 2479 5302 tierent
2528 5245 2847 5300 monasteria
2893 5246 3030 5318 (26).
3062 5246 3237 5302 Novos
3265 5250 3406 5304 anti-

1831 5355 2067 5410 quosque
2115 5341 2426 5407 monachos,
2456 5355 2552 5410 pro
2577 5349 2733 5395 attate
2777 5341 2859 5396 vel
2891 5350 3153 5413 tempore,
3186 5353 3409 5413 paterno

1832 5434 2207 5488 moderabatur
2234 5432 2448 5488 alfectu.

1896 5526 2025 5579 Car.
2057 5524 2262 5578 XV.—
2296 5525 2534 5591 Quadam
2564 5531 2739 5579 autem
2772 5524 2878 5588 die,
2905 5540 3025 5580 cum
3058 5536 3273 5581 sanctus
3302 5525 3409 5579 An-

1831 5619 2006 5672 tonius
2038 5633 2064 5669 a
2095 5618 2432 5686 coogregatis
2467 5615 2721 5670 fratribus
2752 5625 3028 5685 rogaretur
3053 5627 3110 5670 ut
3139 5620 3217 5670 eis
3249 5616 3404 5668 insti-

1835 5712 2028 5767 tutoria
2076 5711 2355 5779 largiretur
2388 5719 2650 5779 praecepta
2672 5752 2686 5775 ,
2720 5724 2838 5764 cum
2872 5711 3175 5781 pr0pltetica
3220 5706 3407 5761 tidncia
