4002 6230
545 300 650 354 135

1575 299 1660 353 DF.
1699 295 1876 353 VlTlS
1918 294 2193 350 PATRUM
2237 293 2438 347 LIBER
2470 293 2738 349 PRIMUS.

3709 299 3806 353 15ft

539 415 780 469 exaltans
808 425 1016 479 vocem,
1045 414 1220 469 aiebat
1248 414 1314 468 ad
1342 428 1554 468 omnem
1603 415 1815 482 quidem
1848 410 2119 464 mandato-
2157 411 2202 466 Α
2233 421 2354 459 rere
2384 406 2524 474 quod
2546 421 2610 460 ex
2637 406 2820 458 labore
2845 412 3118 458 transncto
3137 406 3382 461 instantis
3411 407 3588 473 oneris
3615 407 3815 466 habere

541 523 658 562 rtuu
686 509 1017 576 disciplinam
1062 508 1365 576 Scripturas
1391 520 1546 575 posse
1572 501 1820 559 sufficere
1849 502 2000 573 (27);
2032 499 2125 552 sed

540 607 594 652 et
646 597 748 652 hoc
788 599 1046 666 optimum
1094 597 1230 661 fore,
1260 596 1306 650 si
1351 598 1550 651 mutuis
1579 611 1640 651 se
1666 593 1892 649 invicem
1936 592 2127 645 fratres

541 691 874 744 sermonibus
918 689 1340 744 consolarentur.
1393 688 1458 742 Et
1503 703 1598 744 vos
1645 703 1811 757 ergo,
1847 687 2039 755 inquit,
2073 694 2128 738 ut

544 782 679 849 patri
715 780 910 835 referte
930 796 1047 850 quae
1073 783 1262 847 nostis,
1287 789 1339 834 et
1364 795 1464 847 ego
1490 795 1608 848 qua:
1635 795 1729 848 per
1758 782 1969 848 longam
1998 791 2127 832 aeta-

544 882 648 926 tetn
678 882 995 926 consecutus
1023 887 1142 926 sum
1173 873 1320 939 quasi
1353 870 1472 923 ﬁliis
1503 870 1767 924 indicabo.
1797 870 1908 923 lloc
1932 873 2003 922 sit
2028 885 2124 920 att-

545 975 648 1018 tem
681 967 904 1032 primum
933 965 1136 1018 cunctis
1167 965 1217 1017 iu
1246 979 1531 1018 commune
1561 963 1890 1025 mandatum,
1918 962 2120 1015 nullum

545 1057 596 1109 in
626 1056 825 1124 arrepti
857 1055 1109 1124 propositi
1142 1056 1322 1124 vigore
1348 1056 1658 1115 lassescere,
1689 1055 1781 1107 sed
1811 1055 1961 1122 quasi
1995 1053 2127 1106 inci-

545 1147 774 1213 pientem
800 1161 993 1214 augere
1011 1161 1220 1214 semper
1243 1147 1437 1199 debere
1460 1147 1596 1214 quod
1621 1149 1864 1211 eruperit,
1897 1159 2124 1212 praeser-

548 1236 637 1286 tim
669 1250 786 1286 euut
833 1234 1079 1286 humana:
1106 1234 1228 1286 vita:
1258 1235 1456 1302 spatia,
1490 1235 1772 1287 aeternitati
1803 1245 2124 1301 comparata,

548 1325 859 1380 brevissima
901 1327 1007 1379 sint
1054 1339 1117 1379 ac
1155 1341 1341 1394 parva.
1373 1326 1445 1379 Ita
1475 1342 1717 1387 exorsus,
1750 1327 2018 1395 paululum
2050 1329 2126 1380 si-

547 1415 677 1478 luit;
725 1425 779 1470 et
826 1416 1117 1470 admiratus
1167 1417 1382 1470 nimiam
1435 1418 1528 1471 Dei
1573 1418 1894 1488 largitatem,
1941 1431 2128 1471 rursus

542 1505 760 1574 adjecit,
789 1509 971 1560 dicens
1000 1507 1092 1561 :ln
1139 1510 1386 1576 prtesenti
1429 1509 1530 1564 hac
1571 1511 1681 1564 vita
1726 1509 1953 1579 aequalia
2003 1520 2127 1564 sunt

543 1612 641 1665 pro
668 1613 845 1653 rerum
871 1601 1287 1655 commutatione
1316 1603 1659 1666 commercia,
1684 1617 1783 1656 nec
1809 1603 2010 1672 majora
2039 1619 2126 1657 re-

543 1689 674 1757 cipit
717 1691 784 1744 ab
829 1700 1042 1746 emente
1068 1694 1155 1761 qui
1185 1692 1388 1747 vendit.
1445 1693 1734 1748 Promissio
1779 1702 1956 1748 autem
2006 1694 2128 1747 vitae

2229 494 2419 550 debeat
2469 494 2794 559 libertatem,
2823 495 2916 566 sed
2962 495 3074 564 jugi
3123 496 3301 550 studio
3332 499 3415 568 (ut
3445 498 3494 550 iu
3528 499 3817 568 Evangelio

2232 584 2409 656 [Luae
2442 584 2534 656 xn]
2579 585 2836 652 scriptum
2891 587 2996 653 est)
3045 587 3286 642 eamdem
3339 602 3553 652 semper
3596 591 3816 646 exhibet

2229 676 2636 740 so‘rvittttem,ut
2658 683 2710 729 et
2734 675 2959 728 Domino
2988 676 3201 744 placere
3231 677 3416 746 possit,
3449 688 3500 731 et
3529 694 3596 732 ue
3618 690 3815 734 metum

2231 766 2465 820 lucretur
2486 777 2540 820 et
2563 768 2812 829 verbera;
2844 769 2921 821 sic
2943 780 2995 822 et
3022 784 3121 822 nos
3143 769 3338 823 tliviuis
3360 775 3603 840 congruit
3628 789 3815 840 parere

2233 861 2543 926 przeceptis,
2575 860 2807 912 scientes
2857 863 2996 928 quod
3046 878 3232 930 a'quus
3283 863 3371 916 ille
3415 865 3730 930 retributor,
3763 870 3813 920 in

2230 965 2336 1017 quo
2374 965 2642 1017 quemque
2675 950 2961 1014 invenerit,
2998 952 3047 1004 itt
3096 967 3160 1006 eo
3191 953 3263 1005 sit
3285 953 3642 1022 judicaturus,
3674 961 3816 1023 quod

2230 1044 2541 1111 prophetica
2596 1058 2690 1111 per
2744 1043 3078 1098 Ezechielem
3138 1061 3272 1098 voce
3325 1057 3550 1101 testatur
3598 1048 3816 1117 (Eam-Ii.

2232 1135 2443 1202 χχχιιι).
2496 1133 2626 1186 Nam
2660 1145 2711 1188 et
2740 1135 2922 1188 infelix
2973 1135 3136 1188 Judas
3178 1147 3398 1205 propter
3448 1141 3604 1193 unius
3645 1143 3818 1196 noc:is

2233 1226 2580 1292 impietatem,
2605 1227 2748 1280 omni
2782 1229 3034 1294 praeteriti
3067 1232 3324 1298 temporis
3373 1230 3555 1285 labore
3582 1233 3818 1299 privatus

2231 1325 2332 1368 est.
2387 1315 2588 1371 Idcirco
2623 1320 2882 1372 tenendus
2924 1328 3008 1372 est
3052 1321 3338 1374 Continuus
3379 1319 3604 1376 instituti
3651 1324 3816 1391 rigor,

2233 1407 2550 1461 habentibus
2582 1409 2745 1462 Deum
2773 1410 3178 1474 auxiliatorem,
3213 1412 3354 1466 sicut
3393 1414 3646 1481 scriptum
3692 1424 3815 1468 est:

2232 1500 2363 1564 Quia
2392 1503 2534 1554 omni
2562 1503 2874 1570 proponenti
2908 1503 3103 1557 bonum
3136 1504 3276 1559 Deus
3303 1507 3816 1580 cooperatur(liom.

2231 1607 2322 1645 vttt
2340 1591 2380 1659 ).

2305 1683 2383 1736 Ad
2415 1683 2660 1738 inertiam
2691 1694 2869 1739 autem
2897 1685 3226 1748 calcandam.
3273 1689 3512 1754 Apostoli
3539 1702 3814 1760 praecepta

545 1781 885 1848 sempiternae
937 1782 1027 1835 vili
1082 1784 1254 1852 pretio
1303 1793 1660 1852 comparatur.
1717 1783 1987 1852 Scriptum
2042 1794 2123 1837 est

2236 1775 2589 1841 replicemus,
2645 1778 2836 1845 quibus
2895 1792 2954 1830 se
3013 1777 3148 1831 mori
3215 1779 3458 1846 quotidie
3513 1784 3817 1836 testabatur

545 1872 687 1926 enim
715 1889 730 1927 :
756 1873 878 1926 Dies
905 1872 1025 1927 vita:
1052 1883 1249 1927 nostra;
1292 1873 1621 1943 septuaginta
1669 1876 1826 1938 anni;
1858 1875 1901 1928 si
1946 1885 2122 1928 autem

546 1962 769 2015 multum
802 1961 941 2032 (-28),
966 1964 1269 2033 octoginta;
1297 1965 1554 2032 quidquid
1579 1964 1838 2034 reliquum
1861 1964 2126 2028 est,labor

543 2061 600 2108 et
625 2052 777 2107 dolor
805 2063 889 2109 est
917 2053 1090 2122 (Psal.
1136 2055 1373 2124 Lxxxtx).
1406 2055 1628 2122 Quando
1656 2071 1785 2126 ergo
1831 2059 2122 2128 octoginta,

544 2152 635 2196 aut
681 2151 895 2197 centum
923 2184 939 2205 ,
969 2153 1028 2198 ut
1068 2145 1292 2198 multum
1317 2187 1334 2212 ,
1368 2146 1526 2200 annis
1572 2147 1897 2211 laborantes,
1929 2150 1980 2203 in
2032 2150 2123 2204 Dei

543 2248 705 2301 Opere
735 2235 1030 2290 vixerimus
1049 2276 1065 2299 ,
1095 2251 1198 2290 non
1232 2237 1345 2306 pari
1371 2246 1613 2307 tempore
1643 2241 1913 2309 regnaturi
1941 2256 2126 2296 sumus

548 2328 598 2380 in
630 2327 836 2391 futuro;
866 2327 962 2382 sed
1015 2343 1110 2397 pro
1157 2331 1312 2382 annis
1359 2330 1660 2398 prtedictis,
1692 2333 1924 2388 omnium
1975 2335 2127 2388 nobis

546 2420 863 2474 saeculorum
905 2433 1066 2489 regna
1111 2421 1431 2476 tribuentur.
1466 2422 1581 2476 Non
1614 2432 1808 2477 terram
1844 2425 2126 2479 haeredita-

549 2512 742 2577 bimus,
772 2514 865 2567 sed
913 2514 1140 2580 malum;
1168 2528 1361 2583 corpus
1403 2529 1615 2584 quoque
1635 2525 1940 2586 corruptum
1970 2518 2129 2573 relin-

547 2611 789 2668 quentes,
807 2601 1035 2670 idipsum
1049 2616 1169 2656 cum
1194 2603 1588 2673 incorruptione
1605 2606 1940 2675 recipiemus.
1966 2607 2124 2677 Ergo,

552 2693 725 2756 filioli,
757 2707 861 2747 non
886 2709 980 2748 vos
1002 2704 1090 2748 aut
1119 2695 1333 2750 taedium
1354 2696 1628 2768 defatiget,
1657 2709 1749 2754 aut
1775 2716 1924 2756 vanae
1948 2702 2129 2771 gloria:

548 2784 776 2840 delectet
797 2786 1050 2840 ambitio:
1078 2787 1194 2841 Non
1225 2797 1352 2843 sunt
1378 2789 1520 2844 enim
1549 2791 1829 2861 condignae
1857 2795 2130 2861 passiones

549 2874 706 2944 hujus
727 2875 1004 2944 temporis,
1023 2876 1086 2930 ad
1111 2887 1551 2947 superventuram
1576 2881 1798 2951 gloriam
1829 2898 1947 2953 qua:
1979 2899 2131 2939 reve-

551 2966 745 3021 labitur
775 2968 826 3020 in
857 2967 1010 3022 nobis
1037 2966 1211 3040 (Rom.
1245 2971 1382 3039 vttt).

618 3055 810 3121 Nemo,
841 3071 961 3111 cum
993 3056 1300 3127 despexerit
1329 3060 1582 3115 mundum
1607 3103 1619 3127 ,
1646 3062 1928 3132 reliquisse
1957 3078 2018 3118 se
2046 3079 2131 3117 ar-

2227 1865 2284 1934 (1
2307 1867 2427 1920 Cor.
2462 1867 2551 1937 xv)
2580 1885 2591 1918 :
2625 1868 2870 1922 similiter
2891 1878 2945 1922 et
2975 1884 3071 1922 nos
3099 1868 3343 1924 humana:
3376 1871 3698 1928 conditionis
3729 1875 3817 1927 vi-

2230 1969 2337 2014 tam
2371 1964 2656 2030 ancipitem
2713 1974 3082 2029 retractantes,
3134 1981 3236 2019 non
3271 1968 3628 2034 peccabimus.
3672 1969 3808 2024 Cum

2227 2053 2370 2106 enim
2415 2056 2635 2108 excitati
2667 2071 2696 2107 a
2720 2069 2939 2121 somno,
2972 2057 3036 2110 ad
3071 2071 3346 2125 veSperam
3400 2075 3498 2112 nos
3530 2061 3814 2127 pervenire

2227 2143 2552 2210 dubitemus,
2598 2157 2651 2201 et
2677 2147 2839 2216 quieti
2869 2163 3098 2217 corpora
3144 2151 3520 2216 concedentes,
3556 2151 3639 2220 _de
3682 2155 3820 2207 lucis

2229 2253 2334 2292 non
2370 2241 2715 2314 confidamus
2757 2241 3007 2308 adventu,
3039 2253 3092 2296 et
3119 2243 3316 2312 ubique
3342 2255 3543 2299 natura:
3584 2261 3647 2300 ac
3691 2248 3817 2301 vita:

2229 2332 2448 2387 incertae
2480 2349 2775 2400 memores,
2811 2335 2902 2389 Dei
2949 2350 3045 2389 nos
3076 2336 3436 2404 intelligamus
3464 2338 3804 2406 providentia

2230 2426 2547 2494 gubernari;
2592 2427 2694 2480 hoc
2727 2427 2885 2480 modo
2930 2443 3036 2481 non
3078 2429 3469 2495 delinquemus.
3497 2442 3589 2485 aut
3634 2434 3814 2501 aliqua

2231 2516 2401 2584 fragili
2455 2516 2744 2586 cupiditate
2793 2519 3156 2588 raptabintur;
3207 2525 3302 2575 sed
3360 2535 3459 2576 nec
3512 2524 3816 2578 irascemur

2231 2608 2445 2675 quidem
2477 2609 2738 2663 adversus
2785 2611 3037 2680 aliquem,
3074 2627 3173 2668 nec
3201 2619 3446 2668 terrenos
3483 2629 3816 2685 congregare

2233 2700 2514 2754 thesauros
2562 2702 2857 2756 ambiemus
2885 2719 2901 2760 :
2930 2705 3055 2772 quin
3106 2707 3282 2773 potius
3321 2715 3463 2762 metu
3510 2708 3811 2775 quotidiani

2234 2802 2503 2855 recessus,
2549 2801 2604 2845 et
2649 2796 2962 2863 sejungendi
3010 2798 3254 2864 corporis
3283 2797 3390 2867 iugi
3436 2798 3814 2861 meditatione.

2233 2883 2410 2934 omnia
2451 2883 2646 2936 caduca
2679 2886 3024 2940 calcabimus.
3054 2887 3295 2941 Cessabit
3321 2887 3605 2943 mulierum
3633 2904 3810 2957 amor,

2239 2972 2477 3028 libidinis
2505 2977 2874 3044 exstinguetur
2909 2979 3236 3043 incendium,
3285 2980 3508 3035 invicem
3535 2981 3688 3036 nobis
3728 2982 3819 3037 de-

2234 3061 2344 3116 bita
2373 3072 2553 3118 nostra
2585 3065 2924 3134 donabimus,
2958 3081 3083 3123 ante
3104 3070 3288 3123 oculos
3314 3084 3528 3140 semper
3557 3071 3819 3126 habentes

553 3147 777 3202 bitretur
824 3149 1078 3218 ingentia,
1109 3151 1233 3218 quia
1281 3153 1455 3206 omnis
1501 3161 1665 3220 terra,
1698 3155 1763 3207 ad
1815 3155 2126 3210 infinitatem
2155 3139 2201 3200 (ἶ
2237 3155 2438 3209 ultima:
2470 3157 2836 3212 retributionis
2874 3159 3158 3214 adventum
3186 3177 3201 3215 :
3225 3163 3345 3229 quia
3385 3139 3556 3231 major
3585 3163 3818 3218 formido

549 3248 854 3306 comparata
889 3241 1172 3306 caelorum,
1195 3242 1372 3297 brevis
1398 3259 1458 3298 ac
1482 3260 1639 3313 parva
1663 3257 1765 3300 est.
1795 3247 1851 3302 Si
1880 3264 2006 3318 ergo
2034 3265 2132 3305 nec

549 3331 796 3382 universo
823 3331 940 3383 orbi
970 3332 1358 3396 renuntiantes,
1377 3333 1593 3403 dignum
1623 3337 1821 3406 aliquid
1855 3339 2128 3395 habitacu-

549 3421 612 3474 lis
644 3436 924 3488 possumus
949 3437 1302 3492 compensare
1328 3425 1659 3486 coelestibus.
1685 3443 1743 3482 se
1772 3434 2133 3501 unusquisque

549 3512 894 3580 consideret,
929 3522 984 3568 et
1013 3517 1189 3568 statim
1222 3516 1504 3586 intelliget,
1538 3519 1712 3587 parvis
1762 3523 1932 3577 aruris
1962 3533 2013 3578 et
2043 3540 2135 3593 pa-

548 3605 792 3667 rietibus,
826 3606 907 3660 vel
956 3607 1165 3660 modica
1213 3607 1329 3662 auri
1377 3611 1621 3679 portione
1668 3621 2006 3684 contempta,
2035 3632 2134 3672 nec

546 3695 762 3765 gloriari
786 3711 844 3751 se
860 3696 1076 3764 debere,
1097 3700 1250 3770 quasi
1273 3715 1460 3770 magna
1483 3701 1771 3769 dimiserit;
1796 3721 1894 3760 nec
1913 3708 2128 3774 tzedere,

548 3791 700 3855 quasi
732 3788 836 3860 41
868 3805 1025 3859 parva
1054 3792 1122 3846 sit
1160 3802 1495 3862 recepturus.
1541 3795 1610 3851 Ut
1653 3797 1795 3850 enim
1841 3802 2134 3855 contemnit

548 3880 737 3948 aliquis
765 3896 923 3934 unam
945 3897 1140 3937 aeream
1167 3884 1500 3950 drachmam,
1520 3887 1586 3940 ad
1611 3888 1893 3942 drachmas
1916 3900 2129 3944 centum

547 3986 739 4025 aureas
771 3974 1196 4041 conquirendas;
1229 3976 1298 4030 ita
1329 3979 1522 4043 etiam,
1554 3980 1642 4048 qui
1673 3981 1832 4035 tutius
1863 3983 2008 4038 orbis
2036 3983 2133 4037 do-

551 4062 772 4117 minium
798 4063 1103 4135 dereliquit,
1133 4070 1440 4139 centuplum
1464 4071 1533 4127 de
1559 4072 1867 4131 melioribus
1896 4078 2134 4146 praemiis

547 4152 600 4208 in
629 4153 842 4209 sublimi
872 4155 1000 4212 sede
1043 4158 1284 4225 recipiet.
1313 4159 1394 4214 Ad
1425 4176 1713 4229 summum,
1746 4165 1873 4220 illud
1925 4171 2133 4235 perspi-

548 4257 673 4297 cere
712 4244 970 4300 debemus
993 4286 1010 4312 ,
1043 4247 1183 4316 quod
1213 4250 1316 4304 etsi
1347 4261 1559 4306 nostras
1589 4255 1814 4310 velimus
1864 4267 2132 4313 retentare

547 4333 778 4398 divitias,
811 4335 926 4404 lege
963 4339 1152 4392 mortis
1177 4339 1245 4393 ab
1274 4341 1402 4409 ipsis
1431 4343 1758 4399 devellamur
1785 4345 1959 4413 inviti,
1990 4361 2047 4402 ut
2077 4350 2128 4403 in

549 4424 684 4479 libro
732 4426 1070 4484 Ecclesiastis
1115 4430 1284 4503 (Eccl.
1324 4434 1385 4502 ιι)
1429 4435 1684 4504 scriptum
1734 4448 1817 4493 est
1857 4440 1993 4510 (29).
2025 4443 2132 4497 Cur

545 4531 676 4587 ergo
704 4535 810 4575 non
839 4519 1063 4578 facimus
1105 4500 1174 4580 de
1219 4500 1552 4584 necessitate
1584 4532 1832 4588 virtutem
1864 4500 2011 4606 (50')?
2036 4553 2131 4592 cur
2158 4500 2212 4562 Β

550 4625 654 4662 non
696 4611 762 4665 ad
805 4612 1057 4668 lucranda
1104 4631 1262 4686 regna
1310 4619 1549 4675 cmlestia
1597 4623 1734 4677 ultro
1782 4627 2130 4696 relinquimus

547 4700 688 4768 quod
732 4700 863 4754 lucis
913 4702 1065 4756 istius
1115 4707 1220 4761 fine
1271 4710 1598 4776 perdendum
1631 4714 1746 4766 est?
1775 4715 1914 4769 Nihil
1945 4734 2127 4773 eorum

547 4807 688 4845 cura:
709 4792 778 4846 sit
804 4794 1140 4862 Christianis,
1160 4815 1279 4868 qua:
1303 4816 1483 4857 secum
1509 4804 1721 4862 auferre
1744 4825 1846 4863 non
1876 4823 2126 4878 possunt;

547 4879 673 4934 illud
701 4883 882 4951 potius
930 4886 1184 4942 debemus
1223 4902 1494 4958 expetere,
1527 4898 1667 4964 quod
1715 4914 1812 4953 nos
1859 4901 2016 4954 ducat
2064 4905 2129 4957 ad

547 4970 765 5035 coelum,
809 4974 1128 5044 sapientiam
1178 4979 1416 5045 scilicet,
1469 4988 1805 5053 castitatem,
1845 4990 2126 5057 justitiam,

549 5060 820 5127 virtutem,
854 5080 1070 5120 sensum
1119 5071 1426 5141 pervigilem
1454 5117 1468 5140 ,
1505 5092 1792 5148 pauperum
1841 5097 2044 5149 curam,
2080 5087 2132 5136 li-

549 5149 671 5204 dem
720 5152 771 5205 in
819 5153 1030 5210 Christo
1080 5161 1374 5229 robu5tam,
1409 5168 1642 5221 aninmm
1700 5171 1791 5224 ine
1845 5173 2125 5242 victorem,

551 5240 981 5308 hospitalitatem.
1035 5248 1159 5304 llaec
1198 5264 1488 5319 sectantes,
1523 5259 1850 5314 mansionem
1897 5265 2046 5318 nobis
2077 5240 2126 5320 in

551 5339 689 5383 terra
718 5335 1040 5404 quietorum,
1071 5346 1361 5399 secundum
1397 5347 1739 5417 Evangelium
1773 5353 1952 5420 (Joan.
1986 5359 2126 5427 xiv),

551 5429 985 5491 praeparabimus.
1011 5431 1426 5492 Consideremus
1454 5441 1662 5497 Domini
1689 5459 1808 5498 esse
1837 5462 1931 5499 nos
1960 5448 2131 5502 famu-

551 5511 652 5579 los,
679 5527 734 5571 et
764 5521 1072 5575 servitutem
1105 5525 1305 5581 debere
1333 5530 1380 5581 ei
1409 5546 1435 5583 a
1465 5548 1570 5599 quo
1613 5537 1776 5589 cra-oti
1825 5554 2029 5596 sumus.
2064 5541 2130 5595 Ut

550 5606 690 5659 enitn
721 5623 910 5664 servus
945 5615 1194 5680 pratetiti
1227 5619 1394 5684 gratia
1426 5621 1706 5676 famulatus
1728 5667 1743 5691 ,
1774 5643 2009 5693 prmsens
2038 5644 2129 5685 aut

551 5694 783 5756 futurum
813 5717 917 5757 non
946 5707 1241 5762 contemnit
1291 5709 1592 5780 imperium,
1629 5729 1725 5771 nec
1771 5718 1931 5774 audet
1981 5737 2125 5775 asse-

2232 3245 2419 3314 judicii
2447 3255 2501 3301 et
2533 3263 2810 3315 pinnarum
2838 3250 2994 3304 timor
3024 3251 3295 3318 horridus,
3322 3254 3482 3308 simul
3513 3264 3568 3309 et
3599 3255 3817 3310 lubrica}

2237 3339 2415 3392 carnis
2444 3342 2706 3394 incentiva
2754 3344 2870 3412 (51)
2897 3345 3168 3411 dissolvit,
3212 3355 3265 3399 et
3309 3355 3550 3400 ruentem
3581 3348 3813 3402 animam

2236 3432 2386 3500 quasi
2409 3446 2472 3486 ex
2503 3434 2674 3502 aliqua
2722 3450 2852 3502 rupe
2882 3446 3144 3489 sustentat
3177 3437 3314 3506 (52).
3359 3439 3587 3508 Ideoque
3618 3456 3810 3509 precor

2239 3529 2299 3573 ut
2323 3522 2387 3573 atl
2437 3522 2596 3577 finem
2650 3526 2902 3593 propositi
2934 3529 3076 3579 otuni
3112 3529 3294 3582 labore
3329 3531 3612 3585 tendamus
3657 3533 3815 3601 (Plii-

2237 3612 2333 3680 lip.
2363 3615 2465 3681 ιιι).
2499 3615 2664 3667 Nemo
2689 3627 2807 3683 post
2854 3625 3058 3687 tergum
3109 3621 3409 3687 respiciens
3456 3622 3552 3676 Lot
3582 3624 3816 3677 imitetur

2240 3719 2457 3758 uxorem
2482 3704 2633 3776 (Gen.
2666 3703 2803 3776 χιχ),
2835 3710 3132 3775 ριαξιετιιιιι
3176 3725 3298 3764 eum
3330 3713 3590 3767 Dominus
3620 3714 3817 3769 dixerit

2239 3796 2441 3850 nullum
2475 3807 2758 3865 ponentem
2808 3815 3021 3853 manum
3074 3815 3235 3869 super
3261 3815 3495 3857 aratrum
3547 3814 3600 3856 et
3648 3807 3819 3873 respi-

2237 3893 2465 3946 cientem
2511 3905 2845 3962 retrorsum,
2905 3894 3122 3964 dignum
3171 3911 3290 3951 esse
3346 3913 3509 3966 regno
3555 3899 3817 3953 caelorum

2237 3984 2418 4050 (Lucra
2459 3986 2560 4053 Ix).
2609 3985 2894 4053 Respicere
2941 4000 3115 4040 autem
3156 4002 3449 4043 retrorsum
3498 3990 3627 4044 nihil
3671 3992 3818 4045 aliud

2236 4085 2320 4129 est
2350 4090 2504 4144 quam
2535 4075 2586 4128 in
2617 4091 2682 4129 eo
2712 4078 2971 4143 paenitere
3001 4077 3140 4144 quod
3170 4080 3417 4147 carperis,
3444 4092 3497 4134 et
3529 4081 3819 4135 mundanis

2237 4179 2420 4220 rursus
2447 4167 2732 4222 desideriis
2755 4168 3002 4238 obligari.

2307 4258 2499 4326 Nolite,
2550 4274 2754 4329 quaeso,
2794 4261 3006 4316 virtutis
3055 4271 3302 4331 tanquam
3334 4263 3671 4332 impossibile
3722 4281 3819 4319 nn-

2235 4367 2358 4405 men
2391 4368 2603 4421 pavere.
2634 4369 2732 4407 nec
2769 4355 3104 4424 peregrinum
3135 4358 3286 4410 vobis
3317 4366 3407 4410 aut
3449 4359 3634 4427 procul
3677 4361 3821 4426 posi-

2238 4451 2348 4496 tum
2396 4442 2637 4497 videatur
2666 4445 2767 4498 hoc
2812 4447 3069 4509 studium,
3121 4446 3261 4515 quod
3307 4463 3371 4501 ex
3409 4456 3590 4502 nostro
3622 4455 3823 4516 penztet

2237 4533 2461 4587 arbitrio
2494 4533 2631 4604 (53).
2683 4534 2850 4601 llujus
2896 4535 3075 4604 operis
3127 4537 3329 4592 homini
3381 4539 3574 4592 inserta
3629 4553 3822 4597 natura

2238 4633 2319 4679 est
2350 4625 2489 4697 (54),
2523 4635 2579 4681 et
2607 4627 2867 4695 ejusmodi
2897 4644 2983 4683 res
3029 4639 3127 4693 est,
3160 4647 3279 4699 quae
3311 4641 3541 4685 nostram
3579 4643 3822 4688 tantum-

2239 4719 2397 4772 modo
2442 4731 2715 4787 exspectat
2762 4722 3110 4779 voluntatem.
3145 4723 3314 4778 Grmci
3350 4726 3522 4779 Studia
3556 4738 3822 4782 transma-

2239 4811 2352 4864 rina
2403 4820 2676 4866 sectentur
2728 4813 2941 4884 (35),et
2975 4816 3025 4867 in
3079 4808 3255 4869 alieno
3305 4820 3434 4872 orbe
3475 4821 3820 4884 constitutos,

2239 4901 2478 4956 inanium
2515 4903 2809 4958 litterarum
2843 4917 3085 4970 qumrant
3128 4909 3446 4977 magistros;
3493 4911 3646 4963 nobis
3693 4929 3823 4968 veto

2238 4993 2379 5045 nulla
2412 4993 2787 5060 proficiscendi
2834 4997 2971 5066 (56),
3023 4999 3164 5052 nulla
3200 5000 3580 5056 transfretandi
3627 5003 3822 5058 fluctus

2235 5085 2526 5136 necessitas
2557 5085 2834 5150 imminet,
2881 5089 2931 5140 in
2982 5090 3124 5142 omni
3158 5092 3285 5145 sede
3319 5102 3582 5148 terrarum
3624 5099 3821 5151 consti-

2235 5181 2346 5227 tuta
2396 5183 2522 5228 sunt
2581 5191 2742 5244 regna
2790 5179 3068 5233 ccelorum.
3136 5182 3286 5237 Umle
3341 5194 3397 5238 et
3458 5187 3714 5241 Dominus
3770 5191 3819 5240 in

2234 5264 2524 5334 Evangelia
2546 5267 2654 5320 ait:
2683 5269 2920 5338 Regnum
2953 5271 3044 5326 Dei
3071 5277 3206 5326 intra
3228 5292 3319 5328 vos
3349 5285 3429 5330 est
3454 5278 3632 5344 (Luca:
3656 5281 3816 5349 xvii);

2238 5355 2407 5410 virtus
2435 5374 2552 5424 quas
2587 5358 2639 5412 in
2673 5363 2824 5414 nobis
2852 5372 2952 5426 est,
2981 5375 3212 5419 mentem
3241 5378 3445 5422 tantum
3479 5373 3703 5438 requirit
3725 5373 3821 5423 liu-

2237 5463 2468 5502 ntanam.
2501 5451 2595 5505 Cui
2623 5453 2761 5505 enim
2791 5453 3007 5506 dubium
3054 5465 3137 5510 est
3168 5460 3289 5526 quia
3339 5463 3591 5516 naturalis
3621 5464 3822 5517 anima:

2235 5543 2460 5608 puritas,
2511 5543 2553 5595 si
2600 5545 2740 5596 nulla
2788 5544 2945 5597 fuerit
2980 5548 3316 5605 extrinsecus
3360 5555 3520 5607 sorde
3571 5554 3772 5622 polluta
3804 5597 3817 5620 ,

2237 5631 2353 5683 fons
2383 5633 2454 5685 sit
2484 5645 2538 5687 et
2565 5635 2714 5701 origo
2754 5636 2990 5689 omnium
3023 5639 3317 5697 virtutum?
3347 5645 3545 5698 Bonam
3576 5661 3697 5700 eam
3726 5662 3820 5700 ne-

2233 5737 2385 5779 cesse
2412 5733 2495 5779 est
2523 5727 2784 5780 creaverit
2815 5726 2982 5783 bonus
3009 5731 3250 5789 Creator.
3280 5736 3431 5803 Quod
3454 5736 3501 5792 si
3533 5735 3668 5794 forte
3685 5752 3820 5793 cun-
