4002 6232
233 299 329 355 1ΰῖ

1343 291 1493 344 VlTA
1540 288 1739 343 BEATI
1781 288 2055 344 ANTONII
2098 287 2402 345 ABBATIS.

3391 300 3490 358 l58

232 411 518 473 ctabimur,
550 408 837 464 audiamus
876 406 1055 460 Iesum
1102 402 1265 456 lilium
1319 401 1461 455 Nave
1493 401 1683 469 populo
1728 400 1808 452 di-
1839 404 1888 461 Α
1918 417 2042 456 vero
2071 411 2253 456 contra
2276 403 2566 456 monachos
2597 413 2651 458 et
2684 405 2912 474 virgines
2939 405 3154 471 Christi.
3179 411 3357 465 odium
3381 423 3482 475 est,

234 517 487 559 centeni:
538 500 769 555 Rectum
819 497 969 552 facile
1000 510 1092 548 cor
1123 505 1354 549 veStrum
1405 494 1469 544 ad
1527 494 1809 547 Dominum

238 596 402 648 Deum
431 590 597 647 Israel
628 589 810 662 (Iosue
834 586 997 655 xXtv).
1025 586 1130 639 Nec
1157 585 1388 640 Joannes
1415 584 1684 637 dissonent
1734 594 1819 635 tn-

236 683 296 741 lit
324 684 388 737 de
416 684 622 739 virtute.
668 677 1007 742 sententiam,
1042 677 1336 743 przedicans
1381 692 1393 727 :
1441 674 1633 728 Rectas
1662 674 1819 728 facile

237 777 456 833 semitas
476 775 594 845 ejus
622 774 804 844 (Lacte
825 773 920 840 ιιι).
947 771 1217 839 Siquidem
1244 770 1343 822 hoc
1366 781 1448 823 est
1474 780 1672 823 rectam
1698 785 1819 825 esse

238 870 496 933 animam,
532 881 653 921 cum
686 864 803 933 ejus
848 860 1151 931 principalis
1183 860 1459 931 integritas
1492 860 1634 913 nulla
1662 860 1818 913 vitio-

243 976 353 1017 rum
382 960 506 1013 labe
539 956 866 1020 maculatur;
896 955 943 1008 si
972 960 1212 1007 naturam
1237 952 1545 1017 mutaverit,
1571 964 1817 1021 perversa

248 1065 361 1108 tunc
384 1051 617 1115 dicitur;
647 1048 692 1101 si
725 1048 863 1101 bona
892 1044 1128 1100 conditio
1159 1052 1420 1108 servetur,
1445 1052 1498 1096 et
1520 1042 1688 1097 virtus
1713 1050 1813 1096 est.

244 1146 483 1200 Animam
514 1151 751 1196 nostram
781 1137 1171 1192 commendavit
1201 1134 1352 1189 nobis
1381 1136 1658 1201 Dominus,
1694 1148 1817 1187 ser-

245 1252 427 1293 vemus
466 1232 769 1303 depositum
820 1228 973 1295 quale
1021 1228 1343 1295 accepimus.
1396 1225 1565 1279 Nemo
1610 1223 1817 1279 causari

248 1337 421 1399 potest
464 1323 801 1382 extrinsecus
848 1323 1031 1383 situm,
1062 1320 1200 1389 quod
1248 1318 1299 1371 in
1329 1332 1389 1371 se
1420 1318 1687 1380 nascitur;
1735 1314 1816 1368 fa-

247 1432 447 1475 cturam
494 1429 643 1470 suam
671 1412 762 1484 qui
818 1410 941 1465 fecit
966 1418 1254 1481 agnoscat,
1300 1423 1435 1476 opus
1462 1422 1617 1461 suum
1666 1406 1815 1462 inve-

252 1509 360 1564 niat
387 1516 445 1562 ut
483 1504 701 1560 creavit.
735 1500 943 1559 Sufficit
970 1501 1123 1555 nobis
1152 1499 1410 1554 naturalis
1450 1508 1701 1563 ornatus;
1750 1512 1818 1553 ne

253 1602 519 1669 deturpes,
552 1599 735 1659 homo,
764 1592 907 1662 quod
938 1591 1029 1646 tibi
1075 1590 1281 1659 largitio
1306 1591 1480 1645 divina
1526 1589 1812 1646 concessit.

270 1690 434 1760 Opera
469 1686 558 1740 Dei
587 1686 866 1739 immutare
896 1680 1052 1745 velle,
1079 1680 1311 1746 polluere
1343 1691 1445 1735 est.

1922 494 2113 546 Eorum
2149 492 2354 547 semitis
2400 491 2616 562 laqueos
2665 495 3022 563 praetendunt,
3056 514 3240 552 eorum
3281 513 3489 556 mentes

1920 587 2094 655 impiis
2124 595 2283 656 atque
2314 586 2581 641 obscaenis
2620 588 3031 657 cogitationibus
3062 589 3300 644 nituntur
3328 606 3487 646 ever-

1919 688 2064 745 tere;
2093 681 2185 735 sed
2220 679 2349 734 nihil
2378 680 2531 735 vobis
2564 679 2617 733 in
2648 680 2749 734 hoc
2778 680 2999 735 terroris
3026 682 3303 735 incutiant.
3335 678 3495 737 Fide.
3574 735 3579 741 _

1919 771 2045 825 lium
2094 771 2235 825 enim
2279 771 2609 827 orationibus
2637 779 2796 840 atque
2841 770 3055 840 jejuniis
3101 771 3165 824 ad
3210 770 3491 826 Dominum

1918 865 2093 917 statim
2124 872 2410 928 corruunt;
2442 880 2538 918 nec
2566 874 2740 918 tamen
2771 864 2814 919 si
2843 863 3111 933 paululum
3139 865 3490 932 cessaverint,

1921 969 2136 1023 prorsus
2168 954 2372 1023 plenam
2403 956 2598 1024 putetis
2643 971 2764 1011 esse
2790 956 3090 1012 victoriam.
3123 955 3307 1012 Solent
3334 956 3492 1013 etiam

1920 1046 2082 1101 saucii
2132 1048 2343 1117 gravius
2389 1062 2687 1118 assurgere,
2737 1059 2791 1102 et
2820 1058 3017 1101 mutata
3046 1058 3161 1102 arte
3199 1047 3485 1117 pugnandi.

1921 1152 2043 1191 cum
2072 1138 2125 1191 in
2154 1139 2477 1208 cogitatione
2522 1138 2655 1193 nihil
2683 1141 2909 1209 egerint,
2943 1140 3230 1210 pavoribus
3256 1150 3486 1205 terrent,

1923 1240 2257 1288 assumentes
2288 1246 2428 1286 nunc
2472 1230 2775 1297 mulierum,
2826 1248 2966 1287 nunc
3012 1233 3321 1298 bestiarum,
3354 1249 3495 1289 nunc

1922 1325 2249 1390 serpentium
2282 1323 2499 1390 fortnas,
2539 1339 2744 1380 necnon
2772 1336 2827 1379 et
2856 1325 3083 1393 ingentia
3107 1326 3347 1395 qutedam
3368 1340 3494 1379 cor-

1922 1428 2072 1482 pora,
2101 1425 2157 1469 et
2198 1430 2362 1483 usque
2390 1416 2453 1469 ad
2489 1425 2682 1471 lectum
2729 1417 2923 1470 domus
2971 1428 3269 1486 porrectum
3315 1426 3488 1485 caput,

1920 1505 2154 1560 infinitas
2181 1509 2388 1576 species
2413 1516 2467 1561 et
2496 1507 2721 1561 militum
2765 1516 3032 1561 catervas.
3060 1506 3188 1574 Quae
3224 1508 3399 1562 omnia
3427 1506 3494 1563 ad

1920 1600 2149 1668 primum
2177 1602 2422 1670 quodque
2450 1601 2623 1655 crucis
2648 1600 2855 1669 signum
2884 1609 3209 1654 evanescunt
3239 1598 3373 1669 (39).
3403 1598 3494 1653 llis

1920 1705 2133 1761 quoque
2180 1691 2370 1760 agnitis
2412 1689 2738 1745 fallaciarum
2762 1690 2965 1752 «modis.
2998 1692 3258 1761 incipiunt
3297 1705 3495 1758 praesa.

324 1777 453 1835 illud
479 1777 633 1831 etiam
661 1771 890 1827 sollicite
920 1768 1199 1840 providere
1227 1770 1504 1835 debemus,
1538 1778 1596 1824 ut
1626 1779 1809 1840 tyran-

1925 1784 2053 1851 gire,
2091 1793 2143 1838 et
2173 1782 2470 1838 futurorum
2499 1784 2703 1839 dierum
2747 1796 2971 1841 eventus
3004 1785 3141 1839 velle
3182 1784 3489 1854 praedicere,

268 1871 426 1926 nicam
452 1869 546 1922 ira:
573 1876 877 1934 superemus
907 1860 1190 1927 insaniam,
1239 1862 1359 1931 quia
1402 1861 1655 1929 scriptum
1686 1869 1770 1915 est
1798 1875 1813 1913 :

266 1963 529 2019 Iracundia
562 1960 654 2015 viri
677 1955 929 2029 justitiam
965 1954 1058 2009 Dei
1083 1969 1187 2008 non
1220 1952 1623 2025 operatur(.lac.
1659 1952 1725 2024 ι).
1752 1952 1819 2009 Ει

262 2056 499 2114 iterum:
545 2051 856 2109 Desiderium
903 2049 1289 2114 concupiscens
1340 2050 1474 2118 parit
1518 2058 1814 2119 peccatum,

277 2165 383 2220 quo
426 2147 668 2219 perlecta),
694 2158 826 2200 mors
870 2143 1107 2213 gignitur
1153 2139 1366 2213 (lbid.).
1416 2142 1619 2199 Divinte
1670 2143 1819 2197 vocis

280 2246 598 2310 przeceptum
640 2245 711 2291 est
739 2232 903 2307 (Prov.
937 2234 1036 2301 tv),
1071 2233 1255 2304 ntjugi
1286 2235 1529 2287 custodia
1574 2243 1819 2287 tueamur

268 2330 503 2385 animant
534 2337 769 2392 nostram,
794 2324 903 2400 42
931 2326 1052 2395 quia
1081 2326 1411 2380 exercitatos
1457 2324 1523 2379 ad
1556 2324 1816 2394 supplan-

261 2422 479 2476 tandum
502 2420 741 2475 habemus
762 2420 1040 2483 inimicos,
1072 2421 1347 2475 danoones
1376 2417 1601 2482 scilicet,
1633 2426 1818 2473 contra

260 2528 389 2585 quos
415 2513 590 2578 nobis,
630 2512 913 2566 secundum
964 2511 1312 2580 apostolicam
1343 2508 1816 2576 cootestationem,

260 2622 432 2677 pugna
461 2605 569 2660 sine
596 2602 988 2659 intermissione
1015 2611 1120 2657 est.
1148 2602 1218 2658 At
1246 2602 1390 2659 enim
1418 2618 1432 2654 :
1464 2601 1582 2658 Non
1623 2609 1706 2655 est
1724 2615 1819 2655 no-

261 2700 344 2753 bis
372 2696 661 2752 colluctatio
687 2694 945 2748 adversus
991 2708 1211 2749 carnem
1250 2701 1305 2748 et
1334 2693 1675 2764 sanguinem,
1724 2692 1817 2748 sed

259 2790 501 2843 adversus
528 2786 845 2856 principatus
873 2792 929 2840 et
969 2791 1265 2853 potestates
1292 2783 1450 2852 hujus
1482 2784 1685 2849 mundi,
1725 2785 1820 2837 ad-

267 2897 446 2937 vetsus
469 2878 710 2950 Spiritalia
758 2878 1009 2948 nequitiae
1038 2876 1091 2931 in
1118 2876 1423 2932 caelestibus
1454 2874 1671 2946 (Ephes.
1712 2874 1818 2945 vt).

275 2974 458 3044 ingens
482 2986 638 3026 eorum
668 2969 820 3024 turba
853 2970 1011 3023 istum
1044 2967 1289 3038 pervolat
1316 2983 1517 3037 aerem,
1553 2984 1658 3022 non
1690 2982 1820 3037 pros

279 3068 357 3120 cui
384 3080 412 3118 a
443 3063 569 3117 nobis
590 3063 821 3139 hostium
869 3069 1083 3117 caterva
1125 3060 1395 3114 discurrit.
1429 3059 1497 3115 Et
1536 3059 1818 3114 diversita-

1918 1872 2157 1943 Cumque
2181 1883 2236 1929 et
2265 1876 2315 1929 in
2349 1876 2429 1929 his
2455 1876 2749 1942 contempti
2792 1874 3008 1939 fuerint,
3040 1875 3210 1944 ipsum
3234 1875 3343 1942 jam
3383 1889 3494 1927 suto

1921 1966 2168 2034 nequitia:
2194 1966 2489 2037 principem
2534 1980 2596 2020 ac
2621 1966 2789 2021 totius
2833 1964 2960 2019 mali
2999 1965 3384 2029 summitatem,
3427 1962 3493 2018 ad

1920 2056 2213 2111 Subsidium
2243 2058 2325 2111 sui
2353 2056 2662 2111 certaminis
2692 2064 2906 2111 vocant.

1990 2147 2119 2203 Car.
2155 2146 2291 2203 XVI.
2316 2177 2387 2188 ——-
2414 2148 2615 2203 Crebro
2642 2148 2874 2218 denique
2904 2148 3168 2202 Antonius
3188 2148 3350 2202 talem
3379 2161 3407 2200 a
3434 2162 3492 2201 se

1921 2241 2090 2295 visum
2136 2242 2402 2297 diabolum
2450 2242 2745 2307 asserebat,
2796 2242 3004 2311 qualem
3051 2251 3105 2295 et
3136 2241 3325 2296 beatus
3350 2240 3486 2302 Job,

1925 2334 2148 2387 Domino
2193 2334 2485 2397 revelante,
2518 2346 2839 2406 cognoverat
2869 2335 2990 2405 (Job
3019 2332 3152 2403 xm).
3198 2333 3350 2389 Oculi
3377 2334 3496 2399 ejus

1920 2442 1981 2480 ac
2002 2427 2044 2480 si
2068 2428 2273 2496 species
2303 2426 2554 2493 Luciferi,
2597 2443 2665 2483 ex
2695 2442 2790 2483 ore
2820 2425 2936 2496 eius
2967 2426 3261 2494 procedunt
3286 2426 3495 2495 lampa-

1923 2519 2020 2573 des
2045 2520 2299 2575 incensas.
2328 2519 2517 2576 Crines
2545 2534 2753 2590 quoque
2784 2517 3041 2573 incendiis
3069 2530 3412 2589 sparguntur,
3442 2524 3497 2574 et

1919 2624 1985 2665 ex
2036 2610 2255 2666 naribus
2300 2609 2417 2680 ejus
2470 2610 2646 2665 fumus
2696 2609 2995 2679 egreditur,
3050 2608 3203 2677 quasi
3260 2608 3493 2663 fornacis

1922 2705 2198 2760 :estuantis
2227 2703 2417 2759 ardore
2446 2704 2758 2759 carbonum.
2811 2703 3000 2758 Anima
3041 2703 3157 2766 eius
3198 2710 3254 2756 ut
3297 2714 3490 2769 pruna.

1924 2795 2134 2850 flamma
2184 2809 2313 2848 vero
2360 2809 2425 2850 ex
2472 2809 2566 2849 ore
2613 2794 2727 2861 ejus
2757 2793 3105 2863 glomeratur.
3150 2792 3283 2846 Cum
3314 2792 3496 2861 hujus-

1922 2888 2065 2941 modi
2098 2887 2389 2942 terroribus
2424 2886 2570 2940 visus
2593 2897 2674 2942 est
2696 2886 2945 2957 princeps
2971 2886 3296 2948 daemonum,
3323 2882 3498 2953 inquit

1923 2978 2213 3043 Antonius,
2266 2987 2323 3031 et
2377 2977 2610 3047 ingentia
2656 2992 2819 3044 saepe,
2876 2985 2933 3030 ut
2970 2975 3107 3040 dixi,
3158 2973 3498 3044 promittens,

1924 3068 2211 3139 impietatis
2264 3083 2376 3122 sua:
2432 3068 2627 3122 defurit
2670 3067 2847 3137 lingua
2892 3066 3247 3136 magniloqoa,
3303 3064 3376 3119 De
3396 3077 3499 3134 qua

269 3166 369 3210 tem
398 3155 590 3222 quidem
612 3168 799 3208 eorum
831 3167 935 3206 non
960 3161 1194 3208 estmeaa
1214 3152 1495 3221 parvitatis
1526 3166 1816 3222 exponere,
1848 3160 1892 3221 (ς
1923 3159 2180 3214 Βοηιὶηιιδ
2204 3157 2566 3228 triumpltavit,
2598 3156 2665 3212 ad
2691 3156 2792 3213 Job
2834 3156 3021 3211 dicens
3066 3154 3255 3226 (Ibid.)
3300 3173 3313 3209 :
3347 3152 3501 3210 Arbiq

256 3248 346 3304 sed
376 3252 508 3302 hanc
538 3247 829 3317 majoribus
858 3244 1096 3300 concedo
1138 3245 1422 3302 rationem.
1457 3244 1610 3313 Quod
1641 3252 1818 3297 autem

254 3340 303 3395 in
331 3346 576 3410 promptu
603 3347 704 3407 est,
739 3347 794 3391 et
824 3338 1069 3407 ignorare
1099 3351 1203 3390 non
1236 3338 1470 3405 expedit,
1503 3336 1655 3390 dolos
1678 3334 1822 3389 scili-

249 3443 330 3488 cet
373 3446 559 3488 eorum
591 3431 874 3485 adversum
906 3444 1003 3484 nos
1034 3430 1364 3500 compositos
1404 3429 1637 3485 breviter
1684 3427 1825 3482 indi-

248 3528 397 3581 caho.

314 3617 425 3672 lloc
474 3615 699 3685 primum
750 3612 1011 3667 debemus
1059 3610 1326 3666 mentibus
1375 3609 1636 3681 affigere,
1696 3609 1825 3665 nihil

245 3707 407 3765 Deum
458 3706 644 3762 fecisse
684 3704 825 3776 quod
876 3703 1073 3757 malum
1117 3710 1200 3756 est
1250 3700 1403 3773 (57),
1461 3715 1560 3755 nec
1601 3700 1669 3754 ab
1711 3700 1825 3768 ejus

242 3800 576 3856 institutione
598 3797 902 3851 dmmonum
930 3793 1162 3863 (tmpisse
1185 3793 1351 3862 prioci
1361 3793 1441 3862 pia
1464 3809 1476 3844 ε
1501 3792 1823 3860 perversitas

239 3892 359 3957 ista,
402 3904 509 3944 non
555 3900 784 3953 naturae,
837 3884 932 3941 sed
976 3883 1263 3939 voluntatis
1309 3892 1393 3938 est
1438 3884 1644 3938 vitium.
1689 3883 1822 3941 Boni

235 3984 460 4047 etenim,
493 3989 675 4049 utpote
700 3996 730 4033 a
763 3980 871 4033 Deo
900 3977 1120 4041 conditi,
1155 3991 1220 4029 ex
1271 3977 1486 4046 proprio
1516 3976 1709 4031 mentis
1737 3990 1825 4029 ar-

236 4072 399 4129 bitrio
428 4073 495 4126 ad
530 4080 698 4126 terras
729 4085 883 4125 ruere
919 4072 986 4123 de
1028 4068 1214 4133 ctelis;
1250 4069 1428 4137 ibique
1460 4070 1510 4121 io
1542 4068 1680 4126 coeoi
1709 4083 1824 4123 sor-

234 4168 393 4221 dibus
423 4162 664 4229 volutati,
694 4162 1008 4233 gentilitatis
1048 4159 1240 4231 impias
1270 4162 1595 4216 constituere
1642 4161 1825 4215 cultu-

234 4273 357 4322 ras;
387 4267 445 4313 et
474 4268 615 4308 nunc
641 4254 704 4307 de
737 4253 889 4307 nobis
909 4262 1222 4323 torquentur
1259 4253 1475 4315 invidia,
1505 4265 1665 4321 atque
1708 4254 1824 4305 onio

235 4364 391 4405 versa
422 4348 567 4402 mala
593 4360 931 4402 commovere
976 4359 1079 4397 non
1116 4353 1346 4408 cessant,
1378 4359 1444 4398 ne
1468 4345 1707 4414 ριὶςιίιιὶε
1728 4358 1825 4399 eo-

236 4457 355 4495 rum
386 4440 613 4496 sedibus
641 4437 1011 4493 succedamus.

303 4552 538 4611 Diversa
566 4560 741 4607 autem
770 4563 956 4605 eorum
986 4556 1041 4604 et
1068 4547 1257 4618 partita
1286 4528 1521 4617 nequitia
1567 4558 1651 4603 est
1678 4547 1821 4618 (38).
1855 4533 1899 4592 ο

235 4644 469 4710 Quidam
500 4644 642 4697 enim
679 4641 748 4695 ad
792 4655 1060 4695 summum
1102 4638 1326 4694 nocendi
1358 4640 1606 4695 verticem
1638 4654 1825 4708 perve-

238 4749 390 4799 nere,
423 4734 516 4787 alii
547 4746 613 4787 ει
639 4731 1039 4801 comparatione
1067 4730 1305 4801 peiorum
1332 4730 1579 4785 videntur
1606 4745 1726 4787 esse
1748 4730 1824 4786 leo

240 4832 451 4892 viores;
502 4838 659 4895 atque
701 4839 887 4880 omnes
938 4838 1037 4894 pro
1088 4822 1442 4893 possibilitate
1487 4824 1698 4883 virium.
1742 4824 1824 4879 di-

244 4934 397 4976 versa
424 4928 617 4975 contra
662 4917 899 4986 singulas
941 4931 1221 4987 sumpsere
1250 4917 1565 4971 certamina.
1618 4917 1823 4973 Idcirco

243 5013 610 5069 necessarium
636 5020 719 5064 est
746 5012 942 5065 donum
970 5008 1252 5079 spirituum
1277 5007 1757 5066 discernendorum
1793 5024 1823 5063 a

245 5106 479 5161 itoutino
507 5112 689 5171 petere
720 5099 771 5171 (1
806 5100 925 5155 Cor.
951 5098 1071 5170 xu),
1098 5109 1155 5153 ut
1186 5099 1448 5169 possimus
1479 5109 1584 5157 tam
1614 5099 1825 5154 fraudes

244 5211 431 5253 eorum
456 5210 623 5264 quem
651 5192 822 5247 studia
853 5190 1219 5262 pervideotes,
1251 5191 1513 5248 adversus
1556 5191 1822 5262 disparem

245 5304 478 5360 pugnam
507 5302 673 5343 unum
720 5286 1013 5340 Dorninicze
1060 5284 1237 5338 crucis
1288 5283 1498 5342 elevare
1543 5286 1816 5341 vexillum.

246 5384 355 5441 lloc
396 5397 628 5438 munere
674 5380 867 5435 Paulus
896 5387 1139 5446 accepto,
1184 5378 1410 5432 docebat
1438 5377 1661 5434 dicens:
1710 5377 1821 5437 Non

245 5478 384 5535 enim
410 5475 529 5544 ejus
579 5476 885 5543 ignoramus
911 5469 1133 5525 astutias
1183 5466 1269 5537 (II
1305 5466 1422 5522 Cor.
1463 5468 1547 5535 ιι).
1575 5468 1653 5519 Ad
1676 5467 1826 5535 Cujus

246 5571 548 5640 exemplum
581 5563 745 5619 etiam
793 5574 888 5616 nos
933 5570 1142 5631 oportet
1173 5576 1236 5614 ex
1286 5558 1367 5612 his
1397 5575 1515 5629 qua:
1546 5559 1691 5627 passi
1733 5573 1825 5612 su.

250 5677 381 5730 mus,
404 5658 616 5719 mutuis
645 5669 744 5710 nos
768 5653 992 5709 invicem
1023 5652 1287 5707 instruere
1307 5649 1664 5707 sermonibus.

305 5756 522 5822 ungula
588 5750 698 5804 illis
740 5756 923 5800 contra
968 5758 1153 5799 omnes
1195 5742 1543 5826 Christianos,
1592 5742 1829 5809 tnaxime

485 5870 776 5940 Ριιίιοι..
811 5856 1089 5927 [χχιιι.
1170 5928 1173 5931 δ

1927 3259 2098 3309 tratur
2122 3252 2264 3309 enim
2298 3251 2497 3307 ferrum
2526 3261 2584 3306 ut
2614 3251 2815 3321 paleas,
2845 3258 3191 3305 mrameotum
3220 3259 3277 3304 ut
3298 3249 3496 3318 lignum

1925 3343 2216 3416 putridutn,
2265 3343 2428 3398 maria
2474 3351 2530 3398 ut
2556 3352 2777 3408 terram,
2812 3351 3067 3396 tartarum
3109 3338 3355 3410 profundi
3381 3348 3500 3397 tan-

1925 3455 2083 3509 quam
2120 3438 2383 3508 captivum
2411 3435 2716 3505 aestimavit,
2754 3437 3014 3513 abyssum
3046 3445 3103 3489 ut
3131 3434 3498 3489 deambulatm

1926 3534 2085 3587 rium.
2115 3532 2215 3587 Per
2246 3535 2552 3601 prophetam
2584 3547 2795 3601 quoque
2825 3530 3085 3596 increpat,
3116 3529 3304 3584 dicens
3330 3545 3345 3585 :
3373 3529 3499 3583 Per-

1925 3640 2155 3695 sequens
2196 3623 2643 3693 comprehendam
2691 3621 2886 3693 (Exodi
2936 3622 3057 3690 xv),
3086 3629 3141 3675 et
3169 3634 3385 3675 omnem
3412 3633 3503 3674 or-
3578 3622 3587 3633 ‘

1928 3716 2047 3771 bem
2088 3726 2349 3770 terrarum
2381 3729 2538 3769 manu
2584 3727 2698 3767 mea
2734 3722 2791 3766 ut
2822 3711 3001 3766 nidum
3028 3710 3304 3773 obtinebo,
3348 3718 3403 3765 et
3442 3720 3501 3766 ut

1926 3824 2026 3863 ova
2053 3808 2307 3863 derelicta
2351 3805 2586 3861 auferam
2636 3803 2816 3876 (Isaiae
2855 3804 2933 3874 χ).
2984 3804 3073 3860 Sic
3111 3804 3319 3874 iniquus
3352 3803 3504 3857 fune~

1926 3917 2047 3957 reas
2068 3914 2322 3955 evomens
2344 3914 2522 3963 voces,
2546 3899 2679 3954 bene
2706 3898 2992 3952 viventium
3016 3896 3226 3966 aliquos
3252 3895 3500 3966 frequen-

1929 4006 2009 4049 ter
2036 3994 2311 4064 illaqueat,
2336 3993 2428 4046 sed
2453 4008 2551 4046 nos
2595 4006 2693 4046 nec
2715 3990 2831 4060 ejus
2870 3989 3343 4059 pollicitationibus
3383 4001 3506 4047 ore-.-

1927 4086 2074 4149 dere,
2138 4099 2236 4139 nec
2278 4084 2449 4138 minas
2495 4082 2783 4137 formidare
2832 4083 3126 4149 debemus;
3180 4080 3315 4137 fallit
3357 4081 3501 4138 enim

1931 4178 2255 4247 frequenter,
2306 4175 2545 4243 nihilque
2590 4188 2772 4228 verum
2816 4173 3093 4242 promittit.
3126 4171 3256 4226 Nam
3310 4172 3355 4226 si
3399 4186 3507 4228 non

1931 4268 2205 4324 mendacia
2251 4275 2439 4322 cuncta
2467 4266 2797 4336 loqueretur,
2828 4265 3095 4336 quomodo
3145 4265 3266 4323 talia
3296 4276 3348 4318 et
3400 4274 3504 4317 tam

1926 4362 2128 4417 infinita
2163 4360 2499 4429 promittens,
2533 4362 2689 4414 hamo
2733 4361 2907 4413 crucis
2937 4368 2993 4412 ut
3020 4358 3182 4414 draco
3211 4359 3510 4415 aduocatus

1930 4470 1959 4507 a
1987 4451 2210 4508 Domino
2236 4460 2320 4506 est
2353 4452 2489 4521 (40),
2523 4460 2578 4505 et
2603 4450 2835 4519 capistro
2868 4450 3057 4517 ligatus
3084 4458 3141 4503 ιιι
3176 4448 3500 4517 jumentutn,

1928 4555 1981 4597 et
2006 4544 2156 4612 quasi
2189 4542 2510 4608 mancipium
2542 4540 2817 4609 fugitivom
2844 4546 3053 4595 vinctus
3079 4541 3304 4606 circulo,
3336 4548 3391 4595 et
3417 4554 3504 4593 ar—

1930 4635 2069 4689 milla
2103 4633 2238 4687 labia
2266 4632 2567 4704 perforatus
2595 4631 2713 4699 (Job
2744 4632 2858 4697 ιιι),
2896 4633 3098 4688 nullum
3129 4634 3348 4687 omnino
3372 4633 3503 4687 lide-

1928 4723 2053 4777 lium
2084 4721 2344 4776 devorare
2366 4722 2723 4791 permittitur?
2752 4721 2898 4775 Nunc
2929 4721 3247 4777 miserabilis
3293 4732 3353 4774 ut
3382 4734 3504 4792 pas-

1928 4831 2035 4881 ser,
2084 4814 2366 4867 adludunt
2416 4814 2651 4868 irretitus
2695 4829 2725 4868 a
2774 4814 2989 4868 Christo
3040 4823 3123 4867 cst
3175 4811 3318 4882 (41),
3364 4825 3503 4867 nunc

1929 4909 2151 4964 comites
2178 4922 2306 4963 suos
2334 4908 2481 4977 quasi
2510 4909 2820 4975 scorpiones
2842 4916 2897 4961 et
2919 4917 3216 4976 serpentes,
3249 4907 3508 4963 calcaueo

1928 5000 2350 5056 Christianorum
2405 4998 2703 5053 substratos
2742 5000 2923 5069 gemit.
2980 4998 3071 5052 Ille
3116 4997 3205 5065 qui
3250 5000 3505 5055 universa

1928 5095 2092 5147 maria
2124 5108 2151 5146 a
2177 5106 2235 5146 se
2257 5091 2430 5146 deleta
2460 5090 2761 5159 plaudebat,
2785 5089 2878 5143 illo
2908 5090 2994 5159 qui
3017 5089 3209 5146 orbem
3240 5103 3505 5149 terrarum

1928 5201 2085 5239 manu
2112 5200 2206 5238 sua
2235 5184 2400 5239 teneri
2431 5183 2797 5253 pollicebatur.
2844 5196 2971 5237 ecce
3017 5199 3046 5237 a
3072 5189 3224 5241 vobis
3257 5186 3508 5253 vincitur,

1927 5292 2051 5333 ecce
2077 5293 2160 5331 me
2180 5275 2462 5339 adversum
2487 5292 2546 5331 se
2573 5276 2857 5345 prohibere
2886 5293 2991 5333 non
3024 5290 3200 5352 potest
3220 5280 3503 5349 disputans

1930 5387 2059 5428 teni.
2088 5372 2484 5429 Cootemnenda
2529 5384 2631 5435 est.
2666 5372 2838 5438 filioli,
2865 5374 3078 5442 penitus
3108 5391 3229 5430 cotn
3259 5376 3506 5431 inanibus

1931 5466 2103 5519 verbis
2133 5464 2357 5534 superba
2378 5463 2667 5527 iactantia;
2698 5461 2869 5535 fulgor
2895 5466 3006 5535 ille,
3039 5470 3125 5538 qui
3150 5468 3329 5523 lucere
3350 5480 3410 5520 se
3432 5466 3505 5518 si»

1932 5559 2113 5623 molat,
2148 5574 2251 5612 non
2277 5557 2387 5614 veri
2418 5556 2670 5633 splendor
2689 5571 2773 5614 εει
2811 5558 3050 5622 luminis,
3082 5560 3176 5614 sed
3204 5558 3395 5628 quibus
3421 5569 3507 5607 ar.

1932 5666 2085 5706 surus
2113 5659 2197 5709 est
2222 5653 2413 5710 indicat
2438 5656 2695 5709 flammas.
2726 5654 2857 5709 Nam
2880 5654 3024 5709 dicto
3050 5651 3204 5708 citius
3229 5647 3507 5716 recedent,

1932 5760 2145 5811 suarum
2170 5764 2351 5812 secum
2383 5748 2549 5812 refert
2578 5749 2861 5815 simulacra
2886 5761 3188 5819 plenarum.
3217 5815 3220 5818 ξ

2990 5858 3027 5922 ὃ
