4002 6252
505 363 605 422 139

1540 342 1625 397 DE
1662 336 1839 394 VITIS
1880 328 2159 390 PATRUM
2198 325 2396 382 LIBER
2438 321 2703 380 PRIMUS.

3632 314 3744 372 N0

569 477 757 534 Solent
786 473 946 529 etiam
978 483 1098 525 cum
1129 459 1491 520 modulatione
1515 464 1892 521 nonnunquam
1915 458 2068 515 appa-
2099 450 2143 503 Α
2170 440 2323 503 mini,
2371 448 2546 491 tamen
2600 436 2787 491 eadem
2839 449 2979 489 nunc
3029 424 3338 501 explicanda
3388 437 3514 482 sunt
3560 428 3747 499 latius,

500 581 681 628 rentes
714 565 970 637 psallere,
1004 559 1137 630 proh
1182 552 1368 609 nefas!
1404 552 1468 603 ad
1504 552 1615 602 hac
1657 554 1711 598 et
1744 546 1948 611 impuro
1975 553 2067 591 ore

499 677 654 719 sacra
681 658 1072 727 Scripturarum
1102 648 1310 717 eloquia
1358 641 1705 697 meditantur.
1742 632 2067 701 Frequenter

501 759 641 812 enim
671 718 967 820 legentibus
994 742 1171 806 nobis,
1200 736 1349 808 quasi
1376 732 1525 787 Echo
1551 727 1617 783 ad
1649 734 1884 781 extrema
1907 718 2064 774 verba

500 849 605 920 [ιε
663 813 1004 912 respondent.
1066 833 1399 888 Dormientes
1451 835 1664 894 quoque
1716 816 1950 873 excitant
2002 813 2068 866 ad

497 940 782 1001 orandum,
808 945 864 989 ut
892 930 1051 986 totius
1076 925 1248 982 noctis
1293 934 1536 976 somnum
1570 912 1830 981 eripiant;
1862 908 2066 977 pleros-

502 1051 606 1105 q-ue
632 1034 812 1094 etiam,
842 1027 966 1082 dum
992 1038 1051 1077 se
1096 1023 1148 1074 in
1195 1012 1572 1071 monachorum
1602 1005 1854 1061 nobilium
1886 1000 2066 1054 habitu

504 1090 850 1181 transferunt,
878 1113 1170 1171 monachos
1200 1113 1467 1165 coercent,
1499 1109 1553 1154 et
1606 1096 1850 1166 pristina,
1878 1090 2069 1160 quibus

502 1217 699 1276 conscii
732 1222 878 1277 sunt,
908 1216 1121 1279 peccata
1153 1205 1443 1270 imputant;
1478 1193 1569 1248 sed
1604 1184 1918 1259 spernendae
1948 1191 2070 1235 sunt

504 1328 687 1368 eorum
718 1305 1135 1375 iucrepationes,
1168 1308 1221 1351 et
1249 1290 1647 1349 admonitiones
1670 1280 1967 1354 jejunandi,
1990 1278 2070 1332 vi—

502 1406 743 1477 giliarum
772 1371 985 1470 quoque
1031 1390 1363 1448 fraudulenta
1411 1378 1698 1451 suggestio.
1730 1376 1810 1430 0b
1851 1373 1900 1426 id
1927 1371 2068 1425 enim

501 1463 789 1553 familiares
830 1463 982 1546 nobis
1025 1484 1231 1555 species
1259 1484 1553 1539 assumunt,
1586 1483 1642 1527 ut
1665 1469 1926 1524 affinitate
1963 1463 2071 1517 vir-

504 1601 672 1646 tutum
716 1590 989 1643 nocentes,
1022 1576 1224 1631 facilius
1271 1571 1418 1626 virus
1445 1568 1789 1627 interserant,
1838 1566 1894 1613 et
1921 1558 2072 1611 inno-

504 1689 687 1737 centes
732 1686 974 1747 quosque
997 1684 1091 1739 per
1118 1666 1348 1737 speciem
1376 1656 1672 1714 honestatis
1701 1651 1918 1706 elidant.
1971 1647 2072 1701 lm-

507 1740 767 1844 possibile
800 1740 985 1837 postea
1023 1762 1321 1827 durumque
1350 1753 1450 1807 hoc
1491 1748 1725 1804 studium
1754 1740 2064 1813 praedicant.

507 1840 564 1920 ut
591 1866 715 1919 dum
746 1870 1032 1916 onerosum
1060 1865 1181 1907 esse
1209 1847 1419 1902 videtur
1445 1840 1587 1912 quod
1614 1844 1847 1906 emptum
1875 1841 1977 1897 est,
2002 1845 2063 1884 ex

506 1954 877 2026 desperatione
905 1945 1139 2008 taedium,
1172 1950 1224 1995 et
1249 1954 1312 1993 ex
1346 1934 1501 1990 taedio
1545 1928 1794 1985 succedat
1837 1922 2063 1994 ignavia.

509 2014 715 2102 Idcirco
760 2037 1013 2112 propheta
1041 2035 1235 2087 missus
1266 2043 1295 2082 a
1322 2022 1566 2086 Domino,
1600 2021 1835 2074 luctuosa
1864 2014 2071 2068 denun-

506 2143 667 2204 tians,
695 2106 909 2190 sublimi
929 2143 1062 2183 voce
1091 2123 1339 2179 dicebat:
1368 2118 1456 2171 Vae
1485 2115 1575 2185 qui
1605 2119 1753 2183 potat
1772 2106 2067 2178 proximum

501 2196 666 2292 suum
711 2225 1057 2285 subversione
1109 2216 1321 2275 turbida
1371 2210 1595 2283 (Habac.
1627 2204 1707 2275 tt).
1757 2196 2070 2270 Hujusmodi

490 2330 650 2384 .enim
682 2322 1108 2378 exbortamenta,
1138 2303 1503 2376 depravatoria
1524 2305 1648 2353 sunt
1674 2293 1901 2355 itineris,
1929 2286 2067 2358 quod

509 2420 652 2474 ducit
704 2414 770 2468 ad
838 2409 1052 2464 cmlum.
1110 2400 1311 2454 Idcirco
1364 2410 1484 2448 cum
1531 2390 1763 2444 venisset
1817 2382 2070 2436 Dominus

488 2509 576 2564 .ad
607 2518 793 2566 terras,
821 2510 875 2556 et
898 2512 1023 2553 vera
1048 2494 1117 2548 de
1137 2506 1201 2545 eo
1229 2489 1500 2544 daemones
1522 2481 1668 2535 inviti
1694 2475 1872 2547 praedii
1891 2480 2068 2536 arent,

492 2646 499 2661 ,ν
512 2603 660 2672 (vere
688 2563 829 2652 enim
880 2587 1129 2645 dicebant
1172 2580 1348 2656 [Lucae
1378 2575 1450 2647 iv]
1480 2591 1494 2628 :
1523 2572 1603 2627 Tu
1634 2584 1693 2624 es
1716 2565 1956 2621 Christus
1989 2563 2071 2616 Fi-

452 2730 455 2733 ‹
511 2690 729 2750 liusDei
752 2677 1315 2754 vivi),vocif‘erantium
1332 2686 1424 2726 ora
1436 2667 1733 2729 claudebat,
1755 2660 1842 2730 qui
1870 2659 2072 2712 vinetas

500 2784 785 2840 hominum
822 2777 1036 2843 linguas
1085 2766 1340 2827 solvebat,
1391 2776 1457 2815 ne
1495 2773 1615 2814 cum
1647 2752 1910 2824 praeconio
1962 2749 2070 2803 veri

495 2865 874 2947 .perversitatis
901 2842 1102 2917 venena
1131 2858 1448 2915 miscerent;
1472 2858 1525 2901 et
1550 2857 1605 2899 ut
1632 2857 1727 2897 nos
1749 2842 1865 2911 ejus
1887 2852 2066 2892 exem-

514 2932 623 3037 plo,
654 2957 865 3017 etiamsi
895 2952 1165 3024 profutura
1198 2943 1501 3005 suaderent,
1531 2939 1584 2992 in
1618 2934 1763 2989 nullo
1798 2932 1879 2985 his
1927 2944 2073 2983 com-

490 3056 847 3112 »tnodaremus
895 3056 1190 3101 assensum,
1224 3037 1340 3105 quia
1388 3030 1625 3102 profecto
1673 3040 1779 3080 non
1829 3019 2074 3088 congruit

2169 531 2288 599 quia
2319 545 2421 582 non
2453 529 2775 583 mediocrem
2806 526 2961 580 affert
2991 524 3240 593 repetitio
3271 520 3555 575 cautelam.

2240 619 2571 674 Adveniente
2600 618 2843 681 Domino,
2883 617 3187 670 destructus
3211 622 3291 666 est
3320 611 3565 665 inimicus
3594 609 3732 682 (4‘3),

2170 722 2228 768 et
2248 728 2406 767 omne
2437 713 2648 781 penitus
2677 710 2792 780 ejus
2820 711 2983 764 robur
3029 708 3282 776 elanguit.
3338 703 3563 774 Propter
3609 704 3747 774 quod

2169 805 2408 875 pristina:
2437 804 2651 857 virtutis
2677 816 2906 864 memor,
2933 800 3083 869 quasi
3114 808 3370 869 tyrannus
3417 795 3526 863 jam
3568 808 3747 850 senes-

2170 914 2319 961 cens,
2352 913 2471 951 cnm
2504 898 2671 950 ruisse
2710 908 2767 948 se
2800 892 2997 957 videat,
3050 890 3107 945 in
3153 886 3444 959 perniciem
3479 895 3749 955 grassatur

2172 994 2457 1045 humanam
2484 1007 2498 1056 ;
2532 1004 2631 1043 nec
2663 1000 2835 1041 tamen
2869 993 3041 1054 potest
3073 983 3282 1035 firmum
3313 978 3422 1033 Deo
3451 987 3638 1046 pectus
3659 992 3752 1032 co-

2169 1083 2478 1148 gitalionum
2519 1088 2573 1132 et
2619 1089 2931 1131 cagterarutn
2977 1072 3217 1126 fraudum
3259 1078 3374 1123 arte
3422 1074 3750 1136 pervertere.

2170 1172 2301 1227 Nam
2334 1173 2448 1225 luce
2474 1170 2670 1224 clarius
2701 1176 2782 1222 est
2804 1165 3053 1236 quoniam
3078 1161 3369 1216 adversarii
3400 1160 3587 1225 nostri,
3619 1172 3745 1212 cum

2172 1279 2272 1318 nec
2304 1263 2531 1318 humana
2558 1275 2720 1315 carne
2747 1260 2855 1313 sint
2881 1259 3033 1326 septi,
3068 1268 3125 1309 ut
3154 1254 3364 1309 causari
3395 1252 3622 1317 valeant,
3665 1253 3744 1306 id-

2170 1358 2313 1410 circo
2343 1371 2440 1411 nos
2466 1370 2495 1408 a
2522 1371 2580 1410 se
2609 1369 2713 1408 non
2748 1366 2906 1422 posse
2933 1349 3195 1420 superari,
3228 1348 3370 1417 quia,
3403 1346 3582 1399 clauso
3609 1347 3747 1400 ostio

2170 1448 2425 1502 interiore
2465 1446 2606 1516 (45),
2657 1445 2856 1499 intrare
2912 1457 3016 1496 non
3058 1441 3288 1495 valeant.
3356 1437 3424 1490 Et
3474 1451 3659 1491 revera
3701 1437 3749 1491 si

2175 1538 2399 1593 fuissent
2424 1537 2527 1591 hoc
2559 1535 2730 1607 fragili
2772 1548 2997 1602 corpore
3035 1530 3289 1601 colligati,
3337 1529 3618 1583 observato
3664 1530 3748 1582 in-

2173 1628 2355 1690 troitu,
2386 1626 2573 1680 iisdem
2622 1634 2907 1695 negaretur
2949 1635 3217 1677 accessus.
3267 1617 3398 1673 Cum
3442 1629 3619 1673 autem
3666 1619 3747 1689 (ut

2172 1716 2421 1787 diximus)
2474 1717 2576 1770 hoc
2619 1714 2999 1783 impedimento
3040 1711 3145 1766 sint
3173 1708 3349 1779 liberi,
3387 1716 3443 1765 et
3477 1708 3750 1764 obstructa

2102 1820 2147 1880 Β
2175 1818 2475 1879 penetrem,
2513 1817 2671 1875 atque
2701 1806 2753 1860 in
2782 1805 2925 1859 omni
2964 1803 3185 1858 licenter
3214 1801 3434 1856 volitent
3460 1815 3605 1865 aere,
3634 1815 3751 1854 ma-

2172 1899 2422 1954 nifestum
2448 1907 2531 1954 est
2559 1898 2627 1952 ob
2657 1896 3050 1952 enervationem
3107 1908 3293 1949 eorum
3323 1907 3634 1963 permanere
3654 1906 3748 1947 ec-

2168 1992 2345 2045 clesiae
2385 2005 2578 2060 corpus
2607 1990 2851 2044 illaesum.
2886 1987 3123 2054 Denique
3161 1985 3415 2041 satellites
3444 1984 3590 2051 impii
3617 1997 3740 2037 cum

2172 2082 2409 2151 principe
2434 2096 2530 2135 suo
2547 2079 2781 2144 diabolo,
2804 2093 2963 2145 quem
2991 2078 3232 2132 Salvator
3254 2076 3309 2130 in
3334 2076 3616 2146 Evangelia
3646 2074 3746 2129 ho.

2176 2173 2421 2229 micidam
2455 2183 2509 2226 et
2538 2180 2738 2241 patrem
2780 2168 2997 2224 malitiae
3052 2168 3119 2222 ab
3166 2167 3317 2221 initio
3370 2167 3536 2221 fuisse
3572 2166 3747 2219 firmat

2172 2266 2353 2334 (Joan.
2387 2263 2524 2333 vnn),
2550 2263 2699 2317 nobis
2725 2260 3006 2315 adversum
3030 2274 3088 2314 se
3108 2258 3482 2314 dimicantibus
3510 2258 3744 2323 fortiter,

2174 2355 2319 2410 nullo
2350 2355 2507 2409 modo
2535 2355 2847 2417 cessissent,
2880 2353 2922 2405 si
2952 2361 3185 2420 potestas
3212 2365 3392 2406 eorum
3422 2365 3525 2404 non
3558 2350 3743 2403 fuisset

2173 2447 2367 2500 ablata.
2400 2445 2532 2499 Nam
2561 2445 2606 2498 si
2635 2443 2886 2509 mentior,
2932 2457 3030 2496 cur
3061 2442 3232 2504 nobis,
3270 2439 3514 2507 Satanas,
3545 2440 3743 2507 parcis,

2174 2539 2264 2607 qui
2288 2537 2484 2606 ubique
2507 2533 2800 2589 discurris?
2839 2548 2957 2603 cur,
3002 2535 3091 2604 qui
3134 2533 3280 2587 nullo
3307 2532 3573 2587 clauderis
3603 2533 3744 2599 loco,

2172 2632 2453 2685 adversum
2480 2640 2530 2683 te
2561 2629 2697 2683 bene
2728 2626 3015 2682 viventium
3037 2635 3093 2682 et
3119 2625 3497 2693 disputantium
3525 2638 3630 2680 non
3653 2640 3747 2694 po-

2174 2730 2254 2775 tes
2276 2719 2595 2774 labefactare
2623 2717 2975 2772 constantiam
2997 2718 3021 2772 ?

2243 2834 2347 2890 Sed
2397 2834 2621 2889 fortasse
2670 2848 2766 2887 nos
2816 2832 3014 2902 diligis,
3063 2848 3193 2904 quos
3245 2832 3479 2902 quotidie
3531 2831 3751 2887 conaris

2175 2927 2431 2992 obruere;
2458 2935 2547 2979 aut
2566 2924 2817 2979 credibile
2837 2934 2919 2979 est
2937 2935 2987 2979 te
3004 2940 3125 2979 esse
3148 2926 3393 2979 bonitatis
3411 2924 3748 2993 magistrum,

2177 3034 2229 3071 et
2259 3020 2438 3072 favere
2470 3017 2635 3085 magis
2663 3015 2881 3084 optimis
2910 3030 3067 3085 quam
3096 3016 3325 3069 nocere?
3365 3015 3428 3069 Et
3474 3014 3599 3084 quid
3643 3024 3749 3068 tam

490 3151 773 3214 Δλιμιεμροεῐ.
812 3139 1114 3194 libertatem
1159 3145 1188 3183 a
1221 3126 1442 3182 Domino
1469 3133 1779 3177 concessam
1804 3157 1819 3183 ,
1848 3126 1901 3168 et
1929 3111 2074 3165 Scri-
2174 3112 2390 3161 charum
2427 3107 2520 3159 tibi
2553 3120 2671 3160 esse
2702 3113 2876 3173 potest
2901 3118 3059 3171 quam
3093 3103 3285 3157 laedere
3307 3144 3322 3165 ,
3381 3104 3610 3156 maxime
3656 3117 3751 3156 eos

493 3197 789 3311 .bfurarrltm
821 3235 1087 3300 prmcepta
1118 3221 1316 3287 vitalia,
1347 3233 1375 3271 a
1403 3215 1614 3271 diabolo
1642 3205 1853 3264 vivendi
1881 3218 2073 3274 capere
2099 3197 2144 3258 (ἶ

512 3329 754 3391 consilia,
784 3324 872 3393 qui
900 3333 1051 3372 suum
1074 3314 1325 3369 deserens
1346 3306 1609 3369 ordinem,
1644 3315 1852 3356 sacrum
1875 3293 2075 3349 ChriSti

516 3419 796 3482 temeravit
818 3412 1119 3483 imperium.
1156 3407 1438 3472 Propterea
1485 3398 1643 3453 etiam
1675 3393 1927 3447 Dominus
1951 3402 2073 3442 eum

510 3518 581 3570 de
609 3507 895 3579 Scripturis
921 3504 1220 3571 loquentem
1241 3492 1458 3563 jubebat
1498 3499 1695 3550 tacere,
1724 3486 1845 3553 quia
1881 3493 2072 3550 pecca-

498 3609 620 3664 turi
648 3577 779 3661 dicit
811 3602 948 3655 Deus
974 3614 987 3649 :
1020 3596 1194 3661 Quare
1223 3600 1276 3643 tu
1321 3599 1540 3640 enarras
1557 3579 1789 3652 justitias
1822 3588 1990 3635 meas,
2021 3577 2077 3624 et

496 3699 741 3757 assumis
758 3697 1132 3750 testamentum
1153 3696 1326 3737 meum
1349 3694 1440 3749 per
1461 3692 1522 3730 os
1541 3685 1685 3728 tuum
1708 3668 1879 3740 (Psal.
1907 3662 2077 3734 xux)?

486 3793 700 3851 .Omnia
730 3787 1001 3842 dzemones
1047 3774 1322 3836 simulant,
1370 3768 1739 3836 colloquuntur
1772 3773 1914 3828 saepe
1959 3771 2077 3809 cum

502 3882 785 3943 fratribus,
816 3890 956 3944 saepe
983 3884 1102 3925 cum
1135 3866 1285 3920 turba
1320 3860 1616 3915 inconditos
1647 3852 1887 3908 excitant
1930 3846 2078 3901 soni-

488 3989 623 4041 .tus,
671 3983 857 4028 manus
904 3958 1333 4034 apprehendunt,
1381 3950 1615 4008 sibilant.
1650 3944 1963 4012 insipienter
1994 3954 2079 3992 ca.

517 4069 792 4125 chinnant,
833 4067 888 4112 ut
919 4055 1001 4109 vel
1053 4051 1105 4104 in
1134 4055 1329 4119 puncto
1361 4042 1562 4113 peccati
1590 4035 1954 4093 Christianum
1990 4045 2079 4095 pe-

515 4168 632 4213 ctus
657 4156 941 4208 introeant.
972 4143 1212 4211 Cumque
1238 4139 1304 4193 ab
1328 4134 1590 4191 universis
1630 4128 1830 4184 fuerint
1856 4122 2079 4192 repulsi,

517 4254 583 4305 ad
609 4258 902 4305 extremum
934 4241 1257 4298 debilitatem
1282 4248 1431 4289 suam
1461 4227 1841 4284 lamentatione
1874 4232 2080 4277 teStan-

520 4357 622 4397 tur.
655 4342 717 4395 Et
732 4335 987 4393 Dominus
1015 4329 1232 4401 quidem
1258 4324 1408 4394 quasi
1436 4323 1601 4384 Deus,
1626 4327 1679 4373 et
1707 4331 1817 4371 suae
1839 4314 2084 4368 conscius

518 4429 831 4503 majestatis,
862 4427 1226 4481 obmutescere
1266 4417 1349 4471 his
1398 4411 1729 4482 imperabat;
1770 4422 1866 4461 nos
1906 4416 2082 4459 autem

519 4525 756 4595 vestigiis
792 4528 1092 4576 sanctorum
1117 4513 1460 4570 iultmrentes,
1494 4503 1734 4558 eamdem
1780 4500 2084 4571 gradiantur

520 4592 679 4679 viam,
708 4614 801 4683 qui
830 4614 1148 4664 memoratas
1176 4599 1424 4658 subtilius
1456 4596 1687 4650 fallacias
1728 4592 2033 4663 pervidente

517 4708 821 4765 canebant:
858 4701 998 4757 Cum
1028 4693 1345 4751 consisteret
1372 4690 1652 4745 adversum
1703 4700 1789 4740 me
1818 4692 2083 4752 peccator,

492 4798 783 4866 .obmutui,
830 4804 885 4848 et
946 4787 1252 4844 humiliatus
1318 4797 1469 4846 sum,
1530 4788 1584 4833 et
1640 4776 1759 4831 silui
1818 4791 1851 4841 a7
1913 4774 2069 4829 bonis

489 4896 691 4968 ,(Psaf.
724 4889 975 4951 xxxviii).
1006 4887 1072 4939 Et
1103 4886 1294 4939 iterum
1340 4897 1353 4932 :
1388 4880 1496 4947 Ego
1522 4889 1650 4930 vero
1682 4884 1932 4942 tanquam
1977 4884 2088 4923 sur-

519 4990 617 5041 dus
660 5000 763 5039 non
812 4979 1091 5035 audiebam
1126 5015 1140 5039 .
1186 4984 1239 5027 et
1281 4975 1418 5026 sicut
1466 4976 1643 5022 mutus
1694 4980 1798 5018 non
1844 4961 2089 5031 aperiens

494 5096 583 5137 vos
626 5090 822 5139 suum;
889 5082 944 5126 et
981 5069 1148 5123 factus
1207 5079 1325 5118 sum
1380 5073 1437 5115 ut
1492 5060 1650 5130 homo
1702 5069 1806 5108 non
1871 5051 2091 5106 audiens

522 5167 690 5239 (Psal.
733 5163 955 5231 xxxv”).
1000 5159 1247 5214 Christus
1292 5152 1561 5219 silentium
1599 5159 1655 5203 ut
1703 5146 1958 5200 Dominus
1994 5145 2092 5196 im—

490 5246 744 5328 :peravit,
777 5268 872 5307 nos
918 5252 1131 5305 diabolo
1185 5246 1315 5300 nihil
1352 5241 1654 5305 credamus,
1706 5248 1762 5292 ct
1796 5235 2088 5289 vincemus.

520 5350 575 5403 Si
607 5358 764 5400 orare
792 5341 1133 5410 compellunt,
1179 5338 1223 5389 si
1249 5332 1451 5403 jejunia
1477 5329 1720 5391 suadent,
1753 5341 1856 5379 non
1889 5340 1955 5378 ex
2002 5338 2095 5377 eo-

492 5504 497 5509 .
521 5454 639 5493 rum
668 5451 766 5492 nos
795 5433 1031 5494 monitis,
1056 5430 1149 5485 sed
1178 5443 1239 5481 ex
1273 5435 1457 5478 nostra
1486 5419 1867 5477 consuetudine
1891 5416 1942 5469 id
1969 5431 2091 5483 aga-

487 5545 658 5606 irnus.
694 5528 926 5597 Denique
973 5523 1132 5578 etiam
1176 5519 1221 5573 si
1249 5519 1514 5570 irruentes
1546 5523 1770 5569 mortem
1809 5509 1966 5562 nobis
2007 5506 2089 5560 in-

525 5634 730 5679 tentare
751 5620 1044 5675 videautur,
1079 5608 1284 5665 ridendi
1310 5606 1486 5675 pctius
1509 5614 1635 5659 sunt
1662 5617 1819 5672 quant
1843 5598 2087 5661 timendi,

524 5718 647 5787 quia
672 5728 794 5771 cum
824 5711 931 5766 sint
951 5705 1175 5769 debiles,
1206 5704 1479 5759 minantur
1499 5708 1710 5765 cuncta,
1746 5711 1846 5751 nec
1870 5696 2089 5750 faciunt.

527 5805 782 5877 Equidem
820 5803 886 5857 de
928 5793 1043 5855 istis
1088 5798 1197 5870 jam
1248 5794 1554 5852 transitorie
1598 5806 1681 5847 me
1733 5788 1933 5845 dixisse
1980 5802 2083 5842 me-

2185 3203 2274 3271 qui
2293 3204 2397 3253 tuis
2411 3198 2708 3254 sceleribus
2719 3198 2941 3252 viriliter
2964 3207 3279 3267 repugnant,
3298 3196 3587 3249 secundum
3609 3195 3746 3264 quod

2180 3292 2436 3359 scriptum
2464 3298 2545 3343 est
2577 3303 2592 3341 :
2621 3287 2756 3353 Quia
2786 3285 3107 3341 aboniiuatio
3154 3296 3249 3347 est
3283 3285 3449 3352 pietas
3491 3285 3750 3355 peccatori

2182 3379 2367 3449 (Eccli.
2391 3377 2453 3450 ι).
2487 3378 2615 3445 Quis
2644 3385 2750 3431 tam
2777 3373 3066 3430 secundum
3103 3374 3170 3427 ad
3209 3374 3466 3428 malitiam
3520 3373 3750 3443 possidet

2182 3472 2402 3541 pectus?
2424 3470 2545 3540 quis
2569 3478 2674 3522 tam
2700 3467 2979 3522 meditatas
3009 3465 3230 3534 implere
3251 3475 3476 3519 conatur
3497 3465 3710 3520 insidias
3725 3466 3750 3517 ἲ

2183 3564 2393 3619 Scimus
2416 3571 2468 3617 te
2490 3560 2905 3631 impurissimum
2928 3556 3183 3623 cadaver;
3208 3556 3406 3610 scimus
3420 3557 3539 3626 quia
3557 3556 3755 3612 idcirco

2182 3658 2409 3710 viximus
2438 3652 2744 3717 Christiani,
2774 3662 2828 3706 et
2853 3659 3037 3705 contra
3064 3659 3114 3703 te
3145 3650 3296 3702 nobis
3322 3658 3406 3702 est
3426 3663 3608 3703 secura
3628 3662 3754 3703 con-

2181 3745 2406 3815 gressio,
2449 3746 2571 3815 quia
2615 3741 2911 3797 infirmatus
2941 3756 3000 3794 es
3037 3755 3065 3793 a
3095 3739 3342 3793 Domino.
3389 3738 3514 3793 Ideo
3554 3737 3622 3792 de
3653 3739 3757 3793 tuis

2183 3837 2485 3892 confoderis
2505 3834 2717 3904 jaculis,
2747 3833 2866 3903 quia
2900 3829 3241 3883 minationem
3277 3840 3416 3882 tuam
3443 3844 3544 3881 non
3571 3827 3760 3897 sequi-

2186 3938 2271 3982 tur
2297 3928 2515 3983 elfectus
2551 3945 2562 3978 :
2596 3924 2734 3995 quod
2759 3925 2802 3977 si
2830 3923 3073 3987 fallimur,
3107 3936 3203 3974 cur
3226 3936 3346 3975 cum
3374 3930 3573 3973 terrore
3593 3919 3760 3972 simu-

2186 4022 2316 4086 lato,
2347 4035 2443 4073 cur
2473 4015 2832 4085 magnitudine
2860 4028 3141 4080 corporum
3176 4022 3403 4065 nostram
3448 4009 3757 4079 aggrederis

2188 4113 2380 4166 fidem?
2421 4111 2475 4166 Si
2505 4110 2826 4163 voluntatem
2871 4103 3109 4173 sequitur
3159 4098 3498 4170 possibilitas,
3547 4109 3758 4153 tantum

2187 4208 2279 4259 tibi
2310 4205 2445 4259 velle
2467 4201 2716 4257 sufficiat.
2747 4198 2796 4253 Is
2826 4197 2965 4251 enim
2999 4195 3245 4264 potentiae
3268 4207 3385 4247 mos
3403 4201 3504 4257 est,
3526 4206 3632 4244 non
3659 4204 3761 4245 ex-

2188 4310 2365 4352 tranea
2398 4295 2617 4349 fallaciae
2639 4293 2941 4358 adiumenta
2966 4287 3301 4356 conquirere,
3335 4284 3427 4338 sed
3450 4298 3543 4337 sua
3570 4283 3762 4337 virtute

2187 4391 2406 4456 implere
2432 4385 2573 4455 quod
2592 4384 2790 4451 cupiat.
2810 4384 2877 4436 At
2895 4393 3036 4433 nunc
3056 4380 3177 4432 dum
3203 4376 3444 4431 theatrali
3469 4377 3759 4429 mutatione

2188 4482 2476 4532 formarum
2505 4473 2646 4547 (Ml,
2683 4474 2835 4544 quasi
2885 4471 3071 4527 rudem
3110 4470 3382 4525 infantiam
3414 4467 3627 4523 scenica
3654 4466 3759 4537 44

2036 4606 2084 4651 ε,
2116 4576 2167 4635 D
2193 4571 2379 4625 niteris
2406 4569 2747 4624 simulatione
2789 4564 3061 4628 deludere,
3111 4563 3394 4617 exhaustas
3422 4562 3567 4615 vires
3596 4560 3760 4614 mani-

2194 4667 2376 4720 festius
2404 4664 2615 4733 probas.
2640 4658 3013 4727 Nunquidnam
3037 4672 3193 4711 verus
3222 4656 3311 4710 ille
3331 4654 3555 4724 angelus
3577 4660 3763 4708 contra

2193 4757 2439 4825 A~syrios
2468 4753 2659 4807 missus
2688 4766 2716 4804 a
2746 4749 2971 4804 Domino
3001 4746 3107 4817 (IV
3139 4746 3263 4816 Reg.
3298 4752 3437 4814 xxx),
3469 4754 3557 4797 aut
3597 4758 3765 4812 popu-

2174 4849 2364 4903 lorum
2391 4846 2536 4915 eguit
2561 4843 2836 4905 societate,
2865 4850 2953 4894 aut
2981 4841 3182 4893 sonitus
3206 4837 3470 4906 quaesivit,
3498 4844 3589 4889 aut
3619 4838 3764 4904 plau-

2192 4954 2312 5004 sus;
2344 4949 2398 4993 et
2423 4951 2526 4991 non
2555 4933 2728 5003 potius
2751 4931 2964 4985 tacitam
2988 4945 3244 4985 exerrens
3272 4938 3607 4998 potestatem,
3633 4940 3761 4980 ren-

2206 5040 2315 5082 tum
2330 5028 2598 5097 octoginta
2618 5022 2852 5093 quiuque
2876 5021 3038 5074 millia
3071 5020 3320 5083 hostium,
3345 5032 3588 5073 sermone
3616 5015 3763 5070 velo-

2193 5119 2326 5181 cius,
2351 5116 2500 5186 juxta
2522 5113 2754 5184 jubentis
2780 5111 2985 5166 Domini
3010 5110 3295 5177 prostravit
3315 5108 3630 5178 imperium?
3657 5105 3767 5160 Vos

2195 5228 2323 5280 ergo
2344 5223 2470 5263 cum
2503 5205 2715 5273 fragiles
2742 5204 2858 5257 sitis
2887 5203 3106 5267 viribus,
3139 5211 3424 5269 perpetuus
3451 5213 3544 5254 vos
3570 5212 3768 5254 conse-

2194 5304 2371 5374 quitur
2398 5297 2662 5354 interitus.

2264 5415 2392 5470 CAP.
2435 5410 2671 5467 XVII.—
2695 5412 2762 5464 At
2782 5408 2923 5463 dicet
2951 5405 3138 5473 a'iquis
3168 5420 3184 5458 :
3214 5407 3322 5459 Cur
3347 5404 3589 5460 diabolus
3618 5419 3767 5475 egre-

2193 5511 2367 5573 diens,
2412 5504 2554 5559 beati
2598 5501 2698 5557 Job
2726 5513 2936 5554 omnem
2969 5498 3019 5549 in
3062 5500 3266 5551 ruinam
3310 5497 3518 5567 impulit
3542 5495 3766 5551 domum

2194 5600 2316 5666 (Job
2338 5595 2418 5667 i)?
2456 5610 2551 5650 cur
2577 5594 2691 5662 ejus
2719 5590 2906 5659 opibus
2941 5588 3150 5656 penitus
3177 5589 3469 5659 dissipatis,
3498 5590 3767 5658 parietum

2193 5704 2400 5762 quoque
2427 5685 2766 5740 fundamenta
2794 5682 3129 5743 subvertens,
3155 5697 3318 5736 unum
3350 5695 3651 5735 numerosae
3675 5695 3767 5733 so-

2190 5784 2329 5842 bolis
2349 5775 2677 5837 coacervavit
2701 5771 3217 5845 sepulcrum'(!bid.,
3243 5773 3338 5844 n)?
3366 5787 3459 5829 cur
3491 5774 3664 5845 ipsum
3693 5774 3764 5831 ad
