4002 6238
257 330 347 386 Hi

1345 330 1498 387 Vl'l'A
1541 332 1743 387 BEATI
1781 334 2056 389 ΑΝΤΟΝΙΙ
2096 337 2403 392 ABBATLS.

3398 341 3497 394 ΗΞ

252 455 545 500 extremum
576 442 681 497 diri
715 443 956 497 vulneris
980 443 1209 497 novitate
1238 447 1526 511 percussit?
1574 447 1673 513 Qui
1722 448 1819 503 Itoc
1850 454 1896 511 Α
1926 450 2011 503 nia
2034 453 2453 521 considerantes,
2480 456 2662 522 rapido
2680 470 2838 510 cursu
2862 458 2959 510 sibi
2979 457 3200 511 invicem
3232 462 3492 515 nuntiant.

255 536 492 608 opponit,
518 536 703 590 audiat
720 536 975 591 ediverso
995 554 1010 590 :
1029 553 1130 590 non
1159 537 1423 592 diabolum
1451 541 1683 606 potuisse
1701 544 1820 603 huc,

253 630 338 685 sed
369 628 681 692 Dominum,
708 643 739 682 a
768 644 873 693 quo
904 638 1136 695 potestas
1174 630 1452 683 adversum
1502 646 1599 685 nos
1651 633 1824 701 dupli-

252 723 375 779 citer
395 722 583 785 datur,
614 722 698 777 vel
722 722 787 775 ad
816 721 1057 793 gloriam,
1090 723 1134 777 si
1162 724 1466 790 probamur,
1508 726 1590 779 vel
1615 726 1678 779 ad
1711 740 1825 793 pte-

252 833 384 880 uam,
407 816 452 870 si
481 816 868 884 delinquimus.
899 816 1037 882 Quin
1069 818 1242 881 potius
1270 833 1333 870 ex
1369 817 1469 873 hoc
1492 820 1823 874 animadver-

253 921 340 976 tat,
390 925 457 963 ne
505 919 697 964 contra
754 924 916 962 unum
966 909 1178 973 quidem
1236 910 1507 966 hominem
1553 913 1819 968 diabolum

251 1002 532 1072 quidquam
563 999 825 1070 potuisse,
873 1001 918 1053 si
968 1015 1075 1055 non
1127 1012 1439 1069 potestatem
1468 1006 1762 1073 accepisset
1790 1023 1821 1061 a

253 1096 493 1150 Domino.
526 1093 718 1149 Nullus
756 1094 898 1147 enim
923 1092 1064 1160 quod
1105 1109 1215 1148 sua:
1236 1094 1454 1151 ditionis
1490 1107 1572 1153 est
1609 1099 1677 1153 ab
1715 1100 1821 1154 alio

252 1191 585 1259 deprecatur.
623 1184 731 1239 Sed
763 1183 888 1253 quid
919 1183 1021 1237 Job
1046 1200 1306 1252 memoro,
1344 1203 1501 1256 quem
1533 1204 1630 1245 nec
1653 1206 1817 1257 expe-

254 1280 392 1333 titum
423 1278 597 1347 potuit
620 1276 871 1330 vincere?
897 1278 993 1333 sed
1024 1292 1122 1332 nec
1143 1286 1327 1332 contra
1346 1281 1580 1345 jumenta
1608 1281 1818 1349 quidem

255 1373 378 1440 eius,
393 1385 491 1425 nec
505 1377 697 1425 contra
715 1383 849 1422 oves
864 1383 1014 1434 suas,
1031 1370 1144 1424 sine
1163 1384 1418 1424 concessu
1442 1370 1530 1424 Dei
1549 1373 1817 1441 preprium

260 1464 408 1517 robur
430 1461 699 1517 exercuit.
726 1460 816 1514 Sic
841 1458 1000 1515 etiam
1024 1461 1074 1515 in
1105 1461 1393 1531 Evangelio
1420 1462 1673 1531 scriptum
1703 1474 1813 1519 est:

261 1554 528 1608 Daemones
559 1565 739 1606 autem
772 1553 1025 1621 rogabant
1079 1567 1226 1617 eum,
1274 1553 1510 1608 dicentes
1539 1572 1553 1607 :
1583 1555 1640 1610 Si
1669 1554 1821 1625 ejicis

263 1662 348 1701 nos
375 1647 513 1710 hinc,
544 1646 698 1699 mitte
716 1659 814 1699 nos
837 1646 889 1697 in
911 1659 1124 1713 gregem
1146 1660 1425 1711 porcorum
1455 1645 1816 1717 (Matthxm).

265 1736 517 1807 Quomodo
544 1736 706 1807 igitur
726 1736 816 1805 qui
846 1750 1126 1805 porcorum
1153 1745 1413 1806 expetunt
1440 1746 1660 1806 mortes,
1689 1740 1819 1794 ima-

1927 541 2031 593 Sed
2056 542 2098 594 si
2126 543 2258 596 forte
2273 544 2555 611 contigerit
2584 556 2636 597 ιιι
2662 546 2750 599 Dei
2776 558 2901 599 nutu
2925 548 2988 598 ad
3019 548 3172 599 linem
3195 557 3365 615 empta
3392 563 3499 602 non

1928 632 2159 697 veniant,
2194 635 2295 688 hoc
2324 646 2425 699 est,
2472 637 2515 689 si
2560 650 2649 689 aut
2680 639 2846 691 viator
2884 654 2915 693 e
2951 641 3125 691 media
3169 639 3498 706 regrediatnr

1927 724 2031 789 via,
2064 728 2156 776 aut
2192 739 2466 793 suspensa:
2510 728 2740 782 nubibus
2768 744 2919 798 aqua:
2946 728 3009 781 ad
3040 729 3200 782 altum
3230 730 3349 784 σεωΙὶ
3381 744 3497 783 car—

1927 815 2104 869 dinem
2123 816 2449 884 deferantur,
2469 832 2593 875 tunc
2614 823 2987 891 decipientium
3013 840 3111 876 una
3130 841 3248 877 cum
3274 824 3498 878 creden-

1927 907 2067 962 tibus
2097 924 2247 963 error
2273 914 2531 980 aperitur.
2564 914 2686 968 Ηωο
2708 914 3017 981 gentilitatis
3036 917 3181 971 fuere
3215 917 3493 984 principia,

1928 998 2011 1053 his
2032 1002 2433 1070 prtcSagitorum
2453 1005 2587 1060 dolis
2610 1008 2748 1075 apud
2764 1007 2985 1064 delubra
3005 1009 3305 1062 daemonum
3328 1025 3497 1078 quon-

1924 1094 2046 1148 dam
2072 1098 2427 1151 credebantur
2453 1104 2666 1155 oracula
2696 1118 2708 1155 :
2742 1118 2861 1171 qua:
2890 1104 3117 1157 adventu
3148 1102 3357 1157 Domini
3401 1118 3496 1157 no«

1923 1187 2019 1240 stri
2041 1187 2164 1243 Jesu
2195 1189 2416 1258 Christi,
2444 1192 2643 1248 indicto
2670 1195 2769 1250 sibi
2807 1197 3020 1252 silentio
3048 1194 3185 1267 (47),
3218 1196 3497 1251 obmutue-

1926 1285 2068 1340 runt,
2110 1292 2342 1349 suosque
2382 1282 2662 1348 perdidere
2701 1284 2957 1353 captivos.
3010 1286 3141 1354 Quis
3193 1287 3368 1355 (rogo)
3406 1296 3496 1340 aut

1924 1368 2186 1421 medicunt
2218 1385 2279 1424 ex
2309 1371 2678 1429 observatione
2699 1376 3028 1444 morborum,
3061 1393 3180 1432 cum
3208 1377 3398 1433 anitum
3425 1396 3496 1431 ως

1924 1460 2151 1513 stuantis
2180 1460 2481 1517 incendium
2512 1463 2579 1518 de
2608 1480 2863 1520 venarum
2896 1468 3048 1535 pnlsn
3081 1468 3181 1523 levi
3212 1469 3495 1539 digitorum

1923 1562 2190 1607 scrutatur
2209 1562 2428 1620 attactu,
2444 1555 2679 1611 divinam
2702 1560 2991 1614 arbitratur
3006 1559 3202 1617 habere
3220 1563 3496 1617 notitiam?

1924 1644 2051 1709 Quis
2081 1646 2492 1715 gubernatorem
2525 1652 2876 1719 navigationis
2904 1667 3013 1707 sua:
3045 1654 3181 1707 viam
3213 1654 3350 1709 inter
3372 1655 3494 1709 cmli

1923 1735 2098 1790 sidera
2116 1738 2469 1809 requirentem
2491 1741 2785 1812 majestatis
2802 1742 3003 1800 honore
3029 1746 3349 1801 veneratur?
3366 1746 3497 1813 Quis

272 1830 420 1897 ginem
454 1826 551 1881 Dei
581 1826 872 1890 hominem,
904 1835 960 1879 et
988 1836 1092 1879 tam
1120 1827 1342 1881 charum
1382 1827 1659 1885 Conditori
1704 1831 1818 1885 ani-
1847 1844 1897 1907 Β
1925 1829 2209 1896 agricolam
2236 1830 2305 1886 de
2329 1833 2490 1887 aridis
2512 1837 2709 1889 testantis
2739 1836 3058 1904 fervoribus,
3079 1847 3172 1892 aut
3192 1840 3258 1893 de
3283 1838 3496 1896 hiemali

276 1918 365 1972 mal
388 1932 481 1972 suo
493 1917 741 1971 valebunt
766 1914 890 1985 jure
912 1918 1250 1985 pervertere?

339 2010 529 2080 Magna,
552 2007 903 2072 dilectissimi,
923 2008 1208 2063 adversum
1235 2008 1507 2064 darmones
1529 2010 1645 2080 (45)
1669 2026 1815 2065 arma

282 2113 396 2157 sunt
408 2104 508 2157 vita
523 2104 725 2158 sincera
738 2110 795 2156 et
816 2102 1133 2157 intemerata
1158 2103 1223 2157 ad
1250 2105 1410 2159 Deum
1438 2105 1588 2160 fides.
1607 2107 1818 2162 Credite

295 2197 412 2251 mihi
447 2207 657 2267 experto
683 2216 695 2250 :
725 2197 1050 2267 pertimescit
1085 2198 1310 2255 Satanas
1347 2190 1506 2255 recte.
1530 2202 1815 2257 viventium

289 2290 496 2359 vigilias,
520 2292 783 2356 orationes,
808 2289 1034 2360 jejunis,
1059 2294 1548 2357 mansuetudinem,
1573 2296 1816 2349 volunta-

278 2386 396 2438 riam
434 2392 801 2453 paupertatem,
834 2400 983 2439 vanae
1012 2385 1197 2454 glorias
1228 2397 1613 2455 contemptum,
1648 2387 1818 2441 humi-

278 2474 473 2540 litatem,
506 2476 937 2542 misericordiam,
971 2476 1065 2531 ira:
1094 2477 1451 2542 dominatum,
1478 2489 1530 2532 et
1553 2480 1817 2547 praecipue

278 2581 440 2635 purum
462 2581 550 2620 cor
569 2582 692 2636 erga
714 2564 917 2622 Christi
938 2582 1197 2624 amorem.
1222 2568 1378 2623 Novit
1404 2572 1707 2625 teterrimos
1726 2586 1814 2626 co-

279 2660 429 2726 tuber,
450 2676 508 2715 ex
540 2671 802 2728 ιιι-περιο
830 2662 1037 2716 Domini
1066 2664 1166 2716 sub
1210 2661 1480 2734 justorutn
1533 2680 1593 2719 se
1635 2666 1817 2735 jacere

279 2754 500 2822 vestigiis,
528 2753 616 2822 qui
644 2754 721 2805 ait
744 2771 757 2806 :
785 2753 921 2807 Ecce
938 2753 1063 2808 dedi
1081 2753 1232 2808 vobis
1260 2764 1576 2823 potestatem
1606 2758 1816 2813 calcare

285 2859 415 2913 super
437 2856 705 2913 serpentes
732 2857 785 2898 et
830 2846 1161 2915 scorpiones,
1191 2856 1247 2901 et
1274 2861 1436 2916 super
1463 2861 1675 2903 omnem
1704 2851 1814 2905 vir-

290 2946 424 2991 tutem
444 2936 629 2990 inimici
661 2936 844 3005 (Luca:
870 2936 951 3005 χ).

348 3028 393 3082 Si
428 3040 579 3082 autem
619 3039 678 3085 et
715 3028 1095 3084 divinationem
1140 3045 1201 3086 se
1233 3030 1431 3087 habere
1470 3032 1810 3099 simulantes,

286 3130 495 3175 venturos
522 3122 723 3177 fratres
752 3122 1129 3185 nuntiaverint,
1158 3132 1213 3178 et
1255 3123 1521 3179 adfuerint
1560 3141 1693 3193 quos
1722 3140 1816 3180 ve-

1922 1934 2177 1987 aquarum
2207 1920 2449 1993 largitate
2480 1924 2563 1977 vel
2592 1923 2789 1993 frigore
2823 1926 3203 1996 disputantem,
3249 1943 3352 1982 non
3402 1943 3495 1995 po.

1921 2018 2025 2063 tius
2051 2013 2373 2079 experientia
2406 2014 2602 2076 laudat,
2644 2031 2800 2082 quam
2828 2018 2913 2073 dei
2939 2029 3219 2073 consecrat
3241 2020 3495 2075 nomine?

1994 2099 2209 2166 Verum,
2255 2114 2311 2157 ut
2359 2106 2713 2160 concedamus
2759 2109 3027 2177 paulisper
3055 2125 3181 2163 vera
3220 2110 3495 2166 daemones

1920 2196 2186 2263 nuntiare,
2236 2200 2556 2269 respondete
2598 2201 2749 2266 mihi,
2793 2206 2912 2271 quis
2953 2204 3158 2258 fructus
3210 2215 3290 2260 est
3334 2221 3495 2261 nosse

1920 2291 2227 2345 venientia?
2249 2293 2492 2360 Nunquid
2524 2304 2615 2349 aut
2640 2298 2816 2350 sciens
2848 2299 2960 2353 hinc
2985 2301 3268 2365 aliquando
3308 2301 3495 2356 lauda-

1921 2388 2025 2443 tus,
2045 2388 2137 2434 aut
2158 2383 2371 2449 punitus
2391 2396 2471 2436 Cal
2496 2386 2772 2439 nesciens?
2804 2386 2858 2440 ln
2884 2390 2983 2441 hoc
3004 2390 3369 2459 unusquisque
3390 2392 3496 2447 sibi

1921 2482 2202 2540 praeparat,
2235 2488 2330 2527 seu
2361 2484 2642 2539 tormenta,
2676 2493 2769 2531 seu
2797 2480 3045 2547 gloriam,
3077 2481 3122 2535 si
3150 2482 3232 2535 vel
3265 2486 3497 2556 negligat

1917 2564 2309 2634 Scripturarum
2339 2570 2605 2636 mandata,
2641 2574 2721 2627 vel
2749 2572 2926 2629 faciat.
2974 2576 3161 2630 Nullus
3190 2579 3260 2633 ob
3304 2581 3354 2633 id
3394 2596 3494 2633 tto-

1918 2671 2089 2719 strum
2123 2659 2261 2715 hanc
2290 2664 2513 2732 arripuit
2546 2666 2725 2729 vitam,
2771 2676 2828 2719 ut
2871 2669 3062 2723 habeat
3106 2674 3493 2737 praescientiam

1920 2750 2247 2815 futurorum,
2280 2752 2372 2805 sed
2412 2764 2468 2806 ut
2497 2758 2777 2824 prasceptis
2828 2757 3036 2813 Domini
3073 2760 3179 2831 45
3216 2764 3349 2816 obed
3374 2780 3490 2826 etis,

1918 2838 2121 2892 amicus
2143 2854 2262 2895 esse
2285 2842 2582 2912 incipiatdc
2603 2860 2782 2901 servo.
2807 2847 3109 2904 Curandum
3132 2862 3213 2906 est
3236 2869 3342 2912 non
3367 2871 3495 2923 prato

1920 2930 2056 2983 scire
2082 2948 2200 2999 quae
2227 2933 2467 2999 veniunt,
2499 2937 2593 2990 sed
2628 2939 2848 3007 implere
2876 2957 2993 3011 qua:
3018 2943 3164 3012 jnssa
3196 2959 3350 3012 sunt;
3395 2965 3493 3006 nec

1918 3022 2340 3080 institutionibus
2370 3028 2525 3083 ιιοιιίδ
2562 3032 2695 3085 hanc
2724 3032 2963 3103 ﬂagitare
2997 3038 3325 3110 mercedem,
3372 3056 3491 3097 cum

1920 3121 2088 3186 magis
2117 3119 2403 3175 debeamus-
2428 3123 2703 3177 victoriam
2729 3136 2911 3181 contra
2950 3128 3215 3186 diabolum
3250 3134 3319 3187 ab
3347 3137 3494 3191 anxi.

270 3211 365 3267 "ire
379 3212 755 3282 ρηάίχεηηι,
784 3228 884 3269 nec
902 3211 981 3268 sic
1002 3212 1132 3270 ﬁdes
1154 3224 1238 3271 εει
1253 3216 1637 3270 commodanda
1666 3229 1814 3269 men-
1839 3223 1886 3285 ρ
1920 3207 2107 3263 liatore
2138 3209 2358 3265 Domino
2389 3213 2674 3279 postulare.
2708 3214 2811 3270 Sed
2836 3218 2879 3270 si
2908 3219 3043 3273 forte
3084 3223 3276 3291 aliquis
3304 3226 3404 3281 hoc
3428 3224 3498 3281 li-

263 3303 447 3360 dacibus
476 3324 491 3359 :
525 3306 600 3361 ob
623 3307 672 3362 id
700 3306 843 3363 enim
872 3323 1198 3379 prtecessere
1219 3308 1512 3374 venientes,
1543 3319 1599 3362 ut
1624 3309 1818 3364 credu-

259 3395 359 3451 litas
382 3398 480 3452 sibi
515 3409 734 3467 paretur
772 3414 839 3455 ex
888 3401 1093 3467 nuntio,
1120 3412 1173 3455 et
1205 3409 1383 3471 postea
1411 3402 1585 3455 aditus
1608 3417 1671 3455 ex
1700 3417 1818 3458 cre-

250 3489 448 3547 dulitate
504 3492 755 3546 fallaciae.
798 3491 994 3547 Verum
1039 3493 1091 3547 in
1133 3493 1235 3547 hoc
1273 3492 1473 3547 nullum
1511 3492 1818 3547 Christiano

255 3582 390 3637 debet
415 3598 550 3639 esse
580 3584 920 3647 miraculum,
946 3600 1069 3639 cum
1094 3599 1202 3639 non
1241 3593 1442 3639 tantum
1488 3586 1573 3654 qui
1607 3586 1818 3639 levitate

244 3683 431 3730 natura:
467 3691 573 3745 per
592 3687 788 3730 cuncta
816 3676 1141 3743 discurrunt,
1166 3676 1376 3731 valeant
1404 3680 1680 3746 pervenire
1699 3692 1819 3747 gra-

245 3766 466 3832 dientes;
498 3767 599 3822 sed
626 3766 869 3821 homines
889 3781 1099 3836 quoque
1115 3780 1371 3837 equorum
1389 3766 1665 3821 velocitate
1685 3782 1815 3835 prte-

244 3858 384 3923 vecti,
419 3860 683 3917 nuntiant
713 3858 1013 3913 adfuturos.
1042 3859 1157 3913 Non
1184 3856 1323 3913 enim
1347 3874 1409 3913 ea
1437 3874 1555 3928 qua:
1585 3860 1817 3914 nondum

242 3949 344 4003 fieri
369 3958 558 4017 coepta
588 3960 713 4003 sunt
746 3950 1004 4013 referunt,
1042 3951 1162 4019 quia
1203 3951 1340 4005 Deus
1384 3951 1533 4006 solus
1575 3952 1821 4007 conscius

235 4043 637 4095 estfuturorum
667 4040 825 4111 (Dan.
861 4040 1011 4110 xm);
1038 4040 1131 4094 sed
1158 4056 1384 4110 quorum
1414 4042 1745 4110 conspiciunt
1767 4041 1819 4096 in

236 4143 351 4187 actu
381 4133 627 4197 initium,
654 4148 840 4187 eorum
864 4132 966 4187 sibi
997 4144 1243 4201 tanquam
1274 4131 1419 4187 fures
1440 4133 1577 4201 apud
1607 4132 1822 4204 ignaros

235 4227 531 4280 vendicant
560 4226 855 4279 notionem.
883 4224 1014 4278 Nam
1044 4236 1270 4293 quantos
1313 4240 1453 4280 nunc
1490 4228 1689 4295 putatis
1730 4225 1822 4294 qui

234 4318 443 4383 possint
486 4316 775 4371 velocitate
828 4314 1018 4384 puerili
1062 4316 1219 4369 istum
1266 4327 1462 4371 emtum
1505 4326 1823 4386 nostrosque

236 4419 427 4463 contra
452 4423 523 4463 se
549 4420 848 4472 sermones,
881 4416 1006 4461 ante
1034 4407 1260 4462 relatum
1288 4406 1509 4477 alicujus
1533 4408 1619 4463 hic
1646 4406 1823 4479 positi,

230 4502 389 4573 longe
441 4499 793 4556 manentibus
839 4499 1114 4555 indicare?
1159 4500 1271 4555 lloc
1316 4502 1457 4570 quod
1503 4502 1623 4556 dico
1650 4502 1822 4569 vobis,

1919 3298 2111 3355 beuter
2138 3313 2391 3369 assumat,
2437 3313 2493 3360 tit
2531 3307 2701 3361 futura
2740 3319 3047 3378 cognoscat,
3082 3312 3273 3369 habeat
3304 3332 3494 3385 pinum

1919 3407 2041 3459 cor;
2064 3395 2185 3463 quia
2206 3397 2368 3449 credo
2389 3397 2618 3452 animam
2641 3397 2749 3453 Deo
2765 3402 3106 3470 servientem,
3139 3420 3180 3458 δι
3212 3407 3263 3460 in
3289 3424 3349 3461 ea
3376 3426 3498 3477 per-

1920 3487 2243 3540 severaverit
2271 3488 2569 3556 integritate
2595 3506 2695 3557 qua
2736 3501 2855 3544 nata
2893 3504 2975 3546 est
3009 3493 3144 3563 (ts),
3192 3498 3308 3563 plus
3356 3500 3497 3553 scire

1922 3590 2078 3643 posse
2108 3594 2262 3646 quam
2294 3580 2586 3635 dtetnones.
2629 3582 2771 3635 Talis
2799 3595 2911 3640 erat
2940 3590 3115 3640 anima
3148 3587 3344 3653 Elismi,
3375 3606 3497 3660 qua:

1920 3670 2041 3724 aliis
2065 3672 2362 3739 incognitas
2385 3673 2607 3729 virtutes
2636 3674 2876 3728 faciebat.

1993 3760 2121 3816 Csp.
2160 3762 2343 3817 XVIII.
2366 3793 2435 3804 —
2460 3764 2608 3819 Nunc
2633 3765 2743 3833 jam
2772 3777 2997 3821 cteteras
3018 3772 3168 3825 vobis
3193 3773 3493 3831 dmmonum

1921 3851 2201 3918 explicabo
2234 3851 2491 3907 fallacias.
2521 3854 2706 3909 Solent
2748 3864 2905 3911 nocte
2950 3858 3245 3925 venientes,
3278 3867 3499 3933 angelos

1924 3941 2015 3995 Dei
2042 3956 2100 3995 se
2131 3942 2352 4011 fingere,
2386 3943 2604 4000 laudare
2632 3945 2889 4013 studium,
2935 3949 3114 4005 mirari
3144 3968 3500 4019 perseveran-

1924 4034 2071 4099 tiam,
2104 4034 2277 4089 futura
2328 4036 2545 4103 prtemia
2574 4038 2832 4106 polliceri.
2883 4040 3028 4110 Quos
3072 4057 3192 4097 cum
3236 4045 3500 4116 videritis,

1926 4135 2031 4180 tam
2056 4140 2149 4180 vos
2169 4143 2325 4195 quam
2348 4128 2538 4184 domos
2563 4140 2765 4185 vestras
2787 4133 2963 4187 crucis
2975 4147 3180 4190 armate
3202 4138 3499 4207 signaculo,

1924 4228 1979 4270 et
2025 4219 2308 4272 confestim
2357 4221 2636 4275 solventur
2688 4222 2740 4275 in
2790 4224 3206 4295 nihilumzquia
3260 4244 3503 4286 metuunt

1926 4310 2056 4364 itlud
2100 4311 2395 4379 tronhaaum
2423 4313 2478 4369 in
2522 4328 2628 4382 quo
2674 4316 2917 4371 Salvator
2961 4334 3148 4374 aereas
3193 4324 3503 4390 exspolians

1928 4411 2244 4472 potestates,
2292 4420 2385 4459 eas
2428 4406 2556 4460 fecit
2601 4412 2857 4462 ostentui.
2907 4411 3094 4464 Solent
3135 4415 3296 4468 etiam
3345 4418 3504 4471 variis

1928 4498 2359 4553 simulationibus
2386 4502 2625 4556 membra
2655 4510 2924 4569 torquere,
2959 4515 3013 4557 et
3044 4506 3239 4559 nostris
3268 4514 3503 4573 procaci.

235 4594 587 4663 perspicuum
619 4592 731 4647 ﬁeri
761 4601 932 4659 potest
961 4594 1238 4662 exemplis.
1271 4592 1328 4647 Si
1358 4594 1477 4662 quis
1504 4610 1533 4647 a
1557 4592 1827 4649 Thebaide
1858 4607 1906 4667 ο
1932 4599 2014 4646 ter
2042 4590 2236 4646 offerre
2266 4607 2325 4646 se
2352 4593 2577 4661 visibus,
2607 4604 2664 4647 ut
2707 4606 2940 4653 mentem
2970 4611 3188 4665 pavore,
3220 4606 3277 4651 et
3306 4614 3503 4668 corpus

233 4697 321 4740 aut
368 4686 612 4753 alicujus
661 4685 896 4755 regionis
935 4685 1133 4755 oppido
1169 4687 1393 4756 cmperit
1434 4687 1717 4754 proficisci,
1773 4697 1826 4740 et

239 4777 383 4833 hunc
412 4779 699 4833 dmmonos
719 4776 946 4830 viderint
975 4779 1027 4831 in
1056 4777 1245 4832 itinere
1271 4777 1649 4841 ambulantem,
1698 4792 1823 4846 per-

234 4869 463 4925 nicitate
494 4878 786 4924 memorata
818 4880 1043 4938 possunt
1070 4870 1357 4938 praedicere
1385 4869 1705 4925 venientem.
1748 4871 1820 4924 lta

234 4974 287 5016 et
328 4963 405 5018 de
456 4963 567 5018 Nili
606 4965 952 5017 inundatione
977 4962 1204 5018 solemni
1233 4962 1370 5032 (46).
1397 4977 1516 5017 cum
1548 4962 1740 5017 multas
1770 4964 1821 5016 ιιι

232 5054 528 5125 ιΕιΙιὶυρίιι
559 5054 787 5109 viderint
815 5054 1042 5123 pluvias,
1073 5069 1105 5108 e
1130 5055 1320 5121 quibus
1345 5054 1539 5109 fluvius
1567 5054 1825 5109 intumes-

232 5162 391 5211 cens,
426 5148 570 5201 ultra
599 5146 808 5201 alveum
835 5144 1058 5200 efﬂuere
1094 5148 1393 5207 consuevit,
1435 5157 1822 5214 praecurrentes

225 5240 291 5294 ad
324 5238 658 5309 Egyptum,
690 5238 933 5291 nuntiant
964 5238 1136 5291 amnis
1159 5237 1465 5292 adventum.
1508 5236 1621 5292 lloc
1645 5247 1821 5291 autem

226 5342 281 5384 et
307 5331 595 5394 homines,
640 5331 686 5384 si
725 5330 831 5385 illis
859 5328 1145 5385 celeritatis
1170 5336 1315 5383 esset
1341 5336 1485 5382 tanta
1509 5336 1719 5393 natura,
1745 5327 1823 5381 fa-

224 5423 335 5477 cile
369 5423 709 5476 nuntiarent.
740 5420 809 5478 llt
834 5425 977 5476 enim
1006 5419 1311 5490 speculator
1354 5419 1492 5474 beati
1541 5419 1707 5473 David
1758 5420 1824 5473 ad

228 5515 508 5569 verticem
531 5515 632 5568 loci
646 5513 887 5569 celsioris
909 5514 1203 5568 ascendens
1226 5510 1313 5584 (II
1336 5512 1465 5583 Reg.
1484 5512 1659 5581 xviii),
1686 5513 1832 5581 prior

224 5622 401 5677 quam
444 5608 494 5660 hi
519 5606 608 5676 qui
632 5606 685 5660 in
717 5616 853 5660 terra
876 5616 1027 5660 erant
1047 5605 1379 5675 prospiciens
1401 5605 1695 5668 venientes,
1722 5620 1828 5661 non

224 5703 496 5769 quedam
528 5700 731 5754 incerta
753 5699 821 5753 de
846 5698 1059 5766 futuris,
1090 5700 1181 5754 sed
1208 5700 1275 5755 de
1301 5699 1382 5754 his
1401 5699 1491 5768 qui
1516 5696 1696 5751 venire
1722 5710 1831 5751 co:-

224 5802 443 5867 perant
473 5791 781 5857 nuntiabat;
807 5791 883 5847 sic
913 5800 963 5847 et
989 5793 1259 5849 daemones
1287 5808 1411 5848 cura
1446 5789 1688 5865 pervigili
1718 5804 1832 5845 om-

1934 4685 2155 4737 horrore
2197 4688 2520 4743 concutiant.
2558 4686 2661 4742 Sed
2708 4699 2762 4742 et
2818 4690 2867 4742 in
2923 4692 3025 4744 hoc
3058 4678 3213 4745 Afides
3254 4692 3363 4746 Deo
3394 4701 3504 4747 tota

1932 4775 2078 4845 fugat
2102 4790 2196 4829 eos
2226 4777 2372 4844 quasi
2401 4778 2609 4831 infirma
2642 4780 2890 4834 ludibria.

2002 4865 2117 4919 Non
2151 4877 2233 4919 est
2263 4878 2439 4923 autem
2471 4868 2705 4923 difficilis
2733 4870 2994 4924 boiiorum
3028 4871 3308 4939 Spirituum
3341 4874 3506 4928 malo-

1934 4975 2161 5029 rumque
2188 4961 2442 5015 discretio
2473 4959 2612 5030 (40),
2643 4978 2761 5029 quae
2792 4967 2870 5015 sic
2898 4962 3006 5016 Deo
3033 4965 3296 5021 tribuente
3322 4968 3507 5033 pandi-

1933 5064 2017 5106 tur
2048 5070 2061 5107 ;
2093 5053 2411 5109 Sanctorum
2461 5055 2774 5123 angelorum
2806 5053 3052 5108 amabilis
3088 5062 3143 5111 et
3192 5058 3508 5128 tranquillus

1931 5156 2179 5212 aspectus
2219 5154 2320 5210 est,
2350 5145 2473 5214 quia
2508 5160 2614 5197 non
2653 5144 2988 5198 contendunt
3030 5160 3206 5215 neque
3248 5149 3506 5217 clamant,

1929 5249 2105 5305 neque
2152 5235 2335 5289 audiet
2381 5233 2572 5303 aliquis
2614 5247 2795 5288 vocem
2841 5249 3061 5301 eorum;
3116 5252 3299 5294 verum
3349 5242 3511 5295 tacite

1931 5325 2232 5393 leniterque
2288 5332 2667 5393 properantes,
2720 5324 2993 5393 gaudium,
3051 5329 3509 5396 exsultationem,

1933 5418 2184 5473 fiduciam
2236 5415 2540 5486 pectoribus
2575 5408 2879 5484 infundunt,
2928 5418 3191 5493 siquidem
3230 5438 3351 5477 cum
3404 5425 3509 5477 illis

1934 5523 2017 5565 est
2048 5510 2328 5577 Dominus,
2378 5510 2466 5579 qui
2520 5518 2605 5563 est
2653 5508 2772 5567 fons
2822 5520 2875 5565 et
2929 5512 3079 5581 origo
3109 5512 3327 5572 latitia.
3360 5514 3510 5570 'l‘une

1937 5618 2092 5658 mens
2124 5610 2304 5656 nostra
2336 5618 2441 5666 non
2472 5602 2704 5667 turbida,
2733 5599 2827 5658 sed
2866 5603 3001 5657 lenis
3030 5615 3085 5659 et
3116 5606 3316 5673 placida
3348 5622 3508 5674 auge.

1936 5698 2106 5750 lorum
2139 5696 2259 5749 luce
2287 5694 2554 5759 radiatur;
2582 5704 2705 5748 tunc
2734 5695 2910 5748 anima
2939 5696 3234 5749 ccclesiium
3266 5697 3507 5763 przemio-

1938 5803 2052 5848 rain
2092 5787 2344 5847 aviditate
2390 5774 2640 5861 ﬂagrans,
2673 5784 2893 5841 effracto
2926 5784 2992 5853 (si
3039 5792 3242 5856 posset)
3292 5786 3508 5845 [mutaui
