4002 6266
479 348 589 402 ³1ιῦ

1539 353 1843 411 ΜΞΝῚΊῚΞ
1884 358 2163 416 PATRUM
2208 363 2408 416 [ABER
2451 364 2717 420 i’IilMUS.

3616 376 3711 430 1³8

479 468 721 533 corporis
743 462 1024 531 domicilio,
1052 481 1103 523 et
1129 470 1381 523 membris
1404 482 1689 525 exonerata
1712 473 2042 537 mortalibus,
2076 484 2120 537 Α
2153 479 2364 531 nomine
2418 490 2507 532 tuo
2537 479 2798 533 daemonia
2853 478 3128 550 eiecimus,
3179 491 3229 535 et
3279 484 3330 537 in
3373 486 3590 541 nomine
3630 500 3716 545 tuo

482 571 602 611 cum
636 557 717 612 his
746 575 878 629 quos
908 561 1054 616 vidct
1084 563 1229 616 abire
1260 562 1475 616 festinat
1504 565 1567 616 ad
1600 565 1813 618 t-(elum.
1845 563 2044 618 Horum

473 660 629 707 tanta
656 653 953 720 benignitas
981 664 1080 717 est,
1115 666 1171 707 ιιι
1210 657 1252 709 si
1280 656 1398 724 quis
1432 672 1524 723 pro
1554 656 1858 712 conditione
1889 658 2048 729 fragi—

466 744 642 798 litatis
662 748 926 812 humana),
950 748 1084 800 miro
1098 746 1260 800 fuerit
1284 763 1464 801 eorum
1494 748 1696 817 fulgore
1712 751 2044 819 perterritus,

463 851 691 890 omnem
744 838 998 891 continuo
1055 852 1120 890 ex
1174 838 1333 891 corde
1398 839 1641 892 auferant
1697 850 1921 895 metum.
1974 841 2045 895 lta

470 925 696 983 "Gabriel
742 946 861 980 eum
909 929 1184 983 Zacharite
1216 931 1522 999 loqueretur
1563 932 1613 985 in
1645 933 1843 1001 templo
1872 933 2047 1003 (Luca:

482 1023 582 1092 xtl)
606 1040 620 1087 ;
648 1032 700 1075 et
732 1023 901 1091 angeli
946 1038 1065 1076 cum
1098 1021 1333 1076 divinum
1368 1023 1600 1091 Virginis
1632 1035 1836 1092 parturn
1864 1037 2045 1094 pasto-

470 1117 623 1169 'rihus
673 1116 976 1169 nuntiarent
1021 1114 1240 1186 (Matth.
1292 1121 1506 1183 xxvttt),
1557 1127 1609 1171 et
1657 1121 1743 1187 qui
1786 1118 2043 1175 Dominici

474 1210 714 1275 corporis
769 1206 995 1277 agebant
1043 1208 1337 1270 excubias.
1386 1210 1588 1263 securis
1642 1212 1930 1265 videntium
1987 1227 2045 1267 se

475 1300 738 1353 mentibus
787 1300 1149 1365 ostendentes,
1211 1316 1277 1355 ne
1332 1311 1630 1355 metuerent
1687 1304 2041 1372 imperabant.

472 1394 641 1446 Metus
671 1393 809 1447 enim
841 1406 947 1447 non
998 1402 1206 1448 tantum
1248 1410 1313 1450 ex
1342 1411 1541 1464 pavore
1568 1397 1749 1458 animi,
1783 1409 2040 1465 quantmn

470 1500 533 1540 ex
567 1500 876 1557 magnarum
920 1501 1095 1541 rerum
1125 1503 1268 1555 saepe
1308 1488 1563 1542 incutitur
1593 1498 1834 1557 aspectu.
1864 1489 2041 1543 Pessi-

471 1592 680 1628 tnorum
713 1592 841 1630 vero
870 1578 1047 1631 vultus
1078 1588 1279 1643 truces,
1312 1579 1517 1633 sonitus
1570 1580 1794 1644 horridi,
1839 1580 2040 1633 sordidi

450 1668 750 1737 cogitatus,
783 1668 1001 1736 plausus
1049 1679 1327 1736 motusque
1359 1670 1870 1738 intlisciplinatorum
1909 1670 2041 1724 ado-

468 1762 760 1816 lescentum
793 1760 885 1813 «vel
920 1761 1217 1826 latronum;
1259 1778 1289 1815 e
1332 1763 1521 1831 quibus
1569 1764 2043 1818 confestim‘timor

467 1853 678 1915 animat,
704 1854 949 1906 sensibus
979 1862 1163 1923 torpor
1185 1855 1470 1919 incutitur;
1503 1858 1682 1911 odium
1710 1856 2041 1913 Christiano-

471 1959 609 2008 rum,
662 1945 1045 1997 monachorum
1096 1954 1295 1999 tumror
1327 1956 1381 2000 et
1413 1947 1646 2013 taedium,
1691 1964 1907 2002 suorum
1954 1966 2040 2004 re-

467 2035 728 2098 cordatio,
780 2045 954 2087 metus
985 2039 1191 2097 mortis,
1244 2036 1746 2107 cupidn'nequititc,
1779 2040 2038 2095 lassitudo

464 2127 699 2191 virtutis,
746 2128 924 2181 cordis
974 2128 1265 2183 hebetatio.
1316 2131 1369 2184 Si
1424 2131 1582 2199 igitur
1633 2143 1750 2198 post
1790 2135 2035 2190 timorem

444 2214 684 2275 “horrore
701 2232 1041 2289 conceptum,
1067 2224 1383 2276 Successerit
1402 2224 1651 2292 gaudium
1678 2238 1726 2279 et
1777 2226 2032 2280 ad‘Deum

466 2310 652 2363 tiducia
706 2320 868 2380 atque
916 2311 1202 2366 ineifabilis
1249 2312 1501 2378 charitas,
1556 2317 1766 2371 venisse
1802 2320 2035 2374 sciamus

440 2404 735 2469 auxilium,
765 2406 885 2474 quia
918 2409 1178 2459 securitas
1208 2406 1401 2460 anima:
1433 2410 1708 2473 pne-cutis
1738 2410 2031 2479 majestatis

443 2496 712 2549 "indicium
754 2507 859 2550 est.
901 2498 988 2551 Sic
1037 2513 1261 2567 namque
1307 2508 1361 2553 et
1412 2498 1679 2554 Abraham
1731 2504 2032 2571 patriarcha

446 2587 645 2640 videns
701 2586 886 2647 Deum,
940 2589 1153 2656 gavisus
1193 2599 1273 2643 est
1317 2588 1496 2661 (Joan.
1525 2593 1675 2661 vati);
1717 2605 1772 2646 et
1792 2591 2031 2649 Joannes

459 2698 579 2735 cum
634 2682 851 2736 Mariam
903 2684 1277 2750 supervenisse
1328 2684 1572 2747 sentiret,
1624 2700 1742 2754 quae
1788 2687 1839 2738 in
1889 2691 2025 2744 sacri

446 2773 657 2826 iventris
715 2772 947 2840 hospitio
993 2776 1356 2828 universitatis
1410 2777 1650 2844 gestabat
1709 2788 2021 2846 parentem,

456 2867 748 2920 exsultavit
795 2865 1021 2920 necdum
1068 2879 1221 2921 natus
1266 2871 1316 2922 in
1356 2871 1607 2937 gaudium
1660 2872 1838 2941 (Luca
1874 2878 1936 2939 l).
1968 2874 2024 2928 Si

440 2969 627 3012 antem
681 2959 1154 3014 incussafortniilo
1185 2963 1563 3028 permanserit.
1615 2963 1782 3018 hostis
1811 2978 1894 3020 est
1939 2968 2025 3034 qui

440 3050 661 3103 “videtur
702 3051 999 3118 :qu‘ooiam
1056 3067 1153 3106 nec
1196 3052 1437 3107 refovere
1484 3055 1649 3119 novit,
1708 3065 1764 3108 ιιι
1813 3057 2025 3112 Gabriel

443 3152 733 3209 paventem
790 3143 1063 3212 Virginem
1115 3160 1181 3199 ne
1233 3148 1413 3200 timeat
1453 3145 1603 3216 jubet
1656 3148 1929 3220 (Lucret);
1976 3161 2028 3205 ct

2153 570 2376 623 virtutes
2427 572 2619 624 nmltas
2661 570 2881 625 fecimus
2930 572 3143 641 (Matth.
3192 576 3323 641 vn)?
3376 581 3715 646 respondebit

2150 664 2405 718 Dominus
2432 681 2444 717 :
2471 667 2639 719 Amen
2671 665 2791 719 dico
2821 668 2991 728 vobis,
3020 683 3124 721 non
3156 669 3284 722 novi
3313 685 3427 733 vos,
3456 672 3711 731 discedite

2150 770 2179 807 a
2220 771 2324 817 me,
2358 758 2581 824 operarii
2626 758 2936 825 iniquitatis.
2967 758 3078 812 Non
3107 761 3245 814 enim
3278 767 3424 815 novit
3469 764 3711 823 Dominus

2149 847 2261 898 vias
2291 846 2595 913 impiorum.
2633 849 2742 901 lloc
2769 865 2895 917 ergo
2919 865 3239 918 magnopere
3280 858 3628 923 postuletnus,
3661 869 3713 913 ut

2149 937 2346 990 donum
2397 938 2676 1007 spirituum
2708 941 3181 997 disc«rnendorum
3234 962 3536 1000 mereamur
3576 954 3714 1004 arci-

2148 1043 2308 1095 pere;
2367 1045 2513 1097 quo,
2566 1033 2861 1084 secundum
2916 1036 3230 1087 sententiam
3278 1038 3709 1107 Seriptutarum,

2147 1121 2287 1171 muni
2322 1119 2527 1184 Spiritui
2559 1136 2662 1174 non
2698 1122 2976 1174 credamus
3005 1121 3056 1193 (1
3083 1122 3236 1180 Jomt.
3268 1125 3361 1192 tv).

2218 1209 2343 1262 Car.
2372 1208 2578 1263 XX.-—
2603 1212 2885 1264 Volueratn
2917 1214 3130 1279 quidem
3166 1216 3274 1282 jam
3310 1216 3463 1269 finire
3499 1236 3702 1274 sermo-

2146 1313 2290 1363 nem,
2322 1311 2374 1351 et
2401 1299 2615 1353 silentio
2641 1316 2882 1368 premere
2900 1318 3229 1370 quotcunque
3252 1321 3385 1358 mea:
3411 1309 3709 1365 accido-rant

2145 1387 2254 1458 46
2282 1388 2529 1454 parvitati
2558 1406 2573 1455 ;
2607 1390 2699 1443 sed
2729 1406 2795 1443 ne
2825 1393 3019 1458 putetis
3058 1409 3141 1447 me
3166 1389 3360 1447 frnStra
3392 1412 3713 1451 conunemo.

2146 1497 2293 1534 rasse
2320 1497 2437 1548 qua:
2483 1482 2699 1536 evenire
2739 1498 2842 1536 non
2873 1494 3107 1551 possent,
3144 1485 3342 1539 idcirco
3390 1489 3543 1556 (licet
3584 1494 3711 1546 iusi-

2148 1576 2295 1638 piens
2328 1576 2468 1634 liam,
2503 1585 2678 1627 tamen
2712 1574 2984 1639 Dominus,
3029 1578 3118 1645 qui
3164 1591 3388 1633 secreta:
3419 1584 3608 1637 mentis
3631 1596 3711 1639 ρει

2148 1666 2440 1731 inspector,
2472 1667 2619 1719 novit
2651 1682 2756 1721 non
2788 1683 2872 1722 me
2909 1684 3066 1722 causa
3100 1669 3395 1738 jactantize,
3427 1674 3521 1727 sed
3552 1679 3713 1731 vestri

2144 1758 2313 1824 gratia
2373 1758 2646 1825 profectus
2699 1761 2799 1813 hoc
2854 1760 3068 1825 facere,
3112 1778 3276 1830 pauca
3327 1766 3600 1832 replicabo
3649 1769 3717 1822 de

2078 1861 2118 1916 Β
2149 1848 2405 1915 plurimis.
2452 1850 2674 1915 Quoties
2706 1866 2789 1905 me
2816 1853 2991 1906 nimiis
3022 1854 3264 1907 laudibus
3294 1858 3487 1912 eiferre
3533 1864 3715 1915 conati

2145 1953 2289 2006 sunt,
2317 1960 2437 1997 eum
2461 1959 2490 1998 a
2520 1962 2605 1999 me
2644 1946 2694 1999 in
2727 1953 2938 2000 nomine
2965 1949 3170 2001 Domini
3204 1951 3478 2004 maledicta
3510 1955 3712 2018 recipe-

2142 2043 2260 2087 rent
2309 2034 2474 2104 (50)!
2516 2040 2722 2105 quoties
2777 2048 3057 2103 augmenta
3105 2040 3205 2093 Nili
3259 2042 3485 2095 ﬂtttttinis
3532 2042 3709 2099 futura

2140 2125 2408 2189 dixerunt,
2448 2142 2568 2179 cum
2612 2142 2641 2179 a
2691 2144 2776 2181 mc
2829 2129 3207 2185 audirent:Et
3260 2131 3360 2186 hoc
3384 2134 3448 2186 ad
3476 2146 3709 2188 vestram

2137 2217 2263 2284 quid
2306 2220 2533 2283 pertinet
2558 2220 2774 2272 curam?
2823 2222 3030 2289 quoties
3073 2223 3381 2279 minitantes
3406 2233 3462 2279 ut
3515 2226 3715 2281 milites

2138 2310 2352 2375 armati,
2387 2311 2781 2377 scorpionibus,
2812 2313 2983 2380 equis,
3033 2311 3245 2377 belluis,
3293 2324 3347 2368 et
3394 2316 3558 2370 variis
3597 2331 3714 2371 εει-ς

2140 2402 2386 2469 pentibus
2407 2402 2872 2456 circumdederunt
2893 2418 2998 2469 me,
3026 2410 3080 2457 et
3108 2402 3317 2457 domum
3345 2403 3403 2457 in
3428 2420 3528 2474 qua
3556 2420 3710 2459 eram

2138 2494 2494 2561 repleverunt,
2546 2508 2665 2548 cum
2722 2509 2819 2562 ego
2864 2510 2896 2549 e
2941 2506 3123 2549 contra
3172 2496 3450 2563 psallerent
3501 2496 3607 2551 :lli
3649 2498 3710 2551 in

2138 2586 2395 2641 curribus
2414 2600 2465 2641 et
2490 2587 2540 2639 hi
2562 2588 2611 2640 in
2642 2589 2816 2651 equis.
2846 2604 2944 2641 nos
2968 2599 3141 2642 autem
3170 2589 3219 2642 in
3246 2586 3463 2643 nomine
3490 2589 3709 2643 Domini

2136 2681 2228 2734 Dei
2251 2681 2418 2734 nostri
2461 2680 2915 2747 tnagniticabimur
2937 2681 3109 2750 (Psal.
3142 2680 3271 2751 χιιι).
3308 2682 3373 2736 Et
3398 2684 3572 2737 statim
3600 2684 3710 2737 mi-

2136 2772 2429 2825 sericordia
2479 2770 2676 2826 Christi
2723 2772 3056 2841 rogabantur.
3086 2773 3322 2839 Quodam
3362 2782 3537 2833 autem
3565 2784 3710 2827 tem-

2135 2879 2263 2931 pore
2289 2879 2407 2916 cum
2440 2864 2640 2933 ingenti
2665 2865 2777 2917 luce
2802 2866 3096 2929 venientes,
3125 2866 3402 2919 dixerunt:
3420 2865 3708 2931 Venimus,

2135 2956 2355 3019 Antoni,
2408 2967 2649 3010 nostrum
2702 2955 2795 3009 tibi
2851 2958 3094 3027 pra-bere
3152 2957 3433 3021 fulgorem.
3476 2958 3544 3012 Et
3576 2972 3708 3025 ego,

2135 3049 2335 3102 clausis
2375 3048 2564 3112 oculis,
2592 3051 2715 3116 quia
2752 3049 2919 3102 lutetn
2956 3047 3153 3101 diaboli
3194 3048 3520 3118 dedignabar
3556 3051 3711 3116 aspi-

2136 3154 2276 3205 cere,
2321 3139 2565 3203 orabam,
2609 3151 2659 3193 et
2702 3141 2845 3193 dicto
2873 3139 3030 3194 citius
3071 3139 3353 3206 impiorum
3384 3142 3559 3195 lumen
3601 3157 3707 3194 ex-

452 3234 607 3289 sit-uti
641 3244 885 3302 pastores
912 3236 1099 3289 nuntio
1146 3238 1407 3292 cuneolati
1456 3248 1581 3292 sunt
1607 3237 1815 3311 (IbitL).
1855 3242 2019 3307 Quin-
2048 3244 2093 3305 ιζ
2125 3222 2509 3303 stinguebamr-
2534 3233 2656 3286 Ροει
2684 3248 2893 3287 menses
2917 3248 3089 3286 amem
3121 3248 3340 3298 1³³0008.
3374 3249 3495 3287 cum
3516 3249 3697 3286 coram

436 3326 561 3377 ‘imo
614 3341 861 3392 pavorem
913 3328 1184 3396 duplicat,
1236 3337 1290 3383 et
1347 3345 1516 3399 usque
1584 3331 1647 3384 ad
1707 3332 2019 3400 profundam

456 3423 742 3488 impietatis
784 3423 1013 3489 foveam,
1068 3434 1127 3478 ut
1174 3426 1271 3479 sibi
1324 3425 1569 3481 homines
1618 3439 2023 3496 prosternamur

440 3516 692 3581 impellit.
728 3518 932 3572 Exinde
970 3519 1163 3573 misera
1195 3520 1486 3588 gentilitas,
1531 3520 1813 3576 dominicze
1843 3522 2022 3577 inter-

450 3609 711 3662 dictionis
748 3610 952 3676 ignara,
1003 3609 1139 3664 falso
1188 3612 1462 3667 daemones
1507 3614 1635 3667 deos
1664 3615 1876 3681 opinata
1915 3626 2019 3670 est.

434 3700 869 3754 'Cbrisuanorum
922 3710 1099 3755 autem
1150 3705 1369 3771 populos
1425 3705 1507 3758 bis
1562 3704 1781 3760 fallaciis
1821 3706 2019 3762 irretiri

432 3808 551 3847 (non
581 3809 767 3860 passas
791 3805 873 3847 est
903 3796 1180 3859 Dominus,
1214 3802 1300 3866 qui
1331 3800 1603 3853 diabolum
1643 3803 1694 3852 in
1728 3801 2021 3871 Evangelio

446 3886 696 3941 audacter
751 3886 852 3941 sibi
900 3891 1250 3958 principuum
1307 3892 1543 3944 omnitnn
1607 3904 2015 3960 przesumentem

430 3977 664 4044 repulit,
716 3976 944 4030 dicens:
976 3979 1120 4031 Vade
1172 3990 1335 4046 retro,
1371 3981 1585 4035 Satana.
1633 3971 1898 4050 Scriptum
1940 3994 2019 4037 est

428 4068 583 4121 enim
617 4086 629 4121 :
668 4069 948 4122 Dominum
990 4070 1154 4123 Deum
1205 4084 1350 4124 tuum
1398 4073 1665 4136 adorabis,
1714 4084 1768 4127 ct
1799 4075 1869 4127 illi
1918 4077 2017 4129 soli

430 4162 643 4214 servies
676 4160 891 4229 (Matth.
930 4178 1014 4226 tv;
1053 4161 1204 4215 Deut.
1237 4181 1282 4216 Vl
1318 4174 1361 4216 et
1392 4165 1467 4222 χ).
1509 4166 1705 4218 llorum
1736 4166 2015 4221 verborum

444 4252 603 4304 etiam
634 4253 787 4306 nobis
814 4253 1025 4306 licentia
1066 4263 1145 4307 est
1170 4256 1395 4320 tributa;
1427 4259 1546 4325 quia
1581 4258 1777 4311 idcirco
1808 4259 2017 4313 locutus

438 4352 531 4394 est
558 4342 701 4407 taiia,
725 4352 782 4395 ut
802 4342 1093 4398 similitudo
1118 4355 1568 4401 tentameutorum
1593 4349 1825 4403 auctoris
1846 4352 2011 4405 nostri

432 4434 786 4492 frangeretur
814 4433 1059 4501 eloquiis.

516 4524 642 4578 Car.
664 4520 801 4578 XIX.
821 4554 891 4565 —
918 4525 1045 4580 Illud
1076 4541 1311 4596 quoque,
1345 4529 1447 4582 mei
1474 4529 1799 4595 charissimi,
1824 4532 2012 4586 admo-

2132 3338 2218 3378 tne
2244 3324 2552 3389 psallerent,
2591 3332 2645 3379 et
2668 3323 2737 3378 de
2775 3324 3065 3389 Scripturis
3106 3323 3318 3377 sibimet
3367 3324 3701 3378 sermocina-

2136 3426 2347 3479 rentur,
2399 3430 2498 3485 ego
2527 3424 2776 3483 tanquam
2820 3414 3010 3467 surdus
3058 3429 3161 3466 nou
3206 3413 3509 3467 audiebam.
3543 3415 3703 3467 Com-

2127 3515 2410 3562 moveruut
2458 3507 2748 3576 aliquando
2800 3508 3178 3562 nt0uasterium
3225 3523 3404 3561 meum
3453 3509 3589 3577 (5|),
3641 3518 3698 3562 ιιι

2126 3614 2225 3669 ego
2272 3608 2448 3654 mente
2502 3598 2760 3653 imtnobili
2807 3599 3085 3654 Dominum
3138 3600 3488 3668 deprecabar.
3545 3602 3703 3667 Smpe

2128 3694 2419 3761 strepitus,
2466 3706 2608 3764 sa‘pe
2657 3693 2963 3747 saltationes
2990 3737 3004 3761 ,
3045 3708 3186 3759 smpe
3233 3693 3419 3747 sibilos
3460 3693 3702 3761 ingesse-

2130 3797 2283 3849 runt;
2314 3795 2367 3840 et
2397 3800 2483 3840 me
2506 3785 2785 3854 psallente,
2818 3799 2974 3838 sonus
3005 3798 3189 3839 eorum
3221 3782 3274 3838 in
3299 3799 3456 3837 voces
3489 3785 3699 3839 flebiles

2126 3879 2449 3932 vertebatur.

2194 3968 2517 4037 Creditisne,
2549 3968 2715 4030 filioli,
2748 3967 2885 4037 quod
2934 3966 3173 4022 dicturus
3198 3984 3313 4022 sum
3346 3967 3533 4021 vobis?
3570 3966 3694 4023 Vidi

2123 4061 2411 4125 aliinando
2457 4061 2720 4115 diabolum
2765 4059 3033 4114 excelsum
3062 4074 3307 4127 corpore,
3350 4058 3437 4127 qui
3491 4074 3548 4112 se
3588 4058 3688 4113 Dei

2125 4155 2375 4207 ι’ἱιΊιιῑυιιι
2400 4165 2453 4208 et
2494 4152 2879 4221 providentiam
2909 4165 3069 4205 ausits
3099 4162 3181 4205 est
3211 4153 3405 4216 dicere,
3434 4160 3487 4204 et
3514 4152 3587 4203 ait
3617 4150 3691 4204 ad

2123 4262 2206 4298 me
2234 4263 2246 4299 :
2272 4245 2405 4313 Quid
2444 4244 2542 4309 vis,
2576 4255 2631 4298 ut
2666 4261 2692 4294 ει
2725 4259 2811 4298 me
2835 4244 2924 4297 tibi
2955 4244 3202 4308 donetur,
3236 4242 3474 4298 Antoni?
3501 4244 3566 4295 At
3588 4256 3694 4310 ego

2119 4341 2449 4408 sputaculum
2480 4340 2593 4409 (:32)
2625 4340 2911 4393 maximum
2960 4340 3010 4393 in
3059 4354 3119 4393 os
3158 4340 3275 4407 ejus
3326 4338 3687 4407 ingeminans,

2094 4442 2282 4485 totum
2318 4448 2402 4485 me
2432 4433 2481 4485 in
2512 4444 2631 4485 eum
2676 4430 2871 4485 Christi
2919 4432 3134 4486 nomine
3160 4441 3413 4495 armatus,
3457 4432 3689 4496 ingessi:

2115 4535 2168 4579 et
2195 4526 2370 4577 Statim
2419 4523 2507 4576 ille
2548 4537 2802 4591 procerus
2840 4533 3057 4592 aspectu
3087 4525 3221 4577 inter
3248 4523 3450 4577 medias
3499 4538 3693 4577 manus

426 4628 564 4679 "heu,
600 4624 655 4668 ut
681 4618 799 4668 vitae
826 4616 997 4685 magis
1024 4620 1092 4671 sit
1116 4617 1289 4684 vobis,
1320 4635 1475 4687 quam
1507 4621 1777 4691 signorum
1809 4623 2012 4677 sollici-
2044 4635 2093 4694 ι)
2118 4621 2367 4675 exolevit.
2401 4620 2679 4687 Jejunanti
2716 4622 2873 4673 etiam
2921 4620 3049 4673 tnibi
3099 4621 3240 4672 visus
3276 4627 3358 4673 est
3404 4626 3461 4670 ut
3501 4632 3690 4671 mona-

438 4710 585 4763 tudo.
618 4694 808 4764 Nullus
833 4725 897 4764 ex
930 4710 1078 4764 vobis
1110 4713 1465 4777 haec-faciens,
1497 4725 1588 4769 aut
1618 4717 1731 4785 ipse
1756 4718 2005 4786 superbia

436 4801 780 4863 intumescat.
809 4801 1175 4871 autdespiciat
1198 4820 1291 4859 eos
1315 4805 1404 4874 qui
1434 4808 1605 4862 facere
1636 4824 1738 4861 non
1760 4820 1997 4876 possunt.

435 4895 911 4949 Conversationem
971 4900 1139 4968 magis
1190 4900 1500 4954 scrutamini
1547 4901 1916 4970 singulorum:
1952 4903 2002 4956 in

439 4988 539 5039 hac
563 4989 662 5040 vita
690 5000 737 5041 et
768 4988 962 5042 imitari
995 5004 1089 5043 vos
1116 5005 1236 5057 quae
1252 4990 1483 5056 perfecta
1505 5003 1628 5046 sunt
1654 4995 1919 5058 convenit,
1950 5006 2002 5047 et

436 5077 659 5143 implere
687 5092 804 5136 qum
846 5082 1054 5131 desunt.
1088 5082 1217 5132 Nam
1248 5081 1396 5149 signa
1432 5082 1605 5136 facere
1634 5097 1739 5136 non
1785 5093 1871 5137 est
1914 5101 2001 5137 no-

435 5178 562 5221 stra:
594 5171 887 5235 parvitatis,
917 5173 1007 5223 sed
1059 5172 1264 5225 liotnini
1298 5176 1594 5241 potestatis,
1627 5176 1713 5244 qui
1743 5175 1805 5229 ad
1838 5176 2002 5230 disci-

436 5261 590 5325 pulos
616 5259 923 5327 gloriantes,
952 5262 1001 5315 in
1038 5263 1321 5332 Evangelia
1349 5264 1421 5316 ait
1451 5264 1559 5318 :Ne
1586 5264 1860 5331 gaudeatis
1882 5266 2002 5332 quia

433 5353 704 5404 datmones
761 5352 909 5405 vobis
960 5352 1182 5423 subjecti
1231 5366 1390 5417 sunt,
1449 5354 1541 5408 sed
1596 5359 1733 5421 quod
1791 5356 2003 5408 nomina

430 5456 603 5498 vestra
662 5446 858 5513 scripta
908 5456 1032 5497 sunt
1081 5447 1132 5496 iu
1176 5446 1330 5498 caelis
1367 5444 1547 5514 (Lucae
1594 5448 1673 5512 ις).
1718 5445 2002 5499 Νοιιιίιιυιιι

426 5539 569 5588 enim
601 5536 653 5587 in
678 5536 816 5589 libro
842 5536 966 5589 vita:
1004 5537 1354 5604 conscriptio,
1382 5538 1742 5592 testimonium
1783 5550 1866 5591 est
1896 5541 2004 5592 vir-

425 5629 555 5682 tutis
607 5636 664 5683 et
711 5628 921 5689 meriti;
973 5628 1223 5694 expulsio
1279 5638 1456 5682 autem
1500 5628 1734 5699 Satantc,
1788 5630 2004 5699 largitio

429 5720 721 5772 Salvaturis
763 5727 866 5772 est.
899 5716 1051 5773 Unde
1100 5719 1181 5773 his
1210 5720 1298 5787 ψη
1337 5736 1440 5773 non
1473 5720 1524 5773 in
1563 5721 1684 5775 vita:
1711 5722 2000 5787 laboribus,

428 5814 524 5865 Sed
554 5816 605 5867 iu
650 5811 908 5882 prodigiis
963 5814 1320 5883 exsultabant,
1356 5815 1655 5871 dicentibus
1685 5835 1696 5873 :
1728 5816 1912 5871 Nonne
1951 5819 1999 5873 iu

2115 4711 2284 4779 chus;
2312 4722 2365 4765 et
2387 4727 2547 4782 panes
2578 4710 2828 4775 offerens,
2863 4711 2946 4764 his
2974 4711 3307 4764 sermonibus
3334 4710 3595 4763 suadebat
3632 4720 3692 4763 ut

2117 4817 2385 4871 vescerer,
2427 4812 2480 4855 et
2510 4801 2633 4854 huic
2661 4800 2856 4871 aliquid
2886 4802 3209 4870 inilulgerem
3236 4800 3554 4867 corpusculo
3581 4817 3591 4853 :
3620 4801 3688 4855 lit

2108 4908 2187 4962 tu,
2218 4896 2405 4966 inquit,
2440 4896 2600 4948 homo
2627 4911 2708 4957 es,
2733 4906 2785 4947 et
2817 4895 3043 4947 humana
3074 4894 3359 4963 fragilitate
3386 4893 3684 4948 circumda-

2107 4990 2213 5055 ris;
2244 4989 2393 5041 labor
2422 4987 2693 5055 paululum
2726 4987 3090 5056 conquiescat,
3124 5002 3191 5040 ne
3217 4985 3475 5053 aegritudo
3504 4984 3677 5038 subri—

2111 5083 2236 5150 piat.
2272 5080 2412 5134 Illico
2453 5079 2673 5133 luridam
2706 5078 2892 5134 [aciem
2921 5082 3185 5147 serpentis
3208 5079 3438 5148 agnovi;
3482 5087 3681 5133 etcum

2111 5175 2175 5228 ad
2194 5184 2442 5228 eousueta
2463 5173 2658 5227 Christi
2680 5174 3007 5231 munimenta
3035 5171 3404 5242 confugerem,
3432 5184 3682 5241 tanquam

2110 5285 2202 5337 per
2227 5266 2515 5323 fenestram
2547 5266 3030 5332 fumuslaberctur,
3049 5268 3288 5321 evanuit.
3318 5269 3445 5322 Auri
3469 5280 3685 5334 quoque

2108 5358 2405 5427 decipulatn
2439 5358 2568 5411 tnihi
2600 5359 2652 5413 in
2678 5358 2895 5413 deserto
2924 5358 3233 5428 frequenter
3262 5356 3514 5423 tetendit;
3537 5356 3683 5424 quod

2110 5452 2228 5505 ideo
2256 5450 2533 5517 offerebat,
2587 5465 2640 5503 ιιι
2682 5463 2772 5504 aut
2817 5451 2931 5505 visu
2963 5452 3199 5505 irretiret
3239 5468 3326 5506 nte
3395 5461 3488 5505 aut
3535 5461 3677 5505 tactu

2104 5545 2535 5599 commacularet.
2567 5544 2720 5610 Saepe
2766 5557 2975 5611 quoque
3022 5557 3111 5597 me
3136 5559 3167 5597 a
3207 5544 3543 5597 daemonibus
3571 5559 3674 5598 non

2106 5636 2311 5705 denego
2338 5636 2696 5690 verberatum.
2725 5632 2992 5686 Canebam
3022 5644 3196 5688 autem
3229 5636 3310 5690 sic
3334 5654 3346 5687 :
3372 5634 3562 5689 Nullus
3590 5648 3677 5689 me

2104 5725 2373 5795 separabit
2402 5742 2429 5778 a
2473 5724 2731 5779 cbaritate
2777 5722 2972 5779 Christi
3000 5723 3175 5794 (Rom.
3205 5726 3340 5796 vtu).
3389 5725 3471 5781 Ad
3520 5724 3675 5794 cujus

2104 5820 2250 5875 vocis
2278 5820 2537 5882 auditum,
2574 5818 2623 5872 iu
2654 5832 2711 5875 se
2763 5817 2986 5875 invicem
3019 5819 3344 5891 defurentes,
3379 5836 3486 5877 non
3524 5834 3668 5888 meo,
