4002 6228
317 334 401 394 N5
1394 333 1545 387 VITA
1583 328 1785 384 BEA'H
1828 327 2118 384 ΑΝΪΟΝΖῘ·
2142 332 2451 386 ΑΒΒᾹΤῙΞ.
3450 331 3551 387 MC

316 452 398 505 sed
424 448 638 504 Domini
668 449 990 519 fugabantnr
1039 448 1291 516 imperio,
1330 448 1421 516 qui
1450 447 1526 500 ait
1557 444 1738 509 (Luca:
1777 442 1833 510 λ)
1865 460 1873 494 :
1910 444 1954 500 Α
1986 447 2185 497 nexuit.
2241 446 2353 499 Una
2419 456 2503 501 est
2558 463 2683 517 ergo
2740 448 2873 499 ratio
2933 446 3175 500 vincendi
3240 448 3350 502 init.
3377 450 3549 513 ieum,

322 543 423 597 \‘iili
451 541 712 597 Satanam
761 544 911 611 quasi
944 541 1115 611 fulgur
1144 541 1420 595 cadentem
1464 540 1529 594 de
1559 538 1715 593 coelo.
1751 537 1877 591 llaec

318 653 450 708 ergo,
476 636 651 701 filioli,
684 636 961 703 apostolici
994 650 1196 688 memor
1222 634 1441 702 eloquii,
1478 634 1530 687 itt
1577 648 1662 687 me
1709 642 1879 685 trans-

318 731 564 787 formari.
631 738 701 781 nt-
747 728 1073 797 propositum
1131 738 1365 782 vestrum
1419 744 1520 782 nec
1574 727 1878 781 daemonum

324 835 503 886 terror,
533 836 631 873 nec
662 820 839 886 aliqua
871 820 1127 872 lassitudo
1157 819 1488 872 dissolveret.

392 913 485 968 Sed
510 912 763 981 quoniam
792 910 863 965 ob
907 920 1140 965 vestram
1174 911 1449 963 utilitatem
1477 909 1639 963 multa
1682 921 1880 961 memo-

324 1006 498 1070 rando,
555 1005 815 1071 insipiens
870 1003 1038 1058 factus
1088 1018 1226 1066 sum,
1274 1014 1329 1057 et
1387 1002 1542 1072 hujus
1597 1001 1673 1056 rei
1728 1000 1881 1053 vobis

324 1096 570 1164 impertiri
599 1095 757 1160 cupio
789 1096 1082 1159 notionem,
1125 1108 1282 1162 quam
1331 1108 1510 1147 veram
1558 1105 1676 1144 esse
1705 1090 1880 1142 nullus

319 1188 540 1257 ambigat
570 1186 920 1241 audientium.
955 1185 1193 1240 Pulsavit
1218 1185 1502 1251 aliquando
1527 1184 1737 1237 daemon
1767 1196 1882 1233 mo-

321 1280 525 1335 naSterii
576 1279 772 1332 ostium
802 1295 815 1331 :
841 1278 1139 1349 egrediens,
1172 1277 1328 1331 video
1360 1277 1627 1330 hominem
1675 1273 1881 1328 enormi

322 1372 655 1435 sublimitate,
693 1381 999 1438 porrectum
1031 1378 1189 1437 caput
1221 1384 1387 1438 usque
1416 1368 1480 1421 ad
1509 1366 1722 1421 coelum.
1748 1366 1881 1418 Cum

322 1465 383 1518 ab
426 1463 524 1518 hoc
574 1463 817 1533 quisnam
871 1471 1015 1517 esset
1067 1462 1429 1531 inquirerem,
1472 1459 1725 1528 ait:Ego
1765 1473 1882 1512 sum

321 1554 554 1610 Satanas.
607 1556 672 1608 Et
720 1553 1040 1622 ego:Quid,
1098 1554 1336 1620 inquam,
1390 1553 1475 1606 hic
1522 1549 1884 1620 qttterisHie-

323 1646 692 1714 spondit:Cur
740 1646 870 1699 mihi
906 1644 1098 1711 fru;tra
1144 1645 1405 1712 imputant
1451 1642 1740 1698 momclti?
1788 1656 1883 1696 cur

321 1739 437 1793 miln
482 1754 670 1793 ontnes
718 1735 1144 1791 Christianorum
1191 1735 1371 1805 populi
1419 1732 1785 1788 maledicunt?
1821 1732 1883 1785 Et

1980 535 2161 590 laetitia
2194 537 2505 603 Spiritualis,
2539 548 2591 591 et
2621 539 2813 590 anintte
2860 538 3138 590 Dominum
3180 554 3389 601 semper
3412 543 3553 608 cogi-

1984 629 2142 683 tantis
2168 629 2307 699 jugis
2344 631 2644 684 recordatio
2669 650 2681 683 ;
2711 647 2827 695 quae
2877 630 3177 683 dtentonutn
3213 629 3363 701 ludos
3402 630 3553 698 quasi

1983 722 2184 775 fumum
2235 723 2528 790 expellens,
2577 732 2926 790 persequetur
2982 721 3317 774 adversarios
3380 722 3556 787 potius

1983 829 2140 880 quam
2169 816 2394 869 timebit.
2430 815 2544 867 Non
2587 824 2671 868 cst
2700 815 2840 866 enim
2870 812 3080 867 nescius
3109 815 3330 867 Satanas
3358 814 3554 881 ignium

1983 902 2325 971 futurorum,
2381 916 2434 960 et
2488 906 2765 959 azstuantis
2834 905 3088 975 gcltennze
3141 904 3358 973 copiosa
3411 905 3558 959 novit

1987 995 2250 1048 incendia.

2055 1086 2158 1140 Sed
2191 1100 2245 1139 ut
2274 1101 2387 1140 mea
2415 1086 2523 1155 jam
2553 1085 2827 1141 claudatur
2867 1089 3071 1153 oratio,
3115 1088 3243 1141 illud
3296 1089 3346 1140 in
3399 1086 3558 1143 ﬁnem

1984 1191 2382 1231 commemoro:
2413 1178 2544 1233 Cum
2595 1178 2771 1247 aliqua
2810 1195 2868 1232 se
2912 1179 3063 1233 vobis
3111 1180 3362 1233 obtulerit
3391 1181 3556 1245 visio,

1985 1264 2237 1323 auda'cter
2262 1272 2536 1339 requirite,
2568 1275 2686 1339 quis
2722 1274 2793 1325 sit
2822 1274 2911 1327 ille
2934 1313 2951 1336 ,
2981 1282 3034 1327 et
3063 1275 3202 1329 unde
3232 1277 3463 1338 venerit;
3496 1289 3559 1329 ac

1984 1359 2101 1414 sine
2141 1377 2317 1427 mora,
2358 1361 2403 1416 si
2448 1376 2752 1420 sanctorum
2799 1367 2957 1420 fuerit
2993 1369 3287 1433 revelatio,
3322 1370 3560 1440 angelica

1985 1454 2351 1510 consolatione
2382 1458 2542 1512 timor
2570 1470 2804 1512 vertetur
2836 1459 2886 1513 itt
2910 1462 3178 1527 gaudium.
3211 1463 3265 1516 Si
3292 1479 3418 1517 vero
3445 1463 3558 1517 dia-

1986 1545 2092 1600 boli
2123 1544 2282 1601 fuerit
2308 1548 2482 1602 oblata
2514 1552 2736 1604 tentatio
2758 1592 2770 1613 ,
2803 1551 2972 1607 ﬁdelis
3015 1553 3208 1608 anima
3242 1566 3557 1621 percuncta-

1988 1636 2217 1691 tionibus
2265 1650 2575 1705 evanescet;
2619 1641 2740 1709 quia
2790 1644 3080 1696 maximum
3129 1654 3212 1698 est
3260 1646 3562 1700 securitatis

1988 1728 2272 1795 indicium,
2317 1733 2643 1799 interrogare
2672 1733 2914 1802 quisnam
2965 1744 3049 1788 est
3100 1745 3153 1789 et
3200 1735 3361 1790 unde.
3393 1735 3479 1790 Sic
3506 1744 3562 1788 et

326 1848 412 1900 ego
437 1848 450 1883 :
473 1830 629 1893 ,Ιιιειιξι
652 1830 870 1892 faciunt,
899 1830 1002 1882 tuis
1030 1828 1168 1882 enim
1200 1827 1503 1895 frequenter
1532 1825 1881 1879 molestantnr
1915 1823 1962 1882 B
1986 1818 2130 1873 Nave
2162 1822 2298 1874 ﬁlius
2343 1823 2722 1878 auxiliatorem
2755 1840 2912 1879 suum
2953 1826 3333 1895 interrogando
3360 1843 3559 1897 cogno-

328 1927 544 1981 insitliis.
580 1927 645 1980 At
671 1925 761 1978 ille
788 1928 893 1976 ait:
928 1922 1066 1977 Nihil
1097 1936 1196 1991 ego
1226 1920 1383 1983 facio,
1416 1920 1509 1975 sed
1538 1919 1636 1989 ipsi
1665 1936 1723 1973 se
1751 1918 1883 1973 invi-

326 2036 434 2073 cem
491 2019 722 2073 turbant.
791 2015 922 2070 Nam
988 2031 1087 2084 ego
1148 2013 1466 2069 miserabilis
1521 2015 1693 2065 factus
1742 2028 1882 2066 sum.

336 2112 502 2179 Rogo,
523 2124 695 2163 nonne
721 2108 889 2177 legisti
917 2125 931 2161 :
960 2106 1091 2173 Quia
1114 2105 1424 2161 defecerunt
1449 2103 1647 2158 inimici
1672 2101 1888 2156 framea:

340 2203 391 2257 in
419 2204 600 2267 finem,
629 2211 679 2256 et
721 2201 954 2255 civitates
1002 2215 1186 2254 eorum
1219 2197 1528 2253 destruxisti
1560 2195 1733 2266 (Paul.
1765 2194 1886 2263 Ix)?

333 2293 415 2349 En
446 2294 648 2347 nullum
671 2293 772 2362 jam
799 2292 964 2346 habeo
991 2292 1187 2356 locum,
1222 2292 1416 2345 nullam
1435 2290 1682 2359 possideo
1707 2289 1890 2343 civita-

323 2396 451 2449 tem,
477 2385 595 2455 jam
627 2386 749 2439 mitti
777 2386 919 2438 nulla
951 2393 1076 2439 sunt
1099 2400 1245 2438 arma
1269 2400 1285 2437 :
1313 2399 1406 2450 per
1430 2398 1617 2437 omnes
1646 2382 1889 2435 nationes

319 2490 641 2548 cunctasque
668 2479 968 2548 provincias
996 2478 1197 2533 Christi
1230 2484 1480 2545 personat
1506 2490 1723 2537 nomen,
1755 2474 1887 2528 soli-

319 2570 526 2624 tudines
570 2586 785 2640 quoque
830 2570 1213 2625 monachorum
1262 2571 1527 2636 stipantur
1557 2567 1752 2621 choris.
1788 2565 1892 2634 Ipsi

323 2675 404 2725 se,
432 2675 630 2728 quaso,
664 2672 939 2725 tueantur,
966 2670 1021 2716 et
1049 2676 1133 2715 tne
1163 2664 1281 2715 sine
1306 2675 1463 2713 causa
1492 2675 1599 2713 non
1632 2659 1887 2713 lacerent.

324 2754 473 2808 Tunc
496 2770 593 2823 ego
625 2755 716 2810 Dei
745 2756 970 2825 gratiam
998 2769 1119 2809 cum
1151 2757 1423 2809 alacritate
1454 2752 1696 2819 miratus,
1729 2750 1808 2805 sic
1826 2749 1893 2804 ad

325 2860 441 2898 eum
468 2848 675 2899 locutus
714 2860 834 2900 sum
864 2846 1017 2901 :Nun
1055 2858 1159 2900 tute
1189 2846 1419 2905 veritati,
1449 2860 1566 2914 quae
1615 2844 1754 2896 nulla
1786 2851 1890 2907 est,

334 2944 437 2988 tam
469 2951 653 2990 novam
697 2948 753 2991 et
802 2949 908 2991 tant
964 2937 1251 2991 inauditam
1303 2935 1511 2990 ascribo
1552 2934 1894 2989 sententiam.

339 3027 463 3080 Nam
506 3043 614 3082 cum
669 3028 898 3084 fallaciae
953 3040 1113 3099 caput
1155 3030 1251 3094 sis,
1307 3028 1407 3083 hoc
1450 3029 1566 3084 sine
1614 3028 1895 3083 mendacio

333 3127 535 3175 coactus
571 3136 635 3176 es
667 3122 933 3175 conﬁteri.
968 3120 1102 3175 Vere
1140 3122 1281 3176 eniut
1326 3119 1480 3175 .lesus
1512 3130 1627 3173 tuas
1657 3117 1892 3173 funditus

1988 1914 2062 1966 vit
2091 1910 2272 1977 (Iosue
2302 1914 2387 1984 v);
2417 1931 2513 1971 nec
2540 1916 2813 1971 Danielem
2845 1929 3243 1987 percontantem
3274 1920 3438 1976 latere
3467 1936 3559 1990 po-

1989 2006 2086 2059 tuit
2118 2007 2363 2063 inimicus
2395 2009 2561 2079 (Dan.
2594 2012 2676 2076 ι).

2061 2100 2342 2169 Postquam
2374 2102 2870 2158 Antoniusdicendi
2901 2105 3057 2159 tinent
3083 2105 3226 2169 fecit,
3254 2108 3557 2161 laetantibus

1991 2190 2215 2255 cunctis,
2249 2193 2301 2245 in
2327 2192 2446 2247 aliis
2476 2194 2687 2247 virtutis
2712 2194 2905 2265 cupido
2929 2196 3333 2263 exardescebat,
3359 2199 3410 2252 in
3439 2199 3559 2251 aliis

1988 2278 2197 2334 inﬁrma
2228 2282 2566 2338 refovebatur
2592 2284 2742 2349 ﬁdes,
2774 2301 2843 2340 ex
2871 2288 3097 2341 aliorum
3123 2288 3386 2344 mentibu~
3412 2288 3561 2344 falsae

1989 2373 2268 2441 Opiniones
2293 2376 2643 2443 pellebantur,
2674 2392 2739 2432 ex
2767 2378 2995 2434 aliorum
3040 2383 3286 2435 sensibus
3325 2380 3558 2436 inanium

1996 2472 2258 2519 terrorum
2308 2467 2607 2535 pellebatur
2651 2469 2899 2525 accensio
2930 2486 2945 2523 :
2977 2471 3239 2540 simulque
3290 2473 3560 2538 universi,

1992 2573 2113 2611 cum
2138 2557 2248 2626 jam
2273 2560 2574 2613 daemonum
2595 2560 2816 2615 insidias
2840 2571 3265 2629 contemnerent,
3295 2564 3563 2619 miraban-

1994 2660 2079 2706 tur
2108 2652 2159 2706 in
2190 2656 2420 2709 Antonio
2447 2663 2643 2707 tantam
2676 2655 2898 2725 gratiam
2930 2655 3215 2723 spirituum
3257 2655 3564 2712 discernen-

1993 2742 2205 2809 dorunt,
2229 2762 2385 2813 quant
2420 2745 2640 2799 Domino
2665 2746 2930 2802 tribuente
2958 2760 3286 2817 perceperat.

2066 2837 2196 2893 CAP.
2230 2838 2462 2891 XX|.—-
2494 2840 2655 2892 Erant
2702 2838 2863 2909 igitur
2912 2839 2964 2893 in
3016 2852 3197 2895 monte
3240 2842 3565 2896 monasteria

1999 2943 2245 3001 tanquam
2292 2932 2630 2987 tabernacula
2658 2973 2672 2996 ,
2708 2934 2862 3002 plena
2893 2933 3088 2987 divinis
3117 2935 3300 2988 choris
3331 2934 3569 3001 psallen-

1999 3030 2127 3082 tium
2153 3025 2287 3096 (55),
2313 3026 2621 3095 legentium,
2643 3027 2938 3080 orantium:
2961 3036 3269 3096 tantumque
3291 3026 3581 3097 jejunandi

2000 3131 2055 3176 et
2083 3122 2379 3190 vigiliarum
2421 3121 2664 3174 ardorem
2711 3128 3026 3174 cunctorum
3081 3120 3347 3175 mentibus
3391 3136 3572 3174 sermo

320 3212 523 3265 submit
554 3212 721 3277 vires,
770 3223 823 3267 et
853 3212 1056 3266 honore
1085 3214 1311 3266 nudatus
1350 3212 1609 3282 angelico,
1641 3212 1895 3265 volutaris
1926 3198 1971 3261 C
2001 3217 2116 3283 ejus
2142 3216 2453 3274 amaverat,
2481 3224 2539 3268 ιιι
2566 3213 2755 3268 futura;
2781 3213 2896 3282 spei
2921 3214 3176 3267 aviditate
3201 3255 3218 3279 ,
3248 3215 3313 3266 ad
3343 3214 3572 3268 charita-

317 3303 369 3356 in
397 3304 670 3357 sordibus.
736 3305 964 3364 Vixdum
1023 3308 1182 3358 verba
1233 3305 1646 3372 compleveram,
1697 3311 1753 3357 et
1801 3302 1893 3358 ille

316 3397 532 3451 sublimi
583 3410 807 3464 aspectu
825 3397 1120 3452 Salvatoris
1143 3397 1509 3452 nominatione
1533 3394 1772 3465 deiectus
1794 3406 1892 3449 est.

385 3489 521 3555 Qua
550 3504 683 3560 etgo
704 3490 841 3559 jam,
881 3505 913 3542 ο
964 3489 1132 3556 ﬁlioli,
1169 3489 1364 3559 poterit
1411 3489 1645 3543 residere
1683 3498 1899 3542 cuncta-

313 3584 435 3639 tio?
488 3600 612 3652 quae
665 3582 951 3654 trepidatio
1004 3584 1238 3637 manebit
1287 3583 1546 3637 ulterius?
1606 3581 1737 3648 Quis
1801 3596 1903 3637 nos

313 3694 505 3732 eorum
534 3679 696 3733 turbo
726 3678 919 3745 poterit
947 3677 1284 3731 convellere?
1314 3676 1532 3731 Secura;
1565 3676 1672 3728 sint
1708 3673 1901 3729 animat

316 3776 699 3840 singulorum:
734 3788 838 3826 non
894 3772 993 3825 sibi
1041 3772 1203 3839 ﬁngat
1251 3785 1385 3823 vana
1446 3767 1698 3838 cogitatio
1753 3782 1889 3822 vana

321 3865 678 3928 discrimina;
718 3879 824 3917 non
877 3864 1068 3930 aliquis
1099 3863 1281 3916 timeat
1324 3876 1352 3914 a
1381 3860 1595 3916 diabolo
1632 3860 1900 3915 sublatum

320 3957 390 4011 ad
424 3958 720 4025 praecipitia
743 3973 801 4010 se
833 3971 987 4022 posse
1012 3952 1229 4009 deferri.
1257 3954 1491 4009 Pellatur
1520 3952 1694 4006 omnis
1721 3952 1903 4007 anxie-

323 4060 447 4115 tas;
482 4051 736 4103 Dominus
769 4051 931 4113 enim,
961 4048 1049 4119 qui
1078 4058 1291 4102 nostros
1312 4047 1589 4116 prostravit
1632 4046 1899 4111 inimicos,

313 4156 573 4207 manens,
608 4153 665 4195 ttt
706 4142 968 4207 promisit,
998 4141 1050 4195 in
1096 4141 1249 4194 nobis
1280 4140 1458 4208 (Joan.
1494 4142 1627 4208 xw),
1679 4154 1708 4192 a
1742 4138 1903 4191 variis

316 4251 424 4289 nos
447 4236 664 4291 Satanae
686 4236 909 4288 munivit
936 4233 1257 4288 incursibus.
1293 4232 1369 4285 En
1394 4232 1506 4300 ip~e
1524 4232 1786 4293 diabolus,
1814 4230 1905 4299 qui

319 4326 635 4396 huiusmodi
682 4342 809 4382 cum
855 4325 969 4381 suis
1025 4325 1342 4378 satellitibus
1396 4332 1611 4378 exercet
1660 4323 1902 4386 astutias,

314 4421 457 4473 nihil
492 4434 551 4473 se
582 4434 739 4488 posse
767 4432 952 4473 contra
985 4415 1320 4471 Christianos
1350 4414 1565 4470 fatetur.

399 4512 521 4565 Jam
554 4526 697 4564 curae
743 4509 1162 4565 Chrisﬁanorum
1210 4516 1265 4563 et
1310 4509 1692 4563 monachorum
1722 4507 1794 4562 sit
1838 4523 1905 4562 ne

2007 3318 2110 3362 tem
2142 3315 2374 3360 mutuam
2403 3315 2457 3360 et
2486 3304 2881 3359 misericordias
2916 3304 3273 3374 indigentibus
3311 3304 3575 3359 exhiben-

2003 3402 2101 3455 das
2134 3399 2245 3468 jugi
2278 3400 2455 3453 studio
2502 3398 2835 3461 laborarent,
2865 3398 2956 3467 qui
2994 3397 3252 3451 infinitam
3304 3398 3575 3468 regionem

2004 3496 2309 3564 quamdam,
2335 3503 2389 3549 et
2416 3495 2669 3563 oppidum
2699 3509 2729 3547 a
2757 3496 3021 3548 mundana
3047 3496 3457 3549 conversatione
3487 3508 3571 3545 se-

2004 3587 2279 3655 junctum,
2324 3586 2541 3656 plenum
2572 3586 2789 3656 pietatis
2813 3594 2867 3640 et
2891 3586 3111 3653 justitire
3150 3586 3468 3640 videbantur
3506 3587 3576 3640 in-

2003 3677 2200 3733 colere.
2231 3677 2359 3744 Quis
2389 3685 2594 3731 tantum
2625 3676 3004 3731 monachorum
3051 3693 3239 3748 agmen
3277 3678 3574 3745 aspiciens,

2003 3771 2123 3840 quis
2149 3771 2355 3826 virilem
2388 3771 2537 3824 illum
2564 3771 2865 3825 concordia:
2892 3780 3087 3826 coetum
3118 3786 3367 3837 cernens,
3397 3772 3450 3825 in
3473 3790 3579 3840 quo

2005 3862 2180 3917 nullus
2210 3877 2429 3930 nocens,
2463 3863 2608 3917 nulla
2636 3862 2896 3916 detractio
2916 3866 3239 3928 susurronis,
3274 3864 3370 3920 sed
3398 3866 3578 3918 inulti-

2006 3956 2135 4012 tudo
2161 3957 2537 4011 abstinentium
2564 3967 2620 4012 et
2650 3967 2927 4014 certamen
2966 3959 3266 4014 ofﬁciorum
3295 3969 3445 4025 erat,
3474 3975 3581 4014 non

2006 4048 2058 4101 in
2087 4048 2225 4103 hanc
2254 4050 2431 4102 statim
2457 4060 2767 4119 erumperet
2786 4066 2997 4105 vocem:
3024 4054 3191 4118 Quam
3216 4051 3370 4106 bonae
3393 4052 3584 4106 domus

2007 4147 2130 4203 true,
2156 4140 2350 4194 Jacob!
2379 4143 2712 4195 tabernacula
2745 4154 2853 4209 tua,
2875 4142 3058 4205 lsrael,
3084 4153 3337 4211 tanquam
3365 4161 3580 4198 nemora

2006 4232 2407 4297 obutnbrantia,
2438 4241 2688 4301 tanquam
2718 4234 2999 4300 paradisus
3024 4250 3187 4301 super
3220 4236 3437 4297 ﬁnvins.
3471 4246 3585 4304 tan,

2006 4340 2164 4393 quam
2199 4326 2539 4378 tabernacula
2567 4340 2685 4394 quae
2716 4326 2817 4378 ﬁxa
2848 4338 2973 4381 sunt
3000 4342 3029 4380 a
3063 4327 3310 4393 Domino,
3339 4338 3587 4397 tanquam

2007 4415 2152 4470 cedri
2177 4416 2316 4470 circa
2347 4430 2512 4485 aquas
2538 4416 2726 4486 (Num.
2752 4420 2931 4489 XXIV)!

2079 4514 2208 4567 Car.
2242 4511 2406 4567 XXII.
2447 4541 2518 4553 --
2556 4513 2689 4566 Dum
2737 4515 2848 4568 haec
2888 4514 2961 4567 ita
2999 4524 3272 4582 geruntur,
3315 4515 3507 4581 quibus
3536 4515 3586 4567 in

315 4619 423 4671 per
453 4619 643 4658 eorum
690 4604 932 4657 inertiam
980 4604 1121 4658 vires
1163 4600 1497 4657 daemonibus
1543 4603 1899 4672 praebeantur.
1934 4591 2120 4661 Ddies
2152 4606 2323 4665 beata,-
2356 4606 2478 4660 νὶιω
2519 4605 2750 4659 studium
2784 4615 3089 4670 cresceret,
3127 4605 3389 4660 Αηιοηίυε
3436 4620 3588 4657 man-

315 4697 461 4750 Nam
493 4696 678 4763 quales
720 4709 818 4748 nos
847 4703 901 4748 et
938 4705 1149 4749 nostras
1194 4695 1491 4762 repererint
1531 4694 1903 4765 cogitationes,

318 4789 463 4843 tales
492 4803 551 4840 se
593 4786 748 4840 nobis
778 4798 1031 4853 prtcstare
1077 4798 1489 4841 consueverunt.
1520 4786 1585 4840 Et
1613 4788 1656 4841 si
1685 4787 1825 4855 quod
1855 4787 1905 4840 itt

317 4879 643 4945 pectoribus
672 4879 823 4931 mala:
854 4878 1046 4932 mentis
1069 4888 1120 4933 et
1145 4884 1353 4946 pavoris
1373 4894 1555 4933 semen
1587 4880 1905 4945 invenerint,

313 4972 489 5039 quasi
537 4974 790 5036 latrones,
845 4973 934 5039 qui
973 4971 1185 5027 deserta
1232 4972 1472 5027 obtinent
1518 4973 1656 5037 loca,
1703 4981 1909 5042 emptos

312 5068 613 5117 cumulant
636 5063 879 5127 timores,
927 5072 980 5116 et
1021 5063 1310 5119 crudeliter
1339 5064 1699 5128 imminentes,
1732 5065 1910 5119 infeli-

308 5172 447 5209 cwn
480 5159 706 5226 puniunt
731 5159 985 5211 animam.
1012 5155 1116 5226 [‘7
1146 5155 1198 5210 Si
1226 5166 1399 5210 autem
1423 5155 1628 5211 alacres
1659 5158 1909 5211 fuerimus

310 5249 384 5300 in
418 5249 667 5309 Domino.
701 5258 755 5303 et
784 5248 1080 5302 futurorum
1123 5248 1379 5301 bonorum
1413 5248 1606 5315 cupido
1644 5262 1743 5302 nos
1789 5263 1911 5303 suc-

308 5341 615 5406 cenderit;
653 5344 696 5394 si
737 5357 950 5410 semper
979 5342 1152 5395 omnia
1197 5344 1438 5397 manibus
1482 5344 1574 5397 Dei
1607 5346 1910 5398 committa-

313 5451 494 5497 mus,
552 5435 730 5488 nullns
776 5435 1078 5488 dtemonum
1133 5434 1197 5487 ad
1250 5436 1658 5503 expugnandum
1714 5436 1911 5490 valebit

308 5527 633 5589 accedere;
666 5525 831 5594 magis
855 5528 1021 5594 enim,
1050 5541 1169 5580 cum
1196 5528 1395 5579 munita
1434 5526 1484 5579 in
1514 5526 1728 5581 Christo
1752 5536 1911 5582 corda

308 5617 741 5686 conspexerint,
770 5617 975 5672 confusi
1024 5628 1381 5673 revertentur.
1421 5619 1493 5672 Ita
1530 5628 1583 5672 et
1613 5620 1715 5673 Job
1739 5620 1914 5673 firma-

316 5723 457 5765 tum
510 5713 565 5765 in
616 5709 840 5765 Domino
864 5711 1104 5765 diabolus
1137 5712 1357 5781 refugit;
1390 5723 1444 5767 et
1490 5712 1911 5768 infelicissimum

315 5804 542 5859 ludam
592 5803 947 5872 etSpoliatum
1003 5806 1133 5872 ﬁde,
1187 5805 1408 5864 vinculis
1457 5806 1775 5873 captivitatis
1836 5812 1914 5863 itt-

2009 4701 2220 4753 sionum
2285 4698 2337 4751 in
2396 4697 2535 4752 caelo
2594 4697 2885 4764 positarum
2950 4698 3277 4762 recordans,
3336 4707 3390 4751 et
3456 4713 3589 4766 prae-

2010 4790 2175 4843 sentis
2236 4791 2361 4842 vita:
2426 4787 2726 4856 despiciens
2796 4788 3106 4844 inanitatem
3141 4829 3158 4855 ,
3215 4791 3367 4857 quasi
3429 4804 3589 4857 parva

2012 4891 2189 4937 essent
2218 4897 2549 4951 quacunque
2573 4882 2683 4951 jam
2710 4892 2975 4952 gesserat,
3022 4895 3301 4952 separatus
3343 4899 3372 4938 a
3413 4887 3589 4938 fratri-

2012 4977 2110 5029 bus
2162 4975 2558 5029 instituebatur.
2611 4976 2852 5044 Cumque
2897 4992 3018 5030 eum
3069 4976 3184 5031 sive
3238 4977 3414 5031 cibum
3474 4979 3588 5034 sive

2016 5082 2261 5120 somnum
2293 5067 2568 5135 indulgere
2592 5066 2911 5132 corpusculo
2937 5108 2950 5132 ,
2981 5076 3073 5120 aut
3100 5067 3231 5121 alias
3259 5079 3461 5121 natura:
3488 5084 3585 5123 ue-

2017 5157 2294 5213 cessitates
2314 5200 2331 5226 ,
2362 5168 2579 5229 cogeret
2608 5158 2834 5212 humana
2861 5160 3125 5221 conditio,
3156 5176 3291 5214 miro
3317 5163 3588 5214 ai‘ticieba-
3610 5226 3623 5239 κ

2019 5262 2105 5305 tur
2132 5252 2364 5319 pudore,
2396 5251 2537 5319 quod
2583 5260 2782 5303 tantam
2814 5255 3006 5305 animae
3046 5254 3341 5307 libertatem
3389 5257 3587 5308 modici

2019 5346 2192 5398 carnis
2221 5345 2431 5397 termini
2456 5352 2785 5397 citercerent.
2815 5343 2944 5398 Nam
2978 5346 3282 5414 frequenter
3311 5361 3432 5400 cum
3480 5348 3583 5400 fra-

2021 5442 2187 5495 tribus
2225 5439 2450 5505 sedens,
2474 5454 2500 5491 a
2529 5438 2649 5493 cibo
2677 5439 2761 5492 cui
2789 5436 2964 5493 fuerat
2989 5443 3265 5509 appositus
3284 5482 3297 5502 ,
3331 5442 3591 5494 memoria

2016 5548 2153 5587 esc:e
2176 5528 2491 5600 spiritualis,
2517 5516 2943 5583 abstrahebatur.
2965 5530 3168 5582 Edebat
3191 5544 3385 5595 tamen,
3406 5539 3592 5597 utpote

2018 5625 2197 5686 homo,
2225 5636 2369 5689 saepe
2395 5622 2571 5685 solus,
2604 5636 2747 5689 saepe
2774 5635 2893 5673 cum
2928 5620 3199 5673 fratribus.
3238 5622 3303 5673 Et
3325 5634 3445 5673 cum
3474 5621 3591 5673 haec

2020 5719 2150 5769 mira
2183 5718 2262 5782 (nt
2289 5713 2529 5783 praedixi)
2560 5722 2771 5781 ageret,
2799 5728 2919 5766 cum
2942 5712 3257 5764 confusione
3278 5712 3468 5763 animat
3496 5709 3585 5761 ad-

2022 5809 2302 5865 hibendam
2344 5820 2667 5873 magnopere
2704 5804 2911 5867 corpori
2946 5803 3272 5865 diligentiam
3306 5800 3592 5853 persuade-
