4002 6248
452 346 552 411 N7

1502 351 1589 412 DE
1632 354 1806 410 VITIS
1848 349 2127 408 l’ATllCM
2167 347 2368 404 LIBER
2401 348 2673 406 PRIMUS.

3584 351 3680 410 1δὸ

452 466 543 522 bat
584 468 789 537 dicens,
818 486 915 527 nec
944 484 1140 541 corpus
1169 485 1289 526 esse
1316 470 1524 539 penizus
1553 468 1881 524 euecandum
1906 507 1919 527 .
1951 478 2016 519 ne
2044 480 2091 539 Α
2124 462 2433 530 praepositus
2458 461 2595 529 (59),
2626 460 2776 529 cujus
2802 460 2905 515 lilia
2930 454 3187 517 immundi
3222 465 3434 532 spiritus
3466 462 3684 521 Infesta.

449 562 687 626 operatio
709 572 895 619 contra
921 564 1246 639 voluntatem
1279 565 1552 619 Creatoris
1586 563 2004 625 dissolveretur;

449 663 499 702 et
530 667 627 706 nec
655 652 724 708 ob
747 655 795 707 id
818 670 977 711 omne
1005 658 1237 710 studium
1268 658 1460 712 animae
1495 658 1872 711 conferendum
1893 698 1908 720 ,
1945 672 2012 713 ne

449 742 589 796 vitiis
620 757 861 811 superata
885 750 1175 815 corporeis,
1203 750 1265 801 ad
1297 758 1520 804 :ctcrnas
1546 749 1738 804 inferni
1764 750 2012 804 tenebras

449 837 776 905 truderetur;
799 842 1036 908 quinimo
1063 842 1318 897 indultmn
1345 844 1443 897 sibi
1475 845 1526 897 in
1548 859 1708 897 carne
1731 844 2011 911 imperium

447 929 747 997 vindicans,
796 934 1116 990 domicilium
1170 951 1348 1003 suum,
1389 947 1447 992 ut
1499 939 1765 1008 apostolus
1814 938 2011 993 Paulus

448 1021 531 1091 (ΙΙ
566 1024 686 1080 Cor.
710 1028 837 1096 xu),
871 1030 934 1081 ad
961 1031 1170 1085 tertium
1200 1032 1393 1086 coelum
1432 1033 1756 1087 sublevaret.
1786 1034 2011 1087 Assere-

447 1116 639 1185 balq‘ue
689 1119 787 1171 hoc
836 1135 864 1173 a
911 1121 1188 1177 Salvatore
1240 1134 1586 1190 praeceptum,
1638 1126 1687 1178 in
1738 1139 1842 1194 quo
1889 1125 2009 1177 ait:

446 1203 617 1261 Nolite
647 1210 856 1264 solliciti
887 1227 1006 1266 esse
1053 1214 1241 1268 animat
1270 1224 1462 1269 vestra}
1502 1214 1626 1283 quid
1670 1216 2000 1270 manducetis

447 1308 531 1351 aut
565 1298 686 1366 quid
720 1299 942 1367 bibatis,
975 1318 1073 1357 nec
1118 1305 1330 1371 corpori
1372 1305 1496 1374 quid
1527 1304 1856 1371 vestiamini,
1888 1305 2009 1373 quia

448 1385 558 1440 haec
578 1399 765 1455 gentes
792 1402 1067 1458 qu:crunt;
1101 1403 1279 1448 vester
1302 1405 1478 1449 autem
1507 1395 1665 1449 Pater
1694 1393 1839 1447 novit
1868 1392 2009 1462 quod

444 1477 689 1548 indigetis
722 1479 803 1535 his
823 1483 1089 1538 omnibus.
1114 1486 1347 1551 Quaerite
1375 1502 1503 1555 ergo
1526 1486 1753 1555 primum
1789 1501 2008 1554 regnum

445 1575 534 1626 llei
566 1583 620 1629 et
643 1576 901 1643 justitiam
925 1580 1060 1649 ejus,
1088 1590 1142 1637 et
1171 1582 1285 1636 haec
1313 1584 1488 1638 omnia
1512 1582 1834 1654 adjicientur
1864 1583 2012 1639 vobis

445 1661 655 1727 lJlatllt.
689 1667 783 1736 v1).

513 1754 639 1807 Cap.
672 1754 861 1810 XXIII.
889 1788 960 1798 -—
982 1758 1071 1813 llis
1100 1760 1257 1816 rebus
1288 1764 1582 1827 transactis,
1614 1780 1734 1818 cum
1768 1778 2015 1830 persecu-

2116 557 2349 611 tionibus
2374 557 2729 626 quatiebatur,
2769 558 2986 623 pulsans
3034 558 3228 612 ostium
3255 559 3601 623 obsecrabat,
3631 571 3684 617 ut

2118 665 2216 704 suo
2262 649 2466 720 pignori
2513 649 2848 711 subveniret,
2900 659 2955 703 et
2994 650 3221 716 exiens,
3255 651 3416 704 Deum
3448 667 3552 719 pro
3582 652 3680 705 lilia

2116 751 2440 810 precaretur.
2473 742 2606 795 'l'um
2633 740 2720 795 ille
2740 741 2948 810 aperire
2978 742 3189 809 quidem
3228 741 3445 796 minime
3476 743 3639 796 voluit
3665 760 3677 796 :

2116 832 2441 901 prosniciens
2468 830 2594 886 vero
2638 830 2891 898 desuper,
2916 832 3030 885 ait:
3061 832 3104 887 Ο
3136 832 3327 898 homo,
3352 834 3479 900 quid
3512 849 3680 889 meum

2115 923 2293 991 poscis
2323 921 2616 975 auxilium?
2650 921 2893 977 mortalis
2920 931 2976 977 et
3004 938 3102 991 ego
3131 937 3269 986 sum,
3301 931 3352 976 et
3385 935 3486 977 tuae
3512 924 3684 978 socius

2114 1015 2443 1086 fragilitatis;
2475 1016 2519 1069 si
2548 1025 2723 1069 autem
2751 1016 2929 1071 credis
2971 1016 3023 1071 in
3061 1017 3330 1071 Christum
3351 1058 3365 1082 ,
3395 1019 3475 1072 cui
3502 1018 3685 1073 deser-

2114 1110 2219 1173 vio,
2267 1109 2421 1171 vade,
2459 1118 2513 1161 et
2544 1108 2837 1161 secundum
2892 1109 3047 1164 fidem
3097 1120 3238 1164 tuam
3267 1125 3363 1163 ora
3410 1110 3683 1175 Deum,et

2113 1199 2380 1253 sanabitur
2410 1199 2512 1251 tilia
2544 1207 2651 1252 tua.
2685 1197 2977 1254 Confestim
3026 1200 3116 1254 ille
3168 1204 3393 1255 credens
3432 1201 3587 1265 abiit;
3626 1212 3680 1257 et

2114 1290 2354 1344 invocato
2382 1288 2506 1343 Jesu
2531 1331 2545 1353 ,
2578 1289 2743 1343 filiam
2795 1290 3008 1345 reduxit
3056 1292 3399 1347 incolumem.
3432 1293 3589 1347 Multa
3629 1305 3685 1351 et

2113 1381 2213 1434 alia
2242 1379 2504 1434 mirabilia
2556 1396 2649 1448 per
2699 1380 2845 1434 illum
2898 1381 3153 1437 Dominus
3198 1394 3445 1451 operatus
3481 1394 3597 1453 est,
3632 1398 3686 1443 et

2115 1473 2333 1537 merito;
2378 1473 2465 1542 qui
2494 1475 2633 1525 enim
2686 1474 2926 1542 promisit
2972 1475 3023 1528 in
3066 1475 3375 1546 Evangelio,
3412 1472 3605 1541 Potite,
3634 1490 3686 1534 et

2113 1564 2323 1619 dabitur
2349 1564 2502 1619 vobis
2527 1563 2740 1633 (Matth.
2773 1566 2903 1635 vn),
2934 1566 3151 1621 invento
3191 1568 3279 1635 qui
3319 1568 3435 1636 ejus
3466 1571 3685 1638 gratiam

2114 1666 2411 1712 mereretur
2457 1656 2731 1724 accipere,
2764 1671 2912 1710 suam
2960 1657 3248 1723 potentiam
3303 1673 3407 1711 non
3456 1660 3685 1729 negavit.

2116 1752 2247 1807 Nam
2267 1753 2443 1822 plures
2458 1762 2765 1807 vexatorum
2789 1762 2916 1806 ante
2937 1755 3316 1808 monasterium
3342 1753 3480 1821 ejus,
3507 1753 3689 1808 clauso

446 1843 517 1895 tio
545 1844 851 1914 ittipiissima
878 1850 1174 1906 Muimiani
1209 1853 1324 1923 (54)
1349 1853 1528 1910 fumre
1554 1871 1749 1909 vesano
1780 1861 2011 1909 νδμιπει
2041 1840 2087 1899 Β
2116 1845 2332 1900 introitu
2353 1884 2370 1912 ,
2398 1846 2722 1900 dormientes
2741 1885 2755 1908 ,
2785 1845 3032 1900 Iidelibus
3058 1860 3150 1914 per
3175 1861 3295 1899 eum
3326 1846 3389 1899 ad
3417 1845 3683 1901 Christum

447 1933 770 2000 Ecclesium,
803 1943 1003 1997 sanctis
1028 1958 1240 2013 quoque
1271 1947 1588 2016 martyribus
1632 1947 2004 2001 Alexandriam

446 2027 729 2091 pcrduclis,
763 2032 949 2087 relicto
976 2044 1029 2086 et
1057 2034 1168 2103 ipse
1199 2039 1520 2091 monasterio
1548 2047 1762 2091 secutus
1806 2046 1889 2092 est
1927 2036 2009 2090 fu-

447 2128 594 2171 turas
621 2118 817 2175 Christi
853 2124 1112 2188 virtimas,
1143 2126 1326 2181 dicens
1354 2146 1366 2182 :
1400 2129 1687 2196 Pergamus
1715 2130 1779 2182 ad
1812 2130 2009 2198 glorio-

444 2226 534 2265 sns
564 2211 783 2268 fratrum
827 2218 1119 2284 triumphos
1141 2261 1155 2283 ,
1196 2229 1288 2273 aut
1331 2222 1429 2287 ipsi
1457 2223 1884 2290 congrediamur,
1916 2231 2010 2278 aut

445 2312 743 2369 spectemus
790 2306 922 2361 alios
962 2310 1280 2376 przeliantes.
1314 2312 1378 2364 Et
1419 2326 1599 2367 amore
1641 2314 1852 2381 quidem
1896 2312 2009 2382 jam

447 2403 651 2463 martyr
679 2404 814 2459 erat,
850 2397 945 2450 sed
974 2413 1094 2451 cum
1130 2400 1340 2455 tradere
1369 2417 1430 2456 se
1470 2403 1610 2457 ultro
1640 2419 1745 2457 non
1772 2404 2009 2469 valeret,

447 2492 501 2535 et
528 2484 718 2537 sociari
747 2486 1140 2542 confessoribus
1175 2490 1227 2543 in
1261 2494 1485 2546 metallis
1516 2494 1597 2547 vel
1630 2494 1681 2547 in
1709 2494 2012 2548 carceribus

446 2577 767 2637 constitutis,
798 2593 981 2648 magna
1011 2596 1129 2633 cum
1161 2580 1405 2638 libertate
1448 2594 1501 2639 et
1542 2600 1665 2639 cura
1710 2586 2011 2654 ingrediens

446 2667 511 2718 ad
535 2664 788 2735 judicent,
822 2670 1219 2737 exhortabatur,
1248 2689 1314 2729 ne
1345 2685 1546 2730 terrore
1578 2676 1858 2744 impiorum
1881 2675 2011 2729 sub-

449 2760 574 2821 acti,
598 2756 874 2813 Dominmn
905 2774 1175 2827 negarent.
1198 2764 1421 2836 Jamque
1440 2767 1704 2820 sententia
1730 2777 2011 2821 coronatos

449 2847 739 2915 exsultans,
772 2853 924 2920 quasi
951 2853 1064 2921 ipse
1093 2854 1326 2920 vicisset,
1360 2871 1525 2924 usque
1551 2856 1618 2909 ad
1649 2858 1818 2909 locum
1844 2856 2013 2911 felicis

451 2941 718 3010 sanguinis
758 2945 1193 3015 prosequebatur.
1225 2945 1578 3014 Quamobrem
1610 2957 1783 3001 motus
1814 2947 2014 3016 judex,

452 3037 521 3088 ob
551 3039 764 3092 Antonii
792 3042 1164 3110 sociorumque
1190 3041 1305 3111 ejus
1342 3043 1695 3099 constantiam
1720 3083 1735 3106 ,
1764 3043 2017 3110 praecepit

452 3127 651 3183 nullum
685 3131 890 3198 penitus
916 3135 1292 3187 monachorum
1315 3143 1405 3189 aut
1430 3134 1714 3189 observare
1733 3134 2013 3203 judicium,

2110 1935 2354 2005 precibus
2385 1934 2723 1989 curabantur.
2769 1936 2890 1990 Ilasc
2920 1935 2995 1989 illi
3024 1935 3305 1989 multitudo
3337 1935 3675 1999 venientium,

2108 2023 2459 2080 desideratam
2489 2024 2828 2079 solitudinem
2857 2023 3128 2089 auferens,
3159 2025 3315 2078 tredio
3338 2026 3448 2077 luit.

2179 2114 2419 2170 Metuens
2447 2117 2624 2184 itaque
2654 2132 2721 2170 ne
2749 2118 3020 2186 signorum
3050 2116 3267 2182 copiosa
3295 2115 3570 2170 concessio
3591 2123 3685 2170 aut

2109 2219 2234 2260 suos
2272 2207 2478 2259 animos
2509 2206 2826 2270 extolleret,
2864 2215 2953 2260 aut
3000 2206 3136 2259 alios
3186 2206 3303 2274 plus
3332 2205 3400 2259 de
3437 2220 3498 2259 se
3526 2221 3685 2275 quam

2110 2295 2362 2350 videbant
2393 2298 2443 2349 in
2476 2296 2593 2365 ipso
2637 2308 2852 2367 cogeret
2896 2296 3196 2362 aestimare,
3241 2297 3307 2350 ad
3354 2298 3686 2364 superiorem

2113 2386 2436 2441 Thebaidem
2466 2394 2686 2457 pergere
2714 2386 2999 2457 cogitavit,
3044 2389 3128 2442 ubi
3158 2389 3329 2442 nullus
3351 2404 3473 2442 eum
3514 2403 3688 2458 agno-

2112 2489 2303 2532 sceret.
2333 2479 2396 2532 Et
2416 2494 2445 2532 a
2471 2476 2724 2532 fratribus
2745 2481 2978 2546 acceptis
3006 2479 3242 2548 panibus,
3273 2478 3496 2532 sedebat
3519 2493 3685 2547 super

2114 2568 2344 2622 fluminis
2373 2570 2559 2636 ripam,
2593 2570 2871 2623 transitum
2899 2570 3052 2624 navis
3083 2569 3396 2624 observans.
3430 2567 3523 2622 Illo
3555 2568 3684 2624 talia

2114 2661 2399 2729 cogitante.
2429 2676 2533 2713 vox
2580 2660 2643 2711 ad
2694 2675 2815 2714 eum
2866 2660 3094 2727 desuper
3140 2659 3270 2713 facta
3311 2670 3422 2725 est,
3451 2659 3635 2714 dicens
3661 2676 3680 2713 :

2117 2753 2328 2812 Antoni.
2356 2768 2459 2821 quo
2483 2754 2676 2820 pergis,
2702 2762 2756 2805 et
2783 2755 2984 2822 quare?
3007 2756 3075 2808 At
3099 2754 3186 2807 ille
3210 2754 3499 2822 intrepide,
3530 2753 3686 2823 quasi

2117 2854 2422 2899 consuetam
2471 2858 2652 2897 vocem
2704 2844 2966 2911 loquentis
3013 2854 3328 2913 agnosceret
3362 2845 3683 2913 respondit:

2118 2938 2376 3003 Quoniam
2405 2951 2511 2989 non
2542 2937 2724 2990 sinunt
2750 2951 2833 2990 me
2860 2937 3139 3005 quiescere
3164 2936 3361 3005 papuli,
3388 2936 3588 2995 idcirco
3617 2935 3690 2993 ad

2118 3027 2449 3095 superiorem
2478 3028 2802 3082 Thebaidem
2828 3029 2903 3080 ire
2929 3029 3186 3095 optimum
3210 3027 3365 3093 duxi;
3398 3028 3688 3095 praecipue,

2119 3104 2257 3190 quia
2290 3135 2357 3176 ea
2401 3120 2587 3189 exigor
2616 3135 2733 3187 qua:
2764 3122 3009 3173 virtutem
3060 3135 3191 3173 mea:
3240 3120 3690 3188 pnsillanimitatil

453 3230 544 3275 aut
572 3222 624 3276 in
652 3225 866 3280 civitate
893 3227 1115 3283 versari.
1147 3227 1214 3280 Et
1253 3227 1461 3281 cmteris
1509 3227 1725 3295 quidem
1774 3229 2021 3282 omnibus
2047 3229 2094 3290 C
2123 3212 2404 3268 θηθάυηιο
2436 3213 2499 3266 Et
2526 3227 2626 3265 νοκ
2656 3212 2721 3265 ad
2752 3212 2899 3265 illum
2927 3214 2997 3265 ³⁵³
3025 3230 3038 3266 ³
3064 3211 3119 3267 Si
3149 3212 3212 3266 ad
3240 3211 3568 3266 Thebaidem
3594 3226 3687 3265 '3'

454 3316 506 3365 in
533 3313 621 3368 illa
648 3314 734 3369 die
762 3317 957 3384 placuit
985 3318 1271 3383 abscondi;
1300 3318 1560 3373 Antonius
1586 3330 1764 3373 autem
1798 3320 2020 3387 impavi-

453 3416 574 3473 ilus,
607 3410 847 3476 neglecto
879 3411 1234 3479 persecutoris
1266 3413 1489 3479 imperio
1517 3455 1531 3476 ,
1564 3413 1690 3466 lavit
1715 3413 2017 3484 ‘ependyten

454 3517 607 3555 suum
650 3500 789 3573 (55).
844 3505 907 3556 Et
948 3506 1051 3558 alia
1097 3507 1214 3568 die,
1238 3515 1384 3559 stans
1415 3506 1467 3560 in
1498 3506 1727 3575 quodam
1761 3506 2017 3562 eminenti

454 3593 590 3659 luco,
618 3591 727 3665 48
748 3596 1007 3651 candente
1037 3598 1348 3665 pra-cinctus
1380 3607 1527 3653 veste
1555 3598 1692 3671 (56),
1725 3598 2019 3668 proceden-

454 3694 556 3738 tem
583 3685 815 3754 judicem
843 3702 940 3741 suo
971 3689 1290 3756 provocabat
1318 3700 1533 3759 aSpectu
1560 3733 1575 3758 ,
1604 3691 1835 3761 flagrans
1873 3690 2018 3760 cupi-

450 3776 617 3832 ditate
646 3781 883 3849 martyrii
906 3797 919 3845 ;
944 3781 1363 3851 ostendebatque
1391 3784 1569 3851 nobis,
1592 3793 2018 3852 contemptorem

452 3885 726 3938 pmnarum
755 3885 808 3928 et
836 3874 1023 3930 mortis
1052 3876 1103 3929 in
1132 3874 1447 3931 Christianis
1489 3878 1727 3931 animum
1769 3891 2019 3947 perseve-

451 3977 573 4014 rare
610 3961 823 4025 debere,
851 3964 1136 4028 intantum,
1161 3974 1219 4019 ut
1244 3968 1649 4021 contristaretur
1672 3968 1794 4036 quia
1822 3970 2019 4022 volenti

454 4052 557 4117 pati
601 4066 695 4119 pro
744 4052 832 4107 Dei
860 4054 1074 4109 nomine
1112 4059 1422 4128 martyrium
1472 4074 1575 4111 non
1621 4059 1865 4113 dabatur.
1912 4057 2018 4113 Sed

454 4141 706 4197 Dominus
731 4144 817 4215 qui
847 4160 944 4201 suo
969 4148 1116 4215 gregi
1145 4148 1413 4215 parcebat,
1447 4152 1755 4218 magistrum
1788 4151 2022 4206 servavit

450 4235 771 4305 Antonium,
820 4244 878 4291 ut
928 4238 1223 4293 institutum
1256 4239 1437 4311 (sicuti
1464 4237 1662 4295 factum
1692 4248 1799 4309 est)
1830 4256 2019 4296 mona-

448 4328 670 4383 chorum
691 4342 797 4387 non
820 4330 990 4383 solum
1014 4333 1256 4386 oratione
1277 4333 1417 4400 ejus,
1446 4333 1540 4387 sed
1565 4342 1620 4386 et
1646 4334 2022 4402 conspectibus

449 4421 766 4475 firmaretur.
799 4421 1076 4492 Nunquam
1119 4433 1295 4478 tamen
1330 4440 1360 4477 a
1389 4432 1696 4479 sanctorum
1741 4426 2019 4482 confesso-

447 4528 566 4567 ruin
598 4513 832 4584 vestigiis
857 4527 1133 4583 separatus
1174 4526 1289 4580 est,
1332 4517 1493 4586 quin,
1539 4519 1697 4573 anxia
1740 4518 1881 4575 circa
1927 4534 2020 4575 eos

2123 3303 2305 3368 das,et
2324 3303 2389 3356 ad
2414 3302 2690 3369 pastoralia
2711 3302 2846 3369 (60),
2872 3310 2927 3355 ut
2946 3301 3168 3370 cogitas,
3195 3316 3405 3371 pergas,
3431 3302 3682 3371 majorem

2122 3408 2184 3447 ac
2210 3393 2473 3463 duplicem
2494 3393 2779 3448 sustinebis
2804 3392 3056 3447 laborem.
3083 3393 3139 3447 Si
3170 3402 3347 3446 autem
3377 3407 3509 3447 vere
3536 3392 3673 3461 quie-

2122 3499 2274 3541 scere
2299 3486 2450 3551 cupis
2472 3524 2490 3551 ,
2521 3483 2655 3538 vade
2682 3499 2821 3537 nunc
2849 3484 2914 3536 ad
2946 3484 3168 3537 interius
3204 3480 3504 3538 desertum.
3532 3481 3683 3535 Cum-

2090 3608 2093 3613 ι
2121 3591 2226 3646 que
2246 3576 2506 3629 Antonius
2530 3574 2726 3629 diceret
2749 3592 2763 3627 :
2787 3574 2917 3641 Quis
2941 3573 3068 3627 mibi
3092 3573 3263 3628 locum
3292 3573 3468 3626 avium
3494 3572 3689 3641 poterit

2122 3665 2425 3730 ostendere,
2459 3666 2671 3735 ignarus
2694 3666 2835 3719 enim
2866 3679 2984 3719 sum
3012 3664 3289 3719 locorum?
3316 3665 3605 3719 confestim
3636 3664 3684 3718 ei

2121 3763 2209 3830 qui
2254 3761 2565 3829 loquebatur
2611 3759 2902 3813 Saracenos
2952 3757 3223 3823 indicavit,
3273 3758 3363 3828 qui
3410 3756 3684 3813 mercandi

2122 3849 2287 3922 gratia
2311 3850 2377 3903 ad
2407 3849 2692 3920 Egyptnm
2722 3851 2903 3903 venire
2927 3860 3336 3904 consueverant.
3371 3848 3465 3903 llis
3492 3864 3686 3918 appro-

2123 3944 2382 4013 pinquans
2408 3941 2685 4003 Antonius,
2718 3940 2921 4009 rogavit
2951 3950 3009 3994 ut
3032 3956 3093 3994 se
3125 3942 3326 4009 pariter
3359 3941 3683 3997 abducerent

2122 4040 2176 4092 in
2205 4040 2498 4093 desertum.
2527 4034 2712 4090 Nullus
2736 4035 2956 4091 obnisus
2982 4046 3095 4099 est,
3125 4037 3220 4091 sed
3249 4046 3489 4106 tanquam
3518 4050 3544 4086 a
3570 4033 3683 4087 Deo

2122 4132 2343 4187 missum
2370 4131 2618 4187 comitem
2647 4129 3023 4200 suscipientes,
3054 4129 3287 4200 amplexi
3317 4138 3436 4184 sunt
3462 4125 3576 4196 ejus
3598 4140 3683 4180 so—

2120 4226 2391 4281 cietatem.

2190 4335 2383 4391 Tribus
2405 4346 2579 4391 autem
2607 4335 2795 4391 diebus
2823 4345 2879 4390 et
2908 4336 3149 4391 noctibus
3181 4336 3372 4391 itinere
3395 4351 3495 4389 con
3509 4334 3680 4401 lecto,

2121 4428 2322 4483 invenit
2346 4438 2576 4483 montem
2600 4427 2717 4499 (6|)
2738 4427 2893 4484 valde
2911 4429 3203 4487 excelsum.
3221 4429 3285 4481 ad
3305 4427 3461 4496 cujus
3481 4426 3693 4481 radices

2122 4522 2242 4577 fons
2262 4537 2413 4594 aqua:
2441 4523 2610 4578 dulcis
2640 4523 2929 4588 labebatur,
2956 4534 3010 4580 et
3036 4540 3251 4594 campus
3278 4525 3417 4577 haud
3462 4538 3689 4589 magnus

448 4622 575 4661 cura
604 4617 657 4660 et
681 4608 951 4664 cbaritatis
980 4610 1204 4664 viui-olis
1232 4611 1533 4681 colligatus.
1559 4613 1726 4683 magis
1744 4626 2012 4668 carcerem
2046 4594 2094 4652 Ῑ)
2124 4625 2291 4670 totum
2320 4616 2560 4672 ambiens
2589 4626 2843 4680 montem,
2868 4618 2956 4686 qui
2986 4619 3177 4687 palmis
3200 4617 3495 4686 perpaucis,
3520 4626 3574 4669 et
3605 4618 3692 4668 bis

450 4699 748 4768 patiebatur
793 4700 1059 4755 exclusus.
1095 4700 1377 4768 Postquam
1410 4712 1587 4757 autem
1632 4703 2018 4771 persecutionis

449 4792 605 4848 turbo
645 4792 964 4859 defluxerat,
1000 4804 1053 4848 et
1094 4798 1250 4851 beato
1297 4799 1547 4863 episcopo
1601 4798 1903 4867 Petrojam
1949 4800 2018 4852 ob

450 4886 686 4956 martyrii
717 4887 938 4955 gloriam
963 4896 1219 4942 coronato
1249 4887 1390 4961 (57),
1418 4891 1483 4943 ad
1514 4891 1791 4958 priStinum
1826 4907 2016 4945 mona-

447 4977 667 5031 sterium
697 4994 971 5045 regressus
993 5020 1009 5045 ,
1037 4981 1406 5050 quotidianutn
1436 4982 1559 5036 fidei
1584 4998 1647 5036 ac
1675 4985 2015 5038 conscientia:

449 5070 758 5140 martyrium
787 5073 1107 5137 merebatur,
1139 5073 1435 5127 acrioribus
1463 5088 1521 5127 se
1546 5074 1766 5143 jejuniis
1792 5075 2017 5145 vigiliis-

443 5174 549 5227 que
571 5159 857 5214 conficiens
882 5161 1019 5231 (58).
1051 5164 1373 5218 veSIimento
1414 5162 1627 5227 cilicino
1655 5163 1978 5218 intrinsecus
1999 5205 2014 5228 ,

444 5256 678 5320 desuper
702 5254 915 5321 pellicio
959 5257 1221 5319 utebatur,
1255 5271 1520 5324 nunquam
1563 5271 1756 5324 corpus
1788 5257 1970 5309 lavans
1997 5300 2012 5321 ,

445 5356 712 5411 nunquam
739 5342 959 5411 pedibus
987 5345 1174 5399 sordes
1194 5345 1437 5409 abluens,
1461 5346 1567 5401 nisi
1592 5361 1712 5400 cum
1739 5362 1831 5414 per
1851 5362 2014 5415 aquas

441 5437 673 5491 transire
688 5439 971 5490 necessitas
985 5439 1346 5506 compulisset.
1364 5439 1545 5492 Nullus
1559 5440 1784 5498 denique
1801 5438 2013 5491 Antonii

440 5545 634 5599 corpus
663 5531 879 5595 nudum,
911 5543 1196 5599 antequam
1249 5543 1565 5595 moreretur,
1597 5546 1828 5599 unquam
1860 5530 2008 5585 vidit.

511 5624 639 5680 CAP.
674 5623 862 5679 XXIV.
885 5655 957 5666 —
978 5625 1214 5689 Quodam
1254 5636 1429 5678 autem
1474 5636 1712 5692 tempore
1737 5665 1751 5689 ,
1782 5640 1900 5679 cum
1944 5624 2013 5678 ab

437 5718 675 5774 omnium
705 5734 763 5773 se
793 5717 1089 5771 amovisset
1126 5716 1297 5770 oculis
1318 5756 1334 5781 ,
1367 5725 1420 5771 et
1465 5719 1648 5771 clauso
1690 5718 2011 5771 monasterio

442 5812 708 5872 neminem
758 5810 975 5865 omnino
1022 5807 1354 5877 susciperet,
1400 5808 1742 5866 Martinianus
1789 5810 2009 5866 militum

2126 4709 2400 4778 neglectis,
2425 4709 2661 4761 consitus
2682 4719 2817 4763 erat.
2837 4710 2984 4763 Ilunc
3008 4712 3264 4764 Antonius
3285 4711 3476 4771 locum,
3493 4708 3643 4777 quasi
3663 4725 3694 4763 a

2126 4801 2236 4855 Deo
2260 4802 2359 4856 sibi
2383 4802 2683 4867 offerretur,
2714 4804 2988 4871 amplexus
3014 4813 3114 4859 est.
3143 4803 3194 4860 Is
3222 4806 3363 4859 enim
3389 4813 3504 4858 erat
3532 4819 3693 4870 quem

2121 4893 2223 4947 sibi
2253 4894 2315 4946 ad
2351 4893 2583 4947 fluminis
2614 4896 2780 4962 ripam
2813 4896 3019 4950 sedenti
3049 4897 3137 4964 qui
3170 4896 3487 4965 loquebatur
3515 4905 3692 4948 osten-

2122 4985 2293 5040 derat.
2327 4986 2392 5039 Et
2423 4984 2591 5052 primo
2617 4985 2829 5053 quidem
2854 4988 3120 5055 accipiens
3145 5000 3174 5041 a
3200 4986 3484 5041 comitibus
3509 5000 3688 5055 panes,

2123 5077 2268 5132 solus
2313 5078 2566 5131 remansit
2617 5078 2669 5130 in
2721 5092 2942 5144 monte,
2996 5079 3143 5133 nullo
3189 5079 3296 5133 alio
3342 5094 3464 5132 cum
3502 5077 3691 5132 eodem

2122 5178 2492 5224 conversante.
2512 5171 2671 5235 Quasi
2691 5174 2959 5239 propriam
2983 5172 3124 5227 enim
3143 5171 3360 5225 domum
3377 5184 3694 5238 agnoscens,

2123 5262 2350 5316 habebat
2376 5264 2547 5316 locum
2583 5263 2751 5318 illum.
2787 5266 3036 5319 Saraceni
3064 5278 3275 5334 quoque
3306 5261 3552 5317 videntes
3575 5260 3697 5327 ejus

2123 5352 2387 5417 fiduciam,
2419 5364 2601 5422 optato
2626 5371 2719 5423 per
2748 5371 2867 5409 enm
2894 5355 3141 5419 transitu,
3178 5369 3342 5423 panes
3370 5355 3543 5409 eidem
3565 5368 3693 5407 cum

2121 5445 2300 5498 lietitia
2319 5446 2661 5512 deferebant;
2692 5462 2894 5503 necnon
2921 5447 3235 5513 palmarum,
3266 5447 3388 5501 licet
3412 5441 3695 5511 mediocri,

2120 5547 2352 5592 attamen
2379 5539 2649 5607 aliquanto
2674 5540 2864 5592 solatio
2890 5536 3248 5594 refovebatur.

2187 5629 2316 5684 CAP.
2350 5629 2512 5685 XXV.
2538 5660 2609 5671 —
2636 5630 2840 5685 Exinde
2885 5646 3003 5684 cum
3054 5630 3281 5695 fratres,
3310 5632 3489 5701 agnito
3536 5631 3693 5696 loco,

2120 5730 2364 5788 tanquam
2392 5722 2457 5773 ad
2491 5732 2688 5788 patrem
2721 5720 2843 5783 lilii,
2876 5721 3098 5775 sollicite
3125 5722 3375 5775 alimenta
3409 5721 3689 5773 transmit-

2036 5894 2055 5896 Ὗ
2119 5824 2317 5882 tercnt,
2350 5815 2529 5871 videns
2574 5815 2829 5871 Antonius
2871 5814 3021 5897 quod,
3051 5814 3118 5872 ob
3156 5829 3315 5870 suum
3354 5810 3693 5897 refrigerium
