4002 6242
290 291 378 348 ΗΘ
1374 286 1531 341 VITA
1578 285 1776 340 BEATI
1818 285 2091 340 ANTONII
2132 287 2438 341 ABBATIS.

3409 283 3512 342 {50

288 406 457 462 multis
481 416 743 458 onerosus
791 402 939 456 labor
967 401 1306 465 indiceretur,
1345 411 1399 456 et
1430 418 1650 469 parcens
1677 404 1836 458 etiam
1866 403 1914 458 Α
1942 412 1995 456 et
2021 402 2120 453 alPa
2145 403 2310 455 oritur
2332 418 2449 456 cum
2475 402 2659 456 eodem
2685 403 2834 456 hoste
2858 403 3097 458 certatio.
3123 402 3391 469 Operante
3419 402 3509 455 illo

288 500 331 550 in
358 497 452 547 hoc
484 492 782 556 monachis,
817 493 1015 562 rogavit
1042 507 1201 544 unum
1225 493 1292 546 de
1319 492 1721 548 advenientibus
1739 535 1753 556 .
1788 503 1842 546 ut

287 587 538 641 sarculum
561 586 683 652 sibi,
708 586 788 639 bis
805 593 1012 638 acutum
1034 598 1153 637 cum
1173 583 1436 639 frumento
1455 585 1684 641 deferret
1700 586 1837 660 (62).

285 679 470 745 Quibus
517 679 692 730 allatis
733 675 1049 730 circumiens
1101 687 1364 740 montem,
1407 677 1544 730 haud
1587 679 1838 746 grandem

284 772 486 824 cultura:
523 779 705 835 aptum
740 768 932 834 reperit
964 769 1158 832 locum,
1183 769 1245 821 ad
1271 784 1425 837 quem
1457 771 1690 825 derivata
1708 786 1840 839 aqua

283 863 494 925 desuper
545 868 750 928 poterat
795 859 1049 925 influere;
1101 859 1279 928 ibique
1328 862 1640 924 seminavit:
1685 870 1842 928 atque

282 950 459 1003 exinde
483 965 718 1003 annuum
749 949 849 1002 sibi
875 964 1060 1017 panem
1093 949 1361 1016 laborans,
1390 952 1673 1020 gaudebat,
1702 953 1839 1019 quod

280 1044 383 1094 sine
407 1039 720 1106 cujusquam
752 1041 992 1094 molestia
1028 1057 1091 1095 ex
1124 1043 1350 1110 propriis
1377 1045 1618 1096 manibus
1645 1044 1841 1096 viveret

282 1136 326 1189 in
352 1134 586 1187 deserto.
603 1131 708 1187 Sed
733 1147 852 1186 cum
876 1148 1058 1188 rursus
1080 1135 1240 1188 etiam
1265 1136 1387 1188 illuc
1414 1135 1628 1204 quidam
1660 1135 1840 1188 venire

282 1231 579 1297 coepissent,
613 1228 860 1281 misertus
886 1237 967 1282 est
997 1226 1296 1281 lassitudini
1322 1242 1528 1291 eorum,
1560 1237 1614 1282 et
1639 1229 1755 1282 olus
1785 1229 1837 1281 in

283 1335 430 1390 parvo
455 1329 614 1373 terra:
636 1317 840 1386 cespite
866 1318 1052 1382 coluit,
1083 1327 1142 1372 ut
1171 1328 1290 1387 post
1332 1334 1579 1388 asperum
1621 1320 1721 1374 iter
1743 1319 1840 1372 ali-

282 1426 376 1481 quo
397 1411 673 1463 venientes
716 1409 906 1463 so!atio
937 1409 1325 1464 refoverentur.
1354 1411 1464 1465 Hoc
1496 1412 1724 1466 fratrum
1756 1428 1839 1466 re-

285 1501 532 1571 frigerium
563 1508 620 1554 et
649 1500 921 1566 parvulam
945 1515 1172 1555 messem
1199 1502 1399 1566 bestire,
1435 1511 1650 1572 propter
1677 1518 1839 1574 aquas

289 1595 399 1648 illuc
425 1592 824 1655 convenientes,
857 1591 1090 1660 depastus
1111 1591 1218 1662 49
1239 1605 1390 1647 sunt:
1419 1608 1449 1648 e
1473 1595 1660 1662 quibus
1685 1611 1837 1648 unam

288 1684 674 1754 apprehendens
704 1683 836 1737 dixit
863 1685 1109 1740 omnibus
1137 1702 1148 1740 :
1181 1685 1286 1740 Cur
1315 1701 1398 1740 me
1443 1687 1632 1740 lieditis
1656 1729 1670 1752 ,
1705 1689 1838 1742 nihil

1946 495 2089 564 (nam
2120 508 2347 562 semper,
2392 502 2449 547 ut
2477 495 2807 548 venientibus
2838 511 2931 562 pro
2961 494 3041 546 his
3072 510 3186 560 quae
3212 495 3309 547 sibi
3352 493 3506 548 detu-

1944 585 2150 649 lerant,
2181 586 2390 654 aliquod
2421 584 2784 638 munusculum
2827 585 3164 652 repeuderet,
3215 584 3508 651 laborabat)

1945 679 2101 731 traxit
2129 678 2339 745 quidam
2363 677 2650 746 sportellae,
2679 692 2835 745 quam
2870 676 3099 735 texebat.
3133 674 3370 727 tricinam
3396 674 3510 725 sive

1942 770 2232 824 funiculum
2275 766 2410 838 (64).
2444 768 2520 822 Ad
2571 769 2722 835 cujus
2771 778 2973 820 motum
3024 780 3348 834 exsurgens,
3381 765 3508 816 vidit

1943 860 2164 914 bestiam
2213 861 2502 927 pubetenus
2550 859 2830 912 humanam
2879 858 3063 911 faciem
3097 855 3464 924 praeferentem
3495 897 3506 913 .

1944 967 2062 1021 qua:
2107 951 2296 1006 exinde
2344 952 2396 1004 in
2427 951 2632 1003 asinum
2667 950 2964 1003 finiebatur.
3017 949 3140 1002 Post
3168 947 3317 1016 cujus
3355 961 3511 1013 aspiu

1943 1055 2108 1108 ctum,
2135 1043 2379 1098 vexillum
2402 1044 2573 1097 crucis
2598 1043 2648 1096 in
2675 1043 2846 1095 fronte
2874 1055 2965 1094 sua
2997 1042 3234 1108 pingens,
3269 1040 3368 1092 hoc
3397 1048 3509 1089 tau-

1944 1147 2056 1191 tum
2086 1137 2194 1191 ait:
2221 1136 2416 1190 Christi
2456 1150 2642 1190 servus
2669 1151 2806 1200 sum,
2840 1136 2882 1188 si
2913 1137 2977 1187 ad
3007 1150 3089 1188 tne
3111 1134 3269 1187 missa
3297 1148 3375 1195 es.
3404 1148 3506 1186 non

1945 1229 2104 1297 fugio.
2149 1226 2360 1280 Nullum
2391 1225 2441 1278 in
2475 1224 2649 1279 medio
2696 1226 2921 1292 spatium
2943 1265 2956 1286 ,
2999 1233 3050 1276 et
3078 1226 3252 1276 statim
3285 1222 3508 1275 informe

1942 1319 2238 1390 prodigium
2279 1319 2422 1372 dicto
2448 1318 2594 1371 ncius
2621 1334 2738 1371 cum
2763 1317 3048 1370 satellitum
3081 1316 3230 1368 turba
3263 1315 3393 1382 fugit
3414 1354 3427 1374 .
3461 1323 3512 1365 ct

1944 1414 1995 1466 in
2027 1413 2200 1466 medio
2229 1426 2383 1465 cursu
2419 1426 2578 1464 ruens
2609 1408 2924 1463 exstinctum
2957 1419 3059 1461 est.
3090 1407 3187 1462 Ista
3217 1414 3388 1458 autem
3421 1420 3512 1458 ex-

1946 1504 2078 1572 plosi
2130 1518 2272 1578 mors
2302 1511 2460 1570 atque
2510 1501 2712 1556 enecali
2766 1500 3019 1569 prodigii,
3071 1499 3367 1550 daemonum
3399 1505 3512 1547 t-rzet

1945 1597 2240 1650 communis
2267 1596 2545 1658 interitus;
2574 1595 2661 1663 qui
2685 1594 2829 1646 omni
2855 1591 3031 1645 studio
3059 1592 3380 1653 laborantes,
3409 1595 3512 1641 Au-

1945 1690 2143 1744 tonium
2173 1705 2202 1742 a
2247 1687 2457 1741 deserto
2485 1686 2750 1741 deducere
2783 1700 2887 1738 non
2927 1685 3222 1736 valuerunt.
3258 1681 3507 1735 Mil'ﬂﬂtils

289 1792 313 1828 a
337 1792 412 1829 me
438 1775 614 1828 laesis?
645 1774 820 1840 abite,
849 1786 901 1828 et
929 1776 980 1828 in
1013 1777 1225 1829 nomine
1258 1777 1463 1830 Domini
1509 1794 1575 1831 ne
1619 1780 1720 1832 huc
1747 1796 1838 1847 ap—
1876 1785 1914 1840 B
1945 1782 2060 1850 plus
2104 1781 2341 1835 miranda
2373 1778 2680 1832 succedunt.

295 1871 523 1941 propietis
580 1870 820 1924 ulterius.
856 1869 982 1935 Quis
1023 1886 1126 1923 non
1167 1872 1368 1935 credat,
1419 1881 1536 1936 post
1587 1873 1720 1927 banc
1745 1873 1839 1926 de-

299 1962 685 2026 nuntiationem,
716 1961 862 2028 quasi
898 1961 1160 2026 timentes,
1195 1975 1461 2029 nunquam
1493 1962 1615 2014 illuc
1643 1963 1840 2016 bestias

299 2053 751 2124 apprOpiuquasse?
773 2054 861 2106 Sic
883 2052 1114 2106 Antonio
1136 2053 1556 2120 impenetrabilia
1583 2055 1838 2108 montium

310 2158 362 2202 et
378 2147 557 2201 deserti
578 2147 817 2200 interiora
840 2147 1090 2214 captanti,
1112 2147 1437 2201 orationibus
1460 2148 1615 2200 etiam
1639 2147 1837 2211 dedito,

318 2240 624 2293 introeuntes
653 2238 823 2292 fratres
846 2237 1050 2306 magnis
1079 2237 1165 2290 vix
1193 2239 1437 2306 precibus
1461 2250 1827 2302 extorserunt,

313 2339 362 2384 nt
399 2331 550 2383 olivas
575 2339 626 2382 et
654 2334 881 2396 legumen
911 2339 962 2382 et
1003 2330 1212 2394 oleum,
1255 2328 1395 2396 quod
1446 2339 1564 2398 post
1611 2346 1825 2384 menses

306 2421 485 2489 aliquot
516 2419 916 2483 ministrabant,
944 2419 1250 2490 dignaretur
1287 2422 1555 2490 accipere,
1585 2429 1639 2476 et
1676 2421 1834 2476 senili

303 2511 539 2566 modicum
566 2513 764 2565 laxaret
791 2510 935 2564 relati

365 2605 486 2658 Proh
515 2603 688 2658 nefas!
724 2613 948 2673 quantas
988 2605 1058 2658 ibi
1106 2619 1431 2660 conversaris
1479 2617 1728 2674 expertus
1758 2617 1840 2662 ctt

304 2696 466 2750 luctas.
499 2694 650 2758 Vere,
685 2698 977 2750 secundum
1013 2697 1151 2764 quod
1181 2699 1434 2766 scriptum
1465 2708 1563 2762 est,
1613 2714 1715 2752 non
1767 2700 1840 2753 illi

303 2790 523 2842 adversus
551 2803 768 2842 carnem
794 2797 846 2842 et
871 2791 1180 2858 sanguinem
1208 2791 1372 2844 fuisse
1395 2792 1838 2855 colluctationem,

306 2881 382 2935 sed
406 2884 645 2934 adversus
695 2881 1017 2949 principatus
1065 2890 1119 2935 et
1150 2891 1440 2949 potestates
1470 2883 1685 2954 (Ep/tes.
1731 2885 1840 2954 v1);

311 2972 366 3025 ah
401 2971 471 3025 his
510 2973 596 3041 qui
645 2972 712 3024 ad
745 2987 865 3025 cum
916 2973 1349 3041 ingrediebantur
1393 2976 1721 3042 agnovimus.
1766 2977 1842 3031 Illi

311 3065 423 3118 enim
451 3065 697 3119 tumultus
727 3074 781 3118 et
801 3079 959 3119 voces
990 3066 1188 3134 populi,
1221 3081 1595 3137 armorumque
1617 3070 1838 3134 sonitus,

297 3173 481 3225 prorsus
531 3158 752 3226 plenum
805 3167 1038 3211 montem
1068 3158 1367 3213 daemonum
1409 3160 1748 3215 multitudine
1785 3176 1842 3215 se
1871 3149 1912 3206 (ἶ

292 3251 456 3303 vidisse
479 3251 795 3304 referebant
822 3268 834 3302 :
865 3250 1033 3318 ipsum
1079 3252 1237 3304 etiam
1269 3253 1414 3320 quasi
1443 3263 1625 3306 contra
1665 3253 1841 3306 inimi-

285 3355 363 3393 cos
393 3343 571 3409 palam
605 3343 938 3395 resistentem
970 3352 1024 3395 et
1070 3341 1278 3396 fortiter
1305 3345 1702 3401 colluctantem.
1743 3344 1843 3410 Qui

283 3438 434 3485 tamen
463 3441 529 3486 et
558 3431 906 3487 advenientes
932 3448 1028 3486 suo
1060 3435 1328 3488 refovebat
1356 3435 1587 3502 hortatu,
1618 3447 1671 3492 et
1695 3437 1844 3492 flexis

277 3525 528 3593 genibus,
581 3525 745 3578 armis
782 3539 992 3591 quoque
1030 3528 1327 3580 orationum
1376 3543 1588 3582 omnem
1637 3530 1846 3585 Satanze

277 3618 646 3686 pmsternebat
688 3619 1004 3673 exercitum.
1037 3619 1402 3674 Admiratione
1434 3621 1585 3686 plane
1631 3623 1843 3691 dignum

272 3723 361 3778 est,
388 3713 437 3767 in
475 3723 596 3767 tam
630 3713 841 3766 immani
874 3712 1196 3780 solitudine,
1231 3729 1393 3766 unum
1444 3713 1710 3769 hominem
1752 3731 1849 3770 nec

274 3805 578 3861 daemonum
609 3805 946 3874 quotidianas
972 3808 1250 3873 expavisse
1290 3807 1721 3876 congressiones,
1753 3824 1849 3862 nec

269 3907 540 3953 tantarum
586 3898 908 3965 bestiarum,
939 3897 1340 3966 quadrupedum
1387 3898 1497 3954 sive
1545 3903 1846 3968 reptilium,

265 3989 488 4044 diversae
543 3988 770 4043 cessisse
815 3989 1023 4043 feritati.
1072 3988 1221 4044 Juste
1270 3990 1434 4045 David
1482 3992 1718 4047 cecinit:
1750 3995 1848 4062 Qui

261 4081 552 4135 confidunt
581 4082 632 4134 in
666 4081 927 4146 Domino,
955 4082 1093 4135 sicut
1129 4097 1281 4135 mons
1311 4082 1438 4136 Sion
1482 4099 1585 4138 non
1616 4099 1852 4139 commo-

263 4176 470 4230 vebitur
535 4175 588 4229 in
638 4184 895 4230 mternum
945 4173 1119 4243 (Psal.
1169 4175 1373 4245 cxxrv).
1422 4177 1750 4232 lmmohilem
1799 4190 1853 4233 et

262 4267 615 4337 tranquillam
657 4270 892 4322 retinens
922 4268 1083 4321 animi
1129 4268 1463 4330 firmitatem,
1496 4281 1550 4323 et
1579 4271 1850 4324 daemones

263 4358 511 4428 fugabat.
549 4368 603 4412 et
631 4359 790 4422 feras,
830 4357 965 4413 sicut
991 4359 1245 4425 scriptum
1286 4369 1366 4414 est
1395 4359 1535 4426 (Job.
1567 4363 1643 4432 v),
1674 4378 1851 4418 secum

261 4454 488 4522 pacifica
501 4453 614 4507 bat.
642 4452 746 4508 Sed
771 4463 825 4507 et
849 4453 1112 4518 diabolus,
1144 4464 1200 4509 ut
1225 4470 1382 4520 supra
1405 4456 1576 4512 dictus
1598 4461 1850 4528 prOpheta

2011 1873 2135 1926 Cir.
2169 1871 2376 1925 XXVII.
2406 1896 2469 1910 -α
2497 1870 2609 1922 Non
2642 1851 2839 1938 grande
2885 1877 3003 1937 post
3051 1869 3147 1921 ista
3189 1877 3392 1933 tempus
3421 1882 3508 1920 (ιιι

1943 1975 2196 2028 cesserat,
2222 1973 2274 2018 et
2302 1974 2560 2016 tantarum
2589 1961 2928 2015 victoriarum
2953 1961 3111 2014 homo
3141 1959 3358 2012 fratrum
3393 1972 3510 2025 prc-

1940 2058 2092 2110 cibus
2144 2055 2387 2110 vincitur.
2442 2057 2485 2108 A
2534 2052 2808 2106 monachis
2839 2055 2976 2106 enim
3010 2062 3260 2121 rogatus,
3313 2059 3370 2102 ut
3419 2065 3511 2103 eos

1945 2151 2248 2218 dignaretur
2280 2151 2541 2216 invisere,
2588 2164 2692 2203 una
2724 2163 2844 2202 eum
2873 2149 2951 2200 his
2985 2148 3248 2212 profectus
3279 2153 3382 2208 est,
3414 2143 3510 2195 iiii-

1945 2245 2130 2313 positis
2160 2243 2359 2297 camelo
2389 2258 2520 2312 aqua
2548 2250 2606 2297 et
2642 2243 2884 2310 panibus,
2913 2241 3036 2308 quia
3068 2252 3346 2305 nusquam,
3377 2251 3510 2304 pI'iC°

1947 2345 2030 2391 ter
2077 2336 2386 2388 monasterii
2435 2335 2610 2386 locum
2667 2349 2731 2386 ex
2761 2347 2867 2402 quo
2897 2332 3211 2389 hauserant,
3262 2325 3510 2394 potabilis

1943 2443 2074 2494 aqua
2107 2443 2201 2495 per
2227 2437 2463 2481 arentem
2500 2424 2639 2478 viam
2681 2423 3061 2490 reperiebatur.
3088 2421 3279 2472 Verum
3313 2417 3364 2469 in
3397 2431 3511 2468 tne-

1945 2522 2031 2575 dio
2081 2521 2272 2575 itinere
2323 2517 2530 2572 bibendi
2578 2517 2812 2570 subsidia
2855 2515 3178 2568 defecerunt.
3224 2510 3393 2562 Ardor
3433 2508 3513 2559 ni-

1944 2614 2102 2680 mius,
2126 2622 2286 2665 aestus
2312 2609 2678 2672 intolerabilis,
2707 2615 2934 2660 mortem
2955 2611 3142 2658 cuncta
3171 2601 3506 2653 minitantur.

1943 2706 2319 2767 Circumeunt,
2371 2711 2424 2757 et
2472 2709 2716 2770 quzerunt
2753 2699 2938 2751 saltem
2992 2694 3269 2748 collectam
3321 2691 3540 2760 pluviis

1944 2799 2208 2862 lacunam,
2232 2795 2362 2850 nihil
2390 2809 2607 2862 prorsus
2632 2791 2870 2854 remedii,
2896 2789 3022 2842 nihil
3047 2787 3279 2841 occurrit
3305 2786 3517 2854 penitus

1944 2893 2010 2946 ad
2037 2893 2277 2945 salutem.
2309 2887 2553 2941 Camelus
2583 2885 2730 2955 quasi
2764 2882 3027 2952 periturus
3056 2888 3111 2934 et
3137 2879 3250 2945 ipse
3281 2886 3512 2930 mstuans

1945 2984 2245 3045 dimittitur,
2279 2981 2553 3036 aestuantis
2583 2987 2768 3045 pectus
2789 2979 3048 3040 exuritur,
3092 2981 3148 3026 et
3186 2972 3302 3025 sitis
3325 2970 3522 3034 despes

1946 3077 2153 3132 ratione
2185 3074 2447 3128 fervescit.
2481 3071 2640 3125 Movit
2667 3084 2852 3123 senem
2895 3067 3113 3121 fratrum
3154 3075 3333 3118 secum
3369 3075 3519 3112 coms

1947 3185 2106 3224 mune
2135 3165 2440 3229 discrimen,
2480 3171 2534 3217 et
2561 3159 3025 3215 vehementissime
3050 3153 3389 3210 contristatus
3430 3155 3507 3202 in—

1945 3261 2162 3334 gemuit.
2193 3259 2391 3314 Dehinc
2417 3256 2484 3311 ad
2513 3255 2667 3308 solita
2712 3267 2923 3321 precum
2956 3248 3150 3302 auxilia
3178 3242 3514 3311 confugiens,

1949 3355 2219 3426 paululum
2249 3352 2314 3403 ab
2353 3350 2429 3404 eis
2454 3347 2702 3409 secessit;
2735 3345 2930 3413 ibique,
2961 3341 3183 3411 genibus
3215 3339 3351 3398 fixis,
3382 3350 3510 3400 sup.-

1951 3423 2112 3516 plices
2141 3457 2328 3497 manus
2357 3438 2580 3494 tetendit
2609 3435 2672 3489 ad
2703 3435 3006 3488 Dominum.
3039 3430 3146 3484 Nec
3171 3440 3338 3489 mora,
3370 3433 3423 3478 et
3445 3423 3510 3476 ad

1949 3539 2147 3607 primas
2175 3533 2409 3603 rogantis
2431 3532 2710 3599 lacrymas,
2738 3528 2790 3580 in
2812 3525 3063 3578 orationis
3087 3524 3204 3576 loco
3226 3521 3340 3573 fons
3363 3516 3514 3571 ebul-

1955 3633 2087 3686 liens
2115 3631 2308 3696 erupit,
2348 3627 2524 3694 ibique
2569 3621 2829 3676 exstincta
2862 3618 2997 3678 sitis,
3025 3625 3078 3670 et
3116 3613 3316 3667 arentia
3348 3625 3513 3662 mein-

1952 3723 2044 3777 bra
2077 3721 2272 3776 refecta
2321 3725 2478 3779 sunt,
2512 3723 2564 3770 et
2595 3713 2763 3782 plenis
2794 3708 2999 3763 utribus
3029 3707 3298 3760 inventum
3331 3708 3517 3770 potant

1951 3812 2235 3867 camelum.
2261 3809 2333 3863 Ita
2363 3806 2502 3861 enim
2532 3819 2658 3858 casu
2688 3814 2956 3861 evenerat,
2987 3807 3042 3851 ut
3071 3795 3305 3850 camelus
3330 3806 3516 3847 errans

1954 3920 2047 3974 per
2076 3915 2339 3962 eremum,
2372 3899 2495 3952 dum
2549 3895 2834 3949 funiculum
2873 3891 3049 3953 trahit,
3081 3889 3132 3943 in
3163 3886 3395 3956 quodam
3442 3884 3516 3936 Ia-

1953 3997 2075 4068 pide
2101 3995 2334 4064 ejusdem
2364 3989 2670 4056 alligatione
2714 3986 2928 4040 funiculi
2960 3990 3250 4038 teneretur.
3282 3977 3516 4033 Tandem

1954 4089 2195 4145 confecto
2241 4086 2428 4141 itinere
2456 4082 2520 4135 ad
2570 4078 2858 4133 monachos
2887 4078 2975 4145 qui
3016 4075 3366 4129 invitaverant
3391 4086 3514 4139 per-

1955 4182 2117 4236 venit.
2151 4179 2296 4232 Tunc
2326 4189 2454 4230 vero
2477 4173 2624 4240 quasi
2651 4170 2785 4240 patri
2812 4182 2998 4223 omnes
3026 4167 3233 4220 obviam
3273 4178 3520 4217 occurre-

1957 4281 2081 4326 runt
2099 4281 2151 4325 et
2178 4267 2471 4323 honorifico
2496 4265 2720 4318 salutato
2749 4265 2798 4314 in
2821 4262 2997 4314 oscula
3026 4259 3141 4326 ejus
3162 4265 3217 4310 et
3240 4257 3520 4323 amplexus

1956 4362 2193 4419 certatim
2227 4369 2404 4413 ruunt.
2439 4355 2714 4424 Pr0posito
2753 4352 2975 4407 ferventi
3001 4351 3195 4420 gaudet
3220 4347 3516 4407 Antonius;

1957 4465 2010 4509 et
2055 4451 2352 4507 laetantibus
2389 4449 2456 4504 de
2497 4449 2725 4502 adventu
2773 4459 2870 4498 suo
2899 4442 3140 4504 cunctis,
3169 4439 3318 4507 quasi
3367 4436 3523 4491 xenia

260 4518 331 4598 ait
361 4544 553 4615 (Psal.
588 4545 758 4613 LXIII),
802 4543 1092 4599 observans
1131 4518 1853 4609 eum,frendebat-dentibus
1883 4518 1930 4576 D
1959 4547 2071 4618 (65)
2118 4546 2185 4600 de
2231 4553 2412 4598 monte
2441 4552 2687 4610 portans,
2733 4534 3022 4607 spiritualia
3071 4532 3371 4602 impartitur
3423 4528 3521 4580 ali-

258 4635 405 4699 suis;
442 4645 506 4690 et
559 4635 648 4688 ille
693 4634 980 4690 Salvatoris
1010 4637 1241 4701 auxilio,
1291 4637 1357 4689 ab
1396 4640 1659 4694 universis
1709 4650 1852 4694 tutus

259 4730 660 4797 perseverabat
690 4728 914 4783 insidiis.
957 4730 1192 4796 Quadam
1232 4745 1360 4799 ergo
1399 4740 1552 4785 nocte
1581 4747 1700 4786 cum
1732 4747 1851 4803 per-

261 4824 387 4892 vigil
421 4822 697 4878 Antonius
745 4823 1048 4877 obsecraret
1097 4824 1407 4889 Dominum,
1440 4835 1615 4879 tantos
1645 4828 1695 4880 in
1730 4844 1848 4879 nio-

263 4916 572 4969 nasterium
599 4914 716 4984 ejus
744 4914 1026 4968 bestiarum
1053 4930 1239 4983 greges
1267 4919 1623 4982 coacervavit,
1658 4929 1714 4969 ut
1736 4934 1851 4970 om-

261 5021 364 5061 nes
386 5005 569 5061 eremi
598 5006 800 5060 belluas
821 5004 933 5077 (65)
965 5008 1160 5060 circum
1194 5020 1252 5060 se
1276 5007 1555 5074 aspiceret.
1580 5008 1709 5074 Quae
1730 5023 1849 5063 cum

260 5099 405 5152 rictu
457 5100 575 5151 oris
618 5112 850 5150 morsum
891 5098 1099 5165 corpori
1147 5097 1551 5162 minitarentur,
1594 5099 1857 5154 intellexit

262 5191 446 5245 hostis
481 5192 734 5256 astutias,
782 5192 1018 5258 dixitque
1048 5209 1061 5245 :
1094 5192 1146 5246 Si
1176 5207 1205 5246 a
1239 5193 1461 5248 Domino
1508 5195 1559 5248 in
1590 5211 1675 5250 me
1703 5196 1854 5249 vobis

256 5293 348 5339 est
381 5282 589 5336 tributa
638 5283 879 5343 licentia.
921 5281 1172 5336 devorate
1201 5298 1542 5350 concessum;
1590 5287 1633 5338 si
1678 5296 1853 5341 autem

257 5377 588 5429 dmmonum
620 5373 720 5430 huc
762 5375 978 5428 venistis
1023 5374 1281 5440 impulsu,
1320 5375 1635 5443 quantocius
1671 5376 1846 5442 abite,

255 5470 388 5536 quia
425 5466 630 5520 Christi
662 5467 884 5521 famulus
911 5482 1048 5536 sum.
1081 5467 1153 5521 Ita
1186 5467 1379 5521 factum
1406 5478 1505 5530 est,
1539 5479 1591 5522 et
1619 5484 1736 5522 cum
1761 5471 1848 5536 ju-

259 5557 460 5610 bentis
493 5572 619 5610 voce
648 5561 820 5613 omnis
847 5525 1129 5613 bestiarum
1161 5559 1472 5626 multitudo,
1505 5561 1653 5629 quasi
1686 5562 1850 5630 maje-

256 5646 437 5704 statis
477 5646 694 5700 verbere
719 5647 1033 5713 crederetur,
1067 5649 1284 5720 aufugit.

338 5736 493 5795 CAP.
521 5735 705 5791 XXVI.
731 5766 797 5778 -—
825 5737 935 5794 Non
969 5742 1113 5796 multi
1146 5752 1260 5811 post
1289 5741 1400 5798 hzcc
1430 5740 1695 5798 fluxerant
1716 5743 1849 5810 dies,

1958 4649 2154 4696 menta.
2187 4639 2388 4692 Laudat
2435 4645 2672 4689 veterum
2712 4630 2915 4693 studia,
2965 4628 3203 4681 hortator
3242 4635 3521 4676 novorum.

1954 4736 2202 4789 Sororem
2254 4745 2464 4800 quoque
2507 4728 2615 4797 jam
2647 4727 2878 4781 vetulam
2908 4722 3162 4790 virginem
3204 4718 3418 4778 videns,
3470 4723 3525 4768 et

1957 4829 2177 4882 aliarum
2233 4825 2526 4892 puellarum
2582 4821 2928 4890 magistram,
2989 4815 3118 4868 mira
3169 4809 3525 4865 exsultatione

1956 4918 2270 4973 sustollitur.
2306 4914 2526 4978 Exinde,
2555 4913 2706 4980 quasi
2737 4909 2826 4964 diu
2850 4909 3060 4962 abesset
3087 4904 3154 4957 ab
3178 4914 3386 4966 eremo,
3408 4914 3534 4953 rura

1953 5026 2069 5066 sum
2103 5007 2369 5064 festinavit
2395 5006 2458 5058 ad
2490 5012 2743 5058 montem.

2025 5102 2150 5154 CAP.
2180 5097 2412 5152 XXVIII.
2429 5126 2497 5136 —
2517 5094 2768 5148 Plurimis
2785 5095 2891 5159 jam
2909 5089 2974 5142 ad
2999 5089 3143 5142 illum
3171 5084 3536 5146 ven-ientng

1957 5209 2074 5247 cum
2120 5193 2276 5245 etiam
2320 5190 2496 5244 vexati
2528 5205 2556 5240 a
2585 5185 2955 5247 daemonibus,
3007 5182 3151 5236 malo
3191 5177 3538 5234 necessitatis

1958 5287 2149 5350 coacti,
2189 5285 2446 5338 auderent
2472 5283 2684 5337 deserta
2718 5288 3028 5347 penetrare;
3059 5293 3191 5347 quos
3219 5276 3308 5332 ille
3338 5291 3527 5332 conso-

1960 5378 2094 5442 lans,
2137 5386 2190 5431 et
2215 5375 2488 5430 monachis
2517 5374 2568 5427 iu
2599 5387 2881 5427 commune
2933 5370 3266 5439 praecipiens,
3307 5369 3526 5425 aiebat:

1955 5471 2168 5525 Credite
2197 5470 2246 5521 in
2287 5467 2465 5522 Jesum
2497 5466 2754 5521 fideliter:
2791 5465 2897 5535 50
2921 5473 3152 5518 mentem
3185 5480 3212 5517 a
3241 5463 3394 5517 malis
3439 5477 3529 5516 co-

1957 5562 2316 5632 gitationibus,
2348 5574 2562 5612 carnem
2593 5558 2661 5610 ab
2689 5556 3034 5610 immunditiis
3079 5567 3289 5609 servate
3317 5568 3522 5621 puram.

1956 5661 2011 5706 et
2045 5653 2192 5719 juxta
2235 5651 2439 5720 eloquia
2470 5651 2665 5712 divina.
2698 5665 2764 5703 ne
2794 5647 3118 5702 seducamini
3161 5647 3212 5699 in
3243 5646 3526 5698 saturitate

1958 5746 2154 5800 ventris
2202 5744 2379 5813 (Prov.
2425 5743 2596 5812 xxiv).
2647 5742 2788 5798 edite
2846 5754 3050 5796 vanam
3078 5738 3333 5803 gloriam,
3377 5747 3530 5788 oraue
