4002 6226
461 295 554 362 151
1520 307 1602 361 DF.
1646 304 1816 361 V'l'flS
1854 305 2134 361 PATRUM
2175 303 2379 359 LIBER
2418 302 2688 359 PRIMUS.

3579 298 3675 353 {Si

456 425 766 489 saepissime,
801 424 1003 491 psallite
1035 438 1270 492 vespere,
1320 434 1374 480 et
1403 441 1578 487 mane.
1606 436 1659 481 et
1688 426 1928 487 meridie,
1959 431 2014 480 et
2042 428 2088 483 Δ
2118 424 2336 478 ferrent.
2368 421 2483 476 Non
2538 421 2677 474 cnim
2706 419 2921 474 Antonii
2953 423 3045 471 aut
3071 416 3375 485 eujusquam
3406 414 3675 471 hominum

455 516 698 571 mandata
725 516 1112 584 Scripturarum
1141 518 1413 572 revolvite.
1445 516 1810 574 Recordamini
1838 527 2013 588 gesto-

452 624 593 673 rum,
625 624 739 675 qua:
768 608 936 664 sancti
958 609 1149 678 quique
1179 609 1434 673 fecerunt,
1477 620 1530 664 ut
1559 613 1785 680 exempli
1816 627 2014 667 memo-

454 701 529 755 ria
576 700 806 753 animam
858 701 1037 754 incitet
1083 700 1146 753 ad
1186 700 1472 763 virtutem,
1526 703 1812 756 refreneta
1851 702 2008 756 vitiis.

448 790 716 847 Suadebat
743 791 899 845 etiam
924 792 1031 862 jugi
1061 782 1401 846 meditatione
1425 792 1754 846 retinendum
1777 794 2012 860 Apostoli

450 894 776 947 sermonem,
806 896 911 950 quo
938 881 1011 934 ait
1039 898 1053 934 :
1082 880 1171 935 Sol
1212 896 1316 934 non
1360 881 1565 935 occidat
1598 897 1757 949 seper
1801 883 2011 936 iracun-

452 972 589 1027 diam
619 983 847 1027 vestram
879 972 1093 1042 (Ephes.
1128 972 1224 1043 tv).
1259 975 1370 1028 Non
1418 984 1618 1028 tantum
1649 984 1824 1030 autem
1852 991 2014 1044 super

450 1061 773 1116 iracundiam
815 1063 983 1116 solem
1013 1062 1256 1117 occidere
1299 1078 1402 1116 non
1450 1063 1647 1119 debere
1692 1065 2010 1134 interpreta-

447 1152 622 1218 batur,
647 1155 736 1210 sed
768 1163 818 1209 et
844 1170 1005 1224 super
1039 1155 1215 1209 omnia
1245 1154 1435 1208 delicta
1469 1154 1766 1220 hominum,
1797 1172 1865 1212 ne
1890 1171 2013 1228 pec-

447 1254 682 1300 catorum
712 1258 941 1314 unquam
989 1254 1287 1299 nostrorum
1327 1247 1494 1301 autin
1544 1256 1698 1302 nocte
1737 1247 1880 1315 luna,
1924 1258 2013 1303 aut

443 1336 496 1390 in
528 1336 615 1389 die
640 1335 739 1400 sol,
771 1345 932 1390 testes
969 1336 1333 1390 abscederent.
1389 1336 1532 1391 Illius
1570 1353 1782 1407 quoque
1824 1342 2009 1391 admo-

445 1426 601 1480 nebat
648 1427 897 1495 praecepti
929 1441 1193 1482 memores
1242 1443 1394 1493 esse,
1445 1428 1583 1497 qttod
1633 1430 1852 1483 dicitde
1882 1430 2005 1483 his:

441 1516 735 1588 Dijudicate
760 1519 1130 1587 vosmetipsos,
1160 1531 1213 1574 et
1244 1521 1460 1588 probate
1491 1519 1573 1588 (ll
1606 1519 1727 1576 Cor.
1766 1524 1917 1591 xm);
1951 1532 2011 1575 ut

440 1609 697 1663 rationem
743 1608 849 1665 diei
879 1613 1154 1680 noctisque
1186 1611 1461 1676 facientes,
1504 1612 1548 1666 si
1579 1612 1628 1666 itt
1661 1627 1721 1667 se
1761 1613 2007 1667 delictum

439 1701 947 1771 deprehettdissent,
1003 1718 1226 1774 peccare
1280 1705 1635 1771 desisterent;
1695 1707 1775 1761 sin
1830 1718 2006 1761 autem

2116 514 2331 569 omnino
2360 514 2493 567 hanc
2524 527 2644 567 esse
2675 513 3015 577 medicinam,
3049 511 3144 566 sed
3174 510 3268 565 Dei
3297 510 3484 573 solius,
3512 512 3600 580 qui
3628 524 3679 567 et

2115 606 2306 673 quibus
2333 606 2516 667 vellet,
2548 619 2601 659 et
2626 621 2731 672 quo
2760 604 2918 659 vellet
2942 614 3180 670 tempore
3207 603 3355 657 daret
3378 604 3671 661 sanitatem.

2114 694 2188 748 Ita
2241 694 2603 749 consolatione
2650 710 2744 748 sua
2789 706 2840 748 et
2868 706 3084 750 vexatos
3135 698 3501 763 aequanimiter
3547 697 3673 754 ferre

2117 787 2483 849 tentationem,
2518 794 2569 840 et
2594 785 2702 852 jam
2736 785 3008 851 liberatos,
3038 801 3141 840 non
3170 786 3288 851 sibi,
3318 788 3412 842 sed
3439 787 3548 842 Deo
3568 805 3675 858 gra-

2115 878 2213 930 tias
2242 876 2437 933 referre
2461 877 2700 931 docebat.

2184 971 2311 1025 Car.
2342 970 2533 1025 XXIX.
2566 1002 2634 1013 —
2664 971 2862 1027 Fronto
2900 982 3076 1027 autem
3103 972 3335 1042 quidam,
3384 973 3463 1027 vir
3489 990 3552 1029 ex
3586 975 3679 1029 Pa-

2116 1060 2357 1129 laestinis,
2405 1062 2494 1131 qui
2538 1061 2881 1117 infestiss’mo
2910 1063 3171 1117 daemonio
3217 1064 3503 1119 vexabatur
3535 1066 3675 1135 (nam

2114 1162 2170 1207 et
2199 1152 2427 1221 linguam
2457 1153 2572 1223 ejus
2611 1153 2839 1208 laniabat
2864 1154 3132 1220 dentibus,
3164 1166 3215 1208 et
3245 1156 3513 1211 oculorum
3546 1158 3675 1214 nite-

2115 1245 2266 1299 batur
2288 1246 2460 1299 lumen
2492 1247 2876 1316 exstinguere),
2905 1250 3137 1317 perrexit
3157 1248 3221 1302 ad
3244 1260 3500 1316 montem,
3523 1268 3673 1323 roga-

2115 1338 2303 1404 hatque
2350 1337 2561 1391 beatum
2593 1353 2774 1391 senem
2818 1349 2873 1392 ut
2903 1338 3093 1408 pro‘se
3136 1339 3415 1394 Dominum
3449 1355 3673 1410 rogaret.

2112 1427 2292 1481 Oravit
2321 1427 2599 1490 Antonius,
2632 1428 2866 1498 dixitque
2892 1429 2957 1483 ad
2986 1446 3105 1484 cum
3133 1449 3143 1482 :
3169 1428 3337 1494 Vade,
3378 1444 3431 1485 et
3459 1434 3678 1489 curabo-

2112 1520 2206 1572 ris.
2257 1517 2333 1571 Ilii
2368 1517 2640 1572 incredqu
2670 1519 2767 1572 sibi
2795 1561 2810 1585 ,
2857 1528 2911 1574 et
2956 1520 3217 1575 violenter
3260 1523 3452 1576 ibidem
3500 1539 3680 1581 contra

2115 1619 2430 1679 pra'ceptum
2470 1612 2782 1674 remoranti,
2812 1610 2996 1667 eadem
3029 1616 3331 1682 geminahat
3386 1616 3681 1684 Antonius,

2109 1703 2291 1757 diceus
2320 1721 2331 1755 :
2361 1703 2454 1757 ilic
2480 1705 2652 1757 curari
2685 1719 2789 1757 non
2825 1707 3020 1772 poteris
3049 1721 3065 1760 :
3098 1708 3374 1775 egredere,
3404 1718 3455 1763 et
3486 1712 3681 1765 calcata

439 1792 615 1846 nullus
644 1809 794 1849 error
821 1793 1158 1865 decepisset,
1179 1804 1582 1864 perseverantes
1629 1798 1890 1853 instarent
1915 1814 1995 1867 p0«

2110 1791 2359 1863 IEgypto,
2386 1794 2561 1848 sratim
2592 1802 2642 1849 te
2674 1796 3036 1850 misericordia
3066 1796 3261 1851 Christi
3298 1812 3679 1869 consequetur.

438 1884 540 1939 tius
568 1886 810 1954 incepto,
841 1902 998 1957 quam
1043 1888 1343 1957 arrogantia
1376 1888 1560 1942 tumidi
1592 1898 1682 1944 aut
1711 1892 1846 1946 alios
1876 1907 2005 1947 con-

437 1985 754 2047 temnerent,
788 1991 877 2034 aut
906 1982 1005 2036 sibi
1043 1982 1300 2050 justitiam
1336 1984 1700 2049 vendicarent,
1731 1985 1876 2055 juxta
1919 2001 2008 2041 su-

435 2069 652 2139 pradicti
684 2070 923 2126 Doctorls
951 2073 1217 2141 eloquium
1253 2073 1514 2128 dicentis:
1549 2074 1720 2131 Nolite
1756 2077 1997 2143 judicare

434 2168 557 2217 ante
601 2170 809 2230 tempus
839 2161 893 2235 (Ι
920 2162 1036 2217 Cor.
1068 2163 1175 2232 tv);
1206 2165 1373 2233 magis
1420 2166 1619 2222 debere
1648 2180 1742 2222 eos
1779 2168 2001 2233 Christi,

433 2252 518 2306 cui
563 2252 665 2306 soli
694 2253 902 2308 occulta
932 2264 1130 2323 patent,
1159 2267 1436 2318 reservare
1478 2255 1677 2325 judicio
1709 2257 1885 2327 (h’om.
1914 2259 1997 2329 ιι).

434 2341 620 2398 Multas
662 2358 781 2398 esse
812 2345 891 2415 (ut
930 2346 1183 2412 scriptum
1212 2348 1314 2414 est)
1344 2348 1458 2400 vias
1486 2362 1603 2414 quae
1632 2348 1880 2403 videntur
1910 2349 2005 2405 bo-

432 2434 664 2488 minibus
686 2434 867 2504 justre,
908 2436 1001 2491 sed
1024 2438 1154 2491 lines
1178 2452 1358 2491 earum
1381 2438 1445 2492 ad
1479 2438 1795 2508 profundum
1820 2443 1993 2510 respi-

432 2537 555 2578 cere
580 2524 765 2578 inferni
792 2523 973 2595 (Prov.
1002 2541 1086 2579 xtv
1110 2535 1156 2580 et
1178 2526 1291 2596 th)
1311 2544 1325 2593 ;
1348 2544 1488 2595 saepe
1511 2539 1690 2584 nostra
1713 2546 1816 2586 non
1845 2548 2004 2601 posse

432 2629 529 2668 nos
580 2615 872 2685 intelligere
900 2626 1135 2686 peccata,
1168 2633 1309 2688 saepe
1354 2620 1460 2674 falli
1493 2622 1546 2673 in
1589 2623 1795 2678 ratione
1823 2634 2002 2693 gesto.

410 2712 579 2773 'rum;
607 2708 747 2761 aliud
790 2723 908 2763 esse
933 2708 1027 2764 Dei
1054 2722 1244 2765 cuneta
1288 2715 1556 2768 cernentis
1597 2713 1878 2785 judicium,
1906 2718 2000 2787 qui

430 2812 537 2851 non
563 2807 626 2851 ex
653 2798 934 2859 superficie
961 2814 1261 2869 corporum,
1294 2802 1387 2858 sed
1416 2818 1482 2859 ex
1520 2806 1776 2859 mentium
1799 2808 2002 2874 judicat

431 2889 658 2945 arcanis.
691 2888 918 2959 Equum
969 2900 1143 2947 autem
1174 2907 1294 2949 esse
1339 2909 1436 2949 nos
1463 2896 1619 2951 nobis
1646 2901 1899 2968 compati,
1945 2910 2001 2957 et

431 2977 652 3034 invicem
683 2992 845 3035 Ouera
876 2993 1055 3038 nostra
1100 2993 1311 3053 portare
1342 2984 1483 3055 (Gal.
1513 2989 1621 3059 vt),
1656 2996 1716 3043 ttt
1743 3004 1998 3048 concesso

432 3076 675 3126 examine
719 3073 1013 3141 Salvatori,
1064 3078 1302 3146 proprias
1343 3081 1696 3140 conscientias
1756 3097 1997 3142 nosmet-

432 3162 573 3232 lpsos
596 3165 896 3233 judicautes
926 3168 1270 3225 intueremur.

500 3250 715 3312 Necnon
743 3258 951 3315 dicebat
979 3274 1222 3331 magnam
1250 3279 1369 3320 esse
1393 3265 1458 3321 ad
1489 3268 1733 3323 virtutem
1762 3270 1923 3337 viam,
1948 3273 1996 3327 si

430 3346 621 3415 singuli
650 3338 732 3402 vel
776 3347 1121 3406 observarent
1146 3354 1283 3422 quod
1311 3366 1577 3425 gererent,
1609 3362 1689 3414 vel
1721 3361 1996 3418 universas

433 3436 687 3490 tuentium
718 3438 1063 3507 cogitationes
1093 3440 1347 3499 fratribus
1374 3446 1654 3505 referrent.
1707 3449 1820 3505 Non
1850 3454 1993 3508 enim

428 3536 584 3596 posse
610 3525 838 3599 aliquem
867 3546 1106 3599 peccare,
1136 3548 1255 3589 eum
1286 3538 1549 3594 relaturus
1578 3550 1719 3597 esset
1738 3543 1803 3597 ad
1831 3545 1995 3600 alium

426 3629 750 3688 quacunque
778 3632 1067 3689 peccasset,
1090 3635 1144 3679 et
1165 3628 1343 3683 subire
1368 3630 1620 3699 pudorem
1645 3633 1696 3687 in
1723 3634 1990 3701 publicum

424 3710 594 3779 turpia
624 3711 946 3779 proferendi.
981 3714 1214 3785 Denique
1243 3720 1442 3774 nullum
1475 3734 1781 3791 peccantem
1809 3740 1990 3781 coram

423 3799 529 3855 alio
557 3802 754 3857 audere
804 3818 1058 3872 peccare;
1088 3809 1296 3864 etiamsi
1344 3823 1544 3880 peccet,
1595 3824 1768 3870 tamen
1800 3824 1989 3873 testem

423 3894 591 3948 vitare
633 3896 871 3963 peccati,
924 3902 1131 3954 mentiri
1173 3902 1336 3972 magis
1365 3915 1419 3959 et
1470 3919 1695 3976 negare,
1747 3919 1800 3965 et
1842 3923 1993 3968 vetus

424 3983 672 4039 delictum
717 4003 854 4042 novo
895 3990 1159 4045 inficiandi
1187 4007 1380 4062 augere
1402 3996 1616 4052 delicto.
1648 3998 1811 4070 Igitur
1837 4006 1991 4071 quasi

423 4077 522 4131 sub
546 4078 736 4141 oculis,
762 4079 956 4147 aiebat,
1004 4083 1219 4149 nostris,
1249 4094 1306 4141 et
1335 4089 1565 4158 cogitatu
1616 4091 1992 4149 confundimur

419 4175 475 4221 et
500 4174 647 4232 actu,
677 4170 723 4223 si
766 4172 943 4225 omnia
989 4173 1266 4230 referenda
1298 4177 1575 4247 faciamus,
1612 4182 1783 4238 multo
1810 4195 1987 4242 autem

423 4262 614 4331 magis,
643 4265 688 4317 si
720 4274 929 4331 peccata
962 4278 1139 4325 nostra
1173 4270 1399 4327 fideliter
1443 4275 1806 4333 describentes
1833 4279 1988 4351 dige-

420 4366 598 4405 ramus
641 4352 692 4406 in
722 4354 983 4412 ordinem.
1030 4357 1176 4413 'l‘uue
1211 4376 1338 4415 vero
1368 4367 1639 4419 annotatio
1672 4368 1986 4425 delictorum

421 4443 643 4497 fratrum
671 4444 937 4500 videbitur
960 4449 1147 4505 oculis.
1174 4450 1232 4506 Si
1266 4452 1566 4509 timebimus
1593 4459 1793 4525 peccati
1833 4475 1984 4515 ceras

2107 1885 2339 1940 Tandem
2367 1887 2611 1952 credidit,
2651 1896 2704 1942 et
2734 1887 3002 1957 profectus
3030 1900 3142 1954 est;
3194 1906 3255 1945 ac
3284 1892 3393 1946 visa
3422 1890 3676 1965 Egypto,

2107 1976 2392 2031 secundum
2451 1979 2835 2047 professionem
2889 1982 3065 2045 senis,
3115 1996 3273 2051 quam
3332 1982 3379 2037 ei
3426 1983 3676 2041 Dominus

2106 2072 2277 2125 oranti
2309 2072 2661 2135 revelaverat,
2694 2072 2958 2128 infestatio
2985 2076 3211 2129 cessavit
3239 2076 3453 2131 inimici.

2176 2160 2307 2217 CAP.
2356 2162 2530 2217 XXX.
2554 2191 2623 2202 --
2652 2162 2807 2232 Virgo
2836 2179 2961 2218 vero
3004 2165 3267 2234 quzedam,
3293 2182 3409 2236 qua:
3446 2169 3512 2223 de
3534 2165 3685 2224 Busio

2105 2251 2176 2306 ris
2220 2252 2562 2319 Tripolitanae
2611 2255 2843 2325 regionis
2873 2254 2987 2325 (67)
3030 2257 3242 2312 civitate
3291 2258 3489 2315 ibidem
3536 2272 3686 2326 erat,

2105 2343 2354 2398 inauditis
2380 2359 2441 2398 ac
2470 2343 2730 2400 flebilibus
2777 2347 2977 2402 morbis
3006 2348 3296 2403 laborabat.
3333 2351 3544 2406 Etenim
3581 2369 3679 2407 na-

2104 2434 2239 2488 rium
2288 2446 2661 2504 purgamenta,
2715 2437 2989 2493 oculorum
3037 2429 3303 2512 lacrytme,
3333 2445 3543 2497 aurium
3574 2460 3685 2511 pu-

2106 2527 2273 2583 tridus
2303 2529 2493 2583 humor
2524 2531 2574 2583 in
2607 2540 2800 2585 terram
2846 2532 3044 2587 cadens
3081 2534 3354 2589 confestim
3386 2537 3437 2591 in
3469 2553 3687 2593 vei-mes

2103 2619 2467 2674 vertebantur.
2516 2621 2755 2690 Augebat
2797 2627 3149 2679 calamitatem
3196 2641 3389 2695 corpus
3438 2628 3683 2698 paralysi

2102 2712 2441 2779 dissolutum,
2468 2716 2652 2768 oculos
2681 2733 2893 2785 quoque
2924 2733 3204 2785 perversos
3225 2730 3403 2773 contra
3435 2730 3687 2776 naturam

2104 2806 2324 2861 habens.
2355 2806 2500 2861 Hanc
2530 2818 2776 2876 parentes
2820 2812 2934 2876 ejus
2962 2808 3283 2875 deferentes,
3325 2829 3442 2867 cum
3471 2812 3536 2867 ad
3566 2815 3688 2868 Au-

2102 2898 2303 2952 tonium
2352 2902 2645 2954 monachos
2675 2900 2752 2954 ire
2782 2901 3122 2967 didicissent;
3170 2906 3449 2959 credentes
3492 2910 3541 2959 in
3578 2906 3691 2961 Do-

2101 2991 2268 3055 mino,
2298 2990 2384 3060 qui
2418 2992 2742 3059 pertinacem
2771 2994 3042 3064 sanguinis
3072 2993 3271 3050 ﬂuxum
3304 2996 3356 3051 iu
3391 2999 3689 3067 Evangelia

2103 3092 2242 3136 tactu
2290 3082 2509 3137 fimbrias
2558 3093 2704 3140 stare
2736 3097 3057 3156 praeceperat
3091 3085 3422 3159 (Matth.,tx)
3448 3104 3690 3159 rogave-.

2102 3182 2226 3228 runt
2274 3184 2331 3228 ut
2379 3177 2732 3231 miserabilem
2787 3178 2908 3232 filiae
2964 3181 3271 3233 comitatum
3316 3185 3682 3251 susciperent.

2100 3266 2208 3320 Illis
2238 3267 2585 3323 renitentibus
2612 3284 2731 3322 eam
2755 3284 2921 3340 usque
2948 3269 3013 3324 ad
3045 3271 3329 3326 Antonium
3356 3275 3683 3341 perducere,

2100 3372 2405 3413 remansere
2435 3371 2681 3428 parentes
2730 3360 2843 3430 ejus
2877 3362 3002 3415 foris
3031 3376 3150 3416 cum
3184 3363 3287 3417 filia
3342 3364 3503 3419 deltili
3535 3369 3682 3435 apud

2099 3449 2306 3503 beatum
2333 3452 2692 3506 confessorem
2719 3464 2771 3506 et
2802 3453 3117 3507 monachum
3150 3454 3507 3525 Paphnutium
3533 3459 3679 3529 (68),

2095 3541 2183 3609 qui
2213 3540 2421 3599 en‘ossis
2446 3556 2541 3611 pro
2566 3544 2777 3598 Christo
2815 3545 2981 3600 oculis
3019 3547 3117 3602 sub
3143 3546 3465 3603 Maximiano
3495 3566 3685 3621 perse-

2095 3642 2301 3699 cutore,
2335 3634 2427 3689 tali
2454 3634 2929 3693 dehoneSIamento
2962 3638 3077 3709 (69)
3108 3642 3349 3709 corporis
3379 3642 3683 3712 plurimum

2094 3728 2437 3796 gloriabatur.
2474 3730 2831 3785 Pervenerunt
2878 3733 3033 3803 igitur
3062 3732 3128 3788 ad
3160 3737 3447 3790 Antonium
3482 3754 3685 3791 mona-

2093 3819 2201 3873 chi.
2230 3820 2469 3889 Cumque
2496 3820 2562 3875 de
2591 3825 2782 3877 morbo
2822 3825 3009 3893 puella:
3041 3828 3239 3882 referre
3268 3829 3369 3899 51
3405 3828 3677 3897 dispone-

2093 3920 2247 3975 rent,
2300 3914 2611 3969 relationem
2642 3930 2826 3970 eorum
2879 3919 3025 3975 senis
3074 3934 3254 3977 sermo
3285 3926 3565 3991 praevenit;
3617 3933 3678 3980 et

2092 4019 2302 4059 omnem
2356 4007 2645 4061 debilitatis
2707 4020 2758 4063 et
2810 4010 3018 4067 itineris
3074 4030 3241 4084 usque
3292 4016 3356 4070 ad
3420 4027 3671 4072 sanctum

2095 4097 2439 4165 Paphnutium
2487 4114 2723 4165 causam,
2772 4106 2921 4171 quasi
2957 4106 3069 4174 ipse
3123 4109 3466 4175 interfuisset,
3497 4126 3675 4179 expo-

2090 4190 2214 4242 suit.
2243 4189 2569 4260 Rogantibus
2595 4201 2773 4249 autem
2803 4209 2925 4249 eum
2951 4198 3247 4263 monachis,
3277 4211 3335 4254 ut
3361 4201 3680 4266 parentibus

2090 4295 2209 4333 cum
2241 4281 2342 4335 filia
2374 4284 2764 4351 permitteretur
2790 4288 3075 4352 ingressus.
3110 4305 3217 4345 non
3259 4296 3546 4360 concessit,
3572 4297 3681 4352 sed

2089 4371 2201 4424 ait:
2235 4371 2339 4439 Ite,
2370 4382 2424 4428 et
2462 4374 2747 4431 invenietis
2776 4380 3028 4447 puellam,
3070 4382 3112 4435 si
3165 4398 3270 4437 non
3320 4396 3401 4438 est
3431 4396 3679 4453 mortua,

2089 4471 2345 4517 curatam.
2380 4465 2445 4518 Et
2486 4466 2721 4536 adjecit:
2753 4467 2936 4524 Nullus
2976 4472 3135 4527 debet
3162 4475 3225 4527 ad
3265 4491 3435 4529 meam
3481 4478 3680 4533 humi-

415 4535 659 4590 conscias
684 4536 820 4606 (66),
873 4540 970 4608 ipsi
1002 4556 1098 4597 nos
1125 4553 1349 4613 arguerit
1386 4550 1584 4615 apices.
1616 4550 1679 4603 Et
1712 4552 1983 4619 quomodo
2010 4550 2287 4622 Dlitatem
2337 4535 2564 4619 venire,
2610 4558 2731 4627 quia
2782 4560 2992 4630 largitio
3047 4567 3375 4618 curationum
3423 4582 3525 4620 non
3573 4580 3676 4623 est

415 4627 781 4684 meretricibus
827 4631 1066 4687 membra
1110 4635 1433 4701 miscentes.
1473 4639 1871 4696 eonfunduntur
1913 4647 1980 4698 ad

417 4720 751 4783 praesentiant
781 4732 1093 4778 etetererum
1115 4766 1129 4788 ,
1181 4727 1250 4781 ita
1277 4737 1331 4782 et
1375 4744 1470 4784 nos
1496 4734 1874 4821 erubescamus
1911 4736 1980 4791 ad

414 4808 648 4875 litteras,
700 4813 746 4868 si
794 4815 906 4867 hare
956 4828 1191 4886 agamus.
1248 4821 1393 4875 lianc
1419 4823 1627 4878 virtutis
1674 4808 1982 4895 gradiamur

413 4900 576 4963 viaut.
605 4910 661 4957 et
682 4915 904 4973 corpora
948 4908 1214 4964 mentibus
1259 4911 1625 4981 subjugantes,
1660 4917 1980 4984 perniciosas

414 4990 608 5045 diaboli
668 5005 1007 5053 conteramus
1074 5001 1311 5056 insidias.
1364 5004 1578 5059 Taiibus
1647 5010 1981 5063 sermonibus

411 5083 861 5157 hortamentisque
886 5102 943 5145 et
973 5093 1246 5148 venientes
1290 5097 1355 5149 ad
1388 5112 1447 5152 se
1477 5104 1765 5155 monachos
1794 5104 1976 5158 incita-

413 5177 503 5231 bat
528 5176 595 5232 ad
621 5179 875 5248 studium,
902 5195 955 5237 et
982 5187 1302 5251 patientibus
1327 5192 1661 5257 condolebat,
1693 5194 1976 5264 pluresque

414 5280 597 5322 eorum
645 5270 901 5326 Dominus
941 5290 1033 5343 per
1062 5278 1348 5334 Antonium
1395 5283 1656 5339 liberavit.
1700 5284 1973 5354 Nunquam

411 5371 588 5414 tamen
614 5370 703 5415 aut
732 5364 798 5417 de
820 5364 1180 5424 incolumitate
1220 5382 1520 5426 cirratorum
1545 5382 1622 5427 est
1653 5374 1865 5430 inﬂatus
1907 5378 1975 5432 ad

411 5449 653 5519 gloriam,
684 5465 775 5507 aut
800 5460 1139 5513 contristatus
1186 5464 1254 5516 de
1280 5466 1515 5518 obsessis
1545 5467 1717 5521 adhuc
1740 5472 1976 5537 corpori-

414 5539 511 5594 bus
535 5548 917 5612 tuurmuravit;
948 5550 1113 5619 magis
1142 5563 1317 5605 autem
1354 5554 1542 5607 eodem
1566 5570 1776 5625 semper
1798 5558 1976 5614 animo

408 5640 461 5686 et
491 5632 635 5690 vultu
680 5650 919 5699 manens.
948 5640 1144 5708 gratias
1184 5641 1296 5696 Deo
1321 5644 1599 5709 referebat,
1635 5647 1864 5703 suadens
1887 5663 1978 5703 oe-

408 5728 612 5792 Qltpatis
658 5742 713 5786 ut
743 5735 1129 5801 correptionem
1175 5750 1276 5804 qua
1316 5737 1662 5803 vexabantur,
1691 5742 1973 5809 patientius

2089 4641 2332 4698 humanae
2362 4646 2611 4711 miseriae,
2643 4649 2733 4703 sed
2760 4649 2884 4705 Iesu
2912 4652 3112 4709 Christi
3143 4656 3545 4724 misericordia),
3569 4662 3679 4729 qui

2086 4734 2281 4805 ubique
2299 4738 2349 4790 in
2370 4752 2431 4794 se
2450 4740 2786 4796 credentibus
2808 4754 2997 4809 praesta
3008 4763 3064 4801 re
3085 4748 3358 4804 consuevit
3380 4751 3676 4811 auxilium.

2086 4828 2439 4894 Quamobrem
2482 4840 2539 4885 et
2575 4832 2691 4900 illa,
2735 4850 2831 4903 pro
2869 4852 2969 4905 qua
3014 4840 3221 4909 petitis,
3272 4845 3384 4897 suis
3417 4844 3679 4911 precibus

2088 4918 2310 4973 liberata
2341 4930 2457 4985 est;
2487 4933 2540 4976 et
2561 4938 2679 4977 eum
2708 4930 2773 4977 ad
2822 4926 3099 4983 Dominum
3132 4945 3341 4986 orarem
3365 4948 3487 5003 ego,
3530 4934 3675 4989 mihi

2087 5011 2419 5078 pmscientia
2447 5015 2688 5075 sanitatis
2714 5016 2830 5085 ejus
2861 5019 3065 5075 indulta
3093 5032 3196 5077 est.
3226 5023 3388 5090 Dixit,
3416 5036 3470 5080 et
3497 5024 3674 5081 verba

2082 5100 2199 5170 ejus
2242 5105 2426 5171 puellm
2480 5106 2812 5163 incolumitas
2859 5122 3039 5168 secuta
3076 5124 3177 5169 est.
3210 5113 3342 5171 Nam
3395 5128 3674 5174 exeuntes

2083 5191 2224 5245 foras
2248 5193 2313 5246 ad
2357 5194 2565 5249 beatum
2614 5196 2967 5267 Papbnmium
2986 5247 3000 5270 ,
3028 5216 3081 5261 et
3109 5204 3271 5262 filiam
3298 5210 3570 5278 sospitem,
3606 5221 3676 5267 et

2083 5296 2329 5353 parentes
2358 5287 2508 5341 laetos
2546 5304 2880 5359 repererunt.

2153 5375 2279 5433 CAP.
2312 5378 2591 5435 XXXi.--
2616 5384 2727 5438 Non
2777 5389 2968 5441 niultos
2988 5401 3164 5446 autem
3203 5404 3321 5462 post
3370 5394 3467 5451 ista
3512 5396 3667 5463 dies.

2082 5484 2202 5523 eum
2232 5472 2438 5527 duobus
2466 5473 2714 5530 fratribus
2746 5479 2993 5557 euntibus
3017 5481 3082 5536 ad
3112 5484 3400 5541 Antonium
3432 5503 3565 5558 aqua
3600 5488 3672 5547 in

2084 5560 2277 5618 itinere
2301 5565 2605 5632 defecisset,
2638 5577 2691 5623 et
2718 5584 2823 5623 uno
2847 5570 2935 5626 siti
2962 5584 3191 5639 mortuo,
3219 5577 3356 5634 alter
3370 5579 3572 5650 jaceret
3602 5584 3671 5640 in

2083 5661 2220 5709 terra
2253 5667 2477 5714 mortem
2503 5668 2837 5728 exspectans,
2862 5662 3122 5721 Antonius
3149 5672 3338 5725 sedens
3370 5674 3418 5726 in
3449 5684 3676 5739 monte.

2082 5748 2325 5804 celeriter
2354 5750 2417 5805 ad
2446 5766 2503 5807 se
2531 5752 2662 5808 duos
2692 5757 2978 5815 monachos
3008 5764 3232 5829 vocavit,
3264 5764 3349 5833 qui
3392 5763 3525 5820 forte
3555 5764 3681 5821 ilii-
