4002 6238
329 314 423 373 153

1417 310 1574 367 ἫΤΑ
1611 308 1813 365 DEATI
1852 306 2123 366 ANTONII
2164 313 2470 370 ΑΒιιιτιε.

3453 320 3557 382 154

326 436 437 488 dem
465 438 589 487 sunt
628 432 860 500 reperti;
890 438 943 485 et
970 428 1216 484 testinata
1264 443 1515 499 prteceptt
1548 441 1601 483 ut
1633 434 1870 500 lagenam
1902 431 1950 485 Α
1979 428 2189 499 (Matth.
2223 434 2359 499 xiv).
2407 432 2529 486 Hecc
2557 444 2733 488 autem
2766 436 3099 501 Theodorus,
3128 442 3388 507 promisso
3419 452 3557 498 tem-

326 536 466 592 aqute
513 533 889 587 assumentes,
940 520 1249 575 invaderent
1292 522 1392 578 iter
1435 522 1574 591 quod
1628 523 1773 577 ducit.
1816 524 1883 577 ad

326 615 634 686 digyptum,
655 615 893 682 dixitque
922 630 936 667 τ
962 628 1138 668 unuse
1154 614 1404 669 fratribus
1426 616 1529 670 huc
1551 615 1882 670 advenienti-

322 712 410 765 bus
437 711 600 762 modo
627 709 867 777 migravit
887 709 951 761 ad
994 707 1308 771 Dominum;
1336 709 1500 771 alter,
1531 705 1577 760 si
1618 723 1721 761 non
1764 722 1887 762 suc-

321 802 587 858 curreritis
612 801 870 866 addetur;
904 802 1003 856 hoc
1032 801 1171 855 enim
1203 800 1332 855 mihi
1364 816 1501 855 nunc
1530 803 1699 855 oranti
1734 817 1884 856 reve-

322 896 473 952 latum
503 906 609 950 est.
638 896 729 952 Sic
759 898 859 959 ait;
889 905 944 950 et
967 897 1114 964 juxta
1143 906 1464 964 praeceptum
1494 896 1611 966 ejus
1639 894 1885 950 monachi

319 989 646 1049 festinantes,
672 989 989 1043 exstinctum
1016 1002 1208 1055 corpus
1235 988 1529 1053 inveniunt,
1564 997 1807 1056 terraque
1832 985 1883 1039 id

317 1079 635 1146 Operientes,
666 1080 891 1133 alterum
915 1077 1262 1133 refocillatum
1290 1092 1388 1132 suo
1405 1078 1696 1146 junxerunt
1719 1076 1886 1130 comi-

316 1175 455 1227 tatui.
481 1172 616 1227 Erat
636 1180 811 1226 autem
835 1173 1060 1241 spatium
1087 1172 1290 1226 itineris
1312 1171 1466 1225 unius
1488 1171 1614 1227 diei.
1638 1168 1885 1224 Fortasse

318 1266 503 1334 aliquis
534 1275 741 1335 quierat
768 1283 782 1318 ε
815 1280 911 1319 cur
940 1281 1044 1319 non
1091 1274 1373 1335 antequam
1407 1273 1722 1329 moreretur,
1772 1265 1882 1315 An-

319 1360 482 1413 tonius
511 1359 756 1413 dixerit?
779 1358 1075 1429 Incongruo
1104 1374 1323 1428 prorsus
1360 1357 1674 1412 Christianis
1724 1370 1886 1419 argu-

322 1462 511 1513 mento,
540 1455 663 1521 quia
690 1469 796 1507 non
829 1453 1066 1517 Antonii,
1100 1452 1190 1507 sed
1232 1452 1324 1506 Dei
1351 1451 1607 1520 judicium
1641 1449 1758 1508 fuit,
1793 1448 1882 1517 qui

325 1543 455 1596 etde
481 1545 786 1607 recedente,
815 1560 970 1613 quam
1003 1545 1189 1609 voluit,
1218 1542 1534 1598 sententiam
1568 1541 1708 1603 tulit,
1740 1548 1792 1592 ct
1818 1537 1884 1593 de

322 1635 522 1691 sitiente
548 1641 790 1693 revelare
816 1639 1063 1706 dignatus
1088 1648 1185 1692 est.
1215 1637 1323 1691 Hoc
1351 1645 1552 1689 tantum
1578 1637 1630 1688 in
1655 1634 1884 1688 Antonio

324 1729 551 1784 mirabile
598 1741 702 1791 est,
732 1730 872 1797 quod
923 1731 976 1782 in
1028 1739 1209 1783 monte
1257 1728 1617 1782 remotissimo
1665 1728 1880 1789 sedens,

1989 542 2117 597 pore
2146 543 2250 580 non
2279 529 2432 594 dixit,
2468 539 2583 596 post
2608 529 2726 615 ejus
2753 541 2978 585 mortem
3012 533 3207 589 retulit.

2059 621 2297 676 Monachi
2329 637 2474 683 vero,
2508 624 2694 690 quibus
2727 624 2934 678 dixerat
2966 626 3223 679 Antonius
3269 628 3335 681 de
3380 643 3554 685 morte

1988 714 2285 781 Ammonis,
2321 723 2638 768 notaverunt
2666 716 2804 769 diettt
2834 735 2845 769 :
2872 728 2921 771 et
2947 719 3280 775 venientibus
3300 722 3367 775 de
3390 722 3556 778 Nitria

1985 807 2236 860 fratribus
2277 818 2395 875 post
2423 809 2535 865 dies
2584 811 2818 877 triginta,
2872 812 3204 868 sciscitantes
3248 830 3559 878 repererunt

1986 899 2078 953 illo
2116 900 2202 955 die
2231 901 2426 963 illaque
2458 902 2583 955 hora
2612 903 2874 956 dormisse
2905 905 3243 969 Ammonem,
3294 922 3395 973 qua
3445 908 3561 960 atti-

1987 1006 2129 1045 mam
2160 992 2277 1061 ejus
2306 994 2430 1048 ferri
2455 1010 2615 1048 senex
2643 995 2880 1061 viderat;
2908 998 3120 1066 utrique
3153 999 3312 1068 igitur
3357 1001 3559 1068 purita-

1986 1092 2093 1139 tem
2121 1086 2312 1139 mentis
2342 1088 2392 1139 in
2424 1088 2654 1143 Antonio
2681 1087 2853 1142 mirati
2888 1100 3033 1155 sunt,
3056 1092 3326 1157 quomodo
3354 1097 3425 1146 rei
3451 1102 3557 1149 tam

1986 1174 2141 1244 longe
2167 1189 2330 1246 gestte
2355 1178 2530 1231 statim
2563 1179 2628 1233 ad
2667 1194 2787 1233 eum
2816 1181 3003 1236 fuisset
3055 1178 3257 1247 per‘lata
3304 1186 3556 1253 cognitio.

2055 1267 2183 1322 CAP.
2227 1268 2553 1323 XXXIII.—-—
2581 1273 2874 1327 Archelaus
2921 1290 3131 1345 quoque
3178 1292 3379 1341 comes,
3434 1294 3556 1333 cunt

1986 1375 2105 1414 eum
2140 1362 2432 1418 invenisset
2479 1366 2533 1418 in
2580 1366 2827 1420 exteriori
2876 1379 3054 1423 monte
3086 1369 3221 1441 (75),
3250 1372 3457 1440 rogavit
3505 1381 3564 1426 ut

1984 1463 2163 1506 oraret
2189 1471 2285 1521 pro
2308 1456 2602 1525 Polycratia
2625 1458 2763 1526 (74),
2791 1474 2907 1528 qua:
2928 1460 2978 1513 in
3004 1460 3261 1516 Laodicea
3285 1472 3395 1517 erat
3420 1462 3560 1533 (75),

1986 1544 2278 1600 admirabili
2311 1557 2364 1602 et
2391 1548 2604 1604 Christo
2630 1546 2807 1605 dedita
2832 1555 3053 1622 virgine.
3088 1553 3391 1609 Patiebatur
3413 1558 3558 1611 enim

1989 1636 2248 1701 pessimos
2275 1641 2533 1694 stomachi
2574 1654 2627 1695 et
2676 1643 2857 1698 lateris
2904 1645 3137 1709 dolores,
3169 1663 3301 1714 quos
3343 1649 3561 1717 jejuniis

1989 1727 2167 1783 nimiis
2186 1729 2481 1801 vigiliisque
2506 1745 2865 1800 contraxerat,
2890 1744 2942 1789 et
2968 1746 3081 1789 erat
3105 1739 3311 1804 penitus
3338 1748 3449 1793 toto
3470 1741 3561 1795 de-

325 1821 472 1876 corde
498 1822 743 1892 pervigili
781 1830 972 1876 cuncta
1013 1821 1195 1891 procul
1228 1821 1418 1891 posita,
1475 1819 1700 1874 Domino
1745 1816 1881 1870 iudi-
1914 1803 1958 1862 Β
1989 1819 2108 1873 bilis
2137 1836 2373 1890 corpore.
2409 1824 2694 1895 Otavitque
2715 1828 2993 1892 Antonius,
3024 1839 3075 1881 et
3101 1803 3238 1884 diem
3262 1844 3367 1899 quo
3390 1832 3562 1886 oratio

328 1923 491 1977 caute,
514 1924 878 1976 cognosceret.

391 1985 513 2041 Car.
540 1984 970 2040 XXXll.—Alio
986 2000 1168 2040 rursus
1194 1985 1245 2039 in
1274 1994 1512 2053 tempore
1530 1999 1649 2038 cum
1675 1981 1885 2037 sederet

334 2077 388 2132 iu
406 2087 595 2141 monte,
616 2090 668 2133 et
690 2080 876 2133 oculos
898 2078 1077 2133 subito
1100 2078 1415 2133 tetendisset
1440 2078 1491 2131 itt
1519 2076 1736 2139 cretum,
1754 2073 1885 2127 vidit

346 2170 514 2223 nescio
539 2184 689 2239 quam
731 2171 980 2235 animam,
1007 2170 1308 2225 balantibus
1347 2170 1398 2223 in
1444 2168 1559 2235 ejus
1603 2181 1881 2221 occursum

348 2259 557 2329 angelis,
587 2261 650 2313 ad
679 2261 856 2315 cretum
888 2274 1131 2330 pergere.
1153 2258 1318 2329 Cujus
1338 2259 1623 2328 spectaculi
1651 2259 1885 2313 novitate

338 2349 671 2416 stupefactus,
698 2350 903 2404 beatum
929 2350 1063 2405 dixit
1088 2361 1392 2405 sanctorum
1424 2351 1667 2416 chorum,
1694 2350 1884 2403 oravit-

331 2453 427 2505 que
454 2447 508 2491 ut
534 2439 637 2493 sibi
665 2440 739 2495 rei
769 2441 1048 2508 praesentis
1075 2442 1274 2510 agnitio
1303 2441 1639 2508 panderetur.
1678 2440 1741 2494 Et
1770 2452 1882 2494 sta-

331 2531 414 2586 tim
436 2547 530 2585 vox
561 2532 626 2586 ad
657 2548 778 2586 eum
808 2530 944 2588 facta
973 2543 1073 2598 est,
1124 2534 1367 2604 inquiens
1395 2534 1547 2587 istam
1595 2546 1716 2587 esse
1757 2535 1883 2584 Am-

335 2623 489 2675 monis
516 2622 764 2678 monachi
794 2624 1023 2678 animam
1055 2624 1168 2694 (70)
1196 2625 1283 2693 qui
1324 2624 1503 2680 Nitriae
1554 2622 1881 2677 morabatur.

336 2712 445 2768 Erat
470 2722 641 2768 autem
670 2716 899 2769 Ammon
928 2716 1008 2769 vir
1037 2715 1382 2785 grandaevus,
1413 2717 1502 2786 qui
1534 2730 1881 2785 perseveran-

335 2818 406 2861 ter
428 2821 452 2859 a
484 2807 707 2875 pueritia
737 2822 911 2877 uSque
950 2810 1014 2861 ad
1043 2818 1372 2862 senectutem
1396 2809 1449 2861 in
1479 2809 1759 2862 sanctitate
1804 2806 1881 2861 vi-

337 2908 460 2952 xerat
485 2897 742 2967 (Ruf/im,
775 2898 814 2951 ι.
844 2914 879 2953 ιι
899 2939 913 2961 .
942 2914 989 2955 c.
1014 2898 1119 2964 28;
1152 2898 1383 2962 Pallad.,
1412 2914 1462 2952 c.
1491 2899 1554 2965 7,
1583 2898 1660 2962 8).
1694 2897 1884 2952 Itinere

342 3004 517 3059 Quoque
543 2989 756 3044 dierum
786 2991 1038 3045 tredecim
1067 2990 1204 3058 (7i),
1230 3005 1259 3044 a
1290 2989 1451 3044 Nitria
1471 3030 1486 3053 ,
1520 2989 1667 3043 locus
1696 2989 1749 3043 itt
1779 3004 1884 3057 quo

338 3082 523 3137 sedetut
554 3082 859 3146 Antonius,
890 3081 1241 3136 dividebatur.
1276 3082 1526 3137 Videutes
1555 3092 1731 3135 autem
1760 3096 1881 3136 eum

1990 1912 2161 1983 fuerat
2192 1914 2324 1969 facta
2356 1919 2627 1971 annotavit
2674 1919 2985 1974 Archelaus.
3022 1921 3175 1976 Redit
3223 1922 3563 1987 Laodiceam.

1987 2014 2043 2058 et
2086 2005 2287 2061 invenit
2330 2007 2587 2077 virginem
2632 2009 2971 2065 incolumem.
3025 2012 3374 2069 Percontatus
3419 2016 3562 2070 diem

1987 2097 2250 2161 sanitatis,
2279 2098 2477 2165 reperit
2523 2111 2733 2168 tempus
2778 2103 3000 2158 medelm
3048 2119 3165 2159 cum
3215 2109 3561 2163 annotatione

1987 2200 2282 2259 congruere
2311 2192 2433 2262 52.
2468 2191 2533 2244 Et
2558 2206 2742 2246 omnes
2771 2194 3012 2249 admirati
3041 2207 3184 2262 sunt,
3211 2211 3565 2269 agnoscentes

1986 2294 2051 2335 eo
2074 2289 2312 2349 tempore
2339 2283 2477 2335 illam
2505 2297 2534 2336 a
2564 2281 2788 2338 Domino
2818 2288 2977 2341 fuisse
3008 2304 3034 2339 a
3068 2290 3340 2345 doloribus
3371 2293 3563 2348 libera-

1987 2378 2118 2437 tam,
2147 2385 2255 2441 qno
2284 2388 2443 2428 orans
2474 2374 2734 2430 Antonius
2766 2392 2861 2445 pro
2892 2378 3004 2445 ipsa
3050 2380 3341 2436 bonitatem
3379 2385 3563 2439 Salva-

1986 2460 2115 2517 toris
2137 2463 2491 2521 invocaverat.

2057 2553 2187 2608 Car.
2220 2553 2462 2611 XXXIV.
2491 2557 2744 2629 —Sa:pc
2792 2560 2951 2615 etiam
3003 2560 3069 2615 ad
3125 2578 3184 2618 se
3234 2565 3560 2620 venientium

1988 2646 2287 2713 turbarum,
2318 2658 2443 2703 ante
2472 2648 2586 2704 dies
2606 2659 2659 2705 et
2686 2666 2919 2717 menses,
2951 2660 3005 2708 et
3029 2668 3216 2708 causas
3248 2659 3561 2723 praedixitet

1985 2745 2241 2806 tempora.
2276 2739 2409 2793 Nam
2437 2743 2693 2809 quosdam
2723 2742 2936 2800 videndi
2964 2760 3085 2799 eum
3120 2757 3319 2800 tantum
3351 2748 3563 2805 deside-

1983 2828 2144 2893 rium,
2174 2828 2311 2884 alios
2343 2831 2694 2899 imbecillitas,
2730 2834 3015 2891 nonnullos
3043 2835 3257 2892 obsessa
3289 2852 3319 2890 a
3357 2838 3563 2893 dzeuto-

1986 2919 2142 2975 nibus
2180 2935 2407 2989 corpora
2449 2924 2825 2992 pertrahebant
2854 2944 2870 2981 :
2899 2941 3056 2981 nemo
3101 2938 3277 2981 tamen
3329 2946 3560 2999 unquam

1982 3010 2323 3065 vexationem
2355 3022 2446 3066 aut
2484 3012 2855 3069 detrimentum
2885 3016 3131 3072 laboriosi
3183 3020 3386 3074 itineris
3434 3037 3561 3075 eou-

1983 3111 2202 3171 questus
2220 3111 2323 3168 est,
2339 3105 2776 3173 regrediebantur
2796 3123 2981 3165 omnes
3004 3112 3226 3179 spiritali
3252 3113 3371 3167 cibo
3389 3115 3555 3183 pleni.

327 3171 551 3225 monachi
588 3172 963 3234 admirantem,
994 3171 1080 3240 qui
1127 3181 1404 3235 venerant,
1444 3171 1710 3241 deprecati
1759 3179 1883 3226 sunt

1993 3195 2048 3246 At
2083 3193 2173 3248 ille
2205 3171 2567 3263 prtecipiebat,
2601 3212 2705 3250 non
2736 3211 2846 3252 suae
2887 3171 3049 3255 laudi.
3077 3200 3212 3256 hanc
3254 3171 3562 3258 aduri-ratio-

321 3274 373 3318 ιιι
393 3279 613 3319 causam
648 3265 929 3319 hilaritatis
957 3263 1207 3319 ediceret.
1238 3264 1441 3331 Quibus
1471 3265 1544 3319 ait
1572 3263 1730 3319 modo
1760 3268 1885 3318 Atu-

320 3372 524 3409 mouem
557 3357 831 3424 quievisse
858 3371 1014 3425 quem
1044 3366 1260 3426 prepter
1300 3356 1625 3427 frequentem
1677 3357 1791 3426 ejus
1817 3356 1883 3411 ad

315 3450 606 3503 Antonium
636 3460 1013 3516 commeatum,
1044 3456 1098 3503 et
1140 3458 1353 3518 propter
1399 3450 1761 3505 celebritatem
1804 3450 1887 3503 in-

308 3544 586 3599 dultorum
619 3544 668 3598 ei
700 3559 729 3596 a
762 3542 984 3597 Domino
1013 3546 1281 3613 signorum
1307 3543 1505 3609 Optime
1536 3552 1812 3597 noverant.

370 3646 440 3701 De
481 3646 681 3716 quibus
708 3646 866 3700 etiam
899 3645 999 3699 hoc
1018 3659 1182 3698 unum
1208 3645 1489 3699 dicendum
1515 3654 1595 3698 est
1619 3663 1631 3696 :
1658 3644 1885 3698 Necesse

306 3738 350 3792 ei
374 3738 481 3792 fuit
530 3736 818 3805 aliquando
846 3737 1038 3790 flumen
1070 3736 1283 3791 nomine
1326 3736 1521 3806 Lycum
1554 3736 1667 3806 (7‘2)
1699 3738 1885 3791 subitis

309 3832 449 3900 aquis
492 3828 808 3884 inundatum
840 3828 1180 3883 transvadare
1209 3828 1434 3899 (Ruf/in.
1467 3836 1513 3881 et
1543 3826 1777 3892 Pallad.,
1799 3845 1886 3882 su-

304 3927 446 3996 pra);
494 3922 804 3993 rogavitque
835 3920 1194 3983 Theodorum,
1225 3922 1315 3992 qui
1353 3936 1472 3976 cum
1506 3922 1621 3989 ipso
1662 3932 1797 3986 erat,
1828 3930 1888 3976 ut

301 4016 591 4086 paululum
623 4030 651 4067 a
696 4030 793 4068 suo
830 4023 1165 4083 separaretur
1210 4023 1445 4083 aspectu,
1478 4029 1545 4068 ne
1590 4012 1885 4067 nuditatem

298 4109 561 4177 corporis
615 4108 839 4163 invicem
908 4119 1130 4177 uterque
1190 4110 1579 4176 conSpicerent.
1644 4107 1887 4162 Recessit

299 4200 655 4268 Theodorus,
687 4200 1023 4254 nihilominus
1048 4200 1136 4253 ille
1158 4202 1387 4268 seipsum
1411 4215 1529 4253 cum
1555 4200 1757 4254 nudare
1776 4200 1888 4255 vel-

296 4294 391 4357 let,
422 4292 671 4349 erubuit.
696 4293 1026 4363 Cogitantetn
1050 4301 1224 4345 autem
1248 4305 1368 4345 eum
1401 4292 1451 4344 in
1478 4290 1694 4344 alteram
1719 4292 1887 4360 ripam

300 4393 487 4443 virtus
519 4387 692 4439 divina
724 4388 1070 4454 transposuit.
1111 4385 1419 4455 Rursusque
1446 4385 1776 4449 Theodorus,
1808 4386 1888 4440 vir

293 4492 350 4537 et
369 4481 499 4547 ipse
526 4480 632 4534 Deo
653 4481 893 4548 devotus,
919 4480 1178 4534 transiens
1205 4480 1269 4532 ad
1292 4494 1473 4534 senem
1500 4480 1677 4533 mirari
1701 4480 1886 4549 coepit,

1989 3302 2108 3340 nem
2159 3287 2227 3341 ab
2268 3288 2346 3342 eis
2388 3289 2640 3358 applicari
2685 3290 2915 3359 debere;
2949 3293 3041 3347 sed
3088 3294 3315 3359 Domini,
3346 3298 3435 3363 qui
3481 3300 3564 3357 sui

1990 3379 2257 3435 ιιοιίοιιειη
2291 3380 2594 3438 hominibus
2625 3398 2719 3453 pro
2767 3387 3058 3455 capacitate
3101 3389 3435 3445 mortalitatis
3479 3394 3562 3448 in-

1986 3472 2224 3528 dulserit.

2058 3563 2186 3618 Car.
2229 3564 2443 3619 XXXV.
2474 3593 2531 3609 -
2569 3568 2808 3633 Quodam
2866 3583 3041 3624 autem
3100 3582 3337 3638 tempore
3366 3614 3382 3639 ,
3443 3590 3563 3631 cum

1987 3657 2189 3711 exisset
2218 3658 2283 3710 ad
2313 3660 2575 3713 exteriora
2606 3663 2946 3724 monasteria,
2977 3673 3031 3717 et
3080 3673 3293 3731 rogatus
3340 3675 3485 3720 esset
3534 3686 3562 3719 ιι

1988 3748 2241 3805 fratribus
2265 3761 2321 3805 ut
2347 3752 2399 3805 in
2432 3753 2550 3806 navi
2598 3755 2824 3823 quadam
2853 3770 2973 3810 cum
3026 3759 3302 3812 monachis
3350 3762 3563 3829 profici-

1987 3842 2255 3897 scentibus
2280 3853 2481 3908 oraret,
2511 3847 2768 3911 ascend;t,
2802 3857 2855 3902 et
2882 3847 3031 3902 solus
3060 3864 3124 3903 ex
3152 3851 3402 3906 omnibus
3428 3852 3562 3905 odo-

1988 3950 2101 3990 rem
2158 3938 2326 3992 sensit
2357 3938 2707 3993 teterrimum.
2740 3942 3063 3996 Asserebant
3111 3945 3307 4008 cuncti,
3341 3945 3563 4014 piscium

1989 4029 2250 4083 salsorum
2281 4037 2333 4080 et
2359 4030 2683 4084 tarichorum
2720 4032 2835 4101 (7(5)
2867 4033 2919 4087 in
2948 4035 3067 4089 navi
3100 4037 3388 4101 positorum
3425 4039 3565 4096 hunc

1989 4133 2108 4172 esse
2137 4128 2396 4186 putorem.
2432 4123 2497 4174 At
2529 4122 2615 4175 ille
2645 4124 2868 4178 alterius
2900 4127 2973 4179 rei
3009 4126 3229 4182 fetorem
3264 4143 3321 4182 se
3367 4133 3565 4187 sentire

1990 4210 2295 4265 affirmavit.
2329 4213 2515 4267 Adhuc
2546 4213 2795 4285 loquente
2841 4216 2957 4284 illo,
2989 4219 3301 4274 adolescens
3352 4225 3565 4292 quidam

1990 4314 2272 4368 possessus
2296 4316 2323 4353 a
2350 4300 2613 4368 daemone,
2645 4305 2731 4395 (ιιξί
2763 4307 3040 4368 procidens
3067 4309 3215 4374 juxta
3243 4311 3476 4364 carinam
3507 4326 3567 4367 se

1994 4394 2145 4446 navis
2188 4394 2561 4455 absconderat.
2595 4394 2814 4465 repente
2843 4400 3182 4455 exclamavit.
3232 4402 3346 4470 Quo
3388 4405 3564 4458 statim

1994 4500 2088 4554 per
2112 4484 2398 4541 Antonium
2430 4487 2481 4541 in
2515 4490 2730 4543 nomine
2761 4490 2964 4545 Domini
2997 4492 3159 4545 nostri
3192 4492 3315 4546 Jesu
3367 4494 3565 4549 Christi

297 4574 445 4643 quod
488 4581 595 4625 tam
624 4574 876 4625 velociter
922 4572 1135 4626 fluvium
1183 4573 1596 4627 transvadasset.
1645 4572 1883 4641 Cumque
1916 4569 1961 4627 ῐ)
1988 4587 2193 4643 curato,
2227 4580 2536 4635 intellexere
2568 4583 2824 4648 universi,
2879 4584 3070 4638 diaboli
3099 4586 3243 4638 illum
3276 4585 3435 4642 fuisse
3465 4603 3560 4655 puo

298 4667 435 4722 nihil
468 4664 711 4719 humoris
738 4666 789 4719 itt
823 4664 1061 4735 pedibus,
1096 4665 1236 4718 nulla
1266 4664 1315 4718 iu
1341 4664 1576 4719 vestibus
1598 4666 1714 4736 ejus
1740 4681 1891 4733 aquze

299 4763 462 4831 signa
514 4760 868 4835 conspiceret,
902 4760 1107 4829 regavit
1133 4775 1254 4814 eum
1286 4767 1344 4813 ut
1388 4771 1489 4813 tam
1523 4760 1889 4814 iuCredibilem

301 4853 725 4908 translationem
765 4853 910 4920 quasi
958 4852 1066 4905 lilio
1108 4864 1256 4920 pater
1301 4860 1614 4917 exponetet.
1669 4852 1892 4907 Nolente

301 4948 405 5001 ilio
438 4947 626 5001 dicere
654 4961 772 5015 qua:
798 4944 1117 5012 acciderant,
1149 4947 1428 5012 amplexus
1449 4956 1532 5000 est
1562 4946 1721 5012 pedes
1747 4948 1885 5014 ejus",

296 5040 619 5111 juravitque
668 5054 771 5092 non
816 5052 875 5092 se
920 5038 1279 5100 dimissurum,
1333 5040 1633 5107 priusquam
1680 5038 1779 5092 sibi
1833 5040 1886 5093 id

299 5132 458 5201 quod
488 5131 695 5185 celabat
720 5130 958 5185 referret.
992 5129 1190 5184 Videns
1213 5144 1338 5196 ergo
1366 5144 1524 5183 senex
1555 5133 1887 5185 contentiose

301 5225 533 5276 vincere
563 5222 827 5277 volentem
871 5220 1109 5283 fratrem,
1141 5224 1315 5290 exegit
1351 5222 1582 5275 vicisdut
1629 5225 1695 5274 ah
1745 5238 1809 5275 eo
1833 5230 1889 5276 ut

304 5313 452 5366 nulli
478 5315 577 5366 hoc
598 5323 720 5367 ante
740 5326 886 5364 suam
920 5323 1141 5365 mortem
1172 5313 1453 5376 indiCuret;
1480 5324 1634 5379 atque
1659 5316 1725 5365 ita
1757 5328 1883 5368 con-

302 5402 498 5457 fesws
526 5413 607 5457 est
632 5418 691 5458 se
716 5404 890 5457 subito
920 5402 969 5456 in
1001 5404 1220 5457 alteram
1251 5403 1413 5471 ripam
1441 5402 1599 5456 fuisse
1643 5412 1887 5471 transpo-

302 5499 516 5557 situut.
563 5512 732 5566 neque
781 5499 995 5551 omnino
1042 5496 1199 5551 undis
1246 5498 1576 5564 impressisse
1628 5498 1882 5564 vestigia;

304 5588 584 5644 Dotninici
613 5591 847 5657 corporis
870 5589 969 5643 hoc
998 5590 1363 5643 tantummodo
1387 5584 1708 5659 privilegium
1737 5604 1883 5644 asse-

306 5695 477 5746 rens.
506 5690 559 5734 et
585 5695 765 5735 eorum
794 5681 983 5750 quibus
1011 5681 1145 5750 ipse,
1176 5690 1234 5735 ut
1254 5682 1496 5750 apostolo
1520 5680 1699 5745 Petro,
1721 5680 1887 5735 dotta-

307 5777 468 5832 verit
494 5785 549 5830 ut
580 5790 828 5843 aquarum
871 5776 1065 5831 levitati
1092 5775 1379 5829 humanum
1402 5788 1594 5843 corpus
1625 5774 1891 5831 insisteret

1994 4682 2183 4726 ιοτρῐη.

2063 4762 2189 4817 αλιι.
2223 4763 2461 4819 XXXVI.
2491 4796 2557 4805 —
2586 4767 2728 4820 Alius
2763 4784 2973 4837 quoque
3001 4769 3067 4822 ad
3112 4784 3232 4823 eum
3282 4772 3388 4835 vir,
3427 4771 3564 4826 inter

1994 4858 2120 4907 suos
2151 4855 2363 4921 nobilis,
2395 4856 2752 4912 dteutoniosus
2782 4860 3082 4925 adducitur,
3108 4869 3248 4913 tanta
3275 4878 3561 4929 Oppressus

1992 4948 2215 5011 insania,
2245 4959 2299 5002 ut
2322 4964 2423 5003 non
2448 4951 2607 5004 sciret
2634 4967 2693 5004 se
2713 4967 2829 5007 esse
2852 4953 2987 5020 apud
3014 4955 3326 5018 Antonium,
3353 4971 3560 5012 necnon

1990 5049 2045 5092 et
2072 5042 2312 5106 corporis
2336 5042 2414 5093 sui
2442 5041 2704 5108 superﬂua
2731 5044 3058 5097 comederet.
3089 5043 3447 5111 Quamobrem
3478 5066 3562 5103 ro-

1989 5139 2141 5198 gatus
2169 5146 2327 5185 senex
2358 5132 2428 5186 ab
2476 5134 2557 5187 his
2584 5136 2669 5204 qui
2704 5151 2823 5188 eum
2855 5136 3187 5193 adduxerant
3232 5151 3287 5193 ιιι
3328 5157 3425 5211 pro
3471 5144 3565 5197 illo

1994 5223 2268 5276 Donunutn
2291 5234 2490 5285 oraret,
2514 5225 2995 5295 intantutnjuveuis
3017 5231 3247 5285 miserta:
3262 5235 3555 5303 condoluit,

1989 5325 2045 5370 ut
2073 5326 2178 5370 tota
2208 5327 2362 5371 nocte
2392 5320 2712 5387 pervigilans
2738 5337 2856 5375 cum
2888 5337 2973 5388 eo,
3006 5324 3266 5410 adversus
3314 5328 3558 5395 patientis

1988 5408 2243 5461 insaniam
2275 5410 2559 5463 laboraret.
2603 5411 2707 5465 Sed
2739 5429 2856 5466 cum
2897 5413 3007 5482 jam
3038 5408 3353 5486 lucesceret,
3380 5431 3435 5475 et
3463 5425 3559 5474 oh-

1992 5515 2190 5562 sessus,
2221 5502 2417 5569 impetu
2446 5502 2499 5555 in
2540 5504 2823 5558 Antonium
2861 5504 3020 5569 facto,
3048 5508 3391 5565 vehementer
3434 5529 3554 5566 eum

1991 5589 2304 5660 impulisset,
2332 5590 2483 5645 irasci
2508 5598 2898 5666 .cozperuutqui
2931 5613 3050 5651 eum
3081 5599 3431 5663 adduxerant,
3464 5617 3560 5654 cur

1990 5682 2103 5738 seni
2145 5685 2354 5738 fecisset
2383 5686 2648 5756 injuriatn.
2693 5689 2893 5756 Quibus
2945 5692 3200 5745 Antonius
3242 5694 3356 5745 ait:
3388 5692 3560 5745 Nolite

1993 5778 2215 5834 alicnrttn
2248 5778 2453 5843 Culpam
2484 5779 2663 5847 juveni
2700 5782 2893 5835 mis-ro
2939 5782 3205 5837 ascribere
3234 5801 3246 5835 :
3282 5784 3426 5837 furor
3456 5783 3559 5838 ista
