4002 6238
397 303 498 359 1ῖὸ

1442 300 1525 355 DE
1567 298 1740 352 VITIS
1780 296 2061 353 PATRUM
2103 295 2306 352 LIBER
2345 296 2620 356 PRIMUS.

3521 295 3540 347 I
3553 291 3629 350 55'

393 414 686 469 obsidentis
716 423 816 475 est,
849 428 951 466 non
990 413 1213 468 obsessi.
1262 411 1461 466 Idcirco
1507 421 1679 464 autem
1732 412 1780 462 in
1827 411 1959 463 hanc
1991 412 2035 470 Λ
2066 409 2129 462 ad
2161 393 2670 464 nubesiattoflentem
2699 429 2712 476 ;
2738 413 2862 466 vidit
2893 412 3051 467 etiam
3079 421 3338 480 pennatus
3363 410 3621 481 quosdam

393 506 595 576 proruit
623 506 810 558 dolens
850 506 1019 558 hostis
1066 505 1338 557 audaciam
1363 544 1378 566 ,
1419 504 1540 570 quia
1590 503 1841 554 Dominus
1892 501 1958 553 ad

397 597 601 651 aridam
634 597 899 666 regionem
941 599 1014 649 ire
1044 612 1162 649 eum
1191 595 1373 662 jussit;
1407 603 1461 648 et
1505 593 1706 661 expulsi
1751 593 1961 646 Satanae

393 689 644 744 indiciutn
676 689 774 742 iste
803 687 1084 742 adversum
1115 701 1199 739 me
1231 687 1456 753 impetus
1497 683 1611 736 fuit.
1642 683 1788 735 Nulla
1843 689 1961 750 post

393 782 554 836 verba
587 797 770 844 tnora,
821 781 1131 832 adolescens
1174 785 1389 843 recepto
1436 790 1615 836 sensu,
1665 782 1717 826 et
1764 773 1959 841 gratias

393 889 554 940 agens
588 874 713 934 Deo,
744 882 791 923 et
825 871 994 922 loctnn
1025 868 1111 920 ubi
1137 877 1297 932 esset,
1330 866 1561 932 agnovit,
1590 873 1644 918 et
1689 874 1798 917 toto
1847 866 1954 916 Att-

395 965 594 1019 tonium
626 964 965 1029 eomplexaus
992 961 1329 1014 deosculatus
1358 969 1438 1012 est
1465 959 1675 1011 all'ectu.

465 1056 590 1108 Car.
623 1053 881 1108 XXXVII.
904 1082 971 1093 —
991 1053 1264 1104 Innumera
1291 1058 1344 1102 et
1367 1050 1470 1101 alia
1493 1047 1784 1100 istiusmodi
1811 1048 1953 1114 signa

393 1157 534 1209 sunt,
567 1161 683 1211 qua:
713 1142 1088 1197 monachorum
1117 1140 1363 1194 concordi
1411 1155 1553 1207 saepe
1583 1140 1834 1192 relatione
1864 1153 1957 1191 co-

390 1237 686 1304 gnovimus.
733 1235 924 1287 Verum
973 1249 1076 1286 non
1124 1241 1326 1284 tantum
1377 1231 1457 1283 his
1501 1229 1832 1282 adhibendus
1877 1235 1960 1281 est

389 1337 607 1394 stupor,
638 1327 760 1394 quia
794 1326 961 1379 multo
994 1324 1111 1392 plus
1139 1338 1255 1391 qua:
1284 1332 1576 1389 sequuntur
1601 1319 1956 1374 conditimiem

391 1425 585 1469 nostrze
618 1413 914 1484 fragilitatis
942 1413 1231 1467 excedunt.
1264 1412 1398 1464 llora
1421 1411 1632 1464 circiter
1653 1424 1787 1462 noua
1816 1409 1955 1478 (Π),

391 1521 512 1560 cum
542 1515 665 1560 ante
691 1505 868 1559 cibum
901 1519 1054 1558 orare
1082 1503 1351 1569 coepisset,
1388 1512 1591 1566 raptum
1622 1515 1679 1552 se
1706 1500 1872 1551 ενιιδίῑ
1904 1499 1956 1551 in

387 1597 594 1663 spiritu,
626 1604 680 1648 et
705 1594 769 1647 ab
794 1594 995 1662 angelis
1025 1593 1074 1645 in
1103 1591 1335 1644 Sublitue
1364 1590 1552 1643 deferri
1585 1606 1598 1641 :
1632 1588 1955 1657 prohibenti-

390 1688 490 1741 bus
540 1687 817 1740 transitum
865 1685 1003 1740 aeris
1047 1685 1410 1747 daemonibus,
1461 1692 1735 1752 cmperunt
1786 1683 1956 1749 angeli

2065 499 2176 567 (80)
2201 515 2258 553 se
2282 501 2490 556 elevare
2516 504 2782 571 cupientes
2810 504 2874 557 ad
2900 504 3093 559 cmlunt
3125 504 3379 572 (Pallad.,
3421 519 3468 554 c.
3512 501 3578 553 27
3607 519 3621 565 ;

2063 589 2274 651 Pasch.,
2305 607 2351 644 c.
2391 593 2473 656 I9,
2507 609 2556 645 η.
2587 592 2675 661 4),
2703 604 2860 660 atque
2909 594 3055 648 illutn
3099 594 3333 647 extensis
3381 591 3621 646 manibus

2061 683 2342 749 prohibere
2369 692 2752 754 transgressum
2777 703 2789 749 ;
2822 701 2852 739 e
2879 686 3068 755 quibus
3098 687 3229 739 alios
3258 686 3619 753 apprehensus

2060 774 2290 828 elidebat
2320 776 2383 828 ad
2408 785 2622 840 terram,
2641 777 2743 848 53
2772 778 2906 830 alios
2937 777 3125 830 frustra
3155 776 3384 830 retinere
3406 787 3621 830 conten-

2059 865 2210 927 deus,
2241 866 2455 920 dolebat
2482 881 2642 935 super
2678 883 2738 921 se
2783 869 2848 922 ad
2895 868 3126 923 cmlesna
3178 868 3543 930 transvolare,
3575 879 3627 921 et

2061 960 2346 1012 maximum
2370 961 2615 1027 gaudium
2644 961 2863 1014 mixtum
2893 976 3121 1016 maerore
3145 960 3269 1014 victi
3292 960 3627 1028 victoresque

2059 1049 2384 1104 tribuebant.
2416 1050 2708 1120 Statimque
2733 1052 2798 1105 ad
2826 1068 2945 1106 eum
2975 1067 3076 1104 vox
3115 1051 3251 1105 facta
3274 1063 3354 1105 est
3397 1051 3578 1106 dicens
3611 1071 3622 1107 :

2057 1139 2431 1194 Animadverte
2459 1142 2598 1211 quod
2643 1143 2811 1196 viiles.
2845 1143 2909 1196 Et
2955 1152 3080 1196 tunc
3125 1145 3286 1210 erepit
3331 1142 3622 1196 illuminato

2058 1231 2218 1284 corde
2249 1232 2540 1297 intelligere
2566 1232 2857 1285 animarum
2883 1247 3002 1286 eSse
3027 1246 3399 1293 conscensum,
3429 1243 3483 1285 et
3507 1232 3618 1285 dia-

2059 1320 2237 1375 bolum
2269 1323 2672 1391 prohibentem;
2705 1324 2794 1391 qui
2819 1334 2872 1377 et
2915 1324 3015 1378 sibi
3047 1324 3296 1377 retineret
3340 1324 3616 1387 obnoxios,

2058 1419 2112 1463 et
2145 1411 2195 1463 in
2223 1423 2549 1475 sanctorum,
2583 1428 2714 1482 quos
2741 1414 2987 1482 decipere
3012 1429 3115 1466 non
3146 1423 3372 1480 poterat,
3415 1414 3618 1466 crucia-

2059 1515 2204 1556 retur
2229 1505 2426 1558 volatu.
2460 1505 2549 1558 IIis
2580 1507 2838 1560 visionum
2865 1507 3120 1577 exemplis
3150 1507 3418 1571 incitatus,
3451 1509 3621 1576 quoti-

2057 1594 2142 1647 die
2168 1594 2233 1647 ad
2265 1595 2482 1648 meliora
2512 1601 2807 1650 crescebat.

2127 1686 2254 1742 CAP.
2296 1689 2537 1744 XXXIX.
2557 1719 2626 1728 —
2648 1689 2824 1758 Neque
2854 1705 2978 1744 vero
3011 1689 3086 1753 id,
3117 1690 3257 1758 quod
3293 1691 3394 1744 sibi
3426 1690 3624 1743 revela-

387 1780 808 1834 eontradicentes
837 1781 1107 1848 requirere
1137 1794 1254 1846 qua:
1287 1787 1429 1831 esset
1475 1792 1631 1830 causa
1677 1776 1954 1839 retinendi,
1995 1778 2036 1832 Β
2065 1786 2170 1830 tum
2204 1778 2390 1839 fuerat,
2426 1795 2580 1832 causa
2617 1781 2882 1844 iactantiae
2913 1779 3163 1835 fratribus
3202 1780 3498 1843 indicabat;
3532 1782 3624 1835 sed

387 1872 546 1926 nul'is
573 1872 918 1927 existentibus
951 1873 999 1925 in
1031 1876 1261 1925 Antonio
1289 1871 1614 1924 criminibus.
1670 1869 1776 1922 Illis
1827 1884 1954 1922 vero

389 1964 456 2016 ab
496 1964 714 2017 exordio
745 1963 1034 2016 nativitatis
1082 1965 1336 2030 replicare
1380 1970 1589 2028 peccata
1650 1959 1955 2022 nitentibus,

385 2055 707 2106 calttntniosa
740 2054 912 2122 angeli
942 2069 1036 2107 ora
1075 2055 1395 2116 clauserunt,
1429 2053 1666 2106 dicentes
1714 2065 1818 2104 non
1865 2054 1960 2105 de-

389 2145 513 2198 bere
538 2160 628 2198 eos
656 2160 682 2194 a
718 2144 988 2198 nativitate
1014 2147 1129 2210 ejus
1170 2144 1358 2197 delicta
1391 2157 1627 2206 narrare,
1679 2157 1797 2210 quae
1843 2157 1956 2209 jam

388 2234 583 2287 Christi
616 2245 794 2286 essent
829 2235 1061 2286 bonitate
1100 2234 1298 2301 sopita;
1331 2232 1373 2286 si
1419 2247 1520 2300 qua
1544 2241 1720 2284 autem
1760 2229 1958 2284 scirent

384 2344 446 2379 ex
472 2342 536 2380 eo
553 2336 788 2393 tempore
812 2342 914 2394 quo
945 2324 1112 2379 factus
1134 2337 1274 2380 esset
1297 2325 1583 2379 monachus
1607 2323 1743 2392 (78),
1768 2334 1820 2378 et
1849 2324 1956 2376 Deo

385 2435 441 2472 se
471 2430 860 2479 conseri-asset,
892 2421 1049 2472 licere
1087 2416 1334 2481 proferri.
1388 2418 1717 2470 Accusabant
1759 2417 1958 2470 daemo-

385 2524 478 2561 nes
519 2511 676 2562 multa
711 2509 1004 2576 procaciter
1036 2507 1389 2569 mentientes;
1426 2515 1478 2559 et
1524 2520 1647 2558 cum
1697 2504 1950 2559 deessent

387 2599 728 2666 probantenta
781 2596 1055 2650 fallacibus
1086 2639 1100 2661 ,
1159 2595 1290 2649 liber
1344 2595 1577 2648 Antonio
1631 2609 1953 2648 Consceusus

385 2689 637 2756 api-ritur.
670 2689 734 2741 Et
756 2690 931 2740 statim
965 2687 1172 2742 rediens
1200 2688 1252 2740 in
1284 2701 1361 2749 se,
1398 2692 1449 2737 iu
1474 2700 1539 2738 eo
1585 2687 1699 2738 loco
1746 2686 1796 2738 in
1847 2699 1952 2752 quo

385 2792 526 2834 stare
557 2787 812 2848 cwperat.
843 2781 940 2832 hoc
967 2794 1025 2832 se
1054 2794 1263 2831 rursum
1297 2779 1424 2829 vidit
1448 2791 1565 2830 esse
1594 2777 1730 2845 quod
1761 2778 1948 2831 fuerat.

386 2872 534 2927 Tunc
556 2887 681 2925 vero
707 2871 899 2924 oblitus
921 2885 1080 2932 escm,
1108 2885 1171 2923 ex
1199 2870 1287 2922 illa
1323 2870 1448 2921 liora
1499 2881 1706 2921 noctem
1753 2870 1954 2935 gemitu

384 2983 444 3020 ac
474 2966 849 3019 lamentatione
883 2964 1168 3032 transegit,
1199 2974 1446 3030 reputans
1478 2977 1657 3014 secum
1700 2961 1958 3013 humano-

383 3073 498 3110 rum
533 3058 757 3109 hostium
792 3056 1217 3131 multitudinem,
1247 3063 1299 3107 et
1346 3055 1772 3107 colluctationem
1823 3052 1952 3104 tanti

2058 1884 2176 1921 cum
2222 1885 2379 1923 orans
2415 1872 2609 1938 jugiter
2639 1871 2726 1923 Dei
2774 1870 3009 1924 laudaret
3058 1872 3346 1937 auxilimn,
3398 1873 3621 1926 interro-

2057 1961 2302 2028 gantibns
2331 1962 2749 2028 compellebatur
2777 1963 3012 2024 edicere;
3040 1976 3138 2016 nec
3166 1963 3461 2029 Spirituales
3485 1964 3615 2015 filios

2060 2069 2189 2121 pura
2221 2055 2269 2108 in
2300 2053 2515 2109 Christo
2544 2055 2716 2109 anima
2763 2056 3029 2110 occultare
3075 2055 3355 2124 quidquam
3385 2056 3615 2116 volebat.

2059 2147 2350 2213 praesertim
2379 2162 2497 2200 cum
2525 2145 2826 2212 hujusmodi
2867 2146 3140 2214 signarum
3182 2146 3370 2200 relatio
3395 2156 3449 2200 et
3477 2161 3618 2199 amo-

2057 2254 2169 2292 rem
2199 2239 2527 2293 ministraret
2556 2240 2844 2308 proposito,
2877 2249 2932 2294 et
2960 2239 3182 2293 fructum
3214 2239 3410 2293 laboris
3445 2248 3620 2294 osten-

2056 2330 2225 2383 deret.
2259 2331 2529 2399 Nunquam
2563 2331 2651 2384 ille
2677 2339 2767 2384 aut
2806 2330 2881 2384 ira
2909 2331 3076 2383 subita
3103 2331 3391 2386 concitatus
3421 2334 3620 2398 patien-

2058 2422 2182 2473 tiam
2216 2422 2384 2488 rupit,
2415 2430 2506 2474 aut
2535 2421 2885 2475 hurnilitatem
2918 2423 3086 2475 erexit
3125 2422 3175 2474 in
3199 2421 3438 2490 gloriam.
3487 2419 3618 2474 Nam

2058 2526 2244 2564 omnes
2288 2512 2508 2566 clericos
2537 2529 2702 2582 usque
2729 2513 2794 2566 ad
2826 2514 3062 2566 ultimum
3087 2513 3305 2582 gradum
3347 2513 3460 2583 (8|)
3488 2522 3610 2567 ante

2055 2620 2113 2659 se
2157 2621 2312 2661 orare
2353 2607 2695 2675 compellens,
2742 2607 3003 2675 episcOpis
3038 2621 3243 2675 quoque
3271 2616 3428 2674 atque
3471 2620 3617 2672 pres-

2056 2695 2274 2766 byteris,
2319 2697 2464 2767 quasi
2498 2699 2800 2750 humilitatis
2836 2697 3145 2764 discipulus,
3194 2696 3259 2749 ad
3290 2696 3609 2750 benedicen-

2057 2788 2180 2840 dum
2228 2804 2286 2840 se
2329 2798 2486 2857 caput
2521 2789 2858 2843 submittebat
2885 2789 3022 2857 (8‘2).
3059 2790 3312 2844 Diacones
3341 2803 3484 2854 vero,
3517 2791 3604 2855 qui

2057 2878 2122 2931 ad
2152 2893 2271 2931 eum
2302 2878 2541 2932 utilitatis
2580 2893 2738 2932 causa
2765 2880 3063 2942 veniebant,
3091 2895 3210 2933 cum
3243 2895 3334 2948 pro
3355 2879 3616 2946 adjutorio

2057 2984 2240 3021 eorum
2297 2967 2380 3021 eis
2416 2971 2765 3037 prazsentibus
2795 2969 3104 3035 disputaret,
3135 2970 3198 3022 ad
3227 2971 3481 3024 orandum
3512 2969 3618 3023 Do~

2060 3059 2262 3112 minum
2298 3059 2399 3112 sibi
2432 3059 2785 3126 praeponebat,
2819 3074 2919 3111 non
2951 3060 3290 3122 erubescens,
3324 3072 3376 3114 et
3407 3061 3516 3129 ipse
3537 3062 3618 3115 di-

382 3151 678 3208 exereitus.
710 3160 762 3203 et
795 3148 1113 3201 laboriosum
1146 3161 1237 3215 per
1268 3162 1442 3198 aerem
1489 3146 1589 3199 iter
1617 3146 1682 3197 ad
1730 3146 1952 3209 malum,
1984 3154 2030 3215 α
2061 3162 2232 3202 scere.
2255 3147 2386 3201 Nam
2416 3160 2469 3202 et
2497 3150 2852 3218 interrogabat
2883 3148 3188 3218 frequenter
3229 3165 3324 3205 eos
3353 3167 3473 3205 cum
3501 3156 3618 3221 qui-

381 3251 435 3295 et
467 3243 564 3295 hoc
595 3243 834 3309 Apostoli
864 3242 1082 3305 dictum,
1114 3257 1218 3310 quo
1248 3242 1322 3292 ait
1351 3255 1362 3290 :
1394 3239 1506 3291 Non
1537 3248 1620 3292 est
1648 3240 1800 3292 nobis
1841 3239 1950 3294 col-

382 3335 595 3389 luctatio
619 3337 870 3389 adversus
900 3350 1112 3390 carnem
1140 3345 1194 3388 et
1216 3335 1544 3403 sanguinem,
1571 3333 1663 3387 sed
1687 3334 1941 3389 adversus

385 3427 676 3494 principem
731 3427 1005 3494 potestatis
1063 3426 1218 3493 hujus
1272 3427 1409 3477 aeris
1459 3423 1672 3492 (Ephes.
1705 3430 1800 3493 vt).
1849 3425 1949 3490 Qui

380 3520 551 3572 sciens
574 3530 756 3570 aereas
786 3525 1073 3584 potestates
1100 3515 1168 3568 ob
1200 3514 1250 3568 id
1281 3528 1490 3582 semper
1524 3523 1746 3578 tentare,
1781 3513 1949 3566 lucta-

380 3610 423 3663 ri
453 3619 505 3662 et
530 3611 869 3673 contendere,
901 3624 967 3663 ne
1017 3608 1168 3660 nobis
1213 3608 1346 3661 liber
1397 3606 1647 3660 transitus
1681 3602 1836 3660 esset
1881 3607 1946 3660 ad

379 3703 591 3765 cretum,
626 3702 933 3756 hortabatur
961 3715 1182 3754 monens
1213 3717 1224 3751 :
1260 3698 1530 3753 Assumite
1573 3713 1716 3750 arma
1748 3696 1861 3761 Dei,
1891 3705 1948 3750 ut

382 3795 594 3862 possitis
623 3795 872 3848 resistere
902 3793 951 3845 iu
981 3792 1066 3845 die
1094 3791 1230 3844 mala
1258 3787 1537 3859 (Ibidem);
1569 3797 1628 3841 ut
1655 3788 1782 3842 nihil
1823 3788 1947 3843 mali

382 3889 580 3940 habens
607 3885 746 3951 quod
769 3885 836 3937 de
863 3884 1009 3936 vobis
1033 3884 1206 3935 dicere
1248 3880 1413 3950 possit
1442 3880 1684 3934 inimicus
1709 3879 1834 3952 (Tit.
1858 3881 1942 3952 ιι),

383 3980 751 4030 eon‘uudatur.
784 3975 890 4027 Nos
913 3982 1084 4026 autem
1111 3971 1385 4039 apostolici
1412 3971 1674 4024 sermonis
1702 3973 1947 4026 recorde-

384 4083 524 4130 mur,
553 4066 775 4119 dicentis
811 4083 820 4113 :
849 4065 973 4117 Sive
1014 4063 1064 4116 in
1098 4077 1343 4130 corpore,
1375 4063 1490 4114 sive
1535 4071 1687 4115 extra
1728 4075 1940 4128 corpus,

379 4159 578 4224 nescio,
615 4159 748 4211 Deus
774 4158 872 4210 scit
902 4155 987 4226 (II
1021 4156 1138 4209 Cor.
1167 4160 1283 4225 xu).
1313 4155 1376 4207 Et
1399 4154 1589 4208 Paulus
1613 4153 1826 4224 quidem
1856 4171 1945 4208 us-

378 4265 482 4317 que
507 4248 571 4301 ad
599 4250 808 4301 tertium
839 4247 1029 4301 caelum
1055 4257 1232 4314 raptus
1255 4254 1356 4305 est,
1382 4245 1556 4313 ibique
1597 4245 1791 4299 auditis
1825 4261 1944 4298 ver-

383 4339 463 4393 bis
508 4337 879 4398 inell‘abilibns,
910 4337 1215 4399 descendit;
1248 4336 1506 4388 Antonius
1553 4345 1726 4391 autem
1777 4354 1943 4404 usque

382 4434 448 4484 ad
490 4445 699 4484 aereum
746 4429 1004 4497 sublatus,
1037 4437 1158 4497 post
1197 4426 1619 4480 colluctationem
1672 4427 1806 4480 liber
1848 4444 1941 4496 ap-

380 4532 572 4594 parntt.

455 4637 581 4693 CAP.
626 4631 906 4688 XXXVIII.
938 4659 1008 4670 —
1035 4630 1269 4685 Habebat
1310 4631 1465 4683 etiam
1511 4628 1802 4682 iSlitIsmOdi
1849 4630 1943 4684 do-

383 4745 508 4784 num
541 4743 555 4782 :
588 4727 633 4780 si
664 4727 813 4789 cuius
846 4725 920 4778 rei
949 4722 1139 4778 sedens
1184 4723 1237 4776 in
1267 4734 1446 4777 monte
1489 4725 1696 4791 ignarus
1731 4721 1936 4787 fuisset,

381 4835 433 4878 et
466 4822 577 4892 ejus
606 4836 781 4875 secum
811 4820 1098 4889 inquireret
1129 4819 1418 4878 notionem.
1445 4819 1616 4870 oranti
1661 4818 1708 4872 ei
1756 4835 1781 4869 a
1837 4818 1938 4871 Do-

382 4919 528 4970 mino
555 4915 910 4978 revelabatur;
943 4923 996 4966 et
1035 4919 1169 4977 erat,
1198 4911 1486 4966 secundum
1516 4911 1655 4979 quod
1685 4910 1934 4978 scriptum

377 5016 480 5067 est,
512 5020 538 5057 a
570 5005 678 5058 Deo
702 5007 886 5056 doctus
912 5003 1090 5072 (Joan.
1123 5019 1199 5067 vt;
1234 5003 1342 5057 lsa.
1383 5002 1510 5069 Liv).
1540 5001 1771 5068 Denique
1817 5017 1935 5054 cum

377 5112 407 5149 a
438 5096 687 5150 l't-atribus
717 5093 1000 5148 haberetur
1021 5095 1118 5150 iste
1149 5104 1420 5159 tractatus,
1455 5104 1506 5146 et
1535 5094 1600 5145 ab
1644 5109 1708 5146 eo
1757 5093 1938 5148 sedule

378 5189 778 5242 sciscitarentur
801 5187 1236 5252 quemadmodum
1264 5201 1322 5241 se
1362 5195 1478 5254 post
1509 5184 1747 5252 corporis
1775 5200 1937 5236 sarci-

377 5295 500 5332 nam
528 5278 699 5331 anima
728 5288 953 5347 gereret,
984 5279 1141 5346 quive
1165 5277 1214 5331 ei
1247 5277 1391 5330 locus
1422 5283 1540 5342 post
1581 5276 1782 5326 exitum
1815 5290 1936 5326 con-

376 5360 688 5435 cederetur';
721 5372 952 5436 proxima
985 5379 1138 5424 nocte
1164 5384 1262 5421 vox
1305 5369 1533 5434 desuper
1579 5379 1768 5418 nomen
1817 5364 1933 5433 ejus

377 5461 730 5525 inclamitans,
758 5462 868 5514 ait:
901 5461 1118 5517 Antoni.
1145 5473 1402 5525 exsurge,
1432 5457 1514 5510 exi
1545 5464 1598 5510 et
1644 5458 1784 5510 vide.
1838 5457 1935 5523 Qui

375 5568 685 5621 exsurgens,
714 5567 956 5621 egressus
975 5563 1053 5602 est
1077 5567 1090 5613 ;
1119 5551 1317 5604 sciebat
1337 5549 1475 5602 enim
1499 5548 1687 5618 quibus
1712 5564 1934 5617 respon-

372 5645 500 5699 dere
541 5644 777 5698 deberet.
831 5643 895 5694 Et
945 5640 1167 5693 elevatis
1216 5639 1280 5692 ad
1331 5640 1520 5693 cazlum
1567 5640 1751 5704 oculis,
1806 5639 1936 5693 vidit

368 5733 649 5804 quemdam
683 5733 894 5801 longum
923 5741 1077 5800 atque
1101 5731 1388 5786 terribilem
1421 5731 1551 5798 (πὶ),
1577 5741 1731 5802 caput
1759 5746 1931 5802 usque

2057 3238 2154 3290 bus
2182 3249 2330 3303 erat;
2369 3248 2422 3292 et
2447 3240 2492 3294 si
2519 3241 2714 3309 aliquid
2747 3240 2815 3294 ab
2845 3241 2924 3295 eis
2954 3242 3307 3297 necessarium
3354 3245 3615 3309 audierat,

2054 3343 2115 3383 se
2144 3329 2404 3384 fatebatur
2433 3333 2690 3400 adjututn.

2121 3420 2248 3475 Car.
2289 3422 2490 3475 XL.-—
2529 3424 2764 3478 Habebat
2805 3434 2978 3480 autem
3014 3435 3066 3480 et
3111 3428 3163 3480 in
3194 3428 3340 3482 vultu
3370 3444 3610 3500 magnam

2050 3514 2291 3582 gratiam,
2319 3524 2373 3568 et
2401 3515 2706 3570 admirabile
2741 3531 2770 3569 a
2791 3516 3066 3572 Salvatore
3095 3520 3256 3573 etiam
3291 3521 3392 3574 hoc
3423 3537 3612 3576 munus

2050 3614 2346 3671 acceperat.
2390 3605 2446 3659 Si
2473 3606 2592 3671 quis
2631 3607 2770 3660 enim
2804 3611 3013 3677 ignarus
3045 3610 3178 3678 ejus,
3213 3611 3350 3665 inter
3379 3613 3614 3666 multitu-

2051 3695 2226 3748 dinem
2274 3697 2650 3752 monachorum
2694 3714 2814 3753 eum
2854 3700 3032 3756 videre
3067 3702 3440 3768 desiderasset,
3471 3706 3616 3759 nullo

2050 3785 2337 3852 indicante,
2361 3790 2570 3842 caneris
2600 3793 2998 3858 praetermissis,
3027 3793 3093 3847 ad
3116 3789 3400 3849 Antonium
3431 3811 3614 3851 curre-

2050 3878 2159 3945 bat,
2184 3889 2236 3933 et
2267 3882 2457 3936 anima:
2488 3882 2768 3950 puritatem
2797 3887 3116 3952 agnoscebat
3157 3902 3221 3941 ex
3251 3887 3416 3953 vultu,
3438 3897 3492 3942 et
3517 3904 3609 3956 per

2047 3969 2321 4037 speculum
2371 3972 2610 4040 corporis
2656 3974 2879 4041 gratiam
2927 3986 3128 4030 sanetzn
3182 3978 3372 4031 mentis
3435 3977 3604 4030 intue-

2047 4060 2219 4116 batur.
2263 4061 2392 4117 Nam
2440 4080 2651 4130 semper
2681 4065 2900 4120 hilarem
2950 4067 3136 4121 faciem
3166 4081 3374 4136 gerens,
3408 4067 3603 4136 liquido

2046 4153 2355 4208 ostendebat
2381 4170 2440 4210 se
2467 4157 2534 4210 de
2561 4157 2869 4212 coelestibus
2895 4160 3146 4228 cogitare,
3179 4161 3316 4215 sicut
3338 4162 3606 4231 Scriptura

2045 4247 2154 4300 ait:
2194 4246 2364 4302 Corde
2408 4248 2616 4304 laetante
2643 4250 2812 4304 vultus
2843 4249 3015 4315 floret,
3043 4261 3096 4305 et
3138 4252 3189 4304 in
3223 4267 3452 4307 maerore
3480 4267 3611 4305 eon-

2045 4337 2258 4391 stitutus
2308 4338 2542 4393 tristatur
2567 4339 2746 4410 (Prov.
2772 4341 2923 4409 xvn).
2978 4341 3051 4394 Ita
3098 4351 3153 4396 et
3196 4342 3358 4397 Jacob
3396 4341 3611 4412 agnovit

2045 4426 2221 4481 Laban
2275 4443 2517 4483 socerum
2567 4445 2720 4484 suum
2770 4432 2985 4485 insidias
3031 4432 3133 4486 sibi
3180 4433 3602 4497 machinantem,

1967 4531 2022 4590 Ῑ)
2046 4519 2225 4573 dicens
2252 4519 2316 4572 ad
2349 4520 2482 4574 filias
2507 4520 2619 4589 ejus
2649 4538 2662 4574 :
2707 4522 2818 4576 Non
2850 4533 2932 4577 est
2961 4524 3118 4579 facies
3143 4525 3302 4590 patris
3331 4527 3490 4578 vestri
3517 4527 3597 4578 si-

2046 4619 2133 4662 cut
2177 4610 2288 4662 lteri
2332 4619 2387 4663 et
2430 4611 2811 4665 nudiustertius
2860 4613 3008 4683 (Gen.
3045 4616 3213 4684 xxxi).
3263 4616 3351 4670 Sic
3378 4616 3598 4672 Samuel

2044 4700 2256 4770 agnovit
2286 4701 2445 4754 David
2475 4717 2488 4754 :
2524 4701 2839 4758 Ltetiftcatos
2884 4707 3023 4759 enim
3056 4707 3280 4762 habebat
3305 4709 3510 4769 oculos.
3544 4721 3601 4763 et

2044 4791 2232 4846 dentes
2284 4791 2418 4846 sicut
2465 4792 2545 4846 lac
2598 4794 2847 4849 candidos
2901 4795 2948 4867 (I
2994 4796 3121 4869 Reg.
3162 4799 3294 4865 xu).
3341 4798 3606 4852 Similiter

2042 4883 2426 4952 agnoscebatur
2486 4888 2784 4950 Antonius,
2873 4890 2990 4957 quia
3071 4905 3282 4957 semper
3361 4890 3602 4944 eamdem

2043 4972 2228 5028 faciem
2277 4976 2414 5030 inter
2443 4993 2692 5047 prospera
2730 4990 2782 5032 et
2830 4979 3050 5033 adversa
3100 4983 3358 5046 retinens,
3392 4997 3489 5034 nec
3518 4996 3600 5035 se-

2043 5067 2231 5122 cundis
2269 5070 2638 5134 extollebatur,
2670 5086 2766 5125 nec
2797 5071 3134 5142 frangebatur
3162 5073 3421 5126 adversis.
3472 5073 3600 5125 Erat

2041 5162 2180 5214 enim
2212 5174 2263 5214 et
2308 5162 2357 5214 in
2403 5163 2546 5216 vultu
2576 5164 2836 5227 amabilis,
2869 5175 2922 5218 et
2953 5167 3000 5218 in
3032 5164 3150 5219 fidei
3183 5167 3406 5235 puritate
3435 5165 3599 5218 mira-

2042 5253 2180 5306 bilis.

2113 5367 2236 5421 Csr.
2281 5365 2413 5421 XLI.
2435 5396 2498 5406 —-
2519 5366 2791 5438 Nunquam
2821 5367 3277 5424 schismaticorum
3305 5385 3364 5424 se
3392 5371 3603 5424 miscuit

2043 5457 2428 5526 communioni,
2461 5460 2725 5528 antiquam
2764 5473 2944 5513 eorum
2977 5460 3148 5514 sciens
3179 5463 3488 5529 pravitatem
3517 5469 3599 5512 at-

2042 5563 2145 5616 que
2176 5549 2666 5617 transgressionem.
2715 5547 2987 5616 Nunquam
3030 5550 3326 5604 Maniclucis
3357 5549 3471 5616 (83)
3502 5557 3596 5602 aut

2043 5639 2160 5717 atjis
2193 5639 2450 5692 hmreticis
2490 5639 2674 5692 saltem
2711 5639 3005 5694 amicabilia
3038 5641 3191 5695 verba
3233 5640 3449 5710 largitus
3485 5648 3594 5701 est,

2041 5731 2138 5786 1ιὶτὶ
2164 5739 2362 5787 tantum
2394 5746 2451 5785 ea
2482 5745 2596 5795 quae
2628 5745 2719 5786 eos
2746 5741 2958 5793 possent
2987 5733 3052 5787 ab
3079 5729 3363 5793 iniquitatis
3407 5743 3596 5786 errore
