4002 6272
335 345 430 407 137

1435 342 1590 397 VITA
1631 339 1829 394 BEATI
1867 336 2143 393 ANTONII
2182 339 2490 396 ABBATIS.

3429 390 3431 398 .
3474 341 3575 396 1'38

331 471 601 521 revocare,
633 456 954 514 denuntians
994 455 1176 510 talium
1217 454 1476 510 amicitias
1505 463 1664 522 atque
1694 468 1898 508 sermo-
1926 452 1975 508 Α
2003 464 2069 504 ne
2095 459 2148 504 et
2175 465 2272 520 ego
2302 467 2557 506 corruens
2601 452 2876 508 inteream.
2923 453 3030 508 lloc
3074 455 3274 522 audito,
3311 457 3570 512 mirabilis

328 567 416 607 nes
446 549 804 617 perditionem
836 564 954 603 esse
982 549 1193 601 animae.
1244 548 1331 602 Sic
1358 550 1517 602 etiam
1549 548 1772 602 Arianos
1801 548 1892 600 de-

325 643 639 707 testabatur,
674 651 731 698 ut
759 642 1002 695 omnibus
1049 639 1252 694 diceret
1282 655 1378 694 nec
1396 639 1543 708 juxta
1568 655 1660 692 eos
1682 637 1893 706 quidem

319 749 434 788 esse
461 732 853 786 accedendum.
901 730 1028 784 Nam
1057 745 1174 784 cum
1203 732 1471 785 venissent
1497 731 1705 800 quidam
1740 730 1893 783 Ario-

323 826 528 880 manitze
562 824 702 894 (8i),
735 832 941 889 reperta
977 837 1160 876 eorum
1190 832 1307 890 post
1336 823 1778 876 examinationem
1811 821 1892 874 in-

320 915 630 970 fidelissima
674 924 849 975 secta,
899 913 1147 981 effugavit
1188 928 1280 968 eos
1329 914 1395 968 de
1446 923 1657 978 monte,
1711 914 1893 967 dicens

318 1008 479 1062 multo
528 1005 867 1074 serpentibus
897 1004 1193 1059 deteriores
1225 1004 1411 1058 horum
1441 1019 1559 1060 esse
1596 1020 1890 1060 sermones.

320 1096 694 1153 Mentientibns
715 1106 892 1151 autem
913 1096 1124 1150 Arianis
1155 1095 1270 1165 (85)
1301 1096 1584 1162 aliquando
1606 1097 1889 1150 Antonium

318 1192 383 1246 ita
412 1199 469 1244 ut
492 1205 556 1245 se
579 1190 822 1259 credere,
850 1189 1138 1244 admiratus
1163 1205 1346 1244 eorum
1370 1190 1664 1253 audaciam,
1689 1199 1740 1244 et
1759 1189 1887 1256 justi

317 1284 515 1339 doloris
545 1285 624 1338 ira
650 1291 970 1345 commotus,
1001 1293 1324 1351 rogatusque
1353 1282 1418 1336 ab
1446 1281 1709 1350 episcopis
1732 1293 1889 1349 atque

319 1377 580 1431 universis
611 1375 884 1441 fratribus,
913 1373 1285 1428 Alexandriam
1315 1373 1588 1427 descendit
1615 1372 1759 1443 (86);
1791 1373 1886 1426 ibi-

319 1485 414 1539 que
442 1469 810 1524 Ariomanitas
849 1467 1062 1536 publico
1099 1481 1344 1520 sermone
1380 1465 1774 1528 condemnavit,
1809 1467 1886 1517 ul-

321 1564 491 1617 timam
524 1563 662 1616 hanc
691 1576 812 1616 esse
841 1561 1084 1615 haeresim
1126 1570 1179 1614 et
1207 1575 1590 1629 prmcnrsorem
1617 1560 1885 1615 Antichri-

320 1654 380 1706 sti
409 1654 715 1716 afﬁrmans;
762 1652 1172 1721 prmdicavitque
1221 1654 1273 1706 in
1317 1654 1513 1721 populo
1542 1652 1734 1707 Filium
1766 1653 1879 1716 Dei,

322 1760 416 1798 non
459 1743 746 1808 facturam,
793 1758 898 1796 non
941 1757 1004 1795 ex
1049 1742 1205 1797 nullis
1248 1745 1598 1805 exstantibus,
1632 1744 1723 1797 sed
1757 1759 1880 1812 pro-

1995 557 2157 596 senex
2204 559 2234 598 a
2283 546 2436 597 nobis
2481 544 2808 610 admonitus,
2861 547 3045 600 volens
3089 556 3260 602 tamen
3320 560 3372 602 et
3418 553 3558 612 ipse.

2000 634 2267 700 paululum
2299 635 2552 688 substitit.
2576 636 2814 704 Cumque
2841 638 3297 706 appropinquante
3320 642 3570 707 muliere,

1998 727 2167 793 puella
2205 728 2406 794 jaceret
2445 729 2680 797 explosa,
2721 730 2889 784 oravit
2935 733 3123 786 tacitus
3165 730 3442 786 Dominum
3482 733 3573 788 Je-

1995 833 2136 881 snm,
2169 828 2222 872 et
2258 819 2322 870 ad
2363 820 2828 874 comminationem
2870 820 2984 888 ejus
3017 818 3195 875 statim
3220 822 3439 891 spiritus
3468 823 3570 878 im-

1997 924 2160 976 purus
2198 925 2447 979 egressus
2493 921 2593 964 est.
2646 911 2824 964 Puella
2873 910 3193 979 incolumis,
3243 913 3470 982 populus
3520 917 3572 968 in

1995 999 2238 1053 laudibus
2265 998 2378 1063 Dei,
2423 1011 2590 1053 mater
2620 1003 2669 1054 in
2701 1002 2891 1069 gaudio
2921 1002 3040 1055 fuit.
3070 1000 3186 1071 Ipse
3215 1013 3391 1058 autem
3425 1005 3570 1059 laua-

1995 1091 2168 1161 batur,
2201 1094 2322 1163 quia
2361 1095 2424 1146 ad
2453 1094 2816 1148 desideratam
2866 1096 3206 1150 solitudinem
3253 1097 3567 1166 repedabat.

1996 1184 2120 1237 Erat
2149 1195 2323 1239 autem
2356 1186 2510 1240 valde
2531 1189 2765 1256 sapiens,
2793 1195 2844 1242 et
2874 1188 2973 1242 hoc
3005 1188 3058 1257 in
3101 1204 3160 1244 se
3198 1190 3439 1244 mirabile
3476 1191 3571 1242 ha-

1994 1277 2171 1341 bebat,
2199 1279 2319 1346 quia
2349 1295 2470 1332 cum
2514 1281 2717 1335 litteras
2746 1297 2848 1334 non
2883 1283 3176 1350 didicisset,
3209 1284 3568 1354 ingeniosissi-

1990 1384 2108 1422 mus
2136 1377 2190 1423 et
2214 1370 2655 1436 prudentissimus
2682 1382 2814 1425 erat.

2063 1460 2190 1516 CAP.
2233 1461 2829 1532 XLIV.--Aliquando
2878 1466 3072 1519 etenim
3119 1466 3422 1536 philosophi
3464 1467 3567 1522 duo

1989 1553 2108 1623 (87)
2149 1556 2373 1620 gentiles
2405 1551 2667 1610 ve’nerunt
2712 1556 2776 1609 ad
2827 1573 2972 1620 eum,
3003 1568 3247 1626 putantes
3279 1561 3566 1614 Antonium

1989 1661 2045 1698 se
2089 1661 2245 1713 posse
2291 1646 2560 1715 decipere.
2625 1648 2750 1702 Erat
2791 1664 2918 1703 vero
2964 1650 3015 1703 in
3059 1651 3319 1718 superiori
3365 1661 3566 1706 monte.

1985 1739 2126 1805 Quos
2157 1754 2274 1793 cum
2305 1739 2539 1806 vidisset,
2585 1755 2815 1810 paganos
2865 1741 3122 1796 intellexit
3168 1757 3231 1796 ex
3280 1742 3464 1808 vultu;
3509 1753 3566 1798 et

326 1837 485 1904 prium
505 1876 520 1900 ,
553 1835 711 1890 unius
741 1850 864 1888 cum
895 1834 1048 1888 Patre
1069 1835 1398 1896 substantiae,
1431 1850 1496 1888 ne
1524 1847 1761 1890 creatura
1794 1852 1885 1902 po-
1917 1814 1963 1873 Β
1992 1830 2286 1899 procedens
2314 1830 2378 1883 ad
2407 1845 2520 1892 eos,
2555 1847 2648 1898 per
2676 1831 3019 1900 interpretem
3049 1831 3165 1902 (88)
3195 1833 3264 1886 ita
3307 1834 3468 1903 empit
3493 1833 3568 1886 lo-

326 1928 446 1991 tius,
485 1937 572 1981 aut
608 1927 844 1995 adoptio,
889 1935 984 1980 aut
1021 1927 1304 1994 appellatio
1348 1928 1632 1993 videretur,
1666 1929 1882 1997 impium

326 2036 438 2073 esse
465 2020 642 2073 dicens
674 2019 753 2072 vel
782 2026 957 2071 mente
985 2017 1266 2085 concipere
1305 2035 1317 2070 :
1365 2019 1491 2071 Erat
1517 2019 1728 2086 quando
1779 2034 1883 2072 non

335 2119 463 2174 erat,
489 2126 604 2164 cum
630 2109 854 2164 Verbum
881 2109 970 2163 Dei
1001 2109 1152 2173 Deus,
1177 2109 1264 2178 qui
1295 2119 1377 2164 est
1402 2124 1631 2177 semper,
1657 2110 1794 2164 Patri
1817 2111 1886 2164 sit

342 2215 662 2266 coazternus,
694 2203 808 2269 quia
844 2215 910 2254 ex
947 2215 1012 2255 eo
1043 2209 1196 2253 natus
1225 2211 1306 2254 est
1349 2202 1524 2266 Patre,
1557 2204 1642 2268 qni
1675 2217 1886 2268 semper

335 2303 433 2348 est.
489 2292 633 2347 Unde
659 2292 824 2345 aiebat
852 2306 866 2346 :
901 2290 1028 2345 Cum
1055 2291 1266 2344 Arianis
1298 2293 1445 2346 vobis
1477 2293 1616 2345 nulla
1649 2294 1713 2346 sit
1758 2309 1886 2347 con-

323 2382 540 2451 iunctio.
586 2382 711 2446 Qua:
750 2382 889 2434 enim
934 2382 1160 2434 societas
1202 2382 1302 2434 luci
1343 2383 1407 2435 ad
1457 2384 1736 2436 tenebras?
1780 2384 1883 2437 Vos

325 2472 542 2525 fideliter
579 2473 890 2536 credentes,
921 2472 1204 2526 Christiani
1247 2475 1411 2538 estis;
1447 2475 1519 2526 illi
1550 2474 1800 2533 Verbum.
1834 2477 1881 2530 id

323 2574 399 2616 est
422 2562 646 2629 Filium,
677 2564 764 2630 qui
799 2580 860 2617 ex
898 2564 1004 2618 Deo
1034 2564 1190 2618 Patre
1221 2575 1323 2624 est,
1366 2578 1660 2620 creaturam
1690 2568 1884 2621 docen-

325 2665 416 2716 tes,
447 2654 587 2706 nullo
619 2653 899 2707 intervallo
927 2669 955 2707 a
982 2655 1226 2723 gentibus
1253 2665 1588 2722 separantur,
1631 2659 1720 2724 qui
1763 2674 1882 2711 ser-

325 2747 457 2800 viunt
497 2756 758 2799 creatura:
795 2747 972 2814 potius
1003 2763 1158 2816 quam
1187 2749 1445 2812 Creatori,
1484 2751 1573 2814 qni
1611 2760 1694 2803 est
1723 2752 1883 2804 bene-

323 2841 475 2894 dictus
521 2840 574 2892 in
621 2840 818 2893 saecula
848 2839 1029 2908 (Rom.
1061 2846 1121 2909 ι).
1174 2842 1310 2908 Ipsa,
1359 2842 1486 2896 mihi
1529 2845 1747 2907 credite,
1782 2846 1884 2897 ira-

329 2942 522 2984 scuntur
546 2933 838 2997 elementa,
866 2943 921 2988 et
949 2936 1120 2987 omnis
1144 2946 1322 2988 contra
1345 2935 1599 2989 Arianum
1630 2937 1882 3002 furorem,

335 3026 600 3080 secundum
667 3027 912 3094 Apostoli
971 3027 1202 3092 dictum,
1289 3030 1583 3100 ingemiscit
1642 3041 1882 3086 creatura

329 3117 484 3185 (Rom.
516 3118 659 3189 vtn),
705 3121 846 3188 quod
889 3121 984 3174 sibi
1017 3121 1292 3176 Dominum
1344 3137 1520 3188 suum,
1578 3141 1670 3192 per
1726 3141 1880 3191 quem

1987 1922 2076 1991 qui
2105 1939 2115 1972 :
2148 1923 2322 1988 Quare
2355 1932 2458 1975 tam
2490 1923 2643 1989 longe
2669 1923 2734 1975 ad
2758 1923 2978 1976 stultum
3006 1923 3272 1978 hominem
3299 1925 3566 1992 Sapientes

1988 2028 2048 2068 se
2081 2029 2273 2068 vexare
2302 2014 2618 2067 voluerunt?
2650 2013 2752 2066 Illis
2783 2015 3102 2079 dicentibus,
3133 2031 3236 2068 non
3267 2031 3387 2070 esse
3419 2017 3565 2070 illum

1987 2104 2240 2168 stultum,
2283 2103 2375 2156 sed
2425 2112 2478 2157 et
2519 2104 2738 2157 nimium
2787 2107 3106 2173 sapientem,
3152 2107 3435 2174 vigilanter
3484 2122 3566 2161 re-

1986 2194 2200 2262 spondit
2227 2210 2236 2244 :
2272 2194 2324 2248 Si
2356 2193 2421 2245 ad
2448 2194 2667 2247 stultum
2699 2194 2942 2258 venistis,
2977 2195 3279 2263 superﬂuus
3307 2205 3388 2250 est
3417 2197 3564 2249 labor

1985 2293 2198 2348 vester;
2239 2286 2282 2336 si
2323 2293 2500 2337 autem
2537 2285 2736 2353 putatis
2771 2301 2856 2339 me
2888 2287 3182 2354 sapientein
3224 2301 3366 2352 esse,
3399 2299 3451 2341 et
3479 2303 3566 2343 sa-

1985 2376 2234 2444 pientiam
2274 2376 2498 2439 habere,
2535 2378 2732 2431 bonum
2762 2387 2843 2432 est
2874 2389 2927 2432 ut
2966 2379 3243 2433 imitemini
3272 2381 3411 2449 quod
3444 2396 3565 2448 pro-

1986 2467 2142 2532 batis,
2187 2467 2308 2537 quia
2350 2468 2487 2522 bona
2515 2472 2766 2524 convenit
2805 2471 3020 2524 imitari.
3045 2473 3101 2526 Si
3131 2487 3229 2539 ego
3256 2473 3320 2526 ad
3347 2487 3439 2526 vos
3468 2489 3563 2526 ve-

1986 2562 2212 2624 nissem,
2255 2575 2348 2614 vos
2377 2562 2642 2624 imitarer;
2687 2563 2779 2616 sed
2821 2563 2940 2633 quia
2973 2579 3066 2618 vos
3095 2564 3159 2618 ad
3193 2580 3276 2618 me
3319 2565 3465 2633 quasi
3499 2565 3563 2618 ad

1986 2657 2275 2722 sapientem
2305 2653 2544 2718 venistis,
2576 2665 2769 2715 estote,
2795 2656 2932 2707 sicut
2955 2670 3053 2723 ego
3081 2671 3220 2719 sum,
3246 2653 3556 2708 Christiani.

1985 2749 2372 2801 Absccssertmt
2423 2745 2760 2816 philos0phi,
2818 2756 3098 2816 utrumque
3155 2749 3451 2812 mirantes,
3505 2757 3561 2802 et

1984 2853 2203 2893 acumen
2235 2836 2457 2907 ingenii,
2502 2845 2558 2891 et
2584 2838 2880 2892 damnonum
2913 2840 3270 2906 expulsiones.

2056 2929 2183 2984 Car.
2225 2927 2382 2982 XLV.
2412 2959 2480 2968 ——
2523 2929 2670 2982 Alios
2711 2944 2922 2998 quoque
2958 2930 3204 2984 similiter
3251 2932 3429 2984 mundi
3471 2945 3561 2984 sa-

1986 3023 2191 3092 pientes
2214 3019 2350 3092 (89),
2378 3021 2466 3090 qui
2488 3035 2606 3074 eum
2635 3021 2856 3077 irridere
2881 3023 3182 3090 cupiebant,
3208 3024 3327 3089 quia
3357 3023 3560 3077 litteras

1987 3117 2276 3183 ignoraret,
2328 3115 2416 3167 tali
2465 3115 2818 3182 disputatione
2863 3116 3147 3185 colligavit,
3193 3117 3377 3171 dicens
3411 3134 3425 3172 :
3459 3116 3561 3173 Πρη-

317 3211 501 3272 omnia,
535 3220 591 3264 et
622 3212 674 3265 in
702 3228 807 3280 quo
851 3213 1025 3264 omnia
1060 3213 1193 3267 facta
1219 3227 1342 3269 sunt
1373 3216 1550 3283 (Rom.
1579 3217 1674 3287 xi),
1707 3219 1881 3272 videat
1912 3199 1955 3260 (ἶ
1989 3207 2246 3277 εροιιάειε
2275 3207 2424 3270 mihi,
2455 3209 2576 3276 (Ιυῖά
2610 3207 2772 3275 βτίυεν
2799 3223 2985 3262 sensus
3006 3224 3072 3261 ³η
3103 3209 3325 3262 “ueri”?
3355 3219 3406 3261 (ει
3434 3210 3558 3279 quid

311 3314 584 3368 aggregart

374 3388 506 3444 CAP.
550 3389 803 3470 XLI.I.*—-
832 3391 952 3446 Il:ec
996 3394 1124 3446 tanti
1169 3395 1264 3448 viri
1307 3397 1614 3463 praedicatio
1658 3399 1881 3464 exprimi

309 3494 402 3532 non
448 3491 630 3545 potest
669 3494 922 3551 quantum
965 3484 1027 3537 ad
1069 3485 1226 3538 ﬁdem
1265 3488 1488 3555 pepulos
1531 3489 1880 3543 rohoraverit.

311 3571 654 3626 Lmtabantur
719 3575 913 3643 quippe
960 3575 1201 3631 hostilem
1250 3588 1304 3633 et
1344 3579 1555 3634 Christo
1617 3582 1881 3638 inimicam

307 3664 553 3720 haeresim
582 3667 1018 3724 anathematizari
1048 3669 1115 3724 ab
1141 3671 1396 3727 Ecclesiae
1418 3674 1685 3730 columna.
1733 3678 1882 3732 Nulla

309 3766 427 3812 tunc
463 3766 622 3824 aetas,
659 3759 834 3813 nullus
880 3775 1041 3816 sexus
1088 3761 1233 3817 domi
1280 3765 1550 3820 remansit.
1599 3767 1776 3823 Taceo
1818 3771 1884 3824 de

306 3847 623 3903 Christianis
656 3866 670 3902 :
705 3853 890 3920 pagani
917 3868 1126 3923 quoque
1168 3863 1223 3908 et
1270 3856 1370 3924 ipsi
1413 3856 1671 3912 idolorum
1701 3874 1880 3915 sacer-

297 3937 456 3995 dotes
486 3939 552 3993 ad
585 3940 908 3996 dominicum
954 3943 1231 4010 imperium
1270 3949 1657 4014 convolabant,
1697 3950 1880 4005 dicen-

295 4039 374 4082 tes
414 4029 740 4085 :‘Precamur
781 4039 836 4085 ut
873 4032 1146 4088 videamus
1178 4035 1442 4092 hominem
1485 4038 1599 4102 Dei,
1631 4042 1749 4108 quia
1781 4041 1882 4096 hoc

292 4119 444 4188 apud
494 4121 778 4177 universos
828 4125 1171 4192 conspicuum
1234 4137 1348 4182 erat
1405 4145 1607 4187 nomen
1643 4135 1878 4188 Antonii.

293 4213 635 4268 Ambiebant
670 4231 880 4284 quoque
923 4204 1108 4272 Saltem
1139 4219 1396 4274 ﬁmbriam
1421 4224 1728 4279 vestimenti
1765 4227 1882 4294 ejus

287 4307 594 4376 attingere,
617 4310 838 4363 multum
866 4309 968 4363 sibi
995 4319 1049 4365 et
1077 4320 1270 4366 tactum
1295 4313 1549 4382 prodesse
1577 4318 1876 4372 credentes.

286 4402 444 4468 Quot
475 4409 600 4455 tunc
625 4402 884 4456 diabolica
916 4403 1196 4459 obsidione
1225 4414 1281 4460 et
1303 4406 1458 4460 variis
1488 4409 1880 4465 infirmitatibus

287 4497 551 4552 liberati!
598 4505 728 4566 quot
772 4499 1068 4553 simulacris
1099 4509 1278 4569 erepta
1303 4503 1650 4571 suntspolia!
1696 4506 1877 4572 quanti

286 4589 465 4642 etiam
493 4587 560 4640 ab
589 4602 768 4641 errore
790 4589 1064 4656 gentilium
1094 4593 1328 4655 retracti,
1354 4607 1535 4646 nos'ro
1557 4595 1724 4662 juncti
1753 4607 1872 4649 sunt
1905 4577 1957 4638 D

287 4679 480 4745 gregi!
525 4679 678 4731 Tanti
718 4689 897 4744 certe,
935 4687 991 4732 nt
1029 4696 1315 4748 paucorum
1356 4684 1559 4738 dierum
1602 4687 1773 4752 spatio
1811 4703 1876 4740 ex

292 4768 570 4821 idolorum
623 4767 730 4837 54
766 4771 1137 4837 superstitiOne
1189 4775 1468 4825 conversio
1523 4790 1734 4828 omnem
1785 4791 1877 4844 per

291 4874 500 4914 annum
547 4860 876 4914 credentium
924 4863 1156 4914 vinceret
1187 4863 1412 4915 turbam.
1450 4864 1712 4919 Przeterea
1755 4881 1873 4920 cum

293 4952 597 5005 irruentem
648 4951 1035 5003 multitudinem
1082 4952 1303 5005 comites
1345 4955 1690 5021 repellerent,
1737 4959 1878 5008 acsti-

293 5051 512 5094 tnantes
544 5039 702 5092 tredio
733 5040 805 5092 illi
856 5049 1174 5094 conventum
1229 5043 1404 5110 populi
1450 5043 1580 5105 fore,
1615 5045 1702 5097 ille
1734 5055 1876 5098 tran-

292 5133 473 5200 quillo
504 5132 681 5186 animo
711 5133 919 5186 dici-bat
949 5150 961 5185 :
989 5132 1231 5202 Nunquid
1262 5135 1346 5188 hic
1374 5144 1542 5189 etetus
1578 5137 1874 5190 dicmonum

294 5223 479 5293 major
517 5233 600 5277 est
635 5225 847 5277 turbis?
891 5223 1122 5292 nunquid
1155 5226 1553 5293 obsequentium
1596 5230 1876 5282 multitudo

293 5311 710 5367 colluctatorum
757 5314 808 5366 in
842 5325 1020 5368 monte
1062 5324 1360 5370 nostrorum
1391 5319 1616 5372 catervis
1661 5329 1739 5372 est
1781 5336 1877 5372 nn-

295 5404 603 5458 merosior?

375 5494 504 5548 Car.
526 5491 703 5548 XLIII.
721 5526 782 5534 ——
808 5496 1008 5550 Accidit
1029 5498 1184 5550 etiam
1210 5508 1261 5551 ut
1284 5514 1400 5552 cum
1431 5515 1548 5552 eum
1575 5501 1876 5556 redeuntem

294 5585 442 5639 circa
468 5597 672 5656 portam
703 5602 1159 5658 prosequeremur,
1189 5606 1216 5643 a
1241 5601 1386 5660 tergo
1414 5592 1652 5660 qna-dam
1693 5595 1879 5648 mulier

295 5676 620 5744 clamitaret,
643 5679 852 5734 dicens:
873 5681 1151 5748 Exspecta,
1175 5685 1331 5737 homo
1347 5684 1464 5744 Dei,
1488 5684 1588 5738 lilia
1614 5702 1724 5740 mea
1747 5696 1878 5742 atro-

299 5772 520 5828 cissime
537 5782 754 5828 vexatur
768 5773 1050 5841 daemonio;
1070 5785 1336 5852 exspecta,
1357 5777 1606 5845 obsecro;
1629 5789 1870 5850 exspecta

1987 3304 2136 3370 cujus
2162 3302 2476 3357 exordium?
2507 3301 2705 3356 Sensus
2729 3318 2794 3354 ex
2823 3301 3034 3367 litteris,
3067 3319 3133 3356 an
3162 3305 3350 3358 littera:
3377 3305 3560 3357 oriun-

1987 3406 2071 3448 tur
2104 3409 2167 3449 ex
2207 3394 2404 3448 sensu?
2446 3392 2556 3448 Illis
2606 3394 2964 3448 asserentibus
3010 3396 3132 3462 quia
3183 3409 3370 3448 sensus
3418 3403 3559 3449 esset

1987 3497 2172 3542 auctor
2208 3499 2365 3554 atque
2414 3491 2655 3543 inventor
2699 3488 3018 3553 litterarum,
3062 3488 3137 3540 ait
3167 3507 3178 3540 :
3210 3488 3370 3556 Igitur
3399 3489 3442 3542 si
3473 3490 3559 3541 cui

1987 3596 2176 3636 sensus
2211 3582 2488 3634 incolumis
2515 3590 2611 3641 est,
2646 3580 2732 3634 hic
2760 3581 2964 3634 litteras
2995 3596 3099 3633 non
3143 3581 3383 3648 requirit.
3431 3581 3559 3646 Quis

1987 3673 2327 3742 prtesentium
2370 3681 2489 3741 post
2530 3672 2663 3726 hanc
2693 3673 3118 3727 colluctationem
3169 3689 3273 3725 non
3295 3673 3563 3726 exclama—

1986 3765 2142 3829 verit,
2172 3779 2290 3818 cum
2317 3764 2682 3830 obstupuerint
2703 3772 2756 3817 et
2784 3763 2880 3830 ipsi
2905 3764 2991 3832 qui
3023 3763 3144 3816 victi
3183 3773 3327 3826 sunt,
3358 3772 3554 3815 tantam

1986 3858 2037 3912 in
2068 3859 2312 3927 imperito
2331 3857 2620 3912 litterarum
2649 3857 2990 3926 sagacitatem
3019 3857 3178 3910 animi
3201 3857 3558 3910 admirantes?

1987 3951 2168 4020 Neque
2206 3951 2370 4014 enim,
2417 3958 2472 4001 ut
2513 3949 2565 4001 in
2603 3947 2887 4002 solitudine
2916 3959 2969 4002 et
3001 3949 3269 4002 montibus
3292 3957 3557 4011 versatus,

1985 4053 2143 4112 atque
2186 4057 2397 4096 omnem
2441 4040 2635 4095 ibidem
2667 4042 2882 4110 exigens
2913 4041 3098 4105 vitam,
3134 4042 3358 4110 agrestis
3401 4051 3454 4096 et
3484 4041 3556 4094 ri-

1984 4135 2134 4205 gidus
2158 4142 2300 4198 erat,
2334 4133 2425 4187 sed
2453 4133 2719 4200 jucundus
2759 4143 2917 4201 atque
2951 4133 3196 4197 affabilis,
3229 4148 3551 4198 sermonem,

1985 4225 2275 4282 secundum
2329 4224 2571 4294 Apostoli
2627 4234 2990 4293 praaceptum,
3049 4225 3230 4280 divino
3283 4226 3552 4280 conditum

1985 4318 2097 4373 sale
2127 4317 2350 4384 (Colon.
2388 4315 2463 4387 tv)
2497 4315 2816 4383 proferebat,
2843 4317 2912 4370 ita
2942 4327 2996 4371 ut
3023 4317 3214 4371 invidia
3243 4327 3469 4384 careret,
3501 4326 3554 4374 et

1986 4426 2166 4466 amore
2196 4409 2431 4463 omnium
2457 4408 2739 4478 potiretur.

2053 4502 2182 4557 CAP.
2222 4501 2494 4556 XLVl.—-
2523 4501 2661 4555 Inter
2691 4504 2822 4568 lucc,
2870 4501 3019 4570 quasi
3071 4518 3251 4568 parum
3295 4511 3438 4557 esset
3474 4504 3554 4558 bis

1979 4593 2330 4664 gentilitatem
2361 4592 2524 4646 fuisse
2549 4601 2871 4656 separatam,
2903 4601 2958 4646 et
2987 4594 3143 4646 tertio
3170 4604 3429 4648 venerunt
3454 4596 3550 4648 viri

1981 4687 2045 4741 ad
2077 4702 2198 4740 eum
2225 4687 2398 4739 omnis
2445 4685 2699 4739 secularis
2730 4687 3027 4754 prudentia:
3055 4687 3198 4743 nube
3237 4690 3440 4751 caecati,
3470 4699 3554 4743 at-

1980 4794 2084 4847 que
2134 4777 2395 4830 universis
2446 4776 2798 4844 philosophia:
2849 4778 3038 4832 studiis
3091 4779 3281 4831 artium
3335 4793 3549 4833 suarum

1980 4869 2330 4923 :estimatione
2357 4869 2670 4923 doctissimi.
2706 4869 2764 4921 lli
2804 4884 2923 4923 cum
2965 4869 3226 4924 rationem
3253 4871 3320 4924 ah
3345 4886 3410 4923 eo
3439 4874 3552 4927 exi-

1978 4968 2165 5029 gerent
2205 4959 2346 5022 Ildei,
2392 4975 2547 5028 quam
2592 4961 2641 5012 in
2676 4959 2890 5013 Christo
2920 4960 3195 5024 habemus,
3237 4970 3290 5014 et
3320 4963 3552 5018 niteren-

1982 5063 2065 5107 tur
2117 5061 2298 5121 arguta
2359 5052 2738 5119 sephismatnm
2799 5051 3215 5121 interrogatione
3261 5053 3327 5107 de
3371 5057 3547 5111 divina

1979 5159 2138 5197 Crnce
2167 5160 2287 5196 eum
2313 5143 2554 5202 illudere.
2588 5143 2638 5196 in
2665 5143 2933 5196 silentium
2959 5145 3221 5211 paululum
3247 5161 3377 5201 voce
3402 5163 3550 5202 com-

1981 5250 2184 5303 pressa,
2208 5235 2434 5301 primum
2456 5248 2636 5286 eorum
2663 5233 2940 5286 miseratus
2959 5249 3195 5288 errorem
3217 5248 3328 5303 est;
3353 5238 3547 5294 deinde

1981 5341 2073 5390 per
2114 5324 2476 5392 interpretem,
2526 5323 2614 5390 qui
2662 5321 2778 5390 ejus
2827 5324 2987 5378 verba
3037 5324 3446 5394 diligentissime
3497 5331 3547 5383 in

1981 5414 2222 5468 Grmcnm
2267 5413 2473 5465 solebat
2518 5415 2815 5481 exprimere
2859 5429 3182 5479 sermonem,
3214 5418 3282 5470 ita
3323 5435 3546 5474 exorsus

1981 5519 2081 5572 est,
2130 5507 2348 5561 dicens:
2379 5505 2512 5572 Quid
2563 5505 2830 5574 pulchrius
2867 5518 2968 5572 est,
3009 5509 3205 5576 quidve
3251 5510 3544 5576 honestius,

1979 5614 2188 5652 erucem
2212 5598 2404 5660 colere,
2420 5615 2482 5649 an
2505 5598 2780 5664 adulteria,
2805 5600 3161 5666 parricidium,
3179 5603 3262 5656 vel
3283 5605 3538 5657 incestum

1979 5689 2062 5742 his
2087 5688 2354 5756 assignare
2383 5702 2516 5755 quos
2547 5691 2744 5753 colitis;
2775 5705 2895 5742 cum
2927 5690 2977 5744 in
3005 5691 3175 5744 altero
3201 5693 3268 5744 sit
3304 5701 3540 5745 contem-

1979 5790 2094 5854 ptus
2125 5779 2306 5835 mortis
2348 5777 2550 5852 insigne
2581 5782 2850 5848 virtutum,
2882 5779 2931 5834 in
2961 5780 3127 5834 altero
3159 5782 3326 5850 turpis
3356 5782 3544 5852 religio
