4002 6284
379 364 481 420 159

1438 363 1525 417 DE
1570 361 1741 414 VITIS
1786 360 2064 414 I’ATIiUM
2105 359 2311 413 LIBER
2353 359 2625 414 PRIMUS.

3522 360 3633 416 160

376 481 718 534 obscenitatis
757 479 1045 546 magistra?
1083 476 1219 544 Quid
1252 475 1442 530 melius
1484 485 1565 529 est
1598 475 1777 528 dicere
1807 474 1945 541 quod
1977 482 2023 535 Α
2054 475 2248 525 inserta
2276 482 2419 530 sunt.
2443 480 2495 525 et
2528 471 2712 524 iisdem
2742 469 3097 525 voluminibus
3123 470 3467 524 continentur
3486 484 3627 540 prte-

381 575 471 629 Dei
501 574 754 635 Verbum,
797 586 1020 625 manens
1061 582 1116 624 ut
1156 581 1291 632 erat,
1324 570 1391 623 ob
1439 571 1663 622 salutem
1713 576 1951 620 nostram

379 667 666 718 humanum
708 678 902 730 corpus
932 666 1297 728 assumpserit,
1330 670 1386 714 ut
1421 663 1671 713 societate
1715 660 1955 712 mortali-

377 758 504 810 tatis
546 770 642 808 nos
676 758 927 809 evelleret
963 754 1025 807 ad
1064 754 1280 813 cuilum,
1325 753 1709 819 participesque
1755 765 1955 803 naturae

382 849 619 900 caelestis
649 846 915 909 efficeret;
956 861 1044 906 an,
1080 853 1135 896 ttt
1163 844 1258 911 ipsi
1289 844 1546 906 asseritis,
1591 842 1780 895 divinat
1811 858 1956 895 uten-

384 941 454 992 tis
482 944 728 990 haustum
758 937 896 1003 (99),
942 934 1006 987 ad
1040 944 1248 986 terrena
1278 934 1576 985 veneranda
1628 943 1786 999 caput
1827 932 1956 985 sub-

384 1029 618 1093 mittere,
651 1039 704 1082 et
726 1028 985 1095 pecudum
1015 1038 1173 1095 atque
1198 1036 1503 1088 serpentum
1529 1025 1712 1078 formis
1740 1025 1957 1079 cmlcste

384 1137 578 1175 nomen
627 1119 934 1173 includere?
978 1121 1093 1183 Quo
1136 1132 1229 1171 ore
1267 1117 1683 1169 Christianorum
1728 1117 1959 1169 creduli-

392 1224 554 1267 tatem
583 1212 789 1265 audetis
830 1211 1049 1264 irridere
1077 1209 1215 1279 (91),
1246 1210 1531 1262 dicentium
1571 1206 1837 1261 Christum
1874 1206 1959 1260 Fi-

386 1305 517 1358 lium
547 1304 638 1359 Dei
676 1303 909 1358 sine-sui
944 1303 1286 1363 detrimento,
1326 1310 1382 1355 et
1418 1302 1645 1370 cmpisse
1674 1316 1791 1354 esse
1819 1298 1958 1368 quod

389 1412 494 1451 non
524 1404 674 1460 erat,
704 1403 757 1450 et
802 1396 1060 1449 mansisse
1108 1394 1245 1465 quod
1295 1394 1495 1459 fuerat;
1538 1409 1655 1446 cum
1704 1392 1803 1462 ipsi
1847 1393 1963 1445 ani-

388 1506 529 1543 mam
569 1491 636 1543 de
664 1489 970 1543 cmlesibus
1008 1488 1371 1552 detrahentes,
1406 1503 1507 1540 non
1552 1494 1751 1539 tantum
1786 1484 1961 1538 homi-

392 1598 518 1635 num
552 1583 645 1636 sed
676 1592 730 1636 et
765 1581 1088 1648 serpentium
1120 1590 1176 1634 et
1202 1582 1460 1648 pecudum
1491 1580 1705 1633 soleatis
1737 1579 1962 1646 sepelire

388 1674 705 1739 corporibus
756 1673 908 1743 (92)?
962 1670 1262 1725 Christiana
1312 1671 1596 1724 credulitas
1651 1685 1747 1738 pro
1796 1668 1965 1724 salute

388 1767 574 1821 mundi
607 1767 767 1819 Deum
807 1780 960 1818 suum
990 1765 1198 1818 venisse
1232 1773 1485 1827 testatur;
1523 1777 1619 1817 vos
1648 1778 1777 1817 vero
1808 1763 1961 1815 inna-

2056 568 2206 617 conia
2257 565 2545 631 ni-rjestatis
2605 573 2657 617 et
2709 564 2893 617 mortis
2941 562 3226 617 dedecora.
3265 562 3619 629 Quamobrem

2056 658 2199 722 odio,
2233 672 2337 725 quo
2382 657 2568 709 imbuti
2624 656 2772 718 estis,
2804 656 3037 724 abjecto.
3067 656 3353 708 invenietis
3384 654 3539 717 illico,
3574 667 3627 711 et

2058 753 2222 804 Deum
2274 766 2454 803 verum
2503 766 2623 804 esse
2670 749 2875 812 Jesutn,
2901 757 2954 802 et
2981 750 3168 803 salutis
3195 748 3443 802 humana:
3466 752 3627 818 gratia

2066 848 2303 914 fragilem
2336 848 2689 913 assumpsisse
2713 856 2976 901 naturam.

2130 940 2260 992 Car.
2283 938 2808 991 XLVll.-—Vestram
2841 949 3012 991 tamen
3040 938 3211 1002 nobis,
3231 937 3275 990 si
3306 953 3409 990 non
3442 937 3627 1005 pudet,

2058 1038 2276 1085 narrate
2304 1032 2636 1101 religionem.
2668 1032 2770 1086 Sed
2795 1047 2924 1099 quas
2946 1046 3097 1084 error
3124 1029 3304 1083 infelix
3331 1030 3525 1097 poterit
3551 1046 3639 1082 re-

2064 1121 2206 1176 ferre
2250 1122 2486 1176 culturas
2516 1124 2582 1177 de
2627 1132 2768 1175 tanta
2798 1138 2972 1177 rerum
3007 1122 3245 1175 foeditate
3270 1132 3422 1189 atque
3446 1137 3637 1175 vectir-

2061 1215 2182 1268 dia?
2212 1216 2311 1268 nisi
2364 1216 2497 1269 forte
2552 1220 2630 1283 (ut
2674 1216 2852 1285 audio)
2883 1215 3085 1270 fabulas
3118 1215 3368 1268 asseratis
3404 1214 3625 1268 deorum

2061 1316 2379 1375 vestrorum,
2405 1315 2459 1360 et
2483 1306 2859 1370 obscenitates,
2882 1318 2937 1362 et
2965 1307 3328 1369 crudelitates,
3352 1316 3405 1360 et
3433 1308 3634 1360 vanita-

2064 1408 2163 1460 tes,
2194 1407 2248 1452 et
2281 1408 2497 1463 mortes,
2530 1406 2768 1465 tegentes
2818 1413 2910 1453 eas
2965 1396 3262 1465 allegoricis
3292 1398 3639 1453 velatninibns

2064 1488 2242 1558 (IOU);
2277 1488 2478 1542 Liberm
2525 1497 2972 1555 raptttm,terram
3005 1486 3189 1557 (Illi);
3246 1486 3623 1541 setniclautluut

2066 1579 2357 1634 Vttlvanum
2389 1590 2442 1634 et
2461 1580 2711 1643 debilem,
2737 1582 2908 1648 ignem
2935 1579 3114 1648 (loti);
3142 1578 3427 1641 Junouem,
3457 1594 3635 1632 aerem

2066 1674 2250 1745 (l03);
2299 1674 2631 1740 Apollinem,
2675 1672 2840 1725 solem
2907 1670 3086 1741 (I04);
3150 1670 3411 1737 Dianam,
3465 1671 3639 1722 lunam

2070 1765 2254 1838 (IOS);
2297 1765 2618 1833 Neptunum,
2643 1764 2802 1817 maria
2848 1763 3028 1834 (l06);
3062 1772 3115 1816 et
3172 1763 3448 1815 libidinum
3499 1763 3645 1829 prin-

390 1868 505 1913 tam
539 1858 768 1912 animam
801 1856 1175 1925 przedicantes,
1210 1855 1349 1908 ultro
1376 1856 1612 1923 citroque
1645 1854 1962 1908 transfertis.
1998 1860 2044 1919 Β
2070 1858 2238 1924 cipem
2265 1855 2465 1918 Iovem,
2490 1859 2740 1909 tethercm
2767 1854 2911 1925 (107)
2942 1856 3369 1920 interpretantes.
3394 1852 3502 1906 Nec
3525 1860 3646 1921 post

390 1948 693 2003 Christiana
740 1948 902 2010 fides,
952 1962 1069 2014 qua:
1115 1945 1551 2015 omnipotentiam
1599 1945 1688 1998 Dei
1738 1946 1970 1998 clemen-

395 2040 627 2108 tiamque
650 2050 953 2104 veneratur,
986 2047 1375 2105 consequenter
1400 2036 1816 2091 incarnationem
1841 2034 1972 2087 dicit

396 2131 505 2185 Deo
537 2132 700 2185 fuisse
729 2130 1051 2199 possibilem,
1081 2130 1152 2183 ita
1185 2139 1382 2192 tamen,
1414 2140 1469 2181 ut
1498 2144 1603 2181 non
1636 2126 1971 2181 evacuaverit

394 2222 629 2291 dignatio
664 2222 1005 2291 dignitatem;
1037 2235 1132 2274 vos
1171 2220 1260 2289 qui
1285 2221 1515 2273 animant
1554 2234 1618 2273 ex
1646 2218 1968 2287 Splendidis-

395 2316 532 2369 sime
561 2315 651 2370 Dei
684 2318 826 2369 fonte
858 2322 1159 2367 manentem
1200 2312 1424 2381 turpiter
1450 2312 1711 2366 decidisse
1736 2312 1970 2381 iactatis,

397 2410 484 2478 qui
522 2406 823 2462 mutabilem
863 2417 918 2461 et
955 2405 1355 2460 convertibilem
1395 2419 1512 2459 eam
1554 2413 1671 2472 post
1707 2407 1786 2458 sui
1817 2404 1975 2457 dimi-

400 2504 670 2555 nutionem
711 2499 916 2553 audetis
951 2512 1219 2563 asserere,
1257 2497 1366 2565 jam
1408 2497 1548 2550 illam
1580 2511 1787 2565 quoque
1814 2504 1974 2549 natu-

399 2608 513 2647 ram
554 2591 822 2646 dominam
882 2591 1198 2645 saeculorum
1247 2604 1343 2657 per
1388 2588 1583 2642 anima:
1628 2588 1976 2641 cootumelias

403 2686 563 2752 impia
605 2685 779 2755 lingua
810 2684 1097 2738 temeratis.
1138 2682 1313 2752 Imago
1343 2683 1507 2746 enim,
1541 2697 1658 2752 qua:
1687 2681 1974 2735 secundum

409 2786 505 2831 vos
535 2778 829 2831 naturalem
859 2774 1258 2829 similitudinem
1286 2773 1367 2829 sui
1400 2774 1593 2828 retinet
1617 2774 1866 2837 auctoris,
1892 2772 1977 2827 cui

407 2884 509 2923 una
532 2878 705 2923 estex
734 2883 841 2937 quo
877 2866 1097 2921 deﬂuxit
1128 2866 1418 2934 eademque
1457 2864 1775 2929 substantia,
1806 2864 1980 2916 humi-

406 2959 582 3013 litates
630 2961 869 3025 protirias
914 2966 968 3012 et
1022 2955 1240 3025 injurias
1289 2964 1679 3023 consequenter
1724 2953 1790 3007 ad
1828 2968 1977 3007 suam

405 3052 662 3120 originem
699 3052 935 3107 remittit.
970 3051 1131 3119 lgitur
1152 3050 1587 3115 animadvertite,
1632 3048 1981 3103 contumelias

405 3145 722 3207 animarum,
755 3144 818 3195 ad
856 3154 1065 3211 patrem
1113 3143 1193 3208 (ut
1213 3141 1513 3211 appellatis)
1541 3139 1645 3213 55
1675 3154 1855 3194 earum
1883 3153 1979 3207 per

406 3244 635 3291 vestram
666 3237 1048 3303 hlasliltetniam
1078 3234 1397 3289 redundare.

477 3326 620 3380 Crux
658 3325 852 3380 Christi
901 3326 1106 3379 Domini
1158 3324 1249 3379 Dei
1307 3324 1471 3380 nostri
1535 3322 1620 3377 hic
1675 3322 1827 3378 nobis
1895 3322 1979 3377 iu-

409 3419 630 3489 geritur.
656 3419 822 3487 ltogo,
852 3434 969 3486 quae
1027 3419 1141 3472 hinc
1196 3428 1280 3473 est
1326 3416 1593 3486 religionis
1644 3417 1978 3471 obscenitas?

410 3524 588 3565 nonne
657 3513 828 3577 potius
892 3521 975 3565 est
1046 3525 1258 3565 crucem
1329 3521 1420 3564 aut
1481 3511 1706 3579 alicujus
1774 3509 1982 3578 generis

410 3610 637 3655 mortem
672 3642 687 3663 ,
740 3602 809 3657 ab
858 3602 1055 3670 iniquis
1109 3598 1409 3654 hominibus
1455 3600 1656 3655 illatam
1721 3598 1983 3670 patienter

408 3694 709 3758 sustinere,
744 3708 899 3760 quam
954 3691 1103 3747 Isidis
1154 3692 1266 3762 (93)
1324 3692 1574 3763 plangere
1622 3704 1741 3762 post
1786 3691 1983 3746 Osirim

412 3786 525 3858 (94)
547 3802 707 3857 vagos
727 3786 1063 3855 incertosque
1091 3787 1395 3841 discursus?
1426 3787 1644 3854 Pudeat,
1665 3802 1864 3855 qu:t'so,
1889 3802 1984 3843 vos

414 3879 725 3933 insidiarum
759 3879 1030 3950 Typhonis
1058 3880 1204 3946 (95);
1239 3880 1434 3947 pudeat
1470 3881 1681 3933 Saturni
1705 3880 1815 3947 (96)
1850 3878 1987 3948 fugae

415 3981 469 4024 ct
508 3970 864 4025 devtirationis
915 3970 1298 4025 crudelissima:
1339 3968 1646 4023 liberorum.
1679 3968 1988 4023 Erubescite

419 4059 759 4129 parricidium
782 4060 928 4115 Jovis
943 4062 1059 4130 (97)
1082 4072 1134 4115 et
1163 4061 1443 4123 incestum,
1463 4059 1760 4115 erubescite
1781 4070 1987 4129 raptum

420 4153 539 4221 ejus
565 4163 619 4206 et
645 4150 841 4205 coitum
870 4153 1149 4205 mulierum
1178 4162 1337 4221 atque
1366 4166 1670 4221 puerorum.
1706 4151 1817 4217 Ille,
1850 4152 1988 4206 sicut

422 4243 587 4299 vestri
644 4242 846 4310 fingunt
892 4254 1091 4312 pectre,
1121 4244 1185 4299 ad
1226 4246 1544 4313 explendum
1591 4243 1990 4298 immanissima:

423 4334 655 4390 libidinis
680 4333 936 4402 furorem,
964 4338 1150 4392 molles
1179 4336 1323 4393 dedit
1346 4337 1397 4390 in
1421 4353 1602 4392 amore
1631 4338 1838 4407 vagitus
1862 4354 1876 4402 ;
1905 4338 1992 4392 ille

423 4429 475 4485 in
527 4431 729 4485 Danaes
772 4428 886 4501 (98)
941 4430 1090 4486 ﬂuxit
1127 4431 1303 4495 sinus,
1334 4431 1447 4500 ipse
1507 4441 1715 4484 amator
1768 4440 1822 4485 et
1870 4444 1993 4499 pre-

425 4522 587 4589 tium;
630 4523 717 4577 ille
765 4524 1068 4579 modulatus
1109 4524 1219 4578 ales
1266 4524 1484 4578 Ledaeos
1514 4522 1625 4595 (99)
1669 4521 1854 4591 petivit
1879 4538 1995 4575 am—

2072 1950 2210 2004 lianc
2232 1948 2587 2003 excusationis
2618 1947 2991 2017 procacitatem
3025 1947 3210 2008 Deum,
3228 1946 3318 1999 sed
3343 1957 3643 2009 creaturas,

2071 2052 2375 2110 contempto
2405 2042 2676 2107 Creatore,
2704 2039 2995 2106 suscipitis.
3024 2037 3171 2105 Quod
3201 2036 3245 2091 si
3297 2036 3636 2105 pulchritudo

2073 2149 2167 2189 Vos
2196 2133 2581 2188 elementorum
2608 2132 2677 2185 ad
2706 2146 2855 2185 suam
2888 2133 3046 2183 traxit
3088 2132 3501 2193 venerationem,
3529 2146 3647 2184 meo

2074 2227 2198 2281 dum
2232 2226 2308 2280 fas
2328 2236 2442 2281 erat
2461 2226 2763 2291 cuStodire;
2804 2235 2860 2281 et
2887 2226 3166 2294 oportebat
3195 2226 3375 2279 mirari
3417 2234 3647 2290 tantum,

2075 2330 2173 2372 nec
2199 2317 2396 2381 colere,
2430 2333 2497 2371 ue
2525 2318 2741 2371 factura:
2773 2320 3047 2371 veneratio
3085 2316 3355 2370 Creatoris
3380 2325 3520 2371 esset
3560 2316 3642 2370 in-

2073 2408 2236 2478 juria.
2253 2409 2383 2462 Nam
2408 2409 2696 2463 secundum
2729 2406 3049 2471 istiusmodi,
3066 2423 3221 2476 quam
3236 2423 3334 2462 vos
3348 2408 3647 2478 sequimini,

2077 2508 2335 2552 rationem
2370 2508 2769 2567 praeposteram,
2804 2507 2859 2553 et
2886 2499 3157 2553 architecti
3189 2500 3359 2553 honor
3402 2501 3645 2569 migravit

2078 2590 2142 2644 ad
2164 2591 2410 2656 domum;
2435 2601 2489 2645 et
2509 2592 2697 2644 medici
2730 2592 3033 2645 scientiaad
3062 2592 3296 2647 remedia
3324 2592 3645 2655 conferetur,

2078 2684 2315 2739 omnium
2346 2698 2557 2751 quoque
2584 2682 2845 2737 artificum
2874 2684 3060 2737 merita
3088 2684 3169 2739 vel
3200 2684 3380 2739 laudes
3400 2683 3465 2738 ad
3489 2699 3651 2750 Opera

2080 2756 2489 2829 transferentur.
2519 2774 2656 2840 Quid
2709 2775 2773 2827 ad
2808 2774 2921 2827 hare
2966 2774 3163 2839 dicitis,
3197 2787 3252 2828 ut
3300 2790 3653 2845 agnoscamus

2080 2881 2199 2935 qua:
2229 2866 2297 2918 sit
2324 2865 2498 2919 crucis
2524 2865 2760 2919 ridiculae
2790 2865 2939 2919 vobis
2969 2865 3321 2935 ignominiosa
3348 2864 3655 2921 confessio?

2140 2956 2693 3012 CAP.XLV|ll.—llac
2706 2956 3060 3027 disputatione
3074 2957 3501 3011 convertentibus
3515 2956 3656 3009 inter

2079 3062 2139 3102 se
2170 3047 2496 3115 philosophis
2518 3048 2723 3108 oculos.
2748 3045 3009 3116 simulque
3033 3046 3455 3112 mussitantibus,
3476 3046 3651 3098 subri-

2081 3140 2215 3194 deus
2228 3141 2484 3193 Antonius
2503 3154 2713 3192 rursum
2741 3151 3190 3207 perinterpretem
3211 3148 3284 3192 aut
3306 3159 3320 3195 :
3344 3139 3399 3193 Pi
3414 3139 3653 3193 aedurum

2004 3237 2050 3301 ο
2085 3232 2234 3302 (108)
2261 3248 2489 3301 namque
2513 3231 3108 3301 cunclovideturoperi,
3131 3234 3337 3300 quoties
3364 3230 3511 3301 justo
3539 3232 3656 3286 uni-

2082 3342 2251 3382 versae
2276 3325 3003 3393 reitenorecalcato,laboris
3048 3324 3233 3379 merita
3284 3323 3440 3378 factis
3493 3324 3657 3394 magis

2082 3434 2239 3490 quam
2265 3418 2553 3475 factoribus
2568 3426 2895 3476 astrnuutur.
2916 3417 3187 3472 Elementa
3205 3418 3439 3488 quidem,
3461 3426 3517 3472 ut
3541 3433 3656 3472 me-

2088 3512 2313 3573 moravi,
2337 3524 2405 3564 ex
2427 3510 2542 3575 ipso
2569 3520 2852 3578 conspectu
2875 3523 3022 3561 suam
3045 3510 3400 3576 comprobant
3430 3508 3659 3562 servitu-

2085 3609 2214 3656 tem.
2228 3600 2332 3656 Sed
2350 3601 2596 3668 quoniam
2626 3614 2719 3653 vos
2736 3598 3102 3653 observatione
3120 3598 3392 3653 dialectica
3416 3612 3661 3653 necessa-

2087 3698 2185 3758 ria,
2206 3705 2262 3747 ut
2285 3693 2497 3762 putatis,
2527 3707 2749 3762 qtmque
2775 3691 3044 3760 coliigitis,
3072 3690 3175 3746 hoc
3204 3705 3415 3760 quoque
3438 3689 3662 3743 artificio

2086 3788 2245 3840 etiam
2273 3769 2369 3839 nos
2398 3796 2631 3841 n08tram
2661 3785 2967 3855 religionem
3015 3782 3335 3851 compellitis
3365 3780 3655 3837 affirmare.

2090 3877 2428 3945 Respoadete
2472 3876 2597 3930 inihi
2624 3894 2637 3929 :
2661 3876 2908 3945 Cognitio
2941 3876 3031 3929 Dei
3062 3877 3508 3944 quemadmodum
3542 3890 3656 3927 ma-

2089 3968 2338 4023 nifestius
2367 3968 2715 4036 approbatur,
2743 3982 2837 4033 per
2863 3968 3232 4021 collectionem
3261 3969 3559 4031 Verborum,
3589 3980 3656 4020 an

2089 4078 2185 4132 per
2210 4062 2571 4129 operationem
2620 4058 2776 4113 fidei?
2826 4061 2887 4113 Et
2933 4058 3055 4129 quid
3086 4059 3351 4129 antiquius
3385 4059 3525 4128 (109)
3553 4068 3655 4123 est,

2092 4152 2330 4222 operatio
2359 4152 2513 4215 fidei,
2543 4166 2611 4204 an
2662 4148 2947 4217 disputatio
2998 4167 3086 4219 per
3118 4160 3433 4221 argumenta
3462 4133 3659 4220 prece:

2093 4246 2266 4300 deus?
2318 4244 2422 4299 Illis
2481 4244 2927 4310 respondentibus
2987 4241 3276 4298 firmiorem
3329 4243 3667 4297 sermonibus

2094 4336 2458 4405 operationem
2482 4351 2622 4399 esse,
2652 4344 2704 4390 et
2738 4336 2874 4391 hanc
2896 4336 3149 4405 liquidam
3173 4336 3239 4390 de
3272 4337 3379 4391 Deo
3406 4334 3669 4405 cognitio-

2097 4444 2243 4494 nem,
2276 4431 2412 4484 bene
2436 4445 2527 4483 eos
2552 4440 2604 4483 et
2629 4429 2739 4498 ipse
2768 4428 2973 4483 dixisse
3002 4431 3291 4493 consensit,
3322 4430 3445 4498 quia
3469 4442 3661 4493 opera-

2099 4523 2316 4587 tionem,
2334 4537 2453 4590 qum
2475 4537 2539 4575 ex
2569 4522 2671 4575 fide
2693 4521 2988 4584 descendit,
3005 4523 3165 4575 animi
3183 4530 3397 4592 generat
3412 4519 3659 4583 affectus,

427 4618 649 4687 plexns;
678 4617 767 4672 ille
793 4618 843 4670 in
871 4620 1135 4685 pr0ptium
1164 4616 1387 4671 saetiens
1409 4620 1831 4685 sexum,regium
1864 4630 1991 4683 pue—
2019 4624 2072 4685 1)
2095 4614 2369 4670 dialectica
2385 4630 2508 4669 vero
2522 4615 2954 4683 disputatione-ex
2979 4616 3208 4671 artificio
3228 4614 3666 4678 componentium

430 4723 545 4760 rum
569 4707 826 4761 ministris
874 4706 1058 4761 avibus
1086 4708 1290 4775 potlttit.
1317 4708 1440 4761 Haac
1485 4723 1582 4762 vos
1612 4706 1847 4773 creditis,
1878 4707 1991 4761 haec

426 4797 624 4864 cnlitis,
654 4796 768 4849 haec
791 4807 913 4851 sunt
942 4807 1237 4851 vestrorum
1292 4809 1601 4851 ornamenta
1650 4797 1988 4866 templorum.

428 4888 625 4958 Equo,
670 4891 949 4958 deprecor,
982 4904 1077 4957 pro
1128 4898 1301 4942 vestra
1358 4890 1569 4956 salute,
1616 4899 1795 4943 nostra
1847 4888 1991 4943 dicta

426 4980 873 5048 pensatejudicio.
906 4978 1127 5042 Cuncta,
1157 4996 1223 5034 an
1255 4981 1380 5034 nihil
1409 4980 1730 5035 credendum
1761 4980 1813 5033 in
1845 4980 1993 5034 libris

428 5070 746 5126 Christianis
774 5076 896 5127 est?
920 5074 972 5128 Si
1029 5075 1180 5136 nihil,
1207 5088 1303 5129 nec
1327 5077 1500 5129 crucis
1528 5088 1756 5140 quoque,
1788 5073 1871 5127 cui
1899 5073 1992 5127 de-

430 5165 661 5227 trahitis,
683 5181 871 5217 nomen
900 5181 1033 5235 agno
1065 5166 1202 5219 citis.
1229 5166 1283 5220 Si
1307 5167 1553 5219 universa
1577 5163 1840 5219 credenda
1854 5172 1997 5228 sunt,

428 5273 546 5321 cur,
578 5273 697 5312 cmn
729 5259 780 5311 in
811 5257 991 5311 iisdem
1016 5260 1164 5312 libris
1195 5261 1337 5313 cruci
1362 5258 1680 5313 resurrectio
1696 5256 1995 5325 copuletur,

430 5348 735 5419 passionem
762 5348 989 5402 divinam
1046 5352 1239 5404 stolido
1267 5352 1506 5406 laceratis
1535 5351 1764 5419 eloquio.
1798 5359 1851 5404 et
1893 5365 1995 5403 non

434 5441 612 5496 statim
662 5440 881 5512 iungitis
908 5458 1167 5497 czncorttm
1206 5445 1401 5507 visum,
1427 5444 1705 5498 surdorum
1735 5441 1994 5501 auditum,

432 5533 738 5589 claudorum
768 5549 1008 5604 gressum
1031 5574 1045 5599 ,
1076 5537 1235 5602 lepra:
1266 5535 1719 5597 emundationem,
1752 5533 1994 5586 serviens

436 5623 726 5679 ambulanti
756 5625 863 5681 Deo
888 5640 987 5680 suo
1016 5639 1182 5687 mare,
1209 5623 1505 5676 daemonum
1539 5624 1705 5694 fugas,
1730 5637 2002 5677 resurrec—

435 5714 632 5774 tionem
662 5725 985 5771 mortuorum
1016 5725 1069 5769 et
1097 5712 1464 5769 defunctorum
1504 5714 1571 5767 ab
1616 5712 1802 5768 inferis
1855 5714 2001 5768 redi-

438 5811 556 5865 tus?
585 5810 709 5867 Haec
730 5808 904 5866 omnia
934 5803 1221 5875 Scripturis
1248 5805 1462 5871 divinis,
1493 5817 1621 5874 quas
1643 5802 1993 5873 interpolatis,

2097 4707 2321 4773 sumpsit
2348 4706 2695 4774 appositionis
2716 4706 3015 4760 exordium.
3040 4709 3171 4761 Cum
3223 4722 3373 4776 ergo,
3407 4706 3504 4770 ait,
3536 4719 3672 4772 ope-

2099 4802 2353 4854 rationem
2386 4800 2505 4854 fldei
2558 4800 2737 4852 animo
2759 4798 2913 4852 sitam
2945 4798 3063 4868 quis
3102 4796 3367 4863 habuerit,
3400 4798 3665 4865 superflua

2100 4894 2202 4947 erit
2239 4893 2525 4947 verborum
2589 4892 2902 4960 compositio
2934 4935 2948 4958 ,
2998 4908 3092 4961 per
3143 4908 3300 4961 quam
3358 4902 3671 4960 conceptam

2100 5003 2258 5043 sensu
2284 4997 2467 5043 nostro
2489 4987 2857 5041 credulitatem
2882 4988 3101 5042 teutatis
3127 4988 3383 5049 evellere,
3416 4998 3468 5039 et
3499 4993 3670 5038 tamen

2100 5097 2244 5145 saepe
2267 5091 2473 5135 nostras
2501 5065 3169 5150 explicareintelligentias
3219 5098 3323 5133 nou
3354 5080 3568 5133 valetis.
3599 5077 3673 5132 Ita

2101 5173 2348 5227 solidiora
2370 5186 2486 5225 sunt
2509 5176 2703 5228 mentis
2725 5188 2911 5244 opera,
2936 5190 3093 5243 quam
3116 5174 3506 5243 sopbismatutn
3532 5172 3677 5227 fran-

2102 5266 2317 5317 dnlenta
2349 5264 2640 5318 Conclusio.

2173 5359 2298 5410 (lar.
2326 5355 2697 5411 XLIX—Nos
2713 5355 2999 5409 Christiani
3024 5354 3332 5424 mysterium
3351 5353 3468 5406 vita:
3481 5358 3678 5405 nostra

2104 5463 2206 5500 non
2240 5449 2289 5501 in
2342 5448 2598 5511 sapientia
2629 5448 2810 5499 mundi
2842 5446 3095 5498 habemus
3121 5446 3435 5513 repositum,
3462 5443 3557 5497 sed
3616 5443 3668 5495 in

2104 5539 2296 5589 virtute
2328 5535 2467 5598 ﬁdei,
2498 5551 2615 5601 quae
2667 5536 2816 5587 nobis
2844 5548 2872 5585 a
2906 5534 3015 5587 Deo
3063 5534 3256 5587 tributa
3290 5550 3383 5603 per
3404 5535 3680 5588 Christum

2103 5637 2203 5680 est.
2236 5625 2379 5680 lianc
2409 5626 2663 5679 orationis
2693 5639 2823 5677 mea:
2845 5626 3144 5689 veritatem,
3179 5642 3379 5690 rerum,
3410 5638 3681 5694 quaequo-

2105 5716 2232 5769 tidie
2261 5724 2533 5781 geruntur,
2564 5714 2695 5768 ordo
2748 5716 3121 5778 commendat;'
3146 5719 3297 5771 nobis
3337 5716 3598 5784 imperitis
3626 5723 3682 5768 et

2107 5808 2394 5863 litterarum
2459 5817 2752 5863 vestrarum
2810 5809 3005 5875 ignaris
3058 5811 3123 5865 ad
3182 5811 3275 5866 Dei
3323 5809 3682 5881 Cognitionem
