  <div class='ocr_page' id='page_1' title='image "/cluster/home/n/w/nwhite01/storage/ocr_20150623/73/uva.x000827085/088.png"; bbox 0 0 4002 6240; ppageno 0'>
   <div class='ocr_carea' id='block_1_1' title="bbox 316 322 2479 384">
    <p class='ocr_par' dir='ltr' id='par_1_1' title="bbox 316 322 2479 384">
     <span class='ocr_line' id='line_1_1' title="bbox 316 322 2479 384; baseline -0.005 0"><span class='ocrx_word' id='word_1_1' title='bbox 316 329 404 384; x_wconf 66' lang='lat' dir='ltr'><strong>itii</strong></span> <span class='ocrx_word' id='word_1_2' title='bbox 1427 327 1582 381; x_wconf 77' lang='lat' dir='ltr'><strong>VlTA</strong></span> <span class='ocrx_word' id='word_1_3' title='bbox 1626 325 1821 380; x_wconf 75' lang='lat' dir='ltr'><strong>DEATI</strong></span> <span class='ocrx_word' id='word_1_4' title='bbox 1861 324 2134 379; x_wconf 69' lang='grc' dir='ltr'><strong>ΔΝΤΟΧΠ</strong></span> <span class='ocrx_word' id='word_1_5' title='bbox 2175 322 2479 377; x_wconf 77' lang='lat' dir='ltr'><strong>ADBATIS.</strong></span> 
     </span>
    </p>
   </div>
   <div class='ocr_carea' id='block_1_2' title="bbox 3468 320 3571 377">
    <p class='ocr_par' dir='ltr' id='par_1_2' title="bbox 3468 320 3571 377">
     <span class='ocr_line' id='line_1_2' title="bbox 3468 320 3571 377; baseline 0.019 -2"><span class='ocrx_word' id='word_1_6' title='bbox 3468 320 3571 377; x_wconf 73' lang='grc'><strong>162</strong></span> 
     </span>
    </p>
   </div>
   <div class='ocr_carea' id='block_1_3' title="bbox 317 432 3568 514">
    <p class='ocr_par' dir='ltr' id='par_1_3' title="bbox 317 432 3568 514">
     <span class='ocr_line' id='line_1_3' title="bbox 317 432 3568 514; baseline -0.002 -18"><span class='ocrx_word' id='word_1_7' title='bbox 317 453 434 514; x_wconf 73' lang='lat' dir='ltr'><strong>ejus</strong></span> <span class='ocrx_word' id='word_1_8' title='bbox 457 441 632 497; x_wconf 87' lang='lat' dir='ltr'><strong>sulnm</strong></span> <span class='ocrx_word' id='word_1_9' title='bbox 664 453 835 497; x_wconf 78' lang='lat' dir='ltr'><strong>verba</strong></span> <span class='ocrx_word' id='word_1_10' title='bbox 865 441 1152 496; x_wconf 81' lang='lat' dir='ltr'><strong>sufficiunt.</strong></span> <span class='ocrx_word' id='word_1_11' title='bbox 1183 440 1317 493; x_wconf 85' lang='lat' dir='ltr'><strong>Ecce</strong></span> <span class='ocrx_word' id='word_1_12' title='bbox 1344 455 1442 493; x_wconf 91' lang='lat' dir='ltr'><strong>nos</strong></span> <span class='ocrx_word' id='word_1_13' title='bbox 1490 449 1567 493; x_wconf 91' lang='lat' dir='ltr'><strong>tot</strong></span> <span class='ocrx_word' id='word_1_14' title='bbox 1592 439 1899 509; x_wconf 73' lang='lat' dir='ltr'><strong>gentilitatis</strong></span> <span class='ocrx_word' id='word_1_15' title='bbox 1926 444 1976 498; x_wconf 71' lang='grc' dir='ltr'><strong>Α</strong></span> <span class='ocrx_word' id='word_1_16' title='bbox 2005 447 2180 491; x_wconf 87' lang='lat' dir='ltr'><strong>tumor</strong></span> <span class='ocrx_word' id='word_1_17' title='bbox 2208 437 2329 489; x_wconf 84' lang='lat' dir='ltr'><strong>talia</strong></span> <span class='ocrx_word' id='word_1_18' title='bbox 2375 436 2524 503; x_wconf 82' lang='lat' dir='ltr'><strong>signa</strong></span> <span class='ocrx_word' id='word_1_19' title='bbox 2577 443 2861 488; x_wconf 89' lang='lat' dir='ltr'><strong>mercatur.</strong></span> <span class='ocrx_word' id='word_1_20' title='bbox 2894 432 3171 500; x_wconf 73' lang='lat' dir='ltr'><strong>Confugite</strong></span> <span class='ocrx_word' id='word_1_21' title='bbox 3221 435 3285 487; x_wconf 87' lang='lat' dir='ltr'><strong>ad</strong></span> <span class='ocrx_word' id='word_1_22' title='bbox 3317 435 3568 492; x_wconf 72' lang='lat' dir='ltr'><strong>Crucilixi</strong></span> 
     </span>
    </p>
   </div>
   <div class='ocr_carea' id='block_1_4' title="bbox 312 532 1899 608">
    <p class='ocr_par' dir='ltr' id='par_1_4' title="bbox 312 532 1899 608">
     <span class='ocr_line' id='line_1_4' title="bbox 312 532 1899 608; baseline -0.004 -19"><span class='ocrx_word' id='word_1_23' title='bbox 312 536 561 608; x_wconf 71' lang='lat' dir='ltr'><strong>gregibus</strong></span> <span class='ocrx_word' id='word_1_24' title='bbox 583 534 874 603; x_wconf 79' lang='lat' dir='ltr'><strong>abstracti,</strong></span> <span class='ocrx_word' id='word_1_25' title='bbox 901 536 951 587; x_wconf 87' lang='lat' dir='ltr'><strong>itt</strong></span> <span class='ocrx_word' id='word_1_26' title='bbox 976 534 1280 585; x_wconf 75' lang='lat' dir='ltr'><strong>universum</strong></span> <span class='ocrx_word' id='word_1_27' title='bbox 1304 533 1487 585; x_wconf 85' lang='lat' dir='ltr'><strong>urbem</strong></span> <span class='ocrx_word' id='word_1_28' title='bbox 1515 532 1750 600; x_wconf 80' lang='lat' dir='ltr'><strong>quotidie</strong></span> <span class='ocrx_word' id='word_1_29' title='bbox 1778 548 1899 600; x_wconf 85' lang='lat' dir='ltr'><strong>pro-</strong></span> 
     </span>
    </p>
   </div>
   <div class='ocr_carea' id='block_1_5' title="bbox 314 623 1901 699">
    <p class='ocr_par' dir='ltr' id='par_1_5' title="bbox 314 623 1901 699">
     <span class='ocr_line' id='line_1_5' title="bbox 314 623 1901 699; baseline -0.001 -20"><span class='ocrx_word' id='word_1_30' title='bbox 314 641 605 699; x_wconf 80' lang='lat' dir='ltr'><strong>paganmr;</strong></span> <span class='ocrx_word' id='word_1_31' title='bbox 641 624 795 678; x_wconf 74' lang='lat' dir='ltr'><strong>voltis</strong></span> <span class='ocrx_word' id='word_1_32' title='bbox 829 640 957 677; x_wconf 84' lang='lat' dir='ltr'><strong>vero</strong></span> <span class='ocrx_word' id='word_1_33' title='bbox 989 632 1104 692; x_wconf 88' lang='lat' dir='ltr'><strong>post</strong></span> <span class='ocrx_word' id='word_1_34' title='bbox 1124 623 1405 675; x_wconf 75' lang='lat' dir='ltr'><strong>adventum</strong></span> <span class='ocrx_word' id='word_1_35' title='bbox 1432 623 1659 685; x_wconf 88' lang='lat' dir='ltr'><strong>Dotnini,</strong></span> <span class='ocrx_word' id='word_1_36' title='bbox 1687 625 1901 677; x_wconf 70' lang='lat' dir='ltr'><strong>undosa:</strong></span> 
     </span>
    </p>
   </div>
   <div class='ocr_carea' id='block_1_6' title="bbox 310 715 1898 790">
    <p class='ocr_par' dir='ltr' id='par_1_6' title="bbox 310 715 1898 790">
     <span class='ocr_line' id='line_1_6' title="bbox 310 715 1898 790; baseline -0.004 -16"><span class='ocrx_word' id='word_1_37' title='bbox 310 722 704 790; x_wconf 70' lang='grc' dir='ltr'><strong>εσιριιίεηιτιιιιῐη</strong></span> <span class='ocrx_word' id='word_1_38' title='bbox 732 716 1041 771; x_wconf 86' lang='lat' dir='ltr'><strong>defecerunt</strong></span> <span class='ocrx_word' id='word_1_39' title='bbox 1073 716 1338 769; x_wconf 68' lang='lat' dir='ltr'><strong>verstttir.</strong></span> <span class='ocrx_word' id='word_1_40' title='bbox 1374 715 1508 768; x_wconf 86' lang='lat' dir='ltr'><strong>Ecce</strong></span> <span class='ocrx_word' id='word_1_41' title='bbox 1535 732 1652 781; x_wconf 89' lang='lat' dir='ltr'><strong>nos,</strong></span> <span class='ocrx_word' id='word_1_42' title='bbox 1692 717 1898 784; x_wconf 80' lang='lat' dir='ltr'><strong>simpli-</strong></span> 
     </span>
    </p>
   </div>
   <div class='ocr_carea' id='block_1_7' title="bbox 311 806 1903 872">
    <p class='ocr_par' dir='ltr' id='par_1_7' title="bbox 311 806 1903 872">
     <span class='ocr_line' id='line_1_7' title="bbox 311 806 1903 872; baseline -0.005 -4"><span class='ocrx_word' id='word_1_43' title='bbox 311 828 429 868; x_wconf 79' lang='lat' dir='ltr'><strong>cem</strong></span> <span class='ocrx_word' id='word_1_44' title='bbox 486 811 689 864; x_wconf 78' lang='lat' dir='ltr'><strong>Christi</strong></span> <span class='ocrx_word' id='word_1_45' title='bbox 726 812 886 863; x_wconf 83' lang='lat' dir='ltr'><strong>fidem</strong></span> <span class='ocrx_word' id='word_1_46' title='bbox 928 806 1567 872; x_wconf 81' lang='lat' dir='ltr'><strong>ducentes,idulolatriaut</strong></span> <span class='ocrx_word' id='word_1_47' title='bbox 1615 808 1903 861; x_wconf 73' lang='lat' dir='ltr'><strong>debellavi-</strong></span> 
     </span>
    </p>
   </div>
   <div class='ocr_carea' id='block_1_8' title="bbox 319 901 1899 971">
    <p class='ocr_par' dir='ltr' id='par_1_8' title="bbox 319 901 1899 971">
     <span class='ocr_line' id='line_1_8' title="bbox 319 901 1899 971; baseline -0.003 -13"><span class='ocrx_word' id='word_1_48' title='bbox 319 921 455 964; x_wconf 85' lang='lat' dir='ltr'><strong>mtts,</strong></span> <span class='ocrx_word' id='word_1_49' title='bbox 476 917 529 957; x_wconf 86' lang='lat' dir='ltr'><strong>et</strong></span> <span class='ocrx_word' id='word_1_50' title='bbox 553 919 647 969; x_wconf 85' lang='lat' dir='ltr'><strong>per</strong></span> <span class='ocrx_word' id='word_1_51' title='bbox 673 901 1104 971; x_wconf 62' lang='lat' dir='ltr'><strong>praedicationem</strong></span> <span class='ocrx_word' id='word_1_52' title='bbox 1127 902 1489 968; x_wconf 69' lang='lat' dir='ltr'><strong>ignominiosa-</strong></span> <span class='ocrx_word' id='word_1_53' title='bbox 1515 901 1693 954; x_wconf 86' lang='lat' dir='ltr'><strong>crucis</strong></span> <span class='ocrx_word' id='word_1_54' title='bbox 1719 910 1899 953; x_wconf 78' lang='lat' dir='ltr'><strong>aurata</strong></span> 
     </span>
    </p>
   </div>
   <div class='ocr_carea' id='block_1_9' title="bbox 325 992 1901 1064">
    <p class='ocr_par' dir='ltr' id='par_1_9' title="bbox 325 992 1901 1064">
     <span class='ocr_line' id='line_1_9' title="bbox 325 992 1901 1064; baseline -0.004 -14"><span class='ocrx_word' id='word_1_55' title='bbox 325 996 511 1064; x_wconf 74' lang='lat' dir='ltr'><strong>templ.-</strong></span> <span class='ocrx_word' id='word_1_56' title='bbox 568 994 899 1047; x_wconf 73' lang='lat' dir='ltr'><strong>crtitlernnt.</strong></span> <span class='ocrx_word' id='word_1_57' title='bbox 925 992 1106 1054; x_wconf 66' lang='grc' dir='ltr'><strong>ναις,εό</strong></span> <span class='ocrx_word' id='word_1_58' title='bbox 1140 992 1380 1058; x_wconf 70' lang='lat' dir='ltr'><strong>potestis,</strong></span> <span class='ocrx_word' id='word_1_59' title='bbox 1403 993 1666 1045; x_wconf 87' lang='lat' dir='ltr'><strong>ostendite</strong></span> <span class='ocrx_word' id='word_1_60' title='bbox 1712 992 1901 1058; x_wconf 81' lang='lat' dir='ltr'><strong>quibus</strong></span> 
     </span>
    </p>
   </div>
   <div class='ocr_carea' id='block_1_10' title="bbox 322 1082 1901 1154">
    <p class='ocr_par' dir='ltr' id='par_1_10' title="bbox 322 1082 1901 1154">
     <span class='ocr_line' id='line_1_10' title="bbox 322 1082 1901 1154; baseline -0.004 -13"><span class='ocrx_word' id='word_1_61' title='bbox 322 1086 666 1141; x_wconf 77' lang='lat' dir='ltr'><strong>contextiune</strong></span> <span class='ocrx_word' id='word_1_62' title='bbox 686 1088 966 1139; x_wconf 68' lang='lat' dir='ltr'><strong>verborum</strong></span> <span class='ocrx_word' id='word_1_63' title='bbox 984 1082 1331 1154; x_wconf 80' lang='lat' dir='ltr'><strong>gentilitatem</strong></span> <span class='ocrx_word' id='word_1_64' title='bbox 1355 1083 1567 1137; x_wconf 81' lang='lat' dir='ltr'><strong>Christo</strong></span> <span class='ocrx_word' id='word_1_65' title='bbox 1596 1098 1901 1149; x_wconf 74' lang='lat' dir='ltr'><strong>pra-ponere</strong></span> 
     </span>
    </p>
   </div>
   <div class='ocr_carea' id='block_1_11' title="bbox 318 1173 1902 1242">
    <p class='ocr_par' dir='ltr' id='par_1_11' title="bbox 318 1173 1902 1242">
     <span class='ocr_line' id='line_1_11' title="bbox 318 1173 1902 1242; baseline -0.005 -9"><span class='ocrx_word' id='word_1_66' title='bbox 318 1180 617 1233; x_wconf 78' lang='lat' dir='ltr'><strong>suaseritis.</strong></span> <span class='ocrx_word' id='word_1_67' title='bbox 636 1178 736 1231; x_wconf 83' lang='lat' dir='ltr'><strong>Per</strong></span> <span class='ocrx_word' id='word_1_68' title='bbox 755 1192 944 1231; x_wconf 86' lang='lat' dir='ltr'><strong>omnes</strong></span> <span class='ocrx_word' id='word_1_69' title='bbox 968 1177 1069 1242; x_wconf 87' lang='lat' dir='ltr'><strong>jam</strong></span> <span class='ocrx_word' id='word_1_70' title='bbox 1090 1185 1258 1228; x_wconf 80' lang='lat' dir='ltr'><strong>terras</strong></span> <span class='ocrx_word' id='word_1_71' title='bbox 1274 1192 1337 1229; x_wconf 88' lang='lat' dir='ltr'><strong>ve</strong></span> <span class='ocrx_word' id='word_1_72' title='bbox 1368 1191 1429 1228; x_wconf 90' lang='lat' dir='ltr'><strong>us</strong></span> <span class='ocrx_word' id='word_1_73' title='bbox 1447 1174 1536 1227; x_wconf 92' lang='lat' dir='ltr'><strong>Dei</strong></span> <span class='ocrx_word' id='word_1_74' title='bbox 1565 1174 1725 1227; x_wconf 79' lang='lat' dir='ltr'><strong>Filius</strong></span> <span class='ocrx_word' id='word_1_75' title='bbox 1745 1173 1902 1227; x_wconf 83' lang='lat' dir='ltr'><strong>Citri-</strong></span> 
     </span>
    </p>
   </div>
   <div class='ocr_carea' id='block_1_12' title="bbox 316 1265 1893 1339">
    <p class='ocr_par' dir='ltr' id='par_1_12' title="bbox 316 1265 1893 1339">
     <span class='ocr_line' id='line_1_12' title="bbox 316 1265 1893 1339; baseline -0.004 -15"><span class='ocrx_word' id='word_1_76' title='bbox 316 1281 427 1324; x_wconf 83' lang='lat' dir='ltr'><strong>stus</strong></span> <span class='ocrx_word' id='word_1_77' title='bbox 454 1280 540 1325; x_wconf 87' lang='lat' dir='ltr'><strong>est</strong></span> <span class='ocrx_word' id='word_1_78' title='bbox 568 1269 801 1339; x_wconf 80' lang='lat' dir='ltr'><strong>agnitus.</strong></span> <span class='ocrx_word' id='word_1_79' title='bbox 821 1268 958 1321; x_wconf 81' lang='lat' dir='ltr'><strong>Nihil</strong></span> <span class='ocrx_word' id='word_1_80' title='bbox 986 1270 1284 1334; x_wconf 67' lang='lat' dir='ltr'><strong>eloquentia</strong></span> <span class='ocrx_word' id='word_1_81' title='bbox 1328 1266 1733 1329; x_wconf 83' lang='lat' dir='ltr'><strong>sophismatnm,</strong></span> <span class='ocrx_word' id='word_1_82' title='bbox 1763 1265 1893 1318; x_wconf 85' lang='lat' dir='ltr'><strong>nihil</strong></span> 
     </span>
    </p>
   </div>
   <div class='ocr_carea' id='block_1_13' title="bbox 319 1356 1893 1430">
    <p class='ocr_par' dir='ltr' id='par_1_13' title="bbox 319 1356 1893 1430">
     <span class='ocr_line' id='line_1_13' title="bbox 319 1356 1893 1430; baseline -0.004 -14"><span class='ocrx_word' id='word_1_83' title='bbox 319 1364 612 1426; x_wconf 81' lang='lat' dir='ltr'><strong>disputatio</strong></span> <span class='ocrx_word' id='word_1_84' title='bbox 642 1360 991 1430; x_wconf 68' lang='lat' dir='ltr'><strong>philosophiae</strong></span> <span class='ocrx_word' id='word_1_85' title='bbox 1032 1358 1352 1412; x_wconf 84' lang='lat' dir='ltr'><strong>multitudini</strong></span> <span class='ocrx_word' id='word_1_86' title='bbox 1377 1356 1484 1427; x_wconf 76' lang='lat'><strong>56</strong></span> <span class='ocrx_word' id='word_1_87' title='bbox 1507 1365 1679 1421; x_wconf 80' lang='lat' dir='ltr'><strong>potest</strong></span> <span class='ocrx_word' id='word_1_88' title='bbox 1701 1358 1893 1410; x_wconf 87' lang='lat' dir='ltr'><strong>obesse</strong></span> 
     </span>
    </p>
   </div>
   <div class='ocr_carea' id='block_1_14' title="bbox 318 1446 1901 1507">
    <p class='ocr_par' dir='ltr' id='par_1_14' title="bbox 318 1446 1901 1507">
     <span class='ocr_line' id='line_1_14' title="bbox 318 1446 1901 1507; baseline -0.004 -1"><span class='ocrx_word' id='word_1_89' title='bbox 318 1453 681 1507; x_wconf 80' lang='lat' dir='ltr'><strong>credentium.</strong></span> <span class='ocrx_word' id='word_1_90' title='bbox 712 1450 1037 1503; x_wconf 75' lang='lat' dir='ltr'><strong>Cructﬂmm</strong></span> <span class='ocrx_word' id='word_1_91' title='bbox 1068 1450 1419 1507; x_wconf 79' lang='lat' dir='ltr'><strong>nominamus,</strong></span> <span class='ocrx_word' id='word_1_92' title='bbox 1456 1459 1505 1499; x_wconf 79' lang='lat' dir='ltr'><strong>rt</strong></span> <span class='ocrx_word' id='word_1_93' title='bbox 1528 1447 1761 1501; x_wconf 79' lang='lat' dir='ltr'><strong>universi</strong></span> <span class='ocrx_word' id='word_1_94' title='bbox 1790 1446 1901 1501; x_wconf 70' lang='lat' dir='ltr'><strong>dte-</strong></span> 
     </span>
    </p>
   </div>
   <div class='ocr_carea' id='block_1_15' title="bbox 315 1540 1898 1613">
    <p class='ocr_par' dir='ltr' id='par_1_15' title="bbox 315 1540 1898 1613">
     <span class='ocr_line' id='line_1_15' title="bbox 315 1540 1898 1613; baseline -0.003 -15"><span class='ocrx_word' id='word_1_95' title='bbox 315 1560 524 1607; x_wconf 67' lang='lat' dir='ltr'><strong>mones,</strong></span> <span class='ocrx_word' id='word_1_96' title='bbox 559 1558 698 1613; x_wconf 88' lang='lat' dir='ltr'><strong>quos</strong></span> <span class='ocrx_word' id='word_1_97' title='bbox 749 1558 844 1597; x_wconf 85' lang='lat' dir='ltr'><strong>vos</strong></span> <span class='ocrx_word' id='word_1_98' title='bbox 870 1550 927 1594; x_wconf 88' lang='lat' dir='ltr'><strong>ttt</strong></span> <span class='ocrx_word' id='word_1_99' title='bbox 974 1541 1103 1595; x_wconf 86' lang='lat' dir='ltr'><strong>deos</strong></span> <span class='ocrx_word' id='word_1_100' title='bbox 1133 1540 1330 1602; x_wconf 88' lang='lat' dir='ltr'><strong>colitis,</strong></span> <span class='ocrx_word' id='word_1_101' title='bbox 1359 1542 1590 1606; x_wconf 84' lang='lat' dir='ltr'><strong>rugiuttt,</strong></span> <span class='ocrx_word' id='word_1_102' title='bbox 1622 1550 1780 1607; x_wconf 88' lang='lat' dir='ltr'><strong>atque</strong></span> <span class='ocrx_word' id='word_1_103' title='bbox 1829 1552 1898 1593; x_wconf 77' lang='lat' dir='ltr'><strong>ex</strong></span> 
     </span>
    </p>
   </div>
   <div class='ocr_carea' id='block_1_16' title="bbox 317 1628 1903 1701">
    <p class='ocr_par' dir='ltr' id='par_1_16' title="bbox 317 1628 1903 1701">
     <span class='ocr_line' id='line_1_16' title="bbox 317 1628 1903 1701; baseline -0.005 -11"><span class='ocrx_word' id='word_1_104' title='bbox 317 1638 554 1691; x_wconf 73' lang='lat' dir='ltr'><strong>obsessis</strong></span> <span class='ocrx_word' id='word_1_105' title='bbox 584 1634 899 1701; x_wconf 88' lang='lat' dir='ltr'><strong>corporibus</strong></span> <span class='ocrx_word' id='word_1_106' title='bbox 953 1634 1017 1685; x_wconf 90' lang='lat' dir='ltr'><strong>ad</strong></span> <span class='ocrx_word' id='word_1_107' title='bbox 1071 1632 1295 1700; x_wconf 88' lang='lat' dir='ltr'><strong>primum</strong></span> <span class='ocrx_word' id='word_1_108' title='bbox 1327 1628 1605 1684; x_wconf 68' lang='lat' dir='ltr'><strong>dominicae</strong></span> <span class='ocrx_word' id='word_1_109' title='bbox 1630 1630 1804 1683; x_wconf 90' lang='lat' dir='ltr'><strong>crucis</strong></span> <span class='ocrx_word' id='word_1_110' title='bbox 1831 1630 1903 1682; x_wconf 91' lang='lat' dir='ltr'><strong>si-</strong></span> 
     </span>
    </p>
   </div>
   <div class='ocr_carea' id='block_1_17' title="bbox 318 1720 1900 1798">
    <p class='ocr_par' dir='ltr' id='par_1_17' title="bbox 318 1720 1900 1798">
     <span class='ocr_line' id='line_1_17' title="bbox 318 1720 1900 1798; baseline -0.003 -19"><span class='ocrx_word' id='word_1_111' title='bbox 318 1744 477 1798; x_wconf 82' lang='lat' dir='ltr'><strong>gnum</strong></span> <span class='ocrx_word' id='word_1_112' title='bbox 510 1726 785 1791; x_wconf 72' lang='lat' dir='ltr'><strong>fugantur.</strong></span> <span class='ocrx_word' id='word_1_113' title='bbox 822 1724 919 1779; x_wconf 85' lang='lat' dir='ltr'><strong>Ubi</strong></span> <span class='ocrx_word' id='word_1_114' title='bbox 968 1732 1093 1776; x_wconf 87' lang='lat' dir='ltr'><strong>sunt</strong></span> <span class='ocrx_word' id='word_1_115' title='bbox 1122 1724 1209 1776; x_wconf 84' lang='lat' dir='ltr'><strong>illa</strong></span> <span class='ocrx_word' id='word_1_116' title='bbox 1263 1722 1495 1775; x_wconf 84' lang='lat' dir='ltr'><strong>fabulosa</strong></span> <span class='ocrx_word' id='word_1_117' title='bbox 1526 1721 1781 1775; x_wconf 81' lang='lat' dir='ltr'><strong>oracula?</strong></span> <span class='ocrx_word' id='word_1_118' title='bbox 1814 1720 1900 1775; x_wconf 89' lang='lat' dir='ltr'><strong>ubi</strong></span> 
     </span>
    </p>
   </div>
   <div class='ocr_carea' id='block_1_18' title="bbox 2004 526 3572 600">
    <p class='ocr_par' dir='ltr' id='par_1_18' title="bbox 2004 526 3572 600">
     <span class='ocr_line' id='line_1_18' title="bbox 2004 526 3572 600; baseline -0.001 -18"><span class='ocrx_word' id='word_1_119' title='bbox 2004 532 2199 600; x_wconf 86' lang='lat' dir='ltr'><strong>legem,</strong></span> <span class='ocrx_word' id='word_1_120' title='bbox 2233 544 2435 597; x_wconf 84' lang='lat' dir='ltr'><strong>uosque</strong></span> <span class='ocrx_word' id='word_1_121' title='bbox 2456 527 2572 595; x_wconf 88' lang='lat' dir='ltr'><strong>ejus</strong></span> <span class='ocrx_word' id='word_1_122' title='bbox 2597 526 2875 580; x_wconf 80' lang='lat' dir='ltr'><strong>imitamini</strong></span> <span class='ocrx_word' id='word_1_123' title='bbox 2906 526 3132 579; x_wconf 89' lang='lat' dir='ltr'><strong>famulos</strong></span> <span class='ocrx_word' id='word_1_124' title='bbox 3155 543 3167 590; x_wconf 83' lang='lat'><strong>;</strong></span> <span class='ocrx_word' id='word_1_125' title='bbox 3194 538 3247 579; x_wconf 88' lang='lat' dir='ltr'><strong>et</strong></span> <span class='ocrx_word' id='word_1_126' title='bbox 3270 527 3370 582; x_wconf 87' lang='lat' dir='ltr'><strong>hoc</strong></span> <span class='ocrx_word' id='word_1_127' title='bbox 3397 530 3572 583; x_wconf 79' lang='lat' dir='ltr'><strong>scien-</strong></span> 
     </span>
    </p>
   </div>
   <div class='ocr_carea' id='block_1_19' title="bbox 2008 618 3572 691">
    <p class='ocr_par' dir='ltr' id='par_1_19' title="bbox 2008 618 3572 691">
     <span class='ocr_line' id='line_1_19' title="bbox 2008 618 3572 691; baseline -0.007 -16"><span class='ocrx_word' id='word_1_128' title='bbox 2008 623 2092 675; x_wconf 66' lang='lat' dir='ltr'><strong>tia:</strong></span> <span class='ocrx_word' id='word_1_129' title='bbox 2146 624 2248 675; x_wconf 86' lang='lat' dir='ltr'><strong>line</strong></span> <span class='ocrx_word' id='word_1_130' title='bbox 2278 620 2536 681; x_wconf 85' lang='lat' dir='ltr'><strong>contenti,</strong></span> <span class='ocrx_word' id='word_1_131' title='bbox 2579 619 2717 671; x_wconf 91' lang='lat' dir='ltr'><strong>nulla</strong></span> <span class='ocrx_word' id='word_1_132' title='bbox 2748 618 2999 685; x_wconf 72' lang='lat' dir='ltr'><strong>deinceps</strong></span> <span class='ocrx_word' id='word_1_133' title='bbox 3050 620 3318 672; x_wconf 69' lang='lat' dir='ltr'><strong>saecularis</strong></span> <span class='ocrx_word' id='word_1_134' title='bbox 3365 620 3572 691; x_wconf 74' lang='lat' dir='ltr'><strong>impr&quot;-</strong></span> 
     </span>
    </p>
   </div>
   <div class='ocr_carea' id='block_1_20' title="bbox 2003 709 3572 780">
    <p class='ocr_par' dir='ltr' id='par_1_20' title="bbox 2003 709 3572 780">
     <span class='ocr_line' id='line_1_20' title="bbox 2003 709 3572 780; baseline 0 -15"><span class='ocrx_word' id='word_1_135' title='bbox 2003 713 2196 765; x_wconf 61' lang='lat' dir='ltr'><strong>demite</strong></span> <span class='ocrx_word' id='word_1_136' title='bbox 2244 719 2553 780; x_wconf 85' lang='lat' dir='ltr'><strong>argumenta</strong></span> <span class='ocrx_word' id='word_1_137' title='bbox 2597 710 2866 773; x_wconf 66' lang='lat' dir='ltr'><strong>quaeratis.</strong></span> <span class='ocrx_word' id='word_1_138' title='bbox 2898 709 3158 761; x_wconf 86' lang='lat' dir='ltr'><strong>Hactenus</strong></span> <span class='ocrx_word' id='word_1_139' title='bbox 3204 711 3435 763; x_wconf 82' lang='lat' dir='ltr'><strong>Antoniu</strong></span> <span class='ocrx_word' id='word_1_140' title='bbox 3488 712 3572 765; x_wconf 79' lang='lat' dir='ltr'><strong>di-</strong></span> 
     </span>
    </p>
   </div>
   <div class='ocr_carea' id='block_1_21' title="bbox 2002 800 3572 868">
    <p class='ocr_par' dir='ltr' id='par_1_21' title="bbox 2002 800 3572 868">
     <span class='ocr_line' id='line_1_21' title="bbox 2002 800 3572 868; baseline 0.001 -13"><span class='ocrx_word' id='word_1_141' title='bbox 2002 816 2196 859; x_wconf 69' lang='lat' dir='ltr'><strong>conte.</strong></span> <span class='ocrx_word' id='word_1_142' title='bbox 2261 802 2395 854; x_wconf 86' lang='lat' dir='ltr'><strong>miro</strong></span> <span class='ocrx_word' id='word_1_143' title='bbox 2460 800 2760 868; x_wconf 79' lang='lat' dir='ltr'><strong>pltihiSuplii</strong></span> <span class='ocrx_word' id='word_1_144' title='bbox 2825 807 3043 864; x_wconf 76' lang='lat' dir='ltr'><strong>stupore</strong></span> <span class='ocrx_word' id='word_1_145' title='bbox 3109 800 3388 867; x_wconf 82' lang='lat' dir='ltr'><strong>perculsi,</strong></span> <span class='ocrx_word' id='word_1_146' title='bbox 3448 817 3572 857; x_wconf 90' lang='lat' dir='ltr'><strong>cum</strong></span> 
     </span>
    </p>
   </div>
   <div class='ocr_carea' id='block_1_22' title="bbox 2005 892 3572 965">
    <p class='ocr_par' dir='ltr' id='par_1_22' title="bbox 2005 892 3572 965">
     <span class='ocr_line' id='line_1_22' title="bbox 2005 892 3572 965; baseline 0.003 -19"><span class='ocrx_word' id='word_1_147' title='bbox 2005 894 2295 947; x_wconf 81' lang='lat' dir='ltr'><strong>honorifico</strong></span> <span class='ocrx_word' id='word_1_148' title='bbox 2342 894 2568 947; x_wconf 76' lang='lat' dir='ltr'><strong>saltttatu</strong></span> <span class='ocrx_word' id='word_1_149' title='bbox 2622 893 2687 944; x_wconf 85' lang='lat' dir='ltr'><strong>ab</strong></span> <span class='ocrx_word' id='word_1_150' title='bbox 2715 906 2780 945; x_wconf 90' lang='lat' dir='ltr'><strong>eo</strong></span> <span class='ocrx_word' id='word_1_151' title='bbox 2829 892 3136 945; x_wconf 72' lang='lat' dir='ltr'><strong>recedentes</strong></span> <span class='ocrx_word' id='word_1_152' title='bbox 3163 932 3177 958; x_wconf 93' lang='lat'><strong>,</strong></span> <span class='ocrx_word' id='word_1_153' title='bbox 3204 894 3429 949; x_wconf 87' lang='lat' dir='ltr'><strong>multum</strong></span> <span class='ocrx_word' id='word_1_154' title='bbox 3452 895 3572 965; x_wconf 82' lang='lat' dir='ltr'><strong>ejus</strong></span> 
     </span>
    </p>
   </div>
   <div class='ocr_carea' id='block_1_23' title="bbox 2003 985 3119 1051">
    <p class='ocr_par' dir='ltr' id='par_1_23' title="bbox 2003 985 3119 1051">
     <span class='ocr_line' id='line_1_23' title="bbox 2003 985 3119 1051; baseline -0.002 -12"><span class='ocrx_word' id='word_1_155' title='bbox 2003 986 2102 1039; x_wconf 82' lang='lat' dir='ltr'><strong>Sibi</strong></span> <span class='ocrx_word' id='word_1_156' title='bbox 2138 985 2435 1038; x_wconf 90' lang='lat' dir='ltr'><strong>fatebantur</strong></span> <span class='ocrx_word' id='word_1_157' title='bbox 2469 986 2724 1051; x_wconf 63' lang='lat' dir='ltr'><strong>protttisse</strong></span> <span class='ocrx_word' id='word_1_158' title='bbox 2754 994 3119 1051; x_wconf 82' lang='lat' dir='ltr'><strong>conSpectum.</strong></span> 
     </span>
    </p>
   </div>
   <div class='ocr_carea' id='block_1_24' title="bbox 2073 1074 3576 1141">
    <p class='ocr_par' dir='ltr' id='par_1_24' title="bbox 2073 1074 3576 1141">
     <span class='ocr_line' id='line_1_24' title="bbox 2073 1074 3576 1141; baseline -0.004 -12"><span class='ocrx_word' id='word_1_159' title='bbox 2073 1077 2211 1130; x_wconf 64' lang='lat' dir='ltr'><strong>Car.</strong></span> <span class='ocrx_word' id='word_1_160' title='bbox 2236 1076 2296 1130; x_wconf 83' lang='lat' dir='ltr'><strong>L.</strong></span> <span class='ocrx_word' id='word_1_161' title='bbox 2324 1105 2393 1121; x_wconf 63' lang='grc' dir='ltr'><strong>ν-</strong></span> <span class='ocrx_word' id='word_1_162' title='bbox 2417 1075 2523 1129; x_wconf 89' lang='lat' dir='ltr'><strong>Iloc</strong></span> <span class='ocrx_word' id='word_1_163' title='bbox 2554 1076 2603 1127; x_wconf 92' lang='lat' dir='ltr'><strong>in</strong></span> <span class='ocrx_word' id='word_1_164' title='bbox 2634 1092 2699 1128; x_wconf 84' lang='lat' dir='ltr'><strong>eo</strong></span> <span class='ocrx_word' id='word_1_165' title='bbox 2728 1090 2857 1127; x_wconf 90' lang='lat' dir='ltr'><strong>vero</strong></span> <span class='ocrx_word' id='word_1_166' title='bbox 2899 1074 3141 1129; x_wconf 74' lang='lat' dir='ltr'><strong>mirabile</strong></span> <span class='ocrx_word' id='word_1_167' title='bbox 3170 1085 3272 1141; x_wconf 85' lang='lat' dir='ltr'><strong>est,</strong></span> <span class='ocrx_word' id='word_1_168' title='bbox 3300 1085 3357 1130; x_wconf 89' lang='lat' dir='ltr'><strong>ttt</strong></span> <span class='ocrx_word' id='word_1_169' title='bbox 3410 1077 3576 1133; x_wconf 81' lang='lat' dir='ltr'><strong>humi.</strong></span> 
     </span>
    </p>
   </div>
   <div class='ocr_carea' id='block_1_25' title="bbox 2002 1166 3581 1233">
    <p class='ocr_par' dir='ltr' id='par_1_25' title="bbox 2002 1166 3581 1233">
     <span class='ocr_line' id='line_1_25' title="bbox 2002 1166 3581 1233; baseline 0.001 -14"><span class='ocrx_word' id='word_1_170' title='bbox 2002 1182 2122 1219; x_wconf 84' lang='lat' dir='ltr'><strong>nem</strong></span> <span class='ocrx_word' id='word_1_171' title='bbox 2176 1167 2227 1219; x_wconf 87' lang='lat' dir='ltr'><strong>itt</strong></span> <span class='ocrx_word' id='word_1_172' title='bbox 2279 1176 2525 1220; x_wconf 79' lang='lat' dir='ltr'><strong>extremo</strong></span> <span class='ocrx_word' id='word_1_173' title='bbox 2576 1166 2753 1217; x_wconf 87' lang='lat' dir='ltr'><strong>mundi</strong></span> <span class='ocrx_word' id='word_1_174' title='bbox 2789 1166 2954 1219; x_wconf 88' lang='lat' dir='ltr'><strong>limite</strong></span> <span class='ocrx_word' id='word_1_175' title='bbox 2989 1168 3295 1233; x_wconf 88' lang='lat' dir='ltr'><strong>conditum,</strong></span> <span class='ocrx_word' id='word_1_176' title='bbox 3329 1178 3381 1221; x_wconf 86' lang='lat' dir='ltr'><strong>et</strong></span> <span class='ocrx_word' id='word_1_177' title='bbox 3431 1169 3581 1222; x_wconf 84' lang='lat' dir='ltr'><strong>favor</strong></span> 
     </span>
    </p>
   </div>
   <div class='ocr_carea' id='block_1_26' title="bbox 2006 1256 3581 1326">
    <p class='ocr_par' dir='ltr' id='par_1_26' title="bbox 2006 1256 3581 1326">
     <span class='ocr_line' id='line_1_26' title="bbox 2006 1256 3581 1326; baseline 0.004 -17"><span class='ocrx_word' id='word_1_178' title='bbox 2006 1258 2320 1326; x_wconf 85' lang='lat' dir='ltr'><strong>principum,</strong></span> <span class='ocrx_word' id='word_1_179' title='bbox 2356 1266 2410 1310; x_wconf 91' lang='lat' dir='ltr'><strong>et</strong></span> <span class='ocrx_word' id='word_1_180' title='bbox 2436 1256 2609 1310; x_wconf 87' lang='lat' dir='ltr'><strong>omnis</strong></span> <span class='ocrx_word' id='word_1_181' title='bbox 2636 1257 2933 1309; x_wconf 73' lang='lat' dir='ltr'><strong>celebraret</strong></span> <span class='ocrx_word' id='word_1_182' title='bbox 2960 1257 3079 1309; x_wconf 86' lang='lat' dir='ltr'><strong>aula</strong></span> <span class='ocrx_word' id='word_1_183' title='bbox 3126 1259 3338 1323; x_wconf 75' lang='lat' dir='ltr'><strong>regalis.</strong></span> <span class='ocrx_word' id='word_1_184' title='bbox 3368 1260 3496 1313; x_wconf 64' lang='lat' dir='ltr'><strong>Nam</strong></span> <span class='ocrx_word' id='word_1_185' title='bbox 3525 1269 3581 1315; x_wconf 91' lang='lat' dir='ltr'><strong>et</strong></span> 
     </span>
    </p>
   </div>
   <div class='ocr_carea' id='block_1_27' title="bbox 2002 1347 3579 1418">
    <p class='ocr_par' dir='ltr' id='par_1_27' title="bbox 2002 1347 3579 1418">
     <span class='ocr_line' id='line_1_27' title="bbox 2002 1347 3579 1418; baseline 0.001 -13"><span class='ocrx_word' id='word_1_186' title='bbox 2002 1349 2384 1405; x_wconf 75' lang='lat' dir='ltr'><strong>Constantinus</strong></span> <span class='ocrx_word' id='word_1_187' title='bbox 2408 1354 2670 1417; x_wconf 79' lang='lat' dir='ltr'><strong>Angustus</strong></span> <span class='ocrx_word' id='word_1_188' title='bbox 2694 1347 2867 1418; x_wconf 83' lang='grc'><strong>(115),</strong></span> <span class='ocrx_word' id='word_1_189' title='bbox 2902 1357 2957 1401; x_wconf 88' lang='lat' dir='ltr'><strong>et</strong></span> <span class='ocrx_word' id='word_1_190' title='bbox 2979 1348 3095 1417; x_wconf 87' lang='lat' dir='ltr'><strong>ejus</strong></span> <span class='ocrx_word' id='word_1_191' title='bbox 3127 1350 3281 1404; x_wconf 86' lang='lat' dir='ltr'><strong>liberi</strong></span> <span class='ocrx_word' id='word_1_192' title='bbox 3306 1352 3579 1407; x_wconf 78' lang='lat' dir='ltr'><strong>Constans</strong></span> 
     </span>
    </p>
   </div>
   <div class='ocr_carea' id='block_1_28' title="bbox 2002 1441 3575 1510">
    <p class='ocr_par' dir='ltr' id='par_1_28' title="bbox 2002 1441 3575 1510">
     <span class='ocr_line' id='line_1_28' title="bbox 2002 1441 3575 1510; baseline 0.005 -17"><span class='ocrx_word' id='word_1_193' title='bbox 2002 1451 2163 1510; x_wconf 87' lang='lat' dir='ltr'><strong>atque</strong></span> <span class='ocrx_word' id='word_1_194' title='bbox 2212 1441 2591 1503; x_wconf 87' lang='lat' dir='ltr'><strong>Constantius,</strong></span> <span class='ocrx_word' id='word_1_195' title='bbox 2627 1441 2749 1494; x_wconf 66' lang='lat' dir='ltr'><strong>talia</strong></span> <span class='ocrx_word' id='word_1_196' title='bbox 2802 1453 3220 1510; x_wconf 75' lang='lat' dir='ltr'><strong>cognoscentes,</strong></span> <span class='ocrx_word' id='word_1_197' title='bbox 3250 1444 3444 1499; x_wconf 75' lang='lat' dir='ltr'><strong>crebro</strong></span> <span class='ocrx_word' id='word_1_198' title='bbox 3509 1447 3575 1501; x_wconf 88' lang='lat' dir='ltr'><strong>ad</strong></span> 
     </span>
    </p>
   </div>
   <div class='ocr_carea' id='block_1_29' title="bbox 2008 1532 3584 1600">
    <p class='ocr_par' dir='ltr' id='par_1_29' title="bbox 2008 1532 3584 1600">
     <span class='ocr_line' id='line_1_29' title="bbox 2008 1532 3584 1600; baseline 0.005 -15"><span class='ocrx_word' id='word_1_199' title='bbox 2008 1547 2152 1596; x_wconf 90' lang='lat' dir='ltr'><strong>eum,</strong></span> <span class='ocrx_word' id='word_1_200' title='bbox 2184 1532 2333 1600; x_wconf 84' lang='lat' dir='ltr'><strong>quasi</strong></span> <span class='ocrx_word' id='word_1_201' title='bbox 2386 1532 2452 1584; x_wconf 90' lang='lat' dir='ltr'><strong>ad</strong></span> <span class='ocrx_word' id='word_1_202' title='bbox 2503 1543 2728 1600; x_wconf 84' lang='lat' dir='ltr'><strong>patrem.</strong></span> <span class='ocrx_word' id='word_1_203' title='bbox 2763 1533 2937 1586; x_wconf 84' lang='lat' dir='ltr'><strong>missis</strong></span> <span class='ocrx_word' id='word_1_204' title='bbox 2990 1534 3117 1587; x_wconf 68' lang='lat' dir='ltr'><strong>litte:</strong></span> <span class='ocrx_word' id='word_1_205' title='bbox 3135 1534 3199 1599; x_wconf 88' lang='lat' dir='ltr'><strong>is,</strong></span> <span class='ocrx_word' id='word_1_206' title='bbox 3228 1535 3584 1593; x_wconf 81' lang='lat' dir='ltr'><strong>obsecrabant</strong></span> 
     </span>
    </p>
   </div>
   <div class='ocr_carea' id='block_1_30' title="bbox 2005 1623 3579 1696">
    <p class='ocr_par' dir='ltr' id='par_1_30' title="bbox 2005 1623 3579 1696">
     <span class='ocr_line' id='line_1_30' title="bbox 2005 1623 3579 1696; baseline 0.006 -20"><span class='ocrx_word' id='word_1_207' title='bbox 2005 1623 2369 1689; x_wconf 83' lang='lat' dir='ltr'><strong>utreciprueis</strong></span> <span class='ocrx_word' id='word_1_208' title='bbox 2390 1637 2482 1678; x_wconf 91' lang='lat' dir='ltr'><strong>eos</strong></span> <span class='ocrx_word' id='word_1_209' title='bbox 2514 1625 2725 1692; x_wconf 76' lang='lat' dir='ltr'><strong>scriptis</strong></span> <span class='ocrx_word' id='word_1_210' title='bbox 2758 1624 3032 1680; x_wconf 77' lang='lat' dir='ltr'><strong>liilaiaret.</strong></span> <span class='ocrx_word' id='word_1_211' title='bbox 3065 1628 3131 1680; x_wconf 83' lang='lat' dir='ltr'><strong>At</strong></span> <span class='ocrx_word' id='word_1_212' title='bbox 3176 1626 3267 1681; x_wconf 89' lang='lat' dir='ltr'><strong>ille</strong></span> <span class='ocrx_word' id='word_1_213' title='bbox 3315 1631 3579 1696; x_wconf 83' lang='lat' dir='ltr'><strong>ejusmodi</strong></span> 
     </span>
    </p>
   </div>
   <div class='ocr_carea' id='block_1_31' title="bbox 2004 1714 3579 1784">
    <p class='ocr_par' dir='ltr' id='par_1_31' title="bbox 2004 1714 3579 1784">
     <span class='ocr_line' id='line_1_31' title="bbox 2004 1714 3579 1784; baseline 0.006 -18"><span class='ocrx_word' id='word_1_214' title='bbox 2004 1728 2249 1781; x_wconf 78' lang='lat' dir='ltr'><strong>manens,</strong></span> <span class='ocrx_word' id='word_1_215' title='bbox 2282 1714 2455 1782; x_wconf 78' lang='lat' dir='ltr'><strong>qualis</strong></span> <span class='ocrx_word' id='word_1_216' title='bbox 2480 1726 2530 1768; x_wconf 89' lang='lat' dir='ltr'><strong>et</strong></span> <span class='ocrx_word' id='word_1_217' title='bbox 2560 1724 2843 1784; x_wconf 77' lang='lat' dir='ltr'><strong>antequam</strong></span> <span class='ocrx_word' id='word_1_218' title='bbox 2864 1714 3056 1770; x_wconf 72' lang='lat' dir='ltr'><strong>litterae</strong></span> <span class='ocrx_word' id='word_1_219' title='bbox 3086 1716 3150 1769; x_wconf 84' lang='lat' dir='ltr'><strong>ad</strong></span> <span class='ocrx_word' id='word_1_220' title='bbox 3182 1732 3302 1771; x_wconf 89' lang='lat' dir='ltr'><strong>eum</strong></span> <span class='ocrx_word' id='word_1_221' title='bbox 3334 1720 3579 1775; x_wconf 86' lang='lat' dir='ltr'><strong>venirent</strong></span> 
     </span>
    </p>
   </div>
   <div class='ocr_carea' id='block_1_32' title="bbox 322 1799 3579 1890">
    <p class='ocr_par' dir='ltr' id='par_1_32' title="bbox 322 1799 3579 1890">
     <span class='ocr_line' id='line_1_32' title="bbox 322 1799 3579 1890; baseline 0.005 -39"><span class='ocrx_word' id='word_1_222' title='bbox 322 1818 697 1890; x_wconf 56' lang='grc' dir='ltr'><strong>λεημιίητυηι</strong></span> <span class='ocrx_word' id='word_1_223' title='bbox 754 1817 1137 1870; x_wconf 50' lang='lat' dir='ltr'><strong>incantationes</strong></span> <span class='ocrx_word' id='word_1_224' title='bbox 1198 1814 1244 1885; x_wconf 76' lang='grc' dir='ltr'><strong>(ι</strong></span> <span class='ocrx_word' id='word_1_225' title='bbox 1266 1814 1393 1880; x_wconf 68' lang='grc' dir='ltr'><strong>ιωοι</strong></span> <span class='ocrx_word' id='word_1_226' title='bbox 1446 1830 1552 1883; x_wconf 74' lang='lat' dir='ltr'><strong>quo</strong></span> <span class='ocrx_word' id='word_1_227' title='bbox 1618 1830 1892 1883; x_wconf 65' lang='lat' dir='ltr'><strong>magorum</strong></span> <span class='ocrx_word' id='word_1_228' title='bbox 1928 1815 1973 1875; x_wconf 79' lang='grc' dir='ltr'><strong>Β</strong></span> <span class='ocrx_word' id='word_1_229' title='bbox 1998 1799 2192 1871; x_wconf 81' lang='lat' dir='ltr'><strong>fuerat,</strong></span> <span class='ocrx_word' id='word_1_230' title='bbox 2224 1821 2322 1859; x_wconf 89' lang='lat' dir='ltr'><strong>nec</strong></span> <span class='ocrx_word' id='word_1_231' title='bbox 2346 1806 2670 1860; x_wconf 74' lang='lat' dir='ltr'><strong>salutatione</strong></span> <span class='ocrx_word' id='word_1_232' title='bbox 2700 1807 2996 1875; x_wconf 82' lang='lat' dir='ltr'><strong>principum</strong></span> <span class='ocrx_word' id='word_1_233' title='bbox 3024 1808 3352 1874; x_wconf 86' lang='lat' dir='ltr'><strong>movebatur,</strong></span> <span class='ocrx_word' id='word_1_234' title='bbox 3385 1820 3437 1864; x_wconf 90' lang='lat' dir='ltr'><strong>et</strong></span> <span class='ocrx_word' id='word_1_235' title='bbox 3463 1822 3579 1867; x_wconf 88' lang='lat' dir='ltr'><strong>tan-</strong></span> 
     </span>
    </p>
   </div>
   <div class='ocr_carea' id='block_1_33' title="bbox 325 1906 1901 1979">
    <p class='ocr_par' dir='ltr' id='par_1_33' title="bbox 325 1906 1901 1979">
     <span class='ocr_line' id='line_1_33' title="bbox 325 1906 1901 1979; baseline -0.001 -16"><span class='ocrx_word' id='word_1_236' title='bbox 325 1910 600 1979; x_wconf 76' lang='lat' dir='ltr'><strong>profecere</strong></span> <span class='ocrx_word' id='word_1_237' title='bbox 658 1908 892 1963; x_wconf 82' lang='lat' dir='ltr'><strong>carmina</strong></span> <span class='ocrx_word' id='word_1_238' title='bbox 955 1906 1138 1977; x_wconf 77' lang='lat' dir='ltr'><strong>(iit)?</strong></span> <span class='ocrx_word' id='word_1_239' title='bbox 1176 1908 1333 1961; x_wconf 88' lang='lat' dir='ltr'><strong>Certe</strong></span> <span class='ocrx_word' id='word_1_240' title='bbox 1364 1914 1487 1960; x_wconf 90' lang='lat' dir='ltr'><strong>tunc</strong></span> <span class='ocrx_word' id='word_1_241' title='bbox 1508 1918 1708 1960; x_wconf 89' lang='lat' dir='ltr'><strong>vastata</strong></span> <span class='ocrx_word' id='word_1_242' title='bbox 1770 1917 1901 1962; x_wconf 90' lang='lat' dir='ltr'><strong>sunt</strong></span> 
     </span>
    </p>
   </div>
   <div class='ocr_carea' id='block_1_34' title="bbox 320 1998 1901 2065">
    <p class='ocr_par' dir='ltr' id='par_1_34' title="bbox 320 1998 1901 2065">
     <span class='ocr_line' id='line_1_34' title="bbox 320 1998 1901 2065; baseline -0.001 -9"><span class='ocrx_word' id='word_1_243' title='bbox 320 2004 525 2065; x_wconf 90' lang='lat' dir='ltr'><strong>omnia,</strong></span> <span class='ocrx_word' id='word_1_244' title='bbox 555 2016 677 2054; x_wconf 89' lang='lat' dir='ltr'><strong>cum</strong></span> <span class='ocrx_word' id='word_1_245' title='bbox 722 2000 792 2054; x_wconf 91' lang='lat' dir='ltr'><strong>de</strong></span> <span class='ocrx_word' id='word_1_246' title='bbox 829 2013 926 2053; x_wconf 86' lang='lat' dir='ltr'><strong>sua</strong></span> <span class='ocrx_word' id='word_1_247' title='bbox 984 1998 1152 2053; x_wconf 90' lang='lat' dir='ltr'><strong>Cruce</strong></span> <span class='ocrx_word' id='word_1_248' title='bbox 1191 1998 1389 2053; x_wconf 88' lang='lat' dir='ltr'><strong>mundo</strong></span> <span class='ocrx_word' id='word_1_249' title='bbox 1448 1998 1694 2052; x_wconf 88' lang='lat' dir='ltr'><strong>Christus</strong></span> <span class='ocrx_word' id='word_1_250' title='bbox 1760 1999 1901 2054; x_wconf 91' lang='lat' dir='ltr'><strong>into-</strong></span> 
     </span>
    </p>
   </div>
   <div class='ocr_carea' id='block_1_35' title="bbox 328 2093 1902 2160">
    <p class='ocr_par' dir='ltr' id='par_1_35' title="bbox 328 2093 1902 2160">
     <span class='ocr_line' id='line_1_35' title="bbox 328 2093 1902 2160; baseline -0.001 -12"><span class='ocrx_word' id='word_1_251' title='bbox 328 2094 837 2150; x_wconf 76' lang='lat' dir='ltr'><strong>nuit.Nihilomintts</strong></span> <span class='ocrx_word' id='word_1_252' title='bbox 894 2107 1023 2157; x_wconf 89' lang='lat' dir='ltr'><strong>vos,</strong></span> <span class='ocrx_word' id='word_1_253' title='bbox 1078 2093 1449 2160; x_wconf 64' lang='lat' dir='ltr'><strong>praetenuissis</strong></span> <span class='ocrx_word' id='word_1_254' title='bbox 1508 2094 1902 2147; x_wconf 85' lang='lat' dir='ltr'><strong>debilitaturum</strong></span> 
     </span>
    </p>
   </div>
   <div class='ocr_carea' id='block_1_36' title="bbox 312 2185 1905 2255">
    <p class='ocr_par' dir='ltr' id='par_1_36' title="bbox 312 2185 1905 2255">
     <span class='ocr_line' id='line_1_36' title="bbox 312 2185 1905 2255; baseline -0.001 -16"><span class='ocrx_word' id='word_1_255' title='bbox 312 2186 887 2255; x_wconf 83' lang='lat' dir='ltr'><strong>-catervis,gluriosam</strong></span> <span class='ocrx_word' id='word_1_256' title='bbox 927 2185 1054 2239; x_wconf 82' lang='lat' dir='ltr'><strong>Jesu</strong></span> <span class='ocrx_word' id='word_1_257' title='bbox 1106 2194 1332 2239; x_wconf 89' lang='lat' dir='ltr'><strong>mortem</strong></span> <span class='ocrx_word' id='word_1_258' title='bbox 1364 2185 1584 2239; x_wconf 86' lang='lat' dir='ltr'><strong>irridere</strong></span> <span class='ocrx_word' id='word_1_259' title='bbox 1621 2185 1905 2239; x_wconf 90' lang='lat' dir='ltr'><strong>cunamini.</strong></span> 
     </span>
    </p>
   </div>
   <div class='ocr_carea' id='block_1_37' title="bbox 409 2274 1908 2345">
    <p class='ocr_par' dir='ltr' id='par_1_37' title="bbox 409 2274 1908 2345">
     <span class='ocr_line' id='line_1_37' title="bbox 409 2274 1908 2345; baseline 0.001 -16"><span class='ocrx_word' id='word_1_260' title='bbox 409 2276 553 2329; x_wconf 84' lang='lat' dir='ltr'><strong>.‘llud</strong></span> <span class='ocrx_word' id='word_1_261' title='bbox 576 2284 751 2329; x_wconf 85' lang='lat' dir='ltr'><strong>autem</strong></span> <span class='ocrx_word' id='word_1_262' title='bbox 768 2275 911 2344; x_wconf 85' lang='lat' dir='ltr'><strong>quale</strong></span> <span class='ocrx_word' id='word_1_263' title='bbox 941 2282 1044 2340; x_wconf 91' lang='lat' dir='ltr'><strong>est,</strong></span> <span class='ocrx_word' id='word_1_264' title='bbox 1076 2274 1217 2345; x_wconf 89' lang='lat' dir='ltr'><strong>quod</strong></span> <span class='ocrx_word' id='word_1_265' title='bbox 1256 2290 1531 2345; x_wconf 81' lang='lat' dir='ltr'><strong>nunquam</strong></span> <span class='ocrx_word' id='word_1_266' title='bbox 1564 2274 1908 2331; x_wconf 89' lang='lat' dir='ltr'><strong>infestatione</strong></span> 
     </span>
    </p>
   </div>
   <div class='ocr_carea' id='block_1_38' title="bbox 304 2364 1909 2434">
    <p class='ocr_par' dir='ltr' id='par_1_38' title="bbox 304 2364 1909 2434">
     <span class='ocr_line' id='line_1_38' title="bbox 304 2364 1909 2434; baseline 0.002 -17"><span class='ocrx_word' id='word_1_267' title='bbox 304 2366 502 2434; x_wconf 83' lang='lat' dir='ltr'><strong>regali</strong></span> <span class='ocrx_word' id='word_1_268' title='bbox 542 2380 793 2421; x_wconf 83' lang='lat' dir='ltr'><strong>concussa</strong></span> <span class='ocrx_word' id='word_1_269' title='bbox 843 2365 1132 2434; x_wconf 77' lang='lat' dir='ltr'><strong>gentilitas,</strong></span> <span class='ocrx_word' id='word_1_270' title='bbox 1164 2365 1271 2418; x_wconf 87' lang='lat' dir='ltr'><strong>imo</strong></span> <span class='ocrx_word' id='word_1_271' title='bbox 1298 2366 1495 2420; x_wconf 65' lang='lat' dir='ltr'><strong>saeculo</strong></span> <span class='ocrx_word' id='word_1_272' title='bbox 1519 2364 1678 2420; x_wconf 88' lang='lat' dir='ltr'><strong>chara</strong></span> <span class='ocrx_word' id='word_1_273' title='bbox 1722 2373 1779 2420; x_wconf 92' lang='lat' dir='ltr'><strong>et</strong></span> <span class='ocrx_word' id='word_1_274' title='bbox 1809 2366 1909 2420; x_wconf 90' lang='lat' dir='ltr'><strong>ho-</strong></span> 
     </span>
    </p>
   </div>
   <div class='ocr_carea' id='block_1_39' title="bbox 323 2455 1911 2526">
    <p class='ocr_par' dir='ltr' id='par_1_39' title="bbox 323 2455 1911 2526">
     <span class='ocr_line' id='line_1_39' title="bbox 323 2455 1911 2526; baseline 0.001 -17"><span class='ocrx_word' id='word_1_275' title='bbox 323 2457 530 2510; x_wconf 71' lang='lat' dir='ltr'><strong>minum</strong></span> <span class='ocrx_word' id='word_1_276' title='bbox 563 2457 822 2526; x_wconf 59' lang='lat' dir='ltr'><strong>prasidiis</strong></span> <span class='ocrx_word' id='word_1_277' title='bbox 854 2455 1129 2526; x_wconf 85' lang='lat' dir='ltr'><strong>fulta,jam</strong></span> <span class='ocrx_word' id='word_1_278' title='bbox 1151 2457 1373 2511; x_wconf 87' lang='lat' dir='ltr'><strong>corruit.</strong></span> <span class='ocrx_word' id='word_1_279' title='bbox 1408 2456 1515 2511; x_wconf 87' lang='lat' dir='ltr'><strong>Nos</strong></span> <span class='ocrx_word' id='word_1_280' title='bbox 1544 2456 1724 2511; x_wconf 89' lang='lat' dir='ltr'><strong>famuli</strong></span> <span class='ocrx_word' id='word_1_281' title='bbox 1756 2457 1911 2510; x_wconf 89' lang='lat' dir='ltr'><strong>Chri-</strong></span> 
     </span>
    </p>
   </div>
   <div class='ocr_carea' id='block_1_40' title="bbox 325 2548 1912 2619">
    <p class='ocr_par' dir='ltr' id='par_1_40' title="bbox 325 2548 1912 2619">
     <span class='ocr_line' id='line_1_40' title="bbox 325 2548 1912 2619; baseline 0.001 -17"><span class='ocrx_word' id='word_1_282' title='bbox 325 2551 393 2603; x_wconf 88' lang='lat' dir='ltr'><strong>sti</strong></span> <span class='ocrx_word' id='word_1_283' title='bbox 419 2565 527 2619; x_wconf 89' lang='lat' dir='ltr'><strong>qnu</strong></span> <span class='ocrx_word' id='word_1_284' title='bbox 560 2551 682 2619; x_wconf 86' lang='lat' dir='ltr'><strong>plus</strong></span> <span class='ocrx_word' id='word_1_285' title='bbox 708 2550 1020 2616; x_wconf 87' lang='lat' dir='ltr'><strong>premimur,</strong></span> <span class='ocrx_word' id='word_1_286' title='bbox 1048 2565 1114 2604; x_wconf 85' lang='lat' dir='ltr'><strong>eo</strong></span> <span class='ocrx_word' id='word_1_287' title='bbox 1136 2552 1305 2619; x_wconf 89' lang='lat' dir='ltr'><strong>magis</strong></span> <span class='ocrx_word' id='word_1_288' title='bbox 1326 2550 1651 2618; x_wconf 80' lang='lat' dir='ltr'><strong>assurgimus</strong></span> <span class='ocrx_word' id='word_1_289' title='bbox 1680 2561 1733 2604; x_wconf 89' lang='lat' dir='ltr'><strong>et</strong></span> <span class='ocrx_word' id='word_1_290' title='bbox 1755 2548 1912 2604; x_wconf 76' lang='lat' dir='ltr'><strong>liore-</strong></span> 
     </span>
    </p>
   </div>
   <div class='ocr_carea' id='block_1_41' title="bbox 326 2638 1911 2708">
    <p class='ocr_par' dir='ltr' id='par_1_41' title="bbox 326 2638 1911 2708">
     <span class='ocr_line' id='line_1_41' title="bbox 326 2638 1911 2708; baseline 0.001 -15"><span class='ocrx_word' id='word_1_291' title='bbox 326 2653 472 2693; x_wconf 77' lang='lat' dir='ltr'><strong>tnus.</strong></span> <span class='ocrx_word' id='word_1_292' title='bbox 508 2638 695 2692; x_wconf 83' lang='lat' dir='ltr'><strong>Vestra</strong></span> <span class='ocrx_word' id='word_1_293' title='bbox 717 2639 1001 2693; x_wconf 73' lang='lat' dir='ltr'><strong>simulacra</strong></span> <span class='ocrx_word' id='word_1_294' title='bbox 1031 2640 1234 2692; x_wconf 85' lang='lat' dir='ltr'><strong>ornatis</strong></span> <span class='ocrx_word' id='word_1_295' title='bbox 1258 2640 1523 2708; x_wconf 85' lang='lat' dir='ltr'><strong>quondam</strong></span> <span class='ocrx_word' id='word_1_296' title='bbox 1563 2648 1709 2707; x_wconf 83' lang='lat' dir='ltr'><strong>septa</strong></span> <span class='ocrx_word' id='word_1_297' title='bbox 1735 2653 1911 2707; x_wconf 69' lang='lat' dir='ltr'><strong>parte-</strong></span> 
     </span>
    </p>
   </div>
   <div class='ocr_carea' id='block_1_42' title="bbox 326 2729 1910 2798">
    <p class='ocr_par' dir='ltr' id='par_1_42' title="bbox 326 2729 1910 2798">
     <span class='ocr_line' id='line_1_42' title="bbox 326 2729 1910 2798; baseline 0.003 -15"><span class='ocrx_word' id='word_1_298' title='bbox 326 2731 509 2795; x_wconf 85' lang='lat' dir='ltr'><strong>tibus,</strong></span> <span class='ocrx_word' id='word_1_299' title='bbox 562 2730 674 2798; x_wconf 86' lang='lat' dir='ltr'><strong>jam</strong></span> <span class='ocrx_word' id='word_1_300' title='bbox 724 2740 989 2785; x_wconf 74' lang='lat' dir='ltr'><strong>vetustate</strong></span> <span class='ocrx_word' id='word_1_301' title='bbox 1046 2730 1279 2796; x_wconf 84' lang='lat' dir='ltr'><strong>collapsa</strong></span> <span class='ocrx_word' id='word_1_302' title='bbox 1344 2741 1487 2785; x_wconf 85' lang='lat' dir='ltr'><strong>sunt.</strong></span> <span class='ocrx_word' id='word_1_303' title='bbox 1536 2729 1733 2786; x_wconf 87' lang='lat' dir='ltr'><strong>Christi</strong></span> <span class='ocrx_word' id='word_1_304' title='bbox 1782 2747 1910 2789; x_wconf 87' lang='lat' dir='ltr'><strong>vero</strong></span> 
     </span>
    </p>
   </div>
   <div class='ocr_carea' id='block_1_43' title="bbox 327 2821 1911 2895">
    <p class='ocr_par' dir='ltr' id='par_1_43' title="bbox 327 2821 1911 2895">
     <span class='ocr_line' id='line_1_43' title="bbox 327 2821 1911 2895; baseline -0.001 -18"><span class='ocrx_word' id='word_1_305' title='bbox 327 2821 597 2888; x_wconf 81' lang='lat' dir='ltr'><strong>doctrina,</strong></span> <span class='ocrx_word' id='word_1_306' title='bbox 617 2828 736 2891; x_wconf 68' lang='lat' dir='ltr'><strong>quae</strong></span> <span class='ocrx_word' id='word_1_307' title='bbox 759 2823 914 2876; x_wconf 89' lang='lat' dir='ltr'><strong>vobis</strong></span> <span class='ocrx_word' id='word_1_308' title='bbox 937 2823 1166 2876; x_wconf 88' lang='lat' dir='ltr'><strong>stultitia</strong></span> <span class='ocrx_word' id='word_1_309' title='bbox 1189 2822 1397 2877; x_wconf 88' lang='lat' dir='ltr'><strong>videtur</strong></span> <span class='ocrx_word' id='word_1_310' title='bbox 1417 2832 1472 2877; x_wconf 89' lang='lat' dir='ltr'><strong>et</strong></span> <span class='ocrx_word' id='word_1_311' title='bbox 1487 2824 1663 2889; x_wconf 90' lang='lat' dir='ltr'><strong>Indus,</strong></span> <span class='ocrx_word' id='word_1_312' title='bbox 1681 2824 1801 2879; x_wconf 90' lang='lat' dir='ltr'><strong>licet</strong></span> <span class='ocrx_word' id='word_1_313' title='bbox 1826 2836 1911 2895; x_wconf 84' lang='lat' dir='ltr'><strong>ty-</strong></span> 
     </span>
    </p>
   </div>
   <div class='ocr_carea' id='block_1_44' title="bbox 342 2915 1911 2985">
    <p class='ocr_par' dir='ltr' id='par_1_44' title="bbox 342 2915 1911 2985">
     <span class='ocr_line' id='line_1_44' title="bbox 342 2915 1911 2985; baseline 0.001 -16"><span class='ocrx_word' id='word_1_314' title='bbox 342 2916 551 2970; x_wconf 79' lang='lat' dir='ltr'><strong>rannica</strong></span> <span class='ocrx_word' id='word_1_315' title='bbox 577 2915 1012 2985; x_wconf 87' lang='lat' dir='ltr'><strong>persequentium</strong></span> <span class='ocrx_word' id='word_1_316' title='bbox 1046 2915 1345 2984; x_wconf 81' lang='lat' dir='ltr'><strong>principum</strong></span> <span class='ocrx_word' id='word_1_317' title='bbox 1375 2925 1699 2971; x_wconf 89' lang='lat' dir='ltr'><strong>tcntamenta</strong></span> <span class='ocrx_word' id='word_1_318' title='bbox 1727 2926 1911 2985; x_wconf 56' lang='lat' dir='ltr'><strong>perm-</strong></span> 
     </span>
    </p>
   </div>
   <div class='ocr_carea' id='block_1_45' title="bbox 349 3004 1910 3070">
    <p class='ocr_par' dir='ltr' id='par_1_45' title="bbox 349 3004 1910 3070">
     <span class='ocr_line' id='line_1_45' title="bbox 349 3004 1910 3070; baseline 0.001 -10"><span class='ocrx_word' id='word_1_319' title='bbox 349 3005 493 3069; x_wconf 86' lang='lat' dir='ltr'><strong>ierit,</strong></span> <span class='ocrx_word' id='word_1_320' title='bbox 521 3005 643 3061; x_wconf 90' lang='lat' dir='ltr'><strong>licet</strong></span> <span class='ocrx_word' id='word_1_321' title='bbox 666 3007 833 3061; x_wconf 82' lang='lat' dir='ltr'><strong>variis</strong></span> <span class='ocrx_word' id='word_1_322' title='bbox 853 3006 1201 3060; x_wconf 80' lang='lat' dir='ltr'><strong>sitincutsata</strong></span> <span class='ocrx_word' id='word_1_323' title='bbox 1225 3004 1539 3070; x_wconf 88' lang='lat' dir='ltr'><strong>terroribus,</strong></span> <span class='ocrx_word' id='word_1_324' title='bbox 1558 3007 1703 3062; x_wconf 92' lang='lat' dir='ltr'><strong>nullo</strong></span> <span class='ocrx_word' id='word_1_325' title='bbox 1732 3016 1910 3063; x_wconf 89' lang='lat' dir='ltr'><strong>tamen</strong></span> 
     </span>
    </p>
   </div>
   <div class='ocr_carea' id='block_1_46' title="bbox 345 3097 1912 3168">
    <p class='ocr_par' dir='ltr' id='par_1_46' title="bbox 345 3097 1912 3168">
     <span class='ocr_line' id='line_1_46' title="bbox 345 3097 1912 3168; baseline 0.004 -19"><span class='ocrx_word' id='word_1_326' title='bbox 345 3106 600 3152; x_wconf 81' lang='lat' dir='ltr'><strong>terrarum</strong></span> <span class='ocrx_word' id='word_1_327' title='bbox 632 3098 765 3153; x_wconf 87' lang='lat' dir='ltr'><strong>orbe</strong></span> <span class='ocrx_word' id='word_1_328' title='bbox 819 3097 1169 3158; x_wconf 88' lang='lat' dir='ltr'><strong>concluditur,</strong></span> <span class='ocrx_word' id='word_1_329' title='bbox 1196 3097 1341 3151; x_wconf 89' lang='lat' dir='ltr'><strong>nullo</strong></span> <span class='ocrx_word' id='word_1_330' title='bbox 1367 3101 1601 3168; x_wconf 91' lang='lat' dir='ltr'><strong>gentium</strong></span> <span class='ocrx_word' id='word_1_331' title='bbox 1658 3099 1912 3155; x_wconf 88' lang='lat' dir='ltr'><strong>barbara-</strong></span> 
     </span>
    </p>
   </div>
   <div class='ocr_carea' id='block_1_47' title="bbox 2007 1895 3577 1961">
    <p class='ocr_par' dir='ltr' id='par_1_47' title="bbox 2007 1895 3577 1961">
     <span class='ocr_line' id='line_1_47' title="bbox 2007 1895 3577 1961; baseline 0.007 -15"><span class='ocrx_word' id='word_1_332' title='bbox 2007 1910 2162 1961; x_wconf 87' lang='lat' dir='ltr'><strong>quant</strong></span> <span class='ocrx_word' id='word_1_333' title='bbox 2194 1910 2299 1948; x_wconf 91' lang='lat' dir='ltr'><strong>non</strong></span> <span class='ocrx_word' id='word_1_334' title='bbox 2323 1895 2553 1961; x_wconf 75' lang='lat' dir='ltr'><strong>acceptis</strong></span> <span class='ocrx_word' id='word_1_335' title='bbox 2585 1895 2798 1961; x_wconf 89' lang='lat' dir='ltr'><strong>litteris,</strong></span> <span class='ocrx_word' id='word_1_336' title='bbox 2824 1898 3129 1952; x_wconf 83' lang='lat' dir='ltr'><strong>convocatis</strong></span> <span class='ocrx_word' id='word_1_337' title='bbox 3158 1902 3433 1955; x_wconf 84' lang='lat' dir='ltr'><strong>monachis</strong></span> <span class='ocrx_word' id='word_1_338' title='bbox 3462 1906 3577 1957; x_wconf 85' lang='lat' dir='ltr'><strong>aie-</strong></span> 
     </span>
    </p>
   </div>
   <div class='ocr_carea' id='block_1_48' title="bbox 2006 1984 3578 2061">
    <p class='ocr_par' dir='ltr' id='par_1_48' title="bbox 2006 1984 3578 2061">
     <span class='ocr_line' id='line_1_48' title="bbox 2006 1984 3578 2061; baseline 0.006 -22"><span class='ocrx_word' id='word_1_339' title='bbox 2006 1984 2136 2039; x_wconf 85' lang='lat' dir='ltr'><strong>bat:</strong></span> <span class='ocrx_word' id='word_1_340' title='bbox 2172 1985 2344 2055; x_wconf 80' lang='lat' dir='ltr'><strong>Reges</strong></span> <span class='ocrx_word' id='word_1_341' title='bbox 2388 1987 2564 2041; x_wconf 76' lang='lat' dir='ltr'><strong>stecnli</strong></span> <span class='ocrx_word' id='word_1_342' title='bbox 2615 1986 2871 2055; x_wconf 71' lang='lat' dir='ltr'><strong>epistolas</strong></span> <span class='ocrx_word' id='word_1_343' title='bbox 2910 1992 2974 2042; x_wconf 90' lang='lat' dir='ltr'><strong>ad</strong></span> <span class='ocrx_word' id='word_1_344' title='bbox 3022 2004 3119 2043; x_wconf 91' lang='lat' dir='ltr'><strong>nos</strong></span> <span class='ocrx_word' id='word_1_345' title='bbox 3148 1990 3426 2053; x_wconf 87' lang='lat' dir='ltr'><strong>miserunt,</strong></span> <span class='ocrx_word' id='word_1_346' title='bbox 3457 2010 3578 2061; x_wconf 68' lang='lat' dir='ltr'><strong>qua:</strong></span> 
     </span>
    </p>
   </div>
   <div class='ocr_carea' id='block_1_49' title="bbox 2008 2077 3578 2143">
    <p class='ocr_par' dir='ltr' id='par_1_49' title="bbox 2008 2077 3578 2143">
     <span class='ocr_line' id='line_1_49' title="bbox 2008 2077 3578 2143; baseline 0.007 -11"><span class='ocrx_word' id='word_1_347' title='bbox 2008 2077 2094 2132; x_wconf 89' lang='lat' dir='ltr'><strong>hic</strong></span> <span class='ocrx_word' id='word_1_348' title='bbox 2121 2079 2436 2133; x_wconf 79' lang='lat' dir='ltr'><strong>Christianis</strong></span> <span class='ocrx_word' id='word_1_349' title='bbox 2462 2079 2761 2133; x_wconf 85' lang='lat' dir='ltr'><strong>adhibenda</strong></span> <span class='ocrx_word' id='word_1_350' title='bbox 2787 2082 2996 2135; x_wconf 91' lang='lat' dir='ltr'><strong>miratio</strong></span> <span class='ocrx_word' id='word_1_351' title='bbox 3017 2083 3134 2137; x_wconf 83' lang='lat' dir='ltr'><strong>est?</strong></span> <span class='ocrx_word' id='word_1_352' title='bbox 3169 2084 3473 2142; x_wconf 83' lang='lat' dir='ltr'><strong>Licetenitn</strong></span> <span class='ocrx_word' id='word_1_353' title='bbox 3494 2089 3578 2143; x_wconf 90' lang='lat' dir='ltr'><strong>di-</strong></span> 
     </span>
    </p>
   </div>
   <div class='ocr_carea' id='block_1_50' title="bbox 2007 2170 3576 2240">
    <p class='ocr_par' dir='ltr' id='par_1_50' title="bbox 2007 2170 3576 2240">
     <span class='ocr_line' id='line_1_50' title="bbox 2007 2170 3576 2240; baseline 0.008 -18"><span class='ocrx_word' id='word_1_354' title='bbox 2007 2183 2162 2224; x_wconf 87' lang='lat' dir='ltr'><strong>versa</strong></span> <span class='ocrx_word' id='word_1_355' title='bbox 2182 2171 2251 2225; x_wconf 92' lang='lat' dir='ltr'><strong>sit</strong></span> <span class='ocrx_word' id='word_1_356' title='bbox 2278 2170 2527 2240; x_wconf 75' lang='lat' dir='ltr'><strong>dignitas,</strong></span> <span class='ocrx_word' id='word_1_357' title='bbox 2561 2183 2793 2225; x_wconf 89' lang='lat' dir='ltr'><strong>attamen</strong></span> <span class='ocrx_word' id='word_1_358' title='bbox 2826 2179 3012 2227; x_wconf 79' lang='lat' dir='ltr'><strong>eadem</strong></span> <span class='ocrx_word' id='word_1_359' title='bbox 3062 2178 3312 2231; x_wconf 83' lang='lat' dir='ltr'><strong>nascendi</strong></span> <span class='ocrx_word' id='word_1_360' title='bbox 3344 2184 3576 2235; x_wconf 86' lang='lat' dir='ltr'><strong>morien-</strong></span> 
     </span>
    </p>
   </div>
   <div class='ocr_carea' id='block_1_51' title="bbox 2007 2259 3580 2340">
    <p class='ocr_par' dir='ltr' id='par_1_51' title="bbox 2007 2259 3580 2340">
     <span class='ocr_line' id='line_1_51' title="bbox 2007 2259 3580 2340; baseline 0.008 -26"><span class='ocrx_word' id='word_1_361' title='bbox 2007 2259 2168 2329; x_wconf 84' lang='lat' dir='ltr'><strong>dique</strong></span> <span class='ocrx_word' id='word_1_362' title='bbox 2195 2261 2435 2315; x_wconf 85' lang='lat' dir='ltr'><strong>conditio</strong></span> <span class='ocrx_word' id='word_1_363' title='bbox 2461 2266 2570 2318; x_wconf 88' lang='lat' dir='ltr'><strong>&#39;est.</strong></span> <span class='ocrx_word' id='word_1_364' title='bbox 2596 2264 2697 2317; x_wconf 85' lang='lat' dir='ltr'><strong>Ista</strong></span> <span class='ocrx_word' id='word_1_365' title='bbox 2728 2272 2852 2318; x_wconf 90' lang='lat' dir='ltr'><strong>sunt</strong></span> <span class='ocrx_word' id='word_1_366' title='bbox 2880 2267 3220 2322; x_wconf 83' lang='lat' dir='ltr'><strong>veneratione</strong></span> <span class='ocrx_word' id='word_1_367' title='bbox 3265 2273 3408 2323; x_wconf 91' lang='lat' dir='ltr'><strong>omni</strong></span> <span class='ocrx_word' id='word_1_368' title='bbox 3458 2277 3580 2340; x_wconf 84' lang='lat' dir='ltr'><strong>per-</strong></span> 
     </span>
    </p>
   </div>
   <div class='ocr_carea' id='block_1_52' title="bbox 2009 2354 3576 2431">
    <p class='ocr_par' dir='ltr' id='par_1_52' title="bbox 2009 2354 3576 2431">
     <span class='ocr_line' id='line_1_52' title="bbox 2009 2354 3576 2431; baseline 0.01 -26"><span class='ocrx_word' id='word_1_369' title='bbox 2009 2354 2252 2420; x_wconf 87' lang='lat' dir='ltr'><strong>coleuda,</strong></span> <span class='ocrx_word' id='word_1_370' title='bbox 2280 2356 2367 2409; x_wconf 90' lang='lat' dir='ltr'><strong>illa</strong></span> <span class='ocrx_word' id='word_1_371' title='bbox 2400 2364 2511 2411; x_wconf 85' lang='lat' dir='ltr'><strong>toto</strong></span> <span class='ocrx_word' id='word_1_372' title='bbox 2536 2358 2698 2410; x_wconf 90' lang='lat' dir='ltr'><strong>animi</strong></span> <span class='ocrx_word' id='word_1_373' title='bbox 2730 2357 2920 2413; x_wconf 81' lang='lat' dir='ltr'><strong>affectu</strong></span> <span class='ocrx_word' id='word_1_374' title='bbox 2948 2361 3226 2414; x_wconf 88' lang='lat' dir='ltr'><strong>retinenda</strong></span> <span class='ocrx_word' id='word_1_375' title='bbox 3256 2371 3399 2424; x_wconf 87' lang='lat' dir='ltr'><strong>sunt.</strong></span> <span class='ocrx_word' id='word_1_376' title='bbox 3433 2368 3576 2431; x_wconf 87' lang='lat' dir='ltr'><strong>quod</strong></span> 
     </span>
    </p>
   </div>
   <div class='ocr_carea' id='block_1_53' title="bbox 2010 2443 3578 2523">
    <p class='ocr_par' dir='ltr' id='par_1_53' title="bbox 2010 2443 3578 2523">
     <span class='ocr_line' id='line_1_53' title="bbox 2010 2443 3578 2523; baseline 0.01 -25"><span class='ocrx_word' id='word_1_377' title='bbox 2010 2443 2317 2501; x_wconf 88' lang='lat' dir='ltr'><strong>hominibus</strong></span> <span class='ocrx_word' id='word_1_378' title='bbox 2361 2450 2502 2503; x_wconf 86' lang='lat' dir='ltr'><strong>Deus</strong></span> <span class='ocrx_word' id='word_1_379' title='bbox 2547 2448 2718 2520; x_wconf 89' lang='lat' dir='ltr'><strong>legent</strong></span> <span class='ocrx_word' id='word_1_380' title='bbox 2747 2451 3043 2519; x_wconf 81' lang='lat' dir='ltr'><strong>scripserit,</strong></span> <span class='ocrx_word' id='word_1_381' title='bbox 3077 2454 3216 2522; x_wconf 91' lang='lat' dir='ltr'><strong>quod</strong></span> <span class='ocrx_word' id='word_1_382' title='bbox 3260 2470 3354 2523; x_wconf 92' lang='lat' dir='ltr'><strong>per</strong></span> <span class='ocrx_word' id='word_1_383' title='bbox 3386 2456 3578 2514; x_wconf 80' lang='lat' dir='ltr'><strong>Filium</strong></span> 
     </span>
    </p>
   </div>
   <div class='ocr_carea' id='block_1_54' title="bbox 2009 2538 3580 2612">
    <p class='ocr_par' dir='ltr' id='par_1_54' title="bbox 2009 2538 3580 2612">
     <span class='ocr_line' id='line_1_54' title="bbox 2009 2538 3580 2612; baseline 0.009 -22"><span class='ocrx_word' id='word_1_384' title='bbox 2009 2552 2160 2591; x_wconf 89' lang='lat' dir='ltr'><strong>suum</strong></span> <span class='ocrx_word' id='word_1_385' title='bbox 2191 2538 2426 2607; x_wconf 88' lang='lat' dir='ltr'><strong>propriis</strong></span> <span class='ocrx_word' id='word_1_386' title='bbox 2458 2540 2722 2595; x_wconf 89' lang='lat' dir='ltr'><strong>Ecclesias</strong></span> <span class='ocrx_word' id='word_1_387' title='bbox 2749 2542 2994 2597; x_wconf 81' lang='lat' dir='ltr'><strong>ditaverit</strong></span> <span class='ocrx_word' id='word_1_388' title='bbox 3031 2544 3276 2611; x_wconf 82' lang='lat' dir='ltr'><strong>eloquiis.</strong></span> <span class='ocrx_word' id='word_1_389' title='bbox 3308 2546 3437 2612; x_wconf 65' lang='lat' dir='ltr'><strong>Quae</strong></span> <span class='ocrx_word' id='word_1_390' title='bbox 3468 2565 3580 2603; x_wconf 89' lang='lat' dir='ltr'><strong>mu-</strong></span> 
     </span>
    </p>
   </div>
   <div class='ocr_carea' id='block_1_55' title="bbox 2010 2628 3584 2708">
    <p class='ocr_par' dir='ltr' id='par_1_55' title="bbox 2010 2628 3584 2708">
     <span class='ocr_line' id='line_1_55' title="bbox 2010 2628 3584 2708; baseline 0.008 -27"><span class='ocrx_word' id='word_1_391' title='bbox 2010 2628 2194 2683; x_wconf 85' lang='lat' dir='ltr'><strong>nachis</strong></span> <span class='ocrx_word' id='word_1_392' title='bbox 2222 2638 2306 2684; x_wconf 89' lang='lat' dir='ltr'><strong>est</strong></span> <span class='ocrx_word' id='word_1_393' title='bbox 2345 2630 2483 2685; x_wconf 87' lang='lat' dir='ltr'><strong>ratio</strong></span> <span class='ocrx_word' id='word_1_394' title='bbox 2525 2646 2645 2684; x_wconf 90' lang='lat' dir='ltr'><strong>cum</strong></span> <span class='ocrx_word' id='word_1_395' title='bbox 2674 2633 2911 2699; x_wconf 89' lang='lat' dir='ltr'><strong>epistulis</strong></span> <span class='ocrx_word' id='word_1_396' title='bbox 2961 2634 3179 2703; x_wconf 74' lang='lat' dir='ltr'><strong>regum?</strong></span> <span class='ocrx_word' id='word_1_397' title='bbox 3208 2651 3303 2689; x_wconf 90' lang='lat' dir='ltr'><strong>cur</strong></span> <span class='ocrx_word' id='word_1_398' title='bbox 3322 2637 3584 2708; x_wconf 78' lang='lat' dir='ltr'><strong>accipiam</strong></span> 
     </span>
    </p>
   </div>
   <div class='ocr_carea' id='block_1_56' title="bbox 2010 2717 3583 2791">
    <p class='ocr_par' dir='ltr' id='par_1_56' title="bbox 2010 2717 3583 2791">
     <span class='ocr_line' id='line_1_56' title="bbox 2010 2717 3583 2791; baseline 0.011 -19"><span class='ocrx_word' id='word_1_399' title='bbox 2010 2717 2237 2787; x_wconf 88' lang='lat' dir='ltr'><strong>litteras,</strong></span> <span class='ocrx_word' id='word_1_400' title='bbox 2263 2723 2453 2791; x_wconf 85' lang='lat' dir='ltr'><strong>quibus</strong></span> <span class='ocrx_word' id='word_1_401' title='bbox 2479 2735 2735 2779; x_wconf 87' lang='lat' dir='ltr'><strong>consueta</strong></span> <span class='ocrx_word' id='word_1_402' title='bbox 2764 2729 2995 2782; x_wconf 87' lang='lat' dir='ltr'><strong>nesciam</strong></span> <span class='ocrx_word' id='word_1_403' title='bbox 3045 2728 3272 2785; x_wconf 87' lang='lat' dir='ltr'><strong>reddere</strong></span> <span class='ocrx_word' id='word_1_404' title='bbox 3312 2734 3583 2789; x_wconf 68' lang='lat' dir='ltr'><strong>salutatio.</strong></span> 
     </span>
    </p>
   </div>
   <div class='ocr_carea' id='block_1_57' title="bbox 2012 2814 3582 2886">
    <p class='ocr_par' dir='ltr' id='par_1_57' title="bbox 2012 2814 3582 2886">
     <span class='ocr_line' id='line_1_57' title="bbox 2012 2814 3582 2886; baseline 0.01 -19"><span class='ocrx_word' id='word_1_405' title='bbox 2012 2814 2096 2867; x_wconf 87' lang='lat' dir='ltr'><strong>nis</strong></span> <span class='ocrx_word' id='word_1_406' title='bbox 2112 2814 2409 2882; x_wconf 87' lang='lat' dir='ltr'><strong>obsequia?</strong></span> <span class='ocrx_word' id='word_1_407' title='bbox 2434 2815 2593 2885; x_wconf 85' lang='lat' dir='ltr'><strong>Igitur</strong></span> <span class='ocrx_word' id='word_1_408' title='bbox 2622 2830 2838 2886; x_wconf 82' lang='lat' dir='ltr'><strong>rogatus</strong></span> <span class='ocrx_word' id='word_1_409' title='bbox 2876 2818 2942 2874; x_wconf 88' lang='lat' dir='ltr'><strong>ab</strong></span> <span class='ocrx_word' id='word_1_410' title='bbox 2972 2820 3238 2876; x_wconf 83' lang='lat' dir='ltr'><strong>universis</strong></span> <span class='ocrx_word' id='word_1_411' title='bbox 3264 2822 3582 2883; x_wconf 67' lang='lat' dir='ltr'><strong>fr.:trihusut</strong></span> 
     </span>
    </p>
   </div>
   <div class='ocr_carea' id='block_1_58' title="bbox 2012 2902 3582 2980">
    <p class='ocr_par' dir='ltr' id='par_1_58' title="bbox 2012 2902 3582 2980">
     <span class='ocr_line' id='line_1_58' title="bbox 2012 2902 3582 2980; baseline 0.011 -25"><span class='ocrx_word' id='word_1_412' title='bbox 2012 2902 2340 2959; x_wconf 84' lang='lat' dir='ltr'><strong>Christianus</strong></span> <span class='ocrx_word' id='word_1_413' title='bbox 2376 2920 2529 2974; x_wconf 86' lang='lat' dir='ltr'><strong>reges</strong></span> <span class='ocrx_word' id='word_1_414' title='bbox 2551 2910 2662 2961; x_wconf 89' lang='lat' dir='ltr'><strong>suis</strong></span> <span class='ocrx_word' id='word_1_415' title='bbox 2693 2908 2880 2963; x_wconf 88' lang='lat' dir='ltr'><strong>litteris</strong></span> <span class='ocrx_word' id='word_1_416' title='bbox 2908 2910 3271 2980; x_wconf 84' lang='lat' dir='ltr'><strong>reirigeraret,</strong></span> <span class='ocrx_word' id='word_1_417' title='bbox 3293 2930 3358 2967; x_wconf 86' lang='lat' dir='ltr'><strong>tte</strong></span> <span class='ocrx_word' id='word_1_418' title='bbox 3381 2917 3582 2974; x_wconf 63' lang='lat' dir='ltr'><strong>scilicet</strong></span> 
     </span>
    </p>
   </div>
   <div class='ocr_carea' id='block_1_59' title="bbox 2014 2992 3581 3076">
    <p class='ocr_par' dir='ltr' id='par_1_59' title="bbox 2014 2992 3581 3076">
     <span class='ocr_line' id='line_1_59' title="bbox 2014 2992 3581 3076; baseline 0.007 -30"><span class='ocrx_word' id='word_1_419' title='bbox 2014 3006 2110 3061; x_wconf 89' lang='lat' dir='ltr'><strong>per</strong></span> <span class='ocrx_word' id='word_1_420' title='bbox 2137 2992 2405 3048; x_wconf 81' lang='lat' dir='ltr'><strong>silentium</strong></span> <span class='ocrx_word' id='word_1_421' title='bbox 2429 2998 2545 3062; x_wconf 87' lang='lat' dir='ltr'><strong>ejus</strong></span> <span class='ocrx_word' id='word_1_422' title='bbox 2572 3008 3039 3066; x_wconf 74' lang='lat' dir='ltr'><strong>exasperarcntur,</strong></span> <span class='ocrx_word' id='word_1_423' title='bbox 3069 3002 3133 3054; x_wconf 87' lang='lat' dir='ltr'><strong>ad</strong></span> <span class='ocrx_word' id='word_1_424' title='bbox 3176 3014 3447 3073; x_wconf 86' lang='lat' dir='ltr'><strong>susceptas</strong></span> <span class='ocrx_word' id='word_1_425' title='bbox 3474 3008 3581 3076; x_wconf 77' lang='lat' dir='ltr'><strong>epi-</strong></span> 
     </span>
    </p>
   </div>
   <div class='ocr_carea' id='block_1_60' title="bbox 2015 3085 3581 3164">
    <p class='ocr_par' dir='ltr' id='par_1_60' title="bbox 2015 3085 3581 3164">
     <span class='ocr_line' id='line_1_60' title="bbox 2015 3085 3581 3164; baseline 0.009 -25"><span class='ocrx_word' id='word_1_426' title='bbox 2015 3085 2182 3140; x_wconf 83' lang='lat' dir='ltr'><strong>stolas</strong></span> <span class='ocrx_word' id='word_1_427' title='bbox 2208 3088 2576 3142; x_wconf 86' lang='lat' dir='ltr'><strong>convenientia</strong></span> <span class='ocrx_word' id='word_1_428' title='bbox 2592 3089 2884 3158; x_wconf 89' lang='lat' dir='ltr'><strong>rescripsit.</strong></span> <span class='ocrx_word' id='word_1_429' title='bbox 2906 3091 3160 3146; x_wconf 88' lang='lat' dir='ltr'><strong>Laudavit</strong></span> <span class='ocrx_word' id='word_1_430' title='bbox 3181 3094 3426 3163; x_wconf 82' lang='lat' dir='ltr'><strong>primum,</strong></span> <span class='ocrx_word' id='word_1_431' title='bbox 3442 3099 3581 3164; x_wconf 87' lang='lat' dir='ltr'><strong>quod</strong></span> 
     </span>
    </p>
   </div>
   <div class='ocr_carea' id='block_1_61' title="bbox 329 3175 3580 3255">
    <p class='ocr_par' dir='ltr' id='par_1_61' title="bbox 329 3175 3580 3255">
     <span class='ocr_line' id='line_1_61' title="bbox 329 3175 3580 3255; baseline 0.006 -30"><span class='ocrx_word' id='word_1_432' title='bbox 329 3201 446 3240; x_wconf 79' lang='grc' dir='ltr'><strong>ηηη</strong></span> <span class='ocrx_word' id='word_1_433' title='bbox 482 3187 591 3242; x_wconf 74' lang='lat' dir='ltr'><strong>ﬁne</strong></span> <span class='ocrx_word' id='word_1_434' title='bbox 620 3187 956 3255; x_wconf 67' lang='grc' dir='ltr'><strong>ρτοιιίυειυτ,</strong></span> <span class='ocrx_word' id='word_1_435' title='bbox 987 3188 1208 3252; x_wconf 65' lang='lat' dir='ltr'><strong>Quando</strong></span> <span class='ocrx_word' id='word_1_436' title='bbox 1248 3192 1388 3242; x_wconf 69' lang='grc' dir='ltr'><strong>εηπω</strong></span> <span class='ocrx_word' id='word_1_437' title='bbox 1437 3188 1628 3244; x_wconf 58' lang='lat' dir='ltr'><strong>divina,</strong></span> <span class='ocrx_word' id='word_1_438' title='bbox 1670 3189 1904 3246; x_wconf 58' lang='grc' dir='ltr'><strong>εοίεηηω</strong></span> <span class='ocrx_word' id='word_1_439' title='bbox 1932 3181 1979 3247; x_wconf 82' lang='lat' dir='ltr'>c</span> <span class='ocrx_word' id='word_1_440' title='bbox 2008 3175 2277 3232; x_wconf 87' lang='lat' dir='ltr'><strong>Christum</strong></span> <span class='ocrx_word' id='word_1_441' title='bbox 2299 3178 2555 3244; x_wconf 86' lang='lat' dir='ltr'><strong>colerent,</strong></span> <span class='ocrx_word' id='word_1_442' title='bbox 2578 3178 2769 3234; x_wconf 87' lang='lat' dir='ltr'><strong>deinde</strong></span> <span class='ocrx_word' id='word_1_443' title='bbox 2786 3181 3038 3236; x_wconf 87' lang='lat' dir='ltr'><strong>salutaria</strong></span> <span class='ocrx_word' id='word_1_444' title='bbox 3069 3188 3356 3252; x_wconf 62' lang='lat' dir='ltr'><strong>persuasit,</strong></span> <span class='ocrx_word' id='word_1_445' title='bbox 3384 3204 3450 3243; x_wconf 88' lang='lat' dir='ltr'><strong>ne</strong></span> <span class='ocrx_word' id='word_1_446' title='bbox 3472 3206 3580 3244; x_wconf 82' lang='lat' dir='ltr'><strong>ma-</strong></span> 
     </span>
    </p>
   </div>
   <div class='ocr_carea' id='block_1_62' title="bbox 338 3277 1909 3347">
    <p class='ocr_par' dir='ltr' id='par_1_62' title="bbox 338 3277 1909 3347">
     <span class='ocr_line' id='line_1_62' title="bbox 338 3277 1909 3347; baseline 0.004 -18"><span class='ocrx_word' id='word_1_447' title='bbox 338 3287 519 3333; x_wconf 88' lang='lat' dir='ltr'><strong>tantus</strong></span> <span class='ocrx_word' id='word_1_448' title='bbox 538 3279 799 3347; x_wconf 86' lang='lat' dir='ltr'><strong>splendor</strong></span> <span class='ocrx_word' id='word_1_449' title='bbox 827 3278 1036 3333; x_wconf 76' lang='lat' dir='ltr'><strong>illuxit?</strong></span> <span class='ocrx_word' id='word_1_450' title='bbox 1060 3277 1271 3347; x_wconf 88' lang='lat' dir='ltr'><strong>quando</strong></span> <span class='ocrx_word' id='word_1_451' title='bbox 1298 3287 1376 3333; x_wconf 91' lang='lat' dir='ltr'><strong>tot</strong></span> <span class='ocrx_word' id='word_1_452' title='bbox 1412 3280 1572 3333; x_wconf 90' lang='lat' dir='ltr'><strong>simul</strong></span> <span class='ocrx_word' id='word_1_453' title='bbox 1602 3280 1654 3335; x_wconf 93' lang='lat' dir='ltr'><strong>in</strong></span> <span class='ocrx_word' id='word_1_454' title='bbox 1684 3296 1742 3336; x_wconf 89' lang='lat' dir='ltr'><strong>se</strong></span> <span class='ocrx_word' id='word_1_455' title='bbox 1767 3297 1909 3336; x_wconf 67' lang='lat' dir='ltr'><strong>con-</strong></span> 
     </span>
    </p>
   </div>
   <div class='ocr_carea' id='block_1_63' title="bbox 328 3371 1905 3447">
    <p class='ocr_par' dir='ltr' id='par_1_63' title="bbox 328 3371 1905 3447">
     <span class='ocr_line' id='line_1_63' title="bbox 328 3371 1905 3447; baseline 0.004 -23"><span class='ocrx_word' id='word_1_456' title='bbox 328 3384 525 3427; x_wconf 81' lang='lat' dir='ltr'><strong>venere</strong></span> <span class='ocrx_word' id='word_1_457' title='bbox 564 3373 826 3427; x_wconf 79' lang='lat' dir='ltr'><strong>virtutes?</strong></span> <span class='ocrx_word' id='word_1_458' title='bbox 868 3371 1204 3428; x_wconf 86' lang='lat' dir='ltr'><strong>Cuntinentia</strong></span> <span class='ocrx_word' id='word_1_459' title='bbox 1250 3373 1301 3427; x_wconf 90' lang='lat' dir='ltr'><strong>in</strong></span> <span class='ocrx_word' id='word_1_460' title='bbox 1349 3372 1687 3431; x_wconf 85' lang='lat' dir='ltr'><strong>matrimonio</strong></span> <span class='ocrx_word' id='word_1_461' title='bbox 1733 3377 1905 3447; x_wconf 71' lang='grc'><strong>(112),</strong></span> 
     </span>
    </p>
   </div>
   <div class='ocr_carea' id='block_1_64' title="bbox 327 3462 1909 3537">
    <p class='ocr_par' dir='ltr' id='par_1_64' title="bbox 327 3462 1909 3537">
     <span class='ocr_line' id='line_1_64' title="bbox 327 3462 1909 3537; baseline 0.006 -22"><span class='ocrx_word' id='word_1_462' title='bbox 327 3462 601 3532; x_wconf 85' lang='lat' dir='ltr'><strong>virginitas</strong></span> <span class='ocrx_word' id='word_1_463' title='bbox 632 3466 685 3518; x_wconf 92' lang='lat' dir='ltr'><strong>in</strong></span> <span class='ocrx_word' id='word_1_464' title='bbox 712 3464 968 3521; x_wconf 83' lang='lat' dir='ltr'><strong>Ecclesia.</strong></span> <span class='ocrx_word' id='word_1_465' title='bbox 997 3466 1181 3521; x_wconf 81' lang='lat' dir='ltr'><strong>Floret</strong></span> <span class='ocrx_word' id='word_1_466' title='bbox 1218 3476 1509 3537; x_wconf 81' lang='lat' dir='ltr'><strong>martyrum</strong></span> <span class='ocrx_word' id='word_1_467' title='bbox 1560 3482 1657 3537; x_wconf 89' lang='lat' dir='ltr'><strong>pro</strong></span> <span class='ocrx_word' id='word_1_468' title='bbox 1688 3468 1909 3525; x_wconf 90' lang='lat' dir='ltr'><strong>Domino</strong></span> 
     </span>
    </p>
   </div>
   <div class='ocr_carea' id='block_1_65' title="bbox 331 3556 1907 3628">
    <p class='ocr_par' dir='ltr' id='par_1_65' title="bbox 331 3556 1907 3628">
     <span class='ocr_line' id='line_1_65' title="bbox 331 3556 1907 3628; baseline 0.004 -19"><span class='ocrx_word' id='word_1_469' title='bbox 331 3570 425 3609; x_wconf 82' lang='lat' dir='ltr'><strong>suo</strong></span> <span class='ocrx_word' id='word_1_470' title='bbox 446 3556 681 3623; x_wconf 77' lang='lat' dir='ltr'><strong>gloriosa</strong></span> <span class='ocrx_word' id='word_1_471' title='bbox 703 3557 1026 3623; x_wconf 83' lang='lat' dir='ltr'><strong>constantia,</strong></span> <span class='ocrx_word' id='word_1_472' title='bbox 1045 3573 1270 3628; x_wconf 88' lang='lat' dir='ltr'><strong>quorum</strong></span> <span class='ocrx_word' id='word_1_473' title='bbox 1293 3558 1530 3613; x_wconf 89' lang='lat' dir='ltr'><strong>omnium</strong></span> <span class='ocrx_word' id='word_1_474' title='bbox 1557 3574 1688 3615; x_wconf 79' lang='lat' dir='ltr'><strong>crux</strong></span> <span class='ocrx_word' id='word_1_475' title='bbox 1708 3557 1907 3616; x_wconf 87' lang='lat' dir='ltr'><strong>Christi</strong></span> 
     </span>
    </p>
   </div>
   <div class='ocr_carea' id='block_1_66' title="bbox 332 3650 777 3717">
    <p class='ocr_par' dir='ltr' id='par_1_66' title="bbox 332 3650 777 3717">
     <span class='ocr_line' id='line_1_66' title="bbox 332 3650 777 3717; baseline 0.002 -14"><span class='ocrx_word' id='word_1_476' title='bbox 332 3650 650 3717; x_wconf 81' lang='lat' dir='ltr'><strong>principium</strong></span> <span class='ocrx_word' id='word_1_477' title='bbox 675 3658 777 3704; x_wconf 87' lang='lat' dir='ltr'><strong>est.</strong></span> 
     </span>
    </p>
   </div>
   <div class='ocr_carea' id='block_1_67' title="bbox 412 3761 1908 3837">
    <p class='ocr_par' dir='ltr' id='par_1_67' title="bbox 412 3761 1908 3837">
     <span class='ocr_line' id='line_1_67' title="bbox 412 3761 1908 3837; baseline 0.005 -24"><span class='ocrx_word' id='word_1_478' title='bbox 412 3761 533 3815; x_wconf 84' lang='lat' dir='ltr'><strong>Cum</strong></span> <span class='ocrx_word' id='word_1_479' title='bbox 562 3762 781 3816; x_wconf 88' lang='lat' dir='ltr'><strong>interim</strong></span> <span class='ocrx_word' id='word_1_480' title='bbox 800 3776 894 3816; x_wconf 87' lang='lat' dir='ltr'><strong>vos</strong></span> <span class='ocrx_word' id='word_1_481' title='bbox 920 3762 1054 3817; x_wconf 83' lang='lat' dir='ltr'><strong>inter</strong></span> <span class='ocrx_word' id='word_1_482' title='bbox 1084 3772 1261 3819; x_wconf 87' lang='lat' dir='ltr'><strong>tantos</strong></span> <span class='ocrx_word' id='word_1_483' title='bbox 1290 3764 1541 3818; x_wconf 89' lang='lat' dir='ltr'><strong>virtutum</strong></span> <span class='ocrx_word' id='word_1_484' title='bbox 1573 3763 1766 3820; x_wconf 86' lang='lat' dir='ltr'><strong>choros</strong></span> <span class='ocrx_word' id='word_1_485' title='bbox 1791 3765 1908 3837; x_wconf 82' lang='lat' dir='ltr'><strong>syl-</strong></span> 
     </span>
    </p>
   </div>
   <div class='ocr_carea' id='block_1_68' title="bbox 343 3852 1909 3921">
    <p class='ocr_par' dir='ltr' id='par_1_68' title="bbox 343 3852 1909 3921">
     <span class='ocr_line' id='line_1_68' title="bbox 343 3852 1909 3921; baseline 0.004 -16"><span class='ocrx_word' id='word_1_486' title='bbox 343 3852 680 3921; x_wconf 79' lang='lat' dir='ltr'><strong>logismorum</strong></span> <span class='ocrx_word' id='word_1_487' title='bbox 712 3856 843 3907; x_wconf 89' lang='lat' dir='ltr'><strong>retia</strong></span> <span class='ocrx_word' id='word_1_488' title='bbox 872 3854 1108 3919; x_wconf 81' lang='lat' dir='ltr'><strong>tenditis,</strong></span> <span class='ocrx_word' id='word_1_489' title='bbox 1136 3864 1187 3910; x_wconf 89' lang='lat' dir='ltr'><strong>et</strong></span> <span class='ocrx_word' id='word_1_490' title='bbox 1217 3870 1395 3910; x_wconf 86' lang='lat' dir='ltr'><strong>veram</strong></span> <span class='ocrx_word' id='word_1_491' title='bbox 1425 3870 1605 3910; x_wconf 88' lang='lat' dir='ltr'><strong>rerum</strong></span> <span class='ocrx_word' id='word_1_492' title='bbox 1635 3855 1803 3911; x_wconf 90' lang='lat' dir='ltr'><strong>lucem</strong></span> <span class='ocrx_word' id='word_1_493' title='bbox 1832 3868 1909 3912; x_wconf 88' lang='lat' dir='ltr'><strong>te-</strong></span> 
     </span>
    </p>
   </div>
   <div class='ocr_carea' id='block_1_69' title="bbox 336 3944 1904 4014">
    <p class='ocr_par' dir='ltr' id='par_1_69' title="bbox 336 3944 1904 4014">
     <span class='ocr_line' id='line_1_69' title="bbox 336 3944 1904 4014; baseline 0.003 -18"><span class='ocrx_word' id='word_1_494' title='bbox 336 3944 580 3998; x_wconf 86' lang='lat' dir='ltr'><strong>nebrosis</strong></span> <span class='ocrx_word' id='word_1_495' title='bbox 637 3944 903 3999; x_wconf 83' lang='lat' dir='ltr'><strong>conamini</strong></span> <span class='ocrx_word' id='word_1_496' title='bbox 966 3946 1511 4014; x_wconf 80' lang='lat' dir='ltr'><strong>argumentationibus</strong></span> <span class='ocrx_word' id='word_1_497' title='bbox 1577 3945 1904 4011; x_wconf 85' lang='lat' dir='ltr'><strong>obvolvere,</strong></span> 
     </span>
    </p>
   </div>
   <div class='ocr_carea' id='block_1_70' title="bbox 335 4035 1909 4105">
    <p class='ocr_par' dir='ltr' id='par_1_70' title="bbox 335 4035 1909 4105">
     <span class='ocr_line' id='line_1_70' title="bbox 335 4035 1909 4105; baseline 0 -16"><span class='ocrx_word' id='word_1_498' title='bbox 335 4050 462 4089; x_wconf 88' lang='lat' dir='ltr'><strong>ecce</strong></span> <span class='ocrx_word' id='word_1_499' title='bbox 493 4049 617 4099; x_wconf 87' lang='lat' dir='ltr'><strong>nos,</strong></span> <span class='ocrx_word' id='word_1_500' title='bbox 662 4044 718 4089; x_wconf 90' lang='lat' dir='ltr'><strong>ut</strong></span> <span class='ocrx_word' id='word_1_501' title='bbox 745 4036 875 4089; x_wconf 80' lang='lat' dir='ltr'><strong>dixit</strong></span> <span class='ocrx_word' id='word_1_502' title='bbox 902 4035 1097 4090; x_wconf 89' lang='lat' dir='ltr'><strong>Doctor</strong></span> <span class='ocrx_word' id='word_1_503' title='bbox 1120 4046 1322 4103; x_wconf 88' lang='lat' dir='ltr'><strong>noster,</strong></span> <span class='ocrx_word' id='word_1_504' title='bbox 1358 4054 1464 4090; x_wconf 90' lang='lat' dir='ltr'><strong>ttun</strong></span> <span class='ocrx_word' id='word_1_505' title='bbox 1494 4035 1545 4089; x_wconf 91' lang='lat' dir='ltr'><strong>in</strong></span> <span class='ocrx_word' id='word_1_506' title='bbox 1570 4036 1752 4105; x_wconf 78' lang='lat' dir='ltr'><strong>gentili</strong></span> <span class='ocrx_word' id='word_1_507' title='bbox 1791 4052 1909 4104; x_wconf 89' lang='lat' dir='ltr'><strong>per-</strong></span> 
     </span>
    </p>
   </div>
   <div class='ocr_carea' id='block_1_71' title="bbox 323 4124 1903 4200">
    <p class='ocr_par' dir='ltr' id='par_1_71' title="bbox 323 4124 1903 4200">
     <span class='ocr_line' id='line_1_71' title="bbox 323 4124 1903 4200; baseline 0 -19"><span class='ocrx_word' id='word_1_508' title='bbox 323 4128 583 4181; x_wconf 82' lang='lat' dir='ltr'><strong>suasione</strong></span> <span class='ocrx_word' id='word_1_509' title='bbox 598 4124 653 4200; x_wconf 91' lang='grc'><strong>(1</strong></span> <span class='ocrx_word' id='word_1_510' title='bbox 693 4125 812 4182; x_wconf 86' lang='lat' dir='ltr'><strong>Cor.</strong></span> <span class='ocrx_word' id='word_1_511' title='bbox 833 4127 1025 4195; x_wconf 89' lang='lat' dir='ltr'><strong>tt),sed</strong></span> <span class='ocrx_word' id='word_1_512' title='bbox 1047 4125 1099 4180; x_wconf 89' lang='lat' dir='ltr'><strong>in</strong></span> <span class='ocrx_word' id='word_1_513' title='bbox 1125 4128 1227 4183; x_wconf 87' lang='lat' dir='ltr'><strong>fide</strong></span> <span class='ocrx_word' id='word_1_514' title='bbox 1247 4126 1577 4198; x_wconf 84' lang='lat' dir='ltr'><strong>apertissima</strong></span> <span class='ocrx_word' id='word_1_515' title='bbox 1596 4128 1903 4195; x_wconf 87' lang='lat' dir='ltr'><strong>suademus,</strong></span> 
     </span>
    </p>
   </div>
   <div class='ocr_carea' id='block_1_72' title="bbox 322 4219 1904 4289">
    <p class='ocr_par' dir='ltr' id='par_1_72' title="bbox 322 4219 1904 4289">
     <span class='ocr_line' id='line_1_72' title="bbox 322 4219 1904 4289; baseline 0.004 -20"><span class='ocrx_word' id='word_1_516' title='bbox 322 4233 450 4286; x_wconf 73' lang='lat' dir='ltr'><strong>qua:</strong></span> <span class='ocrx_word' id='word_1_517' title='bbox 500 4219 785 4273; x_wconf 67' lang='lat' dir='ltr'><strong>verborum</strong></span> <span class='ocrx_word' id='word_1_518' title='bbox 834 4220 1243 4273; x_wconf 78' lang='lat' dir='ltr'><strong>aifirmatiouem</strong></span> <span class='ocrx_word' id='word_1_519' title='bbox 1285 4222 1577 4289; x_wconf 73' lang='lat' dir='ltr'><strong>praevenire</strong></span> <span class='ocrx_word' id='word_1_520' title='bbox 1606 4220 1904 4275; x_wconf 84' lang='lat' dir='ltr'><strong>consuevit.</strong></span> 
     </span>
    </p>
   </div>
   <div class='ocr_carea' id='block_1_73' title="bbox 324 4311 1906 4381">
    <p class='ocr_par' dir='ltr' id='par_1_73' title="bbox 324 4311 1906 4381">
     <span class='ocr_line' id='line_1_73' title="bbox 324 4311 1906 4381; baseline 0.003 -16"><span class='ocrx_word' id='word_1_521' title='bbox 324 4311 541 4365; x_wconf 73' lang='lat' dir='ltr'><strong>Adsunt</strong></span> <span class='ocrx_word' id='word_1_522' title='bbox 572 4314 767 4381; x_wconf 87' lang='lat' dir='ltr'><strong>quippe</strong></span> <span class='ocrx_word' id='word_1_523' title='bbox 813 4313 1071 4380; x_wconf 85' lang='lat' dir='ltr'><strong>patientes</strong></span> <span class='ocrx_word' id='word_1_524' title='bbox 1100 4326 1131 4363; x_wconf 85' lang='lat' dir='ltr'><strong>a</strong></span> <span class='ocrx_word' id='word_1_525' title='bbox 1160 4312 1487 4366; x_wconf 69' lang='lat' dir='ltr'><strong>daemonibus</strong></span> <span class='ocrx_word' id='word_1_526' title='bbox 1528 4313 1725 4367; x_wconf 79' lang='lat' dir='ltr'><strong>vexati.</strong></span> <span class='ocrx_word' id='word_1_527' title='bbox 1761 4312 1906 4378; x_wconf 84' lang='lat' dir='ltr'><strong>Quos</strong></span> 
     </span>
    </p>
   </div>
   <div class='ocr_carea' id='block_1_74' title="bbox 324 4403 1901 4471">
    <p class='ocr_par' dir='ltr' id='par_1_74' title="bbox 324 4403 1901 4471">
     <span class='ocr_line' id='line_1_74' title="bbox 324 4403 1901 4471; baseline 0.001 -16"><span class='ocrx_word' id='word_1_528' title='bbox 324 4420 448 4457; x_wconf 82' lang='lat' dir='ltr'><strong>cum</strong></span> <span class='ocrx_word' id='word_1_529' title='bbox 480 4405 532 4458; x_wconf 91' lang='lat' dir='ltr'><strong>in</strong></span> <span class='ocrx_word' id='word_1_530' title='bbox 569 4406 799 4458; x_wconf 88' lang='lat' dir='ltr'><strong>medium</strong></span> <span class='ocrx_word' id='word_1_531' title='bbox 833 4403 1189 4471; x_wconf 74' lang='lat' dir='ltr'><strong>produxis~et,</strong></span> <span class='ocrx_word' id='word_1_532' title='bbox 1214 4404 1371 4458; x_wconf 87' lang='lat' dir='ltr'><strong>verba</strong></span> <span class='ocrx_word' id='word_1_533' title='bbox 1396 4404 1860 4471; x_wconf 90' lang='lat' dir='ltr'><strong>repetivit,dicens</strong></span> <span class='ocrx_word' id='word_1_534' title='bbox 1889 4422 1901 4456; x_wconf 91' lang='lat'><strong>:</strong></span> 
     </span>
    </p>
   </div>
   <div class='ocr_carea' id='block_1_75' title="bbox 323 4495 1904 4565">
    <p class='ocr_par' dir='ltr' id='par_1_75' title="bbox 323 4495 1904 4565">
     <span class='ocr_line' id='line_1_75' title="bbox 323 4495 1904 4565; baseline 0.001 -15"><span class='ocrx_word' id='word_1_535' title='bbox 323 4496 481 4550; x_wconf 73' lang='lat' dir='ltr'><strong>Nunc</strong></span> <span class='ocrx_word' id='word_1_536' title='bbox 503 4512 599 4549; x_wconf 88' lang='lat' dir='ltr'><strong>vos</strong></span> <span class='ocrx_word' id='word_1_537' title='bbox 624 4496 1030 4550; x_wconf 82' lang='lat' dir='ltr'><strong>collectionibus</strong></span> <span class='ocrx_word' id='word_1_538' title='bbox 1047 4495 1261 4563; x_wconf 87' lang='lat' dir='ltr'><strong>vestris,</strong></span> <span class='ocrx_word' id='word_1_539' title='bbox 1284 4504 1338 4552; x_wconf 89' lang='lat' dir='ltr'><strong>et</strong></span> <span class='ocrx_word' id='word_1_540' title='bbox 1362 4512 1467 4565; x_wconf 90' lang='lat' dir='ltr'><strong>quo</strong></span> <span class='ocrx_word' id='word_1_541' title='bbox 1480 4496 1643 4550; x_wconf 90' lang='lat' dir='ltr'><strong>vultis</strong></span> <span class='ocrx_word' id='word_1_542' title='bbox 1664 4496 1904 4553; x_wconf 84' lang='lat' dir='ltr'><strong>malefico</strong></span> 
     </span>
    </p>
   </div>
   <div class='ocr_carea' id='block_1_76' title="bbox 325 4589 1904 4659">
    <p class='ocr_par' dir='ltr' id='par_1_76' title="bbox 325 4589 1904 4659">
     <span class='ocr_line' id='line_1_76' title="bbox 325 4589 1904 4659; baseline -0.001 -15"><span class='ocrx_word' id='word_1_543' title='bbox 325 4592 571 4644; x_wconf 83' lang='lat' dir='ltr'><strong>carmine</strong></span> <span class='ocrx_word' id='word_1_544' title='bbox 608 4589 738 4643; x_wconf 89' lang='lat' dir='ltr'><strong>deos</strong></span> <span class='ocrx_word' id='word_1_545' title='bbox 772 4598 998 4653; x_wconf 87' lang='lat' dir='ltr'><strong>vestros,</strong></span> <span class='ocrx_word' id='word_1_546' title='bbox 1023 4604 1156 4659; x_wconf 92' lang='lat' dir='ltr'><strong>quos</strong></span> <span class='ocrx_word' id='word_1_547' title='bbox 1211 4592 1441 4656; x_wconf 86' lang='lat' dir='ltr'><strong>putatis,</strong></span> <span class='ocrx_word' id='word_1_548' title='bbox 1485 4590 1768 4658; x_wconf 80' lang='lat' dir='ltr'><strong>expellite;</strong></span> <span class='ocrx_word' id='word_1_549' title='bbox 1821 4591 1904 4644; x_wconf 88' lang='lat' dir='ltr'><strong>sin</strong></span> 
     </span>
    </p>
   </div>
   <div class='ocr_carea' id='block_1_77' title="bbox 326 4678 1906 4749">
    <p class='ocr_par' dir='ltr' id='par_1_77' title="bbox 326 4678 1906 4749">
     <span class='ocr_line' id='line_1_77' title="bbox 326 4678 1906 4749; baseline 0.002 -17"><span class='ocrx_word' id='word_1_550' title='bbox 326 4691 514 4735; x_wconf 87' lang='lat' dir='ltr'><strong>autem</strong></span> <span class='ocrx_word' id='word_1_551' title='bbox 546 4697 650 4735; x_wconf 91' lang='lat' dir='ltr'><strong>non</strong></span> <span class='ocrx_word' id='word_1_552' title='bbox 701 4680 948 4749; x_wconf 87' lang='lat' dir='ltr'><strong>potestis,</strong></span> <span class='ocrx_word' id='word_1_553' title='bbox 981 4679 1148 4734; x_wconf 88' lang='lat' dir='ltr'><strong>victas</strong></span> <span class='ocrx_word' id='word_1_554' title='bbox 1175 4678 1472 4735; x_wconf 88' lang='lat' dir='ltr'><strong>submittite</strong></span> <span class='ocrx_word' id='word_1_555' title='bbox 1494 4695 1707 4747; x_wconf 89' lang='lat' dir='ltr'><strong>manus,</strong></span> <span class='ocrx_word' id='word_1_556' title='bbox 1738 4691 1791 4735; x_wconf 92' lang='lat' dir='ltr'><strong>et</strong></span> <span class='ocrx_word' id='word_1_557' title='bbox 1837 4682 1906 4736; x_wconf 90' lang='lat' dir='ltr'><strong>ad</strong></span> 
     </span>
    </p>
   </div>
   <div class='ocr_carea' id='block_1_78' title="bbox 326 4770 1910 4840">
    <p class='ocr_par' dir='ltr' id='par_1_78' title="bbox 326 4770 1910 4840">
     <span class='ocr_line' id='line_1_78' title="bbox 326 4770 1910 4840; baseline 0.003 -17"><span class='ocrx_word' id='word_1_558' title='bbox 326 4771 529 4825; x_wconf 83' lang='lat' dir='ltr'><strong>Christi</strong></span> <span class='ocrx_word' id='word_1_559' title='bbox 560 4772 794 4840; x_wconf 65' lang='lat' dir='ltr'><strong>troplttea</strong></span> <span class='ocrx_word' id='word_1_560' title='bbox 820 4770 1113 4839; x_wconf 86' lang='lat' dir='ltr'><strong>confugite,</strong></span> <span class='ocrx_word' id='word_1_561' title='bbox 1140 4779 1196 4824; x_wconf 90' lang='lat' dir='ltr'><strong>et</strong></span> <span class='ocrx_word' id='word_1_562' title='bbox 1214 4771 1391 4824; x_wconf 80' lang='lat' dir='ltr'><strong>Statim</strong></span> <span class='ocrx_word' id='word_1_563' title='bbox 1427 4771 1673 4826; x_wconf 71' lang='lat' dir='ltr'><strong>Crucilixi</strong></span> <span class='ocrx_word' id='word_1_564' title='bbox 1719 4773 1910 4827; x_wconf 89' lang='lat' dir='ltr'><strong>credu-</strong></span> 
     </span>
    </p>
   </div>
   <div class='ocr_carea' id='block_1_79' title="bbox 330 4861 1906 4932">
    <p class='ocr_par' dir='ltr' id='par_1_79' title="bbox 330 4861 1906 4932">
     <span class='ocr_line' id='line_1_79' title="bbox 330 4861 1906 4932; baseline 0.003 -17"><span class='ocrx_word' id='word_1_565' title='bbox 330 4864 537 4916; x_wconf 87' lang='lat' dir='ltr'><strong>litatem</strong></span> <span class='ocrx_word' id='word_1_566' title='bbox 569 4879 648 4916; x_wconf 84' lang='lat' dir='ltr'><strong>ma</strong></span> <span class='ocrx_word' id='word_1_567' title='bbox 660 4862 870 4932; x_wconf 73' lang='lat' dir='ltr'><strong>jestatis</strong></span> <span class='ocrx_word' id='word_1_568' title='bbox 900 4861 1132 4931; x_wconf 87' lang='lat' dir='ltr'><strong>potentia</strong></span> <span class='ocrx_word' id='word_1_569' title='bbox 1165 4873 1530 4931; x_wconf 86' lang='lat' dir='ltr'><strong>prosequetur.</strong></span> <span class='ocrx_word' id='word_1_570' title='bbox 1564 4863 1723 4927; x_wconf 73' lang='lat' dir='ltr'><strong>Dixit,</strong></span> <span class='ocrx_word' id='word_1_571' title='bbox 1753 4866 1906 4919; x_wconf 91' lang='lat' dir='ltr'><strong>etin-</strong></span> 
     </span>
    </p>
   </div>
   <div class='ocr_carea' id='block_1_80' title="bbox 336 4953 1909 5024">
    <p class='ocr_par' dir='ltr' id='par_1_80' title="bbox 336 4953 1909 5024">
     <span class='ocr_line' id='line_1_80' title="bbox 336 4953 1909 5024; baseline 0.004 -19"><span class='ocrx_word' id='word_1_572' title='bbox 336 4966 530 5010; x_wconf 82' lang='lat' dir='ltr'><strong>vocato</strong></span> <span class='ocrx_word' id='word_1_573' title='bbox 561 4958 776 5010; x_wconf 87' lang='lat' dir='ltr'><strong>nomine</strong></span> <span class='ocrx_word' id='word_1_574' title='bbox 803 4955 948 5015; x_wconf 85' lang='lat' dir='ltr'><strong>Jesu,</strong></span> <span class='ocrx_word' id='word_1_575' title='bbox 982 4968 1102 5009; x_wconf 88' lang='lat' dir='ltr'><strong>cum</strong></span> <span class='ocrx_word' id='word_1_576' title='bbox 1124 4953 1282 5008; x_wconf 87' lang='lat' dir='ltr'><strong>vitale</strong></span> <span class='ocrx_word' id='word_1_577' title='bbox 1303 4954 1513 5024; x_wconf 87' lang='lat' dir='ltr'><strong>signum</strong></span> <span class='ocrx_word' id='word_1_578' title='bbox 1541 4956 1593 5009; x_wconf 91' lang='lat' dir='ltr'><strong>in</strong></span> <span class='ocrx_word' id='word_1_579' title='bbox 1624 4970 1776 5010; x_wconf 86' lang='lat' dir='ltr'><strong>sacro</strong></span> <span class='ocrx_word' id='word_1_580' title='bbox 1804 4972 1909 5011; x_wconf 87' lang='lat' dir='ltr'><strong>uu-</strong></span> 
     </span>
    </p>
   </div>
   <div class='ocr_carea' id='block_1_81' title="bbox 329 5044 1907 5113">
    <p class='ocr_par' dir='ltr' id='par_1_81' title="bbox 329 5044 1907 5113">
     <span class='ocr_line' id='line_1_81' title="bbox 329 5044 1907 5113; baseline 0.003 -13"><span class='ocrx_word' id='word_1_581' title='bbox 329 5061 486 5100; x_wconf 86' lang='lat' dir='ltr'><strong>tnero</strong></span> <span class='ocrx_word' id='word_1_582' title='bbox 514 5046 789 5100; x_wconf 84' lang='lat' dir='ltr'><strong>Trinitatis</strong></span> <span class='ocrx_word' id='word_1_583' title='bbox 820 5045 1101 5113; x_wconf 86' lang='lat' dir='ltr'><strong>pressisset</strong></span> <span class='ocrx_word' id='word_1_584' title='bbox 1129 5046 1180 5099; x_wconf 91' lang='lat' dir='ltr'><strong>in</strong></span> <span class='ocrx_word' id='word_1_585' title='bbox 1209 5044 1494 5112; x_wconf 79' lang='lat' dir='ltr'><strong>frontibus,</strong></span> <span class='ocrx_word' id='word_1_586' title='bbox 1519 5062 1622 5102; x_wconf 89' lang='lat' dir='ltr'><strong>una</strong></span> <span class='ocrx_word' id='word_1_587' title='bbox 1651 5063 1772 5103; x_wconf 90' lang='lat' dir='ltr'><strong>cum</strong></span> <span class='ocrx_word' id='word_1_588' title='bbox 1811 5063 1907 5104; x_wconf 84' lang='lat' dir='ltr'><strong>ex-</strong></span> 
     </span>
    </p>
   </div>
   <div class='ocr_carea' id='block_1_82' title="bbox 331 5135 1910 5210">
    <p class='ocr_par' dir='ltr' id='par_1_82' title="bbox 331 5135 1910 5210">
     <span class='ocr_line' id='line_1_82' title="bbox 331 5135 1910 5210; baseline 0.004 -22"><span class='ocrx_word' id='word_1_589' title='bbox 331 5136 510 5205; x_wconf 83' lang='lat' dir='ltr'><strong>pulsis</strong></span> <span class='ocrx_word' id='word_1_590' title='bbox 538 5135 870 5197; x_wconf 67' lang='lat' dir='ltr'><strong>utemonibus</strong></span> <span class='ocrx_word' id='word_1_591' title='bbox 892 5150 1027 5189; x_wconf 88' lang='lat' dir='ltr'><strong>vana</strong></span> <span class='ocrx_word' id='word_1_592' title='bbox 1078 5137 1418 5204; x_wconf 60' lang='lat' dir='ltr'><strong>praesentium</strong></span> <span class='ocrx_word' id='word_1_593' title='bbox 1475 5138 1910 5210; x_wconf 86' lang='lat' dir='ltr'><strong>philosophorum</strong></span> 
     </span>
    </p>
   </div>
   <div class='ocr_carea' id='block_1_83' title="bbox 331 5226 1909 5301">
    <p class='ocr_par' dir='ltr' id='par_1_83' title="bbox 331 5226 1909 5301">
     <span class='ocr_line' id='line_1_83' title="bbox 331 5226 1909 5301; baseline 0.001 -17"><span class='ocrx_word' id='word_1_594' title='bbox 331 5229 605 5284; x_wconf 84' lang='lat' dir='ltr'><strong>confutata</strong></span> <span class='ocrx_word' id='word_1_595' title='bbox 634 5228 897 5297; x_wconf 88' lang='lat' dir='ltr'><strong>sapientia</strong></span> <span class='ocrx_word' id='word_1_596' title='bbox 932 5236 1033 5281; x_wconf 92' lang='lat' dir='ltr'><strong>est.</strong></span> <span class='ocrx_word' id='word_1_597' title='bbox 1066 5226 1407 5293; x_wconf 82' lang='lat' dir='ltr'><strong>Expaverunt</strong></span> <span class='ocrx_word' id='word_1_598' title='bbox 1447 5232 1587 5284; x_wconf 90' lang='lat' dir='ltr'><strong>enim</strong></span> <span class='ocrx_word' id='word_1_599' title='bbox 1638 5243 1909 5301; x_wconf 77' lang='lat' dir='ltr'><strong>stupentes</strong></span> 
     </span>
    </p>
   </div>
   <div class='ocr_carea' id='block_1_84' title="bbox 332 5316 1913 5393">
    <p class='ocr_par' dir='ltr' id='par_1_84' title="bbox 332 5316 1913 5393">
     <span class='ocr_line' id='line_1_84' title="bbox 332 5316 1913 5393; baseline 0.003 -20"><span class='ocrx_word' id='word_1_600' title='bbox 332 5319 632 5383; x_wconf 87' lang='lat' dir='ltr'><strong>hominem,</strong></span> <span class='ocrx_word' id='word_1_601' title='bbox 663 5319 747 5373; x_wconf 91' lang='lat' dir='ltr'><strong>cui</strong></span> <span class='ocrx_word' id='word_1_602' title='bbox 772 5326 893 5387; x_wconf 90' lang='lat' dir='ltr'><strong>post</strong></span> <span class='ocrx_word' id='word_1_603' title='bbox 914 5326 1118 5373; x_wconf 89' lang='lat' dir='ltr'><strong>tantum</strong></span> <span class='ocrx_word' id='word_1_604' title='bbox 1149 5320 1419 5389; x_wconf 90' lang='lat' dir='ltr'><strong>ingenium</strong></span> <span class='ocrx_word' id='word_1_605' title='bbox 1450 5316 1693 5377; x_wconf 79' lang='lat' dir='ltr'><strong>afﬂueret</strong></span> <span class='ocrx_word' id='word_1_606' title='bbox 1734 5323 1913 5393; x_wconf 83' lang='lat' dir='ltr'><strong>signo-</strong></span> 
     </span>
    </p>
   </div>
   <div class='ocr_carea' id='block_1_85' title="bbox 330 5408 1911 5480">
    <p class='ocr_par' dir='ltr' id='par_1_85' title="bbox 330 5408 1911 5480">
     <span class='ocr_line' id='line_1_85' title="bbox 330 5408 1911 5480; baseline 0.001 -16"><span class='ocrx_word' id='word_1_607' title='bbox 330 5426 458 5464; x_wconf 82' lang='lat' dir='ltr'><strong>runt</strong></span> <span class='ocrx_word' id='word_1_608' title='bbox 485 5408 919 5479; x_wconf 81' lang='lat' dir='ltr'><strong>divinalargitio.</strong></span> <span class='ocrx_word' id='word_1_609' title='bbox 943 5412 1013 5462; x_wconf 85' lang='lat' dir='ltr'><strong>At</strong></span> <span class='ocrx_word' id='word_1_610' title='bbox 1034 5408 1122 5464; x_wconf 87' lang='lat' dir='ltr'><strong>ille</strong></span> <span class='ocrx_word' id='word_1_611' title='bbox 1171 5410 1423 5463; x_wconf 68' lang='lat' dir='ltr'><strong>universa.</strong></span> <span class='ocrx_word' id='word_1_612' title='bbox 1442 5409 1676 5476; x_wconf 87' lang='lat' dir='ltr'><strong>Christo,</strong></span> <span class='ocrx_word' id='word_1_613' title='bbox 1706 5412 1792 5480; x_wconf 90' lang='lat' dir='ltr'><strong>qui</strong></span> <span class='ocrx_word' id='word_1_614' title='bbox 1818 5425 1911 5467; x_wconf 87' lang='lat' dir='ltr'><strong>cu-</strong></span> 
     </span>
    </p>
   </div>
   <div class='ocr_carea' id='block_1_86' title="bbox 330 5500 1912 5570">
    <p class='ocr_par' dir='ltr' id='par_1_86' title="bbox 330 5500 1912 5570">
     <span class='ocr_line' id='line_1_86' title="bbox 330 5500 1912 5570; baseline 0.002 -14"><span class='ocrx_word' id='word_1_615' title='bbox 330 5512 447 5565; x_wconf 83' lang='lat' dir='ltr'><strong>rat,</strong></span> <span class='ocrx_word' id='word_1_616' title='bbox 478 5502 771 5566; x_wconf 80' lang='lat' dir='ltr'><strong>ascribens‘,</strong></span> <span class='ocrx_word' id='word_1_617' title='bbox 798 5515 922 5554; x_wconf 89' lang='lat' dir='ltr'><strong>usus</strong></span> <span class='ocrx_word' id='word_1_618' title='bbox 964 5509 1049 5555; x_wconf 87' lang='lat' dir='ltr'><strong>est</strong></span> <span class='ocrx_word' id='word_1_619' title='bbox 1087 5500 1248 5554; x_wconf 79' lang='lat' dir='ltr'><strong>aliato</strong></span> <span class='ocrx_word' id='word_1_620' title='bbox 1273 5501 1571 5570; x_wconf 88' lang='lat' dir='ltr'><strong>reciproco,</strong></span> <span class='ocrx_word' id='word_1_621' title='bbox 1599 5513 1651 5556; x_wconf 86' lang='lat' dir='ltr'><strong>et</strong></span> <span class='ocrx_word' id='word_1_622' title='bbox 1672 5502 1775 5556; x_wconf 88' lang='lat' dir='ltr'><strong>ait:</strong></span> <span class='ocrx_word' id='word_1_623' title='bbox 1807 5503 1912 5559; x_wconf 84' lang='lat' dir='ltr'><strong>No-</strong></span> 
     </span>
    </p>
   </div>
   <div class='ocr_carea' id='block_1_87' title="bbox 338 5590 1913 5662">
    <p class='ocr_par' dir='ltr' id='par_1_87' title="bbox 338 5590 1913 5662">
     <span class='ocr_line' id='line_1_87' title="bbox 338 5590 1913 5662; baseline 0.002 -17"><span class='ocrx_word' id='word_1_624' title='bbox 338 5593 439 5647; x_wconf 81' lang='lat' dir='ltr'><strong>lite</strong></span> <span class='ocrx_word' id='word_1_625' title='bbox 470 5607 554 5646; x_wconf 90' lang='lat' dir='ltr'><strong>tne</strong></span> <span class='ocrx_word' id='word_1_626' title='bbox 584 5601 771 5660; x_wconf 85' lang='lat' dir='ltr'><strong>putare</strong></span> <span class='ocrx_word' id='word_1_627' title='bbox 819 5590 900 5645; x_wconf 88' lang='lat' dir='ltr'><strong>his</strong></span> <span class='ocrx_word' id='word_1_628' title='bbox 946 5592 1227 5646; x_wconf 86' lang='lat' dir='ltr'><strong>sanitatem</strong></span> <span class='ocrx_word' id='word_1_629' title='bbox 1276 5591 1511 5659; x_wconf 89' lang='lat' dir='ltr'><strong>dedisse,</strong></span> <span class='ocrx_word' id='word_1_630' title='bbox 1543 5591 1789 5648; x_wconf 89' lang='lat' dir='ltr'><strong>Christus</strong></span> <span class='ocrx_word' id='word_1_631' title='bbox 1820 5609 1913 5662; x_wconf 89' lang='lat' dir='ltr'><strong>per</strong></span> 
     </span>
    </p>
   </div>
   <div class='ocr_carea' id='block_1_88' title="bbox 332 5681 1911 5753">
    <p class='ocr_par' dir='ltr' id='par_1_88' title="bbox 332 5681 1911 5753">
     <span class='ocr_line' id='line_1_88' title="bbox 332 5681 1911 5753; baseline -0.001 -15"><span class='ocrx_word' id='word_1_632' title='bbox 332 5698 528 5738; x_wconf 78' lang='lat' dir='ltr'><strong>servos</strong></span> <span class='ocrx_word' id='word_1_633' title='bbox 556 5697 684 5738; x_wconf 84' lang='lat' dir='ltr'><strong>suos</strong></span> <span class='ocrx_word' id='word_1_634' title='bbox 708 5682 830 5739; x_wconf 82' lang='lat' dir='ltr'><strong>facit</strong></span> <span class='ocrx_word' id='word_1_635' title='bbox 852 5681 950 5736; x_wconf 87' lang='lat' dir='ltr'><strong>ista</strong></span> <span class='ocrx_word' id='word_1_636' title='bbox 982 5683 1257 5737; x_wconf 86' lang='lat' dir='ltr'><strong>miracula.</strong></span> <span class='ocrx_word' id='word_1_637' title='bbox 1289 5683 1503 5739; x_wconf 86' lang='lat' dir='ltr'><strong>Credite</strong></span> <span class='ocrx_word' id='word_1_638' title='bbox 1530 5692 1585 5739; x_wconf 90' lang='lat' dir='ltr'><strong>et</strong></span> <span class='ocrx_word' id='word_1_639' title='bbox 1612 5699 1727 5753; x_wconf 90' lang='lat' dir='ltr'><strong>vos,</strong></span> <span class='ocrx_word' id='word_1_640' title='bbox 1759 5693 1813 5739; x_wconf 92' lang='lat' dir='ltr'><strong>et</strong></span> <span class='ocrx_word' id='word_1_641' title='bbox 1832 5686 1911 5738; x_wconf 86' lang='lat' dir='ltr'><strong>vi-</strong></span> 
     </span>
    </p>
   </div>
   <div class='ocr_carea' id='block_1_89' title="bbox 340 5774 1913 5851">
    <p class='ocr_par' dir='ltr' id='par_1_89' title="bbox 340 5774 1913 5851">
     <span class='ocr_line' id='line_1_89' title="bbox 340 5774 1913 5851; baseline 0.002 -19"><span class='ocrx_word' id='word_1_642' title='bbox 340 5775 542 5834; x_wconf 79' lang='lat' dir='ltr'><strong>debitis</strong></span> <span class='ocrx_word' id='word_1_643' title='bbox 594 5774 717 5848; x_wconf 86' lang='lat' dir='ltr'><strong>quia</strong></span> <span class='ocrx_word' id='word_1_644' title='bbox 746 5776 933 5834; x_wconf 85' lang='lat' dir='ltr'><strong>devota</strong></span> <span class='ocrx_word' id='word_1_645' title='bbox 962 5776 1068 5831; x_wconf 89' lang='lat' dir='ltr'><strong>Deo</strong></span> <span class='ocrx_word' id='word_1_646' title='bbox 1091 5776 1243 5847; x_wconf 78' lang='lat' dir='ltr'><strong>ﬁdes,</strong></span> <span class='ocrx_word' id='word_1_647' title='bbox 1274 5792 1379 5836; x_wconf 88' lang='lat' dir='ltr'><strong>non</strong></span> <span class='ocrx_word' id='word_1_648' title='bbox 1403 5777 1717 5851; x_wconf 67' lang='lat' dir='ltr'><strong>eloquentia</strong></span> <span class='ocrx_word' id='word_1_649' title='bbox 1750 5793 1913 5835; x_wconf 86' lang='lat' dir='ltr'><strong>vanus</strong></span> 
     </span>
    </p>
   </div>
   <div class='ocr_carea' id='block_1_90' title="bbox 2011 3272 3580 3345">
    <p class='ocr_par' dir='ltr' id='par_1_90' title="bbox 2011 3272 3580 3345">
     <span class='ocr_line' id='line_1_90' title="bbox 2011 3272 3580 3345; baseline 0.009 -23"><span class='ocrx_word' id='word_1_650' title='bbox 2011 3282 2169 3337; x_wconf 89' lang='lat' dir='ltr'><strong>gnam</strong></span> <span class='ocrx_word' id='word_1_651' title='bbox 2229 3278 2473 3337; x_wconf 89' lang='lat' dir='ltr'><strong>putarent</strong></span> <span class='ocrx_word' id='word_1_652' title='bbox 2534 3272 2731 3339; x_wconf 80' lang='lat' dir='ltr'><strong>regiam</strong></span> <span class='ocrx_word' id='word_1_653' title='bbox 2798 3281 3242 3339; x_wconf 80' lang='lat' dir='ltr'><strong>potestatein,ue</strong></span> <span class='ocrx_word' id='word_1_654' title='bbox 3302 3284 3580 3345; x_wconf 74' lang='lat' dir='ltr'><strong>przescntis</strong></span> 
     </span>
    </p>
   </div>
   <div class='ocr_carea' id='block_1_91' title="bbox 2012 3361 3579 3433">
    <p class='ocr_par' dir='ltr' id='par_1_91' title="bbox 2012 3361 3579 3433">
     <span class='ocr_line' id='line_1_91' title="bbox 2012 3361 3579 3433; baseline 0.008 -18"><span class='ocrx_word' id='word_1_655' title='bbox 2012 3362 2188 3416; x_wconf 85' lang='lat' dir='ltr'><strong>carnis</strong></span> <span class='ocrx_word' id='word_1_656' title='bbox 2216 3361 2442 3431; x_wconf 89' lang='lat' dir='ltr'><strong>imperio</strong></span> <span class='ocrx_word' id='word_1_657' title='bbox 2475 3371 2758 3433; x_wconf 75' lang='lat' dir='ltr'><strong>tumentes,</strong></span> <span class='ocrx_word' id='word_1_658' title='bbox 2793 3373 2848 3419; x_wconf 88' lang='lat' dir='ltr'><strong>et</strong></span> <span class='ocrx_word' id='word_1_659' title='bbox 2874 3379 2933 3419; x_wconf 86' lang='lat' dir='ltr'><strong>se</strong></span> <span class='ocrx_word' id='word_1_660' title='bbox 2966 3364 3203 3420; x_wconf 85' lang='lat' dir='ltr'><strong>homines</strong></span> <span class='ocrx_word' id='word_1_661' title='bbox 3234 3382 3356 3424; x_wconf 84' lang='lat' dir='ltr'><strong>esse</strong></span> <span class='ocrx_word' id='word_1_662' title='bbox 3403 3372 3579 3427; x_wconf 83' lang='lat' dir='ltr'><strong>uesci-</strong></span> 
     </span>
    </p>
   </div>
   <div class='ocr_carea' id='block_1_92' title="bbox 2011 3453 3581 3532">
    <p class='ocr_par' dir='ltr' id='par_1_92' title="bbox 2011 3453 3581 3532">
     <span class='ocr_line' id='line_1_92' title="bbox 2011 3453 3581 3532; baseline 0.002 -25"><span class='ocrx_word' id='word_1_663' title='bbox 2011 3462 2152 3520; x_wconf 88' lang='lat' dir='ltr'><strong>rent,</strong></span> <span class='ocrx_word' id='word_1_664' title='bbox 2191 3462 2246 3508; x_wconf 93' lang='lat' dir='ltr'><strong>et</strong></span> <span class='ocrx_word' id='word_1_665' title='bbox 2262 3453 2579 3523; x_wconf 87' lang='lat' dir='ltr'><strong>judicandos</strong></span> <span class='ocrx_word' id='word_1_666' title='bbox 2600 3470 2629 3507; x_wconf 91' lang='lat' dir='ltr'><strong>a</strong></span> <span class='ocrx_word' id='word_1_667' title='bbox 2655 3453 2864 3509; x_wconf 86' lang='lat' dir='ltr'><strong>Christo</strong></span> <span class='ocrx_word' id='word_1_668' title='bbox 2894 3455 3360 3525; x_wconf 88' lang='lat' dir='ltr'><strong>obliviscerentur;</strong></span> <span class='ocrx_word' id='word_1_669' title='bbox 3389 3462 3454 3515; x_wconf 88' lang='lat' dir='ltr'><strong>ad</strong></span> <span class='ocrx_word' id='word_1_670' title='bbox 3495 3478 3581 3532; x_wconf 90' lang='lat' dir='ltr'><strong>po.</strong></span> 
     </span>
    </p>
   </div>
   <div class='ocr_carea' id='block_1_93' title="bbox 2011 3548 3580 3621">
    <p class='ocr_par' dir='ltr' id='par_1_93' title="bbox 2011 3548 3580 3621">
     <span class='ocr_line' id='line_1_93' title="bbox 2011 3548 3580 3621; baseline 0.009 -22"><span class='ocrx_word' id='word_1_671' title='bbox 2011 3554 2289 3612; x_wconf 88' lang='lat' dir='ltr'><strong>stremum,</strong></span> <span class='ocrx_word' id='word_1_672' title='bbox 2310 3548 2606 3603; x_wconf 79' lang='lat' dir='ltr'><strong>clementiae</strong></span> <span class='ocrx_word' id='word_1_673' title='bbox 2634 3551 2772 3604; x_wconf 91' lang='lat' dir='ltr'><strong>circa</strong></span> <span class='ocrx_word' id='word_1_674' title='bbox 2799 3550 3068 3619; x_wconf 81' lang='lat' dir='ltr'><strong>subjectos</strong></span> <span class='ocrx_word' id='word_1_675' title='bbox 3096 3562 3149 3606; x_wconf 90' lang='lat' dir='ltr'><strong>et</strong></span> <span class='ocrx_word' id='word_1_676' title='bbox 3169 3552 3409 3621; x_wconf 74' lang='lat' dir='ltr'><strong>justitize,</strong></span> <span class='ocrx_word' id='word_1_677' title='bbox 3436 3572 3580 3612; x_wconf 73' lang='lat' dir='ltr'><strong>curto</strong></span> 
     </span>
    </p>
   </div>
   <div class='ocr_carea' id='block_1_94' title="bbox 2011 3638 3581 3714">
    <p class='ocr_par' dir='ltr' id='par_1_94' title="bbox 2011 3638 3581 3714">
     <span class='ocr_line' id='line_1_94' title="bbox 2011 3638 3581 3714; baseline 0.01 -26"><span class='ocrx_word' id='word_1_678' title='bbox 2011 3650 2219 3706; x_wconf 78' lang='lat' dir='ltr'><strong>quoque</strong></span> <span class='ocrx_word' id='word_1_679' title='bbox 2244 3638 2456 3706; x_wconf 90' lang='lat' dir='ltr'><strong>inopum</strong></span> <span class='ocrx_word' id='word_1_680' title='bbox 2500 3638 2795 3704; x_wconf 89' lang='lat' dir='ltr'><strong>admonuit,</strong></span> <span class='ocrx_word' id='word_1_681' title='bbox 2822 3653 2980 3711; x_wconf 89' lang='lat' dir='ltr'><strong>atque</strong></span> <span class='ocrx_word' id='word_1_682' title='bbox 3009 3658 3169 3696; x_wconf 91' lang='lat' dir='ltr'><strong>unum</strong></span> <span class='ocrx_word' id='word_1_683' title='bbox 3195 3647 3581 3714; x_wconf 84' lang='lat' dir='ltr'><strong>sempiternum</strong></span> 
     </span>
    </p>
   </div>
   <div class='ocr_carea' id='block_1_95' title="bbox 1948 3718 3586 3799">
    <p class='ocr_par' dir='ltr' id='par_1_95' title="bbox 1948 3718 3586 3799">
     <span class='ocr_line' id='line_1_95' title="bbox 1948 3718 3586 3799; baseline 0.011 -19"><span class='ocrx_word' id='word_1_684' title='bbox 1948 3718 1963 3735; x_wconf 35' lang='grc' dir='ltr'><strong>κ</strong></span> <span class='ocrx_word' id='word_1_685' title='bbox 2010 3741 2131 3782; x_wconf 89' lang='lat' dir='ltr'><strong>esse</strong></span> <span class='ocrx_word' id='word_1_686' title='bbox 2186 3728 2381 3798; x_wconf 75' lang='lat' dir='ltr'><strong>Regem</strong></span> <span class='ocrx_word' id='word_1_687' title='bbox 2428 3732 2664 3784; x_wconf 88' lang='lat' dir='ltr'><strong>omnium</strong></span> <span class='ocrx_word' id='word_1_688' title='bbox 2712 3733 3025 3799; x_wconf 65' lang='lat' dir='ltr'><strong>saeculorum</strong></span> <span class='ocrx_word' id='word_1_689' title='bbox 3087 3733 3267 3789; x_wconf 86' lang='lat' dir='ltr'><strong>Jesutn</strong></span> <span class='ocrx_word' id='word_1_690' title='bbox 3317 3740 3586 3799; x_wconf 80' lang='lat' dir='ltr'><strong>Christum</strong></span> 
     </span>
    </p>
   </div>
   <div class='ocr_carea' id='block_1_96' title="bbox 2011 3820 3588 3898">
    <p class='ocr_par' dir='ltr' id='par_1_96' title="bbox 2011 3820 3588 3898">
     <span class='ocr_line' id='line_1_96' title="bbox 2011 3820 3588 3898; baseline 0.009 -25"><span class='ocrx_word' id='word_1_691' title='bbox 2011 3820 2251 3890; x_wconf 89' lang='lat' dir='ltr'><strong>epistolis</strong></span> <span class='ocrx_word' id='word_1_692' title='bbox 2296 3832 2517 3876; x_wconf 88' lang='lat' dir='ltr'><strong>testatus</strong></span> <span class='ocrx_word' id='word_1_693' title='bbox 2546 3830 2645 3877; x_wconf 87' lang='lat' dir='ltr'><strong>est.</strong></span> <span class='ocrx_word' id='word_1_694' title='bbox 2678 3823 2774 3878; x_wconf 87' lang='lat' dir='ltr'><strong>llis</strong></span> <span class='ocrx_word' id='word_1_695' title='bbox 2822 3825 3084 3894; x_wconf 83' lang='lat' dir='ltr'><strong>principes</strong></span> <span class='ocrx_word' id='word_1_696' title='bbox 3126 3831 3389 3898; x_wconf 81' lang='lat' dir='ltr'><strong>susceptis</strong></span> <span class='ocrx_word' id='word_1_697' title='bbox 3420 3833 3588 3887; x_wconf 84' lang='lat' dir='ltr'><strong>vehe-</strong></span> 
     </span>
    </p>
   </div>
   <div class='ocr_carea' id='block_1_97' title="bbox 2010 3914 3586 3988">
    <p class='ocr_par' dir='ltr' id='par_1_97' title="bbox 2010 3914 3586 3988">
     <span class='ocr_line' id='line_1_97' title="bbox 2010 3914 3586 3988; baseline 0.007 -22"><span class='ocrx_word' id='word_1_698' title='bbox 2010 3914 2339 3967; x_wconf 85' lang='lat' dir='ltr'><strong>mentissime</strong></span> <span class='ocrx_word' id='word_1_699' title='bbox 2367 3914 2707 3968; x_wconf 70' lang='lat' dir='ltr'><strong>laetabantur.</strong></span> <span class='ocrx_word' id='word_1_700' title='bbox 2738 3915 2931 3969; x_wconf 86' lang='lat' dir='ltr'><strong>Sancta</strong></span> <span class='ocrx_word' id='word_1_701' title='bbox 2962 3932 3173 3986; x_wconf 88' lang='lat' dir='ltr'><strong>quoque</strong></span> <span class='ocrx_word' id='word_1_702' title='bbox 3202 3922 3339 3988; x_wconf 88' lang='lat' dir='ltr'><strong>apud</strong></span> <span class='ocrx_word' id='word_1_703' title='bbox 3368 3934 3586 3978; x_wconf 85' lang='lat' dir='ltr'><strong>cunctos</strong></span> 
     </span>
    </p>
   </div>
   <div class='ocr_carea' id='block_1_98' title="bbox 2012 4003 3586 4081">
    <p class='ocr_par' dir='ltr' id='par_1_98' title="bbox 2012 4003 3586 4081">
     <span class='ocr_line' id='line_1_98' title="bbox 2012 4003 3586 4081; baseline 0.007 -23"><span class='ocrx_word' id='word_1_704' title='bbox 2012 4005 2228 4059; x_wconf 85' lang='lat' dir='ltr'><strong>Antonii</strong></span> <span class='ocrx_word' id='word_1_705' title='bbox 2260 4003 2513 4074; x_wconf 84' lang='lat' dir='ltr'><strong>ﬂagrabat</strong></span> <span class='ocrx_word' id='word_1_706' title='bbox 2538 4008 2734 4073; x_wconf 88' lang='lat' dir='ltr'><strong>opinio,</strong></span> <span class='ocrx_word' id='word_1_707' title='bbox 2766 4008 2836 4062; x_wconf 91' lang='lat' dir='ltr'><strong>ita</strong></span> <span class='ocrx_word' id='word_1_708' title='bbox 2859 4018 2916 4061; x_wconf 92' lang='lat' dir='ltr'><strong>ut</strong></span> <span class='ocrx_word' id='word_1_709' title='bbox 2945 4007 3059 4077; x_wconf 78' lang='lat' dir='ltr'><strong>ejus</strong></span> <span class='ocrx_word' id='word_1_710' title='bbox 3089 4024 3147 4063; x_wconf 90' lang='lat' dir='ltr'><strong>se</strong></span> <span class='ocrx_word' id='word_1_711' title='bbox 3172 4011 3308 4065; x_wconf 79' lang='lat' dir='ltr'><strong>tilios</strong></span> <span class='ocrx_word' id='word_1_712' title='bbox 3328 4026 3586 4081; x_wconf 88' lang='lat' dir='ltr'><strong>cuperent</strong></span> 
     </span>
    </p>
   </div>
   <div class='ocr_carea' id='block_1_99' title="bbox 2010 4095 3585 4166">
    <p class='ocr_par' dir='ltr' id='par_1_99' title="bbox 2010 4095 3585 4166">
     <span class='ocr_line' id='line_1_99' title="bbox 2010 4095 3585 4166; baseline 0.01 -18"><span class='ocrx_word' id='word_1_713' title='bbox 2010 4095 2295 4149; x_wconf 85' lang='lat' dir='ltr'><strong>nominari.</strong></span> <span class='ocrx_word' id='word_1_714' title='bbox 2323 4096 2509 4166; x_wconf 83' lang='lat' dir='ltr'><strong>Magna</strong></span> <span class='ocrx_word' id='word_1_715' title='bbox 2539 4096 2734 4152; x_wconf 88' lang='lat' dir='ltr'><strong>etenim</strong></span> <span class='ocrx_word' id='word_1_716' title='bbox 2764 4112 2883 4153; x_wconf 87' lang='lat' dir='ltr'><strong>cum</strong></span> <span class='ocrx_word' id='word_1_717' title='bbox 2915 4100 3324 4158; x_wconf 80' lang='lat' dir='ltr'><strong>advenientibus</strong></span> <span class='ocrx_word' id='word_1_718' title='bbox 3355 4106 3585 4164; x_wconf 65' lang='grc' dir='ltr'><strong>εισιὺίιί-</strong></span> 
     </span>
    </p>
   </div>
   <div class='ocr_carea' id='block_1_100' title="bbox 2010 4193 3144 4252">
    <p class='ocr_par' dir='ltr' id='par_1_100' title="bbox 2010 4193 3144 4252">
     <span class='ocr_line' id='line_1_100' title="bbox 2010 4193 3144 4252; baseline 0.008 -9"><span class='ocrx_word' id='word_1_719' title='bbox 2010 4197 2091 4243; x_wconf 88' lang='lat' dir='ltr'><strong>tas</strong></span> <span class='ocrx_word' id='word_1_720' title='bbox 2119 4193 2353 4245; x_wconf 90' lang='lat' dir='ltr'><strong>utnnium</strong></span> <span class='ocrx_word' id='word_1_721' title='bbox 2377 4193 2430 4246; x_wconf 93' lang='lat' dir='ltr'><strong>in</strong></span> <span class='ocrx_word' id='word_1_722' title='bbox 2452 4206 2509 4247; x_wconf 87' lang='lat' dir='ltr'><strong>se</strong></span> <span class='ocrx_word' id='word_1_723' title='bbox 2532 4193 2763 4247; x_wconf 88' lang='lat' dir='ltr'><strong>studium</strong></span> <span class='ocrx_word' id='word_1_724' title='bbox 2788 4205 3144 4252; x_wconf 86' lang='lat' dir='ltr'><strong>converterat.</strong></span> 
     </span>
    </p>
   </div>
   <div class='ocr_carea' id='block_1_101' title="bbox 2078 4302 3585 4387">
    <p class='ocr_par' dir='ltr' id='par_1_101' title="bbox 2078 4302 3585 4387">
     <span class='ocr_line' id='line_1_101' title="bbox 2078 4302 3585 4387; baseline 0.009 -29"><span class='ocrx_word' id='word_1_725' title='bbox 2078 4302 2202 4358; x_wconf 63' lang='lat' dir='ltr'><strong>Car.</strong></span> <span class='ocrx_word' id='word_1_726' title='bbox 2221 4304 2305 4359; x_wconf 66' lang='grc' dir='ltr'><strong>ιι.</strong></span> <span class='ocrx_word' id='word_1_727' title='bbox 2328 4306 2684 4377; x_wconf 82' lang='lat' dir='ltr'><strong>—Postquam</strong></span> <span class='ocrx_word' id='word_1_728' title='bbox 2710 4323 2837 4378; x_wconf 87' lang='lat' dir='ltr'><strong>ergo</strong></span> <span class='ocrx_word' id='word_1_729' title='bbox 2860 4310 3083 4379; x_wconf 83' lang='lat' dir='ltr'><strong>gentiles</strong></span> <span class='ocrx_word' id='word_1_730' title='bbox 3108 4312 3361 4367; x_wconf 84' lang='lat' dir='ltr'><strong>conftttati</strong></span> <span class='ocrx_word' id='word_1_731' title='bbox 3379 4356 3394 4381; x_wconf 96' lang='lat'><strong>,</strong></span> <span class='ocrx_word' id='word_1_732' title='bbox 3423 4329 3585 4387; x_wconf 85' lang='lat' dir='ltr'><strong>reges</strong></span> 
     </span>
    </p>
   </div>
   <div class='ocr_carea' id='block_1_102' title="bbox 2008 4395 3579 4471">
    <p class='ocr_par' dir='ltr' id='par_1_102' title="bbox 2008 4395 3579 4471">
     <span class='ocr_line' id='line_1_102' title="bbox 2008 4395 3579 4471; baseline 0.009 -24"><span class='ocrx_word' id='word_1_733' title='bbox 2008 4395 2491 4461; x_wconf 76' lang='lat' dir='ltr'><strong>atlmoniti,fratres</strong></span> <span class='ocrx_word' id='word_1_734' title='bbox 2531 4400 2599 4453; x_wconf 87' lang='lat' dir='ltr'><strong>ab</strong></span> <span class='ocrx_word' id='word_1_735' title='bbox 2619 4414 2682 4453; x_wconf 86' lang='lat' dir='ltr'><strong>eo</strong></span> <span class='ocrx_word' id='word_1_736' title='bbox 2698 4411 2822 4455; x_wconf 90' lang='lat' dir='ltr'><strong>sunt</strong></span> <span class='ocrx_word' id='word_1_737' title='bbox 2860 4402 3223 4457; x_wconf 72' lang='lat' dir='ltr'><strong>consolatione</strong></span> <span class='ocrx_word' id='word_1_738' title='bbox 3254 4406 3490 4471; x_wconf 87' lang='lat' dir='ltr'><strong>rclevati,</strong></span> <span class='ocrx_word' id='word_1_739' title='bbox 3513 4408 3579 4461; x_wconf 86' lang='lat' dir='ltr'><strong>ad</strong></span> 
     </span>
    </p>
   </div>
   <div class='ocr_carea' id='block_1_103' title="bbox 2008 4487 3584 4567">
    <p class='ocr_par' dir='ltr' id='par_1_103' title="bbox 2008 4487 3584 4567">
     <span class='ocr_line' id='line_1_103' title="bbox 2008 4487 3584 4567; baseline 0.008 -26"><span class='ocrx_word' id='word_1_740' title='bbox 2008 4487 2313 4543; x_wconf 90' lang='lat' dir='ltr'><strong>interiorem</strong></span> <span class='ocrx_word' id='word_1_741' title='bbox 2328 4499 2559 4544; x_wconf 89' lang='lat' dir='ltr'><strong>montem</strong></span> <span class='ocrx_word' id='word_1_742' title='bbox 2574 4490 2592 4562; x_wconf 93' lang='lat'><strong>(</strong></span> <span class='ocrx_word' id='word_1_743' title='bbox 2603 4492 2622 4545; x_wconf 84' lang='lat' dir='ltr'><strong>l</strong></span> <span class='ocrx_word' id='word_1_744' title='bbox 2637 4494 2654 4544; x_wconf 86' lang='lat' dir='ltr'><strong>l</strong></span> <span class='ocrx_word' id='word_1_745' title='bbox 2667 4492 2721 4559; x_wconf 72' lang='grc'><strong>4)</strong></span> <span class='ocrx_word' id='word_1_746' title='bbox 2747 4501 2802 4545; x_wconf 91' lang='lat' dir='ltr'><strong>et</strong></span> <span class='ocrx_word' id='word_1_747' title='bbox 2820 4492 2885 4546; x_wconf 89' lang='lat' dir='ltr'><strong>ad</strong></span> <span class='ocrx_word' id='word_1_748' title='bbox 2904 4493 3129 4563; x_wconf 82' lang='lat' dir='ltr'><strong>rigorem</strong></span> <span class='ocrx_word' id='word_1_749' title='bbox 3145 4496 3357 4550; x_wconf 89' lang='lat' dir='ltr'><strong>solitum</strong></span> <span class='ocrx_word' id='word_1_750' title='bbox 3374 4513 3584 4567; x_wconf 83' lang='lat' dir='ltr'><strong>regres-</strong></span> 
     </span>
    </p>
   </div>
   <div class='ocr_carea' id='block_1_104' title="bbox 2009 4581 3579 4651">
    <p class='ocr_par' dir='ltr' id='par_1_104' title="bbox 2009 4581 3579 4651">
     <span class='ocr_line' id='line_1_104' title="bbox 2009 4581 3579 4651; baseline 0.01 -17"><span class='ocrx_word' id='word_1_751' title='bbox 2009 4594 2101 4634; x_wconf 91' lang='lat' dir='ltr'><strong>sus</strong></span> <span class='ocrx_word' id='word_1_752' title='bbox 2115 4590 2228 4647; x_wconf 89' lang='lat' dir='ltr'><strong>est,</strong></span> <span class='ocrx_word' id='word_1_753' title='bbox 2252 4581 2426 4651; x_wconf 86' lang='lat' dir='ltr'><strong>ibique</strong></span> <span class='ocrx_word' id='word_1_754' title='bbox 2440 4598 2584 4651; x_wconf 70' lang='lat' dir='ltr'><strong>saepe</strong></span> <span class='ocrx_word' id='word_1_755' title='bbox 2605 4598 2723 4638; x_wconf 92' lang='lat' dir='ltr'><strong>cum</strong></span> <span class='ocrx_word' id='word_1_756' title='bbox 2742 4584 3135 4642; x_wconf 82' lang='lat' dir='ltr'><strong>introeuntibus</strong></span> <span class='ocrx_word' id='word_1_757' title='bbox 3146 4590 3490 4645; x_wconf 84' lang='lat' dir='ltr'><strong>deambulans</strong></span> <span class='ocrx_word' id='word_1_758' title='bbox 3515 4608 3579 4649; x_wconf 88' lang='lat' dir='ltr'><strong>ac</strong></span> 
     </span>
    </p>
   </div>
   <div class='ocr_carea' id='block_1_105' title="bbox 2008 4671 3578 4749">
    <p class='ocr_par' dir='ltr' id='par_1_105' title="bbox 2008 4671 3578 4749">
     <span class='ocr_line' id='line_1_105' title="bbox 2008 4671 3578 4749; baseline 0.009 -26"><span class='ocrx_word' id='word_1_759' title='bbox 2008 4671 2246 4725; x_wconf 84' lang='lat' dir='ltr'><strong>residens</strong></span> <span class='ocrx_word' id='word_1_760' title='bbox 2266 4674 2700 4741; x_wconf 83' lang='lat' dir='ltr'><strong>stupebat,sicuti</strong></span> <span class='ocrx_word' id='word_1_761' title='bbox 2719 4677 2771 4729; x_wconf 93' lang='lat' dir='ltr'><strong>in</strong></span> <span class='ocrx_word' id='word_1_762' title='bbox 2800 4676 3014 4731; x_wconf 88' lang='lat' dir='ltr'><strong>Daniele</strong></span> <span class='ocrx_word' id='word_1_763' title='bbox 3038 4681 3297 4747; x_wconf 87' lang='lat' dir='ltr'><strong>scriptum</strong></span> <span class='ocrx_word' id='word_1_764' title='bbox 3316 4680 3578 4749; x_wconf 81' lang='lat' dir='ltr'><strong>est(0an.</strong></span> 
     </span>
    </p>
   </div>
   <div class='ocr_carea' id='block_1_106' title="bbox 2008 4765 3577 4840">
    <p class='ocr_par' dir='ltr' id='par_1_106' title="bbox 2008 4765 3577 4840">
     <span class='ocr_line' id='line_1_106' title="bbox 2008 4765 3577 4840; baseline 0.01 -25"><span class='ocrx_word' id='word_1_765' title='bbox 2008 4768 2156 4830; x_wconf 79' lang='lat' dir='ltr'><strong>vui);</strong></span> <span class='ocrx_word' id='word_1_766' title='bbox 2186 4772 2241 4818; x_wconf 91' lang='lat' dir='ltr'><strong>et</strong></span> <span class='ocrx_word' id='word_1_767' title='bbox 2267 4765 2557 4833; x_wconf 86' lang='lat' dir='ltr'><strong>interjectis</strong></span> <span class='ocrx_word' id='word_1_768' title='bbox 2578 4766 2825 4821; x_wconf 76' lang='lat' dir='ltr'><strong>horarum</strong></span> <span class='ocrx_word' id='word_1_769' title='bbox 2844 4770 3049 4838; x_wconf 72' lang='lat' dir='ltr'><strong>spitiis,</strong></span> <span class='ocrx_word' id='word_1_770' title='bbox 3079 4777 3461 4840; x_wconf 79' lang='lat' dir='ltr'><strong>consequentia</strong></span> <span class='ocrx_word' id='word_1_771' title='bbox 3493 4791 3577 4831; x_wconf 79' lang='lat' dir='ltr'><strong>re-</strong></span> 
     </span>
    </p>
   </div>
   <div class='ocr_carea' id='block_1_107' title="bbox 2009 4854 3582 4928">
    <p class='ocr_par' dir='ltr' id='par_1_107' title="bbox 2009 4854 3582 4928">
     <span class='ocr_line' id='line_1_107' title="bbox 2009 4854 3582 4928; baseline 0.008 -20"><span class='ocrx_word' id='word_1_772' title='bbox 2009 4854 2325 4923; x_wconf 85' lang='lat' dir='ltr'><strong>spondebat,</strong></span> <span class='ocrx_word' id='word_1_773' title='bbox 2354 4865 2409 4911; x_wconf 92' lang='lat' dir='ltr'><strong>ut</strong></span> <span class='ocrx_word' id='word_1_774' title='bbox 2439 4857 3007 4928; x_wconf 87' lang='lat' dir='ltr'><strong>intelligereturaliqua</strong></span> <span class='ocrx_word' id='word_1_775' title='bbox 3032 4862 3372 4917; x_wconf 82' lang='lat' dir='ltr'><strong>revelationis</strong></span> <span class='ocrx_word' id='word_1_776' title='bbox 3386 4865 3582 4921; x_wconf 88' lang='lat' dir='ltr'><strong>vidisse</strong></span> 
     </span>
    </p>
   </div>
   <div class='ocr_carea' id='block_1_108' title="bbox 2011 4945 3587 5026">
    <p class='ocr_par' dir='ltr' id='par_1_108' title="bbox 2011 4945 3587 5026">
     <span class='ocr_line' id='line_1_108' title="bbox 2011 4945 3587 5026; baseline 0.008 -28"><span class='ocrx_word' id='word_1_777' title='bbox 2011 4953 2234 4999; x_wconf 83' lang='lat' dir='ltr'><strong>secreta.</strong></span> <span class='ocrx_word' id='word_1_778' title='bbox 2265 4945 2398 5000; x_wconf 86' lang='lat' dir='ltr'><strong>Nam</strong></span> <span class='ocrx_word' id='word_1_779' title='bbox 2425 4945 2549 5000; x_wconf 88' lang='lat' dir='ltr'><strong>etin</strong></span> <span class='ocrx_word' id='word_1_780' title='bbox 2573 4957 2753 5003; x_wconf 91' lang='lat' dir='ltr'><strong>monte</strong></span> <span class='ocrx_word' id='word_1_781' title='bbox 2786 4948 3010 5017; x_wconf 83' lang='lat' dir='ltr'><strong>positus,</strong></span> <span class='ocrx_word' id='word_1_782' title='bbox 3044 4966 3103 5005; x_wconf 89' lang='lat' dir='ltr'><strong>ea</strong></span> <span class='ocrx_word' id='word_1_783' title='bbox 3134 4967 3251 5020; x_wconf 74' lang='lat' dir='ltr'><strong>qua:</strong></span> <span class='ocrx_word' id='word_1_784' title='bbox 3275 4952 3325 5006; x_wconf 89' lang='lat' dir='ltr'><strong>in</strong></span> <span class='ocrx_word' id='word_1_785' title='bbox 3350 4951 3587 5026; x_wconf 63' lang='lat' dir='ltr'><strong>Egyptu</strong></span> 
     </span>
    </p>
   </div>
   <div class='ocr_carea' id='block_1_109' title="bbox 2012 5036 3587 5118">
    <p class='ocr_par' dir='ltr' id='par_1_109' title="bbox 2012 5036 3587 5118">
     <span class='ocr_line' id='line_1_109' title="bbox 2012 5036 3587 5118; baseline 0.01 -28"><span class='ocrx_word' id='word_1_786' title='bbox 2012 5036 2169 5107; x_wconf 87' lang='lat' dir='ltr'><strong>longe</strong></span> <span class='ocrx_word' id='word_1_787' title='bbox 2218 5039 2555 5107; x_wconf 88' lang='lat' dir='ltr'><strong>gerebantur,</strong></span> <span class='ocrx_word' id='word_1_788' title='bbox 2590 5043 2692 5114; x_wconf 81' lang='lat'><strong>57</strong></span> <span class='ocrx_word' id='word_1_789' title='bbox 2750 5043 3048 5111; x_wconf 63' lang='lat' dir='ltr'><strong>praevidens</strong></span> <span class='ocrx_word' id='word_1_790' title='bbox 3078 5087 3094 5113; x_wconf 92' lang='lat'><strong>,</strong></span> <span class='ocrx_word' id='word_1_791' title='bbox 3127 5044 3379 5118; x_wconf 86' lang='lat' dir='ltr'><strong>episcopo</strong></span> <span class='ocrx_word' id='word_1_792' title='bbox 3431 5051 3587 5105; x_wconf 78' lang='lat' dir='ltr'><strong>Sera-</strong></span> 
     </span>
    </p>
   </div>
   <div class='ocr_carea' id='block_1_110' title="bbox 2013 5131 3028 5204">
    <p class='ocr_par' dir='ltr' id='par_1_110' title="bbox 2013 5131 3028 5204">
     <span class='ocr_line' id='line_1_110' title="bbox 2013 5131 3028 5204; baseline 0.008 -21"><span class='ocrx_word' id='word_1_793' title='bbox 2013 5131 2157 5195; x_wconf 84' lang='lat' dir='ltr'><strong>piuni</strong></span> <span class='ocrx_word' id='word_1_794' title='bbox 2182 5132 2332 5204; x_wconf 87' lang='grc'><strong>(115)</strong></span> <span class='ocrx_word' id='word_1_795' title='bbox 2357 5132 2427 5188; x_wconf 91' lang='lat' dir='ltr'><strong>ibi</strong></span> <span class='ocrx_word' id='word_1_796' title='bbox 2455 5136 2745 5189; x_wconf 88' lang='lat' dir='ltr'><strong>constituto</strong></span> <span class='ocrx_word' id='word_1_797' title='bbox 2776 5136 3028 5192; x_wconf 89' lang='lat' dir='ltr'><strong>narravit.</strong></span> 
     </span>
    </p>
   </div>
   <div class='ocr_carea' id='block_1_111' title="bbox 2087 5221 3587 5307">
    <p class='ocr_par' dir='ltr' id='par_1_111' title="bbox 2087 5221 3587 5307">
     <span class='ocr_line' id='line_1_111' title="bbox 2087 5221 3587 5307; baseline 0.009 -31"><span class='ocrx_word' id='word_1_798' title='bbox 2087 5221 2474 5278; x_wconf 86' lang='lat' dir='ltr'><strong>Lamentabilis</strong></span> <span class='ocrx_word' id='word_1_799' title='bbox 2504 5226 2747 5292; x_wconf 88' lang='lat' dir='ltr'><strong>sequitur</strong></span> <span class='ocrx_word' id='word_1_800' title='bbox 2777 5226 2916 5281; x_wconf 87' lang='lat' dir='ltr'><strong>visio</strong></span> <span class='ocrx_word' id='word_1_801' title='bbox 2949 5227 3130 5299; x_wconf 84' lang='grc'><strong>(116),</strong></span> <span class='ocrx_word' id='word_1_802' title='bbox 3162 5238 3215 5286; x_wconf 92' lang='lat' dir='ltr'><strong>et</strong></span> <span class='ocrx_word' id='word_1_803' title='bbox 3248 5233 3390 5287; x_wconf 84' lang='lat' dir='ltr'><strong>omni</strong></span> <span class='ocrx_word' id='word_1_804' title='bbox 3421 5234 3587 5307; x_wconf 80' lang='lat' dir='ltr'><strong>lacry-</strong></span> 
     </span>
    </p>
   </div>
   <div class='ocr_carea' id='block_1_112' title="bbox 2015 5315 3587 5385">
    <p class='ocr_par' dir='ltr' id='par_1_112' title="bbox 2015 5315 3587 5385">
     <span class='ocr_line' id='line_1_112' title="bbox 2015 5315 3587 5385; baseline 0.013 -20"><span class='ocrx_word' id='word_1_805' title='bbox 2015 5326 2221 5368; x_wconf 90' lang='lat' dir='ltr'><strong>marum</strong></span> <span class='ocrx_word' id='word_1_806' title='bbox 2247 5317 2391 5369; x_wconf 88' lang='lat' dir='ltr'><strong>fonte</strong></span> <span class='ocrx_word' id='word_1_807' title='bbox 2418 5315 2734 5384; x_wconf 86' lang='lat' dir='ltr'><strong>plangenda.</strong></span> <span class='ocrx_word' id='word_1_808' title='bbox 2759 5317 2892 5373; x_wconf 92' lang='lat' dir='ltr'><strong>Cum</strong></span> <span class='ocrx_word' id='word_1_809' title='bbox 2913 5321 3054 5375; x_wconf 88' lang='lat' dir='ltr'><strong>enim</strong></span> <span class='ocrx_word' id='word_1_810' title='bbox 3084 5322 3343 5382; x_wconf 85' lang='lat' dir='ltr'><strong>fratribus</strong></span> <span class='ocrx_word' id='word_1_811' title='bbox 3358 5328 3497 5383; x_wconf 89' lang='lat' dir='ltr'><strong>circa</strong></span> <span class='ocrx_word' id='word_1_812' title='bbox 3526 5345 3587 5385; x_wconf 89' lang='lat' dir='ltr'><strong>se</strong></span> 
     </span>
    </p>
   </div>
   <div class='ocr_carea' id='block_1_113' title="bbox 2015 5406 3586 5487">
    <p class='ocr_par' dir='ltr' id='par_1_113' title="bbox 2015 5406 3586 5487">
     <span class='ocr_line' id='line_1_113' title="bbox 2015 5406 3586 5487; baseline 0.011 -28"><span class='ocrx_word' id='word_1_813' title='bbox 2015 5406 2322 5463; x_wconf 88' lang='lat' dir='ltr'><strong>sedentibus</strong></span> <span class='ocrx_word' id='word_1_814' title='bbox 2344 5417 2679 5476; x_wconf 84' lang='lat' dir='ltr'><strong>operaretur,</strong></span> <span class='ocrx_word' id='word_1_815' title='bbox 2715 5412 2913 5468; x_wconf 88' lang='lat' dir='ltr'><strong>intente</strong></span> <span class='ocrx_word' id='word_1_816' title='bbox 2942 5414 3056 5469; x_wconf 74' lang='lat' dir='ltr'><strong>fixit</strong></span> <span class='ocrx_word' id='word_1_817' title='bbox 3076 5417 3262 5472; x_wconf 87' lang='lat' dir='ltr'><strong>oculos</strong></span> <span class='ocrx_word' id='word_1_818' title='bbox 3291 5420 3342 5473; x_wconf 87' lang='lat' dir='ltr'><strong>in</strong></span> <span class='ocrx_word' id='word_1_819' title='bbox 3372 5423 3586 5487; x_wconf 73' lang='lat' dir='ltr'><strong>uelum,</strong></span> 
     </span>
    </p>
   </div>
   <div class='ocr_carea' id='block_1_114' title="bbox 2015 5504 3586 5581">
    <p class='ocr_par' dir='ltr' id='par_1_114' title="bbox 2015 5504 3586 5581">
     <span class='ocr_line' id='line_1_114' title="bbox 2015 5504 3586 5581; baseline 0.008 -25"><span class='ocrx_word' id='word_1_820' title='bbox 2015 5515 2237 5571; x_wconf 81' lang='lat' dir='ltr'><strong>gemens</strong></span> <span class='ocrx_word' id='word_1_821' title='bbox 2262 5512 2421 5571; x_wconf 85' lang='lat' dir='ltr'><strong>atque</strong></span> <span class='ocrx_word' id='word_1_822' title='bbox 2447 5504 2749 5570; x_wconf 82' lang='lat' dir='ltr'><strong>suspirans;</strong></span> <span class='ocrx_word' id='word_1_823' title='bbox 2783 5515 2980 5576; x_wconf 88' lang='lat' dir='ltr'><strong>etpost</strong></span> <span class='ocrx_word' id='word_1_824' title='bbox 3006 5509 3330 5579; x_wconf 86' lang='lat' dir='ltr'><strong>aliquantum</strong></span> <span class='ocrx_word' id='word_1_825' title='bbox 3359 5515 3586 5581; x_wconf 87' lang='lat' dir='ltr'><strong>spatium</strong></span> 
     </span>
    </p>
   </div>
   <div class='ocr_carea' id='block_1_115' title="bbox 2017 5594 3589 5669">
    <p class='ocr_par' dir='ltr' id='par_1_115' title="bbox 2017 5594 3589 5669">
     <span class='ocr_line' id='line_1_115' title="bbox 2017 5594 3589 5669; baseline 0.007 -20"><span class='ocrx_word' id='word_1_826' title='bbox 2017 5594 2360 5649; x_wconf 87' lang='lat' dir='ltr'><strong>revelationis</strong></span> <span class='ocrx_word' id='word_1_827' title='bbox 2400 5595 2645 5664; x_wconf 60' lang='lat' dir='ltr'><strong>inemptas</strong></span> <span class='ocrx_word' id='word_1_828' title='bbox 2691 5599 2856 5653; x_wconf 86' lang='lat' dir='ltr'><strong>nimio</strong></span> <span class='ocrx_word' id='word_1_829' title='bbox 2893 5602 3078 5657; x_wconf 86' lang='lat' dir='ltr'><strong>dolore</strong></span> <span class='ocrx_word' id='word_1_830' title='bbox 3124 5606 3485 5669; x_wconf 86' lang='lat' dir='ltr'><strong>contremuit;</strong></span> <span class='ocrx_word' id='word_1_831' title='bbox 3533 5616 3589 5660; x_wconf 85' lang='lat' dir='ltr'><strong>et</strong></span> 
     </span>
    </p>
   </div>
   <div class='ocr_carea' id='block_1_116' title="bbox 2017 5686 3586 5762">
    <p class='ocr_par' dir='ltr' id='par_1_116' title="bbox 2017 5686 3586 5762">
     <span class='ocr_line' id='line_1_116' title="bbox 2017 5686 3586 5762; baseline 0.006 -24"><span class='ocrx_word' id='word_1_832' title='bbox 2017 5687 2194 5740; x_wconf 86' lang='lat' dir='ltr'><strong>statim</strong></span> <span class='ocrx_word' id='word_1_833' title='bbox 2251 5686 2368 5741; x_wconf 78' lang='lat' dir='ltr'><strong>fixis</strong></span> <span class='ocrx_word' id='word_1_834' title='bbox 2418 5688 2640 5757; x_wconf 85' lang='lat' dir='ltr'><strong>genibus</strong></span> <span class='ocrx_word' id='word_1_835' title='bbox 2686 5700 2810 5746; x_wconf 86' lang='lat' dir='ltr'><strong>ante</strong></span> <span class='ocrx_word' id='word_1_836' title='bbox 2875 5691 2968 5746; x_wconf 88' lang='lat' dir='ltr'><strong>Dei</strong></span> <span class='ocrx_word' id='word_1_837' title='bbox 3028 5693 3231 5748; x_wconf 89' lang='lat' dir='ltr'><strong>vultum</strong></span> <span class='ocrx_word' id='word_1_838' title='bbox 3281 5694 3586 5762; x_wconf 86' lang='lat' dir='ltr'><strong>provolutus</strong></span> 
     </span>
    </p>
   </div>
   <div class='ocr_carea' id='block_1_117' title="bbox 2018 5781 3584 5851">
    <p class='ocr_par' dir='ltr' id='par_1_117' title="bbox 2018 5781 3584 5851">
     <span class='ocr_line' id='line_1_117' title="bbox 2018 5781 3584 5851; baseline 0.006 -15"><span class='ocrx_word' id='word_1_839' title='bbox 2018 5781 2211 5851; x_wconf 88' lang='lat' dir='ltr'><strong>oravit,</strong></span> <span class='ocrx_word' id='word_1_840' title='bbox 2252 5790 2308 5837; x_wconf 90' lang='lat' dir='ltr'><strong>ut</strong></span> <span class='ocrx_word' id='word_1_841' title='bbox 2351 5782 2629 5841; x_wconf 85' lang='lat' dir='ltr'><strong>clementia</strong></span> <span class='ocrx_word' id='word_1_842' title='bbox 2678 5797 2769 5839; x_wconf 85' lang='lat' dir='ltr'><strong>sua</strong></span> <span class='ocrx_word' id='word_1_843' title='bbox 2817 5782 3049 5841; x_wconf 83' lang='lat' dir='ltr'><strong>futurum</strong></span> <span class='ocrx_word' id='word_1_844' title='bbox 3100 5786 3271 5841; x_wconf 84' lang='lat' dir='ltr'><strong>scelus</strong></span> <span class='ocrx_word' id='word_1_845' title='bbox 3302 5793 3584 5845; x_wconf 76' lang='lat' dir='ltr'><strong>averteret.</strong></span> 
     </span>
    </p>
   </div>
  </div>
