4002 6270
433 298 534 354 163
1457 304 1543 358 DE
1586 303 1759 360 VITIS
1797 303 2078 359 PATRUM
2105 303 2309 359 LIBER
2340 302 2609 359 PRIMUS.
3563 301 3668 361 101

435 413 736 467 Succedunt
776 410 1003 464 orationi
1047 412 1333 482 lacrytnai,
1364 422 1537 469 metus
1572 415 1758 485 ingens
1800 413 2003 472 invadit
2027 420 2079 479 Α
2107 424 2405 482 cesserunt,
2455 423 2511 469 et
2555 415 2619 469 ad
2665 413 2858 469 Christi
2906 416 3001 470 Dei
3052 416 3216 472 noetri
3258 419 3675 475 nominationem

432 516 740 573 praesentes,
768 505 1067 569 obsecrant,
1099 516 1153 560 ut
1183 516 1339 561 tanta:
1379 509 1690 563 calamitatis
1712 519 2001 578 exponeret

430 596 712 649 visionem.
756 593 1027 664 Singultus
1052 609 1312 665 occupant
1343 614 1555 664 vocem,
1588 601 1761 669 lingua
1790 601 2001 656 fletibus

430 685 771 756 praepeditur,
802 696 857 740 et
886 688 936 740 iii
966 690 1140 742 medio
1169 698 1363 743 conatu
1402 706 1578 744 sermo
1607 695 1804 760 gemitu
1836 692 2000 746 inter-

431 782 709 848 rumpitur.
746 778 839 831 Vix
867 790 1040 832 tamen
1067 795 1183 832 cum
1212 772 1590 835 vociferatione
1620 783 1855 836 luctuosa
1884 782 1956 836 ait
1983 799 1995 834 :

433 874 616 929 Melius
638 864 773 938 erat,
805 888 838 927 ο
860 873 1007 927 filioli
1024 914 1041 939 ,
1067 873 1379 942 impendens
1403 876 1666 942 piaculum
1697 876 1801 928 cita
1827 885 1999 929 morte

434 969 646 1021 lucrari.
681 966 770 1022 Sic
815 967 1071 1034 incipiens
1116 982 1322 1022 rursum
1373 967 1621 1036 lacryuiis
1664 968 1916 1034 vincitur,
1948 979 2002 1023 et

433 1055 571 1111 inter
600 1072 739 1125 a-gra
786 1056 1009 1123 snsmria
1055 1056 1265 1110 tandem
1304 1058 1502 1124 pectori
1531 1059 1876 1112 commodans
1903 1073 1986 1112 vo-

434 1164 549 1204 cem
577 1167 590 1203 ς
615 1149 876 1218 Magnum,
902 1148 1091 1218 inquit,
1116 1148 1385 1217 quoddam
1416 1156 1471 1203 et
1499 1150 1758 1203 universis
1787 1149 2000 1204 saeculis

434 1244 727 1299 inauditum
760 1243 1000 1296 imminet
1030 1244 1195 1296 nefas.
1227 1242 1414 1311 Magno
1446 1241 1576 1296 fides
1605 1242 1862 1298 catholica
1890 1251 2002 1297 tur-

374 1352 375 1355 ‘
434 1338 557 1393 hine
582 1338 938 1401 sulivertetur,
962 1343 1018 1389 et
1048 1336 1287 1390 homines
1304 1336 1560 1408 jumentis
1587 1337 1786 1392 similes
1806 1335 2002 1392 Christi

434 1436 614 1481 sancta
647 1425 919 1495 diripieni.
956 1426 1076 1480 Vidi
1116 1429 1257 1481 enirn
1291 1428 1459 1483 altare
1500 1429 1707 1483 Domini
1737 1430 2000 1485 mulorum

436 1518 819 1573 circumdatum
852 1516 1188 1573 multitudine
1220 1518 1401 1588 (H7),
1430 1520 1517 1587 qui
1550 1519 1750 1574 crebris
1777 1519 2001 1575 calcium

437 1613 629 1667 ictibus
659 1611 838 1667 omnia
883 1610 1232 1680 dissipabant.
1260 1611 1383 1666 llaec
1408 1621 1490 1666 est
1527 1626 1683 1683 causa
1711 1612 2001 1679 gemituum

433 1720 695 1771 meorum,
728 1718 859 1775 quos
892 1702 1135 1758 audistis.
1172 1704 1239 1758 Et
1280 1704 1413 1759 facta
1446 1715 1528 1759 est
1554 1719 1651 1759 vox
1686 1704 1893 1759 Domini
1915 1703 1999 1760 di-

2100 524 2317 576 semper
2348 508 2597 563 universa
2630 506 2861 577 perfecta
2892 518 3037 563 sunt.
3066 508 3235 564 Nemo
3261 511 3559 577 sapientum
3589 526 3676 564 sa-

2102 599 2325 652 nitatum
2354 598 2765 652 admirationem
2790 599 3022 653 ascribat
3048 599 3299 662 Antonio,
3330 598 3427 653 sed
3452 599 3682 655 Domino

2100 692 2245 753 Jesu.
2282 690 2371 760 qui
2417 692 2632 746 solitam
2665 707 2788 762 erga
2818 702 3092 747 creaturas
3119 707 3244 747 suas
3273 692 3536 747 exhibens
3578 693 3675 748 be-

2101 783 2479 847 nevolentiam,
2504 799 2642 837 nunc
2661 800 2870 853 quoque
2888 799 2982 853 per
2998 785 3225 839 electum
3247 782 3502 838 famulum
3522 800 3678 839 suum

2100 874 2440 944 indulgenter
2463 875 2723 930 exercuit.
2758 875 3019 929 Antonius
3047 884 3248 929 tantum
3289 875 3495 941 orabat,
3527 886 3583 931 et
3609 878 3678 930 ob

2102 968 2227 1022 vitae
2259 966 2375 1037 ejus
2404 968 2592 1021 merita
2620 976 2809 1021 cuncta
2844 968 3097 1023 Dominus
3122 967 3454 1037 largiebatur.

2170 1058 2300 1111 Car.
2335 1058 2467 1112 Llll.
2492 1089 2559 1100 —
2603 1058 2759 1129 Stepe
2783 1070 2979 1121 autem,
3014 1070 3067 1116 et
3095 1068 3279 1116 contra
3310 1059 3636 1113 voluntatem
3658 1101 3673 1123 ,

2110 1148 2176 1203 ad
2204 1151 2522 1205 exteriorem
2559 1164 2792 1207 montem
2823 1151 2974 1222 (121)
3003 1169 3034 1206 a
3073 1150 3322 1207 fratribus
3354 1150 3677 1220 perduceba-

2108 1255 2217 1298 tur.
2253 1245 2315 1298 Et
2358 1260 2477 1300 cum
2515 1244 2743 1315 judices,
2800 1247 2886 1315 qui
2926 1246 2991 1299 ad
3040 1246 3265 1300 interius
3304 1243 3676 1298 archisterium

2102 1336 2254 1407 (122)
2289 1348 2506 1407 prepter
2537 1338 2882 1406 asperitatem
2910 1338 3134 1404 itineris,
3166 1346 3220 1391 et
3244 1337 3315 1391 ob
3342 1337 3675 1405 sequentium

2100 1430 2521 1495 multitudinem,
2552 1442 2606 1484 et
2648 1430 2916 1485 horridam
2947 1429 3285 1484 solitudinem
3318 1429 3396 1483 ire
3439 1442 3543 1481 non
3588 1441 3679 1496 po-

2101 1529 2300 1587 terant,
2333 1522 2709 1591 pervenirent,
2741 1533 2794 1575 et
2825 1531 3125 1590 quairerent
3152 1530 3208 1575 ut
3234 1520 3351 1589 ejus
3380 1520 3679 1574 fruerentur

2100 1612 2427 1679 aspectibus,
2456 1625 2557 1667 nec
2580 1611 2870 1682 impetrare
2898 1621 3137 1679 possent,
3160 1611 3282 1681 quia
3303 1611 3677 1665 molestissime

2106 1703 2315 1758 ferebat
2360 1703 2699 1758 vexationem
2743 1702 3079 1758 discursuum
3107 1744 3122 1770 ,
3173 1703 3316 1771 ipsos
3360 1714 3676 1763 catenatos,

433 1813 561 1853 cens
586 1816 599 1851 :
627 1796 1034 1853 Abominabitur
1058 1798 1300 1852 altarium
1340 1813 1540 1853 meum.
1570 1798 1679 1852 Nec
1708 1812 1855 1853 mora
1876 1838 1891 1863 ,
1923 1798 2003 1852 vi-
2033 1789 2083 1852 B
2107 1809 2240 1865 quos
2268 1804 2359 1850 aut
2389 1797 2657 1861 noxietas,
2685 1805 2776 1852 aut
2803 1797 2951 1865 vigor
2979 1796 3220 1865 publicus
3245 1797 3632 1850 constrinxerat
3657 1835 3674 1860 ,

434 1890 638 1944 sionem
670 1890 908 1958 sequitur
927 1888 1178 1954 elIecttis;
1204 1905 1322 1943 nam
1356 1904 1470 1958 post
1491 1906 1660 1944 annos
1686 1890 1819 1944 duos
1847 1889 1998 1960 (118)

436 1996 577 2035 stnva
629 1980 947 2034 Arianorum
988 1981 1178 2050 irrupit
1224 1981 1446 2036 insania.
1478 1981 1627 2036 Tunc
1653 1983 2000 2037 ecclesiarum

443 2075 658 2126 fuerunt
686 2073 906 2140 rapinae,
943 2085 1068 2125 tunc
1097 2072 1393 2125 divinorum
1426 2074 1702 2126 temeratio
1728 2087 1994 2137 vasorum,

435 2177 561 2220 tunc
589 2164 800 2233 pollutis
824 2164 1159 2218 ethnicorum
1191 2164 1437 2218 manibus
1475 2179 1623 2217 sacra
1656 2164 1851 2234 polluta
1877 2174 2002 2217 sunt

434 2260 745 2331 ministeria,
769 2274 894 2319 tunc
921 2277 1241 2332 paganorum
1266 2262 1511 2331 cpilicum
1544 2252 1789 2329 prtesidia
1810 2260 2002 2315 adver-

431 2370 521 2407 sus
546 2355 811 2409 Christum
837 2365 1138 2422 comparata
1169 2369 1287 2408 cum
1314 2353 1676 2422 assumptione
1706 2354 1999 2422 palmarum

434 2448 599 2517 (quod
630 2447 943 2501 idololatria:
970 2446 1107 2514 apud
1134 2445 1512 2500 Alexandriam
1544 2446 1749 2513 insigne
1777 2445 1902 2515 est),
1933 2445 2001 2498 ad

436 2537 720 2592 ecclesiam
774 2553 996 2606 pergere
1056 2537 1508 2604 conipellebantur
1569 2536 1891 2602 Christiani,
1944 2546 2005 2589 ut

433 2632 744 2684 Arianorum
777 2629 950 2698 populi
983 2629 1329 2683 crederentur
1376 2628 1550 2700 (119).
1598 2627 1738 2682 Proli
1788 2627 1999 2681 secius!

435 2724 617 2777 horret
656 2724 864 2778 animus
898 2723 1159 2791 replicare
1195 2738 1312 2791 qua:
1355 2732 1501 2794 gesta
1546 2730 1707 2775 sunt:
1744 2723 2002 2795 virginum

436 2824 901 2885 matronarumque
928 2827 1142 2883 ereptus
1167 2816 1365 2883 pudor:
1399 2813 1613 2884 sanguis
1641 2814 1816 2866 ovium
1846 2810 2001 2865 Chri-

433 2908 498 2961 sti
529 2907 581 2961 iii
611 2906 807 2976 Christi
839 2908 1038 2976 templo
1077 2906 1276 2962 effusus
1307 2906 1603 2960 veneranda
1636 2905 1890 2974 respersit
1926 2904 2003 2957 al-

437 2998 605 3061 taria;
639 2998 1004 3065 baptisterium
1028 3012 1121 3067 pro
1148 2996 1417 3051 voluntate
1448 2995 1719 3066 gentilium
1746 2995 2003 3064 pollutum

432 3098 535 3144 est.
562 3089 707 3144 Nihil
733 3087 904 3144 defuit
932 3090 1151 3143 visionis
1179 3088 1421 3153 veritati,
1454 3097 1509 3141 ut
1536 3087 1852 3141 monstravit
1880 3084 2007 3139 elle-

2103 1889 2168 1943 ad
2199 1904 2318 1943 eum
2363 1888 2738 1956 destinabant,
2768 1889 3001 1943 scientes
3041 1887 3173 1943 tales
3203 1887 3271 1942 ab
3315 1886 3540 1941 Antonio
3568 1900 3672 1939 non

2102 1996 2264 2048 posse
2309 1982 2609 2048 contemni;
2639 1998 2863 2050 quorum
2912 1982 3126 2037 lletibus
3152 1990 3423 2051 superatus
3465 1991 3669 2050 pertra-

2104 2075 2337 2128 liebatur
2369 2074 2433 2128 ad
2468 2075 2795 2129 exteriorem
2840 2085 3097 2139 montem,
3127 2087 3415 2143 agnoscens
3440 2072 3673 2126 laborem

2102 2179 2256 2220 suum
2300 2165 2482 2220 utilem
2527 2166 2739 2220 miseris
2786 2163 2933 2230 fore;
2967 2164 3332 2234 suadebatque
3370 2162 3676 2231 iudicibus,

2102 2258 2191 2325 qui
2215 2272 2335 2311 eum
2366 2256 2738 2320 invitaveraiit,
2773 2266 2831 2310 ut
2872 2258 2924 2310 in
2953 2257 3214 2310 sententia
3257 2253 3596 2325 proferenda,
3626 2261 3681 2307 et

2101 2348 2226 2402 odio
2254 2356 2308 2403 et
2335 2349 2534 2417 gratim,
2571 2347 2661 2403 Dei
2691 2347 2931 2402 timorem
2957 2353 3377 2416 anteponerent;
3410 2360 3507 2399 nec
3532 2344 3684 2413 igno-

2105 2457 2225 2496 rare
2272 2458 2363 2496 eos
2393 2441 2587 2495 debere
2617 2441 2755 2509 quod
2794 2440 3051 2507 scriptum
3098 2450 3181 2493 eSt
3206 2456 3217 2489 :
3247 2438 3573 2506 Quocunque
3596 2437 3682 2503 ju-

2108 2535 2245 2586 dicio
2263 2532 2647 2601 judicaveritis,
2671 2532 2724 2585 in
2752 2548 2815 2585 eo
2836 2531 3166 2600 judicabitur
3200 2530 3266 2583 de
3293 2530 3443 2583 vobis
3465 2528 3681 2597 (Matth.

2105 2624 2234 2692 vn);
2262 2635 2494 2677 attamen
2526 2624 2664 2677 inter
2691 2623 2896 2677 medios
2920 2636 3199 2678 sermones
3224 2622 3397 2674 chara:
3426 2621 3528 2675 sibi
3555 2619 3681 2674 soli.

2108 2717 2303 2770 tudinis
2333 2715 2734 2771 recordabatur.
2769 2714 2895 2767 Post
2936 2725 3174 2767 coactam
3225 2712 3402 2779 itaque
3448 2724 3685 2778 praesen-

2109 2807 2258 2871 tiani,
2290 2823 2447 2875 quam
2482 2808 2629 2860 ducis
2660 2821 2865 2874 preces,
2899 2817 2975 2871 et,
3006 2805 3147 2875 quod
3173 2807 3348 2858 verius
3370 2813 3486 2867 est,
3515 2804 3681 2858 mise-

2111 2914 2289 2952 rorum
2320 2898 2473 2952 lletus
2500 2909 2822 2962 extorserat,
2858 2908 2976 2963 post
3012 2897 3264 2951 salutaria
3298 2896 3493 2949 monita
3516 2936 3530 2960 ,
3564 2901 3695 2963 post-

2120 3004 2334 3042 reorum
2362 2988 2877 3042 commendationem
2905 3031 2919 3055 ,
2952 2986 3302 3056 quorumdam
3339 2984 3496 3039 etiam
3524 2984 3683 3037 ahsoo

2110 3080 2362 3135 lutioneiu
2391 3121 2406 3143 ,
2443 3077 2729 3146 p0stolanti
2774 3078 2927 3141 duci,
2978 3091 3032 3131 ut
3071 3077 3225 3145 paulo
3268 3076 3466 3143 largius
3506 3073 3681 3128 eidem

433 3189 549 3235 ι-ιυε
573 3223 589 3248 ,
635 3180 776 3251 quotl
826 3179 1215 3235 calcitrantium
1283 3178 1547 3234 mulorum
1595 3177 2005 3249 iiidiscipliaatio
2034 3166 2079 3229 C
2109 3186 2258 3223 suam
2284 3171 2617 3239 prmsetiliatn
2649 3168 2965 3232 indulserat.
2992 3168 3065 3221 ait
3089 3184 3189 3221 non
3218 3181 3375 3235 posse
3403 3181 3462 3219 δε
3483 3164 3684 3218 diutius

432 3276 745 3329 Arianorum
773 3284 917 3329 esset
943 3276 1208 3343 impietas.

503 3366 611 3423 Sed
679 3365 832 3419 istam
894 3367 1161 3420 tristitiam
1227 3366 1603 3431 consequentis
1669 3366 2004 3420 revelationis

433 3460 785 3528 prosperitate
826 3458 1027 3512 solatus
1054 3467 1157 3524 est,
1187 3468 1240 3513 et
1264 3458 1339 3512 ait
1366 3476 1378 3510 :
1406 3458 1575 3513 Nolite
1601 3500 1616 3525 ,
1651 3458 1799 3511 lilioli
1824 3499 1838 3520 ,
1868 3473 2003 3512 uio:-

433 3552 545 3608 rori
581 3567 677 3606 vos
719 3552 933 3622 penitus
959 3551 1121 3617 dare;
1153 3561 1210 3605 ut
1236 3552 1379 3606 enim
1413 3554 1578 3607 iratus
1606 3559 1689 3606 est
1719 3549 2002 3617 Dominus,

432 3647 510 3701 sic
536 3661 748 3699 rursum
778 3644 1135 3709 miserebitur,
1167 3652 1223 3698 et
1260 3659 1417 3700 suum
1447 3646 1553 3698 cito
1580 3644 1816 3699 Ecclesia
1850 3659 2005 3700 recu-

435 3742 640 3811 perabit
664 3751 943 3807 ornatum;
973 3754 1174 3810 eosque
1194 3779 1209 3805 ,
1241 3741 1331 3810 qui
1376 3740 1428 3794 iii
1466 3739 1920 3807 persecutioiiilius
1946 3738 2007 3793 li-

435 3836 558 3889 dem
589 3834 795 3888 Domini
844 3834 1203 3896 servaverint,
1233 3833 1388 3886 solito
1417 3830 1661 3885 videbitis
1691 3830 1894 3899 fulgore
1918 3846 2007 3886 re-

439 3930 697 3981 lucentes.
757 3926 1109 3979 lievertentur
1160 3925 1226 3979 ad
1282 3923 1461 3978 foveas
1509 3938 1633 3978 suas
1699 3935 2005 3994 serpentes,

437 4027 492 4071 et
547 4019 736 4088 religio
774 4018 978 4087 longius
1031 4016 1432 4087 propagabitur;
1478 4024 1680 4071 tantum
1710 4017 1906 4084 videte,
1940 4032 2008 4072 ne

446 4109 566 4163 lidei
599 4119 792 4163 vestrm
841 4108 1121 4162 sinceritas
1166 4108 1360 4161 Ariana
1392 4106 1513 4161 labe
1553 4109 1845 4162 sordescat.
1893 4107 2007 4162 Non

435 4198 795 4270 apostolorum
820 4237 836 4264 ,
866 4197 961 4252 sed
987 4197 1287 4253 daemonum
1330 4208 1382 4253 et
1414 4199 1574 4267 patris
1603 4214 1786 4255 eorum
1815 4199 2009 4254 diaboli

435 4293 538 4347 ista
564 4289 802 4345 doctrina
831 4299 949 4356 est;
975 4289 1045 4345 ob
1074 4289 1125 4343 id
1149 4303 1243 4359 per
1268 4289 1624 4356 insipientiam
1651 4289 2009 4360 iumentorum

442 4384 633 4440 similis
667 4383 929 4453 pecudum
960 4398 1145 4438 eorum
1177 4396 1463 4451 expressus
1491 4391 1574 4437 est
1600 4383 1828 4438 animus.

512 4475 642 4530 Car.
686 4472 794 4528 ιιι.
819 4505 890 4516 -
910 4474 1196 4543 Hucusque
1218 4474 1502 4529 Antonius.
1533 4473 1637 4529 Sed
1669 4491 1766 4531 nos
1793 4476 2010 4531 minime

438 4567 692 4624 convenit
718 4566 982 4633 difﬁdere,
1014 4576 1119 4620 tam
1150 4566 1350 4635 grande
1378 4566 1687 4621 miraculum
1716 4583 1811 4636 per
1838 4569 2007 4623 homi-

438 4678 560 4718 nem
587 4661 823 4730 potuisse
847 4661 1111 4729 portendi.
1132 4659 1420 4715 Salvatoris
1438 4662 1578 4716 enim
1602 4664 1883 4732 promissio
1903 4673 2004 4727 est,

438 4756 511 4808 ita
540 4752 807 4808 dicentis:
835 4750 892 4806 Si
920 4749 1215 4805 habueritis
1241 4749 1400 4806 ﬁdem
1427 4763 1482 4807 ut
1524 4767 1742 4822 granum
1773 4754 2004 4822 sinapis,

445 4845 633 4901 dicetis
671 4844 794 4899 huic
833 4844 1032 4909 monti,
1060 4841 1316 4897 Transfer
1342 4853 1422 4909 te,
1472 4854 1526 4899 et
1563 4847 1928 4910 transferetur,
1956 4856 2010 4900 et

439 4939 567 4992 nihil
593 4936 920 5005 impossibile
948 4937 1050 4992 erit
1078 4936 1231 4991 vobis
1264 4936 1479 5008 (Matth.
1511 4938 1667 5008 xvii).
1698 4938 1762 4993 Et
1786 4940 2004 4993 iterum:

439 5030 938 5089 Amen,amendico
963 5028 1135 5096 vobis,
1157 5044 1318 5085 omne
1341 5031 1482 5101 quod
1509 5032 1770 5101 petieritis
1796 5034 2007 5089 Patrem

446 5123 498 5174 'n
534 5125 750 5177 nomine
795 5136 948 5187 meo,
996 5124 1141 5178 dabit
1197 5126 1369 5180 vobis.
1421 5126 1589 5181 l’etite
1642 5137 1695 5181 et
1738 5127 2010 5196 accipietis

442 5208 624 5282 (Joan.
674 5212 808 5281 xvi).
853 5212 969 5281 Ipse
1008 5215 1147 5268 enim
1185 5217 1295 5271 suis
1340 5216 1617 5286 discipulis
1663 5228 1716 5273 et
1762 5218 2009 5273 universo

441 5303 772 5359 credentium
803 5306 951 5375 gregi
983 5321 1121 5360 nunc
1151 5308 1538 5378 subjectionem
1583 5311 1964 5364 datmoniorum
1989 5352 2003 5376 ,

441 5413 584 5454 nunc
622 5401 886 5453 variarum
929 5399 1295 5456 inﬁrmitatum
1338 5402 1593 5472 pollicens
1639 5404 1963 5457 curationem
1989 5444 2005 5468 ,

438 5488 613 5544 aiebat
638 5504 651 5541 :
675 5486 848 5544 Gratis
872 5492 1173 5559 accepistis.
1197 5494 1358 5560 gratis
1376 5492 1501 5549 date
1528 5494 1740 5565 (Matth.
1766 5493 1842 5566 ι).
1864 5493 2009 5549 Nun-

436 5580 566 5654 quid
592 5595 704 5637 suai
731 5581 936 5638 virtutis
957 5583 1179 5652 imperio
1205 5584 1424 5638 curabat
1446 5588 1739 5641 Antonius?
1764 5585 2010 5658 Nunquid

452 5689 563 5731 sua:
608 5674 976 5744 possibilitatis
1020 5675 1376 5731 arbitrabatur
1417 5691 1537 5734 esse
1580 5680 1722 5749 quod
1776 5681 2013 5737 fecerat?

442 5770 802 5840 Orationibus,
833 5786 937 5826 non
962 5771 1240 5845 praceptis
1261 5771 1412 5847 (120)
1436 5773 1707 5832 άωωοιιεε
1733 5777 2009 5849 morbique

2106 3266 2215 3337 58
2245 3263 2437 3319 ibidem
2471 3266 2699 3328 morari,
2732 3272 2883 3333 grato
2912 3278 3034 3315 usus
3056 3261 3319 3328 exemplo,
3350 3257 3493 3328 quod
3525 3260 3681 3314 sicuti

2109 3372 2277 3425 pisces
2307 3357 2373 3409 ab
2401 3370 2535 3424 aqua
2566 3356 2815 3416 extracti,
2849 3369 2969 3406 mox
3016 3354 3065 3406 in
3096 3352 3270 3405 arenti
3320 3360 3459 3404 terra
3504 3364 3682 3403 more—

2123 3462 2305 3502 rentur
2357 3445 2589 3516 (Pelag.,
2637 3447 2673 3500 Ι.
2722 3461 2779 3510 ιι,
2812 3463 2865 3498 ii.
2900 3444 2983 3515 5),
3034 3445 3105 3497 ita
3141 3452 3198 3498 et
3237 3442 3526 3497 mOnacbos
3561 3457 3681 3496 cum

2111 3540 2456 3595 smcnlaribus
2487 3541 2835 3603 retardantes,
2864 3537 3107 3591 humanis
3127 3536 3306 3590 statim
3330 3536 3526 3591 resolvi
3554 3551 3683 3591 con-

2106 3630 2549 3687 fabulationibus.
2572 3633 2654 3686 Ub
2685 3631 2737 3685 id
2765 3646 2913 3698 ergo,
2946 3629 3134 3699 inquit,
3164 3629 3412 3685 convenit
3433 3639 3489 3682 ut
3512 3629 3683 3698 pisces

2113 3726 2179 3779 ad
2207 3740 2377 3789 mare,
2407 3726 2475 3777 ita
2522 3739 2618 3779 uos
2644 3723 2711 3777 ad
2748 3734 2979 3780 montem
3007 3722 3334 3784 festinemus,
3365 3736 3432 3776 ne
3463 3720 3680 3775 tardau-

2125 3819 2264 3873 tibus
2292 3818 2442 3872 nobis
2482 3818 2655 3887 aliqua
2698 3818 2950 3886 prepositi
3000 3814 3249 3869 succedat
3277 3815 3478 3868 oblivio
3502 3810 3678 3882 (125).

2119 3911 2226 3966 Pro
2258 3922 2403 3964 tanta
2435 3910 2664 3964 hominis
2694 3910 2955 3975 sapientia
2990 3910 3096 3962 dux
3126 3907 3367 3977 miratus,
3390 3908 3578 3976 justam
3607 3904 3677 3959 de

2123 4018 2189 4058 eo
2216 4004 2333 4058 tulit
2367 4018 2651 4069 veramque
2678 4003 3015 4066 sententiain,
3047 4002 3271 4056 dicens:
3312 4002 3443 4056 Vere
3472 3999 3670 4069 justum

2122 4109 2242 4150 esse
2272 4095 2365 4149 Dei
2411 4094 2665 4148 famulum
2687 4134 2703 4160 ,
2744 4109 2841 4148 nec
2880 4094 2932 4148 in
2965 4094 3162 4148 rustico
3209 4093 3422 4149 homine
3448 4091 3680 4161 potuisse

2116 4194 2312 4240 tantam
2336 4186 2619 4256 aliquando
2641 4188 2815 4242 inesse
2833 4186 3169 4255 sapientiam,
3188 4184 3289 4241 nisi
3308 4184 3487 4240 divino
3499 4197 3685 4238 amore

2117 4292 2407 4351 regeretur.

2182 4391 2311 4445 Cir.
2346 4389 2477 4446 LIV.
2522 4422 2586 4432 —
2632 4392 2893 4447 Prtcterea
2932 4405 3053 4446 cum
3101 4392 3340 4446 Balacius
3366 4388 3554 4459 (134),
3584 4389 3680 4456 qui

2112 4484 2211 4538 sub
2238 4483 2487 4537 Nestorio
2522 4484 2774 4551 praefecto
2802 4484 3137 4540 Alexandria:
3182 4485 3284 4538 dux
3317 4481 3530 4551 [Egypti
3562 4485 3682 4547 luit,

2116 4576 2275 4630 homo
2322 4574 2537 4630 Ariana:
2583 4576 2868 4645 iniquitatis
2913 4577 3329 4631 studiosissimus
3379 4572 3569 4638 fautor,
3607 4573 3686 4625 ita

2114 4668 2310 4722 Christi
2360 4667 2649 4722 Ecclesiam
2696 4677 3126 4736 persequeretur,
3159 4678 3216 4722 ut
3261 4664 3438 4721 animo
3484 4678 3689 4717 vesano

2116 4761 2351 4828 virgines
2375 4758 2767 4828 monachosque
2790 4761 3015 4813 nudatos
3039 4761 3344 4814 verberaret
3371 4758 3424 4812 in
3452 4756 3687 4826 publico,

2115 4850 2181 4904 ad
2205 4866 2325 4906 eum
2352 4851 2614 4905 Antonius
2640 4851 2840 4905 litteras
2874 4850 3047 4917 misit,
3087 4867 3309 4921 quarum
3342 4852 3443 4903 ista
3469 4856 3689 4903 senten-

2119 4940 2188 4993 tia
2215 4950 2333 4993 est:
2366 4941 2530 4995 Video
2570 4940 2700 4993 iram
2728 4940 2822 4994 Dei
2867 4942 3169 4997 venientem
3208 4956 3370 5008 super
3393 4950 3475 5005 te,
3505 4938 3687 4993 desine

2113 5033 2360 5101 persequi
2390 5033 2724 5087 Christianos
2744 5073 2759 5098 ,
2786 5048 2854 5088 ne
2880 5042 2931 5087 te
2959 5033 3036 5088 ira
3066 5045 3332 5103 occupet,
3365 5047 3485 5101 quae
3512 5027 3689 5099 proxi-

2114 5140 2259 5178 mum
2282 5123 2390 5193 jam
2422 5124 2511 5178 tibi
2536 5125 2766 5179 minatur
2790 5126 3083 5180 interitum.
3112 5120 3260 5195 Legit
3281 5125 3462 5180 infelix
3491 5110 3693 5191 episto-

2112 5216 2215 5270 latn
2242 5260 2256 5281 ,
2288 5226 2343 5270 et
2372 5217 2571 5281 irrisit,
2613 5227 2768 5285 atque
2808 5219 2859 5272 in
2890 5236 3007 5273 eam
3051 5234 3339 5285 esspueus,
3384 5216 3609 5287 projecit
3637 5214 3694 5269 in

2115 5318 2346 5387 terram;
2386 5317 2669 5376 portitores
2697 5324 2905 5380 quoque
2951 5310 3129 5364 multis
3157 5311 3394 5363 alliciens
3423 5306 3638 5377 injuriis
3664 5347 3681 5372 ,

2114 5404 2348 5459 Antonio
2365 5403 2491 5459 talia
2521 5404 2812 5459 renuntiari
2842 5406 3092 5475 praecepit
3116 5421 3130 5458 :
3154 5404 3416 5471 Quoniam
3441 5416 3573 5458 cura
3594 5398 3695 5455 tibi

2112 5504 2391 5566 tantopere
2422 5497 2802 5553 monachorum
2832 5508 2934 5563 est,
2966 5497 3128 5552 etiam
3158 5497 3224 5552 ad
3256 5508 3308 5553 te
3348 5495 3455 5551 mei
3493 5492 3694 5563 vigori

2112 5590 2357 5644 transibit
2373 5589 2674 5659 disciplina.
2695 5589 2796 5644 Sed
2822 5589 3101 5644 confestim
3125 5590 3441 5644 minatoretn
3468 5597 3696 5655 oppres-

2115 5681 2185 5740 sit
2216 5685 2560 5755 supplicium,
2607 5695 2659 5738 et
2702 5697 2816 5753 post
2845 5686 3079 5755 quinque
3123 5686 3238 5741 dies
3267 5701 3327 5740 os
3369 5685 3689 5740 offrenatum

2117 5779 2245 5834 ultio
2270 5777 2449 5835 divina
2480 5777 2827 5850 compescuit.
2862 5778 3143 5851 Egreditur
3170 5778 3313 5836 enim
3355 5777 3420 5833 ad
3462 5777 3689 5845 primum

3840 5790 3869 5809 ο
