4002 6268
296 351 397 406 I65

1398 344 1557 398 VI'I‘A
1600 342 1802 396 BEATI
1843 341 2110 396 ANIONII
2142 342 2449 398 ABBATIS.

3449 341 3556 401 1βῦ

289 450 630 519 mansionem
676 458 1049 525 Alexandrim,
1100 474 1217 528 quae
1266 460 1560 529 appellatur
1595 456 1872 511 Cliterenm
1904 461 1953 514 A
1982 455 2339 528 Iacrymmque
2389 459 2528 512 dicta
2578 459 2855 512 mmrentia
2899 470 3200 514 consecuta:
3234 470 3379 516 sunt.
3429 464 3557 515 Am-

288 552 479 625 (I25),
534 566 662 606 cum
708 552 1011 620 supradicto
1055 550 1268 621 Egypti
1313 550 1558 615 praefecto
1607 548 1873 604 Nestorio.

290 645 577 701 Vebuntur
604 647 757 714 equis
780 688 795 710 ,
830 658 963 712 quos
1005 648 1145 697 inter
1172 656 1360 697 omnes
1415 640 1656 694 Balacius
1681 681 1696 705 ,
1727 639 1879 710 cujus

290 745 446 793 erant
469 777 484 798 ,
517 733 983 789 mansuetissimos
1026 734 1304 789 nutrierat.
1334 733 1467 789 Cum
1498 748 1627 802 ergo
1684 734 1879 801 pariter

295 826 456 882 solito
488 826 710 885 sibimet
732 825 855 894 equi
888 824 1206 889 alluderent,
1232 824 1433 892 mitior,
1464 840 1571 894 quo
1597 824 1877 879 Nestorius

301 917 616 985 vehebatur,
644 930 825 970 morsu
852 917 1130 985 repentino
1150 916 1419 975 Balacium
1440 915 1674 972 decussit
1698 918 1749 971 in
1776 926 1879 969 ter-

308 1023 404 1062 ram
426 1050 441 1073 ,
478 1016 539 1062 et
577 1007 655 1061 sic
687 1006 739 1060 in
768 1020 890 1060 eum
934 1005 1181 1073 inhians,
1215 1005 1415 1061 femora
1457 1007 1573 1074 ejus
1625 1006 1879 1059 laceravit

304 1111 451 1171 atque
480 1100 717 1155 corrosit
741 1140 755 1164 ,
790 1108 849 1152 ut
888 1097 1068 1152 statim
1114 1099 1315 1153 relatus
1359 1099 1425 1153 ad
1470 1097 1732 1153 civitatem
1765 1109 1880 1164 post

308 1195 522 1247 tertium
573 1192 716 1246 diem
768 1200 1100 1255 moreretur;
1152 1190 1490 1260 universique
1534 1198 1883 1261 agnoscerent

308 1288 572 1341 minarum
605 1287 674 1340 ab
703 1286 936 1339 Antonio
979 1283 1346 1353 prtedictarum
1388 1283 1630 1339 effectum
1660 1294 1885 1351 quanto—

307 1377 414 1429 cius
443 1382 819 1434 consecutnm,
850 1375 1010 1442 digno
1039 1373 1392 1441 persecutoris
1421 1374 1524 1427 line
1552 1375 1844 1438 completo.

371 1463 502 1517 Car.
530 1463 643 1518 LV.
659 1492 726 1505 -—
742 1459 981 1517 Caeteros
1005 1460 1069 1516 ad
1096 1477 1155 1516 se
1178 1462 1448 1517 venientes
1469 1463 1601 1516 mira
1627 1478 1748 1517 cum
1773 1478 1887 1516 mo-

318 1555 484 1609 destia
519 1554 787 1609 Antonius
814 1552 1164 1620 admonebat,
1195 1562 1286 1616 ut,
1318 1553 1474 1608 oblita
1502 1553 1682 1608 saeculi
1717 1554 1888 1624 digni-

323 1658 448 1711 tate,
479 1645 788 1701 remotioris
820 1645 940 1699 vitae
966 1644 1341 1698 beatitudinem
1364 1655 1689 1713 appeterent.
1716 1646 1771 1702 Si
1796 1645 1887 1716 qui

316 1749 490 1795 autem
533 1739 724 1809 majori
779 1746 1039 1806 potestate
1068 1737 1446 1806 premebantur
1470 1778 1485 1802 ,
1516 1752 1614 1792 nec
1644 1746 1890 1807 poterant

1990 550 2341 611 plexabantur
2370 567 2488 605 eum
2525 551 2784 615 universi,
2821 553 2967 620 quasi
2994 554 3100 620 jam
3131 554 3198 606 de
3241 554 3442 609 saeculo
3473 570 3559 609 rc-

1980 657 2280 696 cessurum.
2314 642 2513 708 Atille,
2550 653 2795 711 tanquam
2824 644 2992 698 aliena
3014 644 3301 709 deserens,
3337 647 3402 699 ad
3436 662 3560 715 pro-

1977 732 2147 801 priam
2197 735 2421 803 patriam
2454 733 2809 802 profecturus,
2842 748 3028 802 magna
3061 750 3180 787 cum
3217 735 3392 787 laetitia
3427 750 3560 804 pra:-

1978 824 2244 892 cipiebat,
2277 823 2535 879 desidiam
2581 824 2820 879 instituto
2859 840 2963 877 non
3008 824 3203 878 debere
3233 824 3559 891 subrepere,

1983 916 2075 970 sed
2110 926 2358 986 tanquam
2383 917 2619 985 qu0tidie
2647 917 2953 981 morituros,
2978 926 3036 971 ut
3061 924 3183 970 ante
3210 916 3555 983 praedixerat,

1990 1023 2019 1060 a
2052 1009 2283 1071 sordidis
2311 1010 2717 1079 cogitationibus
2757 1009 2987 1063 animam
3033 1010 3302 1065 custodire
3326 1050 3342 1067 .
3373 1020 3425 1063 et
3449 1027 3563 1064 om-

1984 1115 2105 1153 nem
2134 1101 2527 1155 aemulationem
2561 1102 2624 1154 ad
2652 1111 2862 1155 sanctos
2889 1117 3099 1170 quoque
3128 1110 3463 1165 convertere,
3495 1102 3561 1157 ad

1982 1194 2349 1247 schismaticos
2393 1209 2518 1248 vero
2550 1208 2613 1247 ne
2644 1209 2808 1263 prope
2837 1194 3048 1263 quidem
3091 1194 3369 1248 accedere.
3403 1191 3563 1248 Scitis

1984 1288 2149 1349 enim,
2181 1286 2373 1348 aiebat.
2404 1301 2587 1340 eorum
2618 1288 2888 1354 antiquam
2924 1290 3353 1355 perversitatem;
3389 1302 3561 1356 neque

1986 1390 2106 1430 cum
2142 1376 2357 1430 Arianis
2401 1378 2773 1431 communiatte
2798 1377 3091 1446 jungamini
3117 1419 3130 1440 ,
3160 1376 3279 1445 quia
3322 1378 3564 1444 impietas

1987 1482 2171 1519 eorum
2221 1470 2329 1535 jam
2373 1468 2616 1522 omnibus
2660 1466 2937 1521 manifesta
2967 1477 3071 1522 est.
3122 1467 3214 1520 Ilis
3244 1467 3403 1521 etiam
3434 1466 3561 1521 illud

1989 1554 2232 1622 addebat,
2260 1557 2458 1611 nullum
2479 1557 2673 1612 debere
2700 1558 2805 1629 59
2826 1556 3205 1623 Christianum,
3231 1569 3351 1610 cum
3377 1556 3562 1611 saeculi

1991 1645 2180 1699 viderit
2220 1656 2513 1715 potestates
2559 1663 2653 1716 pro
2699 1649 3011 1701 Arianorum
3057 1656 3112 1699 et
3158 1646 3559 1703 Meletianorutn

1996 1734 2144 1807 (128)
2180 1753 2417 1808 pugnare
2448 1738 2706 1807 nequitia,
2739 1755 2767 1791 ει
2794 1737 2992 1792 Christi
3022 1739 3260 1792 territum
3286 1737 3562 1793 discedere

316 1831 559 1886 obtinere
584 1828 866 1899 jusutiam,
894 1827 968 1882 ita
995 1842 1090 1884 eos
1111 1827 1306 1883 obnixe
1327 1827 1664 1893 defendebat,
1694 1837 1751 1884 ut
1772 1829 1887 1898 ipse
1918 1829 1964 1890 B
1990 1830 2213 1883 veritate
2237 1846 2251 1894 ;
2285 1829 2585 1883 mortalium
2616 1827 2759 1882 illam
2786 1843 2904 1883 esse
2930 1830 3318 1895 defensionem,
3348 1843 3448 1884 nec
3469 1828 3562 1884 diu

315 1937 402 1994 pro
445 1922 556 1978 illis
605 1921 711 1989 pati
758 1920 1029 1975 videretur
1068 1918 1338 1989 iujuriam.
1379 1920 1553 1975 Multis
1598 1921 1743 1976 utilis
1783 1921 1881 1977 fuit

316 2014 553 2086 praclari
578 2012 723 2067 senis
747 2012 952 2076 oratio;
979 2011 1162 2075 multi,
1188 2013 1394 2080 magnis
1412 2012 1609 2067 divitiis
1638 2021 1691 2069 et
1711 2014 1883 2069 altiori

338 2105 502 2175 gradu
540 2105 737 2159 nulitize
778 2102 1065 2169 derelicto,
1097 2102 1213 2172 ejus
1242 2101 1448 2158 hatrere
1482 2105 1763 2159 curriculis
1789 2122 1885 2161 cu-

336 2194 565 2263 piebant.
590 2195 654 2248 Et
678 2206 733 2248 ut
753 2194 950 2247 infinita
976 2194 1123 2247 brevi
1145 2208 1392 2249 sermone
1412 2198 1879 2263 comprehendam,

336 2285 534 2340 bonum
563 2286 785 2356 Egypto
831 2286 1092 2341 medicum
1136 2286 1381 2341 Christus
1421 2287 1725 2343 indulserat.
1757 2291 1884 2358 Quis

324 2390 424 2429 non
458 2378 721 2430 tristitiam
759 2376 897 2444 apud
928 2376 1211 2431 Antonium
1258 2379 1474 2433 mutavit
1516 2380 1565 2433 in
1594 2382 1883 2448 gaudium?

318 2466 429 2535 quis
460 2482 568 2519 non
598 2467 727 2520 iram
757 2468 915 2521 vertit
944 2468 995 2521 in
1021 2470 1238 2535 pacem?
1264 2469 1383 2536 quis
1408 2470 1651 2524 orbitatis
1688 2474 1881 2526 luctum

321 2571 418 2610 non
449 2555 518 2609 ad
548 2554 669 2624 ejus
698 2558 1013 2626 temperavit
1036 2561 1351 2627 aspectum?
1377 2562 1494 2631 quis
1521 2577 1625 2616 non
1655 2578 1884 2619 maerore

323 2649 679 2718 paupertatis,
709 2665 818 2719 quo
860 2651 1218 2719 premebatur,
1254 2652 1483 2721 abjecto,
1512 2659 1692 2709 statim
1723 2668 1775 2711 et
1804 2658 1885 2711 di-

327 2744 484 2794 vitum
514 2740 768 2809 despexit
798 2742 1112 2811 opulentias,
1140 2752 1195 2798 et
1221 2744 1274 2796 in
1309 2758 1402 2797 sua
1428 2744 1633 2799 laetatus
1655 2757 1734 2801 est
1760 2762 1885 2817 pau-

318 2833 553 2902 pertate?
606 2836 729 2905 quis
776 2845 893 2905 post
921 2835 1279 2891 lassitudinem
1311 2836 1596 2892 monachus
1639 2853 1741 2894 non
1772 2841 1884 2909 ejus

323 2937 585 2997 vegetatus
638 2938 721 2983 est
752 2928 1135 2982 hortamentis?
1164 2930 1279 2999 quis
1311 2929 1626 2985 adolescens
1657 2945 1884 2986 succin-

324 3033 399 3071 sus
432 3017 744 3079 ardoribus,
778 3032 884 3070 non
911 3032 977 3072 ex
1009 3018 1125 3085 ejus
1148 3018 1421 3072 admonitu
1445 3019 1711 3088 pudicitiae
1741 3036 1885 3076 ama-

320 3119 390 3162 tor
416 3108 551 3162 fuit?
579 3108 698 3176 quis
728 3117 953 3162 vexatus
980 3123 1007 3161 a
1039 3108 1271 3174 diabolo,
1306 3112 1419 3165 sine
1449 3110 1653 3165 medela
1682 3112 1885 3167 rediit?

1985 1918 2227 1973 fallacem
2262 1934 2574 1987 permanere
2618 1933 2775 1989 pos~e
2808 1919 3159 1988 phantasiam.
3206 1920 3560 1988 Quapropter,

1984 2008 2178 2073 aiebat,
2205 2009 2549 2063 custodienda
2572 2019 2654 2064 est
2684 2011 2763 2077 pia
2791 2010 2922 2064 fides
2945 2011 2995 2063 in
3018 2009 3251 2079 Christo,
3277 2022 3332 2066 et
3354 2020 3559 2080 patrum

1989 2100 2237 2170 religiosa
2283 2100 2497 2154 traditio
2529 2101 2716 2172 (1‘29),
2761 2116 2917 2169 quam
2947 2116 3010 2156 ex
3049 2102 3443 2171 Scripturarum
3484 2102 3561 2157 Ie-

1984 2192 2161 2248 ctione
2186 2200 2239 2245 et
2263 2192 2456 2246 crebro
2496 2207 2627 2246 mete
2670 2191 2943 2260 parvitatis
2970 2191 3230 2246 didicistis
3257 2193 3555 2247 admonitu.

2054 2284 2182 2341 Car.
2209 2282 2417 2339 LXVII.
2434 2312 2504 2322 --
2528 2282 2700 2335 Finito
2726 2295 2993 2345 sermone,
3020 2283 3208 2336 fratres
3235 2297 3357 2337 eum
3386 2284 3549 2338 vehe-

1986 2375 2321 2431 mentissime
2365 2372 2740 2440 retardabant,
2789 2371 3022 2440 glorioso
3067 2369 3238 2425 Patris
3282 2374 3559 2441 cupientes

1961 2470 2215 2525 -termino
2243 2467 2502 2523 decorari.
2530 2466 2638 2521 Sed
2669 2463 2864 2519 multas
2905 2463 2974 2518 ob
3000 2479 3211 2531 causas,
3242 2480 3373 2534 quas
3403 2475 3456 2519 et
3481 2465 3558 2519 si-

1987 2561 2148 2615 lentio
2186 2558 2616 2620 demonstrabat,
2664 2557 2933 2627 praecipue
2972 2566 3146 2611 tamen
3189 2556 3260 2611 ob
3305 2572 3559 2626 praesum-

1988 2663 2126 2722 ptam
2156 2651 2372 2723 JEgypti
2399 2653 2831 2706 consuetudinem
2860 2651 3199 2705 contradixit.
3227 2651 3336 2706 Mos
3360 2653 3557 2709 etenim

1989 2743 2253 2815 Egyptiis
2282 2755 2393 2808 est,
2427 2742 2678 2795 nobil.utn
2710 2751 2762 2794 et
2796 2742 3060 2809 praecipue
3102 2742 3375 2795 beatorum
3423 2758 3559 2797 mar-

1988 2846 2160 2904 tyrum
2190 2849 2412 2902 corpora
2462 2831 2769 2885 linteamine
2813 2833 3024 2900 quidem
3056 2833 3342 2888 obvolvere
3381 2834 3558 2905 (130),

1987 2937 2039 2980 et
2070 2927 2300 2979 studium
2352 2925 2517 2977 funeri
2559 2924 2773 2977 solitum
2823 2939 2929 2977 non
2981 2938 3209 2991 negare;
3245 2933 3381 2978 terra
3430 2941 3559 2980 vero

1988 3032 2090 3070 non
2122 3017 2469 3079 abscondere,
2500 3014 2593 3069 sed
2620 3030 2780 3083 super
2822 3014 3043 3068 lectulus
3072 3015 3213 3068 domi
3257 3016 3427 3083 posita
3475 3032 3558 3070 re-

1986 3119 2205 3160 servare
2249 3102 2421 3173 (151).
2452 3102 2602 3156 llunc
2644 3102 2900 3156 honorem
2929 3102 3324 3171 quiescentibus
3371 3106 3554 3171 reddi,

314 3198 434 3265 Quis
464 3198 673 3253 inimici
696 3198 1103 3269 cogitationibus
1129 3199 1434 3266 distractus,
1459 3215 1561 3255 non
1585 3215 1721 3255 caeca
1747 3211 1881 3256 tem-
1906 3203 1957 3267 ο
1988 3198 2295 3251 inveteratas
2346 3194 2744 3249 consuetudinis
2792 3196 2999 3249 vanitas
3047 3195 3284 3251 tradidit.
3339 3197 3413 3250 De
3462 3197 3563 3252 ltoc

316 3298 517 3357 pestate
556 3290 731 3359 s0pita
753 3332 767 3355 ,
803 3305 994 3343 sereno
1024 3304 1293 3358 regressus
1321 3299 1404 3345 est
1438 3291 1649 3345 animo?
1675 3292 1885 3347 Sciebat

317 3382 454 3435 enim
497 3399 607 3450 quo
636 3383 860 3453 quisque
888 3381 1151 3437 laboraret
1185 3383 1520 3439 incommodo
1540 3426 1554 3449 ,
1585 3395 1638 3440 et
1664 3402 1730 3440 ex
1766 3387 1886 3442 vita:

314 3474 516 3528 meritis
539 3474 913 3528 discretionem
938 3473 1213 3543 spirituum
1243 3488 1567 3543 agnoscens,
1606 3477 1887 3533 adhibebat

314 3564 663 3627 morborum,
713 3572 871 3632 prout
908 3573 1060 3619 erant
1106 3565 1344 3630 vulnera,
1392 3567 1690 3621 sanitatem.
1737 3567 1885 3623 Unde

314 3656 565 3709 effectum
596 3666 680 3709 est
731 3663 787 3708 ut
828 3665 942 3724 post
985 3654 1103 3724 ejus
1131 3654 1426 3709 doctrinam
1465 3671 1651 3712 omnes
1691 3657 1885 3713 diaboli

324 3747 677 3813 rauderentur
693 3746 913 3800 insidite.
933 3746 1104 3801 Multae
1119 3761 1329 3817 quoque
1345 3747 1677 3817 desponsata:
1698 3750 1886 3818 puellae

326 3838 471 3908 (126)
489 3879 503 3902 ,
528 3839 596 3893 ad
624 3838 742 3908 ejus
771 3847 1110 3905 conSpectum
1138 3838 1210 3893 ab
1238 3840 1353 3908 ipso
1379 3854 1519 3908 pene
1548 3838 1777 3894 thalamo
1802 3856 1888 3895 rc-

318 3932 587 4001 cedentes,
641 3934 694 3989 in
746 3934 995 3989 Ecclesiae
1037 3936 1221 3991 matris
1259 3936 1462 4005 gremio
1510 3938 1883 3993 consederunt.

313 4024 454 4089 Quid
494 4026 685 4094 plura?
712 4024 895 4079 Tetius
933 4025 1076 4080 orbis
1115 4025 1353 4081 homines
1381 4026 1448 4081 ad
1494 4042 1613 4082 eum
1641 4030 1884 4084 conﬂue-

313 4116 474 4180 bant,
510 4126 567 4169 et
608 4115 971 4169 universarum
1014 4116 1246 4185 gentium
1291 4118 1518 4172 varietas
1547 4118 1888 4175 bellicosissi—

311 4220 467 4259 mutn
499 4215 679 4259 contra
709 4205 998 4269 {daemones
1026 4207 1195 4259 virum
1239 4207 1545 4276 conspicere
1573 4210 1883 4276 gestiebant.

312 4296 516 4352 Nullus
544 4310 602 4351 se
626 4296 812 4351 frustra
847 4296 970 4351 illuc
997 4296 1204 4351 venisse
1229 4307 1550 4367 conquestus
1580 4310 1682 4368 est,
1715 4304 1887 4358 omni-

318 4391 420 4444 bus
442 4388 758 4444 delectabile
778 4398 937 4457 atque
962 4388 1250 4458 jucundum
1285 4390 1479 4444 laboris
1508 4395 1885 4448 commercium

313 4482 433 4536 fuit.
470 4481 735 4550 Fatigatio
753 4481 896 4536 enim
927 4481 1131 4535 itineris
1156 4481 1569 4537 emolumentum
1603 4484 1777 4539 viatici
1805 4501 1887 4542 re-

1988 3288 2251 3342 Antonius
2292 3302 2435 3356 saepe
2478 3297 2534 3342 et
2568 3287 2848 3356 episcopos
2879 3286 3192 3354 deprecatus
3230 3295 3343 3352 est,
3377 3298 3430 3341 ut
3463 3305 3559 3357 pn-

1986 3382 2142 3453 pulos
2157 3380 2514 3436 ecclesiastica
2537 3380 2922 3435 contestatione
2944 3378 3267 3448 corrigerent
3286 3396 3299 3443 ;
3321 3390 3374 3434 et
3394 3379 3562 3435 laicos

1984 3478 2129 3528 virus
2154 3488 2216 3527 ac
2243 3473 2491 3527 mulieres
2518 3472 2737 3542 rigidins
2776 3471 2893 3540 ipse
2917 3473 3199 3536 convenit,
3226 3473 3430 3537 dicens,
3460 3489 3559 3530 nec

1989 3566 2192 3621 licitum
2223 3566 2324 3620 hoc
2348 3580 2486 3630 esse,
2518 3580 2616 3619 nec
2644 3565 2755 3619 Deo
2781 3565 3063 3635 placitum;
3096 3564 3290 3635 quippe
3318 3581 3438 3620 cum
3470 3583 3561 3636 pa-

1986 3656 2342 3711 triarcharum
2373 3666 2426 3709 et
2476 3654 2851 3724 prophetarum
2900 3654 3165 3720 sepulcra,
3196 3671 3313 3724 qua:
3350 3656 3413 3709 ad
3462 3672 3560 3711 nos

1987 3764 2157 3820 usque
2184 3748 2504 3818 perdurant,
2538 3748 2651 3802 haec
2680 3749 2815 3801 facta
2862 3750 3264 3803 convincerent.
3297 3749 3560 3805 Duminici

1987 3854 2198 3911 quoque
2223 3838 2460 3908 corporis
2492 3840 2791 3907 exemplum
2822 3848 3068 3907 oportere
3098 3840 3289 3893 intueri
3317 3840 3558 3908 iubebat,

1988 3935 2127 4005 quod
2170 3935 2222 3989 in
2265 3934 2511 4003 sepulcro
2556 3933 2815 4002 positum,
2858 3932 3029 4002 lapide
3064 3947 3230 4003 usque
3272 3933 3336 3988 ad
3384 3950 3561 3991 ιιι-ειη-

1991 4024 2244 4079 rectionis
2286 4023 2427 4078 diem
2478 4024 2692 4079 tertium
2737 4023 2973 4079 clausum
3020 4022 3178 4080 fuerit
3224 4023 3401 4096 (Joan.
3439 4044 3560 4094 xvi;

1993 4112 2184 4166 Matth.
2210 4114 2399 4183 xxvii).
2420 4113 2592 4184 Atque
2618 4114 2698 4168 bis
2722 4115 2892 4170 modis
2912 4114 3095 4170 vitium
3121 4118 3259 4171 circa
3283 4117 3562 4175 defunctos

1992 4206 2208 4278 Ευριί
2236 4205 2409 4277 (152),
2440 4207 2645 4261 etiamsi
2684 4217 2866 4261 sancta
2906 4220 3089 4261 essent
3130 4210 3377 4277 corpora,
3405 4224 3562 4264 coar-

1989 4301 2212 4372 guebat,
2257 4299 2481 4353 dicens:
2521 4297 2657 4364 Quid
2704 4298 2875 4367 majus
2917 4309 3008 4351 aut
3052 4300 3287 4354 sanctius
3332 4314 3558 4370 corpore

1990 4400 2165 4460 potest
2212 4405 2331 4445 esse
2388 4390 2695 4455 Dominico,
2743 4390 2881 4459 quod
2930 4390 3077 4459 juxta
3127 4392 3560 4447 consuetudinem

1989 4482 2226 4553 gentium
2276 4491 2588 4537 cteterarum
2640 4482 2800 4534 humo
2846 4481 3115 4535 conditum
3160 4496 3279 4536 esse
3325 4483 3562 4536 scimus?

315 4578 585 4644 portabat,
615 4576 752 4630 sicut
780 4574 855 4629 rei
887 4574 1127 4642 probavit
1153 4574 1390 4629 effectus.
1423 4576 1554 4629 Nam
1585 4588 1702 4645 post
1726 4594 1887 4634 reso-
1911 4569 1968 4631 D
1995 4576 2120 4630 Haac
2144 4577 2283 4646 justa
2317 4573 2591 4644 persuasio
2622 4574 2910 4627 multorum
2957 4575 3169 4627 insitum
3201 4572 3377 4628 evellit
3414 4588 3562 4627 erro-

314 4671 577 4723 lutionem
609 4667 759 4736 ejus,
786 4667 936 4734 quasi
980 4668 1243 4721 communi
1277 4669 1494 4723 vulnere
1524 4670 1765 4725 orbitatis
1792 4687 1889 4728 ex-

316 4772 491 4829 cepto,
524 4755 795 4828 preprium
824 4758 1012 4827 singuli
1043 4770 1310 4826 parentem
1342 4759 1609 4817 luxerunt.

383 4850 519 4903 Car.
562 4848 696 4903 LVI.
738 4879 806 4889 —
848 4848 977 4914 Quis
1014 4858 1187 4905 autem
1228 4849 1348 4903 ﬁnis
1384 4852 1503 4905 vitae
1543 4852 1659 4921 ejus
1685 4854 1880 4922 fuerit,

314 4942 533 5009 dignum
564 4949 652 4995 est
677 4949 732 4994 et
757 4955 842 4994 me
869 4955 1306 5005 commemorare,
1336 4950 1390 4995 et
1416 4957 1505 4997 vos
1529 4958 1649 4998 cum
1677 4944 1886 5002 deside-

315 5033 393 5085 rio
423 5031 632 5099 audire,
670 5031 791 5101 quia
818 5039 873 5087 et
916 5031 1015 5086 hoc
1052 5032 1105 5086 in
1151 5048 1215 5087 eo
1239 5032 1492 5089 imitabile
1520 5037 1724 5094 cunctis
1762 5039 1881 5092 fuit.

318 5128 476 5178 Juxta
504 5123 941 5179 consuetudinem
969 5122 1034 5176 ad
1053 5123 1301 5178 visendos
1330 5124 1520 5179 fratres
1546 5128 1632 5196 qui
1660 5128 1715 5180 in
1739 5139 1887 5184 exte-

323 5218 450 5267 riori
481 5224 661 5268 monte
688 5221 862 5279 erant,
889 5213 1054 5276 venit,
1077 5212 1254 5282 ibique
1282 5228 1311 5266 a
1340 5214 1514 5268 divina
1545 5216 1882 5284 providentia

319 5309 385 5361 de
411 5322 504 5361 sua
535 5316 707 5361 morte
737 5305 1074 5373 condiscens,
1102 5306 1174 5360 ita
1222 5320 1446 5361 exorsus
1465 5317 1582 5362 est:
1610 5308 1880 5376 Ultimam,

321 5399 465 5453 filioli
489 5441 503 5465 ,
538 5400 703 5468 patris
731 5397 909 5453 audite
936 5397 1274 5463 sententiam,
1318 5413 1423 5452 non
1465 5398 1606 5453 enim
1642 5400 1884 5459 arbitror

320 5491 460 5560 quod
509 5490 565 5546 in
610 5492 710 5547 hoc
749 5490 945 5547 saeculo
968 5490 1157 5546 iterum
1186 5505 1280 5546 vos
1309 5491 1475 5546 visuri
1506 5495 1689 5549 simus.
1734 5493 1888 5565 Cogit

318 5584 553 5639 conditio
575 5593 797 5649 naturae,
812 5595 868 5638 ut
888 5591 1008 5655 post
1027 5585 1387 5638 centenarium
1411 5598 1707 5654 numerum,
1727 5602 1883 5656 quem

318 5675 473 5730 annis
501 5676 733 5746 quinque
772 5674 1141 5747 supergredior
1171 5675 1320 5748 (127)
1344 5718 1357 5743 ,
1384 5676 1493 5747 jam
1526 5678 1782 5734 resolvar.
1808 5681 1881 5735 lta

323 5762 568 5829 locutus.
622 5767 944 5823 audientium
997 5774 1211 5836 pectora
1259 5768 1877 5842 contristavitzgemitus

1992 4681 2127 4733 rem,
2152 4675 2206 4720 et
2226 4665 2471 4733 repositis
2491 4662 2543 4716 in
2569 4672 2706 4717 terra
2726 4662 3097 4730 cadaveribus,
3122 4662 3346 4716 Domino
3367 4663 3562 4733 gratias

1992 4771 2094 4827 pro
2124 4758 2263 4809 bono
2300 4753 2602 4823 magisterio
2642 4753 2959 4807 retulerunt.
2992 4753 3231 4807 Metuens
3260 4767 3387 4820 ergo
3430 4767 3560 4806 con—

1992 4848 2324 4903 suetudinem
2354 4844 2738 4913 supradictam,
2773 4860 2838 4896 ne
2878 4843 3063 4896 eodem
3106 4842 3264 4895 etiam
3317 4842 3457 4897 circa
3505 4857 3561 4897 se

1993 4941 2296 4997 laberentur
2347 4952 2557 5002 errore,
2606 4937 2850 4990 celeriter
2894 4935 3198 4989 valediceus
3250 4934 3555 5001 monachis,

1993 5035 2080 5105 qui
2133 5033 2530 5091 confluxerant,
2564 5029 2628 5082 ad
2672 5028 2902 5082 amicum
2949 5026 3159 5081 virtutis
3208 5026 3558 5083 habitaculum

1991 5127 2284 5191 repedavit.

2060 5218 2188 5272 Car.
2207 5216 2380 5273 LVIII.
2399 5248 2464 5258 —
2482 5218 2612 5271 Post
2632 5228 2840 5270 menses
2866 5223 3045 5269 autem
3072 5229 3286 5284 paucos,
3311 5231 3429 5270 cum
3454 5232 3559 5272 non

1989 5313 2255 5366 mediocre
2306 5310 2699 5365 incommodum
2742 5308 2926 5363 senilia
2969 5310 3204 5364 membra
3254 5312 3553 5381 turbasset,

1986 5406 2185 5460 vocatis
2223 5404 2289 5458 ad
2332 5418 2391 5458 se
2432 5404 2637 5459 duobus
2673 5401 2924 5459 fratribus
2974 5403 3144 5475 (I53),
3173 5418 3306 5473 quos
3357 5404 3555 5461 ibidem

1989 5508 2113 5552 ante
2143 5496 2440 5567 quindecim
2488 5509 2655 5550 annos
2701 5493 2909 5551 modico
2948 5495 3223 5551 intervallo
3279 5496 3553 5566 sejunctos

1990 5588 2320 5651 instituerat,
2354 5588 2547 5657 quique
2573 5588 2734 5642 etiam
2762 5587 2811 5642 ei
2850 5586 2961 5657 jam
3004 5587 3119 5641 seni
3149 5598 3424 5657 coeperant
3454 5589 3553 5640 mi-

1988 5678 2233 5747 nistrare,
2266 5680 2378 5733 ait:
2416 5679 2525 5749 Ego
2554 5679 2799 5749 quidem,
2828 5678 3004 5747 filioli,
3033 5680 3320 5735 secundum
3349 5680 3555 5749 eloquia

1986 5770 2375 5843 Scriptum-um
2415 5772 2592 5845 (Iosue
2618 5785 2777 5837 mu;
2811 5767 2900 5827 III
2936 5769 3062 5841 Reg.
3089 5774 3173 5840 ιι),
3205 5781 3409 5839 patrum
3440 5784 3557 5842 gra-
