4002 6282
366 308 463 363 167

1349 307 1436 361 DE
1479 306 1656 361 VlTlS
1696 303 1980 361 PATRUM
2023 301 2223 357 LIBER
2261 298 2538 357 PRIMUS.

3502 308 3606 360 188

364 426 479 478 dior
505 422 674 489 viam;
696 424 803 491 jam
827 425 967 478 enim
1001 424 1254 478 Dominus
1279 438 1365 479 me
1392 424 1605 486 invitat,
1632 422 1743 493 jam
1771 422 1927 491 cupio

2041 435 2299 504 accipere,
2330 438 2619 491 Antonium
2651 436 2702 489 iti
2740 436 2952 490 Antonii
2985 436 3292 490 muneribus
3318 438 3608 506 amplecti-

362 517 542 572 videre
583 518 844 573 (telcstin.
874 518 974 571 Sed
1009 532 1126 579 vos,
1153 533 1186 572 0
1216 518 1414 571 viscera
1459 534 1597 579 mea,
1640 515 1924 579 admoneo,

359 627 425 664 ne
457 611 582 663 tanti
632 612 885 678 temporis
934 612 1170 664 ialiorem
1217 621 1434 680 repente
1480 610 1731 679 perdatis.
1766 609 1936 662 Hodie

357 720 455 757 vos
503 703 803 769 religiosum
852 704 1083 756 studium
1129 702 1421 766 arripuisse
1472 701 1841 763 arbitremini,
1882 710 1936 754 et

360 795 507 861 quasi
561 802 748 856 cmptzn
796 794 1083 846 Voluptatis
1115 793 1365 847 fortitudo
1394 802 1712 848 succrescet.
1752 794 1935 848 Varias

359 886 656 939 dtetnonum
688 888 855 939 nostis
884 887 1127 952 insidias,
1160 887 1365 939 vidiStis
1396 902 1578 940 eorum
1608 896 1662 940 et
1704 888 1935 953 impetus

361 975 597 1042 feroces,
639 984 692 1031 et
736 977 875 1029 vires
920 976 1273 1030 eﬂ'eniinatas.
1323 977 1506 1031 Jesum
1551 978 1833 1045 suspirate,
1881 982 1936 1032 et

361 1069 727 1123 credulitatem
759 1070 989 1121 nominis
1018 1069 1139 1134 ejus
1164 1071 1351 1123 vestris
1384 1070 1527 1135 ﬁgite
1560 1073 1848 1134 mentibus,
1880 1081 1935 1124 et

363 1175 391 1211 a
423 1169 562 1212 certa
603 1159 706 1214 ﬁde
735 1160 961 1213 universi
1005 1162 1276 1214 daemones
1320 1162 1656 1230 fugabnutur.
1691 1161 1926 1215 Memen-

362 1262 471 1308 tote
511 1257 668 1306 etiain
701 1254 1115 1306 admouitiminm
1147 1268 1380 1307 mearum
1412 1263 1463 1307 et
1505 1254 1721 1307 incerta:
1748 1252 1936 1307 condi-

364 1346 550 1405 tionis,
584 1347 738 1397 vitam
777 1345 1015 1412 quotidie
1053 1345 1336 1412 ancipitem
1387 1351 1691 1410 retractate,
1723 1353 1777 1396 et
1821 1357 1933 1397 cm-

362 1438 494 1491 lesre
550 1437 701 1491 vobis
755 1438 1029 1506 prmiiiium
1086 1440 1203 1491 s'ne
1257 1436 1592 1491 cunctamine
1647 1436 1931 1490 tribuetur.

364 1527 835 1580 Schismaticorum
866 1543 1074 1597 qunque
1102 1537 1155 1581 et
1197 1527 1564 1581 hereticorum
1611 1542 1810 1581 venena
1853 1527 1933 1580 vi-

363 1632 500 1684 tate,
558 1635 839 1683 meumque
892 1623 1029 1672 circa
1080 1634 1174 1672 eos
1221 1620 1398 1673 odium
1447 1618 1755 1684 sectamini,
1805 1618 1929 1686 quia

362 1711 555 1765 Christi
598 1723 723 1763 sunt
767 1711 984 1764 inimici.
1026 1710 1184 1765 Scitis
1228 1710 1327 1778 ipsi
1376 1711 1515 1777 quod
1565 1711 1741 1763 nullus
1802 1708 1933 1763 mihi

2037 541 2154 594 tur;
2184 539 2236 582 et
2267 540 2513 596 tanquam
2544 547 2729 599 magna
2773 532 3087 587 limreditate
3116 531 3334 595 ditatus,
3366 534 3609 590 letaliter

2036 637 2129 689 per
2155 622 2264 692 ϐο
2293 624 2669 677 vestimentum
2700 624 3013 679 recordatur
3041 625 3324 694 imaginem
3355 625 3610 679 sanctita-

2037 714 2100 765 tis
2127 713 2296 783 (Iw).

2104 802 2229 858 Cu.
2258 804 2371 859 LX.
2392 835 2462 847 -—
2491 805 2585 858 llic
2633 804 2865 858 Antonio
2894 805 3015 859 vitae
3057 805 3313 858 terminus
3341 804 3478 871 fuit,
3512 806 3611 861 ista

2039 897 2294 965 principia
2321 896 2629 950 meritorum
2660 913 2673 948 :
2703 912 2819 963 qua:
2848 896 2969 951 licet
2993 895 3215 964 parciori
3236 935 3251 959 ,
3274 903 3332 948 ut
3353 895 3573 963 przedixi
3592 936 3610 960 .

2036 1001 2286 1041 sermone
2311 987 2631 1040 narraverim
2651 1029 2665 1052 ,
2692 995 2869 1041 tamen
2888 1000 2953 1041 ex
2982 984 3062 1039 his
3089 988 3307 1053 potestis
3328 986 3608 1041 advertere

2036 1079 2263 1146 qualiter
2294 1078 2453 1130 homo
2482 1077 2574 1130 Dei
2597 1092 2625 1129 a
2653 1077 2872 1144 pueritia
2905 1076 2970 1130 ad
2996 1088 3268 1131 senectam
3291 1090 3457 1144 usque
3487 1091 3606 1144 per-

2038 1171 2271 1236 venerit;
2303 1170 2525 1234 etquod
2568 1171 2711 1224 omni
2758 1185 2969 1237 semper
3015 1168 3342 1223 dubitatione
3380 1170 3604 1234 calcata,

2037 1279 2135 1318 nec
2162 1262 2419 1331 languori,
2450 1275 2550 1315 nec
2578 1261 2828 1330 longaeva:
2850 1260 3133 1329 quidquam
3158 1259 3300 1313 aetati
3322 1258 3607 1327 aliquando

2036 1354 2380 1409 concesserit.
2414 1354 2579 1421 Magis
2618 1363 2794 1405 autem
2834 1350 3187 1419 atqualitatem
3228 1349 3487 1418 pr0positi
3527 1363 3606 1406 te-

2036 1460 2171 1499 nens
2212 1442 2381 1513 (I41),
2429 1458 2528 1497 nec
2570 1442 2943 1496 vestimentum
2990 1441 3246 1505 mutavit,
3295 1454 3393 1494 nec
3442 1441 3606 1507 pedes

2036 1536 2195 1599 lavit,
2227 1549 2323 1588 nec
2352 1548 2528 1589 escam
2575 1543 2807 1587 sectatus
2833 1541 2916 1586 est
2953 1531 3288 1595 molliorem;
3328 1530 3601 1585 oculorum

2036 1642 2245 1696 quoque
2274 1626 2475 1687 aciem,
2500 1636 2553 1678 et
2577 1638 2847 1679 numerum
2873 1622 3143 1687 dentium,
3175 1622 3299 1677 licet
3328 1620 3600 1690 paululum

2035 1722 2105 1772 ob
2147 1726 2361 1772 aetatem
2391 1717 2696 1770 viderentur
2733 1713 2931 1780 attriti,
2963 1727 3169 1767 necnon
3198 1722 3251 1766 et
3294 1712 3487 1780 pedum
3526 1709 3598 1767 in-

364 1818 464 1855 nec
491 1802 737 1868 paciﬁcus
757 1804 969 1871 quidem
994 1816 1174 1856 sermo
1199 1818 1318 1855 cum
1344 1802 1419 1855 eis
1442 1801 1725 1871 aliquando
1750 1799 1929 1867 fuerit,
1966 1837 2007 1893 Β
2036 1822 2243 1863 θεεδυιη
2262 1846 2277 1871 ,
2306 1807 2466 1861 totius
2496 1810 2654 1859 etiam
2685 1807 2924 1874 corporis
2952 1804 3253 1858 ﬁrmitatem
3272 1842 3289 1868 ,
3319 1801 3392 1855 ita
3415 1810 3599 1856 contra

366 1906 578 1962 propter
606 1911 816 1963 pravam
844 1911 1029 1949 eorum
1060 1896 1417 1958 voluntatem,
1447 1906 1504 1949 et
1534 1894 1772 1963 pertinax
1804 1909 1935 1949 con-

367 2001 446 2041 tra
473 1987 739 2042 Cltrismm
772 1989 988 2042 bellum.
1020 1987 1075 2041 In
1108 1989 1209 2042 hoc
1232 1996 1409 2041 autem
1440 1988 1606 2055 magis
1634 1994 1807 2041 estote
1835 1985 1936 2039 sol-

362 2078 525 2142 liciti,
554 2088 612 2131 ut
644 2077 849 2132 Domini
889 2087 1149 2146 lirazcepta
1196 2078 1443 2141 servetis,
1476 2087 1534 2130 ut
1563 2087 1683 2145 post
1709 2083 1934 2131 mortem

364 2179 590 2223 vestram
636 2170 803 2223 sancti
851 2168 1066 2239 quique,
1112 2170 1262 2238 quasi
1312 2169 1512 2222 amicos
1556 2177 1611 2222 et
1657 2183 1834 2235 notos,
1882 2169 1932 2221 in

362 2270 553 2314 :eterna
593 2274 686 2313 vos
732 2260 986 2325 recipiant
1028 2260 1364 2314 tabernacula
1413 2258 1592 2329 (Luca:
1621 2260 1754 2328 xvi).
1808 2259 1932 2313 ΙΙωο

360 2354 607 2420 cogitate.
639 2350 757 2405 haec
797 2351 992 2419 sapite,
1027 2350 1142 2404 haec
1189 2350 1451 2417 retexite;
1492 2359 1547 2404 et
1592 2351 1638 2404 si
1681 2365 1782 2420 qua
1829 2350 1933 2403 mei

362 2445 515 2497 vobis
536 2458 681 2508 cura,
710 2444 754 2497 si
797 2459 897 2511 qua
932 2444 1096 2510 patris
1137 2444 1392 2496 memoria
1420 2451 1533 2503 est.
1562 2443 1608 2497 si
1638 2442 1767 2496 mihi
1793 2442 1937 2496 vica-

361 2534 497 2588 rium
528 2534 852 2598 reiirmstatis
878 2533 1123 2587 affectum
1149 2531 1315 2601 (154),
1352 2535 1525 2588 nullus
1547 2533 1611 2586 ad
1642 2532 1932 2603 IEgyptum

365 2641 513 2680 meas
544 2626 773 2693 perferat
802 2625 1076 2693 reliquias,
1112 2642 1177 2678 ue
1207 2640 1343 2678 vano
1369 2640 1562 2693 corpus
1592 2624 1793 2680 honore
1822 2640 1933 2679 ser-

365 2727 541 2779 vetur,
569 2730 636 2770 ne
664 2715 939 2781 vituperati
957 2755 973 2780 ,
1001 2724 1057 2769 ut
1078 2716 1262 2778 nostis,
1288 2731 1318 2769 a
1345 2732 1429 2770 me
1456 2717 1588 2770 ritus
1613 2717 1769 2771 etiam
1793 2716 1929 2770 circa

364 2821 451 2861 me
493 2817 772 2860 serventur
811 2806 1086 2876 obsequia.
1123 2806 1289 2876 Hujus
1318 2808 1458 2861 enim
1488 2809 1564 2861 rei
1607 2807 1774 2877 gratia
1817 2823 1931 2861 ma-

367 2899 509 2952 xime
539 2898 640 2951 huc
667 2912 781 2951 sum
810 2912 1103 2966 regressus.
1137 2898 1239 2953 Vos
1270 2899 1426 2968 igitur
1458 2899 1618 2952 humo
1639 2900 1819 2968 legite,
1838 2913 1932 2953 vos

366 2991 531 3060 patris
576 2991 780 3059 operite
826 2991 1230 3059 corpusculum,
1274 2999 1329 3045 et
1372 2991 1496 3046 illud
1538 3006 1748 3062 quoque
1786 2993 1930 3047 senis

366 3081 528 3135 vestri
557 3082 818 3135 custodite
848 3082 1151 3135 mandatum
1170 3126 1185 3150 ,
1215 3091 1270 3136 ut
1301 3097 1460 3137 nemo
1486 3091 1677 3151 praeter
1701 3092 1931 3137 vestram

2032 1900 2149 1970 jura
2178 1909 2378 1953 naturae
2408 1898 2713 1951 meriturum
2738 1894 2901 1966 gratia
2923 1893 3225 1957 custodivit,
3249 1903 3307 1946 ut
3332 1893 3595 1947 lautorum

2037 2006 2355 2061 corporum,
2384 2004 2503 2059 quae
2546 1989 2748 2044 balneis
2787 1999 2946 2056 atque
2983 1986 3191 2042 deliciis
3228 1983 3594 2049 confoveutur,

2037 2084 2256 2137 hilarior
2283 2082 2397 2149 ejus
2424 2095 2548 2134 caro
2578 2079 2859 2133 videretur.

2106 2173 2234 2228 Car.
2265 2172 2397 2227 LXI.
2420 2201 2492 2215 —
2518 2172 2629 2225 Hoc
2658 2171 2816 2225 etiam
2835 2208 2854 2238 ,
2884 2169 3095 2231 fratres.
3122 2168 3263 2237 quod
3293 2182 3387 2238 per
3414 2180 3601 2223 omnes

2040 2266 2338 2332 provincias
2378 2277 2528 2317 amor
2563 2262 2681 2330 ejus
2725 2261 2966 2330 famaque
3009 2259 3274 2322 volitavit,
3302 2272 3460 2328 quem
3504 2272 3603 2313 nec

2036 2356 2293 2409 librorum
2323 2353 2785 2406 disseminatorum
2821 2351 2990 2405 oratio
3019 2350 3278 2405 luculenta
3307 2348 3479 2419 (I42),
3508 2364 3604 2404 nec

2034 2446 2317 2531 mundanae
2340 2446 2615 2515 sapientiae
2640 2444 2950 2513 disputatio,
2975 2459 3071 2498 nec
3095 2444 3339 2499 nobilitas
3364 2444 3601 2512 generis,

2033 2554 2134 2596 nec
2159 2555 2317 2609 apum
2347 2538 2554 2593 inﬁnita
2596 2537 2870 2607 congestio
2897 2537 3318 2601 commendavit,
3348 2537 3435 2591 cui
3477 2552 3598 2592 om-

2034 2632 2179 2685 nium
2208 2643 2305 2684 ore
2340 2637 2425 2683 est
2464 2628 2869 2692 ascribendum,
2902 2628 3009 2683 nisi
3053 2628 3284 2694 Christo,
3313 2628 3464 2696 cujus
3503 2628 3604 2682 hoc

2032 2724 2228 2777 donum
2258 2721 2377 2776 est?
2405 2720 2495 2789 qui
2525 2722 2748 2776 devotos
2772 2720 2888 2790 ejus
2914 2720 3124 2775 animos
3146 2734 3271 2789 erga
3301 2734 3449 2774 suam
3474 2734 3605 2785 pra:-

2032 2812 2218 2868 videns
2250 2812 2580 2881 maiestatem
2600 2851 2617 2876 ,
2649 2809 2919 2866 hominem
2961 2810 3067 2865 alio
3121 2823 3255 2877 pene
3296 2811 3425 2864 orbe
3453 2808 3599 2864 cela-

2034 2912 2178 2970 tum,
2223 2912 2280 2957 et
2320 2900 2460 2956 inter
2504 2910 2674 2955 tantas
2719 2899 2947 2969 positum
2994 2899 3334 2963 solitudines,
3377 2898 3599 2963 Africa,

2042 2994 2335 3063 Hispania,
2365 2992 2574 3058 Gallias,
2621 2990 2807 3056 Italiae,
2841 2991 3070 3062 Illyrico,
3102 2992 3200 3060 ipsi
3244 2992 3438 3056 etiam,
3483 3007 3605 3061 qua:

2040 3086 2250 3138 urbium
2280 3092 2438 3152 caput
2478 3092 2594 3145 est.
2622 3082 2806 3136 Roma:
2833 3082 3004 3152 (I43),
3040 3091 3096 3136 ut
3140 3084 3189 3136 in
3220 3083 3439 3137 exordio
3485 3099 3607 3151 pro-

366 3173 708 3228 dilectionem
740 3174 912 3228 locum
962 3175 1145 3228 tumuli
1192 3175 1296 3229 mei
1344 3176 1571 3232 noverit.
1614 3175 1834 3229 Conﬁdo
1878 3175 1929 3228 in
1957 3211 2005 3269 α
2037 3176 2288 3240 miserat,
2320 3175 2725 3230 demonstravit.
2752 3174 3020 3228 Creatoris
3048 3183 3129 3228 est
3155 3175 3254 3228 ista
3284 3174 3602 3243 benignitas,

368 3266 613 3329 Domino,
638 3265 759 3334 quia
799 3267 1101 3320 necessario
1130 3267 1535 3322 resurrectionis
1562 3276 1800 3336 tempore
1832 3267 1933 3322 hoc

366 3360 738 3427 corpusculum
788 3371 1026 3428 resurget
1072 3360 1453 3428 incorruptum.
1488 3359 1931 3416 Vestimentorum

366 3459 544 3505 autem
586 3464 826 3505 meorum
867 3449 941 3505 sit
988 3451 1091 3506 ista
1139 3452 1330 3507 divisio
1368 3452 1519 3523 (I55)
1548 3472 1562 3506 :
1595 3453 1839 3509 Melotem
1881 3462 1937 3509 et

365 3542 579 3613 pallium
612 3544 809 3607 tritum,
842 3544 926 3598 cui
973 3543 1304 3613 superjaceo,
1337 3546 1629 3601 Athanasio
1676 3538 1930 3616 episcopo

365 3635 509 3698 date,
530 3633 667 3703 quod
692 3632 822 3687 mihi
843 3649 1038 3689 novum
1062 3636 1176 3705 ipse
1195 3636 1455 3692 detulerat
1479 3637 1650 3710 (136).
1675 3638 1937 3709 Serapion

366 3725 646 3794 episcopus
689 3725 838 3797 (l‘57)
884 3727 1049 3797 aliam,
1066 3728 1287 3798 accipiat
1323 3730 1602 3796 melotem;
1635 3746 1732 3785 vos
1770 3731 1938 3787 cilici-

368 3835 493 3873 num
528 3820 773 3875 habetote
802 3821 1205 3889 vestimentum,
1234 3831 1288 3877 et
1314 3823 1507 3889 valete,
1536 3826 1736 3880 viscera
1779 3842 1893 3879 mea
1917 3843 1931 3889 ;

368 3912 629 3964 Antonius
667 3911 807 3964 enim
838 3909 1052 3981 migrat,
1082 3923 1136 3967 et
1159 3911 1268 3983 jam
1310 3930 1413 3969 non
1455 3916 1557 3970 erit
1596 3917 1647 3969 in
1686 3918 1934 3985 praesenti

368 4000 562 4053 MEClIIO
585 4000 877 4054 vobiscum.

443 4093 575 4147 Car.
604 4091 740 4146 LIX.
770 4122 842 4134 —
870 4093 1041 4150 Verba
1090 4094 1324 4160 ﬁnierat,
1373 4106 1428 4151 et
1471 4099 1832 4153 osculantibus
1879 4115 1940 4155 se

377 4180 673 4249 discipulis,
700 4184 996 4238 extendens
1026 4188 1293 4254 paululum
1328 4188 1507 4255 pedes,
1538 4201 1761 4244 mortem
1789 4191 1941 4247 latus

375 4274 584 4340 aspexit
611 4274 798 4341 (1'58);
829 4276 897 4329 ita
942 4286 998 4329 ut
1024 4293 1089 4330 ex
1122 4277 1384 4332 hilaritate
1413 4281 1583 4333 vultus
1610 4280 1749 4350 ejus,
1777 4297 1936 4352 augeo

374 4364 545 4419 lorum
576 4375 913 4428 sanctorum,
946 4366 1033 4434 qui
1077 4366 1142 4420 ad
1176 4367 1540 4436 perferendam
1568 4369 1796 4423 animam
1827 4372 1942 4438 ejus

382 4459 798 4526 descenderant,
844 4460 1118 4528 przesentia
1174 4471 1498 4517 nosceretur.
1555 4462 1660 4514 llos
1708 4446 1939 4529 intuens,

2035 3270 2125 3339 qui
2154 3268 2378 3322 famulos
2420 3283 2568 3332 suos,
2612 3266 2735 3321 licet
2760 3268 3022 3332 nolentes,
3051 3268 3331 3323 nobilitare
3371 3284 3599 3324 consue-

2035 3361 2141 3423 vit,
2172 3367 2228 3412 ut
2255 3358 2421 3412 virtus
2444 3358 2711 3427 possibilis
2738 3373 2835 3413 nec
2860 3368 3009 3413 extra
3038 3359 3320 3412 humanam
3358 3374 3481 3414 esse
3510 3374 3604 3415 ua-

2036 3458 2205 3504 turam
2229 3458 2529 3504 sanctorum
2551 3448 2804 3504 doceatur
2823 3448 3099 3519 exemplis,
3122 3460 3178 3504 et
3198 3450 3265 3504 ad
3288 3450 3461 3505 beata:
3485 3452 3608 3506 vita:

2048 3542 2427 3609 imitationem,
2456 3557 2521 3597 ex
2552 3542 2727 3596 fructu
2770 3542 2968 3597 laboris
3004 3544 3235 3611 optimus
3260 3544 3484 3612 quisque
3510 3544 3609 3598 iut-

2047 3633 2292 3704 pellatur.

2107 3724 2236 3779 Csr.
2266 3722 2425 3779 LXll.
2450 3752 2520 3767 -—
2548 3723 2697 3779 Ilunc
2739 3724 2919 3793 itaque
2962 3724 3209 3779 fratribus
3250 3724 3442 3779 librum
3489 3737 3605 3778 ms-

2046 3830 2278 3884 gnopere
2304 3814 2574 3884 perlegere
2594 3822 2803 3880 curate,
2834 3825 2910 3875 ut.
2939 3813 3114 3884 agnita
3140 3813 3281 3869 ﬁdeli
3309 3816 3415 3869 vita
3442 3814 3607 3870 subli-

2046 3909 2210 3960 mium
2240 3905 2659 3960 Christianorum
2707 3915 2760 3960 et
2804 3908 3218 3972 monachorum,
3250 3906 3421 3960 sciaut
3464 3904 3604 3972 quod

2043 3998 2286 4054 Salvator
2317 4007 2498 4052 noster
2524 3998 2680 4052 Jesus
2710 3995 2955 4053 Christus
2981 4000 3345 4069 gloriﬁcantes
3371 4014 3429 4054 se
3455 3997 3604 4068 glori-

2041 4089 2200 4157 ﬁcat,
2255 4099 2311 4145 et.
2352 4089 2706 4145 servientibus
2754 4090 2997 4155 sibimet,
3043 4107 3151 4146 non
3201 4098 3400 4146 tantum
3446 4103 3605 4157 regna

2042 4189 2336 4251 caelorum,
2379 4187 2470 4241 sed
2504 4186 2663 4242 etiam
2692 4186 2779 4240 hic
2814 4186 2868 4240 in
2913 4186 3039 4255 ipsis
3086 4186 3345 4240 montium
3391 4181 3613 4239 secretis

2043 4280 2208 4334 latere
2230 4278 2584 4347 cupientibus,
2614 4278 2768 4332 famas
2792 4278 2973 4332 tribuit
3001 4277 3359 4339 nobilitatem;
3388 4275 3612 4339 scilicet,

2043 4380 2103 4425 ut
2123 4378 2179 4425 et
2210 4372 2306 4440 ipsi
2336 4367 2577 4424 fruantur
2601 4369 2757 4423 laude
2786 4370 3118 4434 meritorum,
3145 4379 3197 4423 et
3226 4368 3404 4423 cieteri
3428 4381 3612 4421 eorum

2050 4471 2408 4529 provocentur
2432 4460 2710 4527 exemplis.
2737 4459 2790 4515 Si
2818 4470 2993 4515 autem
3033 4460 3387 4515 necessarium
3416 4455 3605 4521 fuerit,

384 4559 630 4616 tanquam
668 4550 866 4603 amicos
907 4550 1139 4614 videret,
1171 4552 1398 4605 animam
1432 4551 1728 4621 exhalavit,
1757 4564 1812 4608 et
1843 4555 1939 4608 ad-
1973 4582 2029 4641 Β
2053 4563 2106 4607 et
2132 4552 2377 4619 gentibus
2403 4551 2581 4621 legite,
2609 4561 2665 4603 ut
2691 4550 2774 4604 vel
2804 4550 2881 4604 sic
2903 4562 3191 4617 agnoscant
3212 4550 3329 4620 quia
3356 4546 3609 4602 Dominus

382 4638 520 4694 ditus
550 4649 633 4694 est
676 4641 909 4709 patribus
940 4640 1230 4695 secundum
1260 4641 1495 4695 ordinem
1525 4642 1940 4710 Scripturarutu.

384 4729 742 4785 Servaveruut
770 4730 1013 4783 mandata
1046 4730 1290 4798 discipuli
1339 4730 1513 4802 (159),
1546 4733 1837 4787 involutum
1866 4734 1947 4803 (ut

387 4822 731 4891 praeerperat)
765 4836 959 4890 corpus
989 4821 1149 4876 lnnno
1192 4823 1523 4891 opericutes;
1551 4836 1597 4878 et
1631 4840 1787 4880 nemo
1812 4825 1947 4881 inte-

390 4913 488 4967 rim
520 4928 685 4981 usque
711 4913 775 4966 ad
808 4912 941 4966 hanc
969 4912 1145 4977 diem,
1176 4925 1369 4981 printer
1392 4928 1504 4977 eos,
1536 4913 1626 4968 ubi
1664 4915 1731 4968 sit
1760 4916 1945 4971 condi-

387 5012 493 5055 tum
512 5044 528 5068 ,
564 5004 728 5057 novit.
759 5003 1066 5075 Legatarius
1094 5014 1268 5057 autem
1300 5005 1510 5057 Antonii
1539 5004 1800 5059 benedicti
1819 5044 1833 5071 ,
1861 5007 1946 5075 qui

2054 4652 2237 4696 noster
2261 4640 2417 4696 Jesus
2440 4641 2682 4695 Christus
2703 4655 2809 4695 non
2832 4641 3003 4695 solum
3026 4651 3108 4697 est
3130 4642 3286 4706 Dens,
3304 4640 3396 4694 Dei
3423 4637 3615 4707 Filius,

2058 4736 2150 4787 sed
2182 4735 2341 4788 etiam
2374 4736 2457 4787 his
2480 4735 2568 4803 qui
2594 4748 2716 4787 eum
2748 4733 2971 4789 sollicite
2999 4734 3210 4801 colunt,
3240 4733 3374 4790 etin
3405 4747 3524 4789 eum
3558 4735 3617 4784 ti-

2053 4827 2241 4880 deliter
2262 4826 2515 4891 credunt,
2539 4826 2675 4879 hanc
2696 4824 2843 4879 dedit
2866 4836 3179 4894 potestatein
3198 4865 3216 4891 ,
3241 4833 3299 4879 ut
3318 4825 3611 4888 daemones,

2055 4934 2188 4989 quos
2224 4918 2298 4973 illi
2329 4919 2459 4972 deos
2487 4931 2607 4973 esse
2629 4917 2970 4982 arbitrantur,
2998 4918 3309 4975 conculcent
3336 4929 3495 4984 atque
3521 4912 3616 4980 eji-

2058 5012 2234 5077 ciant,
2265 5012 2576 5080 deceptores
2622 5007 2824 5066 scilicet
2866 5009 3168 5074 hominum,
3199 5019 3252 5063 et
3289 5010 3453 5063 totius
3497 5019 3616 5060 cor-

392 5098 580 5149 Iritum
626 5096 838 5161 pallium
869 5111 988 5151 cum
1028 5095 1220 5149 nielote
1264 5095 1484 5163 imperio
1521 5093 1636 5163 ejus
1686 5106 1955 5152 meruerat
2062 5102 2320 5170 ruptionis
2349 5101 2594 5158 artiﬁces.

1434 5288 1651 5332 EPILOG
1662 5288 1729 5330 US
1776 5290 2035 5335 EVAGBII
2083 5291 2521 5339 INTERPIETIS.

464 5436 652 5503 Itaque
681 5433 989 5501 prudentes,
1024 5438 1111 5506 qui
1141 5438 1317 5505 legere
1343 5438 1609 5493 voluerint
1637 5440 1771 5495 hanc
1799 5441 2112 5511 scripturam
2132 5485 2146 5507 .
2177 5443 2517 5501 obsecramus
2545 5457 2605 5502 ut
2646 5447 2776 5505 dent
2807 5450 3055 5513 veniam,
3082 5450 3126 5505 si
3156 5449 3326 5507 Graeci
3358 5454 3619 5509 sermonis

396 5530 506 5582 vim
534 5527 835 5598 exprimere
865 5542 970 5583 non
998 5527 1281 5597 potuimus,
1312 5529 1691 5585 transferentes
1721 5546 1842 5585 eum
1872 5531 1925 5586 in
1958 5529 2198 5587 Latinam
2225 5533 2487 5605 linguam,
2519 5536 2643 5591 licet
2666 5546 2847 5593 contra
2879 5547 3119 5593 nostrum
3151 5541 3476 5608 propositum
3508 5543 3619 5597 btet

393 5617 699 5676 fecerimus.
733 5617 835 5673 Sed
864 5632 969 5672 non
998 5616 1146 5686 quasi
1174 5618 1466 5671 invidentes
1494 5619 1802 5673 nolebamus
1827 5618 2023 5685 facere,
2048 5622 2143 5677 sed
2181 5623 2501 5680 sufﬁcienter
2523 5626 2695 5681 sciens
2721 5637 2969 5698 quantam
3000 5630 3357 5690 inﬁrmitatem
3390 5636 3617 5689 sustinet

392 5712 618 5769 timetis
649 5723 825 5764 sermo
854 5706 1138 5762 translatus
1161 5708 1212 5760 in
1243 5706 1610 5771 Latinitatem;
1642 5720 1815 5771 tamen
1846 5712 2124 5774 maluimus
2156 5710 2395 5771 Graecum
2428 5732 2729 5775 sermonem
2757 5720 2855 5776 hoc
2880 5723 3160 5792 sustinere,
3191 5740 3347 5796 quam
3378 5727 3613 5789 fraujem

1858 6260 2057 6269 .-Λ-μ...»
2070 6260 2251 6271 -ρμμ-ρνν
2256 6257 2277 6265 ο
2302 6256 2305 6257 ν
