4016 6278
461 347 555 402 191

526 459 632 508 Non
654 458 797 507 modo
819 472 929 519 qua:
952 455 1147 506 tumulis
1171 457 1302 519 bene
1328 454 1516 519 condita
1542 467 1658 500 sava
1683 458 1940 501 reservant
1961 487 1973 507 ,

525 521 622 570 Aut
646 515 855 570 Arabum
881 519 1093 568 solidans
1119 517 1275 578 pulvis
1306 515 1524 576 odorque
1551 522 1709 564 tenet.

459 598 533 658 lita
555 611 700 658 recte
727 617 936 668 quoque
967 602 1184 654 Arabum
1217 613 1314 667 pro
1346 615 1526 651 arvum
1556 598 1685 664 legit
1715 597 2032 650 Sirmondtts

461 686 661 734 uOSIer.
692 674 755 726 ad
787 673 1084 736 Sidonium,
1118 672 1206 724 lib.
1238 686 1310 733 ιιι,
1343 671 1498 733 epist.
1534 668 1618 720 15.

537 745 712 796 Daniel
747 743 1007 810 lleyn-ius
1038 742 1088 794 in
1119 740 1435 810 Crepundiis
1465 737 1676 792 Silianis
1700 737 2032 810 proodnrato

461 829 589 868 saxo
619 809 988 882 suspicabatur
1027 812 1302 882 legendum
1339 809 1553 882 odorata
1578 818 1730 882 taxo,
1763 809 1810 882 id
1841 817 1915 856 est
1953 821 2039 858 re-

459 878 756 936 cmnlilorio
796 899 825 935 e
874 892 995 935 taxo
1031 878 1342 943 fabrefacto,
1385 888 1438 930 et
1475 879 1663 944 θηκαίῳ
1692 881 1952 942 οἰκήματι.
1986 884 2040 928 ιιι

462 952 698 1018 loquitur
731 952 1045 1004 Herodotus.
1079 951 1329 1001 Claudius
1371 946 1808 1018 Dausque’usad
1855 946 2039 1018 Silium

459 1015 728 1077 existimat
754 1039 935 1073 sartum
957 1023 1224 1072 odoratum
1253 1018 1380 1083 dici,
1413 1019 1492 1071 vel
1517 1018 1636 1086 quia
1662 1015 1785 1079 tale,
1813 1015 1894 1069 vel
1916 1016 2040 1082 quia

459 1095 687 1146 Cadaver
715 1092 966 1144 odoribus
989 1091 1278 1144 dilfcrtutn.

535 1163 756 1227 Dignum
779 1170 982 1225 notato,
1004 1162 1141 1229 quod
1164 1168 1247 1211 est
1265 1156 1403 1229 apud
1421 1155 1728 1229 Cassianum
1747 1154 2036 1229 collat_._xv,

462 1246 582 1296 cap.
601 1223 662 1290 V3.
689 1249 748 1284 ex
773 1223 1036 1284 relatione
1052 1229 1343 1280 Nestcrotis
1359 1226 1586 1288 abbatis,
1613 1226 1722 1292 qui,
1746 1241 1849 1296 cur
1879 1223 2042 1293 Aigy-

461 1295 554 1370 ptii
578 1301 834 1354 cadavera
855 1300 1152 1360 condirent,
1188 1305 1242 1348 et
1267 1299 1316 1349 iu
1336 1296 1655 1370 editioribus
1678 1295 1882 1370 cellulis
1907 1311 2038 1370 Coti-

463 1363 672 1431 derent,
719 1372 853 1422 hanc
883 1370 1145 1431 originem
1175 1378 1226 1419 et
1255 1381 1466 1420 causam
1502 1366 1682 1418 refert.
1721 1383 1736 1414 ι
1771 1364 1920 1417 Hunc
1949 1363 2042 1416 IE-

461 1441 655 1510 Sl’Pliis
682 1456 883 1493 morem
918 1440 1014 1492 t\’ili
1063 1435 1526 1510 ﬂuminis-invexit
1554 1435 1868 1510 eluvies,_ut
1909 1449 2042 1510 quo:

463 1503 606 1563 niam
642 1509 885 1563 universa
917 1519 1072 1562 teme
1120 1509 1257 1560 illius
1302 1504 1546 1572 latitudo,
1587 1508 1751 1557 instar
1791 1503 2038 1557 immensi

461 1578 655 1645 pelagi,
693 1596 794 1632 non
831 1595 992 1645 parvo
1022 1579 1144 1631 anni
1171 1586 1411 1643 tempore
1442 1575 1595 1628 solita
1627 1589 2041 1645 aquarumertif

465 1642 645 1715 ptioiie
684 1642 1004 1715 contegitur,
1037 1648 1107 1700 ila
1140 1656 1194 1699 ut
1229 1642 1371 1699 nulla
1414 1657 1539 1696 tunc
1582 1644 1828 1711 cuiquam
1860 1642 2036 1696 viandi

467 1721 618 1787 cOpia
641 1719 740 1771 nisi
766 1722 1056 1772 lemborum
1085 1717 1473 1770 transvectione
1502 1715 1782 1787 tribuatur,
1813 1727 2040 1787 corpora

463 1783 792 1842 mortuorum
826 1789 1110 1857 pigmv-ntis
1135 1788 1346 1857 condita
1378 1784 1771 1851 redolentibus,
1819 1784 1872 1838 in
1915 1783 2038 1838 edi-

462 1859 684 1911 tioribus
713 1856 916 1912 crllnlis
949 1856 1324 1912 recondantur.

535 1929 687 1995 (l5'2)
733 1927 925 1980 Vitium
953 1928 1089 1980 circa
1133 1928 1398 1995 defunctos
1437 1923 1684 1995 Egypti.
1709 1921 2040 1995 Sanctorum

467 1993 683 2050 Antonii
707 2007 760 2050 et
779 1999 1048 2051 Athanasii
1077 1993 1328 2056 mentem,
1353 2005 1604 2047 ouautmn
1624 1994 1688 2046 ad
1709 1993 1878 2046 locum
1906 1994 2044 2048 hunc

463 2068 674 2130 attinet,
706 2073 810 2133 jam
841 2069 964 2120 olim
998 2067 1261 2134 explicuit
1290 2065 1669 2134 Damascenus,
1713 2071 1850 2115 orat.
1897 2063 1944 2127 1,
1975 2063 2045 2117 de

462 2128 680 2205 lmagin.
706 2128 727 2190 ἐ
758 2137 1038 2207 "lapsaret:
1065 2128 1640 2208 ,ὰακὰριονῖΑθανάρ-ιργ,
1664 2136 2044 2208 ἀπηγορευκὴσ.

460 2207 519 2260 τὸ
549 2201 597 2257 ἔτι
619 2209 824 2270 hiemi;
843 2201 1151 2261 ’τιθέναίτά
1181 2201 1279 2260 ’ἑῶν
1318 2205 1472 2271 ἁγίων
1502 2203 1735 2273 λείψανα,
1775 2201 1956 2273 iacvlo?
1989 2201 2044 2256 δέ

459 2284 846 2347 προστάττοντα
872 2279 974 2331 ὑπὸ
1000 2285 1090 2348 γῆν
1110 2271 1598 2348 ταὺταγκαλύπτεινζ
1626 2275 1684 2348 to
1718 2271 1901 2348 o'i'rorrav
1931 2271 2044 2332 ἴθος

458 2344 557 2399 τῶν
595 2354 878 2418 Αἰγυπτίων
911 2344 1229 2418 κατειργῆσξᾳι
1269 2347 1588 2418 ﬂaviniaque,
1613 2344 1818 2418 circi};
1854 2344 2044 2418 {auram

459 2415 682 2488 νεκροὺς-⁷2
717 2417 836 2486 οὐχ’
874 2418 976 2470 ὑπὸ
1027 2415 1117 2484 ορῆν
1152 2416 1421 2486 ἔκρυπτον,
1462 2415 1565 2466 ἀλλ’
1605 2417 1689 2468 ἐπὶ
1731 2415 1906 2488 κλινῶν
1936 2417 2044 2488 ’καὶ

461 2483 1042 2555 σκίμποδίωνῖτίθουνέ
1106 2504 1126 2534 ι
1155 2483 1364 2540 Scimus
1403 2494 1645 2555 sanctum
1697 2483 2039 2555 Athanasium

462 2553 766 2607 sanctorum
800 2557 1070 2622 reliquias,
1119 2571 1164 2608 nt
1190 2572 1222 2608 η
1271 2557 1319 2606 in
1356 2556 1502 2605 urnis
1537 2554 1895 2612 collocandus,
1949 2553 2040 2606 Sed

459 2622 602 2676 humi
633 2626 937 2680 condendas
965 2640 1085 2679 es~c
1115 2640 1179 2677 eo
1205 2625 1426 2679 consilio
1448 2626 1739 2688 censuisse,
1766 2635 1818 2675 ut
1847 2623 2039 2676 abbr-

458 2693 584 2745 dum
629 2695 998 2762 Egyptiorum
1059 2710 1261 2749 morem
1318 2694 1617 2762 abrogaret.
1664 2695 1750 2760 qui
1804 2699 2042 2747 mortuos

464 2778 593 2816 suos
618 2760 719 2817 non
738 2760 840 2818 sub
868 2773 1008 2818 terra
1035 2767 1353 2824 condebant,
1376 2760 1470 2817 sed
1499 2763 1548 2816 in
1578 2763 1785 2816 lectulis
1811 2771 1862 2812 rt
1883 2764 2044 2815 scim-

462 2833 635 2899 podiis
666 2836 1016 2888 collocabant.
1053 2855 1070 2886 ι
1129 2837 1216 2888 Sic
1247 2836 1532 2897 Arsenius,
1565 2835 1701 2900 apud
1735 2832 1998 2885 ltutlinum
2027 2872 2041 2895 ,

461 2902 554 2973 lib.
583 2919 640 2969 tt,
677 2921 730 2957 n.
782 2906 900 2966 165.
939 2907 1215 2973 alloquens
1253 2905 1542 2973 discipulos
1589 2906 1688 2956 sub
1727 2902 2038 2955 intermina-

458 2972 606 3044 tione
628 2976 790 3027 divini
811 2977 994 3044 judicii
1023 2972 1094 3028 ait
1125 2994 1138 3028 :
1177 2995 1194 3027 ι
1221 2975 1272 3028 Si
1306 2972 1458 3028 alicui
1491 2975 1558 3027 de
1584 2989 1702 3026 meo
1725 2975 2043 3044 corpusculo

461 3042 658 3111 aliquid
690 3042 836 3099 velut
879 3047 1131 3113 reliquias
1159 3045 1432 3100 dederitis.
1468 3062 1486 3094 ι
1539 3045 1687 3108 Quod
1721 3044 1856 3109 apud
1893 3042 2040 3096 Pela-

459 3115 626 3180 gium,
653 3116 830 3168 libello
859 3132 947 3176 xv,
973 3133 1028 3170 ιι.
1053 3123 1104 3172 tl.
1131 3129 1212 3169 cst
1243 3134 1253 3167 :
1295 3135 1310 3166 ι
1339 3117 1391 3169 Si
1419 3116 1766 3177 permiseritis
1795 3115 2039 3178 Cuiquam

459 3184 525 3236 de
545 3197 769 3250 corpore
793 3201 910 3238 meo
934 3186 1129 3253 aliquid
1165 3187 1354 3240 facere.
1387 3202 1406 3236 ι
1437 3184 1759 3253 Subjungam
1782 3190 1837 3238 et
1857 3197 2042 3238 recen-
2073 3182 2118 3243 C

460 3254 654 3306 tiorum
683 3256 1115 3323 explicationem.

534 3323 812 3389 Barnnius,
836 3340 974 3377 anno
999 3327 1094 3379 Clit
1112 3326 1194 3379 isti
1220 3323 1346 3388 558,
1378 3324 1572 3379 Libcrii
1598 3339 1743 3392 papa:
1771 3323 1859 3387 15,
1896 3325 2038 3380 Con-

464 3395 641 3446 stantii
667 3395 1002 3460 imperatoris
1023 3396 1092 3448 22
1121 3415 1134 3448 :
1166 3416 1182 3445 ι
1211 3395 1290 3448 0b
1311 3412 1468 3464 quam
1494 3396 1672 3458 etiam,
1700 3396 1890 3458 inquit,
1915 3410 2037 3448 can-

459 3476 573 3514 sam
616 3466 875 3518 Antonius
920 3467 1010 3532 (ne
1049 3467 1254 3518 scilicet
1290 3467 1510 3534 aequalis
1553 3464 1747 3518 Sanctis
1789 3465 1838 3516 in
1884 3469 2038 3517 terris

462 3536 633 3586 honor
659 3536 756 3588 sibi
791 3535 1174 3604 impertirctnr)
1223 3536 1498 3598 antiquum
1542 3536 1684 3588 illiilli
1719 3535 1769 3586 in
1804 3534 2036 3605 [Egypto

460 3617 664 3656 morem
695 3605 954 3667 inclitum,
990 3615 1044 3659 et
1072 3609 1134 3658 ad
1165 3606 1493 3659 Christianos
1531 3617 1900 3675 propagatura,
1947 3609 2031 3658 de-

460 3680 682 3728 testatus
711 3684 825 3741 est;
867 3690 971 3742 quo
1007 3683 1288 3728 charortttn
1324 3691 1552 3743 Corpora
1584 3690 1912 3742 nequaquam
1952 3689 2036 3728 se-

458 3743 688 3811 pultura:
716 3747 1072 3810 traderentur,
1107 3747 1199 3800 sed
1243 3745 1613 3811 pollinctormn
1640 3760 1687 3798 at
1705 3753 1754 3798 te
1776 3745 2034 3809 delibuta,

459 3814 531 3868 ita
563 3817 708 3867 arida
754 3816 1132 3880 reddebantur,
1160 3825 1216 3869 nt
1239 3818 1438 3883 absque
1464 3815 2036 3883 corruptionejntegra

461 3893 835 3950 servarentur;
870 3901 986 3952 quae
1010 3887 1086 3938 sic
1113 3885 1318 3937 reddita
1342 3881 1488 3950 quasi
1512 3881 1661 3938 tcnea
1683 3884 1748 3936 ah
1771 3881 2038 3952 Egyptiis

459 3954 540 4020 (ut
570 3966 755 4008 auctor
783 3965 863 4007 cst
895 3953 1242 4023 Augustinus)
1279 3955 1524 4022 gabbaras
1562 3954 1908 4018 dicebantur;
1960 3953 2034 4018 id,

460 4024 698 4088 inquam,
730 4025 864 4076 adeo
893 4024 1162 4089 displicuit
1192 4027 1442 4088 Antonio,
1491 4035 1546 4076 ut
1592 4038 1690 4076 nec
1729 4031 2034 4076 sanctorum

460 4094 808 4146 cadaveribus
840 4094 887 4145 id
911 4095 1066 4146 ol'licii
1099 4094 1456 4147 exhibendum
1484 4107 1602 4147 esse
1628 4093 1858 4154 diceret;
1913 4107 2033 4146 cum

459 4163 705 4227 exemplo
733 4164 971 4229 corporis
993 4164 1209 4231 Christi,
1239 4173 1541 4216 sanctorum
1569 4177 1778 4230 quoque
1805 4177 2032 4229 corpora

461 4239 644 4286 essent
664 4233 996 4286 recondenda
1028 4234 1304 4297 sepulcro;
1350 4234 1489 4301 quod
1520 4242 1775 4300 prtcstare
1800 4231 2032 4286 Ecclesia

462 4301 720 4354 catholica
749 4304 1050 4361 consuevit.
1083 4312 1140 4354 ut
1176 4305 1446 4356 beatorum
1480 4303 1735 4355 cadavera
1776 4303 2034 4369 sepulcris

459 4371 755 4435 clauderet,
790 4371 884 4424 Sed
917 4371 1466 4424 ltonorilicentiSsimis
1497 4382 1692 4438 tamen,
1731 4387 1922 4440 nempe
1949 4387 2033 4425 sa-

462 4443 567 4495 cris
593 4441 869 4494 altaribus.
900 4457 920 4491 ι
955 4441 1222 4494 Hactenus
1253 4440 1528 4494 Baronius.

530 4510 698 4564 David
741 4511 1091 4573 Haascbelins,
1131 4512 1269 4564 notis
1308 4512 1373 4563 ad
1419 4512 1555 4563 hanc
1593 4510 1760 4562 Vitam
1794 4528 1806 4562 :
1837 4510 2024 4566 Mirum

463 4579 654 4648 (inquit
685 4581 765 4632 vir
793 4584 964 4648 magni
995 4581 1244 4645 numinis,
1272 4591 1325 4634 et
1361 4581 1561 4648 judicio
1604 4580 2019 4648 eruditissimus)

458 4653 502 4703 si
544 4651 803 4704 Antonius
852 4652 1209 4704 humationem
1255 4665 1470 4718 prorsus
1510 4665 1628 4704 esse
1671 4655 2020 4705 necessariam

457 4720 665 4774 abscise
691 4721 873 4773 docuit
924 4737 1041 4773 cum
1074 4720 1306 4787 profecto
1330 4719 1615 4787 Joscpltus,
1638 4720 1831 4773 Gcncs.
1881 4737 1932 4784 ι,
1965 4737 2023 4775 se

459 4805 562 4844 non
605 4801 744 4844 terra
784 4791 958 4855 obrui,
1006 4795 1097 4842 sed
1143 4791 1312 4843 loculo
1353 4792 1589 4852 recomli,
1618 4801 1670 4844 et
1699 4809 1761 4842 ex
1795 4790 2026 4860 Ascypw
2057 4815 2069 4828 ι

458 4861 743 4930 aliquando
762 4861 1020 4926 asportari
1048 4860 1377 4928 prmceperit.
1402 4864 1425 4910 \
1441 4861 1582 4915 erius
1597 4876 1722 4926 ergo
1743 4866 2024 4913 Antonium

459 4930 559 4984 hoc
615 4943 816 4984 tantum
859 4931 1108 4993 voluisse,
1155 4943 1388 4983 mortuos
1428 4934 1580 4997 longe
1622 4931 1818 4984 rectius
1866 4933 2026 4982 homo

460 5004 744 5064 committi,
775 5017 954 5068 quam,
985 5001 1124 5070 quod
1156 5000 1387 5070 [Egyptti
1417 5001 1698 5063 faciebant,
1729 5001 1873 5070 domi
1902 5015 2030 5053 con-

459 5070 598 5122 ditos
627 5073 919 5137 asservari;
943 5069 1100 5140 idque
1125 5071 1539 5138 patriarcharum
1562 5085 1614 5125 et
1633 5069 1827 5124 Christi
1847 5083 2029 5123 exem-

459 5140 545 5208 plo
573 5141 934 5193 confirmasse.

533 5210 586 5262 ln
617 5211 960 5264 describenda
1007 5208 1374 5279 [Egyptiorum
1401 5209 1678 5263 conditura
1707 5207 1856 5279 multi
1883 5219 2022 5260 sunt.

456 5278 779 5344 Herodotus,
808 5279 898 5332 lib.
924 5296 956 5332 ll
975 5322 988 5345 ,
1017 5291 1070 5333 et
1089 5277 1380 5346 Diodorus,
1413 5280 1504 5333 lib.
1534 5294 1548 5331 ι
1577 5295 1590 5343 ;
1620 5293 1688 5332 ex
1719 5277 1910 5345 quibus
1932 5280 2028 5331 ob-

457 5363 663 5416 serves,
707 5349 965 5405 cadavera
1002 5352 1126 5404 olitu
1155 5351 1298 5404 domi
1337 5352 1607 5414 subrecta,
1660 5348 1711 5400 in
1760 5349 1931 5400 loculo
1959 5349 2023 5401 ad

457 5421 713 5485 parietem
762 5427 991 5484 statuta,
1044 5421 1180 5487 quod
1233 5419 1450 5474 Antonii
1501 5429 1656 5472 {etate
1703 5427 2020 5487 mutaverat.

457 5491 779 5542 Athanasius
803 5492 992 5558 quippe
1021 5486 1222 5545 diserte
1250 5489 1436 5542 scribit
1459 5488 1652 5541 lectulo
1679 5486 1877 5558 imponi
1899 5501 2026 5540 con-

455 5559 712 5629 suevissc.
732 5556 1050 5629 Credo,qno
1066 5559 1396 5629 commodius
1415 5572 1612 5629 mens-.2
1627 5556 2020 5629 accumbereut.

456 5627 570 5682 Huc
591 5632 730 5683 cnim
763 5626 1074 5698 ineptiarum
1111 5628 1371 5698 A'Igvptus
1415 5627 1785 5698 descenderat.
1831 5626 2023 5698 Luciu-

454 5713 573 5764 ttus,
605 5699 671 5753 de
703 5696 892 5765 Luctu,
936 5713 996 5751 se
1037 5699 1193 5751 bellis
1241 5696 1398 5766 hujus
1441 5696 1652 5766 generis
1691 5697 1927 5750 convivis
1969 5708 2024 5750 et

458 5770 850 5835 t'UlllptHUl'illus
883 5767 1185 5822 interfuisse
1216 5777 1414 5834 narrat,
1444 5765 1705 5822 Stamibus
1731 5779 1796 5820 an
1827 5766 2023 5822 cuban-

1488 338 1575 393 ΒΕ
1618 336 1796 397 VITIS
1838 335 2121 392 PATRUM
2163 336 2364 391 LlllEH
2408 337 2678 394 PRIMUS.

3626 346 3729 403 199

2067 456 2114 511 Α
2146 455 2305 516 tibus,
2335 455 2718 534 nonexplicat.
2754 453 2915 510 Paulo
2940 455 3212 526 antiquior
3233 455 3416 522 Silius,
3451 459 3590 517 libro
3611 478 3728 534 xm,

2145 536 2349 578 Stanles
2379 526 2534 579 habet
2571 541 2584 578 :

2676 632 2688 643 .
2729 634 2740 644 .
2781 631 2793 642 .
2832 633 2842 643 .
2987 593 3212 656 tEgyptia
3237 597 3383 648 tellus

2329 655 2473 765 glaud
2481 660 2519 705 it
2539 657 2740 706 odorato
2766 665 2874 719 post
2894 655 3037 706 funus
3049 655 3240 709 stantia
3261 673 3343 708 sax
3356 675 3387 708 o

2353 730 2643 778 .orpora.....

2143 798 2260 878 Alia
2291 798 2410 878 addi
2439 809 2703 867 poterant,
2727 801 2965 878 sedlitec
2996 803 3125 878 satis
3156 819 3424 870 superque
3453 811 3726 878 evincunt,

2143 870 2429 945 Antonium
2463 872 2969 945 tantamstultitiam
2999 875 3177 927 verius
3206 890 3365 941 quam
3392 870 3730 945 superstitio;

2142 955 2262 993 nem
2297 939 2435 993 ferre
2466 955 2568 992 non
2596 941 2868 996 debuisse.

2214 1011 2291 1089 lix
2323 1020 2504 1062 sancto
2528 1011 2837 1089 Augustino.
2867 1011 3112 1089 serunde
3137 1012 3509 1085 Diversislﬂo,
3532 1023 3731 1089 quiest

2142 1081 2288 1144 prior
2319 1089 2573 1133 tractatus
2605 1081 2670 1158 de
2701 1082 3095 1158 resurrectione
3135 1081 3504 1158 mortuorum,
3543 1081 3595 1144 ὁ.
3641 1093 3729 1158 12,

2144 1165 2360 1212 nomen,
2409 1165 2514 1217 quo
2539 1151 2796 1205 cadavera
2827 1155 2903 1206 sic
2929 1163 3110 1205 curata
3142 1156 3562 1220 appellarentur.
3597 1151 3732 1216 didi;

2144 1224 2405 1296 cimus-zu
2430 1221 2664 1290 Egyptii
2697 1236 2825 1289 ergo
2865 1223 2959 1296 soli
2988 1223 3216 1276 credunt
3251 1229 3724 1296 resurrectionem,

2142 1290 2261 1361 quia
2293 1291 2573 1344 dili:enter
2599 1301 2788 1344 curant
2817 1292 3073 1345 cadavera
3109 1303 3476 1361 m0t'tuorum;
3518 1290 3723 1356 morem

2143 1359 2284 1412 enim
2313 1361 2510 1416 habent
2538 1361 2744 1414 siccare
2772 1376 3016 1426 corpora,
3041 1371 3097 1415 et
3125 1366 3273 1429 quasi
3301 1359 3726 1431 {enea-reddere,

2143 1431 2389 1498 gubbaras
2411 1447 2472 1486 ea
2490 1433 2733 1483 vocantJ
2763 1431 2892 1498 Qute
2923 1447 3042 1486 mox
3067 1432 3297 1488 irridens
3327 1437 3546 1491 scribit:
3575 1458 3595 1490 ε
3619 1442 3729 1494 Soli

2143 1501 2380 1565 [Egvptii
2435 1502 2572 1554 bene
2615 1500 2844 1555 credunt
2888 1504 3335 1557 resurrectionem
3395 1516 3729 1563 mortuorum

2142 1585 2380 1631 suorum,
2416 1573 2641 1646 aliorum
2673 1571 3248 1646 vero_Christianorum
3277 1591 3395 1642 spes
3421 1576 3471 1629 in
3503 1593 3730 1646 angusm

2145 1651 2244 1714 est,
2283 1660 2298 1690 ι
2343 1641 2650 1714 ostendunt,
2681 1641 2817 1708 apud
2842 1640 3173 1695 Christianos
3200 1640 3421 1708 morem,
3445 1640 3729 1714 quamuith

2145 1711 2224 1763 vis
2252 1713 2494 1775 velitum,
2526 1712 2687 1766 etiam
2723 1721 2842 1777 post
2874 1714 3154 1765 Antonium
3192 1711 3580 1776 perseverasse.
3627 1721 3731 1774 Ha-

2147 1792 2331 1858 etenus
2355 1783 2394 1858 _6
2440 1783 2819 1853 μεγαλῶννμος,
2864 1787 2949 1836 καὶ
2996 1784 3085 1837 τὸν
3127 1791 3243 1858 iton
3285 1785 3727 1858 ὀξυδερκέστατος.

2151 1853 2320 1932 Atque
2355 1852 2609 1932 hactenus
2637 1852 2846 1920 quoque
2867 1867 2932 1932 ex
2960 1867 3055 1904 ore
3084 1854 3392 1932 calamoque
3415 1852 3590 1925 magni

2151 1922 2249 1974 viri
2280 1924 2644 1993 llceschclius,
2671 1937 2831 1987 quem
2862 1924 3032 1974 virum
3061 1922 3318 1993 magnum
3341 1922 3569 1980 Marcum
3609 1922 3732 1983 Vel"-

2150 2007 2327 2045 serum
2362 2008 2398 2044 ιι
2424 1995 2592 2046 virum
2631 1992 2733 2044 Pl‘.
2767 1995 3129 2060 Augttstanum
3159 1992 3278 2046 esse
3309 1996 3484 2048 nullus
3507 1998 3721 2052 dubito.

2149 2064 2299 2116 Adeo
2325 2063 2402 2115 vir
2427 2064 2516 2116 ille
2541 2063 3023 2133 ubiquedoctrinte
3048 2077 3160 2133 sine
3185 2063 3347 2116 radiis
3376 2081 3434 2118 se
3456 2069 3654 2133 prodit.

2219 2136 2393 2197 Quare
2426 2148 2528 2185 non
2570 2131 2834 2194 improbat
2866 2132 3126 2202 Antonius
3154 2131 3499 2202 reliquiarum
3531 2139 3726 2192 obser-

2149 2205 2414 2272 vationem
2446 2212 2500 2257 et
2538 2202 2757 2265 cultum,
2803 2201 2895 2272 sed
2932 2201 3235 2271 .‘Egyptiam
3265 2201 3726 2272 coasuetudinem,

2147 2275 2214 2346 de
2253 2289 2352 2341 qua
2395 2271 2504 2346 jam
2550 2286 2803 2346 suprarex
2832 2269 3321 2346 cummagna,
3342 2277 3504 2329 Sexto
3533 2269 3730 2346 Empy;

2149 2345 2282 2405 rico,
2307 2351 2360 2395 rt
2380 2343 2498 2395 aliis
2526 2343 2835 2395 auctoribus
2865 2343 3087 2396 dictmn.
3121 2343 3252 2399 Vide
3282 2343 3588 2400 Gretzerum
3623 2343 3722 2402 uo-

2148 2425 2340 2473 strum,
2364 2412 2883 2487 Ad_e_Fuu.___Christ.,
2903 2413 3028 2487 __l_ib.
3058 2429 3094 2478 ι,
3127 2428 3246 2483 cap.
3265 2415 3332 2487 ‘7,
3363 2428 3416 2470 et
3443 2418 3660 2487 apolog.
3696 2418 3731 2470 2

2147 2494 2330 2539 contra
2364 2483 2572 2535 Lithum
2599 2483 2877 2547 Misenum,
2903 2482 2993 2536 lib.
3029 2499 3085 2545 ll,
3113 2482 3231 2546 cap.
3261 2482 3313 2539 2.

2219 2552 2369 2621 (155)
2401 2552 2621 2624 Duobus
2652 2553 2914 2620 fratribus.
2941 2552 2958 2623 )
2989 2553 3257 2620 Intelligit,
3309 2556 3517 2624 opinor,
3564 2557 3731 2612 Ama-

2147 2627 2293 2680 tham
2317 2633 2369 2676 ct
2397 2623 2706 2687 Macarium,
2737 2625 2949 2676 Antonii
2989 2625 3299 2690 discipulos,
3334 2623 3560 2694 quorum
3590 2629 3732 2683 alter

2148 2696 2306 2748 eti-nn
2339 2694 2547 2764 Anti-itii
2581 2709 2772 2760 corpus
2804 2693 3076 2762 sepelivit;
3125 2696 3192 2748 de
3216 2693 3406 2764 quibUs
3454 2706 3632 2751 actum
3662 2699 3728 2752 ad

2149 2768 2424 2832 prologum
2448 2762 2578 2816 Viue
2606 2766 2772 2816 sancti
2804 2765 2966 2823 Pauli,
2994 2768 3146 2833 primi
3178 2762 3434 2819 eremitte.
3458 2767 3565 2821 Nisi
3589 2769 3730 2824 forte

2149 2835 2514 2900 intelligantur
2544 2835 2687 2904 Isaac
2717 2845 2768 2886 et
2809 2835 3139 2898 Pclu~ianus,
3187 2836 3254 2888 de
3293 2837 3484 2904 quibus
3528 2841 3577 2891 ιιι
3613 2839 3730 2894 Vita

2152 2906 2454 2968 Hilarionis,
2487 2920 2603 2970 cap.
2637 2902 2732 2969 25,
2762 2919 2892 2969 quos
2922 2907 3099 2959 statim
3129 2921 3156 2958 a
3189 2902 3360 2961 morte
3386 2907 3604 2961 Antonii
3642 2909 3733 2962 lli-

2151 2976 2318 3028 laritn
2355 2976 2406 3026 in
2439 2986 2618 3027 monte
2649 2974 2848 3027 invenit
2876 2991 2891 3028 :
2923 2994 2939 3024 ι
2973 2977 3218 3041 ltepertis
3267 2977 3338 3030 ibi
3376 2977 3585 3033 duobus
3616 2978 3731 3032 fra-

2151 3045 2504 3118 trtbusﬂlsaac
2545 3053 2597 3096 ct
2640 3043 3212 3116 l‘elusiano,,qnorttnt
3269 3046 3415 3102 lsaac
3467 3049 3737 3118 interpres

2150 3116 2365 3169 Antonii
2398 3117 2587 3168 luerat.

2221 3208 2374 3277 (154)
2421 3207 2749 3274 lleprrcstatis
2770 3205 3054 3277 αΙῙεειιιηι.)
3087 3208 3220 3260 Ιιξάίιί
3257 3209 3394 3273 libri,
3418 3208 3732 3275 rependam,

2145 3281 2282 3348 quod
2316 3278 2641 3330 subditiuum
2669 3288 2770 3332 est.
2803 3277 2971 3331 Proba
3009 3289 3062 3332 et
3086 3293 3208 3331 vera
3245 3279 3423 3344 lectio,
3457 3293 3731 3346 reprwsta-

2146 3353 2229 3412 (is,
2269 3363 2365 3401 nec
2396 3349 2588 3414 ubique
2618 3348 2833 3402 obvium
2867 3349 3109 3401 verbum.
3141 3348 3314 3402 Habes
3353 3350 3402 3402 in
3447 3348 3732 3406 Pandectis

2150 3419 2492 3482 Florentinis,
2522 3419 2612 3487 lib.
2642 3434 2738 3472 xxx
2769 3420 2848 3472 tit.
2882 3417 3014 3481 l,de
3039 3421 3516 3487 aetion.,empt.et
3539 3421 3729 3485 vend.,

2147 3491 2181 3541 Ι.
2207 3488 2298 3552 47,
2327 3490 2414 3542 [ιιι
2435 3487 2515 3541 ius
2543 3505 2555 3543 :
2584 3486 2669 3541 Ita
2693 3498 2745 3541 ut
2765 3489 2809 3559 si
2831 3503 2932 3540 non
2952 3489 3178 3557 integras
3207 3486 3504 3559 (materias)
3539 3505 3730 3558 reprae-

2141 3561 2362 3613 stavcrit.
2404 3559 2499 3614 Ubi
2526 3560 2680 3630 vulgo
2716 3578 2727 3611 :
2763 3558 2852 3630 Ita
2877 3560 2996 3630 utsi
3024 3576 3124 3630 non
3153 3560 3376 3630 integras
3408 3560 3730 3630 praestiterit.

2147 3631 2294 3692 Item,
2327 3625 2694 3690 lih.xxxv,tit.
2717 3630 2769 3692 -l,
2793 3628 2856 3681 ad
2887 3625 2988 3683 SC.
3021 3625 3277 3692 Trebell,
3315 3630 3351 3683 Ι.
3379 3625 3463 3691 '22,
3496 3631 3728 3686 Mulier:

2147 3700 2430 3754 Decrevisse
2475 3701 2645 3752 divum
2690 3698 2925 3752 Marcum
2961 3699 3113 3768 refert
3156 3699 3602 3767 ﬁdeicommissum
3660 3703 3731 3757 eis

2141 3769 2563 3838 reprrestandum.
2596 3769 2830 3836 Utroque
2861 3769 2975 3823 loco
3005 3769 3268 3837 anacius,
3305 3771 3395 3823 lib.
3430 3785 3489 3822 ut
3517 3772 3724 3824 Obser-

2143 3852 2274 3905 vat.,
2296 3855 2411 3907 cap.
2445 3840 2529 3904 15,
2552 3839 2872 3908 corrigebat,
2906 3841 3361 3907 rapi-maculaverit.
3380 3841 3482 3896 Sed
3508 3843 3598 3900 lib.
3624 3857 3728 3898 xm

2140 3912 2388 3976 Uhserv.,
2420 3924 2539 3978 cap.
2572 3910 2661 3975 55,
2693 3918 2944 3964 retractat
2964 3924 3114 3964 suam
3128 3914 3534 3974 correctionem,
3559 3922 3613 3964 et
3640 3926 3726 3968 rc-

2142 3981 2292 4045 tinet,
2319 3989 2602 4049 repraastat.

2211 4069 2358 4143 (155)
2397 4069 2813 4143 Vestimentorum
2835 4079 3010 4143 autem
3032 4085 3261 4143 nieorum
3274 4070 3343 4143 sit
3365 4071 3463 4143 ista
3486 4068 3720 4143 divisioJ

2142 4138 2419 4203 Baronius,
2445 4149 2590 4194 tomo
2612 4139 2696 4203 Ill,
2730 4155 2869 4193 anno
2888 4140 3086 4193 Christi
3113 4138 3238 4203 558,
3273 4140 3464 4194 Liberii
3491 4155 3639 4207 papa:
3661 4138 3723 4206 7,

2138 4213 2433 4266 Constantii
2461 4212 2593 4278 imp.
2627 4209 2717 4271 2‘2.
2748 4209 2823 4262 ait
2855 4228 2868 4262 :
2903 4227 2923 4261 ι
2959 4209 3064 4264 Sed
3102 4217 3158 4262 et
3186 4210 3274 4276 qui
3306 4210 3462 4264 tidetn
3491 4211 3726 4264 catholi-

2138 4299 2252 4334 cam
2302 4282 2412 4336 suis
2455 4273 2731 4348 taii'topere
2774 4273 3358 4347 commendavit,_ejus
3403 4279 3725 4334 defensores

2136 4352 2562 4421 g‘oriosissimos
2583 4350 2917 4404 confessores
2949 4350 3112 4421 voluit
3149 4350 3262 4421 suis
3291 4349 3494 4421 exuviis
3543 4349 3719 4421 hono-

2138 4419 2278 4485 rare,
2332 4421 2457 4474 dum
2503 4420 2570 4474 ad
2621 4431 2992 4488 testamentum
3026 4419 3146 4472 ﬁdei
3177 4419 3438 4488 ejusmodi
3469 4420 3722 4488 apposuit

2136 4491 2465 4545 codicillum.
2501 4509 2519 4541 ι

2055 4549 2106 4608 D
2201 4583 2351 4652 (156)
2369 4568 2515 4647 Quod
2530 4598 2710 4636 novum
2723 4583 2828 4652 ipse
2839 4581 3405 4653 detulerrit.]8arouius,
3419 4596 3559 4634 anno
3571 4580 3732 4638 Chri-

2132 4657 2198 4707 sti
2223 4655 2346 4716 5‘28,
2373 4653 2610 4708 Silvestri
2637 4667 2786 4722 papae
2810 4653 2895 4716 15,
2918 4653 3250 4707 Constantini
3272 4654 3398 4720 imp.
3418 4653 3507 4715 55,
3524 4654 3716 4706 existi-

2135 4733 2241 4776 mat
2265 4725 2631 4786 Athanasium,
2655 4738 2776 4775 cmn
2805 4723 2990 4777 tertius
3015 4724 3131 4790 ejus
3168 4723 3502 4790 episcopatus
3543 4736 3721 4778 annus

2133 4795 2407 4859 agebatur,
2423 4811 2441 4840 ι
2455 4793 2662 4846 isitasse
2673 4793 2920 4846 ecclesias
2940 4793 3179 4862 Egypti,
3201 4794 3572 4846 Alexandrinae
3583 4793 3720 4846 sub—

2130 4864 2301 4932 jectas
2332 4864 2601 4916 Ecclesia).
2637 4863 2844 4917 Asserit
2869 4877 3048 4931 porro,
3097 4864 3235 4929 quod
3262 4873 3385 4916 tunc
3409 4863 3564 4915 simul
3596 4863 3715 4916 An-

2138 4933 2340 5002 tonium
2371 4933 2624 4996 visitavit,
2651 4933 2718 4985 ad
2750 4946 2977 5000 eumque
3003 4932 3388 4986 benedictionis
3413 4932 3581 5002 gratia
3603 4935 3716 4986 duo

2135 4997 2291 5068 pa'llia
2336 5003 2529 5063 attulit,
2580 5017 2804 5066 quorum
2851 4997 3042 5066 altero,
3074 5012 3130 5056 ut
3159 5010 3346 5055 auctor
3381 4997 3466 5056 est
3493 5013 3713 5058 sanetus

2135 5073 2486 5140 Hieronymus
2509 5069 2770 5141 (Hierom,
2796 5073 2850 5125 in
2875 5071 2996 5126 Vita
3017 5071 3218 5140 Pauli),
3247 5071 3389 5125 Pauli
3417 5073 3566 5139 primi
3591 5085 3718 5125 ere-

2135 5145 2278 5196 Inita:
2300 5155 2513 5206 corpus,
2543 5156 2663 5212 cum
2691 5157 2756 5195 ex
2783 5143 2881 5195 hac
2902 5143 3009 5196 vita
3030 5144 3333 5212 migrasset,
3356 5141 3471 5206 ejus
3498 5151 3708 5209 rogatu,

2136 5213 2323 5265 festine
2373 5212 2587 5264 allatum
2643 5211 2891 5275 involvit;
2968 5211 3194 5266 alterum
3253 5213 3391 5264 idem
3445 5214 3710 5264 Antonius

2134 5283 2388 5347 moriens,
2415 5281 2584 5334 eidem
2613 5281 2702 5349 qui
2731 5281 2951 5336 dederat
2974 5281 3264 5335 Athanasio
3295 5281 3482 5334 ultituo
3512 5281 3711 5346 legavit

2130 5351 2322 5418 elogio,
2355 5353 2538 5403 dicens
2571 5368 2584 5402 :
2614 5369 2631 5402 ι
2665 5351 2890 5405 Meloten
2919 5361 2973 5405 et
2999 5352 3212 5418 pallium
3245 5352 3450 5416 tritum,
3499 5365 3583 5403 cut
3615 5364 3711 5403 su-

2133 5421 2396 5489 per-iaceo,
2430 5420 2717 5473 Athanasio
2745 5421 2995 5488 episcopo
3019 5421 3163 5484 date,
3195 5423 3334 5488 quod
3363 5435 3557 5473 novum
3590 5421 3707 5486 ipse

2132 5491 2410 5544 detulerat.
2444 5508 2464 5540 ι
2499 5491 2626 5542 Cum
2651 5505 2776 5542 vero
2808 5491 2931 5542 illud
2963 5492 3029 5542 ab
3057 5506 3122 5543 eo
3143 5490 3208 5543 ad
3238 5508 3295 5543 se
3324 5492 3565 5554 allatum,
3591 5504 3700 5541 non

2133 5563 2373 5622 missum,
2405 5559 2566 5620 dicat,
2601 5560 2754 5624 plane
2781 5558 3041 5628 significat
3067 5560 3411 5613 Athanasium
3459 5571 3702 5613 sanctum

2131 5629 2420 5681 Antonium
2450 5629 2724 5690 visitasse,
2774 5645 2874 5682 nec
2899 5631 3069 5695 ipsum
3100 5631 3280 5692 modo,
3311 5630 3406 5683 sed
3435 5639 3488 5684 et
3519 5642 3704 5681 mona-

2135 5699 2267 5750 chos
2316 5700 2432 5767 ejus
2469 5696 2778 5762 discipulos,
2808 5700 3060 5753 ecclesias
3088 5710 3246 5766 atque
3285 5699 3605 5753 monasteria
3648 5698 3702 5750 in

2131 5783 2311 5824 eremo
2341 5768 2531 5837 posita,
2555 5767 2837 5835 episcopali
2870 5783 3088 5823 nnmere
3119 5769 3495 5838 perlustrasse.
