4016 6244
476 296 576 347 ⁶ὶο7

1506 297 1595 350 DE
1639 296 1816 353 Vl'flS
1856 295 2133 352 PAlRU-H
2179 294 2381 350 LIBER
2423 292 2691 349 PRIMUS.

3647 284 3750 338 208

550 411 650 475 Qui
679 408 850 463 navali
878 404 1100 478 pridie.)
1135 405 1465 471 Ambrosius,
1498 408 1632 462 libr-i
1660 424 1672 461 ι
1704 407 1886 471 Ofﬁc.,
1929 425 2048 477 cap.
2081 417 2128 474 Α
2156 411 2583 466 Christianorum
2607 410 2987 478 imperatorum
3013 413 3253 478 tempore
3281 403 3749 478 exaltatatnretn-

478 482 588 536 iO:
624 498 642 531 ι
681 480 780 546 Qui
811 494 996 532 navem
1032 479 1082 530 in
1127 479 1256 530 mari
1289 492 1474 545 regere
1518 481 1891 541 gubernaculis
1938 489 2053 532 stu-

477 552 597 614 det,
645 553 726 603 vel
759 550 920 602 remis
950 549 1177 607 ducere.
1213 549 1363 613 prius
1410 549 1462 601 in
1513 550 1671 602 ﬂuvio
1722 550 1988 616 prteludit.
2026 569 2044 600 ι

481 622 699 675 Labitur
725 621 995 680 Erasmus,
1026 620 1113 685 qui
1141 635 1201 670 ex
1232 620 1328 671 hac
1354 618 1699 673 similitudine
1725 621 2052 672 existimawt

483 692 863 757 llierouymum
897 688 1296 755 subsignificnre
1321 729 1333 750 ,
1357 756 1361 757 ν
1385 701 1756 757 argumentum
1805 690 1906 743 hoc
1948 707 2050 743 non

477 775 600 816 esse
649 756 882 819 serium,
914 758 1006 810 sed
1038 756 1521 829 exercitandirstyli
1562 773 1718 812 caiis:i
1760 773 2050 826 sumptum.

477 832 641 898 Quasi
667 845 792 885 vero
815 837 1071 895 repugnet
1088 830 1285 882 serium
1309 828 1434 897 quid
1457 828 1598 896 esse,
1628 838 1683 883 et
1712 829 1850 883 idem
1877 842 2051 882 tamen

478 902 676 954 assumi
728 901 791 951 ad
849 899 1250 968 exercitandum
1309 898 1526 967 styluin.
1587 899 1741 953 Serio
1790 902 2056 968 cogitabat

482 973 834 1040 Hieronymus
864 969 930 1021 de
959 967 1193 1040 historiae
1217 969 1606 1022 Ecclesiasticm
1627 967 2049 1034 compositione;

479 1058 636 1110 quam
666 1039 722 1092 ut
746 1054 838 1107 pro
867 1039 1124 1110 dignitate
1155 1047 1384 1091 tractare
1415 1047 1614 1110 posset,
1641 1040 1973 1110 maluitantc
2000 1040 2054 1090 iit

477 1108 652 1181 parvo,
697 1122 751 1161 ut
799 1108 1011 1181 inquit,
1033 1110 1188 1177 apere
1225 1109 1498 1181 exerceri,
1535 1125 1692 1177 quain
1725 1110 1792 1181 ad
1823 1108 2054 1162 latiorem

477 1179 740 1234 historiam
801 1179 1130 1246 perveniret;
1181 1180 1323 1232 serio
1373 1179 1554 1247 utique
1610 1179 1891 1243 utrobique
1940 1195 2053 1232 rem

477 1262 711 1305 acturus.

551 1323 646 1374 Ms.
682 1317 1120 1380 Audomarensis,
1151 1316 1302 1370 initio
1334 1317 1492 1384 hujus
1523 1318 1732 1386 capitis,
1771 1317 2057 1386 praemitte-

476 1392 564 1446 bat
595 1391 708 1443 haec
737 1390 896 1441 verba
927 1405 939 1440 :
975 1389 1076 1452 Qui
1106 1387 1253 1457 legis,
1283 1389 1487 1458 imitare
1514 1389 1652 1456 quod
1679 1388 1825 1458 legis.

550 1458 995 1513 Persecutionibus
1039 1457 1290 1528 creveriLJ
1321 1457 1678 1528 Hieronymus
1698 1457 1738 1528 7,’
1764 1463 1924 1524 epist.
1960 1457 2051 1522 62,

477 1532 543 1584 ad
573 1529 930 1596 TheOphilum
972 1528 1229 1581 achrsus
1273 1527 1492 1581 errores
1517 1527 1737 1583 Joannis
1775 1528 2008 1582 Jerosol.
2041 1545 2052 1579 :

482 1619 502 1650 ι
538 1599 831 1653 Fundendo
860 1599 1191 1667 sanguinem,
1222 1607 1275 1650 et
1307 1598 1555 1664 patiendo
1581 1600 1749 1666 magis
1781 1613 1939 1664 quam
1973 1601 2057 1650 ian

471 1670 666 1724 ciendo
713 1669 1085 1730 contumelias,
1128 1668 1321 1721 Christi
1380 1667 1596 1720 fundata
1647 1679 1734 1723 est
1781 1669 2053 1732 Ecclesia;

474 1737 931 1807 persecutionibus
960 1740 1150 1807 crevit,
1182 1739 1450 1806 martyriis
1473 1747 1727 1791 coronata
1750 1749 1854 1794 est.
1895 1757 1912 1789 ι

550 1810 614 1860 Et
649 1819 907 1876 postquam
937 1810 1003 1859 ad
1026 1806 1341 1860 Christianos
1369 1808 1623 1876 principes
1644 1811 1828 1861 venerit
1847 1809 2058 1879 (Eccle-

474 1879 574 1949 sia)
605 1880 826 1946 potentia
859 1879 1069 1949 quidem
1113 1887 1160 1932 et
1190 1879 1376 1949 divitiis
1422 1880 1621 1949 major,
1654 1881 1743 1932 sed
1787 1879 2056 1932 virtutibus

471 1947 640 2002 riiinor
668 1949 804 2017 facta
825 1947 931 2017 δὶα]
961 1948 1206 2001 Haeretici
1237 1948 1478 2000 ttioderni
1502 1947 1659 2001 avide
1690 1949 1803 2002 haec
1833 1960 1882 2001 et
1905 1950 2054 2002 sitni-

474 2019 542 2071 lia
570 2017 879 2086 Hieronymi
907 2018 1244 2086 aliorumque
1269 2018 1483 2071 Patrum
1518 2018 1630 2071 loca
1664 2019 1953 2085 arripiunt.

548 2090 745 2153 Primo,
778 2098 833 2141 ut
868 2088 1122 2142 Ecclesiae
1151 2097 1398 2141 ornatum
1427 2097 1483 2142 et
1514 2103 1637 2141 vasa
1667 2104 1818 2142 sacra
1853 2090 2053 2155 pretio—

475 2160 617 2212 siora
644 2157 1126 2226 ituprebent.Quos
1145 2157 1359 2227 egregie
1383 2161 1674 2224 repercutit
1701 2158 2055 2212 bellarininus

473 2238 675 2289 noster,
713 2238 858 2281 torno
887 2228 954 2294 ll,
986 2238 1231 2282 controv.
1261 2229 1501 2297 general.
1556 2244 1630 2294 tv,
1669 2230 1808 2284 libro
1834 2245 1924 2294 ιιι,
1966 2229 2055 2298 qui

471 2308 552 2351 est
586 2300 658 2353 De
687 2299 832 2351 cultu
862 2308 1194 2363 sanctorum,
1229 2312 1349 2364 cap.
1386 2298 1450 2359 6,
1494 2299 1586 2351 ubi
1619 2301 1728 2366 agit
1765 2301 1832 2353 de
1855 2309 2054 2353 ornatu

469 2369 575 2438 97
604 2371 945 2438 templorum.
979 2368 1045 2420 Et
1083 2367 1336 2438 tomorlll
1378 2376 1625 2422 controv.
1666 2369 1905 2436 generali
1958 2385 2052 2433 ιιι,

470 2437 588 2510 qua:
618 2448 699 2510 est
725 2438 789 2510 de
820 2437 1151 2510 Eucharistia
1174 2479 1188 2503 ,
1217 2437 1351 2490 libro
1376 2452 1443 2510 tt,
1473 2438 1541 2490 de
1576 2438 1766 2510 Missa,
1801 2454 1919 2505 cap.
1955 2441 2050 2504 14,

475 2508 566 2562 ubi
595 2508 702 2575 agit
743 2508 809 2560 de
839 2508 981 2577 vasis
1009 2508 1198 2562 sacris.
1231 2510 1346 2571 Quo
1374 2507 1532 2577 etiam
1567 2507 1696 2561 facit
1731 2509 1783 2561 in
1816 2521 2055 2577 tempore

474 2578 673 2629 dictum
703 2576 1094 2644 apophthegma
1126 2576 1295 2630 sancti
1328 2576 1584 2630 Bonifacii
1612 2617 1626 2638 ,
1659 2578 1727 2631 de
1759 2594 1863 2645 quo
1895 2576 2056 2633 habes

470 2647 537 2698 de
567 2660 810 2700 consecr.
845 2647 975 2700 dist.
1003 2650 1026 2700 1
1053 2689 1067 2712 ,
1096 2660 1212 2713 cap.
1242 2647 1310 2699 44
1338 2662 1352 2700 :
1388 2665 1407 2697 ι
1441 2647 1748 2701 Bonifacius
1772 2659 1972 2716 martyr
2002 2662 2054 2702 et

473 2717 758 2787 episcopus
789 2716 1146 2782 interrogatus
1170 2754 1185 2779 ,
1217 2717 1262 2769 si
1294 2716 1481 2770 liceret
1515 2719 1566 2770 in
1607 2718 1838 2770 vasculis
1867 2720 2054 2787 ligneis

473 2786 823 2839 Sacramenta
864 2787 1147 2849 conlicere,
1203 2787 1478 2853 respondit
1509 2805 1521 2837 :
1552 2788 1832 2853 Quondam
1877 2786 2054 2843 sacer-

471 2858 629 2908 dotes
656 2856 802 2908 aurei
833 2855 1024 2924 ligneis
1071 2854 1326 2910 calicibus
1357 2859 1670 2922 utebantur;
1698 2873 1837 2911 nunc
1867 2873 1897 2911 e
1921 2875 2050 2912 con.

472 2925 848 2993 trario,lignei
885 2925 1193 2979 sacerdotes
1224 2926 1401 2980 aureis
1446 2935 1670 2981 utuntur
1711 2929 1988 2982 calicibus.
2030 2949 2046 2979 ι

471 2995 623 3061 Quod
647 2996 984 3059 desutnptum
1007 3004 1089 3050 est
1105 3012 1168 3050 ex
1195 2995 1423 3050 concilio
1446 2997 1798 3063 Triburiensi,
1822 3015 1940 3064 cap.
1964 3002 2050 3053 ts.

471 3064 685 3119 Monere
732 3064 974 3118 videlicet
1003 3065 1167 3119 voluit
1194 3068 1275 3119 vir
1312 3077 1525 3120 sanctus
1567 3079 1622 3122 ut
1665 3082 1850 3121 aureas
1895 3074 2048 3122 simul

2158 482 2299 543 ierit,
2331 497 2434 535 non
2462 473 2981 534 cinnino'aberrabit
3009 493 3022 527 :
3057 474 3163 528 Pro
3193 490 3250 526 eo
3280 475 3415 541 quod
3444 473 3586 542 fuisti
3605 475 3748 528 dere-

2161 554 2306 615 licia,
2336 559 2381 605 et
2409 554 2526 604 odio
2559 551 2748 612 habita,
2778 559 2825 601 et
2855 563 2960 600 non
2993 557 3100 597 irat
3131 547 3220 614 qui
3265 559 3352 610 per
3382 554 3428 595 te
3471 547 3745 610 transiret,

2158 638 2346 689 ponam
2375 632 2422 675 te
2447 624 2498 675 in
2528 622 2816 684 superbiam
2835 618 3157 689 surculorum,
3182 616 3428 689 gaudium
3460 615 3510 665 in
3533 632 3749 689 genero-

2159 684 2347 744 lionem
2369 701 2415 745 et
2436 692 2829 760 generationem,
2846 698 2893 741 et
2916 703 3059 755 suges
3076 687 3156 739 lac
3178 684 3422 760 gentium,
3445 694 3493 738 et
3514 687 3752 760 niamii'la

2157 779 2332 830 regum
2364 756 2650 822 laetaberis,
2680 768 2727 811 et
2754 759 3024 830 sciesAquia
3048 774 3138 830 ego
3170 756 3417 830 Dominus
3442 756 3647 830 solvaris
3680 768 3748 820 te,

2157 825 2523 896 etr'redemptor
2547 841 2662 883 tuus
2694 830 2840 898 fortis
2863 827 3026 881 Iacob
3055 825 3188 887 Usa.
3214 825 3326 890 ιχ).
3357 827 3420 898 Et
3451 825 3578 878 illud
3603 827 3748 892 ejus-

2159 903 2278 956 dem
2312 919 2323 954 :
2357 901 2424 954 Et
2468 911 2616 954 erunt
2664 896 2803 970 reges
2845 898 3046 951 nutritii
3093 899 3167 970 tui
3190 936 3203 955 .
3228 904 3282 970 et
3309 896 3498 965 regina:
3527 899 3750 948 nutrices

2159 983 2261 1025 tute
2283 987 2302 1026 :
2334 975 2476 1025 vultu
2500 976 2553 1024 in
2586 967 2773 1023 terrain
2803 969 3022 1020 demisso
3053 967 3341 1020 adorabunt
3373 976 3452 1028 te,
3493 977 3542 1019 et
3569 970 3748 1036 pulve-

2159 1059 2266 1113 rem
2292 1043 2476 1113 pedum
2500 1053 2702 1094 tuorum
2725 1036 3079 1113 lingeiit__(Isa.
3107 1039 3285 1113 XLIX);
3466 1038 3747 1113 epistolam

2159 1107 2347 1167 Adueaa
2378 1113 2527 1165 Silvii
2559 1120 2668 1164 tttm
2699 1110 3005 1170 cardinalis,
3039 1119 3221 1172 postea
3256 1107 3330 1159 Pi
3363 1107 3401 1159 Il
3437 1109 3742 1174 pontificis,

2159 1199 2278 1250 quae
2312 1184 2615 1236 inscribitur
2647 1181 2723 1234 De
2762 1182 2983 1232 moribus
3013 1177 3303 1232 Germania:
3332 1223 3344 1236 .
3399 1193 3500 1250 qua
3551 1179 3749 1232 refutat

2167 1249 2335 1307 varias
2379 1253 2586 1308 Martini
2638 1254 2790 1316 Meir,
2840 1251 2928 1314 qui
2975 1251 3102 1302 arch
3127 1250 3385 1317 episcopo
3435 1249 3748 1318 Moguntino

2159 1322 2507 1377 cancellarius
2530 1322 2646 1387 fuit,
2666 1319 2961 1375 calumnias
2981 1327 3165 1372 contra
3194 1320 3397 1373 curiam
3425 1319 3747 1382 ltuinanam.

2163 1393 2453 1460 probatque
2477 1391 2637 1445 variis
2665 1391 2960 1445 rationibus
2983 1392 3253 1443 Romanos
3282 1389 3538 1460 praesules
3561 1390 3744 1443 divites

2161 1473 2203 1514 et
2232 1458 2460 1531 potentes
2490 1477 2609 1517 esse
2637 1471 2918 1528 Oportere,
2949 1475 3011 1512 ac
3036 1461 3368 1527 potissimum
3411 1458 3476 1511 ad
3517 1461 3627 1531 tria
3669 1461 3749 1512 di-

2163 1529 2317 1584 vitias
2351 1534 2570 1600 requirit
2602 1551 2613 1585 :
2652 1551 2670 1584 ι
2712 1534 2764 1584 -1⁰
2787 1531 2852 1584 ad
2879 1539 3072 1583 statum
3104 1532 3382 1583 honcsnim
3414 1538 3468 1582 et
3497 1529 3745 1594 dignitati

2159 1607 2573 1659 convenientem
2603 1603 2925 1662 tenendum;
2957 1600 3013 1651 ‘2‘.“
3037 1600 3101 1652 ad
3133 1600 3352 1654 alendus
3378 1613 3661 1666 pauperes,
3691 1609 3746 1652 et

2162 1674 2419 1727 e~-clesias
2463 1688 2623 1726 manu
2669 1671 2962 1735 tenendas;
2990 1668 3046 1720 ὅθ
3078 1671 3141 1722 ad
3174 1671 3501 1722 coercendos
3533 1671 3747 1723 malefa-

2162 1755 2358 1805 ctores,
2384 1744 2472 1812 qui
2502 1742 2620 1796 ﬁdei
2651 1740 2943 1796 sinceritati
2974 1741 3237 1796 ofﬁciunt.
3279 1761 3292 1791 ι

2234 1810 2546 1884 Marabius]
2576 1813 2647 1866 lta
2680 1812 3024 1884 manuscripti
3054 1820 3109 1864 et
3135 1823 3302 1884 AfolllS
3353 1812 3537 1865 editio.
3580 1810 3749 1884 Vulgo

2161 1881 2417 1956 Maronia.
2453 1881 2740 1956 Ptiileuiaso
2768 1891 2890 1956 nota
2908 1882 3079 1956 Syria;
3099 1881 3287 1936 civitas
3309 1887 3622 1956 Μαρωνείας.
3650 1883 3750 1938 Hic

2159 1953 2365 2009 viculits
2395 1955 2610 2008 dicitur.
2643 1951 2775 2005 Vide
2805 1951 3206 2006 OnomastiCOn.

2229 2025 2308 2076 Ad
2352 2039 2498 2094 papa:
2541 2021 2796 2094 Evagrii.]
2825 2022 3126 2094 Antiochiae
3153 2023 3437 2094 episeopus
3469 2023 3564 2075 fuit
3601 2023 3711 2094 Eva
3732 2052 3746 2064 -

2156 2095 2320 2159 grius,
2353 2092 2679 2164 Hieronymo
2708 2092 3109 2162 perfamiliaris,
3135 2092 3200 2164 de
3225 2108 3329 2160 quo
3355 2098 3464 2157 ipse
3493 2093 3747 2164 catalogo

2158 2165 2324 2216 iliust.
2361 2162 2613 2218 Ecclesiae
2644 2164 2999 2230 Scriptorum,
3027 2178 3145 2230 cap.
3180 2162 3303 2216 125.
3337 2164 3465 2215 \‘ide
3495 2164 3639 2216 dicta
3671 2163 3737 2214 ad

2158 2235 2423 2289 Pi-zeludia
2458 2238 2508 2288 in
2541 2235 2712 2289 Vitam
2764 2233 2932 2288 sancti
2983 2233 3236 2298 Antonii,
3289 2249 3342 2286 n.
3397 2231 3448 2284 4.
3500 2234 3572 2286 De
3597 2248 3750 2302 papa)

2158 2309 2373 2359 nomine
2403 2305 2454 2357 in
2487 2303 2848 2358 Onontastico.

2233 2374 2299 2428 Ut
2329 2391 2498 2428 revera
2519 2377 2744 2444 ejusdem
2760 2374 2858 2426 loci
2879 2371 3165 2444 indigena]
3192 2375 3524 2444 Rosweydns
3551 2374 3742 2427 habet:

2157 2455 2225 2509 et,
2256 2456 2310 2497 ut
2340 2449 2508 2508 re'ar,
2546 2462 2639 2513 pro
2672 2463 2683 2496 :
2719 2455 2772 2498 ut
2806 2461 3012 2506 revera,
3048 2444 3438 2513 lectionemque
3465 2461 3616 2497 suiin
3650 2461 3742 2496 se-

2157 2518 2440 2582 quentibus
2481 2512 2724 2569 annotal.
2776 2515 3024 2569 Eutr.——
3057 2512 3151 2580 Et,
3200 2529 3253 2569 ut
3304 2512 3471 2578 rebar,
3515 2515 3752 2584 ejusdem

2159 2586 2258 2638 lori
2279 2585 2562 2656 indigeam]
2589 2588 2659 2639 Ita
2687 2586 2781 2640 Ms.
2802 2594 2856 2639 et
2881 2594 3032 2638 vetns
3053 2587 3237 2638 editio.
3259 2587 3596 2640 Coloniensis
3619 2600 3747 2639 eum

2160 2656 2405 2719 Erasuio,
2430 2667 2483 2708 et
2504 2672 2681 2708 revera
2708 2657 3000 2725 αὐτόχθων,
3035 2656 3176 2724 quod
3201 2659 3382 2710 nescio
3403 2672 3469 2709 an
3494 2658 3752 2709 Erasmus

2159 2741 2222 2778 ex
2253 2727 2466 2793 ingenio
2489 2767 2500 2786 ,
2533 2743 2600 2778 an
2630 2743 2692 2780 ex
2729 2730 2826 2779 Ms.
2854 2727 3216 2779 substituerit.
3264 2728 3327 2780 ll.
3359 2728 3586 2780 Gravnis
3618 2727 3752 2779 dicit

2158 2798 2318 2848 etiam
2353 2799 2403 2848 in
2436 2797 2749 2861 quibusdam
2785 2795 2937 2848 libris
2969 2797 3092 2865 legi,
3116 2795 3451 2849 Thebiistouz's
3476 2797 3748 2863 iiid‘gena.

2157 2866 2384 2930 Quidam
2417 2867 2514 2920 Ms.
2547 2881 2640 2932 pro
2665 2866 2811 2918 rebar
2842 2865 2998 2919 habet
3024 2877 3149 2919 erat.
3177 2868 3282 2921 Sed
3317 2883 3438 2921 vera
3472 2869 3628 2921 lectio
3657 2876 3749 2920 est

2158 2951 2314 3002 quain
2345 2937 2487 2989 dedi.
2524 2937 2745 3007 Putabat
2774 2950 2806 3004 q
2832 2936 2984 3007 .idem
3019 2935 3406 3007 Hieronymus,
3431 2935 3700 2992 Malchum
3724 2977 3743 3001 .

2158 3011 2245 3072 qui
2280 3007 2530 3060 Maronia:
2559 3006 2886 3069 versabatur,
2919 3006 3158 3072 eju-dein
3207 3006 3369 3060 fuisse
3400 3009 3500 3061 loci
3534 3008 3746 3076 indige-

2160 3091 2306 3140 nam,
2332 3077 2423 3128 sed
2454 3092 2574 3129 mox
2606 3092 2635 3128 a
2669 3077 2873 3130 Malcho
2901 3076 3124 3129 docetur
3159 3077 3468 3132 Nisibenam
3501 3094 3562 3132 se
3591 3095 3740 3133 esse.

473 3145 681 3216 tuentes
733 3136 798 3188 ad
846 3136 1016 3216 altare
1055 3137 1374 3216 sacerdotes
1407 3119 1678 3216 ‘alferant.
1701 3119 2050 3216 -:liliililli0l;e
2080 3119 2125 3181 (ἶ

469 3206 698 3275 quadam
742 3204 1014 3271 expressit
1054 3206 1155 3260 hoc
1201 3208 1592 3275 apoplithegma
1624 3208 1949 3262 'l‘rithemius
1996 3209 2050 3262 in

468 3274 736 3328 Chronico
766 3288 862 3326 suo
886 3274 1248 3342 Hirsaugiensi
1282 3294 1296 3332 :
1333 3295 1350 3326 ι
1396 3274 1614 3331 Veteres
1647 3279 1774 3330 olim
1805 3284 2049 3333 monacui

472 3345 637 3398 cellas
663 3342 899 3409 quidem,
928 3345 1181 3398 ecclesias
1228 3354 1282 3398 et
1310 3345 1442 3398 alias
1460 3349 1765 3401 mansiones
1789 3349 2053 3402 habebant

470 3414 814 3477 tenebrosus;
846 3412 940 3466 sed
971 3428 1155 3466 eorum
1185 3415 1344 3468 corda
1385 3426 1540 3468 erant
1589 3417 1757 3469 luenda
1803 3418 1953 3470 valde
1999 3422 2048 3470 in

470 3497 652 3535 amore
687 3482 780 3535 Dei
809 3484 1223 3548 omnipotentis,
1275 3494 1329 3538 et
1373 3485 1427 3538 iit
1477 3487 1700 3538 scientia
1748 3486 2048 3540 divinarum

468 3552 884 3616 Scripturarum.
925 3552 1106 3606 Nostri
1157 3565 1336 3608 autem
1395 3556 1683 3620 ecclesias,
1735 3559 1923 3615 cellas.
1955 3561 2051 3609 do-

468 3639 711 3691 mosque,
744 3633 798 3677 et
825 3636 1013 3693 omnes
1043 3625 1348 3679 mansiones
1370 3628 1478 3693 jam
1511 3625 1866 3679 lucidissimas
1890 3627 2054 3679 fabri-

467 3703 619 3764 cant;
653 3693 745 3747 sed
776 3692 936 3747 corda
963 3708 1149 3748 eorum
1181 3694 1322 3750 vitiis
1364 3692 1416 3750 et
1444 3695 1651 3750 desidia
1683 3698 1860 3764 plena,
1897 3707 2048 3751 tene-

469 3763 629 3816 brosa
670 3772 830 3816 sunt:
865 3766 1117 3832 quoniam
1171 3780 1268 3820 nec
1302 3767 1487 3832 Deum,
1535 3763 2049 3833 sicut’debuerant,

467 3833 728 3900 diligunt,
773 3848 872 3888 nec
910 3833 1226 3888 lectionibus
1257 3836 1655 3903 Scripturarum
1699 3837 1939 3891 animum
1972 3838 2050 3890 in-

471 3906 713 3958 tendunt.
736 3903 808 3956 Ita
837 3918 1048 3971 quoque
1073 3919 1192 3957 cuin
1219 3906 1414 3958 calices
1441 3915 1617 3958 essent
1643 3907 1846 3972 cuprei,
1874 3922 2051 3963 sacer-

469 3972 626 4026 dotes
652 3973 802 4042 aurei
832 3973 1068 4026 fuerunt.
1099 3973 1270 4027 Hodie
1296 3985 1472 4028 autem
1505 3977 1700 4029 calices
1728 3987 1852 4029 sunt
1877 3984 2046 4042 aurei,

473 4052 529 4096 et
558 4041 744 4109 cuprei
773 4042 1098 4095 sacerdotes.
1136 4059 1154 4092 ι

541 4111 811 4172 Secundo.
841 4119 899 4164 ut
924 4113 1239 4165 clericorum
1269 4112 1482 4167 divitias
1511 4113 1837 4168 insectantur
1862 4125 1917 4169 et
1947 4117 2048 4170 im-

466 4182 715 4248 probent.
747 4181 862 4245 Qua
894 4181 944 4232 in
992 4196 1048 4234 re
1074 4196 1366 4249 sequuntur
1400 4192 1610 4238 veteres
1645 4186 1957 4248 haereticos,
1991 4197 2048 4241 ut

465 4249 759 4303 Arnaldnm
789 4251 856 4303 de
887 4249 1086 4317 Brixia,
1113 4254 1199 4319 qui
1233 4255 1361 4306 vixit
1385 4268 1471 4306 an.
1501 4255 1696 4308 Christi
1726 4255 1882 4318 1159,
1915 4267 2047 4310 tem-

471 4335 600 4395 pore
643 4321 869 4395 Co‘uradi
917 4320 1494 4395 regisﬁontaiiorutn,
1526 4326 1615 4392 qui
1644 4325 1853 4378 dicebat
1887 4330 2047 4395 (teste

466 4392 663 4444 Uitone
688 4389 1030 4458 Frtsingettsi,
1060 4391 1193 4444 libro
1217 4407 1273 4457 ti,
1297 4406 1415 4459 cap.
1442 4389 1632 4458 20,'de
1655 4395 1832 4448 Gcstis
1857 4389 2044 4451 Fride-

2159 3231 2266 3282 ses,
2298 3224 2439 3270 cent.
2465 3221 2497 3269 4
2519 3257 2533 3280 ,
2560 3231 2680 3284 cap.
2716 3215 2802 3281 10,
2834 3220 2922 3285 qui
2968 3217 3113 3271 aiunt
3145 3215 3422 3272 Malchiini
3451 3223 3744 3273 oriundum

2157 3301 2219 3338 ex
2250 3288 2368 3339 vico
2398 3287 2653 3340 Maronia.

2230 3355 2469 3427 Minuta,
2500 3355 2908 3427 Nisibeniagelli
2927 3357 3184 3427 colonus.]
3212 3358 3306 3412 Ms.
3334 3360 3503 3412 sancti
3536 3360 3748 3412 Fl0ria-

2161 3424 2210 3479 ni
2238 3441 2250 3475 :
2278 3426 2355 3479 Mi
2378 3437 2518 3492 nate,
2551 3426 2792 3480 Nisivelli
2814 3427 2964 3493 agelli
2986 3424 3216 3481 colonus.
3242 3429 3340 3481 Ms.
3373 3431 3714 3482 Audotnareii
3736 3457 3752 3469 ο

2155 3498 2268 3551 sis:
2304 3495 2535 3566 Mal/teni
2564 3499 2728 3550 sibeiii
2756 3498 2922 3566 agello
2952 3497 3184 3560 colonus,
3235 3499 3375 3564 quod
3428 3501 3629 3552 coaluit
3675 3517 3747 3552 ex

2155 3567 2225 3634 mi
2254 3576 2371 3618 nate
2406 3565 2654 3619 Nisibeni.
2677 3565 2801 3621 Erit
2820 3566 2956 3620 forte
2977 3569 3261 3634 qiiiSpiain,
3295 3569 3381 3634 qui
3409 3569 3530 3621 hinc
3561 3567 3752 3623 Hatlte

2159 3633 2394 3706 Nisibeni
2421 3637 2718 3704 exsculpat,
2752 3647 2805 3692 et
2830 3641 3001 3691 locum
3035 3633 3110 3690 ita
3133 3633 3330 3690 dictum
3362 3641 3411 3690 in
3441 3654 3568 3706 agro
3600 3639 3748 3692 Nisi-

2155 3704 2292 3758 beno
2322 3706 2600 3759 arioletur.
2640 3706 2802 3775 Vulgo
2833 3709 2949 3760 loco
2993 3706 3227 3760 Nisibeni
3279 3704 3506 3760 habetur
3554 3707 3748 3762 Maro-

2155 3777 2309 3828 niaci.
2343 3776 2498 3841 Apud
2528 3777 2919 3844 Metaphrasten
2951 3779 3175 3830 habetur
3198 3778 3474 3830 Seveimia.

2225 3847 2306 3918 Ad
2334 3844 2899 3918 erejnunirClialcidosJ
2930 3847 3022 3899 Est
3053 3846 3265 3901 Chalcis
3301 3849 3426 3898 urbs
3454 3848 3645 3918 Syriae,
3683 3850 3742 3901 in

2155 3916 2374 3986 regione
2395 3915 2722 3986 Chalcidica.
2754 3915 2906 3983 Apud
2943 3919 3287 3969 Ammianum
3333 3915 3698 3986 Marcellinum
3723 3959 3740 3982 ,

2155 3985 2290 4040 libro
2320 4001 2466 4047 χχιιι,
2493 3987 2656 4040 habes
2687 3985 2935 4041 Chalcida
2963 3987 3234 4057 Syriacam
3276 3986 3570 4040 civitatem.
3603 3985 3748 4042 Vide

2151 4057 2555 4110 Onomasticon.

2224 4127 2354 4191 Quae
2396 4129 2528 4179 inter
2561 4126 2756 4178 lmmas
2797 4137 2844 4179 et
2887 4125 3116 4182 Beroeam
3141 4125 3205 4195 ¹.]
3236 4125 3306 4178 Ita
3340 4125 3621 4193 legendum
3670 4142 3750 4182 ex

2152 4197 2541 4263 Manuscriptis.
2567 4196 2793 4262 Quidam
2821 4196 3164 4264 Maniiscripti
3189 4196 3454 4249 habebant
3483 4195 3748 4262 Verteam,

2149 4267 2373 4320 solemni
2421 4268 2770 4336 quorumdam
2822 4278 3056 4319 veli-rum
3113 4281 3284 4330 more,
3334 4270 3649 4336 ponentium
3697 4269 3737 4319 V

2149 4338 2269 4391 loco
2295 4335 2446 4405 Balli
2473 4337 2803 4389 editionibus
2835 4337 3110 4389 veteribus
3140 4345 3277 4400 erat,
3309 4352 3424 4405 qua:
3467 4337 3596 4388 inter
3624 4335 3753 4390 lin-

2148 4423 2256 4460 mas
2277 4416 2326 4459 et
2343 4404 2550 4459 Beroas.
2570 4406 2626 4460 in
2641 4405 2942 4460 Coloniensi
2956 4407 3210 4472 editione,
3234 4404 3348 4474 quia
3368 4409 3498 4459 inter
3514 4405 3752 4459 [nimam

465 4461 564 4514 τίοί
595 4461 751 4543 imi”),
783 4476 796 4513 ί
828 4477 846 4510 ⁸
881 4464 988 4513 Nec
1010 4460 1236 4543 clericqs
1265 4464 1669 4543 PI‘OPTi8l319II',
1696 4480 1793 4543 "sic
1813 4470 2038 4543 _episco-
2072 4482 2124 4541 1)
2149 4489 2194 4529 et
2236 4477 2440 4530 Essam.
2472 4476 2677 4530 Abutar
2722 4476 2865 4540 otio,
2911 4460 2975 4530 si,
3000 4460 3331 4531 monstrosas
3378 4478 3744 4543 quorumdam

467 4544 566 4597 pes
593 4532 820 4597 regalia,
868 4544 966 4583 nec
1001 4532 1293 4584 monachos
1339 4535 1708 4600 possessiones
1741 4532 1998 4590 habentes
2023 4575 2040 4601 ,

467 4601 890 4672 aliqua_ratione_
903 4614 1057 4672 posse
1081 4601 1297 4672 salvari.
1325 4621 1342 4652 i
1370 4602 1676 4672 Sequuntur
1701 4613 1756 4657 et
1783 4605 2041 4661 Joannem

471 4668 777 4735 Wielefum,
809 4669 962 4737 cujus
993 4670 1041 4722 in
1091 4671 1316 4725 concilio
1347 4668 1756 4738 Constantiensi,
1799 4677 2044 4730 sessione

467 4741 522 4806 8,
551 4742 786 4793 damnati
816 4739 869 4792 hi
897 4750 1020 4792 sunt
1048 4741 1455 4797 articuliuxxu.
1488 4743 1666 4799 Ditare
1707 4746 1909 4799 clerum
1960 4760 2044 4800 eSt

463 4818 649 4862 contra
679 4811 916 4879 regulam
937 4809 1157 4864 Christi.
1189 4827 1378 4865 ιχιιιιι.
1408 4813 1665 4869 Silvester
1692 4827 1744 4869 et
1773 4817 2040 4870 Coiistan-

463 4880 606 4933 tinus
648 4890 896 4953 errarunt
938 4881 1225 4953 Ecclesiam
1261 4884 1501 4953 ditando.
1535 4900 1716 4937 χχχιι.
1752 4886 2043 4953 Imperator

465 4959 522 5003 et
569 4952 857 5003 saeculares
901 4960 1024 5003 sunt
1065 4951 1272 5006 seducti
1315 4968 1343 5005 a
1390 4953 1632 5019 diabolo,
1664 4965 1722 5009 ut
1751 4951 2042 5009 Ecclesiani

467 5019 700 5092 ditarent
729 5021 884 5092 bonis
912 5023 1313 5092 temporalibus.
1343 5040 1364 5074 ι
1396 5023 1499 5077 Sed
1533 5035 1676 5078 recte
1698 5025 2041 5092 Ambrosius,

467 5088 607 5161 libro
634 5103 724 5142 vni
753 5088 808 5161 in
837 5094 1006 5156 capite
1029 5105 1118 5144 ιιιιι
1144 5091 1334 5158 Lucio,
1370 5108 1473 5146 non
1507 5093 1557 5146 iii
1580 5093 1781 5147 divitiis
1807 5088 2040 5161 crimen,

465 5160 574 5229 sed
591 5159 644 5212 in
675 5159 814 5212 male
842 5161 1109 5214 utentibus
1150 5164 1337 5229 ponit:
1378 5180 1395 5213 ι
1439 5164 1652 5217 υιεοιιιιι
1695 5166 1890 5217 divites
1937 5159 2045 5219 non

465 5229 522 5282 in
555 5227 902 5302 facultatibus
916 5233 1116 5302 crimen
1147 5227 1374 5296 haerere,
1405 5234 1494 5286 sed
1527 5236 1576 5285 in
1607 5236 1671 5287 iis
1724 5234 1815 5302 qui
1845 5233 1918 5287 uti
1950 5248 2045 5289 ne-

468 5308 653 5371 sciant
669 5298 1028 5371 facultatibus.
1062 5300 1190 5354 Nam
1214 5303 1412 5357 divitia:
1434 5312 1489 5355 ut
1515 5298 1896 5371 impedimenta
1923 5312 2048 5359 sunt

469 5369 850 5441 iniprobis,_ita
872 5371 1035 5441 bonis
1060 5382 1187 5424 sunt
1214 5373 1519 5441 adjumenta
1551 5369 1779 5427 virtutis.
1819 5392 1838 5425 ι

538 5439 690 5504 Quod
721 5439 766 5493 si
794 5440 913 5508 quis
944 5440 1097 5494 Isaiae
1123 5439 1427 5497 vaticinium
1452 5482 1468 5508 ,
1498 5443 1562 5497 ad
1596 5445 1890 5498 Ecclesiaut
1913 5443 2042 5500 olitn

467 5507 566 5562 sub
611 5507 841 5566 ethnicis
885 5512 1296 5580 imperatoribus
1343 5514 1500 5582 quasi
1547 5514 1895 5582 derelictam,
1929 5522 2050 5585 post

544 5652 579 5729 '__
601 5650 848 5729 Siclegit
872 5652 1206 5724 Rosweydus
1232 5668 1330 5724 pro
1357 5653 1601 5726 Beroam,
1627 5673 1749 5729 qua:
1777 5668 1860 5715 est
1886 5657 2050 5715 lectio

469 5717 731 5778 Vallarsii.
759 5717 917 5780 Eutr.

2154 4548 2639 4614 manuscriptorum
2668 4554 2723 4600 et
2752 4547 3016 4601 editorum
3050 4547 3310 4601 librorum
3357 4547 3614 4599 lectiones
3648 4561 3750 4600 re-

2154 4613 2494 4685 prazsentem.
2523 4617 2586 4668 Et
2618 4613 2744 4668 huic
2766 4627 2818 4670 et
2841 4615 3020 4669 Beroea
3046 4618 3098 4670 in
3116 4619 3287 4684 Syria,
3315 4631 3431 4684 qua:
3462 4615 3582 4668 huic
3613 4616 3749 4670 loco

2153 4687 2436 4756 quadrant.
2470 4685 2598 4740 Vide
2620 4687 3019 4740 Unomasticon.
3165 4745 3169 4751 ,

2227 4757 2294 4810 Ut
2323 4758 2446 4810 dum
2473 4756 2762 4828 adviveret?
2793 4757 2998 4828 mutem]
3030 4759 3102 4811 Ita
3135 4757 3743 4828 manuscriptus_sancti

2151 4825 2382 4881 Floriani
2415 4828 2573 4889 editi,
2607 4825 2675 4878 Et
2719 4827 2846 4878 dum
2875 4823 3045 4879 adhuc
3074 4827 3257 4880 viveret
3305 4823 3488 4878 mater.
3519 4823 3750 4878 Tertul-

2154 4898 2354 4966 liauus,
2377 4897 2444 4951 de
2468 4897 2677 4950 Corona
2701 4899 2878 4960 milit.,
2910 4913 3030 4966 cap.
3061 4900 3091 4951 7
3117 4914 3128 4950 :
3160 4915 3178 4948 ι
3210 4896 3378 4949 Porro
3399 4896 3585 4964 siquae
3613 4897 3750 4966 alia:

2151 4965 2306 5021 idolis
2335 4965 2532 5020 faciant
2555 5005 2571 5029 ,
2604 4967 2671 5019 ad
2695 4965 3299 5034 diemones’pertinent,
3330 4977 3533 5028 quanto
3563 4965 3748 5031 magis

2149 5037 2293 5104 quod
2323 5037 2436 5103 ipsa
2459 5035 2568 5089 sibi
2603 5035 2744 5089 idola
2775 5037 3036 5102 fecerunt,
3062 5051 3184 5091 cum
3211 5037 3542 5089 adviverent.
3585 5051 3604 5084 ι
3639 5034 3750 5090 Ubi

2149 5120 2256 5159 non
2288 5113 2433 5159 recte
2458 5106 2719 5170 Latinius,
2751 5122 2866 5159 eum
2886 5107 3056 5160 adhuc
3084 5109 3323 5167 viverent,
3360 5106 3586 5174 reponit.

2224 5176 2299 5247 De
2321 5175 2499 5247 Beroea
2518 5175 3167 5247 Edessam_pergeiitibus.]
3193 5177 3263 5247 ita
3288 5173 3433 5230 recte
3454 5176 3578 5230 Mss.
3601 5173 3755 5247 Male

2149 5242 2482 5316 Coloniensis
2508 5246 2674 5299 editio
2706 5262 2721 5298 :
2751 5245 2830 5300 De
2853 5242 3009 5299 [feria
3053 5248 3122 5300 ad
3157 5242 3350 5299 'Essam
3392 5246 3757 5316 pergentibus.

2153 5315 2248 5387 Est
2276 5318 2466 5370 Beroea
2493 5317 2579 5370 hic
2603 5316 2776 5387 Syriae
2805 5319 3012 5384 civitas,
3046 5317 3096 5370 in
3121 5317 3463 5387 Cyrrhestica
3494 5316 3753 5383 regione.

2155 5385 2359 5456 Edessa
2389 5400 2600 5456 quoque
2630 5389 2715 5440 hic
2745 5386 2913 5453 Syriae
2940 5401 3019 5441 est
3044 5385 3254 5442 civitas.

2234 5455 2418 5529 Vicina
2435 5457 2636 5529 publica
2658 5457 2831 5529 itineri
2851 5457 3098 5522 solitudo,
3114 5473 3383 5529 perquam
3411 5456 3694 5529 Syagri-acciti
3705 5497 3719 5509 .
3739 5460 3758 5529 ι

2155 5526 2412 5582 Tenditur
2438 5526 2558 5584 hinc
2583 5527 2837 5583 latissima
2868 5542 3081 5582 eremus
3111 5527 3178 5582 ab
3206 5528 3353 5581 India
3383 5528 3450 5580 ad
3476 5526 3759 5582 Mauri»:

2225 5661 2249 5696 ⁸
2288 5660 2433 5718 Loco
2459 5661 2629 5717 adhuc
2649 5661 2853 5732 viveret,
2875 5661 3018 5732 quod
3046 5660 3206 5716 habet
3229 5659 3544 5718 Vallarsius.
3577 5657 3752 5714 Eutr.
