4016 6222
1960 458 2129 501 JUNII
2176 458 2296 499 XII.

816 599 1289 753 VlTA
1389 595 2108 743 SANCTI
2209 593 3414 751 ONUPHRIIW.

1839 857 2363 928 EREMlT/E
2402 893 2431 926 ο

932 1033 1299 1106 AUCTORE
1344 1032 1798 1094 PAPHNUTIO
1844 1032 1931 1113 (2)
1984 1035 2079 1093 AB

2184 1033 2320 1106 ΤΕ,
2368 1031 2868 1092 INTERPRETE
2914 1033 3341 1094 ANONYMO.

1050 1250 1724 1460 aﬂrologus
1799 1276 2523 1459 interpretis
2592 1280 3238 1454 aucupari.

563 1544 674 1615 99
704 1541 849 1597 Beati
878 1539 1142 1606 Onuphrii
1170 1539 1341 1593 Vitam
1376 1539 1512 1594 inter
1542 1539 1850 1595 Graecorum
1882 1547 2183 1595 commenta
2213 1541 2465 1610 scriptam
2499 1557 2667 1609 nuper
2694 1541 2891 1610 reperi,
2921 1550 2978 1595 ut
3018 1542 3284 1609 quondam
3316 1560 3346 1598 a
3376 1549 3631 1604 venerabi
3657 1550 3672 1605 ἰ
3702 1566 3763 1607 ac

494 1639 903 1719 prudentissimo
934 1638 1074 1701 viro,
1103 1635 1307 1689 scilicet
1335 1632 1590 1703 Gregorio
1621 1633 1723 1705 ('5),
1758 1636 1925 1704 ipsius
1952 1642 2099 1703 gesta
2132 1643 2407 1699 narrante,
2459 1635 2707 1703 cognovi.
2741 1635 2887 1689 llanc
2914 1634 3267 1703 Paphnutius,
3297 1639 3381 1692 vir
3408 1654 3625 1710 quoque
3644 1657 3768 1697 san.

495 1732 778 1794 ctissimus,
814 1728 1000 1783 ϐιωοο
1028 1740 1276 1781 sermone
1327 1729 1519 1781 retexit
1549 1726 1618 1781 ab
1641 1728 1884 1782 exordio.
1913 1728 2081 1795 Quem
2118 1742 2217 1798 ego
2264 1737 2508 1792 secutus,
2540 1742 2570 1781 e
2600 1726 2790 1780 Graeco
2818 1726 3061 1781 transtuli
3096 1726 3151 1781 in
3188 1728 3454 1798 Latinum,
3507 1732 3768 1804 largiente

495 1821 738 1885 Domino,
770 1828 826 1873 ut
853 1820 969 1886 ejus
999 1818 1292 1887 probabilis
1321 1818 1428 1872 vita
1456 1818 1749 1873 secundum
1782 1819 1925 1874 vires
1954 1835 2103 1875 meas
2130 1819 2488 1882 manifestata,
2526 1818 2933 1872 admirationem
2973 1819 3273 1889 legentibus
3307 1824 3543 1889 praebeat
3568 1837 3623 1882 et
3649 1829 3769 1882 imi-

495 1914 764 1969 tationem.
794 1909 910 1964 Non
942 1908 1274 1977 perpendite,
1304 1923 1507 1978 quasso,
1542 1908 1647 1964 mei
1681 1910 1943 1965 sermonis
1968 1909 2344 1973 rusticitatem,
2375 1907 2467 1963 sed
2499 1908 2629 1961 tanti
2660 1907 2857 1962 laboris
2895 1908 3075 1965 animo
3104 1910 3360 1965 revolvite
3389 1912 3770 1981 longannnita-

497 2015 601 2067 tem
632 2024 643 2058 :
675 2019 832 2075 quam
862 2003 944 2057 vir
975 2004 1087 2058 Deo
1114 2004 1305 2073 plenus
1354 2005 1617 2072 patienter
1645 2005 1920 2074 sustinuit,
1951 2005 2078 2061 dutu
2109 2005 2393 2061 mundana
2425 2004 2675 2061 vanitatis
2700 2005 2925 2075 gloriam
2966 2003 3192 2076 sprevit,
3220 2016 3273 2061 et
3300 2007 3518 2063 cmlcste
3542 2022 3774 2078 regnum

492 2094 731 2149 districte
759 2091 985 2147 vivendo
1013 2092 1226 2147 sibimet
1251 2091 1605 2147 bereditavit.

2558 2239 3763 2254 __—.-———-————__—._—..________.____.~

1890 2343 2355 2471 VITA.

565 2551 738 2605 Βθδιω
789 2544 1063 2601 memoriae
1123 2543 1452 2615 Paphnutius
1501 2545 1744 2615 quaedam
1796 2545 2078 2617 cogitatio-
2108 2554 2158 2613 Α
2184 2557 2399 2615 geretur
2430 2546 2531 2620 (5).
2565 2549 2668 2604 Pro
2697 2550 3018 2606 vestimento
3044 2566 3257 2623 quoque
3303 2552 3443 2610 foliis
3473 2555 3775 2628 herbisque

495 2661 619 2709 num
646 2654 698 2698 et
726 2644 940 2699 actuum
969 2654 1189 2696 suorum
1220 2648 1425 2696 secreta
1469 2640 1647 2698 taliter
1678 2643 1961 2711 reseravit,
1990 2642 2075 2696 di-

496 2747 620 2798 cens
645 2749 662 2790 ζ

562 2846 691 2901 Car.
725 2844 765 2899 l.
795 2875 867 2885 —
892 2842 1134 2911 Quodam
1160 2843 1278 2911 die,
1302 2845 1428 2900 dum
1458 2860 1557 2918 ego
1586 2846 1912 2916 Paphnutius
1934 2846 2077 2899 solus

496 2939 791 3008 tacitusque
819 2937 1086 3005 sederem,
1121 2937 1357 3008 cogitavi
1388 2940 1440 2993 in
1470 2940 1635 2994 corde
1667 2954 1786 2994 meo
1813 2940 1951 3008 quod
1980 2940 2075 2992 de-

495 3037 635 3085 serta
679 3036 939 3098 peterem,
972 3038 1026 3082 et
1075 3028 1324 3083 universa
1372 3028 1486 3083 loca
1534 3022 1841 3084 sanctorum
1894 3046 2078 3083 mona-

495 3123 737 3187 chorum,
771 3122 977 3192 piaeque
1006 3122 1430 3178 conversationis
1479 3123 1720 3178 habitum
1771 3125 2075 3192 lustrarem,

496 3230 558 3272 ac
587 3216 813 3284 qualiter
843 3214 952 3269 Deo
1003 3213 1402 3279 ministrarent,
1450 3215 1871 3271 considerarem.
1928 3215 2077 3271 Unde

495 3306 689 3361 factum
718 3316 800 3362 est
828 3315 884 3361 ut
913 3307 1104 3361 tacitus
1149 3307 1251 3360 iter
1292 3308 1607 3376 arriperem,
1658 3308 1788 3362 etin
1834 3324 2072 3363 eremum

497 3413 651 3452 cursu
696 3396 1035 3461 desiderabili
1085 3412 1450 3466 properarem.
1510 3397 1682 3453 Panes
1724 3399 1903 3469 itaque
1951 3415 2073 3454 cum

496 3502 631 3555 aqua
663 3487 855 3556 exigua
900 3500 1107 3542 mecum
1138 3487 1364 3555 portavi,
1420 3502 1486 3541 ne
1515 3487 1800 3542 deficerem
1826 3503 1852 3540 a
1894 3488 2077 3544 labore

498 3576 705 3630 itineris
744 3577 927 3645 coepti.
964 3575 1163 3641 Quarto
1206 3584 1382 3630 autem
1426 3575 1512 3630 die
1542 3585 1783 3645 peracto,
1826 3577 2075 3631 alimenta

496 3682 616 3736 qum
660 3680 867 3723 mecum
915 3664 1114 3732 sumpsi
1165 3663 1474 3719 defecerunt
1507 3707 1521 3732 ,
1562 3679 1786 3733 meaque
1836 3665 2076 3718 membra

496 3756 644 3810 nullo
673 3756 819 3813 victu
846 3754 1140 3809 refocillata
1167 3755 1313 3810 vires
1345 3754 1712 3823 perdiderunt.
1748 3754 1977 3825 Moxque
1997 3754 2078 3809 di-

497 3847 617 3900 vina
669 3846 967 3900 illustraute
1003 3845 1205 3914 gratia,
1248 3858 1395 3898 mors
1426 3844 1709 3898 imminens
1740 3843 1914 3897 ablata
1959 3852 2073 3907 est;

2183 2637 2450 2705 utebatur,
2478 2640 2669 2706 quibus
2713 2642 3015 2696 subteriora
3054 2658 3243 2698 renum
3276 2643 3357 2715 (6)
3402 2650 3775 2704 tantummodo

2180 2729 2447 2797 cingebat.
2481 2728 2596 2783 Tali
2630 2732 2749 2784 viso
2798 2732 3035 2799 homine,
3089 2734 3256 2788 nimio
3286 2737 3601 2804 perterritus
3650 2754 3773 2793 sum

2182 2828 2403 2885 terrore,
2457 2821 2700 2876 anxiatus
2748 2823 2884 2876 ultra
2911 2839 3069 2893 quam
3101 2826 3249 2880 credi
3290 2835 3467 2895 potest
3492 2828 3693 2885 timore
3721 2842 3777 2885 et

2180 2909 2566 2976 admiratione,
2605 2913 2856 2981 quoniam
2903 2924 3008 2967 tam
3052 2915 3187 2969 mira
3235 2914 3406 2970 forma
3437 2917 3571 2972 meis
3599 2920 3779 2974 oculis

2181 3016 2447 3069 nunquam
2480 3001 2576 3055 fuit
2604 3010 2817 3057 ostensa
2851 3004 2903 3057 in
2951 3004 3183 3060 humana
3227 3008 3424 3075 specie.
3454 3008 3593 3075 Quid
3626 3010 3778 3065 face-

2181 3108 2294 3147 rem
2348 3093 2618 3163 ignoravi;
2669 3095 2762 3149 scd
2820 3107 3075 3167 quantum
3133 3099 3305 3164 valui,
3365 3100 3542 3169 fugam
3596 3104 3777 3171 petii,

2181 3192 2520 3250 montemque
2551 3185 2901 3253 propinquum
2930 3187 3143 3242 concito
3187 3203 3347 3243 cursu
3376 3191 3597 3245 ascendi
3622 3208 3636 3256 ;
3664 3193 3780 3246 ibi-

2179 3292 2283 3346 que
2313 3278 2654 3333 tremefactus
2679 3279 2879 3346 corrui,
2911 3288 3071 3350 atque
3096 3297 3184 3336 me
3209 3282 3309 3336 sub
3339 3282 3607 3337 frondium
3631 3284 3781 3339 den-

2178 3370 2375 3424 sitatca
2398 3369 2531 3423 facie
2553 3370 2692 3424 illius
2706 3371 2983 3438 abscondi,
2998 3374 3163 3428 multa
3186 3374 3318 3428 dans
3338 3378 3587 3446 suspiria.
3609 3378 3782 3448 100

2179 3460 2356 3517 Defeci
2386 3475 2523 3529 pene
2566 3471 2722 3517 astate
2770 3470 2825 3517 et
2868 3463 3049 3519 labore
3089 3464 3451 3529 abstinentiae.
3500 3466 3597 3522 llic
3636 3482 3780 3523 vero

2181 3545 2307 3601 dum
2352 3560 2438 3600 me
2478 3547 2737 3602 cernebat
2782 3552 2833 3603 in
2878 3560 3061 3606 monte
3104 3551 3403 3619 jaccntetn,
3437 3570 3569 3607 voce
3601 3557 3776 3606 ιιιιιιιςι

2179 3638 2453 3707 clamavit,
2479 3649 2534 3694 et
2562 3640 2730 3695 dixit:
2761 3641 2855 3695 Vir
2882 3643 2999 3707 Dei,
3024 3643 3290 3698 descende
3312 3644 3379 3698 de
3408 3651 3611 3697 monte.
3643 3642 3775 3698 Noli

2178 3728 2406 3795 timere;
2443 3743 2543 3798 ego
2572 3731 2712 3784 enim
2753 3746 2870 3786 sum
2903 3733 3064 3787 homo
3095 3733 3381 3802 passibilis,
3415 3734 3509 3789 tibi
3552 3734 3775 3789 similis.

2175 3817 2271 3876 His
2298 3821 2481 3890 itaque
2510 3824 2820 3880 consolatus
2874 3826 3068 3892 verbis,
3102 3835 3338 3882 mentem
3369 3827 3572 3897 recepi,
3609 3841 3777 3883 mox-

497 3937 891 4004 assumptisque
936 3911 1137 3988 viribus
1184 3933 1287 3989 iter
1327 3934 1550 4003 arripui,
1603 3944 1762 4001 atque
1790 3934 1907 3987 dies
1948 3933 2078 3988 alios
2111 3911 2585 4004 Bquédescendi.
2616 3921 2672 3967 ει
2711 3915 2778 3969 ad
2832 3916 3007 3971 Virum
3036 3926 3279 3971 sanctum
3310 3918 3561 3989 perveni,
3599 3927 3777 3990 atque

497 4036 721 4095 quatuor
748 4025 881 4079 nihil
908 4024 1171 4092 gustando
1200 4023 1399 4093 peregi.
1433 4025 1524 4079 llis
1570 4024 1747 4093 itaque
1774 4025 2072 4092 completis,

498 4117 720 4174 nimium
752 4114 944 4181 fessus,
969 4114 1134 4169 humo
1156 4124 1456 4184 prostratus
1472 4115 1616 4186 jacui
1643 4114 1790 4170 velut
1812 4124 2074 4169 mortuus.

497 4208 784 4277 Extemplo
813 4222 1026 4277 quoque
1052 4207 1266 4269 cmlesti
1289 4208 1492 4262 solatus
1515 4207 1802 4277 adjutorio,
1828 4206 2080 4263 assistere

498 4302 629 4356 mihi
655 4301 759 4355 vidi
787 4302 983 4367 virum,
1014 4302 1181 4372 gloria
1228 4298 1557 4369 mirabilem,
1587 4297 1877 4366 splendore
1919 4297 2079 4351 terri-

498 4393 680 4459 bilem,
714 4395 1103 4463 pulchritudine
1127 4392 1473 4459 laudabilem,
1499 4391 1866 4460 magnitudine
1892 4406 2082 4461 proce-

498 4504 638 4556 rum,
663 4496 879 4555 aspectu
914 4487 1247 4555 praclarum.
1280 4485 1450 4552 Quem
1475 4494 1532 4536 ut
1559 4483 1764 4552 aspexi,
1795 4482 2082 4537 vehemen-

499 4590 583 4636 ter
602 4579 885 4649 obstupui;
919 4579 1012 4633 sed
1046 4589 1221 4633 tamen
1257 4577 1344 4633 ille
1385 4577 1531 4631 vultu
1559 4576 1769 4645 placido
1797 4576 2078 4642 accedens,

498 4687 641 4728 nunc
673 4687 881 4739 manus,
915 4686 1056 4729 nunc
1104 4670 1241 4724 labia
1273 4683 1390 4729 mea
1438 4668 1638 4736 tetigit,
1673 4666 1908 4735 mihique
1940 4665 2082 4725 vires

499 4770 745 4831 potenter
774 4760 1091 4817 restauravit
1120 4757 1584 4828 (JoannesJibello
1614 4772 1695 4826 ιιι,
1727 4773 1780 4810 n.
1807 4754 1918 4824 12).
1943 4754 2084 4813 Con-

498 4856 649 4913 tinuo
675 4853 828 4908 laetus
856 4852 1087 4915 surrexi,
1111 4850 1329 4921 Deoque
1351 4850 1584 4919 favente,
1615 4862 1712 4918 per
1738 4848 2080 4903 solitudinem

498 4942 691 4999 exinde
718 4942 901 4997 decem
924 4950 978 4996 et
1024 4950 1228 5010 septem
1252 4941 1462 4997 dierum
1493 4954 1708 4997 cursum
1736 4938 1924 5004 direxi,
1951 4953 2086 5006 quo-

498 5047 671 5102 usque
694 5034 761 5088 ad
791 5033 965 5091 locum
993 5048 1150 5104 quem
1200 5033 1455 5089 Dominus
1485 5032 1617 5086 mihi
1644 5030 1845 5086 famulo
1876 5044 1974 5085 suo
2004 5030 2085 5085 in-

500 5124 661 5194 digno
690 5124 1005 5193 providebat
1032 5126 1338 5183 ostendere.
1366 5123 1623 5197 perveni;
1655 5120 1765 5176 illic
1786 5120 1853 5173 ab
1880 5120 2085 5175 itineris

500 5214 687 5283 labore
712 5215 935 5271 cessavi.

2174 4001 2397 4075 pedibus
2426 4004 2543 4074 ejus
2585 4020 2671 4061 me
2704 4006 2921 4062 timidus
2948 4009 3230 4077 prostravi.
3262 4008 3355 4063 Ille
3410 4025 3629 4080 quoque
3673 4026 3772 4066 me

2170 4096 2462 4165 prohibens
2508 4106 2633 4153 ante
2662 4114 2721 4154 se
2760 4097 2961 4167 jacere,
2993 4099 3189 4170 Surge,
3221 4101 3413 4168 inquit,
3466 4114 3661 4169 surge;
3706 4110 3769 4157 tu

2181 4192 2324 4245 enim
2353 4205 2411 4246 es
2457 4191 2551 4246 Dei
2594 4205 2804 4257 servus,
2835 4200 2890 4246 et
2929 4191 3134 4247 vocaris
3168 4191 3519 4261 Paphnutius,
3553 4201 3781 4246 sancto-

2182 4296 2300 4335 rum
2333 4282 2556 4337 amicus.
2589 4282 2778 4337 Statim
2808 4283 3050 4347 surrexi;
3080 4293 3134 4338 et
3164 4284 3405 4352 quamvis
3447 4284 3641 4345 fessus,
3697 4293 3781 4336 ta-

2183 4386 2306 4426 men
2337 4372 2490 4425 laetus
2538 4380 2663 4425 ante
2694 4385 2814 4425 eum
2862 4371 2997 4436 sedi,
3040 4371 3149 4440 jam
3182 4371 3410 4426 ferventi
3459 4371 3732 4425 desiderio
3756 4409 3776 4436 ,

2182 4461 2299 4531 quis
2326 4459 2460 4530 ipse,
2493 4470 2548 4515 et
2592 4460 2763 4529 qualis
2796 4459 2914 4529 ejus
2943 4469 3090 4515 esset
3116 4462 3259 4527 vita,
3310 4461 3529 4529 cupiens
3578 4459 3784 4529 digno-

2182 4568 2354 4620 scere,
2386 4553 2573 4607 dicens
2604 4569 2619 4607 :
2652 4552 2792 4607 Ecce
2839 4563 3021 4607 vorum
3066 4554 3393 4623 adimplevit,
3426 4554 3515 4621 qui
3554 4568 3642 4607 me
3674 4569 3783 4624 per

2185 4645 2321 4699 hanc
2362 4657 2602 4698 eremum
2632 4642 2844 4698 direxit.
2878 4643 2956 4698 En
2985 4654 3133 4699 artus
3178 4645 3281 4699 mei
3320 4645 3627 4699 fatiscentes
3670 4646 3776 4699 ali-

2184 4733 2325 4803 quod
2367 4733 2608 4787 sentiunt
2657 4731 2929 4799 solatium,
2976 4734 3074 4789 sed
3131 4750 3283 4789 mens
3335 4735 3607 4791 sitibuuda
3658 4750 3774 4790 non

2184 4825 2356 4879 adhuc
2382 4824 2590 4881 invenit
2616 4823 2973 4895 refrigerium.
3020 4825 3223 4881 Idcirco
3255 4834 3330 4893 te,
3374 4828 3573 4892 senior,
3608 4826 3783 4881 corde

2185 4918 2379 4973 devoto
2406 4918 2683 4987 deprecor,
2716 4927 2879 4988 atque
2909 4934 3001 4986 per
3027 4918 3195 4983 illum,
3240 4920 3312 4975 ob
3340 4920 3494 4989 cujus
3524 4936 3777 4977 amorem

2187 5010 2343 5080 hujus
2389 5012 2689 5067 solitudinis
2732 5012 2946 5069 deserta
2996 5012 3223 5078 habitas,
3273 5022 3326 5069 te
3370 5024 3668 5079 contestor,
3720 5026 3782 5070 ut

2186 5105 2329 5159 unde
2356 5104 2429 5158 sis
2467 5113 2558 5162 aut
2585 5105 2850 5172 quomodo
2883 5106 3124 5172 voceris,
3168 5121 3265 5161 seu
3304 5108 3520 5177 quando
3551 5108 3657 5161 huc
3680 5109 3779 5162 ad-

2189 5197 2417 5264 veneris,
2460 5198 2658 5265 apertis
2698 5197 2825 5250 mihi
2868 5200 3043 5254 verbis
3073 5198 3380 5257 denunties.
3430 5201 3498 5256 Et
3548 5203 3631 5257 vir
3682 5202 3781 5256 Dei

572 5307 701 5362 Car.
748 5305 812 5359 ll.
854 5333 925 5345 —
956 5305 1121 5374 igitur
1167 5306 1291 5361 dum
1344 5306 1516 5362 fessus
1568 5308 1980 5376 requiescerem,
2031 5284 2157 5360 ειο
2189 5301 2575 5356 recognoscens
2601 5302 2764 5357 quam
2796 5287 2985 5343 libenti
3011 5290 3191 5345 animo
3222 5292 3546 5347 sententiam
3589 5293 3671 5347 sui
3696 5292 3781 5345 la-

500 5412 661 5467 quam
709 5411 850 5466 aegre
899 5395 977 5465 (4)
1028 5398 1297 5466 profectus
1342 5412 1515 5453 essem
1554 5398 1865 5467 cogitarem,
1912 5397 2084 5451 virum

499 5489 684 5564 procul
714 5498 930 5560 aspectu
963 5489 1252 5545 terribilem
1281 5488 1408 5553 vidi,
1434 5490 1489 5541 in
1518 5488 1732 5543 modum
1762 5490 1944 5545 bestia:
1966 5491 2088 5561 pilis

500 5582 737 5652 undique
763 5582 1213 5652 circumseptum;
1244 5581 1327 5634 cui
1365 5588 1509 5633 tanta
1534 5580 1746 5637 scilicet
1774 5583 2086 5650 capillorum

503 5674 783 5756 prolixitas
812 5684 946 5745 erat,
971 5682 1030 5728 ut
1050 5685 1249 5742 corpus
1277 5670 1413 5726 illius
1440 5669 1679 5740 ipsorum
1710 5671 1995 5731 diﬂ’usione
2014 5683 2087 5733 le-

2190 5377 2335 5433 boris
2361 5378 2621 5443 audirem,
2651 5377 2785 5433 dixit
2814 5378 2945 5432 mihi
2971 5397 2984 5433 :

2259 5492 2388 5548 Car.
2454 5493 2539 5548 111.
2590 5523 2662 5534 -
2706 5493 2968 5560 Quoniam
3022 5504 3095 5560 te,
3148 5494 3316 5551 frater
3358 5495 3578 5564 dilecte,
3620 5498 3777 5553 avida

2191 5594 2371 5641 mente
2399 5586 2521 5642 vita:
2548 5602 2681 5643 mea:
2728 5587 2912 5660 longas
2952 5590 3396 5649 :erumnaswelle
3424 5591 3563 5644 scire
3592 5590 3774 5651 video,

2193 5687 2435 5749 repetere
2478 5693 2562 5735 me
2590 5679 2683 5735 tibi
2715 5694 2817 5735 non
2867 5679 3079 5737 dubites
3111 5679 3206 5737 has
3237 5682 3303 5738 ab
3348 5680 3591 5736 exordio.
3642 5681 3770 5749 Ego,
