4016 6230
267 265 375 323 $.33

1302 256 1456 314 νιτΑ
1499 251 1742 313 SANCTI
1781 248 2127 318 ONUPHRII,
2170 251 2422 310 EREMIT
2429 253 2518 310 1E.

3456 246 3564 304 ΞΗ.

273 381 394 433 licet
422 373 744 435 immerituz,
796 383 959 423 vocor
988 368 1314 436 Onuphrius.
1350 368 1417 422 Et
1446 383 1572 422 ecce
1623 380 1727 420 non
1760 362 1859 418 mi-
1888 364 1937 424 A
1966 362 2121 428 tium,
2143 374 2353 419 constat
2386 381 2478 419 eos
2504 365 2698 420 habere
2722 364 2956 419 divinum
2981 365 3083 434 (9).
3124 365 3188 419 Et
3209 364 3257 416 si
3284 364 3426 417 esuri
3441 370 3561 428 unt,

275 483 373 523 nus
441 475 570 519 sunt
623 477 783 532 quam
839 459 1171 528 septuaginta
1239 458 1362 511 anni
1422 457 1543 528 (7),
1616 453 1760 524 quod
1810 452 1863 506 in

274 562 380 615 hoc
428 558 648 612 deserto
679 553 943 609 laboriose
987 550 1116 604 vixi.
1167 548 1297 602 Cum
1337 548 1463 602 feris
1511 554 1864 599 conversatus

274 663 394 703 sum
447 644 723 706 crebrius.
756 657 853 710 pro
897 653 1035 708 pane
1080 637 1289 691 comedi
1334 636 1533 705 jugiter
1577 634 1863 689 herbarum

277 740 500 802 fructus,
537 737 590 790 in
640 732 911 789 montibus
941 739 994 785 et
1040 729 1092 782 in
1124 728 1390 795 speluncis
1438 736 1491 781 et
1540 728 1591 780 in
1635 726 1865 779 vallibus

279 841 452 884 meum
504 822 763 879 reclinavi
811 816 1113 873 miserabile
1163 831 1376 884 corpus.
1419 816 1521 869 Tot
1567 816 1721 868 annis
1767 829 1863 868 ne-

282 922 475 977 minem
507 918 611 971 nisi
652 924 704 969 te
748 914 919 967 solum
976 910 1217 978 adSpexi,
1271 910 1583 963 alimentum
1631 923 1659 960 a
1719 906 1867 960 nullo

288 1013 555 1070 hominum
599 1004 825 1073 sumpsi,
859 1004 912 1057 in
959 1000 1287 1056 monasterio
1318 1000 1681 1067 HermOpolim
1722 999 1867 1051 dicto

282 1102 555 1164 nutritus,
625 1100 679 1152 in
744 1094 1012 1163 provincia
1081 1092 1353 1146 Thebaida
1410 1090 1488 1160 (8)
1550 1089 1863 1153 nominata,

278 1194 369 1248 ubi
419 1189 578 1246 simul
625 1202 759 1257 pene
804 1194 1023 1240 centum
1059 1182 1311 1236 monachi
1363 1179 1649 1250 degebant.
1701 1178 1867 1232 Porro

279 1289 391 1342 vita
422 1285 640 1340 illorum
668 1279 789 1335 talis
815 1279 1039 1343 exstitit,
1074 1284 1133 1329 ut
1163 1289 1311 1329 more
1352 1282 1405 1328 et
1433 1272 1644 1327 actione
1685 1284 1867 1340 aequa-

280 1378 495 1433 nimiter
521 1387 712 1429 omnes
742 1371 1001 1432 viverent,
1026 1378 1079 1423 et
1109 1382 1215 1421 uno
1243 1365 1406 1421 corde
1433 1375 1484 1421 et
1515 1379 1621 1419 uno
1652 1365 1864 1432 spiritu,

280 1469 403 1537 iugo
428 1480 491 1519 ac
524 1461 818 1529 disciplina:
844 1466 1042 1511 sancta:
1072 1456 1270 1524 regulze
1301 1455 1436 1509 colla
1463 1453 1867 1519 submitterent,

280 1566 440 1625 atque
486 1556 679 1609 ﬂuctus
709 1552 868 1619 hujus
894 1548 1079 1602 saeculi
1110 1548 1327 1600 omnino
1356 1560 1463 1600 non
1494 1544 1863 1598 formidarent.

282 1645 549 1715 Quidquid
612 1642 702 1696 uni
754 1641 1036 1707 placebat,
1110 1636 1313 1692 cunctis
1371 1635 1635 1704 placebat.
1698 1634 1870 1687 Mente

1969 453 2087 521 quis
2116 454 2191 510 eis
2223 471 2411 525 panem
2441 458 2622 510 dabit?
2651 457 2704 513 Si
2733 457 2935 518 sitiunt,
2970 460 3087 525 quis
3118 460 3195 510 eis
3219 472 3410 521 aquam
3469 454 3561 507 tri-

1969 548 2104 616 bttit,
2137 550 2221 601 ubi
2272 551 2423 618 panis
2452 559 2506 604 et
2535 565 2669 620 aqua
2716 566 2818 605 non
2849 553 2963 606 est?
3008 551 3268 605 Maximus
3312 552 3462 605 labor
3498 547 3559 602 in

1968 640 2194 693 desertis
2228 641 2358 694 locis
2400 657 2519 695 esse
2547 658 2650 694 non
2696 642 2988 710 dubitatur,
3016 642 3107 695 ubi
3138 642 3265 695 nihil
3298 654 3550 696 necessa-

1970 730 2103 783 rium
2138 732 2418 799 reperitur.
2472 733 2702 785 Primum
2733 748 2879 802 ergo,
2921 733 3132 801 quando
3163 734 3214 786 in
3258 731 3550 787 solitudine

1969 820 2225 875 definiunt
2280 824 2539 890 habitare,
2597 824 2648 876 in
2700 823 2790 877 Dei
2836 824 3027 877 timore
3076 830 3286 877 certant
3327 822 3549 877 firmiter

1968 924 2133 969 stare.
2166 914 2220 967 ln
2250 914 2387 969 fame
2417 924 2470 969 et
2500 915 2610 980 siti,
2658 915 2709 970 in
2758 916 2939 969 labore
2967 925 3019 969 et
3052 914 3301 984 passione
3322 928 3551 983 corpora

1969 1022 2064 1061 sua
2093 1006 2363 1068 cruciant;
2394 1016 2577 1061 contra
2625 1007 2917 1061 diabolicas
2942 1006 3182 1065 .insidias
3208 1007 3434 1062 viriliter
3465 1007 3552 1062 di-

1971 1098 2196 1162 micant;
2230 1105 2285 1151 et
2313 1106 2371 1149 ut
2414 1098 2655 1162 vincant,
2686 1108 2873 1152 contra
2907 1098 3005 1150 tela
3049 1096 3357 1166 nequissimi
3397 1099 3551 1166 ignea

1970 1188 2160 1256 gladiis
2203 1188 2574 1255 Spiritualibus
2604 1199 2857 1257 pugnant.
2911 1190 3173 1257 Antiqnus
3218 1190 3416 1243 etenim
3462 1189 3557 1244 ille

1972 1278 2162 1342 hostis,
2195 1279 2354 1332 totius
2378 1280 2625 1333 inventor
2655 1280 2965 1345 iniquitatis,
3000 1281 3177 1333 studet
3205 1295 3299 1333 eos
3321 1281 3552 1334 subver-

1972 1378 2105 1435 tere,
2137 1379 2190 1424 et
2221 1372 2272 1424 in
2303 1373 2628 1425 consortium
2663 1373 2876 1425 malitiae
2908 1388 3017 1425 sum
3070 1373 3363 1439 implicare,
3396 1380 3556 1441 atque

1972 1461 2039 1515 de
2070 1462 2206 1516 bona
2235 1465 2523 1527 voluntate,
2556 1477 2715 1532 quam
2764 1464 3103 1526 inchoabant,
3154 1463 3457 1526 rezraliere;
3502 1474 3558 1518 et

1974 1561 2181 1606 mentes
2200 1565 2385 1606 eorum
2416 1554 2700 1606 mundanis
2720 1553 3082 1620 voluptatibus
3106 1555 3299 1606 iterum
3320 1554 3554 1618 irretire,

1974 1651 2034 1697 ut
2062 1644 2113 1697 in
2144 1643 2305 1712 opere
2339 1644 2491 1714 101
2519 1653 2696 1712 coepto
2736 1644 2980 1697 fatiscant
3014 1646 3320 1711 persistere.
3363 1646 3553 1697 Omni-

281 1743 487 1797 sane“.
542 1733 647 1786 ﬁde
696 1744 856 1799 Pura.
914 1729 1177 1782 (ειιπίῑεηθ
1234 1722 1473 1794 Perfecta
1518 1733 1643 1778 δηιθ
1699 1724 1865 1779 Deum
1900 1733 1947 1791 B
1976 1744 2163 1803 potens
2192 1748 2319 1802 ergo
2350 1734 2515 1799 Deus,
2547 1735 2767 1801 quinon
2812 1734 3132 1803 dereliuqnit
3181 1745 3461 1801 sperantes
3505 1736 3557 1788 in

284 1824 633 1885 incedebant,
677 1821 767 1873 cui
815 1820 901 1871 die
955 1828 1221 1884 noctuque
1276 1816 1420 1869 omni
1466 1814 1873 1868 mansuetudine

285 1929 339 1975 et
404 1916 669 1984 patientia
716 1914 1022 1967 ministrare
1074 1926 1178 1964 non
1233 1907 1530 1963 cessabant.
1572 1907 1739 1961 Tanta
1794 1907 1875 1961 bis

285 2020 403 2065 erat
434 2005 771 2064 taciturnitas
801 2018 921 2057 cum
970 1999 1310 2064 abstinentia,
1351 2006 1409 2051 ut
1454 1997 1630 2052 nullus
1655 1996 1878 2051 auderet

290 2103 398 2158 nisi
440 2117 561 2155 cum
600 2099 742 2169 iusta
790 2094 1231 2163 interrogatione,
1279 2091 1362 2145 vel
1402 2100 1549 2145 recto
1596 2103 1876 2159 responso,

293 2194 530 2251 reddere
546 2192 779 2245 verbum.
799 2188 873 2241 lbi
898 2200 1108 2257 quoque
1128 2186 1375 2254 pabulum
1398 2192 1597 2238 sanctte
1620 2183 1878 2238 doctrina:

292 2286 368 2338 ab
398 2280 749 2337 adolescentia
797 2277 1043 2345 Suscepi;
1075 2277 1144 2330 ibi
1190 2276 1450 2345 regularis
1478 2276 1598 2328 vita:
1634 2289 1877 2327 ttormam

288 2391 316 2427 ι
349 2372 606 2429 fratribus
651 2370 834 2435 didici,
866 2383 896 2422 a
928 2368 1118 2439 quibus
1160 2367 1462 2421 amabiliter
1488 2366 1781 2434 diligebar;
1814 2364 1880 2420 ab

290 2464 396 2531 bis,
428 2464 657 2534 qualiter
687 2463 925 2516 instituta
955 2459 1324 2528 mandatorum
1351 2458 1447 2513 Dei
1476 2473 1693 2513 servare
1715 2458 1881 2513 debe-

293 2571 425 2615 rem.
456 2554 748 2624 diligenter
770 2552 1092 2607 instruebar.

359 2647 490 2703 Car.
547 2646 637 2700 IV.
689 2674 761 2686 ——-
810 2643 1054 2699 Profecto
1090 2643 1256 2697 vitam
1308 2642 1447 2697 beati
1496 2642 1668 2696 Patris
1714 2643 1881 2695 nostri

294 2738 424 2794 Elia:
472 2738 808 2792 venerabiles
834 2735 1027 2788 fratres
1055 2748 1203 2789 meos
1229 2732 1406 2787 audivi
1436 2731 1745 2800 frequenter
1772 2732 1883 2785 lau-

296 2830 439 2893 dare,
466 2828 557 2897 qui
584 2842 645 2882 se
676 2830 725 2881 in
754 2841 936 2880 eremo
965 2827 1017 2879 in
1049 2835 1194 2879 tanta
1216 2824 1536 2880 abstinentia
1565 2832 1618 2877 et
1641 2822 1884 2876 oratione

299 2922 503 2976 studuit
553 2919 815 2987 affligere,
868 2926 926 2970 ut
971 2917 1256 2970 maximam
1307 2917 1554 2968 virtutem
1586 2931 1613 2967 a
1662 2915 1885 2969 Domino

300 3012 584 3069 meruisset
613 3010 886 3079 accipere;
917 3017 971 3063 et
1005 3008 1161 3077 igneo
1196 3022 1351 3060 curru
1377 3015 1711 3060 transvectus
1731 3046 1745 3071 ,
1774 3008 1886 3075 spi-

1977 1837 2057 1890 se,
2090 1822 2385 1876 circumdat
2413 1837 2507 1877 eos
2534 1823 2697 1876 armis
2724 1837 2835 1877 suae
2867 1826 3140 1892 potentiae,
3175 1834 3232 1877 ut
3262 1823 3360 1878 hos
3389 1826 3561 1877 incur-

1977 1910 2059 1966 sio
2109 1912 2319 1967 Satante
2364 1927 2468 1965 non
2520 1912 2696 1967 valeat
2744 1923 3103 1981 prosternere.
3156 1929 3293 1983 quos
3330 1914 3562 1983 protegit

1978 2004 2241 2059 celsitudo
2289 2004 2481 2057 divinat
2536 2004 2939 2058 tniscricorditr.
2991 2006 3327 2074 Quapropter
3353 2007 3419 2060 ad
3463 2022 3559 2058 ρης

1979 2096 2156 2165 angeli
2190 2094 2280 2149 Dei
2308 2094 2504 2164 jugiter
2533 2096 2834 2157 mittuntur,
2870 2111 2931 2149 ac
2981 2110 3074 2161 per
3119 2112 3306 2150 manus
3349 2097 3559 2149 illorum

1980 2200 2312 2259 qutecunque
2342 2186 2643 2240 necessaria
2686 2186 2928 2240 crebrius
2977 2187 3056 2240 eis
3101 2186 3559 2241 adminisIrantnr.

1981 2276 2187 2347 Aquam
2217 2276 2287 2331 de
2312 2285 2458 2345 petra
2490 2275 2756 2342 hauriunt,
2798 2276 2938 2343 quod
2984 2277 3367 2345 interpretatur
3410 2278 3561 2331 Chri-

1982 2377 2118 2423 stus.
2148 2367 2416 2436 SCriptum
2448 2376 2529 2423 est
2556 2365 2698 2421 enim
2729 2384 2743 2420 :
2778 2367 2957 2421 Sancti
2990 2370 3079 2436 qui
3109 2378 3326 2434 sperant
3357 2368 3411 2421 in
3460 2368 3563 2421 Do-

1983 2462 2149 2525 mino,
2182 2460 2452 2514 habebunt
2500 2456 2892 2525 fortitudinem,
2940 2469 3215 2512 assumant
3262 2473 3464 2526 pennas
3511 2468 3565 2513 ut

1982 2552 2202 2622 aquilat;
2238 2550 2514 2612 volabunt,
2542 2558 2598 2603 et
2627 2563 2730 2602 non
2758 2547 3043 2612 deficient;
3072 2556 3310 2611 current,
3341 2558 3393 2601 et
3414 2563 3564 2614 gres-

1983 2658 2074 2698 sus
2135 2657 2319 2698 eorum
2376 2656 2483 2695 non
2528 2640 2772 2695 labentur
2832 2639 2984 2711 (Ita.
3046 2638 3178 2709 ιιι).
3251 2641 3318 2693 Ει
3368 2639 3496 2693 alibi
3548 2654 3562 2690 :

1985 2734 2084 2800 Qui
2131 2733 2337 2797 sitiunt,
2389 2732 2458 2787 de
2502 2746 2737 2801 superno
2779 2731 2925 2786 fonte
2971 2730 3292 2785 condiuntur
3323 2728 3467 2801 (10),
3514 2739 3567 2783 et

1989 2825 2268 2880 herbarum
2314 2824 2441 2879 folia
2470 2823 2523 2878 in
2557 2838 2652 2878 ore
2692 2838 2877 2878 eorum
2909 2832 3158 2890 tanquam
3199 2822 3349 2875 favus
3393 2821 3569 2876 mellis

1988 2917 2319 2972 dulcescunt.
2352 2917 2410 2973 Si
2459 2926 2639 2971 autem
2688 2915 2972 2985 aliquando
3021 2914 3266 2969 diabolus
3311 2913 3569 2969 adversus

1990 3023 2083 3064 eos
2111 3010 2449 3074 colluctatur,
2498 3008 2740 3078 protinus
2790 3015 3061 3078 surgunt:
3114 3021 3303 3060 manus
3350 3020 3474 3060 suas
3504 3008 3568 3057 ad

302 3110 434 3163 ritus
477 3104 652 3159 sancti
682 3104 819 3156 dona
840 3116 961 3171 qum
992 3100 1274 3165 habuerat,
1307 3099 1567 3167 discipulo
1597 3099 1879 3168 impartiri,
1907 3093 1953 3154 C
1988 3102 2269 3157 Dominum
2295 3102 2630 3172 expandunt,
2664 3115 2852 3171 preces
2878 3109 3003 3155 ante
3045 3099 3276 3153 divinam
3318 3098 3567 3165 majesta-

304 3214 365 3255 ac
391 3199 568 3252 adhuc
595 3196 862 3264 longaevus
890 3193 1063 3258 senio,
1091 3192 1279 3246 mortis
1304 3207 1515 3261 pinnam
1543 3207 1649 3246 non
1681 3194 1887 3247 videre.

308 3290 530 3357 Insuper
557 3287 624 3340 ad
658 3285 981 3352 exemplum,
1032 3283 1243 3337 beatum
1292 3283 1585 3350 Baptistatn
1631 3281 1891 3336 Joannem

310 3379 673 3450 pretulernnt,
707 3374 794 3443 qui
830 3375 881 3427 in
926 3372 1044 3426 novi
1092 3372 1422 3426 Testamenti
1475 3371 1615 3425 serie
1661 3370 1893 3425 clarissi-

311 3486 427 3525 mus
451 3468 674 3532 effulsit,
722 3480 921 3535 perque
950 3466 1175 3534 plurima
1222 3479 1481 3517 annorum
1514 3465 1685 3533 spatia
1714 3464 1895 3519 divino

311 3568 645 3631 mancipatus
667 3562 866 3625 officio,
898 3574 1092 3628 corpus
1124 3574 1276 3612 suum
1306 3558 1617 3625 maceravit,
1648 3558 1817 3613 donec
1844 3561 1894 3612 in

312 3655 563 3711 Iordanis
591 3653 729 3707 unda
758 3652 1167 3718 Redemptorctn
1194 3651 1375 3704 mundi
1399 3651 1671 3718 baptizare
1703 3649 1898 3719 dignus

312 3747 591 3808 existeret,
637 3751 795 3810 atque
845 3742 1015 3811 ipsum
1071 3740 1163 3795 Dei
1196 3741 1404 3810 Agnutn
1438 3755 1558 3795 esse
1600 3740 1762 3809 digito
1801 3754 1899 3795 suo

315 3836 732 3892 demonstraret.
1248 3830 1255 3835 ’

386 3926 515 3981 Car.
552 3925 616 3981 ν.
664 3956 736 3966 --
766 3925 873 3993 Ego
900 3939 1026 3979 vero
1062 3937 1183 3978 cum
1222 3921 1343 3977 talia
1374 3938 1468 3979 eos
1499 3924 1780 3979 recitantes
1808 3938 1900 3978 au-

317 4015 509 4081 direm,
537 4014 781 4070 dicebam
814 4014 920 4068 illis
952 4031 965 4066 :
1000 4014 1201 4080 Quare,
1230 4012 1471 4067 seniores
1503 4015 1629 4079 mei,
1658 4016 1818 4067 vitam
1848 4021 1903 4068 et

320 4108 575 4163 miracula
606 4121 792 4163 eorum
821 4103 1236 4173 obstupescitis?
1265 4115 1356 4157 aut
1385 4120 1481 4159 cur
1510 4105 1724 4159 illorum
1764 4105 1901 4160 facta

317 4207 425 4254 tam
451 4199 668 4254 assidue
695 4197 1165 4253 commemoratis?
1186 4198 1269 4251 An
1297 4204 1425 4250 sunt
1452 4196 1601 4250 vobis
1632 4197 1899 4262 fortiores,

317 4290 407 4360 qui
435 4290 713 4345 desertum
762 4287 1027 4351 habitant,
1060 4302 1126 4339 an
1176 4287 1441 4341 leviores?
1468 4288 1537 4341 At
1576 4286 1648 4339 illi
1682 4302 1903 4355 respon-

319 4380 528 4445 dentes,
562 4380 812 4434 dixerunt
854 4396 868 4430 :
922 4376 1045 4442 Fili,
1098 4376 1345 4431 fortiores
1391 4374 1544 4429 nobis
1587 4385 1731 4439 sunt,
1781 4377 1904 4445 quia

1962 3194 1967 3201 ’
1997 3208 2100 3255 tem
2133 3198 2359 3254 fideliter
2388 3196 2641 3261 fundunt;
2677 3209 2801 3249 mox
2833 3193 3031 3248 auxilio
3060 3193 3264 3248 caelesti
3286 3191 3569 3247 sublevan-

1989 3287 2102 3356 tur,
2126 3297 2180 3343 et
2200 3288 2381 3343 dolosa
2398 3288 2575 3357 jacula
2604 3284 2807 3340 inimici
2838 3285 3049 3353 penitus
3070 3283 3437 3338 destruuntur.
3458 3280 3571 3335 Nm

1999 3380 2266 3449 intelligis,
2299 3378 2391 3440 ﬁli,
2424 3379 2652 3449 qualiter
2681 3378 2733 3431 in
2764 3377 2975 3433 Psalmu
3022 3376 3212 3446 legitur
3253 3391 3267 3428 :
3315 3374 3570 3440 Quoniam

2000 3489 2103 3527 non
2134 3476 2185 3526 in
2219 3472 2377 3526 linem
2406 3470 2606 3525 oblivio
2634 3471 2735 3525 erit
2767 3470 3036 3539 pauperis,
3085 3466 3331 3535 patientia
3378 3480 3516 3532 paup
3551 3493 3572 3508 ς

1999 3578 2116 3618 rum
2165 3577 2266 3615 non
2290 3562 2484 3630 peribit
2513 3561 2566 3615 in
2583 3570 2844 3615 aeternum
2889 3559 3063 3630 (Psal.
3093 3558 3215 3624 ts)?
3243 3557 3310 3611 Et
3340 3556 3530 3609 iterum
3560 3572 3573 3607 :

2003 3652 2283 3708 Emudivit
2323 3666 2417 3705 eos
2461 3650 2715 3705 Dominus
2764 3650 2815 3702 in
2863 3649 2950 3701 die
2982 3647 3359 3710 tribulationis,
3412 3654 3468 3700 et
3512 3647 3577 3699 de

2000 3746 2146 3800 omni
2187 3743 2428 3814 angustia
2471 3741 2717 3796 liberavit
2764 3754 2856 3793 eos
2906 3737 3078 3808 (Psal.
3123 3737 3252 3805 tm).
3297 3738 3579 3791 Enimvero

2002 3836 2364 3905 unusquisque
2413 3832 2681 3901 propriam
2734 3831 3034 3886 mercedem
3077 3830 3331 3899 accipiet,
3389 3845 3580 3885 secun.

2001 3930 2126 3984 dum
2171 3944 2323 3985 suum
2372 3926 2609 3981 laborem
2638 3922 2693 3997 (I
2741 3924 2861 3978 Cor.
2917 3926 3019 3994 tn).
3073 3925 3271 3979 Beatus
3305 3934 3387 3979 est
3440 3925 3580 3979 enim
3646 3950 3647 3953 η

2003 4020 2083 4074 vir
2135 4021 2222 4089 qui
2274 4032 2486 4087 semper
2548 4029 2631 4070 εει
2686 4015 2948 4083 pavidus,
3000 4024 3054 4067 et
3104 4014 3429 4069 Voluntatem
3489 4015 3579 4066 ι)ρί

2008 4114 2060 4167 in
2126 4111 2224 4165 hac
2306 4109 2553 4178 praesenti
2621 4106 2729 4162 vita
2791 4116 2845 4161 et
2905 4106 3077 4175 fragili
3133 4107 3403 4161 studiosus
3480 4108 3583 4168 agit

2007 4205 2190 4275 (Prov.
2233 4203 2441 4272 xxvut).
2470 4201 2968 4264 Certissimeseias,
3002 4216 3035 4254 o
3068 4201 3159 4264 fili,
3193 4201 3444 4270 quoniam
3488 4215 3584 4251 an.

2007 4296 2110 4368 geli
2141 4295 2231 4348 Dei
2260 4292 2457 4347 sanctis
2495 4307 2558 4346 ac
2600 4292 2760 4360 justis
2797 4291 2927 4345 viris
2954 4290 3193 4359 quotidie
3241 4291 3585 4349 famulantur,

2008 4396 2166 4455 atque
2191 4384 2382 4438 virtu'e
2409 4397 2637 4451 superna
2666 4396 2888 4450 corpora
2912 4383 3186 4470 statimne
3215 4380 3427 4434 illorum
3448 4382 3585 4449 jugi-

319 4470 437 4527 sine
464 4470 734 4541 adjutorio
775 4469 1008 4523 humano
1035 4465 1242 4523 vivunt.
1274 4467 1382 4523 Nos
1431 4470 1611 4537 itaque
1658 4469 1795 4523 alter
1833 4470 1901 4523 ab
1932 4476 1985 4537 Ῑ)
2009 4485 2089 4532 ter
2118 4475 2500 4529 illuminanlur.

324 4562 488 4617 altero
518 4560 916 4629 conspicimur,
968 4561 1271 4629 pariterque
1320 4560 1565 4613 divinum
1605 4561 1840 4615 officium
1878 4576 1907 4615 a

324 4652 476 4704 nobis
504 4649 827 4705 celebratur.
872 4649 1166 4718 Siquando
1211 4650 1387 4703 cibum
1434 4650 1702 4717 cupimus,
1755 4666 1909 4719 para-

324 4730 792 4809 tum’reperimus;
822 4739 868 4794 si
896 4740 1105 4808 quando
1134 4740 1416 4794 infirmitas
1444 4751 1539 4796 aut
1565 4730 1741 4811 aliqua
1782 4757 1905 4796 cor-

326 4834 465 4900 poris
495 4833 834 4887 imbecillitas
853 4831 1149 4899 irrepserit,
1176 4835 1357 4886 statim
1379 4847 1503 4885 cura
1537 4831 1759 4886 fratrum
1785 4848 1905 4887 cum

322 4924 463 4975 omni
504 4921 866 4976 sollicitudine
906 4935 1004 4973 nos
1049 4921 1287 4990 adjuvat.
1340 4922 1400 4976 ln
1445 4923 1684 4977 mdiﬁciis
1734 4923 1907 4978 lucide

321 5014 639 5066 constructis
697 5012 1011 5077 habitamus,
1062 5011 1118 5065 in
1162 5013 1355 5080 quibus
1402 5023 1458 5068 et
1498 5015 1566 5069 ab
1610 5025 1747 5068 testu
1777 5016 1907 5069 solis

320 5103 558 5170 coeperti
589 5116 802 5168 sumus,
837 5115 889 5156 et
933 5103 1001 5157 ab
1032 5104 1378 5159 inundatione
1418 5105 1631 5173 pluviae,
1661 5115 1763 5159 eta
1798 5114 1911 5160 tur-

320 5194 446 5250 bine
475 5196 619 5249 venti
649 5209 711 5248 ac
734 5204 1053 5263 tempestate
1093 5210 1373 5250 manemus
1403 5196 1633 5251 defensi.
1661 5198 1908 5253 Monaclii

321 5302 476 5358 vero,
506 5290 596 5358 qui
644 5289 698 5342 in
728 5288 943 5342 deserto
973 5296 1117 5354 sunt,
1153 5289 1283 5342 nihil
1318 5290 1702 5344 consolationis
1735 5293 1833 5345 nisi
1880 5306 1907 5343 a

320 5379 435 5437 Deo
455 5380 742 5449 recipiunt.
771 5380 826 5434 Si
854 5381 1068 5449 quando
1115 5382 1386 5451 angustias
1414 5392 1503 5435 aut
1534 5383 1908 5439 tribulationes

318 5470 562 5539 perpessi
601 5468 833 5532 fuerint,
883 5471 965 5524 vel
1011 5486 1131 5525 cum
1161 5470 1371 5524 diabolo
1420 5470 1641 5540 antiquo
1689 5470 1904 5526 humani

316 5564 541 5631 generis
569 5561 787 5615 inimico
818 5575 1052 5630 pugnare
1081 5561 1359 5630 cmperint,
1394 5561 1516 5629 quis
1546 5560 1627 5615 eis
1670 5562 1845 5614 astat?
1875 5577 1904 5614 a

318 5667 434 5720 qm
460 5651 816 5722 adjuvantur?
862 5650 967 5706 Sed
998 5651 1187 5721 quibus
1223 5653 1515 5706 humanum
1565 5649 1717 5705 deest
1765 5652 1904 5705 sola-

2080 4571 2208 4635 CAP.
2254 4571 2336 4624 Vl.
2363 4599 2436 4612 -—-
2462 4570 2577 4625 Tali
2607 4568 2834 4637 denique
2863 4569 3068 4621 ratione
3094 4582 3195 4636 ego
3224 4584 3422 4638 pauper
3448 4568 3587 4622 Onu-

2013 4662 2197 4731 pbrius
2239 4678 2267 4713 a
2309 4661 2659 4716 sanctissimis
2706 4660 2949 4714 Patribus
3006 4660 3056 4712 itt
3104 4674 3233 4715 meo
3268 4663 3589 4715 monasterio

2012 4752 2277 4805 subtiliter
2326 4752 2645 4811 intructus,
2704 4751 2840 4817 οωρί
2911 4750 3063 4803 tacita
3126 4759 3303 4804 mente
3362 4760 3591 4803 tractam

2012 4857 2169 4910 quam
2215 4841 2445 4912 gloriosa
2502 4841 2749 4894 felicitate
2806 4842 3149 4908 perfruuntur
3211 4838 3262 4891 in
3311 4839 3461 4893 cotlis
3502 4842 3590 4908 qui

2013 4931 2303 4986 certamina
2346 4930 2607 4984 laboriosa
2636 4939 2853 4998 propter
2881 4945 3118 4983 amorem
3152 4929 3358 4982 Domini
3400 4934 3591 4986 to'era-

2016 5030 2141 5076 runt
2177 5023 2228 5074 in
2260 5020 2414 5075 terris
2457 5038 2470 5074 :
2511 5035 2604 5074 cor
2630 5036 2804 5074 meum
2836 5020 3074 5082 ardebat.
3112 5036 3261 5075 mens
3300 5037 3416 5076 mea
3454 5023 3592 5076 desi-

2017 5108 2320 5164 derabiliter
2347 5108 2591 5165 fervebat
2633 5109 2814 5163 mundi
2842 5108 3030 5172 gaudia
3065 5109 3274 5176 penitus
3310 5125 3588 5177 spernere.

2014 5202 2197 5271 patria:
2248 5202 2449 5257 caelesti
2516 5200 2639 5255 totis
2686 5200 2886 5254 viribus
2943 5201 3401 5269 appropinquare,
3452 5206 3591 5257 sicut

2016 5291 2055 5344 P
2087 5292 2291 5344 almista
2341 5291 2558 5354 edocet,
2610 5290 2796 5343 dicens
2849 5306 2861 5341 :
2917 5289 3039 5343 Mihi
3090 5299 3268 5347 autem
3313 5291 3593 5348 adhaerere

2019 5369 2125 5437 Deo
2153 5385 2346 5436 bonum
2375 5391 2477 5447 est,
2522 5395 2720 5449 ponere
2748 5383 2800 5435 in
2824 5381 3051 5435 Domino
3089 5381 3197 5437 Deo
3236 5398 3386 5452 spem
3417 5401 3589 5440 meam

2015 5472 2186 5541 (Psal.
2219 5471 2404 5539 ωιχιι).
3446 5532 3451 5537 ,

2085 5562 2213 5621 Car.
2258 5561 2366 5615 γη.
2398 5591 2460 5601 -
2488 5562 2727 5631 Dumque
2756 5563 2874 5617 hmo
2906 5564 3166 5618 sollicitus
3207 5568 3584 5635 excogitarem,

2018 5664 2171 5707 nocte
2254 5653 2435 5707 silenti
2501 5656 2742 5709 concitus
2804 5655 3044 5718 surrexi,
3120 5655 3337 5725 parvum
3404 5669 3592 5722 pauent
