4016 6218
458 181 560 233 215

1490 208 1578 264 DE
1617 211 1795 265 VlTlS
1837 207 2117 265 PATRUM
2159 210 2358 269 LIBER
2406 215 2684 275 PRIMUS.

3626 235 3725 294 218

465 320 669 360 mecum
735 308 898 364 detuli
963 328 1082 367 cum
1154 318 1358 386 exiguis
1403 321 1756 389 leguminibus
1782 365 1796 383 ,
1860 333 1916 377 ut
1960 325 2042 377 vix
2074 325 2126 382 A
2151 326 2399 382 deberem
2433 333 2642 400 vivere,
2685 335 2878 390 divinis
2919 339 3169 410 alloquiis
3208 358 3312 400 non
3347 348 3593 404 cessabat
3631 354 3723 409 ad-

465 412 633 465 usque
671 399 723 454 in
752 412 992 470 quartam
1025 406 1162 460 diem
1195 411 1462 466 sufﬁceret
1489 430 1502 476 ;
1542 415 1722 482 sicque
1752 417 2042 470 secundum

466 485 557 542 Dei
588 487 1035 559 dispensationem
1075 505 1130 548 et
1159 495 1273 564 ejus
1312 499 1557 566 pietatem
1593 503 1862 570 profectus
1901 521 2035 571 sum,

463 587 520 630 ut
561 579 690 633 mihi
737 583 1045 638 ostenderet
1087 601 1218 640 mea:
1260 587 1600 644 habitationis
1641 593 1833 647 locum.
1882 595 2042 663 Egre-

463 672 644 727 diente
671 681 848 728 autem
881 691 966 729 me
990 677 1057 732 de
1092 682 1413 734 monasterio
1449 684 1498 736 in
1538 695 1810 753 montana,
1841 692 1955 742 veni
1989 691 2038 743 in

460 761 768 827 desertum;
818 765 1166 836 cogitatisque
1215 778 1270 821 ut
1315 786 1585 827 manerem
1635 775 1702 828 ibi
1730 817 1744 840 ,
1788 778 2040 833 continuo

461 848 635 902 lumen
684 851 1020 918 splendidum
1066 866 1189 910 ante
1239 873 1360 922 me,
1417 862 1568 929 quasi
1611 864 1835 920 obviaus
1883 869 2036 930 mihi,

461 938 591 992 vidi.
627 939 744 1004 Quo
783 945 922 1006 viso,
975 945 1124 1000 Valde
1164 947 1338 1002 timui.
1382 950 1584 1006 Idcirco
1622 971 1832 1024 quoque
1864 960 2037 1025 putavi

458 1043 547 1084 me
588 1031 786 1087 debere
830 1035 894 1087 ad
947 1041 1327 1093 monasterium
1385 1045 1631 1110 regredi,
1688 1049 1828 1102 unde
1872 1052 2029 1105 exivi.

459 1119 741 1191 Extemplo
767 1134 940 1178 autem
966 1127 1033 1180 de
1064 1129 1211 1182 radio
1240 1134 1481 1198 praeclari
1529 1136 1740 1190 luminis
1770 1139 1850 1194 vir
1881 1156 2024 1208 aspe-

457 1221 544 1264 ct-n
593 1214 977 1280 pulcherrimus
1025 1224 1250 1275 accessit
1297 1224 1362 1277 ad
1415 1241 1539 1288 me,
1595 1240 1649 1283 et
1696 1230 1827 1285 dixit
1876 1233 2032 1288 mihi:

415 1337 434 1352 ι
456 1302 576 1358 Noli
633 1319 936 1371 pavescere,
971 1324 1068 1377 ego
1098 1313 1238 1365 enim
1266 1327 1383 1368 sum
1429 1316 1521 1371 Dei
1552 1320 1795 1389 angelus,
1833 1324 1927 1378 tibi
1968 1326 2034 1379 ad

453 1393 855 1449 custodiendum
901 1398 966 1452 ab
1012 1411 1131 1454 ortu
1177 1412 1269 1455 tuo
1317 1405 1434 1476 (Η)
1475 1411 1811 1476 providentia
1855 1415 2034 1470 divina

456 1479 777 1550 destinatus,
811 1496 867 1538 ut
892 1485 1116 1555 jubente
1144 1491 1252 1547 Deo
1283 1503 1455 1550 tecum
1489 1513 1793 1569 manerem,
1823 1513 1876 1558 et
1904 1516 1954 1560 te
1983 1507 2032 1561 iu

457 1569 594 1624 hanc
633 1587 872 1628 ercmum
903 1577 1175 1635 ducerem.
1225 1582 1494 1643 Perfectus
1521 1598 1659 1656 esto,
1692 1593 1911 1648 humilis
1953 1595 2034 1648 iu-

2148 435 2387 475 lllOllCl'c.

2216 512 2342 566 Car.
2369 515 2458 570 IX.
2479 547 2550 559 —-
2568 520 2806 582 Quodam
2831 534 3010 579 autem
3041 537 3300 598 tempore,
3319 532 3470 601 juxta
3495 551 3723 595 consue-

2144 603 2377 657 tudinem
2427 609 2491 660 ad
2543 625 2627 663 me
2674 616 2940 678 veniens,
2993 617 3130 671 inter
3176 623 3338 677 verba
3392 625 3726 686 salutationis

2147 699 2445 755 prostratus
2485 695 2534 748 iu
2577 706 2771 753 terram
2812 703 3054 766 corruit:
3086 705 3311 765 Domino
3332 727 3418 778 jue
3445 717 3723 774 remittens

2141 782 2396 851 animam,
2429 788 2767 845 obdormivit.
2798 793 2949 859 Quod
2981 811 3101 850 cum
3125 799 3380 868 viderem,
3414 805 3573 862 nimis
3601 825 3721 866 sum

2141 874 2519 942 contristatus;
2566 889 2621 933 et
2667 881 2954 940 devolutus
2999 887 3168 952 humi,
3220 892 3473 964 lacrymis
3516 898 3723 957 obortis

2140 962 2407 1020 uberrime
2451 966 2593 1022 ﬂevi.
2635 967 2837 1038 Corpus
2881 973 3000 1043 ejus
3051 992 3172 1033 mox
3214 962 3432 1053 accc—pi,
3479 998 3533 1043 et
3561 1005 3723 1047 secus

2141 1050 2519 1109 Calidiomeam
2551 1066 2705 1114 terra:
2735 1066 3136 1122 commendavi.

2209 1141 2339 1197 Car.
2379 1145 2447 1199 Χ.
2492 1177 2562 1188 -
2610 1149 2743 1204 Dum
2786 1163 2962 1209 autem
3009 1171 3110 1226 ego
3148 1158 3482 1230 Paphnutius
3527 1183 3558 1222 a
3602 1173 3722 1228 viro

2138 1233 2475 1288 sanctissimo
2501 1236 2800 1307 Onnphrio,
2833 1243 3054 1300 rationis
3087 1247 3242 1317 hujus
3271 1251 3535 1321 loquelam
3566 1260 3719 1315 audi-

2139 1336 2271 1388 rem,
2316 1324 2530 1394 inquam
2577 1329 2644 1383 ad
2675 1345 2796 1385 eum
2822 1348 2836 1386 :
2867 1333 3025 1390 Pater
3064 1349 3276 1408 sancte,
3319 1344 3554 1405 laborem
3597 1366 3722 1410 esse

2138 1427 2242 1466 non
2274 1417 2539 1471 modicum
2575 1419 2685 1488 jam
2731 1425 2933 1486 sentio,
2961 1441 3118 1496 quem
3147 1444 3245 1498 pro
3277 1437 3492 1494 nomine
3517 1438 3721 1500 Christi

2136 1501 2376 1560 tolerasti
2419 1507 2472 1561 in
2502 1508 2600 1565 hac
2627 1527 2832 1570 eremo.
2861 1515 2956 1571 Vir
2982 1531 3198 1576 sanctus
3225 1531 3501 1596 reSpondit
3525 1549 3538 1585 :
3562 1534 3715 1604 Mihi,

2138 1589 2322 1658 frater,
2369 1598 2550 1663 crede,
2578 1599 2924 1660 dilectissime
2968 1625 2979 1660 :
3025 1610 3078 1664 in
3124 1613 3337 1669 deserto
3376 1623 3626 1692 sustinui,
3656 1637 3720 1682 ut

3135 1665 3150 1666 κν
3172 1665 3183 1666 ί
3227 1665 3267 1668 --
3287 1665 3332 1669 -τ
3376 1665 3626 1692 -“υ“ΙΙΙ“Ι,
3659 1665 3717 1682 υ.

457 1665 584 1717 θυαε
607 1679 784 1718 οοτθιη
810 1667 1054 1733 Domino.
1086 1686 1203 1725 cum
1235 1689 1266 1744 g
1286 1677 1426 1732 ludio
1455 1680 1659 1751 labora,
1681 1698 1775 1738 cor
1806 1695 1950 1740 tuum
1984 1687 2033 1741 in
2063 1683 2112 1744 B
2140 1684 2332 1751 Smpius
2376 1697 2618 1754 putarem
2669 1707 2756 1747 me
2793 1706 2960 1751 morte
3005 1705 3262 1769 superari.
3309 1709 3511 1780 Abspes
3553 1718 3717 1773 etiam

459 1755 602 1780 Arion:
637 1757 872 1780 nnlle‘nAz-
915 1775 1031 1780 --__A
1050 1777 1063 1780 Α
1109 1779 1116 1780 κ
1149 1779 1155 1780 ,
1272 1767 1283 1778 ο
1410 1768 1421 1779 ο
1695 1773 1706 1780 μ
1797 1774 1810 1780 Α
1892 1776 1902 1780 -

459 1755 602 1806 omni
635 1757 876 1810 custodia
909 1775 1167 1817 conserva
1188 1808 1202 1832 ,
1237 1767 1354 1823 vive
1380 1768 1496 1825 sine
1524 1773 1764 1840 querela,
1797 1774 1848 1829 in
1889 1776 2029 1832 bono

457 1858 615 1909 opere
653 1861 772 1913 pcrs
808 1864 955 1904 vera.
1004 1853 1116 1921 Ego
1146 1871 1273 1911 vero
1304 1867 1355 1912 te
1383 1875 1486 1916 non
1516 1862 1902 1935 derelinquam,
1927 1868 2028 1924 do-

455 1943 553 1987 uec
577 1937 807 1989 animam
841 1947 983 1994 tuam
1025 1943 1077 1997 in
1111 1949 1449 2010 prmsentiam
1491 1967 1714 2010 summa}
1739 1959 2028 2028 tnajestatis

456 2027 694 2082 nll‘erain.
722 2031 846 2086 llaec
869 2034 1076 2090 locutus
1101 2047 1180 2091 est
1206 2039 1331 2094 mihi
1358 2043 1599 2112 angelus,
1632 2047 1730 2101 iter
1761 2047 2025 2120 inceptum

456 2129 658 2170 mecum
693 2123 995 2179 comitatus.

521 2209 646 2263 CAP.
694 2211 825 2266 Vill.
852 2214 1299 2285 ——Pergebamus
1341 2221 1409 2274 ita
1449 2223 1606 2279 simul
1650 2240 1744 2282 sex
1783 2229 2026 2288 milliaria

455 2296 534 2348 vel
563 2309 790 2365 septem,
820 2311 875 2355 et
907 2301 975 2356 ad
998 2306 1281 2371 quamdam
1322 2313 1561 2366 venimus
1601 2318 1905 2384 speluncam
1943 2324 2025 2377 ni-

455 2389 554 2441 mis
576 2387 846 2446 decoram.
895 2394 1238 2463 Appropiavi,
1269 2401 1453 2455 volens
1493 2406 1780 2478 sciscitari,
1812 2412 1857 2465 si
1889 2413 2026 2469 forte

454 2478 708 2544 quispiam
752 2481 892 2537 intus
925 2496 1187 2540 maneret.
1229 2489 1534 2549 Secundum
1579 2501 2024 2559 consuetudinem

454 2568 836 2624 monachorum
873 2574 1107 2630 clamare
1147 2579 1316 2647 cmpi,
1365 2582 1786 2643 benedictionem
1830 2590 2023 2646 humil-

454 2656 579 2712 lime
611 2661 735 2726 petii
764 2661 897 2730 (12).
940 2663 1066 2720 Inde
1103 2667 1272 2722 virum
1301 2673 1690 2730 sanctissimum
1723 2679 1872 2735 exire
1893 2682 2020 2748 vidi,

453 2764 604 2817 quem
635 2767 729 2819 pro
763 2762 930 2810 tratus
965 2755 1128 2811 humo
1176 2769 1330 2816 tenus
1365 2764 1600 2821 adoravi.
1636 2768 1728 2824 Ille
1755 2785 1883 2827 vero
1909 2789 2024 2828 ma-

452 2855 550 2894 nus
580 2853 708 2897 suas
737 2844 866 2898 mihi
896 2848 1162 2916 porrexit,
1194 2851 1261 2906 de
1290 2860 1429 2908 terra
1460 2870 1547 2910 me
1573 2858 1830 2928 elevavit,
1864 2878 2024 2920 oscu-

453 2930 558 2985 lum
588 2934 717 2988 mihi
745 2937 896 3005 pacis
924 2938 1106 2995 tribuit
1133 2941 1268 3013 (l3),
1299 2953 1457 3015 atque
1484 2947 1659 3006 dixit:
1691 2953 1769 3007 Tu
1797 2969 1856 3009 es
1883 2957 2024 3014 enim

451 3020 616 3075 trater
651 3039 834 3091 meus,
869 3028 1157 3084 eremiticze
1185 3042 1503 3102 cooperator
1540 3038 1691 3108 vitae,
1722 3056 1754 3096 o
1801 3043 1896 3112 illi,

450 3112 692 3179 gredere.
725 3115 863 3171 Deus
892 3118 984 3173 tibi
1013 3121 1293 3189 concedat,
1318 3134 1377 3180 ut
1405 3126 1564 3183 timor
1587 3129 1702 3200 ejus
1731 3132 1782 3187 in
1817 3143 1869 3189 te
1904 3151 2025 3206 per-

451 3219 682 3277 maneat,
723 3227 856 3282 opus
890 3223 1037 3271 tuum
1080 3221 1129 3273 in
1170 3220 1312 3277 illius
1341 3234 1630 3295 conspectu
1667 3231 2020 3300 complaceat.

449 3295 639 3350 Statim
668 3313 787 3354 eum
817 3317 884 3357 eo
910 3319 1125 3372 specum
1159 3309 1394 3380 iutroivi,
1427 3313 1647 3385 diesque
1676 3295 1852 3386 plures
1882 3323 2023 3389 apud

448 3387 595 3442 illum
625 3396 862 3459 pausavi,
897 3411 1058 3466 opera
1093 3400 1210 3469 ejus
1248 3405 1469 3472 cupiens
1506 3406 1734 3475 discere,
1765 3422 1818 3466 et
1846 3387 2022 3470 solita-

447 3479 580 3532 riam
601 3482 977 3542 habitationem
1006 3491 1267 3549 curiosius
1291 3495 1636 3567 iuvestigare;
1671 3500 1783 3569 ipse
1812 3517 2025 3575 quoque

449 3578 506 3624 ut
546 3587 724 3626 meum
749 3573 1350 3655 desiderium_agnovit,
1397 3590 1680 3647 consilium
1712 3593 2022 3655 honorabile

445 3658 571 3713 mihi
595 3663 848 3731 praebuit;
873 3681 933 3722 ac
955 3650 1180 3740 qualiter
1207 3674 1426 3734 insidias
1447 3679 1644 3737 diaboli
1664 3650 2022 3754 superare

445 3749 647 3816 berem,
675 3757 849 3812 verbis
870 3760 1196 3817 charitativis
1222 3777 1495 3833 gratanter
1519 3749 1787 3836 patefecit.
1817 3776 2015 3833 Traus-

450 3841 586 3893 actis
648 3843 825 3912 itaque
869 3848 1185 3915 quibusdam
1233 3855 1453 3923 diebus,
1497 3861 1693 3918 talibus
1741 3867 2017 3925 admonuit

444 3947 528 3985 me
559 3936 760 4000 verbis,
795 3938 978 3993 dicens
1005 3959 1017 3994 :
1045 3943 1164 4010 Fili,
1207 3961 1382 4018 surge,
1410 3965 1616 4008 mecum
1647 3969 1841 4026 perge;
1885 3961 2019 4017 inte-

442 4026 580 4078 riora
611 4028 813 4083 deserti
831 4031 994 4088 debes
1024 4035 1245 4100 intrare,
1279 4050 1333 4096 et
1364 4041 1417 4096 in
1448 4044 1550 4098 alia
1586 4051 1840 4115 spelunca
1869 4054 2018 4109 solus

445 4115 684 4171 habitare
715 4136 728 4171 :
763 4119 831 4174 ibi
869 4123 914 4176 si
952 4124 1176 4181 viriliter
1209 4129 1464 4198 dimicas,
1508 4140 1687 4193 omnia
1725 4142 2018 4202 da-monio-

443 4218 558 4255 rum
598 4215 1446 4278 tentameumsuperabis.Idcirco
1476 4241 1602 4282 vero
1641 4229 1784 4287 Deus
1823 4235 1874 4288 in
1915 4237 2016 4293 hoc

441 4293 654 4346 deserto
695 4297 806 4348 vult
850 4309 900 4351 te
940 4302 1198 4368 probare,
1235 4309 1278 4360 si
1325 4313 1588 4369 mandatis
1633 4317 1750 4386 ejus
1786 4321 2014 4381 ﬁdeliter

441 4381 570 4434 velis
600 4384 836 4440 obedire.
875 4388 1068 4445 Fidelia
1110 4397 1287 4450 omnia
1331 4401 1576 4458 mandata
1620 4409 1773 4476 ejus,
1817 4409 2012 4470 confir-
2041 4407 2096 4468 Ι)

439 4481 577 4524 mata
622 4475 672 4528 in
712 4479 962 4532 saatulmn
1001 4485 1205 4548 smculi,
1242 4487 1375 4544 faeta
1424 4492 1476 4546 in
1510 4475 1734 4554 veritate
1765 4511 1818 4556 et
1851 4507 2014 4570 inqui-

438 4570 544 4615 tate
574 4561 746 4632 (Psal.
777 4568 887 4637 cx).
925 4570 1013 4623 Vir
1041 4582 1218 4628 autem
1265 4590 1478 4635 sanctus
1527 4583 1639 4639 ha:c
1665 4587 1864 4654 dicens,
1903 4561 2014 4648 sur-

437 4653 611 4718 rexit,
655 4666 710 4709 et
748 4671 959 4712 mecum
1010 4661 1062 4716 in
1105 4663 1360 4722 interiora
1403 4670 1598 4727 deserti
1645 4676 1745 4732 iter
1786 4694 2008 4748 quatuor

434 4740 641 4796 dierum
679 4749 936 4812 perrexit.
978 4750 1171 4818 Quinta
1208 4770 1334 4812 vero
1363 4760 1454 4816 die
1489 4762 1800 4825 devenimus
1833 4772 1887 4826 in
1929 4775 2011 4829 lo-

431 4847 555 4888 cum
583 4836 672 4904 qui
702 4837 817 4908 (14)
844 4841 1169 4900 Calidiomea
1210 4847 1423 4918 dicitur,
1455 4855 1527 4909 ibi
1566 4858 1754 4925 palma:
1792 4866 2003 4934 prapin-

432 4940 550 4990 quae
575 4939 748 4983 erant.
778 4931 927 4988 Tunc
953 4936 1032 4988 vir
1059 4937 1154 4992 Dei
1192 4939 1363 5010 inquit
1389 4961 1402 4996 :
1437 4945 1593 5012 Ecce,
1629 4949 1726 5015 (ili,
1763 4931 1906 5009 videi
1927 4958 2007 5010 lo-

430 5032 551 5071 cum
589 5035 747 5086 quem
781 5024 872 5079 tibi
902 5027 1159 5086 Dominus
1197 5039 1516 5104 prazparavit
1555 5040 1621 5095 ad
1658 5048 2003 5104 manendum.

433 5106 555 5162 Fuit
590 5120 766 5165 autem
799 5113 888 5168 ille
917 5133 1124 5176 mecum
1163 5125 1336 5191 spatio
1374 5127 1587 5198 triginta
1617 5131 1847 5202 dierum,
1878 5139 2006 5195 edo-

430 5212 556 5249 cens
592 5214 680 5254 me
699 5215 916 5257 servare
945 5218 1097 5262 cauta
1135 5211 1403 5282 diligentia
1439 5217 1556 5289 (l5)
1584 5219 1881 5281 doctrinam
1912 5229 2004 5284 Dei

433 5290 823 5349 mantiatorum.
847 5297 1048 5362 Quibus
1077 5301 1145 5355 ita
1169 5308 1418 5374 peractis,
1444 5312 1686 5368 oratione
1707 5329 1800 5370 sua
1823 5329 2004 5374 sancta

437 5381 660 5436 Domino
693 5385 846 5456 102
877 5402 961 5442 me
993 5396 1411 5461 cmnmendavit;
1443 5409 1496 5452 et
1521 5415 1795 5470 separatus
1838 5424 1868 5461 a
1895 5424 2002 5473 me,

427 5473 492 5525 ad
519 5476 730 5544 propria
759 5483 1031 5540 remeavit.
1067 5483 1168 5541 Per
1196 5487 1432 5557 singulos
1461 5507 1589 5548 vero
1615 5510 1783 5551 annos
1814 5500 2004 5555 solitus

425 5574 540 5618 erat
580 5579 666 5622 me
701 5568 942 5635 visitare,
982 5588 1044 5629 ac
1087 5576 1230 5643 quali
1269 5577 1527 5636 industria
1569 5592 1622 5639 et
1660 5584 2002 5658 simplicitate

2137 1772 2250 1843 (16)
2273 1775 2543 1832 multoties
2566 1779 2706 1847 vitm,
2746 1790 2805 1837 ut
2834 1786 2920 1839 vix
2960 1789 3179 1846 halitum
3212 1795 3264 1848 in
3291 1814 3516 1868 corpore
3543 1808 3714 1860 senti-

2133 1877 2244 1918 rem
2270 1880 2567 1923 remanere.
2601 1869 2704 1925 Per
2727 1872 2865 1928 diem
2905 1888 3040 1932 (Ball!
3070 1893 3123 1935 et
3161 1885 3279 1950 igne
3309 1889 3436 1945 solis
3465 1896 3709 1953 ardentis

2134 1953 2347 2022 urebar,
2377 1971 2471 2024 per
2500 1969 2709 2014 noctem
2749 1977 2870 2020 rore
2899 1977 2951 2021 et
2985 1973 3169 2036 pruina
3207 1977 3452 2049 infectus,
3484 1989 3625 2042 tame
3652 1999 3713 2044 et

2130 2045 2219 2098 siti
2259 2045 2519 2103 defectus.
2565 2051 2609 2106 Ο
2645 2063 2835 2121 quanta
2880 2066 2935 2112 et
2962 2061 3134 2128 qualia
3170 2081 3357 2134 passus
3392 2045 3546 2129 sum!
3591 2078 3712 2134 Non

2129 2135 2365 2205 sufﬁcit,
2410 2155 2581 2212 neque
2622 2147 2920 2215 quempiam
2966 2153 3119 2210 decet
3157 2158 3336 2229 plagas
3392 2178 3456 2220 ac
3496 2165 3712 2228 labores

2127 2245 2415 2298 enarrare,
2467 2249 2601 2303 quos
2649 2236 2810 2293 homo
2858 2245 3144 2303 moriturus
3195 2265 3290 2317 pro
3344 2254 3441 2310 Del
3479 2254 3712 2318 viventis

2127 2334 2310 2377 amore
2350 2323 2509 2379 debet
2553 2327 2798 2384 tolerare.
2851 2332 3055 2390 Reddet
3096 2338 3353 2399 Dominus
3398 2351 3707 2410 mercedem

2127 2410 2368 2467 laborum
2406 2426 2712 2474 sanctorum
2754 2435 2970 2479 suorum
2997 2427 3150 2498 (Sap.
3177 2433 3255 2502 x).
3309 2435 3472 2507 Cujus
3509 2441 3710 2500 divitias

2127 2503 2264 2557 sicut
2299 2520 2403 2559 non
2431 2519 2714 2579 augentur,
2760 2513 2830 2568 ita
2867 2532 3199 2590 nequaquam
3238 2528 3570 2589 minuentur.
3603 2537 3708 2592 Per

2127 2608 2285 2661 quem
2321 2596 2463 2651 enim
2500 2600 2715 2671 famem,
2765 2606 2932 2675 sitim,
2980 2611 3148 2682 frigus
3185 2623 3241 2670 et
3283 2631 3499 2689 malum,
3541 2638 3706 2697 atque

2129 2686 2532 2757 multigenarum
2556 2696 2910 2754 cruciamenta
2943 2705 3309 2764 molestiarum
3339 2715 3585 2784 sustinui,
3610 2734 3706 2788 po-

2130 2784 2246 2831 tens
2271 2788 2353 2834 est
2374 2795 2492 2836 cum
2522 2782 2721 2841 divitiis
2748 2791 3057 2850 coelestibus
3085 2796 3225 2854 inter
3254 2782 3579 2875 angelorum
3601 2782 3707 2864 ca-

2129 2876 2304 2924 tervas
2331 2886 2417 2926 me
2448 2876 2713 2932 consolari
2746 2896 2759 2931 :
2797 2881 3047 2938 alimenta
3086 2903 3216 2944 vero
3241 2895 3417 2960 sprevi
3453 2910 3708 2966 corpora-

2128 2957 2220 3024 lia,
2267 2969 2323 3015 ut
2361 2961 2552 3033 dignus
2591 2969 2891 3038 acciperem
2929 2978 3206 3042 spiritalia.
3263 2957 3500 3045 Sanctus
3563 2992 3710 3049 enim

1944 3047 2020 3102 in.
2058 3043 2103 3104 C
2133 3049 2353 3119 angelus
2400 3055 2635 3123 quotidie
2685 3075 2874 3128 panem
2923 3067 3051 3121 mihi
3094 3071 3370 3145 oll‘erebat,
3419 3043 3710 3153 etﬁaq'u‘ana

2131 3154 2226 3206 pro
2257 3156 2505 3199 mensura
2540 3148 2896 3218 ministrabat,
2921 3167 2978 3211 ut
3006 3173 3201 3229 corpus
3225 3180 3400 3222 meum
3431 3148 3709 3230 conforta-

2127 3239 2294 3298 retur,
2325 3248 2392 3289 ne
2420 3235 2688 3308 deﬁceret,
2721 3252 2774 3298 et
2803 3245 3004 3316 jugiter
3035 3251 3085 3305 in
3125 3253 3282 3310 laude
3311 3258 3405 3313 Dei
3450 3276 3708 3330 perseve-

2128 3332 2294 3377 raret.
2327 3325 2562 3384 Arbores
2606 3332 2902 3398 palmarum
2951 3339 3146 3396 ibidem
3189 3325 3490 3406 constituta:
3529 3367 3704 3422 erant,

2125 3425 2244 3480 qua:
2271 3412 2557 3473 duodecies
2591 3420 2644 3475 in
2674 3437 2813 3478 anno
2844 3426 3172 3501 dactylorum
3206 3436 3407 3494 fructus
3433 3445 3705 3512 germina-

2126 3499 2254 3557 bant
2281 3505 2422 3575 (l7).
2453 3508 2598 3574 Quos
2626 3529 2720 3582 per
2743 3499 2980 3590 singulos
2998 3525 3111 3580 dies
3131 3528 3410 3600 colligens,
3433 3499 3540 3603 pro
3568 3499 3705 3604 pane

2127 3591 2373 3664 edebam,
2422 3600 2623 3657 mixtos
2671 3605 2954 3665 herbarum
3001 3613 3159 3678 loliis,
3221 3591 3289 3674 et
3322 3591 3474 3677 eran-t
3515 3591 3704 3687 ill-0f.

2127 3697 2246 3737 meo
2285 3694 2535 3756 tanquam
2577 3692 2726 3750 favus
2762 3700 2960 3756 mellis.
2993 3705 3124 3761 Nam
3163 3710 3216 3762 in
3247 3710 3536 3783 Evangelio
3565 3718 3701 3786 legi-

2126 3782 2212 3830 tur
2234 3793 2248 3830 :
2271 3777 2384 3833 Non
2417 3781 2468 3835 in
2496 3784 2610 3840 solo
2631 3801 2768 3855 pane
2795 3792 2928 3848 vivit
2954 3795 3131 3860 homo,
3165 3801 3259 3856 sed
3292 3804 3343 3857 in
3367 3808 3511 3862 omni
3533 3811 3701 3868 verbo

2124 3867 2263 3929 quod
2312 3874 2546 3937 procedit
2589 3876 2656 3932 de
2697 3893 2792 3935 ore
2832 3883 2924 3938 Dei
2975 3885 3190 3953 (Matth.
3226 3894 3323 3961 tv).
3378 3895 3563 3953 Frater
3595 3900 3696 3954 Pa-

2125 3956 2332 4023 plmuti,
2355 3961 2398 4014 si
2433 3964 2652 4034 implere
2680 3971 2861 4028 studes
2899 3976 3227 4037 voluntatem
3251 3956 3366 4051 Dei,
3399 4005 3572 4044 omnia
3601 3993 3695 4049 tibi

2123 4053 2425 4106 necessaria
2469 4069 2840 4125 praeparantur
2884 4066 2952 4121 ab
2993 4084 3078 4124 eo.
3129 4072 3279 4130 Unde
3327 4079 3438 4143 ipsa
3487 4082 3697 4140 Veritas

2121 4142 2401 4212 admonet,
2446 4146 2630 4206 dicens
2669 4168 2685 4208 :
2727 4155 2801 4211 Ne
2846 4159 3057 4216 solliciti
3105 4166 3222 4221 sitis
3267 4169 3461 4227 anima:
3501 4187 3692 4232 vestra:

2119 4230 2244 4297 quid
2293 4237 2650 4306 manducetis.
2697 4256 2788 4300 aut
2828 4250 2955 4318 quid
3002 4254 3218 4320 bibatis,
3267 4275 3439 4330 neque
3481 4230 3694 4334 corpori

2117 4329 2293 4375 vestro
2331 4327 2456 4394 quid
2505 4331 2820 4401 induamini,
2863 4341 2961 4395 scit
2989 4344 3130 4398 enim
3170 4347 3326 4402 Pater
3355 4327 3540 4410 'vcster
3566 4360 3692 4426 quia

2121 4409 2202 4465 his
2228 4417 2476 4473 omnibus
2503 4421 2771 4494 indigetis.
2804 4429 3036 4496 Quaerite
3065 4441 3292 4502 primum
3327 4459 3540 4506 regnum
3568 4409 3686 4513 Dei,

2117 4510 2169 4554 et
2201 4502 2459 4571 justitiam
2500 4512 2642 4580 ejus,
2685 4525 2740 4570 et
2785 4520 2900 4576 haec
2936 4527 3113 4581 omnia
3163 4529 3476 4599 adjicientur
3525 4539 3686 4592 vobis

2116 4591 2326 4663 (Matth.
2350 4599 2447 4667 vr).

2186 4683 2313 4739 Car.
2358 4686 2448 4744 XI.
2474 4693 2801 4765 —Cumque
2843 4700 2943 4756 hoc
2996 4722 3022 4756 a
3073 4705 3226 4762 beato
3269 4712 3384 4767 viro
3411 4714 3691 4783 Onuphrto

2115 4779 2369 4835 intentius
2397 4784 2773 4854 auscultarem,
2803 4790 2999 4846 mirans
3033 4794 3082 4848 in
3116 4802 3450 4857 sermonibus
3480 4814 3536 4860 ot
3558 4808 3692 4864 acti-

2114 4869 2212 4922 bus
2254 4886 2316 4925 ac
2358 4870 2628 4928 laboribus
2670 4876 2849 4946 illius,
2891 4882 2998 4936 dixi
3048 4902 3062 4938 :
3106 4886 3264 4944 Pater
3310 4891 3560 4966 benigne,
3599 4899 3692 4955 die

2113 4961 2388 5016 Dominico
2435 4963 2517 5018 vel
2563 4966 2797 5023 Sabbato
2860 4981 3291 5035 communionem
3356 4961 3689 5056 percipiebal

2111 5050 2227 5117 (l8)
2261 5052 2327 5105 ab
2356 5051 2572 5122 aliquo?
2611 5060 2678 5110 At
2723 5059 2811 5114 ille
2855 5067 3207 5136 respondens,
3250 5073 3329 5127 ait
3355 5050 3555 5133 Omni
3595 5079 3688 5138 die

2115 5139 2389 5196 Dominico
2423 5145 2505 5198 vel
2537 5145 2772 5204 Sabbato
2807 5156 3051 5221 angelum
3083 5158 3294 5216 Domini
3325 5177 3565 5233 paratum
3595 5172 3684 5226 in-

2110 5222 2290 5297 venio,
2335 5248 2735 5294 sacrosanctum
2784 5258 2977 5313 corpus
3023 5258 3077 5303 et
3125 5256 3440 5323 sanguinem
3475 5261 3683 5321 Domini

2111 5324 2278 5377 matri
2326 5323 2452 5380 Jesu
2499 5328 2693 5385 Christi
2744 5348 2923 5390 secum
2978 5339 3303 5401 deferentem
3348 5367 3362 5403 :
3419 5352 3486 5406 de
3530 5355 3682 5424 cujus

2111 5425 2271 5466 manu
2302 5415 2430 5468 mihi
2461 5419 2840 5485 pretiosissima
2881 5426 3144 5485 donantur
3172 5450 3416 5508 munera,
3454 5444 3680 5514 vitaeque

2111 5517 2246 5558 mese
2284 5506 2425 5562 salus
2459 5521 2728 5578 perpetui.
2762 5516 2958 5574 Verum
2993 5524 3155 5580 etiam
3187 5543 3375 5587 omnes
3403 5537 3492 5605 qui
3516 5538 3680 5595 vitam

2108 5593 2401 5661 spiritalem
2432 5598 2630 5655 ducunt
2657 5604 2709 5658 in
2742 5622 2924 5665 eremo
2955 5617 3200 5674 monachi
3233 5623 3323 5677 tali
3355 5593 3660 5696 participan-
