4016 6222
310 291 412 344 Si?

1359 290 1505 343 \‘l'l‘A
1552 289 1790 341 Sil‘CTl
1833 288 2183 353 UNUl’lllill,‘
2228 290 2578 346 ΕΒΕΜΙΤᾸῘ.

3489 295 3592 350 218

311 415 399 457 tur
431 400 645 471 gaudio.
683 399 745 456 Hi
775 415 904 456 vero
929 402 1096 457 sancti
1131 401 1395 464 erctnitte,
1419 400 1508 468 qui
1545 401 1679 452 hanc
1705 399 1897 453 solitu-
1927 404 1976 458 Δ
2006 415 2168 467 regno
2213 403 2468 457 caelorum
2518 414 2733 458 aeternae
2789 405 3118 460 haereditatls
3164 421 3330 475 capax
3375 409 3481 462 t‘icl.
3528 403 3590 464 Si

310 495 493 549 dinem
529 493 808 556 habitant,
849 493 895 547 si
937 492 1162 546 fortasse
1199 490 1489 560 aliquando
1519 490 1701 544 videre
1731 489 1903 543 homi-

313 599 438 638 nem
478 581 814 647 desiderant,
862 582 1006 636 illico
1051 582 1102 634 in
1151 581 1345 636 caelum
1388 583 1458 637 ab
1487 580 1680 653 angelo
1705 580 1902 649 depor-

314 685 496 728 tantur
537 689 550 724 :
591 671 855 726 visionem
889 671 998 725 illic
1027 671 1221 723 animae
1242 671 1546 740 justorunt,
1585 671 1902 740 fulgentium

315 767 452 818 sicut
495 761 576 816 sol
613 762 666 816 in
705 776 872 832 regno
917 761 1088 815 Patris
1125 776 1311 814 eorum
1335 801 1352 828 ,
1392 761 1464 816 ibi
1509 761 1904 816 multitudinem

317 853 748 922 contemplantur
784 852 1119 921 angelorum,
1154 865 1385 921 suasque
1427 852 1634 907 animas
1677 852 1904 907 coetibus

323 951 511 1000 mixtas
569 945 870 1001 beatorum.
910 945 1089 1012 Quare
1126 957 1318 999 omnes
1367 944 1459 1013 qui
1501 945 1555 998 in
1586 958 1754 1012 agone
1778 959 1907 996 con-

324 1037 566 1101 tendunt,
614 1044 722 1090 tota
773 1045 974 1101 mente,
1026 1043 1139 1089 toto
1188 1034 1372 1099 corde,
1426 1035 1552 1088 totis
1600 1033 1804 1088 viribus
1850 1033 1906 1088 in

318 1130 462 1182 bono
493 1143 656 1196 opere
693 1127 925 1190 fervent,
969 1136 1230 1194 quatenus
1266 1126 1498 1196 gloriam
1536 1126 1772 1180 caelestis
1812 1140 1908 1194 pa-

321 1222 439 1275 trite
489 1232 613 1272 cum
631 1219 845 1274 Christo
884 1229 1088 1274 etcum
1136 1219 1334 1275 sanctis
1381 1229 1691 1273 mereantur
1733 1218 1904 1288 possi-

319 1315 472 1366 dere.
516 1310 619 1365 ista
645 1309 876 1380 denique
910 1311 1115 1377 omnia,
1147 1315 1452 1364 venerando
1479 1309 1755 1378 Onuphrio
1784 1323 1908 1363 nar-

321 1411 500 1469 rante,
531 1402 756 1470 cognovi
799 1401 948 1469 juxta
994 1403 1356 1456 summitatem
1405 1402 1572 1470 ipsius
1616 1401 1907 1455 montcelli

324 1492 460 1558 (l9),
492 1493 577 1545 ubi
609 1490 847 1545 obviavit
883 1490 1034 1544 mihi.
1077 1491 1148 1543 Ita
1177 1491 1424 1545 videlicet
1453 1490 1703 1560 gaudium
1729 1506 1905 1544 meum

323 1582 602 1651 impletum
632 1589 744 1644 est,
770 1591 828 1634 ut
848 1595 1061 1635 omnem
1088 1581 1490 1650 adversitatem,
1517 1597 1676 1650 quam
1719 1583 1771 1635 itt
1817 1582 1904 1635 iti-

321 1686 450 1726 nere
479 1671 728 1737 tuleram,
756 1671 1020 1725 traderem
1059 1670 1338 1724 oblivioni.

2006 496 2125 562 quis
2151 509 2280 549 vero
2306 495 2624 550 oblationem
2653 514 2754 548 non
2793 496 2934 549 valet
2959 497 3171 560 oll‘erre,
3208 501 3287 551 Vt‘l
3323 516 3430 566 pias
3467 502 3586 556 ino-

2008 583 2092 649 pia
2139 584 2422 650 redimere,
2455 585 2498 638 is
2526 584 2578 638 in
2625 584 2840 638 nomine
2885 587 3088 638 Domini
3115 597 3169 640 et
3212 588 3276 640 ad
3328 588 3584 645 honorem

2006 675 2149 729 illius
2169 675 2561 745 eleemosynam
2587 676 2703 746 ('22)
2729 679 2944 745 pauperi
2971 677 3188 744 tribuat,
3210 688 3264 733 et
3293 696 3389 747 ego
3418 682 3586 738 orabo

2005 779 2101 833 pro
2126 780 2191 819 e0
2220 767 2271 819 in
2301 778 2589 834 conspectu
2619 767 2729 832 Dei,
2763 777 2819 821 ut
2847 769 3038 838 dignus
3062 769 3113 822 in
3143 770 3449 825 celestibtts
3476 773 3584 827 vita

2004 870 2235 923 superna
2279 855 2479 926 perfrui
2527 860 2720 912 valeat.
2767 860 2823 915 Si
2855 862 2972 930 quis
3004 877 3175 931 neque
3213 861 3535 918 oblationem
3561 907 3576 928 ,

2005 960 2105 1000 nec
2132 948 2524 1018 eleemosynam
2553 960 2726 1018 potest
2767 951 2994 1018 olferre,
3025 968 3121 1020 pro
3162 952 3423 1007 charitate
3467 970 3588 1008 mea

2006 1035 2281 1091 incensum
2333 1039 2558 1093 Domino
2592 1041 2699 1093 Deo
2743 1055 2928 1097 nostro
2979 1043 3032 1096 in
3061 1043 3282 1097 odorem
3315 1044 3592 1099 suavitatis

2004 1128 2292 1194 ascendat,
2343 1137 2397 1182 et
2417 1145 2518 1199 ego
2547 1145 2676 1198 rogo
2705 1147 2800 1199 pro
2845 1147 2934 1196 eo,
2983 1143 3038 1186 ut
3077 1134 3324 1202 gaudium
3357 1149 3593 1202 perenne

2007 1219 2294 1285 possideat.
2328 1219 2421 1274 Cui
2454 1220 2703 1290 inquam:
2736 1223 2892 1276 Pater
2922 1223 3026 1286 mi,
3057 1239 3123 1277 ne
3155 1224 3399 1278 irascaris
3441 1226 3484 1277 si
3517 1225 3591 1276 lo-

2007 1323 2140 1374 quar
2173 1325 2184 1359 :
2217 1308 2274 1362 Si
2319 1309 2595 1364 incensum
2646 1327 2745 1367 nec
2788 1314 2910 1380 quis
2940 1314 3134 1376 habet,
3178 1330 3275 1368 nec
3328 1315 3593 1368 facultatis

2006 1398 2233 1466 aliquid,
2286 1401 2424 1452 unde
2457 1400 2620 1454 Deum
2674 1402 2884 1468 placare
2918 1412 3090 1468 potest
3119 1401 3261 1469 (Ξῖ),
3311 1413 3368 1455 ut
3415 1414 3590 1458 tamen

2009 1499 2097 1540 tua
2135 1487 2506 1542 benedictione
2557 1505 2660 1541 non
2702 1499 2904 1553 careat,
2935 1491 2987 1543 in
3018 1507 3335 1559 quacunque
3365 1492 3590 1545 tribuTa-

2011 1579 2152 1630 tione
2178 1586 2231 1632 te
2262 1578 2506 1632 invocat?
2531 1578 2678 1632 Tunc
2706 1579 2794 1631 ille
2825 1580 3095 1645 reSpundit
3119 1597 3132 1632 :
3156 1581 3210 1631 Si
3237 1582 3356 1648 quis
3383 1598 3586 1649 pauper

2011 1668 2062 1720 in
2109 1668 2319 1721 deserto
2345 1707 2361 1732 ,
2407 1669 2489 1721 vel
2542 1669 2593 1720 in
2636 1669 2810 1736 aliquo
2841 1671 2946 1722 alio
2989 1670 3106 1722 loco
3135 1670 3458 1725 oblationem
3499 1682 3590 1724 aut

391 1761 521 1816 CAP.
567 1760 1000 1825 Xll.—Credo,
1045 1760 1280 1828 inquam,
1314 1760 1494 1826 Pater,
1543 1761 1680 1816 inter
1724 1761 1907 1817 felices
1936 1756 1983 1814 B
2010 1755 2427 1827 eleemosynam,
2476 1773 2568 1810 seu
2615 1759 2887 1812 incensum
2941 1774 3043 1811 non
3077 1760 3272 1813 habeat
3299 1760 3364 1812 ad
3405 1761 3593 1813 immo-

323 1865 408 1905 me
447 1850 717 1920 deputari,
768 1851 889 1920 quia
923 1851 1105 1905 videre
1154 1860 1204 1904 te
1250 1860 1307 1904 et
1350 1867 1512 1920 opera
1561 1862 1647 1907 tua
1693 1854 1903 1923 egregia

324 1946 622 2011 promerui.
653 1944 829 1998 Verba
859 1953 943 1998 tua
977 1945 1139 1999 nimis
1177 1944 1418 2013 pulchra,
1449 1947 1596 2000 omni
1624 1946 1906 2001 dulcedine

326 2037 563 2101 mellita,
597 2037 668 2090 ita
711 2036 817 2091 mei
850 2046 1132 2104 penetrant
1154 2037 1338 2090 eordis
1377 2035 1580 2102 iutitna,
1622 2046 1678 2090 ut
1706 2037 1903 2104 possim

327 2126 509 2181 dicere
535 2140 654 2181 cum
689 2125 968 2181 Psalmista
997 2144 1010 2179 :
1041 2127 1209 2194 Quam
1254 2126 1427 2181 dulcia
1477 2127 1724 2180 faucibus
1774 2127 1906 2180 meis

325 2219 539 2289 eloquia
589 2228 702 2284 tua,
751 2234 915 2288 super
963 2220 1070 2274 mel
1120 2228 1175 2274 et
1221 2219 1395 2274 favum
1439 2221 1521 2274 ori
1563 2235 1684 2274 meo
1731 2218 1903 2290 (Psal.

321 2309 556 2378 cxvm)!
603 2311 697 2374 Qui
744 2311 818 2362 ait
860 2331 876 2365 :
912 2310 1035 2376 Fili,
1086 2325 1293 2365 mecum
1339 2311 1509 2376 vade;
1551 2312 1724 2366 locum
1774 2326 1907 2366 meae

319 2399 666 2454 habitationis
707 2401 995 2468 conspice,
1051 2416 1329 2468 parcamus
1380 2403 1654 2470 paululum
1703 2403 1902 2458 verbis.

320 2488 587 2543 Ceutinuo
628 2493 880 2555 surrexit,
915 2491 1152 2560 praeivit,
1194 2503 1410 2548 secutus
1445 2509 1589 2548 sum.
1635 2495 1792 2548 Duxit
1821 2510 1907 2549 me

320 2594 501 2634 secuta
531 2581 686 2649 quasi
719 2582 877 2636 trium
913 2585 1278 2639 milliariorum
1317 2587 1456 2640 iter:
1483 2586 1729 2641 venimus
1759 2587 1906 2641 Cali-

320 2669 586 2725 diomeam
620 2669 674 2724 in
706 2672 1000 2742 spiritalem
1045 2675 1250 2741 locum,
1302 2676 1583 2730 arboribus
1614 2677 1905 2747 palmarum

322 2773 594 2830 gratanter
661 2776 932 2820 ornatum.
992 2768 1065 2821 lbi
1127 2783 1313 2838 preces
1365 2769 1588 2822 Domino
1648 2768 1905 2833 fudimus;

323 2859 503 2924 eisque
533 2857 820 2924 completis
847 2859 901 2912 in
933 2869 1128 2913 terram
1166 2861 1423 2925 sedimus,
1458 2861 1512 2913 in
1534 2859 1725 2913 divinis
1750 2859 1909 2912 alter-

321 2957 503 3001 cantes
533 2947 785 3016 eloquiis.
834 2948 959 3003 Sule
991 2948 1323 3018 jaujamque
1365 2951 1416 3001 in
1451 2962 1698 3001 occasam
1733 2961 1905 3012 verso,

324 3040 430 3094 vidi
465 3053 660 3106 panem
707 3040 935 3108 positum
976 3056 1097 3097 cum
1146 3057 1282 3111 aqua
1325 3043 1534 3110 exigua.
1579 3039 1672 3094 Vir
1709 3043 1908 3094 etenim

2009 1849 2256 1912 landum,
2288 1859 2488 1916 surgat,
2521 1861 2573 1902 et
2603 1865 2789 1903 manus
2832 1865 2953 1904 suas
2982 1851 3048 1904 ad
3080 1852 3364 1906 Dominum
3411 1863 3595 1906 exten-

2007 1941 2117 2003 dat,
2148 1949 2228 1994 ter
2271 1941 2594 1993 Dominicam
2625 1943 2945 2005 orationem,
2981 1943 3030 1994 id
3061 1951 3164 2008 est,
3195 1943 3354 1997 Pater
3383 1954 3591 2008 noster,

2009 2045 2104 2097 pro
2150 2045 2235 2084 me
2276 2045 2396 2084 cum
2441 2029 2643 2083 intenta
2689 2042 2895 2096 tuente,
2941 2033 3071 2086 etin
3129 2035 3344 2087 nomine
3395 2046 3591 2088 saneta:

2007 2125 2282 2178 Trinitatis
2329 2125 2538 2194 psallat.
2587 2125 2698 2195 Ego
2725 2142 2852 2180 vero
2901 2143 2998 2196 pro
3047 2129 3161 2196 ipso
3212 2131 3277 2182 ad
3310 2131 3590 2184 Dominum

2008 2215 2299 2280 intercedo,
2334 2226 2390 2268 ιιι
2437 2219 2558 2270 vita:
2603 2219 2838 2273 caelestis
2864 2231 3130 2274 mereatur
3166 2226 3425 2290 pattit'cps
3476 2224 3590 2276 limi

2007 2324 2125 2363 cum
2156 2309 2400 2362 omnibus
2430 2326 2543 2363 sani
2565 2312 2630 2364 tis
2661 2312 2775 2366 Dei.

2078 2397 2207 2454 CAP.
2237 2400 2374 2456 XIV.
2404 2431 2472 2443 —
2498 2403 2692 2456 lterum
2722 2403 2827 2455 dixi
2860 2403 2925 2456 ad
2957 2420 3077 2457 cum
3105 2423 3117 2457 :
3150 2403 3394 2468 Domine,
3435 2407 3478 2458 si
3509 2407 3591 2459 di-

2005 2509 2142 2564 gnus
2185 2509 2391 2558 essem,
2439 2503 2534 2546 aut
2581 2494 2624 2546 si
2671 2492 2827 2547 donis
2871 2496 3056 2562 gratia:
3088 2502 3191 2547 tuae
3220 2494 3348 2548 mihi
3382 2496 3585 2561 liceret,

2009 2593 2130 2653 post
2167 2583 2370 2638 obitum
2419 2592 2564 2637 tuum
2612 2583 2785 2636 locum
2819 2583 2973 2636 istum
3008 2584 3356 2637 libentissime
3386 2584 3590 2638 obtine-

2008 2689 2140 2728 rem.
2187 2676 2256 2729 At
2297 2673 2387 2728 ille
2417 2675 2531 2727 ait:
2565 2674 2905 2743 Nequaquam
2942 2674 3063 2738 tibi,
3097 2672 3206 2740 iiii,
3235 2673 3544 2727 conceditur
3568 2714 3584 2740 ,

2009 2781 2109 2820 nec
2141 2764 2342 2819 idcirco
2387 2766 2526 2818 misit
2558 2774 2609 2819 te
2638 2765 2773 2818 Deus
2820 2767 2870 2818 in
2923 2766 3403 2833 peregrinationem
3438 2765 3590 2818 istius

2007 2856 2330 2920 solitudinis,
2377 2864 2435 2908 ut
2462 2855 2547 2909 hic
2574 2855 2842 2909 obtineres
2887 2857 3058 2910 locum
3089 2856 3462 2920 habitationis;
3495 2856 3587 2907 sed

2009 2959 2066 3000 ut
2094 2961 2212 3000 cum
2241 2945 2398 3015 justis
2436 2945 2525 3014 qui
2556 2947 2607 2998 in
2639 2946 2848 3001 deserto
2879 2953 3003 2999 sunt
3033 2946 3346 3013 gratularis;
3379 2957 3432 3000 et
3461 2948 3589 2998 inti-

2012 3054 2160 3093 mare
2209 3052 2270 3092 ea
2311 3037 2527 3092 Studeas
2556 3038 2782 3100 mundo,
2814 3051 2934 3106 qua:
2972 3038 3266 3105 cognovisti
3300 3040 3349 3091 in
3380 3053 3584 3091 eremo.

322 3131 414 3186 Dei
445 3134 690 3187 sentiens
731 3147 815 3187 tne
849 3133 1081 3202 fatigari,
1131 3133 1264 3187 dixit
1297 3132 1426 3185 mihi
1459 3147 1474 3187 :
1506 3131 1774 3196 Profecto,
1807 3131 1901 3195 iiii,
1932 3118 1978 3181 C
2009 3133 2067 3184 lu
2115 3129 2404 3198 Egyptum
2454 3143 2613 3198 perge
2640 3145 2652 3180 :
2684 3131 2752 3181 iloi
2801 3140 2918 3182 esto
2968 3144 3136 3197 usque
3163 3129 3229 3182 ad
3272 3131 3429 3182 finem
3471 3131 3590 3182 vite

323 3238 482 3277 cerno
517 3232 570 3277 te
612 3223 926 3291 periclitari,
965 3223 1067 3277 nisi
1101 3223 1277 3277 cibum
1319 3223 1518 3290 capias.
1563 3223 1732 3289 Surge
1775 3237 1904 3290 ergo

323 3323 373 3367 et
414 3319 662 3368 comede.
705 3313 802 3368 Cui
843 3314 1056 3382 inquam
1102 3329 1115 3364 :
1167 3312 1311 3366 Vivit
1339 3312 1595 3366 Dominus
1626 3312 1744 3381 (III
1775 3313 1904 3383 Reg.

324 3403 481 3474 xm),
517 3415 572 3459 et
611 3404 923 3459 benedictus
965 3403 1218 3458 Dominus
1259 3403 1400 3458 Deus
1443 3420 1614 3469 meus,
1659 3406 1712 3459 in
1755 3405 1906 3475 cujus

323 3505 613 3565 conspectu
641 3497 876 3563 erimus;
911 3511 1014 3550 non
1044 3495 1327 3561 manduco,
1357 3511 1530 3566 neque
1560 3498 1704 3561 bibo,
1735 3498 1908 3554 donec

323 3589 580 3641 charitate
627 3602 758 3656 pura
804 3591 1002 3658 pariter
1053 3588 1226 3642 cibum
1286 3587 1567 3642 sumimus.
1621 3589 1781 3658 igitur
1821 3590 1905 3644 vix

323 3691 446 3732 eum
486 3677 640 3746 coegi
689 3685 749 3730 ut
788 3680 990 3732 faceret
1029 3677 1170 3746 quod
1221 3678 1390 3733 volui.
1445 3679 1824 3734 Verumtamen
1853 3690 1909 3735 ut

325 3783 500 3822 meum
555 3768 773 3837 agnovit
820 3766 1186 3835 desiderium,
1235 3785 1432 3840 panem
1475 3770 1670 3840 fregit,
1721 3771 1909 3826 tribuit

325 3859 487 3924 mihi;
518 3859 978 3926 manducavimus,
1004 3869 1057 3915 et
1085 3862 1308 3916 saturati
1333 3877 1517 3918 sumus
1547 3863 1700 3933 103
1729 3864 1909 3920 nobis-

324 3965 427 4013 que
455 3950 754 4019 fragmenta
783 3951 1158 4020 superfuerunt
1186 3951 1489 4008 edentibus.
1514 3954 1733 4008 Noctem
1765 3954 1906 4010 illam

325 4045 626 4097 insomnem
655 4055 792 4112 pene
815 4042 1088 4110 duximus,
1123 4042 1422 4114 divinisque
1445 4045 1690 4101 laudibus
1717 4045 1909 4101 immo-

324 4133 424 4187 rati
454 4147 663 4188 sumus.

393 4225 524 4280 CAP.
558 4224 785 4280 Xlll.—-
812 4225 962 4279 Mane
1012 4226 1179 4293 facto,
1227 4237 1348 4296 post
1386 4228 1570 4283 horam
1613 4230 1908 4297 orationis,

323 4315 570 4369 videbam
601 4316 808 4370 vultum
839 4315 954 4385 ejus
997 4319 1200 4385 pallore
1249 4318 1320 4371 ita
1367 4327 1655 4385 mutatum,
1705 4321 1910 4390 etquid

321 4407 581 4463 acciderit
629 4407 849 4478 quaesivi
899 4409 967 4462 ab
997 4423 1082 4464 eo.
1114 4408 1216 4474 Qui
1256 4411 1333 4462 ait
1359 4425 1373 4462 :
1405 4409 1518 4463 Non
1549 4425 1905 4481 expavescas,

323 4501 492 4552 frater
541 4497 840 4568 Paphnuti,
883 4500 1131 4566 quoniam
1183 4500 1523 4570 omnipotens
1573 4503 1710 4557 Deus
1757 4513 1905 4559 recto
1935 4483 1981 4542 θ

323 4593 520 4645 itinere
550 4590 604 4645 in
637 4591 774 4644 hanc
801 4589 1138 4647 solitudinem
1169 4593 1369 4647 direxit
1396 4602 1475 4661 te,
1527 4603 1584 4646 ut
1613 4593 1906 4649 honorifice

323 4680 557 4748 sepelias
585 4695 690 4746 me,
722 4689 881 4748 atque
905 4696 1100 4748 corpus
1137 4697 1314 4736 meum
1346 4683 1691 4737 commendes
1726 4691 1903 4740 terrae.

323 4769 441 4822 Hac
482 4767 678 4822 etenim
731 4768 862 4822 hora
888 4769 1060 4823 anima
1101 4771 1278 4824 carnis
1325 4770 1554 4824 vinculis
1583 4771 1905 4838 absolvitur,

321 4869 485 4928 atquc
513 4859 578 4912 ad
610 4866 907 4914 creatorem
935 4875 1090 4914 suum
1136 4861 1187 4914 iu
1218 4861 1436 4915 cmleste
1464 4875 1685 4931 regnum
1713 4863 1908 4932 depor-

323 4957 488 5002 tatur.
519 4947 706 5004 Frater
731 4951 1095 5005 amantissime
1142 4950 1276 5019 (scio
1305 4965 1534 5019 namque
1573 4951 1902 5007 desiderium

322 5035 756 5108 tuum),quando
778 5039 1000 5094 redieris
1025 5039 1079 5092 in
1108 5039 1396 5108 Egyptum
1416 5085 1429 5106 ,
1475 5057 1774 5096 memorare
1805 5044 1906 5097 mei

241 5164 246 5167 -
321 5131 382 5183 in
402 5128 686 5198 praesentia
712 5128 933 5183 fratrum
955 5138 1183 5194 tuorum,
1208 5138 1263 5184 et
1289 5133 1338 5184 in
1361 5145 1647 5200 conspectu
1672 5149 1794 5186 omtt
1820 5149 1905 5186 um

320 5220 597 5273 Christum
642 5218 956 5274 colentium.
993 5221 1112 5278 llaec
1160 5229 1243 5276 est
1273 5224 1557 5290 pustulatio
1607 5238 1722 5276 mea
1752 5221 1904 5292 (20),

319 5323 485 5376 quam
528 5306 808 5376 impetravi
833 5322 864 5361 a
907 5308 1130 5363 Domino
1158 5309 1288 5364 Deo.
1318 5311 1374 5365 Si
1420 5312 1540 5378 quis
1581 5311 1903 5366 oblationem

317 5400 396 5450 ιιι)
435 5412 672 5452 amorem
723 5398 954 5453 nominis
999 5401 1102 5453 mei
1143 5410 1267 5452 ante
1307 5410 1650 5467 conspectuin
1698 5400 1901 5454 Domini

319 5489 497 5544 nostri
517 5488 642 5544 Jesu
671 5489 894 5556 Christi,
922 5500 975 5546 et
999 5491 1063 5545 ad
1094 5491 1302 5546 laudent
1333 5491 1449 5560 ejus
1482 5491 1596 5560 (2-1)
1641 5493 1900 5558 immolat,

2009 3234 2142 3288 tuae;
2173 3237 2308 3292 opus
2338 3224 2534 3274 bonum
2583 3220 2795 3290 perfice,
2826 3229 2878 3273 et
2920 3221 3153 3290 accipies
3184 3236 3431 3276 coronam
3465 3237 3589 3290 per-

2008 3325 2177 3385 petua:
2213 3314 2413 3386 gloriae.

2075 3409 2206 3462 Car.
2239 3405 2352 3460 XV.
2384 3434 2454 3444 —
2483 3405 2604 3460 llaec
2632 3420 2751 3459 cum
2803 3404 2964 3458 homo
2998 3403 3085 3458 Dei
3137 3404 3463 3472 loqueretur,
3490 3405 3587 3456 ad-

2009 3500 2217 3552 volutus
2257 3511 2370 3550 sum
2403 3497 2623 3564 pedibus
2648 3496 2783 3565 ejus,
2810 3497 3031 3550 dicens:
3064 3495 3218 3548 Pater
3247 3495 3426 3557 chare,
3474 3495 3586 3546 scio

2007 3592 2148 3645 enim
2178 3590 2299 3658 quia
2329 3589 2581 3659 quidquid
2615 3590 2830 3655 petieris
2869 3604 2897 3641 a
2933 3589 3060 3650 Deo,
3096 3587 3239 3639 dabit
3284 3586 3378 3638 tibi
3411 3585 3590 3638 Donu-

2009 3702 2108 3739 nus
2148 3692 2366 3753 propter
2398 3683 2714 3737 immensum
2768 3682 3000 3734 laborem
3053 3679 3360 3733 certaminis
3393 3678 3591 3745 longis-

2009 3777 2166 3838 simi,
2215 3789 2322 3843 quo
2352 3787 2546 3840 corpus
2591 3779 2735 3824 tuum
2779 3770 3012 3824 amisisti
3063 3769 3396 3837 septuaginta
3435 3770 3590 3820 anuis

2011 3880 2106 3935 pro
2152 3863 2366 3917 nomine
2411 3860 2653 3924 Domini;
2697 3861 2874 3931 praebe
2904 3877 3032 3930 ergo
3064 3861 3191 3912 mihi
3237 3875 3454 3914 munera
3486 3867 3589 3912 tua:

2009 3962 2208 4008 sancta:
2236 3949 2644 4013 benedictionis,
2674 3959 2936 4017 quatenus
2961 3950 3052 4002 tibi
3085 3950 3136 4001 in
3168 3951 3356 4001 vittute
3386 3949 3590 4001 effici-ar

2009 4043 2219 4106 similis,
2252 4051 2307 4096 et
2335 4049 2422 4093 tua
2464 4039 2856 4092 interventione
2882 4038 3097 4102 spiritus
3127 4052 3274 4090 meus
3303 4037 3590 4106 dirigatur,

2010 4142 2066 4189 et
2107 4133 2160 4188 in
2216 4131 2392 4186 futuro
2447 4139 2622 4183 tecum
2675 4127 2981 4197 participari
3034 4143 3258 4182 merear.
3309 4130 3406 4194 Qui
3465 4144 3588 4182 tnox

2011 4231 2228 4280 econtra
2255 4220 2603 4291 respondens,
2633 4221 2851 4290 protulit
2879 4221 2975 4274 ista
3004 4237 3014 4272 :
3043 4220 3322 4289 Paphnuti,
3361 4237 3423 4274 ne
3454 4237 3588 4275 con-

2016 4317 2238 4371 tristeris
2271 4332 2285 4370 :
2311 4314 2492 4384 petitio
2522 4321 2632 4382 tua,
2667 4312 2930 4366 tribuente
2964 4313 3205 4377 Domino,
3228 4315 3329 4367 erit
3353 4315 3583 4370 stabilis.

2015 4406 2109 4461 Sta
2129 4405 2180 4460 in
2208 4403 2333 4469 ﬁde,
2361 4403 2583 4458 viriliter
2607 4417 2727 4471 age,
2758 4401 2941 4457 oculos
2961 4418 3080 4455 eum
3109 4413 3285 4456 mente
3315 4403 3379 4455 ad
3416 4405 3581 4456 Deum

2007 4499 2172 4570 erige,
2195 4497 2248 4552 in
2271 4495 2533 4550 mandatis
2548 4495 2922 4559 corroborare,
2948 4494 3141 4548 bonum
3167 4496 3341 4548 facere
3365 4495 3588 4564 impiger

2007 4587 2288 4655 contende,
2311 4593 2366 4641 et
2391 4586 2552 4639 vitam
2572 4593 2824 4638 aeternam
2854 4583 3190 4653 apprehende
3222 4581 3274 4652 (Ι
3301 4581 3419 4637 Cor.
3448 4589 3584 4651 xvi).

2009 4680 2295 4747 Protegant
2343 4685 2395 4730 te
2425 4675 2599 4746 angeli
2654 4675 2774 4741 Dei,
2803 4684 2856 4727 et
2884 4685 3199 4729 conservent
3249 4685 3298 4729 te
3335 4676 3402 4728 ab
3444 4677 3589 4729 omni

2008 4767 2235 4824 consilio
2277 4766 2574 4836 pravitatis,
2606 4773 2664 4820 ut
2708 4779 2872 4833 purus
2899 4775 3021 4818 ante
3052 4765 3215 4818 Deum
3256 4776 3309 4818 et
3335 4766 3586 4818 immatu-

2009 4863 2148 4917 latus
2190 4863 2243 4916 in
2273 4861 2362 4917 die
2407 4863 2489 4916 sui
2520 4861 2778 4916 examinis
2829 4861 3135 4915 inveniaris.
3163 4861 3284 4915 Post
3321 4860 3434 4916 haec
3473 4878 3590 4914 sur-

2014 4955 2169 5017 rexit,
2198 4963 2252 5008 et
2275 4952 2341 5006 ad
2367 4952 2647 5006 Dominum
2677 4954 2979 5021 lacrymans
3003 4953 3193 5017 oravit,
3222 4968 3389 5022 genua
3420 4953 3587 5018 ﬂexit,

2013 5055 2170 5112 atque
2194 5045 2370 5100 subito
2396 5043 2568 5097 dixit:
2599 5044 2653 5097 ln
2685 5059 2873 5098 manus
2903 5055 3040 5111 tuas,
3073 5045 3231 5111 Deus,
3273 5045 3591 5100 commendo

2013 5133 2255 5200 spiritum
2282 5149 2479 5190 meum.
2505 5133 2743 5203 Cumque
2771 5138 2884 5187 hanc
2929 5134 3169 5198 dixisset,
3202 5137 3378 5191 lumen
3407 5138 3588 5204 splen-

2013 5227 2192 5278 didum
2222 5240 2417 5295 corpus
2446 5225 2563 5293 ejus
2592 5225 2947 5291 obumbravit,
2979 5240 3034 5281 et
3064 5227 3113 5280 iu
3145 5227 3310 5296 ipsius
3343 5228 3592 5284 claritate

2016 5318 2226 5372 luminis
2254 5320 2426 5373 anima
2454 5327 2635 5373 sancta
2675 5332 2836 5373 carne
2867 5321 3035 5374 solum
3064 5331 3165 5374 est.

2066 5407 2194 5457 (lar.
2231 5401 2364 5456 XVI.
2384 5400 2706 5469 —-Repente
2737 5417 2864 5456 vero
2895 5415 3083 5456 vocem
3106 5400 3418 5468 angelorum
3450 5400 3586 5454 ntul—

1995 5507 2051 5553 to
2085 5513 2171 5550 um
2194 5495 2391 5562 audivi,
2423 5494 2751 5549 laudantium
2786 5495 2971 5560 Deum,
3021 5503 3076 5549 et
3105 5494 3157 5547 in
3199 5494 3437 5550 discessu
3461 5509 3586 5549 san-

315 5580 398 5632 ab
443 5579 586 5636 omni
615 5583 908 5638 tentatione
953 5583 1187 5648 diaboli,
1219 5597 1272 5639 et
1301 5600 1328 5639 a
1369 5585 1582 5639 vinculo
1631 5586 1904 5654 pravitatis
1993 5590 2242 5644 cliSailnIll
2291 5587 2481 5641 animae
2538 5586 2714 5641 sancti
2776 5584 3066 5655 Onupltrii,
3125 5587 3326 5641 aethera
3381 5585 3585 5641 scilicet

322 5667 576 5728 humana:
603 5673 737 5729 liber
764 5674 963 5744 existit,
1011 5685 1170 5744 atque
1199 5692 1318 5731 cum
1371 5678 1572 5732 sanctis
1617 5678 1816 5748 angelis
1848 5679 1900 5734 in

1998 5681 2247 5754 angelicis
2274 5679 2494 5735 canticis
2523 5681 2830 5734 resonantia
2865 5677 2999 5748 ('24),
3034 5678 3286 5748 gaudium
3315 5674 3579 5733 ineﬂabile
