4016 6216
426 307 529 358 923

1100 504 1262 555 PliE'l
1284 505 1341 557 Ε.

724 610 1077 679 Cassiodorus,
1109 615 1283 671 Instit.
1316 618 1473 672 divin.
1509 637 1621 684 cap.
1651 618 1738 672 25.

510 725 791 796 Dionysius
822 731 1138 797 monachus,
1171 732 1366 802 Scytha
1397 735 1611 788 natione
1641 737 1735 790 sed
1778 737 2014 792 moribus

430 815 651 870 omnino
676 817 966 884 Romanus.
995 823 1048 876 in
1078 834 1298 892 utraque
1330 825 1508 893 lingua
1559 828 1714 881 valde
1763 829 2013 884 doctissi-

432 924 576 972 mus,
606 911 832 966 reddens
862 916 1159 970 actionibus
1189 919 1320 983 suis,
1355 935 1511 986 quam
1541 921 1591 974 in
1623 921 1770 976 libris
1800 923 2012 980 Domini

431 999 630 1068 legerat
659 1006 994 1074 aequitatem;
1028 1009 1118 1077 qui
1148 1010 1454 1078 Scripturas
1484 1011 1694 1067 divinas
1741 1023 1885 1068 tanta
1913 1031 2008 1071 cu-

429 1090 670 1146 riositate
697 1093 1019 1151 discusserat
1052 1107 1211 1168 atque
1242 1101 1599 1168 intellexerat,
1634 1113 1691 1159 nt
1735 1107 2013 1164 undecun-

428 1194 534 1244 que
567 1181 922 1254 interrogatus
945 1185 1154 1254 l'uisset,
1182 1199 1424 1257 paratum
1451 1191 1674 1249 haberet
1699 1209 2011 1266 competens

427 1272 540 1328 sine
568 1275 741 1342 aliqua
770 1276 1028 1334 d.latione
1052 1295 1400 1349 responsum;
1425 1285 1512 1353 qui
1538 1301 1746 1341 mecum
1767 1290 2011 1346 dialecti-

427 1378 544 1417 cam
578 1364 722 1433 legit,
749 1375 803 1421 et
825 1369 877 1421 in
905 1371 1152 1438 exemplo
1177 1371 1398 1442 gloriosi
1428 1375 1715 1443 magisterii
1751 1378 2010 1446 plurimos

425 1468 590 1508 annos
603 1455 764 1511 vitam
793 1473 967 1525 suam,
991 1473 1278 1529 praestante
1299 1463 1548 1530 Domino,
1573 1467 1806 1533 gloriose
1835 1478 2008 1525 trans-

423 1543 548 1612 egit.
582 1545 749 1601 Pudet
797 1566 882 1606 me
926 1551 993 1607 de
1027 1564 1278 1610 consorte
1325 1555 1503 1612 dicere
1532 1557 1674 1628 quod
1705 1560 1756 1614 in
1801 1576 1886 1617 me
1917 1579 2010 1618 ne-

424 1647 558 1699 queo
588 1637 846 1702 reperire.

496 1723 617 1777 Fuit
643 1727 784 1781 enim
815 1728 866 1782 in
890 1730 980 1784 illo
1007 1745 1127 1787 cum
1158 1735 1417 1805 sapientia
1443 1755 1631 1806 magna
1659 1741 2001 1808 simplicitas,

1475 320 1559 372 ne
1605 321 1776 374 \‘l'l‘lS
1818 318 2097 372 manu
2143 320 2342 375 LIBER
2384 324 2658 383 PRIMUS.
3605 346 3702 398 ρει

427 422 513 474 DE
582 428 900 485 DlONYSlO
956 431 1212 485 EXIiIUO
1268 433 1481 488 ItUJUS
1542 435 1719 488 \‘lTAS
1787 435 2092 488 lN'l'ER-A

2403 437 2464 489 V.
2496 438 2655 506 Beda,
2685 443 2746 494 de
2774 446 2971 500 ratione
2999 447 3198 518 Temp.,
3225 468 3338 520 cap.
3373 453 3461 506 45.

2196 524 2358 580 l’rimi
2408 529 2914 590 decenmoveunalis
2965 538 3147 593 circuli
3204 557 3359 596 versu
3409 556 3707 614 temporum

2124 614 2252 664 οι·‹1υ
2282 610 2590 687 ριἰιείίείιιη,
2625 639 2781 689 quem
2815 625 2984 679 Graeci
3017 629 3366 685 calculatores
3417 649 3444 686 a
3502 634 3708 691 Diocle-

2122 707 2243 760 tiani
2281 714 2532 781 principis
2558 718 2709 770 annis
2743 719 3134 788 observavere;
3163 727 3257 779 sed
3291 728 3597 801 Dionysius,
3627 750 3710 788 ve-

2121 801 2370 856 neaabilis
2399 805 2564 862 abbas
2597 808 2849 866 Romana:
2879 813 3048 877 urbis,
3075 826 3127 870 et
3159 819 3432 889 utriusque
3477 823 3706 893 linguaz,

2119 891 2318 946 Graecae
2357 896 2604 952 videlicet
2645 911 2698 953 et
2745 902 2968 969 Latinae,
3021 922 3126 961 non
3174 909 3392 978 ignobili
3449 891 3704 983 przeditui

2116 984 2359 1049 scientia,
2396 987 2672 1046 Pascliales
2696 996 2918 1051 scribens
2944 1000 3177 1065 circulos,
3221 1005 3391 1060 noluit
3435 1009 3514 1063 eis
3545 1011 3706 1081 (sicut

2119 1071 2232 1141 ipse
2263 1081 2506 1150 testatur)
2541 1087 2851 1141 memoriam
2883 1088 3032 1158 impii
3065 1099 3422 1158 persecutoris
3466 1101 3707 1158 innecte-

2117 1181 2195 1228 re,
2229 1170 2322 1222 sed
2355 1175 2521 1241 magis
2544 1175 2707 1246 elegit
2749 1181 2814 1233 ab
2859 1182 3227 1242 incarnatione
3273 1189 3480 1245 Domini
3533 1197 3705 1250 nostri

2114 1254 2239 1309 .lesu
2271 1257 2468 1315 Christi
2500 1273 2738 1333 tempora
2776 1282 3094 1342 praenotare,
3127 1286 3388 1344 quatenus
3418 1284 3701 1340 exordium

2114 1349 2229 1412 spei
2261 1362 2454 1406 nostrae
2488 1357 2663 1411 notius
2690 1359 2843 1416 nobis
2868 1365 3178 1433 exsisteret,
3203 1381 3436 1427 etcausa
3486 1388 3708 1442 repara-

2118 1439 2278 1491 tionis
2324 1441 2590 1509 humanm,
2628 1448 2677 1501 id
2728 1460 2833 1520 est,
2884 1456 3061 1521 passio
3105 1455 3482 1528 Redemptoris
3532 1439 3706 1520 nostri

2113 1532 2409 1589 evidentius
2442 1539 2694 1594 eluceret.

2116 1623 2440 1693 Sigebertns,
2471 1631 2705 1702 catalogo
2733 1634 2924 1690 illustr.
2972 1636 3167 1692 Eci‘les.
3201 1641 3427 1707 Script.,
3461 1662 3574 1715 cap.
3607 1649 3701 1701 9.7.

2190 1715 2469 1786 Dionysius
2500 1723 2664 1777 abbas
2717 1725 3007 1792 Romanus,
3038 1745 3392 1798 cognomento
3443 1739 3702 1807 Exiguus,

424 1827 541 1866 cum
574 1815 814 1872 decuma
847 1819 1140 1886 humilitas,
1168 1840 1287 1879 cum
1323 1827 1568 1885 facundia
1610 1833 1857 1902 loquendi
1887 1851 2007 1904 pa“
2040 1808 2083 1864 Β
2111 1810 2320 1904 gemina
2342 1811 2571 1904 scientia
2606 1811 2791 1869 Greece
2818 1828 2872 1870 et
2901 1818 3088 1873 Latine
3114 1822 3308 1887 clarus,
3337 1831 3702 1884 transtulitde

423 1907 590 1971 citas;
623 1916 678 1960 ut
703 1909 754 1962 in
788 1910 936 1965 nullo
965 1927 1024 1966 se
1052 1914 1133 1968 vel
1165 1917 1418 1972 extremis
1446 1921 1656 1975 famulis
1685 1925 2002 1991 anteferret,

421 2011 540 2048 cum
571 1997 760 2066 dignus
786 2010 933 2055 esset
967 2018 1148 2071 regum
1179 2006 1297 2061 sine
1341 2008 1674 2067 dubitatione
1699 2015 2003 2085 colloquiis.

419 2085 742 2145 Interveniat
771 2107 867 2158 pro
894 2095 1064 2159 nobis,
1091 2101 1182 2166 qui
1215 2100 1492 2155 nobiscum
1525 2119 1681 2160 orare
1709 2122 2004 2166 consueve-

418 2189 527 2246 rat;
561 2189 615 2236 ut
639 2182 790 2252 cujus
822 2185 907 2240 hic
933 2202 1117 2242 sumus
1149 2191 1394 2247 oratione
1419 2195 1647 2264 suil‘ulti,
1687 2200 1803 2267 ejus
1835 2203 2005 2269 possi-

418 2286 534 2324 mus
558 2288 698 2328 nunc
730 2277 935 2331 meritis
966 2279 1227 2347 adjuvari.

487 2361 585 2426 Qui
629 2365 822 2431 petitus
867 2382 898 2419 a
941 2368 1215 2438 Stephano
1261 2373 1515 2441 episcopo
1554 2376 1886 2444 Salonitano,
1937 2396 2001 2435 ex

419 2450 621 2505 Graecis
642 2457 1038 2522 exemplaribus
1060 2458 1290 2513 Canones
1318 2461 1704 2520 Ecclesiastiros
1732 2468 1812 2537 (ά)
1844 2472 2006 2525 mori-

416 2541 516 2594 bus
544 2543 676 2608 suis,
710 2553 765 2598 ut
794 2556 910 2599 erat
937 2547 1126 2614 planus
1167 2559 1328 2618 atque
1359 2553 1614 2621 disertus,
1647 2573 1854 2627 magna:
1884 2562 2001 2616 elu-

414 2633 646 2698 quentiae
673 2635 790 2690 luce
820 2642 1141 2706 composuit,
1175 2658 1311 2711 quos
1343 2644 1500 2701 hodie
1528 2663 1623 2702 usu
1651 2650 2002 2707 celeberrimo

416 2725 653 2779 Ecclesia
685 2727 924 2783 Romana
973 2733 1364 2800 complectitur.
1420 2738 1530 2793 llos
1582 2747 1743 2795 etiam
1788 2754 2001 2812 oportet

414 2829 509 2869 vos
537 2818 751 2874 assidue
783 2819 981 2886 legere,
1016 2838 1082 2877 ne
1111 2824 1398 2880 videamini
1440 2839 1546 2882 tam
1593 2832 1860 2888 salutares
1893 2834 1998 2889 Ec-

413 2908 736 2964 clesiasticas
765 2915 975 2981 regulas
1003 2915 1340 2985 culpabiliter
1365 2920 1634 2988 ignorare.

484 3000 602 3054 Alia
651 3018 862 3072 quoque
921 3005 1084 3060 multa
1137 3023 1201 3061 ea:
1243 3006 1425 3064 Graeco
1468 3013 1729 3067 transtulit
1775 3014 1829 3068 in
1861 3014 2003 3070 Lati-

413 3109 534 3147 num
553 3094 646 3166 (ε),
665 3111 782 3164 qua:
808 3097 1020 3152 utilitati
1044 3110 1266 3169 possunt
1288 3102 1544 3159 Ecclesiae
1567 3108 1878 3164 convenire.
1895 3109 1995 3177 Qui

2111 1894 2299 1950 Crmco
2342 1899 2391 1950 in
2423 1899 2667 1956 Latinum
2724 1904 2943 1959 Protcrii
2981 1907 3049 1978 (ί)
3095 1910 3431 1968 Alexandrini
3472 1919 3701 1986 ερὶειξυρὶ

2110 1988 2300 2054 scripta
2347 1989 2409 2042 ad
2440 1991 2670 2045 Leonem
2710 2011 2894 2062 papam
2939 1999 3002 2052 de
3038 2001 3337 2058 celebrando
3389 2006 3587 2061 l’asc/ia
3641 2012 3698 2062 in

2109 2090 2249 2128 anno
2281 2077 2486 2132 Domini
2514 2079 2638 2135 455.
2673 2083 2965 2141 Transtulit
2993 2091 3150 2144 etiam
3180 2093 3245 2148 de
3282 2093 3466 2150 Graeco
3495 2100 3546 2150 in
3593 2099 3698 2151 La-

2111 2166 2276 2220 tinum
2309 2169 2494 2223 librum
2543 2172 2775 2244 Gregorii
2809 2178 3030 2248 Nysseni
3077 2183 3140 2236 de
3177 2189 3466 2241 conditione
3519 2189 3700 2245 homi-

2108 2258 2186 2310 nis
2214 2259 2310 2328 (g),
2337 2274 2384 2314 et
2422 2263 2590 2318 Vitam
2620 2266 2883 2324 I’acliomii
2901 2274 3094 2328 abbatis
3119 2277 3220 2346 (lt).
3243 2277 3463 2348 Scripsit
3485 2295 3532 2336 et
3562 2284 3695 2351 ipse,

2111 2357 2226 2412 post
2257 2350 2534 2418 (Zyi'i‘lum,
2579 2354 2791 2425 Cyclnm
2836 2362 3053 2430 quinque
3097 2367 3381 2434 cyclorum,
3433 2350 3696 2440 incipiens

2108 2440 2176 2492 ab
2205 2456 2348 2495 anno
2379 2446 2486 2498 nati
2515 2444 2644 2501 Jesu
2676 2449 2871 2504 (.hristi
2899 2452 3002 2507 532
3046 2457 3136 2524 qui
3167 2467 3248 2511 est
3279 2460 3490 2515 ultimus
3521 2480 3696 2520 almus

2111 2531 2284 2599 magni
2314 2535 2472 2605 eycli,
2519 2538 2607 2607 qui
2637 2551 2718 2594 est
2765 2557 3027 2599 annorum
3076 2564 3253 2604 nxxxn
3302 2556 3463 2608 semel
3520 2571 3697 2612 exacti

2107 2637 2134 2675 a
2165 2624 2444 2681 nativitate
2471 2628 2694 2698 Christi,
2725 2645 2827 2687 etc.

2377 2716 2706 2785 Tritltemius,
2737 2726 2864 2780 libro
2892 2728 2954 2781 de
2985 2729 3183 2798 Script.
3215 2731 3415 2790 Erclas.

2181 2805 2483 2876 Dionysius.
2513 2811 2674 2867 abbas
2699 2815 2991 2885 Romanus,
3023 2835 3377 2891 cognomento
3399 2829 3482 2896 (ut
3504 2829 3694 2901 fertur;

2109 2896 2365 2968 Exiguus,
2408 2903 2489 2958 vir
2513 2916 2657 2961 certe
2691 2909 2903 2979 ingenio
2932 2923 2987 2968 et
3027 2916 3248 2973 scientia
3281 2936 3504 2990 magnus
3534 2935 3696 2994 atque

2107 2993 2457 3063 clarissimus,
2482 2997 2534 3051 in
2558 2999 2848 3070 Scripturis
2874 3009 3073 3062 sanctis
3094 3011 3353 3080 eruditus,
3381 3023 3434 3069 et
3459 3016 3512 3070 in
3535 3018 3692 3071 ἀίει-ί-

2109 3083 2253 3149 plina
2283 3087 2616 3143 saecularium
2649 3091 2946 3152 litterarum
2978 3098 3228 3157 nobiliter
3257 3103 3468 3169 doctus,
3503 3108 3692 3164 Graeci:

413 3196 557 3241 tanta
587 3189 889 3245 Latinitatis
916 3203 970 3247 et
999 3193 1299 3251 Graecitatis
1331 3199 1520 3266 peritia
1565 3197 1905 3269 fungebatur,
1939 3215 1995 3260 ut

2120 3185 2155 3229 ει
2188 3177 2376 3232 Latino
2424 3181 2639 3252 eloquio
2685 3187 2880 3249 clarus,
2930 3195 3248 3261 computista
3299 3205 3352 3252 et
3399 3201 3690 3258 calculator

411 3293 757 3350 quoscunque
785 3283 955 3339 libros
987 3285 1201 3343 Graecos
1227 3288 1281 3342 in
1309 3289 1552 3344 manibus
1580 3293 1870 3363 acciperet,
1897 3296 1996 3351 La-

413 3371 522 3424 tine
549 3371 665 3427 sine
692 3373 987 3431 oll‘enSione
1016 3388 1426 3445 transcurreret,
1451 3380 1756 3454 iterumque
1777 3385 1996 3443 Latinos

410 3462 586 3516 Attico
614 3479 864 3521 sermone
890 3468 1169 3537 relegeret,
1204 3480 1262 3525 ut
1286 3473 1535 3527 crederes
1567 3474 1667 3528 hoc
1706 3490 1827 3530 esse
1865 3492 1997 3532 con-

411 3555 690 3622 scriptum,
715 3557 854 3624 quod
886 3572 946 3612 os
970 3558 1087 3627 ejus
1114 3559 1374 3617 inoffensa
1406 3563 1688 3620 velocitate
1717 3567 1992 3622 fundebat.

485 3644 723 3714 Longum
754 3659 833 3701 est
859 3648 925 3703 de
957 3650 1047 3702 illo
1076 3652 1190 3706 viro
1219 3663 1409 3707 cuncta
1442 3664 1709 3723 retexere,
1739 3658 1827 3726 qui
1861 3659 1997 3714 inter

409 3738 643 3806 reliquas
699 3741 923 3795 virtutes
955 3741 1054 3795 hoc
1079 3742 1327 3798 habuisse
1351 3746 1605 3813 probatur
1630 3750 1904 3812 eximium,
1939 3758 1998 3803 ut

406 3845 529 3882 cum
558 3844 618 3884 se
646 3816 813 3885 totum
850 3833 959 3887 Deo
990 3835 1314 3900 tradidisset,
1348 3852 1453 3891 non
1484 3851 1863 3906 aspernaretur
1893 3855 1994 3895 sae-

407 3919 665 3973 cularium
698 3925 1195 3979 conversationibus
1219 3927 1502 3981 interesse.
1527 3927 1720 3984 Castus
1742 3931 1990 3999 nimium,

404 4024 525 4064 eum
550 4013 752 4066 alienas
780 4016 1016 4082 quotidie
1047 4017 1250 4072 videret
1275 4035 1499 4085 uxores;
1533 4021 1700 4087 mitis,
1729 4037 1850 4077 cum
1880 4023 1993 4080 fere

401 4102 638 4170 gentium
654 4107 1072 4163 vesanoturbine
1087 4110 1403 4177 pulsaretur.
1421 4113 1698 4168 Fundebat
1723 4115 1989 4186 lacrymas

404 4204 581 4250 motus
607 4200 1042 4266 eompunctione,
1073 4217 1194 4255 cum
1225 4204 1437 4259 audiret
1464 4205 1676 4273 garrula
1702 4208 1870 4261 verba
1897 4207 1989 4262 la:-

403 4286 550 4341 titize.
582 4285 862 4356 Jejunabat
889 4294 1005 4345 sine
1048 4294 1462 4362 exprobratione
1485 4297 1866 4365 prandentium
1887 4342 1902 4367 ,
1935 4305 1992 4354 et

402 4378 524 4434 ideo
567 4380 830 4436 conviviis
861 4391 1134 4452 gratanter
1165 4385 1438 4452 intererat,
1473 4394 1530 4440 ut
1568 4388 1706 4443 inter
1735 4405 1989 4459 corpora-

402 4469 477 4525 les
499 4472 683 4541 epulas
706 4473 1010 4542 inquisitus,
1031 4475 1298 4544 spiritales
1324 4478 1506 4548 copias
1533 4494 1745 4549 semper
1767 4482 1986 4536 exhibe-

401 4573 502 4619 ret.
533 4565 684 4630 Quod
716 4566 759 4619 si
791 4575 966 4621 tamen
993 4567 1278 4636 aliquando
1308 4570 1646 4636 comeileret,
1679 4587 1844 4641 parvo
1873 4574 1987 4643 qui-

400 4657 519 4712 dem
533 4659 676 4726 cibo,
696 4659 789 4713 sed
807 4669 983 4715 tamen
1001 4661 1140 4716 escis
1155 4663 1528 4717 communibus
1550 4665 1815 4719 utebatur.
1828 4669 1986 4738 108

403 4747 552 4806 Unde
581 4765 850 4805 summum
885 4765 1054 4822 genus
1076 4752 1285 4808 aestimo
1315 4753 1606 4824 patientiae,
1636 4757 1775 4811 inter
1798 4759 1986 4812 huma-

399 4856 494 4896 ms
515 4857 632 4897 esse
653 4843 893 4913 delicias,
920 4853 974 4900 et
993 4844 1333 4900 abstinentia:
1356 4846 1626 4902 custodire
1653 4863 1985 4905 mensuram.

397 4931 525 4997 Sed,
556 4942 612 4987 ut
641 4934 778 4988 bona
809 4936 1002 4991 mentis
1030 4938 1145 5008 ejus
1187 4937 1418 4992 infucata
1465 4938 1620 4993 laude
1663 4941 1983 5005 referamus,

396 5036 509 5078 erat
543 5035 683 5080 totus
710 5025 1038 5095 Catholicus,
1069 5037 1210 5083 totus
1236 5030 1475 5098 paternis
1504 5031 1704 5100 regulis
1732 5047 1980 5099 perseve-

395 5128 575 5174 ranter
612 5119 880 5187 addictus,
933 5130 987 5177 et
1030 5123 1286 5193 quidquid
1330 5134 1556 5194 possunt
1597 5126 1834 5194 legentes
1884 5142 1980 5196 per

393 5213 633 5268 diversos
679 5230 941 5284 qumrere,
981 5216 1034 5270 in
1085 5217 1226 5271 illius
1278 5217 1501 5274 scientia
1556 5219 1978 5288 cognoscebatur

395 5318 554 5372 posse
577 5303 800 5373 fulgere.
847 5304 1011 5377 Cujus
1057 5308 1257 5363 nomini
1305 5308 1484 5378 aliqua
1535 5309 1685 5377 pravi
1734 5309 1978 5366 homines

391 5396 721 5455 calumniose
771 5399 1010 5456 nituntur
1055 5401 1320 5474 ingerere,
1362 5403 1502 5456 unde
1553 5417 1647 5457 sua
1695 5404 1974 5459 videantur

391 5497 566 5543 errata
597 5491 929 5561 aliquatenus
956 5511 1233 5550 excusare.
1261 5495 1366 5550 Sed
1399 5494 1488 5550 ille
1510 5495 1620 5562 jam
1649 5497 1831 5552 smculi
1857 5515 1973 5565 per-

393 5583 644 5639 versitate
684 5586 958 5653 derelicta,
995 5597 1280 5656 praestante
1331 5588 1575 5654 Domino,
1613 5589 1665 5642 in
1719 5589 1973 5645 Ecclesia:

392 5689 521 5740 pace
547 5678 800 5744 sepultus,
831 5679 966 5733 inter
991 5679 1081 5734 Dei
1107 5677 1331 5735 famulos
1354 5679 1650 5735 credendus
1673 5691 1751 5736 est
1778 5684 1880 5736 hab
1919 5701 1972 5738 re

391 5767 732 5820 consortium.

2104 3277 2409 3337 temporum
2436 3277 2700 3345 egregius.
2746 3279 2977 3347 Scripsit
3021 3284 3212 3342 Latino
3261 3303 3509 3346 sermone
3556 3311 3690 3349 non-

2103 3361 2242 3414 nulla
2273 3365 2548 3430 opuscula,
2571 3367 2636 3420 de
2659 3369 2851 3437 quibus
2873 3386 2972 3440 ego
2991 3383 3194 3430 tantum
3214 3380 3388 3448 reperi
3409 3383 3649 3450 subjecta
3671 3403 3686 3440 :
3711 3378 3714 3381 ’

2171 3449 2382 3520 Cyclum
2404 3452 2710 3511 Pascltalem
2736 3477 2978 3533 magnum
3001 3482 3256 3522 annorum
3282 3487 3482 3533 oxxxn.
3513 3477 3601 3529 lib.
3638 3493 3687 3543 ις

2129 3611 2138 3621 _
2174 3540 2250 3594 De
2269 3545 2466 3599 ratione
2493 3550 2608 3618 festi
2631 3549 2922 3615 Paschalis.
2956 3556 3048 3612 lib.
3075 3574 3127 3619 ις
3160 3559 3430 3619 Pascltatis
3460 3569 3575 3636 festi
3599 3540 3686 3622 ra;

2100 3622 2306 3667 tionem.

2174 3706 2246 3759 De
2275 3708 2485 3762 caeteris
2515 3710 2579 3780 (i)
2625 3712 2753 3768 nihil
2787 3719 3020 3786 repperi.
3061 3718 3356 3779 Transtulit
3395 3737 3570 3782 autem
3615 3731 3683 3784 de

2100 3793 2285 3847 Graeco
2309 3796 2360 3850 in
2395 3798 2635 3855 Latinum
2672 3822 2684 3855 :
2724 3805 2893 3860 Vitam
2931 3812 3113 3864 sancti-
3139 3797 3407 3871 Pacltomii
3447 3821 3682 3886 abbatis;

2098 3887 2286 3947 librum
2313 3906 2510 3959 quoque
2536 3893 2771 3966 Gregorii
2797 3897 3054 3956 Emisseni
3073 3944 3087 3968 ,
3121 3906 3183 3959 de
3206 3910 3496 3964 conditione
3519 3912 3682 3965 homi-

2098 3981 2212 4042 nis;
2238 3989 2284 4034 et
2311 3985 2504 4051 scripta
2533 3985 2775 4054 Proterii,
2803 3993 3144 4049 Alexandrini
3172 4002 3415 4070 episc0pi,
3445 4005 3513 4058 ad
3550 4003 3682 4058 Leo-

2097 4086 2208 4123 nem
2240 4089 2424 4138 papam
2446 4075 2536 4146 (j).
2567 4076 2634 4129 Et
2656 4081 2887 4148 quedam
2916 4083 3019 4137 alia
3042 4085 3143 4156 (Ις).

2168 4162 2445 4219 lnchoavit
2475 4177 2653 4222 autem
2684 4167 2907 4241 Cyclum
2935 4189 3089 4229 suum
3135 4193 3276 4234 anno
3307 4180 3511 4236 Domini
3538 4184 3639 4236 53:2
3663 4228 3677 4248 ,

2095 4252 2182 4320 qui
2211 4254 2309 4307 luit
2337 4256 2555 4313 ultimus
2576 4273 2750 4314 annus
2773 4262 2948 4331 magni
2979 4267 3117 4334 cyeli
3146 4270 3438 4339 paschalis,
3479 4277 3566 4343 qui
3597 4292 3680 4329 se-

2095 4346 2199 4399 mel
2228 4356 2449 4401 exactus
2480 4350 2530 4403 in
2565 4353 2811 4408 eumdem
2843 4369 3057 4426 semper
3088 4362 3393 4417 revertitur.

2165 4434 2366 4491 Claruit
2389 4451 2516 4507 ergo
2537 4441 2636 4496 sub
2665 4442 2967 4500 Justiniano
2997 4447 3126 4518 imp.
3157 4466 3369 4522 magno,
3403 4468 3542 4510 anno
3567 4454 3673 4508 Do.

2010 4538 2066 4599 Ῑ)
2091 4528 2222 4583 mini
2251 4529 2381 4584 540.

2092 4643 2236 4700 Idem
2260 4646 2323 4700 de
2353 4647 2485 4704 Viris
2511 4650 2674 4704 illast.
2692 4653 2804 4706 ard.
2828 4657 2992 4709 sancti
3009 4654 3292 4724 Benedicti,
3308 4661 3671 4732 lib.tt,cap.6.

2164 4762 2466 4832 Dionysius,
2497 4767 2661 4822 abbas
2706 4769 2998 4838 Romanus,
3049 4785 3406 4845 cognomento
3459 4777 3673 4848 Exigui,

2089 4854 2168 4906 vir
2193 4855 2242 4908 in
2269 4855 2463 4910 divinis
2493 4858 2784 4929 Scripturis
2812 4863 2963 4918 valde
2993 4869 3253 4936 eruditus,
3287 4881 3340 4924 et
3369 4871 3420 4925 in
3450 4873 3674 4926 saecula-

2091 4945 2238 5000 ribus
2284 4948 2476 5003 litteris
2529 4952 2880 5018 peritissimus
2909 4999 2922 5022 ,
2970 4957 3264 5014 calculator
3308 4971 3357 5016 et
3399 4974 3675 5030 geometer

2090 5038 2332 5106 insignis,
2379 5041 2566 5095 Graeco
2612 5052 2670 5097 et
2713 5045 2898 5101 Latino
2947 5047 3238 5105 instructus
3288 5053 3501 5121 eIOquio
3533 5069 3548 5108 :
3583 5057 3673 5122 qni

2087 5129 2345 5184 doctrina:
2392 5147 2502 5187 sua:
2551 5148 2799 5204 magnam
2848 5139 2990 5207 apud
3039 5152 3250 5196 veteres
3295 5145 3669 5199 auctoritatem

2086 5233 2426 5289 consecutus,
2456 5226 2620 5280 edidit
2651 5243 2759 5282 non
2801 5234 3102 5297 spernenda
3132 5235 3413 5301 opuscula.
3443 5236 3510 5290 de
3555 5238 3673 5303 qui-

2087 5314 2185 5369 bus
2214 5332 2374 5384 pauca
2405 5318 2470 5371 ad
2503 5335 2674 5373 meam
2708 5322 2950 5376 notitiam
2982 5338 3341 5393 pervenerunt
3377 5346 3386 5378 :

2158 5407 2233 5461 De
2267 5413 2463 5463 ratione
2500 5409 2713 5466 Pascha:
2760 5414 2965 5469 librum.
3021 5419 3176 5486 109
3213 5416 3425 5488 Cyclwn
3465 5419 3667 5491 φωφά

2081 5516 2325 5569 magnum
2388 5507 2778 5574 quingentorum
2833 5507 3042 5577 triginta
3102 5511 3324 5563 duorum
3389 5528 3662 5566 annormn.

2080 5589 2346 5660 Epistolas
2393 5594 2543 5648 etiam
2595 5596 2866 5651 nonnullas
2892 5600 3194 5668 composuit.

2155 5684 2227 5738 De
2255 5685 2442 5741 Grzeco
2467 5686 2518 5741 in
2551 5687 2795 5743 Latinum
2828 5691 3099 5747 tranStulit
3130 5707 3144 5746 :
3178 5691 3386 5762 Scripta
3440 5691 3664 5748 Proterii

2083 5777 2418 5835 Alexandrini
2446 5783 2512 5834 ad
2540 5779 2757 5836 Leonem
2789 5800 2974 5853 rapam
3006 5783 3068 5840 de
3099 5784 3304 5840 Pascha
3326 5783 3660 5849 celebrando;
