4016 6248
314 322 415 380 9‘29
1152 321 1304 375 “TA
1343 322 1586 376 SANCTI
1626 322 1951 378 PACHOMII
1992 325 2277 381 ABBA'HS
2318 325 2807 384 TABENNENSIS.
3486 331 3591 385 Ξειο

312 437 535 499 «ietate,
571 450 680 490 non
714 446 821 491 tam
854 436 1092 491 locorum
1124 452 1280 505 quam
1305 451 1509 490 morum
1541 435 1975 494 dissimilitudine
1996 439 2317 497 dividamur.
2374 441 2481 497 Nec
2512 444 2759 498 videatur
2782 444 3010 514 cuipiam
3044 445 3268 509 mirum,
3322 446 3462 515 quod
3493 447 3590 499 ltit-

317 527 550 597 jusmodi
596 541 781 596 peStes
813 530 893 599 (2)
920 529 1077 598 justis
1109 528 1412 583 hominibus
1439 530 1812 598 adversentur,
1868 535 2079 602 quando
2112 534 2251 603 pleni
2276 534 2434 599 dolis,
2479 535 2622 603 pleni
2656 536 2877 590 fallaciis
2903 537 3005 591 sibi
3057 551 3267 606 quoque
3309 554 3415 592 non
3457 554 3587 606 par-

318 630 457 684 cant,
486 630 541 675 et
568 636 756 676 secum
787 624 885 691 ipsi
913 624 1224 691 plerumque
1248 622 1584 675 dissentiant.
1640 624 1798 678 Tales
1820 635 2073 694 expertus
2106 628 2185 679 vir
2210 626 2393 681 beatus
2415 637 2573 696 atque
2611 628 2878 697 gloriosus
2918 631 3130 695 genitor
3163 640 3335 683 vester
3370 627 3451 700 (3)
3482 631 3589 683 Do-

318 716 489 767 minus
518 728 695 780 mens,
730 730 833 768 non
864 716 1035 769 solum
1075 717 1336 783 patienter
1373 729 1437 767 ac
1466 714 1676 770 fortiter
1722 715 2097 774 insectationes
2127 736 2309 775 eorum
2356 737 2568 790 semper
2600 723 2915 791 projustitia
2971 722 3219 791 pertulit,
3274 725 3366 778 sed
3414 726 3580 779 etiam

318 807 474 859 felice
507 806 617 862 fine
650 822 748 875 pro
786 810 1010 861 veritate
1041 810 1179 876 (qua:
1210 807 1456 863 Christus
1486 812 1589 880 est)
1617 823 1924 866 constanter
1954 825 2114 882 atque
2146 815 2449 869 sublimiter
2475 818 2639 871 leuius
2669 816 2851 869 mundi
2882 817 3104 871 adversa
3138 821 3429 886 superavit.
3484 819 3589 872 Cu-

317 898 400 967 jus
429 899 724 968 perfectam
761 902 880 953 vitae
922 901 1154 969 regulam
1178 909 1485 956 sanctorum
1520 906 1724 958 meritis
1752 906 2132 972 proiiemodum
2175 918 2562 960 consonantem
2611 909 2769 961 nimis
2799 920 2993 976 exopto
3053 911 3407 979 perfectorunt
3441 912 3588 963 viro-

325 1006 435 1044 rum
472 991 632 1045 docta
663 999 822 1059 atque
850 991 1069 1044 facunda
1102 992 1344 1044 oratione
1373 993 1651 1058 perscribi,
1708 1004 1763 1045 ttt
1814 1002 1958 1047 tanta
2005 995 2267 1048 claritudo
2294 996 2455 1049 vestri
2490 996 2720 1063 generis,
2768 1006 3077 1065 tantumque
3105 1000 3270 1053 decus
3298 992 3361 1052 ex
3408 1001 3583 1068 aliqua

324 1092 578 1137 noscatur
610 1092 783 1151 parte,
815 1095 867 1135 et
897 1082 1066 1135 virtus
1093 1081 1402 1134 admiranda
1435 1081 1532 1135 viri
1563 1084 1650 1136 vix
1678 1084 1912 1151 antiquis
1942 1084 2191 1149 effabilis,
2235 1099 2351 1153 qua:
2378 1083 2589 1138 favente
2613 1084 2825 1137 Christo
2865 1100 2894 1139 a
2927 1088 3075 1141 vobis
3106 1086 3445 1142 baereditario
3462 1091 3587 1158 jure

321 1174 620 1241 perficitur,
652 1173 898 1226 lectionis
922 1172 1101 1225 officio
1133 1176 1363 1239 posteris
1393 1172 1688 1227 intimetnr.

1267 1330 1919 1515 ξβτοῐοᾳιιβ
2022 1337 2622 1482 auctoris.

385 1555 651 1610 Dominus
674 1566 859 1609 noster
894 1552 1053 1608 Jesus
1084 1552 1348 1617 Christus,
1373 1553 1647 1619 sapientia:
1672 1553 1808 1616 fons,
1850 1562 1903 1607 et
1929 1552 2166 1607 scientia:
2198 1568 2379 1607 verum
2421 1556 2598 1611 lumen
2620 1599 2634 1622 ,
2685 1572 2977 1626 verumque
3002 1559 3096 1613 Dei
3129 1562 3293 1627 patris
3326 1562 3578 1627 Verbum,

323 1659 418 1712 per
448 1645 593 1714 quod
624 1645 765 1699 facta
795 1652 920 1698 sunt
948 1644 1147 1707 omnia,
1169 1643 1346 1698 sciens
1364 1644 1729 1698 infirmitati-nt
1761 1653 1995 1698 nostram
2022 1646 2085 1698 ad
2110 1657 2322 1713 peccata
2347 1662 2567 1714 pronam
2585 1658 2744 1717 atque
2767 1652 3113 1719 prtecipitem,
3148 1654 3296 1721 plura
3320 1654 3457 1707 circa
3484 1670 3581 1707 nos

318 1739 554 1793 remedia
586 1751 702 1790 suae
726 1737 944 1807 pietatis
971 1736 1223 1790 ostendit.
1254 1734 1521 1789 Abraham
1563 1751 1792 1804 namque
1824 1744 1971 1803 pater
1999 1744 2199 1799 noster,
2254 1751 2373 1790 eum
2402 1736 2598 1790 divinis
2622 1737 2789 1807 jussis
2814 1740 3212 1807 obtemperans,
3238 1742 3400 1794 filium
3426 1758 3581 1795 suum

317 1834 533 1889 offerret
564 1834 618 1887 in
650 1833 939 1895 sacrificio,
969 1830 1165 1898 placuit
1188 1831 1317 1892 Deo,
1343 1838 1397 1884 et
1425 1830 1616 1884 merito
1640 1830 1761 1885 fidei
1788 1845 1909 1884 mox
1934 1837 1989 1884 et
2012 1829 2276 1885 haeredem
2307 1829 2503 1895 recepit
2526 1840 2581 1884 et
2610 1831 2885 1897 praemium
2925 1830 3078 1901 (Cen.
3111 1833 3262 1901 χιιι).
3292 1833 3389 1887 Cui
3421 1836 3583 1886 etiam

318 1936 407 1991 per
428 1923 780 1991 semetipsum
814 1921 952 1993 Deus
978 1923 1201 1989 jztravit,
1230 1921 1451 1975 dicens:
1482 1920 1593 1974 Nisi
1620 1920 1941 1975 benedicens
1970 1920 2292 1976 benedixero
2323 1932 2373 1976 te
2394 1963 2407 1985 ,
2457 1932 2510 1976 et
2542 1923 2895 1990 multiplicans
2933 1924 3297 1992 multiplicabo
3354 1934 3406 1979 te
3448 1927 3586 1979 sicut

319 2016 498 2067 stellas
527 2015 649 2068 cadi
675 2015 724 2066 in
748 2012 1158 2079 multitudinem,
1191 2019 1245 2064 et
1271 2011 1407 2064 sicut
1436 2026 1651 2064 arenam
1684 2026 1804 2079 qua:
1833 2021 1919 2065 est
1952 2011 2016 2064 ad
2040 2027 2185 2064 oram
2219 2013 2378 2065 maris
2408 2012 2831 2066 innumerabilis.
2892 2012 2959 2066 Et
3001 2014 3192 2067 iterum
3223 2031 3238 2067 :
3295 2013 3350 2067 In
3382 2016 3585 2069 semine

326 2116 420 2157 tuo
445 2106 827 2157 benedicentur
853 2117 1039 2157 omnes
1058 2114 1242 2171 gentes
1263 2111 1416 2155 terra:
1444 2100 1658 2172 (lbid.).
1724 2103 1797 2155 De
1839 2116 1942 2169 quo
1964 2103 2169 2157 semine
2198 2101 2477 2156 manifeste
2506 2118 2601 2155 nos
2632 2103 2821 2157 edocet
2849 2104 3156 2171 Apostolus,
3190 2105 3374 2159 dicens
3401 2121 3414 2157 :
3466 2106 3582 2159 Non

325 2197 459 2251 chit
500 2206 555 2248 cl
583 2195 890 2260 seminibus,
915 2196 1065 2263 quasi
1089 2194 1139 2248 in
1170 2194 1370 2257 multis,
1422 2193 1513 2247 sed
1542 2195 1691 2262 quasi
1743 2194 1793 2246 iii
1827 2207 1952 2255 uno,
1976 2201 2033 2247 et
2077 2195 2267 2247 semini
2321 2202 2430 2256 tuo,
2480 2194 2618 2260 quod
2646 2206 2728 2247 est
2770 2195 3013 2249 Christus
3045 2194 3189 2265 (Gal.
3224 2196 3325 2257 ut).
3382 2196 3586 2251 Omnes

326 2289 489 2343 ciam
531 2288 697 2340 sancti
732 2286 1024 2352 pr0plteta-,
1090 2293 1249 2338 tanta;
1276 2286 1463 2339 salutis
1516 2298 1765 2338 arcanum
1801 2286 2068 2339 revelante
2099 2284 2296 2353 Spiritu
2321 2298 2527 2349 sancto,
2576 2287 2967 2353 praevidentes,
3030 2289 3367 2358 scientesque
3415 2290 3582 2345 Deutu

319 2379 471 2433 nullo
499 2378 659 2430 modo
690 2366 849 2445 pesse
876 2376 1111 2440 mentiri,
1139 2376 1204 2429 ad
1242 2375 1511 2429 sanandos
1542 2377 1823 2445 lauguores
1854 2388 2065 2431 nostros
2106 2378 2379 2431 caelestem
2431 2379 2692 2433 medicum
2739 2380 3052 2436 nuntiabant
3102 2395 3221 2435 esse
3272 2390 3580 2445 venturum,

320 2480 478 2537 atque
504 2475 561 2518 ut
592 2464 758 2518 celeri
791 2466 1070 2532 praesentia
1094 2480 1185 2517 sua
1220 2465 1545 2533 proSpiceret
1577 2466 1809 2518 humano
1839 2467 2042 2533 generi,
2070 2468 2318 2520 continua
2362 2468 2750 2536 supplicatione
2792 2472 3099 2539 poscebant.
3143 2472 3213 2525 At
3260 2472 3573 2527 misericors

316 2559 474 2621 Deus,
507 2557 595 2625 qni
624 2558 705 2624 pia
734 2565 851 2608 vota
875 2570 1089 2623 semper
1111 2558 1403 2620 antevenit,
1440 2571 1537 2610 nec
1567 2571 1796 2625 unquam
1826 2557 2026 2610 deserit
2048 2571 2141 2611 eos
2174 2557 2261 2625 qui
2288 2571 2347 2611 se
2369 2566 2480 2612 toto
2508 2560 2667 2611 corde
2690 2560 3019 2628 quaesierint,
3046 2563 3427 2627 promissiones
3450 2576 3576 2615 suas

313 2650 625 2703 novissimis
655 2648 845 2702 diebus
871 2646 1131 2715 implevit,
1166 2646 1380 2699 mittens
1409 2645 1600 2699 Filium
1632 2660 1784 2699 suum
1813 2658 1992 2698 natum
2026 2661 2093 2699 ex
2116 2648 2375 2711 muliere,
2420 2648 2613 2701 factum
2641 2649 2740 2701 sub
2765 2648 2900 2716 lege,
2953 2648 3106 2717 113
3136 2649 3223 2716 qui
3254 2664 3350 2716 pro
3377 2650 3570 2704 simili-

314 2743 493 2797 tudine
525 2741 874 2795 mortalitatis
904 2748 1102 2795 nostra:
1131 2752 1296 2795 carne
1344 2747 1643 2808 pateretur,
1699 2753 1931 2808 eumque
1961 2741 2047 2807 qui
2102 2741 2331 2796 habebat
2374 2742 2559 2795 mortis
2606 2740 2889 2809 imperium
2943 2756 3035 2794 sua
3082 2751 3253 2796 morte
3279 2740 3583 2796 destrueret

316 2835 500 2901 (Hebr.
530 2837 612 2903 ιι).
641 2836 878 2902 Denique
908 2834 1182 2888 divinitate
1210 2850 1304 2888 sua
1336 2848 1557 2887 manens
1582 2831 1957 2902 impassibilis;
1980 2851 2009 2888 a
2032 2835 2375 2903 corruptione
2397 2842 2556 2903 atque
2582 2836 2800 2888 interitu
2835 2848 2932 2888 nos
2962 2834 3213 2897 redemit,
3261 2844 3315 2887 et
3336 2850 3363 2887 a
3394 2834 3583 2888 vincu-

321 2926 383 2977 lis
411 2926 647 2980 absolvit
676 2925 1047 2979 insolubilibus
1071 2924 1363 2979 inferorum
1392 2943 1406 2991 ;
1444 2926 1783 2996 perfectaque
1822 2926 2224 2996 dispensatione
2253 2937 2447 2980 nostra:
2478 2927 2886 2996 redemptionis,
2936 2926 3183 2979 omnibus
3211 2927 3458 2994 gentibus
3488 2941 3583 2994 per

310 3018 580 3071 lavacrum
617 3016 1039 3084 regenerationis
1069 3025 1408 3085 peccatorutn
1440 3017 1823 3087 indulgentiam
1853 3020 2097 3082 contulit,
2128 3027 2456 3087 cunctosque
2484 3018 2548 3071 ad
2582 3033 2760 3072 veram
2792 3020 2946 3073 fidem
3000 3034 3093 3087 per
3121 3022 3420 3073 doctrinam
3452 3034 3583 3087 apo-

312 3118 361 3162 st
384 3110 556 3162 dicam
581 3108 936 3170 conﬂuentes,
960 3107 1112 3175 juxta
1142 3107 1270 3163 illud
1297 3109 1436 3178 quod
1461 3110 1511 3162 in
1538 3108 1824 3178 Evangelia
1846 3112 1938 3173 ait,
1965 3110 2164 3164 Euntes
2195 3111 2384 3163 docete
2409 3124 2597 3163 omnes
2648 3120 2835 3179 gentes
2853 3152 2867 3175 ,
2923 3111 3255 3177 baptizantes
3280 3125 3373 3164 eos
3402 3112 3455 3165 in
3480 3124 3581 3165 no-

312 3202 455 3255 mine
483 3202 676 3263 Patris,
711 3209 765 3255 et
800 3199 939 3263 Filii,
966 3211 1018 3255 et
1045 3202 1275 3269 Spiritus
1298 3202 1465 3255 sancti
1499 3201 1714 3271 (Matth.
1748 3202 1961 3271 xxvttt),
1994 3202 2219 3269 gremiis
2244 3201 2464 3255 infinita:
2491 3201 2703 3270 pietatis
2725 3217 2833 3255 sua:
2864 3203 3141 3269 amplexus
3170 3210 3271 3256 est.

390 3296 552 3363 Igitur
594 3310 719 3349 cum
765 3309 860 3361 per
901 3295 1198 3348 universam
1243 3302 1437 3347 terram
1472 3294 1745 3363 Evangelii
1803 3296 2066 3363 prteconizt
2125 3296 2488 3363 coruscarenl,
2532 3304 2586 3348 et
2628 3294 2803 3362 plures
2853 3295 2904 3347 in
2949 3292 3285 3360 adeptionem
3339 3291 3571 3347 filiorum

310 3406 407 3459 per
460 3396 687 3459 gratiam
747 3392 947 3446 Christi
993 3401 1391 3454 concurrerent,
1446 3391 1694 3445 inimicus
1736 3390 1949 3444 humani
1998 3392 2209 3460 generis
2239 3391 2582 3446 vehementer
2607 3390 2834 3454 exarsit;
2861 3388 3131 3455 multoque
3157 3389 3424 3442 severiora
3458 3397 3579 3443 tenc

316 3484 570 3534 lenonum
607 3481 810 3548 praelia,
843 3496 1002 3549 quam
1056 3482 1202 3549 prius
1230 3480 1400 3533 servis
1433 3479 1524 3533 Dei
1570 3483 1911 3544 excitaverat,
1945 3483 2091 3535 nisus
2139 3490 2220 3535 est
2263 3496 2623 3544 commovere;
2657 3482 2957 3548 suspicatus
2986 3476 3173 3534 infelix
3229 3478 3367 3547 quod
3399 3488 3581 3546 posset
3634 3484 3637 3485 ⁷

312 3571 466 3625 nobis
520 3574 624 3625 iter
680 3571 1026 3641 indulgentia:
1079 3571 1316 3625 cmlestis
1354 3569 1656 3624 obstruere.
1690 3570 1793 3624 Sed
1846 3571 1946 3625 hac
1976 3556 2088 3639 ipsa
2123 3573 2417 3626 intentione
2458 3588 2553 3626 sua
2595 3561 2847 3640 deceptus
2876 3582 2956 3625 est
3004 3580 3059 3625 et
3085 3570 3269 3625 elisus.
3302 3570 3583 3639 Adjutorio

310 3680 537 3733 namque
584 3666 752 3719 divini
810 3664 1067 3729 muneris,
1100 3679 1129 3718 a
1162 3664 1404 3719 fidelibus
1450 3673 1505 3717 et
1548 3662 1886 3734 vigilantibus
1915 3665 2105 3718 virium
2137 3666 2252 3732 ejus
2307 3673 2645 3733 proteruntur
2676 3663 2899 3729 insidiae,
2933 3669 2990 3715 ut
3039 3660 3138 3728 ipsi
3190 3660 3403 3728 quidem
3453 3675 3584 3714 con-

311 3757 475 3825 fusio,
523 3756 737 3813 famulis
794 3768 968 3813 antem
1018 3758 1218 3813 Christi
1277 3757 1526 3826 perennis
1580 3757 1745 3825 gloria
1816 3765 2177 3825 comparetur.
2235 3757 2360 3809 Nam
2406 3755 2553 3825 juxta
2604 3755 2815 3808 Domini
2864 3754 3289 3821 permissionem,
3345 3766 3464 3807 cum
3518 3754 3584 3812 ad

309 3862 536 3904 examen
594 3852 863 3918 patientite
912 3865 975 3903 ac
1030 3849 1147 3903 fidei
1204 3863 1387 3902 eorum
1456 3847 1544 3915 qui
1599 3847 1894 3916 spiritualia
1920 3846 2056 3901 bella
2100 3844 2389 3914 prudenter
2425 3853 2701 3909 exercent,
2751 3843 2937 3913 pagani
2994 3842 3346 3911 imperatores
3384 3842 3586 3897 existe-

308 3951 459 4003 rent,
511 3950 563 3995 et
619 3942 811 4008 ubique
865 3948 1047 3994 contra
1114 3938 1448 3994 Christianos
1504 3938 1885 4005 persecutionis
1929 3936 2163 4005 procella
2200 3934 2507 3997 desaeviret;
2556 3931 2708 3986 tnttlti
2751 3931 2888 4001 apud
2961 3929 3251 4000 Egyptum
3320 3940 3586 4000 martyres

309 4030 484 4083 sancti
514 4045 611 4099 per
638 4030 784 4083 varia
833 4030 1089 4098 supplicia
1128 4042 1295 4096 usque
1348 4025 1416 4080 ad
1452 4037 1673 4079 mortem
1730 4025 1781 4078 in
1836 4026 2034 4080 Christi
2066 4023 2282 4078 nomine
2310 4022 2674 4091 perstiterunt,
2705 4028 2760 4076 et
2813 4021 2971 4075 simul
3000 4034 3121 4076 cum
3156 4020 3314 4075 l’etro
3340 4021 3573 4076 Alexan-

306 4122 476 4175 drinae
525 4121 753 4175 civitatis
784 4120 1058 4189 episc0po,
1092 4125 1377 4187 perpetuas
1421 4129 1648 4170 coronas
1674 4121 1728 4168 et
1770 4115 2092 4169 immortalia
2126 4113 2341 4184 praemia
2383 4120 2505 4166 sunt
2532 4110 2731 4180 adepti.

380 4211 670 4266 Crescebat
697 4223 874 4264 autem
906 4211 957 4264 in
982 4211 1097 4264 dies
1126 4211 1358 4265 fidelium
1401 4204 1703 4269 multitudo,
1738 4216 1792 4259 et
1824 4221 1918 4274 per
1943 4206 2120 4261 omnia
2148 4205 2263 4259 loca
2322 4202 2637 4258 mirabiliter
2692 4204 3018 4271 augebatur;
3050 4216 3147 4257 nec
3187 4217 3291 4256 non
3338 4205 3587 4260 ecclesiae

307 4316 470 4370 quam
547 4303 787 4368 plurimae
860 4310 914 4354 et
972 4314 1264 4371 martyrum
1321 4303 1596 4356 memoria
1652 4301 2098 4355 construebantur
2144 4297 2471 4367 impensius;
2528 4294 2850 4350 monaSIcria
2897 4310 3106 4363 quoque
3160 4297 3586 4365 frequentissima

305 4407 495 4445 eorum
544 4392 633 4460 qui
686 4390 1026 4445 continentiae
1094 4391 1401 4456 studentes,
1448 4394 1887 4446 renuntiaverunt
1939 4391 2176 4453 saeculo,
2244 4387 2547 4443 solitudinis
2610 4389 2777 4456 ipsius
2849 4396 3055 4441 secreta
3120 4387 3467 4443 decorabant.
3522 4392 3585 4444 lli

317 4497 549 4553 namque
585 4485 676 4549 qui
723 4483 791 4538 de
836 4482 1080 4552 gentibus
1129 4484 1179 4537 in
1224 4482 1433 4537 Christo
1483 4483 1841 4546 crediderant,
1901 4482 2301 4537 considerantes
2330 4489 2621 4549 martyrum
2662 4480 2954 4546 passiones,
2986 4495 3277 4549 eorumque
3316 4481 3584 4538 sincerum

314 4577 455 4629 rirca
502 4577 766 4630 Christum
818 4576 1173 4631 confessionis
1220 4576 1490 4640 affectum,
1542 4584 1818 4644 cmperunt
1862 4584 1917 4628 et
1946 4574 2047 4642 ipsi
2097 4588 2191 4641 per
2236 4571 2458 4640 gratiam
2506 4569 2711 4622 Domini
2747 4579 3052 4623 sanctorum
3080 4572 3239 4623 vitam
3288 4586 3581 4627 conversa-

318 4672 625 4737 tionemque
670 4670 885 4733 sectari,
936 4678 989 4721 et
1038 4668 1194 4736 hujus
1249 4668 1595 4722 institutionis
1648 4682 1789 4730 esse,
1845 4663 2088 4719 utetiam
2134 4663 2215 4716 his
2244 4661 2373 4716 illud
2401 4670 2675 4730 aptaretnr
2697 4661 2933 4728 Apostoli
2962 4676 2975 4711 :
3009 4660 3340 4713 Circuierunt
3383 4660 3435 4712 in
3466 4674 3583 4713 tne-

307 4758 456 4821 lntis.
506 4759 560 4812 in
601 4758 831 4827 pellibus
858 4758 1106 4823 caprinis,
1141 4766 1383 4828 egentes,
1428 4757 1733 4825 augustiati,
1763 4754 1966 4819 afflicti,
2017 4754 2208 4820 quibus
2258 4768 2366 4806 non
2414 4762 2531 4806 erat
2579 4752 2773 4819 dignus
2827 4750 3074 4818 tnundus,
3108 4750 3159 4803 in
3200 4752 3580 4805 solitudinibus

301 4861 550 4900 errantes
579 4859 633 4900 et
682 4847 970 4909 montibus,
1006 4847 1056 4899 in
1089 4849 1362 4915 speluncis
1404 4857 1459 4902 et
1501 4847 1747 4902 cavernis
1781 4856 1938 4900 terrae
1990 4846 2178 4916 (Hebr.
2212 4847 2309 4913 xl).
2359 4845 2601 4911 Quietem
2659 4843 2884 4911 denique
2911 4842 3211 4896 solitudinis
3240 4852 3577 4910 appetentes,

299 4936 496 5003 gaudia
528 4936 752 5004 propria:
792 4938 979 4991 salutis
1008 4952 1071 4990 ac
1102 4937 1220 4990 fidei
1272 4938 1453 4991 divino
1501 4953 1720 4991 munere
1750 4948 1876 4995 sunt
1921 4938 2216 5001 consecuti,
2249 4940 2564 5005 exterisque
2591 4950 2714 4989 mox
2761 4934 3006 5001 exempla
3065 4932 3393 4988 sublitnioris
3444 4936 3569 4991 vitai

296 5027 722 5093 sacratiorisque
751 5029 1112 5094 praebuerunt.
1143 5028 1405 5081 Omnibus
1434 5029 1575 5081 enim
1626 5030 1853 5084 terrenis
1897 5030 2041 5085 exuti
2092 5029 2341 5097 negotiis,
2386 5027 2561 5082 adhuc
2588 5034 2857 5080 morantes
2882 5024 2933 5077 in
2982 5038 3229 5093 corpore,
3268 5031 3579 5096 angelorum

296 5117 545 5171 aemulati
572 5130 693 5171 sunt
722 5120 1055 5173 sanctitatem
1091 5137 1104 5171 :
1144 5135 1236 5186 per
1257 5136 1411 5188 quam
1452 5119 1657 5187 fastigia
1694 5122 2020 5175 scandentes
2053 5123 2197 5175 celsa
2242 5122 2517 5186 virtutum,
2552 5118 2688 5173 ultra
2712 5117 3118 5173 admirationem
3146 5119 3391 5176 enituere
3435 5138 3582 5177 mor-

294 5208 516 5270 talium,
550 5206 626 5261 ita
657 5219 715 5261 ut
747 5208 798 5260 in
850 5209 997 5262 nullo
1050 5222 1268 5275 prorsus
1308 5209 1691 5277 antiquissimis
1743 5210 1985 5266 Patribus
2034 5210 2313 5265 inferiores
2342 5208 2637 5263 existerent
2669 5224 2685 5263 :
2737 5206 3127 5275 arquiparantes
3157 5210 3319 5263 etiam
3366 5210 3581 5267 illorum

292 5298 490 5350 merita
527 5295 619 5365 qui
647 5310 743 5363 pro
770 5300 985 5350 nomine
1009 5295 1205 5350 Christi
1235 5298 1361 5352 Jesu
1393 5298 1604 5353 Domini
1648 5300 1816 5354 nostri
1860 5310 2199 5355 certaverunt
2248 5312 2415 5365 usque
2463 5298 2527 5351 ad
2560 5297 2893 5367 sanguinem,
2944 5298 3289 5356 invisibiliutn
3348 5302 3583 5361 hostium

298 5384 590 5438 molimina
614 5387 920 5449 destruens,
958 5386 1025 5438 de
1054 5383 1245 5453 quibus
1276 5387 1352 5439 ait
1379 5388 1670 5455 Apostolus
1705 5404 1719 5442 :
1753 5390 1867 5443 Non
1898 5400 1982 5445 est
2002 5392 2157 5444 nobis
2178 5388 2483 5443 colluctatio
2504 5387 2760 5444 adversus
2780 5404 2997 5444 carnem
3027 5400 3080 5446 et
3109 5394 3444 5463 sanguinem,
3484 5398 3579 5451 sed

287 5480 563 5533 adversus
588 5478 914 5545 principatus
944 5488 999 5532 et
1022 5486 1333 5546 potestates,
1366 5489 1551 5534 contra
1585 5483 1763 5535 mundi
1796 5494 2032 5537 rectores
2074 5484 2414 5537 tenebrarum
2465 5485 2676 5547 harum,
2705 5494 2893 5539 contra
2921 5486 3183 5554 spiritalia
3216 5490 3471 5557 nequitia:
3521 5491 3576 5546 in

286 5569 620 5625 caelestibus
655 5567 874 5640 (Ephes.
907 5570 1003 5637 VI).
1032 5571 1268 5636 Quorum
1299 5570 1651 5628 multiformes
1682 5586 2039 5642 praecaventes
2080 5575 2346 5638 incursus,
2379 5584 2433 5629 et
2460 5584 2621 5644 caput
2661 5579 2925 5647 serpentis
2966 5579 3171 5649 antiqui
3202 5579 3408 5634 fortiter
3444 5592 3577 5631 con-

232 5678 255 5721 ·,
286 5671 563 5726 terentes,
598 5660 937 5728 sempiternis
967 5661 1206 5730 praemiis
1232 5672 1357 5717 sunt
1386 5664 1563 5732 potiti,
1592 5666 1659 5720 de
1700 5666 1893 5733 quibus
1933 5667 2187 5732 scriptum
2216 5677 2296 5721 est
2325 5684 2338 5721 :
2367 5666 2520 5732 Quod
2552 5668 2737 5723 oculus
2781 5684 2885 5724 non
2920 5670 3070 5734 vidit,
3101 5683 3198 5735 nec
3228 5668 3371 5723 auris
3420 5663 3577 5717 audi-

286 5755 390 5815 Vit.
420 5768 523 5808 nec
551 5751 604 5806 in
636 5765 729 5808 cor
756 5751 988 5809 hominis
1018 5754 1260 5810 ascendit
1296 5769 1416 5824 qua:
1444 5758 1768 5825 praeparavit
1804 5757 1941 5812 Deus
1977 5758 2321 5827 diligentibus
2345 5773 2404 5816 se
2428 5759 2561 5827 (Ita.
2593 5776 2747 5827 thv;
2779 5763 2802 5815 1
2839 5760 2959 5816 Cor.
2993 5765 3075 5833 tt).
