4016 6250
548 740 673 795 CAP,
715 752 934 791 panum.
967 767 1035 777 —
1069 736 1194 789 Erat
1222 751 1314 801 per
1341 736 1389 789 id
1425 746 1633 805 tempus
1665 736 1803 791 beati
1836 735 2053 789 Antonii
2083 737 2137 795 Α
2164 753 2421 805 responsa
2459 758 2563 796 non
2617 744 2939 800 redderent:
2977 747 3297 817 tandemque
3343 747 3618 803 immundo
3647 752 3752 819 spi-

481 831 597 883 Vita
624 830 827 883 cunctis
859 827 923 879 ad
979 827 1292 880 imitandum
1342 827 1593 894 przeclare
1635 829 1924 896 proposita,
1975 827 2065 896 qui

478 923 650 990 magni
699 921 828 974 Elite
874 930 1030 987 atque
1061 919 1260 979 Eliszei,
1298 935 1502 973 necnon
1555 929 1607 974 et
1637 921 1803 974 sancti
1849 919 2066 974 Joannis

480 1010 731 1077 Baptistae
758 1009 1034 1061 :emulator
1077 1012 1331 1072 existens,
1374 1016 1576 1063 secreta
1602 1008 1872 1062 interioris
1899 1009 2067 1064 eremi

476 1101 655 1154 studio
702 1108 934 1153 sectatus
990 1109 1071 1151 est
1115 1099 1392 1165 singulari,
1443 1100 1712 1170 vitamque
1768 1100 2064 1156 caelestium

477 1194 530 1248 in
562 1193 714 1248 terris
750 1193 911 1258 gessit
947 1205 1128 1243 amore
1162 1192 1393 1243 virtutis.
1429 1191 1526 1245 Cui
1564 1203 1781 1246 sanctus
1830 1192 2067 1246 Athana-

475 1287 608 1347 sius,
643 1283 1019 1336 Alexandrina:
1048 1282 1283 1335 civitatis
1309 1283 1554 1348 antistes,
1587 1283 1798 1350 proprio
1821 1286 1960 1352 sty‘o
1989 1291 2068 1338 te-

475 1375 778 1429 stimonium
809 1374 1032 1442 praebuit
1063 1392 1075 1427 :
1109 1374 1302 1441 dignus
1325 1389 1452 1427 sane
1472 1374 1673 1429 relator
1693 1375 2063 1430 conversatio-

477 1473 558 1520 nis
588 1467 826 1529 Antonii,
856 1467 941 1535 qui
969 1466 1121 1533 juxta
1147 1466 1588 1533 supplicationem
1621 1466 1866 1529 fratrum,
1899 1467 2064 1518 vitam

476 1557 592 1625 t'jllS
660 1571 754 1623 pro
794 1556 1083 1609 multorum
1154 1555 1534 1610 commoditate
1586 1555 1961 1624 perscriberet,
2014 1564 2069 1610 et

476 1645 835 1698 annulatidum
869 1659 988 1698 eum
1022 1645 1148 1697 viris
1189 1643 1515 1709 Spiritalibus
1543 1643 1842 1698 exhiberet.
1878 1643 1931 1695 In
1962 1659 2067 1712 quo

477 1750 638 1799 opere
666 1735 832 1788 sancti
865 1751 1072 1803 quoque
1125 1734 1295 1786 Patris
1341 1737 1567 1787 Ammon
1599 1732 1680 1803 (4)
1725 1731 1987 1799 meminit,
2035 1747 2065 1784 a

477 1841 583 1889 quo
612 1840 702 1891 per
729 1825 820 1878 Dei
865 1827 1089 1891 gratiam
1122 1827 1350 1891 primum
1377 1825 1520 1892 jacta
1572 1831 1696 1876 sunt
1726 1822 2064 1877 fundamenta

478 1915 908 1966 conversationis
960 1929 1146 1967 eorum
1181 1913 1401 1967 fratrum
1451 1912 1542 1982 qui
1593 1927 1734 1966 nunc
1787 1913 1839 1966 in
1886 1923 2066 1966 monte

477 2005 658 2058 Nitriae
709 1992 1130 2069 commorantur,
1180 2018 1386 2056 necnon
1438 2011 1492 2056 et
1520 2001 1886 2067 Theodorum,
1942 2017 2066 2055 san-

475 2105 617 2147 ctum
654 2093 940 2148 admodum
971 2095 1162 2156 virum,
1192 2095 1280 2160 qui
1311 2107 1430 2145 cum
1461 2105 1591 2146 sene
1616 2089 1837 2160 praefato
1867 2090 2061 2157 fuerat,
2097 2104 2142 2162 Β

475 2185 615 2241 idem
659 2186 812 2238 nobis
859 2183 1091 2251 pontifex
1148 2183 1431 2247 indicavit;
1477 2197 1636 2249 quem
1684 2182 1941 2251 singulari
2002 2196 2064 2237 ac

475 2278 710 2345 perfecto
730 2275 1000 2343 proposito
1020 2285 1073 2328 et
1096 2273 1199 2327 fide
1223 2289 1326 2326 non
1353 2275 1470 2327 licta
1495 2273 1603 2327 Deo
1624 2273 1896 2326 subditum
1921 2273 2061 2326 mul-

475 2367 672 2432 tiplicia
707 2365 886 2420 retulit
924 2365 1123 2418 diaboli
1153 2363 1581 2418 machinamenta
1621 2378 1926 2431 superasse.
1961 2364 2064 2435 lgi-

477 2467 564 2510 tur
587 2457 781 2525 ubique
819 2457 994 2510 divina
1046 2456 1216 2524 gratia
1247 2457 1465 2528 copiose
1485 2454 1698 2519 diffusa,
1749 2456 1881 2510 illud
1923 2456 2065 2526 quod

477 2547 529 2599 in
562 2545 790 2600 Psalmis
835 2547 1088 2614 scriptum
1139 2547 1367 2613 canitur,
1416 2545 1707 2600 declaravit
1753 2547 2063 2615 expletum:

479 2635 712 2690 Visitasti
741 2648 961 2702 terram,
1003 2644 1060 2690 et
1096 2636 1371 2690 inebriasti
1398 2651 1538 2703 eam,
1591 2637 1952 2703 multiplicasti
1983 2637 2064 2691 lo-

475 2725 748 2794 cupletare
787 2742 904 2779 eam
933 2724 1107 2793 (Psal.
1141 2727 1308 2795 LXIV).
1343 2726 1472 2779 Nam
1521 2742 1617 2795 pro
1646 2727 1861 2782 tristitia
1901 2737 1955 2783 et
1974 2744 2067 2798 ge-

477 2819 631 2883 mitu,
690 2818 938 2886 gaudium
999 2818 1240 2886 provenit
1289 2825 1344 2870 et
1402 2818 1624 2883 laetitia;
1665 2829 1720 2872 et
1772 2834 1869 2887 pro
1913 2819 2064 2872 solli-

476 2909 712 2963 citudine
755 2915 913 2978 atque
962 2909 1202 2976 miseria,
1256 2908 1480 2964 felicitas
1524 2912 1888 2982 securitasque
1940 2927 2063 2966 suc-

475 2998 650 3051 cessit.

551 3088 685 3142 Hinc
725 3088 904 3157 itaque
949 3088 1132 3142 Patres
1163 3089 1570 3155 monachorum,
1616 3091 1714 3144 viri
1765 3091 2057 3155 mirabiles,

479 3181 531 3233 in
572 3180 836 3233 universis
882 3182 1259 3249 propemodum
1307 3183 1613 3250 regionibus
1650 3183 1814 3253 114·
1838 3186 2060 3238 exstite-

476 3279 618 3336 runt,
650 3287 873 3339 quorum
916 3272 1130 3324 nomina
1163 3272 1214 3324 in
1262 3272 1402 3325 libro
1424 3274 1716 3328 viventium
1768 3276 2057 3342 probantur

475 3362 726 3430 ascripta.
759 3362 1074 3417 Paucissimi
1104 3379 1234 3417 sane
1265 3374 1392 3418 tunc
1437 3365 1610 3420 adhuc
1644 3382 1739 3436 per
1768 3368 2057 3438 Aﬁgyptum

2171 831 2274 884 ritu
2299 834 2587 900 revelantc,
2633 838 2881 904 cognovit
2913 840 3058 904 pueri
3109 838 3381 892 Pachumii
3413 853 3570 893 causa
3609 838 3751 894 inso-

2170 917 2260 972 lita
2289 923 2595 989 provenisse
2635 925 2867 992 silentia,
2904 937 3065 995 atque
3096 925 3145 980 in
3181 929 3294 982 hazc
3323 927 3479 982 verba
3515 931 3754 997 prorupit

2170 1013 2425 1067 attonitus
2455 1031 2468 1066 ι
2499 1014 2638 1080 Quid
2673 1016 2917 1070 inimicus
2947 1018 3167 1071 deorum
3214 1018 3317 1072 huc
3363 1019 3538 1073 venit?
3569 1022 3750 1088 procul

2171 1101 2295 1157 hinc
2345 1119 2465 1158 eum
2526 1106 2710 1174 procul
2765 1108 2962 1176 pellite,
3013 1119 3066 1162 et
3121 1110 3444 1178 quantocius
3491 1121 3752 1166 amovete.

2170 1189 2320 1255 Quod
2346 1207 2465 1247 cum
2490 1202 2737 1262 parentes
2768 1195 2886 1262 ejus
2922 1197 3215 1262 audissent,
3249 1212 3477 1266 eumque
3504 1212 3604 1253 suo
3632 1215 3758 1252 con-

2169 1285 2726 1354 spexissentseparari
2762 1289 3053 1354 consortio,
3096 1305 3328 1344 muarore
3350 1305 3541 1360 magno
3573 1293 3756 1358 repleti

2170 1382 2292 1425 sunt
2326 1389 2340 1426 :
2371 1389 2435 1427 eo
2463 1375 2755 1444 praecipue,
2787 1379 2925 1444 quod
2958 1380 3208 1433 inimicus
3233 1380 3455 1434 deorum
3487 1383 3578 1434 tali
3626 1381 3755 1436 fuis-

2170 1475 2246 1514 set
2277 1466 2671 1520 contestatione
2715 1468 3034 1521 declaratus.
3091 1472 3448 1538 Ambigebant
3493 1486 3622 1541 ergo
3672 1487 3760 1539 pa-

2173 1565 2349 1610 rentes
2377 1556 2512 1624 ejus,
2542 1558 2666 1627 quid
2693 1558 2758 1613 de
2787 1574 2853 1614 eo
2875 1561 3048 1625 fieret,
3071 1562 3191 1627 quia
3220 1570 3276 1616 et
3302 1571 3453 1618 antea
3481 1578 3600 1616 cum
3634 1579 3759 1631 pan-

2171 1646 2331 1698 lulum
2359 1647 2698 1716 degustasset
2723 1652 2788 1704 tle
2819 1651 2941 1704 vitm
2977 1653 2990 1706 l
3017 1653 3246 1706 hationis
3270 1653 3597 1713 dtctnonum.
3644 1670 3715 1720 pri
3736 1681 3761 1695 -

2172 1736 2312 1787 tinus
2341 1747 2650 1793 evomuerat
2677 1737 2824 1793 illud.
2862 1742 2981 1794 Ilrec
3022 1743 3198 1810 itaque
3244 1759 3364 1797 cum
3407 1759 3467 1797 se
3510 1745 3760 1798 viderent

2171 1843 2274 1881 non
2306 1843 2463 1896 posse
2491 1831 2818 1899 discernere,
2869 1835 3209 1902 quieverunt.
3270 1836 3538 1891 Instabam
3582 1853 3761 1893 autem

2173 1925 2230 1970 ut
2275 1917 2614 1989 Egyptiacis
2666 1922 2999 1978 imbueretur
3054 1925 3265 1990 litteris,
3317 1936 3372 1980 et
3417 1927 3761 1996 antiquorum

2169 2009 2361 2064 studiis
2409 2011 2804 2069 informarctur.

2239 2099 2370 2153 CAP.
2426 2099 2514 2156 IV.
2563 2131 2636 2141 —
2679 2102 2879 2158 Eodem
2942 2115 3183 2174 tempore
3227 2104 3584 2162 Constantino
3643 2119 3763 2178 post
3811 2092 3816 2097 ’

2170 2191 2590 2258 persecutionem
2638 2192 2689 2246 in
2720 2193 2942 2262 imperio
2976 2195 3298 2263 perdurante
3328 2196 3439 2268 (5),
3469 2207 3526 2252 et
3573 2211 3763 2252 contra

2169 2289 2449 2350 tyrannum
2498 2282 2824 2338 Maxentium
2860 2284 2936 2355 (6)
2985 2297 3208 2356 gerente
3255 2289 3520 2357 prailium,
3554 2304 3764 2359 prazce-

2167 2381 2253 2437 pta
2301 2373 2497 2443 regalia
2556 2384 2909 2429 cucurrerunt
2965 2376 3067 2447 (7),
3121 2387 3181 2431 ut
3248 2379 3520 2434 lectissimi
3566 2384 3764 2450 quiquo

2164 2460 2420 2529 iuvenum
2449 2462 2515 2515 ad
2551 2464 2776 2518 tirocinii
2807 2465 3046 2519 militiam
3078 2466 3272 2536 ubique
3296 2476 3607 2522 tenerentur
3631 2469 3713 2539 (8)
3743 2487 3754 2521 :

2169 2555 2310 2608 inter
2331 2570 2464 2624 quos
2489 2563 2543 2608 et
2564 2555 2884 2610 Pachomins
2912 2573 3080 2611 annos
3105 2569 3262 2613 natus
3297 2561 3480 2629 viginti
3509 2562 3766 2616 detentus

2166 2654 2268 2712 est,
2292 2656 2347 2699 ut
2378 2647 2492 2714 ipse
2526 2655 2709 2714 postea
2739 2648 2943 2701 retulit.
2975 2648 3215 2717 Cumque
3247 2652 3364 2704 navi
3412 2652 3601 2706 fuisset
3628 2655 3767 2707 inter

2168 2736 2302 2791 alios
2344 2737 2409 2790 ad
2460 2738 2736 2807 peregrina
2779 2749 3133 2807 transvectus,
3169 2742 3233 2796 ad
3265 2744 3535 2797 civitatem
3577 2762 3768 2814 quam-

2167 2827 2287 2881 dam
2311 2829 2388 2898 (9)
2419 2842 2638 2898 vespera
2666 2841 2891 2900 urgente
2918 2833 3080 2886 delati
3112 2843 3256 2898 sunt.
3301 2835 3459 2890 Clves
3485 2852 3616 2904 ergo
3662 2839 3771 2892 loci

2165 2918 2326 2984 illius,
2355 2919 2594 2976 videntes
2616 2922 2817 2977 tirones
2846 2925 3044 2979 arctius
3085 2927 3341 2981 custodiri
3370 2927 3509 2999 (tu),
3541 2940 3595 2983 et
3635 2930 3770 2998 quid

2164 3010 2269 3065 illis
2307 3013 2593 3068 accidisset
2632 3014 2833 3081 edocti,
2892 3017 3086 3086 pietate
3139 3020 3267 3073 moti
3304 3029 3448 3085 sunt,
3495 3030 3570 3088 et,
3613 3024 3771 3092 juxta

2166 3102 2473 3156 mandatum
2504 3104 2726 3171 Christi,
2769 3107 2958 3160 solatia
3010 3110 3062 3162 in
3094 3111 3330 3164 maximo
3360 3128 3590 3168 maerore
3623 3119 3772 3184 pusi~

2167 3192 2256 3259 tis,
2298 3201 2353 3246 et
2381 3196 2681 3249 necessaria
2732 3200 2972 3267 corporis
3015 3201 3330 3258 attulerunt.
3363 3205 3511 3260 Tunc
3555 3206 3772 3262 Pacho-

2165 3287 2304 3339 mius
2331 3286 2759 3344 animadvertens
2779 3290 2918 3358 quod
2951 3292 3016 3344 ab
3056 3293 3133 3346 eis
3160 3296 3350 3349 factum
3380 3307 3483 3360 est,
3517 3307 3570 3352 et
3599 3300 3776 3353 nimis

2165 3376 2457 3443 admirans,
2488 3378 2556 3433 ab
2589 3378 2671 3432 his
2701 3380 2788 3448 qui
2818 3381 2974 3435 simul
3017 3383 3238 3438 aderant
3279 3385 3498 3455 inquirit
3525 3390 3614 3458 qui
3649 3391 3774 3445 sint

474 3462 528 3506 et
556 3452 881 3506 Thebaidam
913 3453 1158 3506 monachi
1199 3468 1320 3507 esse
1359 3453 1685 3508 ferebantur-
1719 3457 1843 3510 Post
1871 3473 2053 3548 pel'ss-
2089 3465 2135 3527 C
2169 3468 2269 3523 viri
2321 3469 2431 3537 isti,
2460 3471 2536 3526 sic
2578 3486 2701 3542 erga
2744 3473 3162 3529 misericordiam
3207 3452 3366 3548 atque
3407 3452 3773 3538 humilitatem

474 3545 743 3599 cntionem
768 3561 996 3614 namque
1017 3547 1329 3600 Diocletiani
1358 3557 1412 3602 et
1439 3547 1740 3602 Maximiani
1765 3543 2062 3607 crudelium

477 3635 798 3706 principum,
856 3638 1139 3691 multitudo
1184 3638 1419 3705 gentium
1472 3640 1691 3694 intravit
1734 3640 1912 3711 (Rom.
1959 3647 2061 3712 χι),

473 3730 614 3782 sicut
652 3729 908 3782 divinitus
944 3732 1356 3798 prmordinatum
1390 3739 1494 3798 est,
1538 3739 1594 3784 ct
1627 3731 1927 3787 fecunditas
1959 3734 2064 3788 Ec-

473 3821 654 3874 clesia:
700 3821 904 3874 fructus
935 3822 1296 3888 amplissimos
1339 3824 1506 3891 cmpit
1551 3822 1836 3889 exhibere,
1866 3825 2062 3879 sanctis

471 3910 740 3979 episcopis
775 3911 924 3978 juxta
954 3911 1253 3963 doctrinam
1288 3920 1411 3964 tunc
1457 3913 1829 3981 apostolicam,
1875 3915 1975 3968 iter
2001 3915 2062 3968 fi-

472 3999 561 4056 dei
587 4002 797 4074 sincera
827 4017 1036 4070 quoque
1065 4002 1474 4058 conversatione
1510 4007 1949 4060 monstrantibus.

542 4090 673 4145 CAP.
705 4093 766 4146 ll.
791 4121 861 4129 —-
892 4094 994 4145 Per
1039 4092 1176 4147 idem
1221 4103 1428 4160 tempus
1474 4095 1794 4150 Pachomius
1823 4100 2058 4166 quidam,

471 4183 767 4237 secundum
799 4181 953 4235 ritum
995 4198 1057 4238 ac
1103 4184 1438 4241 traditionem
1487 4201 1762 4258 parentum
1815 4193 2058 4261 gentilis,

471 4274 614 4342 apud
644 4273 974 4328 Thebaidam
1019 4291 1388 4344 commanens,
1432 4279 1611 4336 divina
1649 4283 1817 4350 gratia
1860 4284 2056 4353 guber-

471 4373 654 4429 nante,
685 4360 1020 4420 ChriStianus
1061 4364 1284 4421 effectus
1329 4377 1432 4422 est.
1462 4369 1559 4425 Hic
1603 4371 1674 4425 ab
1701 4373 2056 4428 adolescentia

471 4470 566 4509 sua
608 4455 928 4525 praecipuam
959 4455 1282 4528 frugalitatis
1327 4459 1522 4516 dicitur
1564 4465 1854 4534 arripuisse
1895 4466 2058 4521 virtu-

472 4557 600 4604 tem.
631 4547 831 4602 Idcirco
854 4557 1032 4605 autem
1072 4566 1172 4620 pro
1225 4551 1396 4622 gloria
1440 4553 1661 4622 Christi,
1713 4558 1802 4626 qui
1848 4575 1948 4614 nos
1984 4563 2051 4618 de

472 4641 709 4695 tenebris
739 4642 951 4695 vocavit
989 4642 1054 4695 ad
1101 4643 1300 4708 lucem,
1349 4654 1406 4700 et
1458 4661 1552 4714 pro
1600 4649 1828 4705 utilitate
1865 4667 2048 4708 eorum

473 4733 563 4796 qui
599 4730 700 4782 iSIa
733 4727 936 4783 lecturi
985 4739 1132 4796 sunt,
1177 4731 1400 4787 strictim
1431 4740 1891 4795 conversationem
1939 4743 2056 4812 ejus

2171 3561 2402 3631 prompti
2447 3577 2513 3617 ac
2536 3562 2754 3629 faciles;
2792 3566 3097 3637 audivitque
3126 3566 3458 3626 Christianos
3487 3588 3632 3641 esse,
3674 3579 3774 3645 qui

2166 3653 2308 3706 circa
2341 3669 2550 3715 omnes,
2585 3665 2637 3709 et
2674 3657 2904 3712 maxime
2934 3661 3354 3728 peregrinantes,
3389 3663 3772 3732 impenderent

2168 3759 2332 3811 prona
2377 3746 2711 3803 liberalitatis
2739 3748 2936 3804 ofﬁcia.
2979 3751 3365 3808 Sciscitabatur
3411 3767 3592 3811 autctn
3633 3761 3772 3827 quid

2166 3835 2278 3904 ipsa
2309 3837 2409 3892 sibi
2443 3840 2565 3892 velit
2596 3840 2880 3909 appellatio
2919 3845 3151 3898 nominis
3180 3845 3500 3912 Christiani;
3536 3851 3677 3904 dictu
3693 3869 3772 3905 tn-

2165 3943 2269 3997 que
2314 3941 2394 3985 est
2441 3934 2488 3986 ei
2537 3941 2591 3987 et
2622 3934 2864 3990 homines
2890 3952 3011 3992 esse
3042 3940 3186 4007 pios,
3237 3951 3291 3996 et
3337 3957 3479 3997 verae
3523 3947 3772 4002 cultores

2171 4021 2454 4091 religionis,
2485 4025 2767 4082 credentes
2809 4029 2859 4082 in
2891 4033 3105 4087 nomine
3143 4033 3270 4088 Jesu
3299 4033 3497 4091 Christi
3528 4039 3624 4093 fllii
3666 4041 3769 4096 Dei

2164 4111 2450 4178 unigeniti,
2484 4116 2800 4186 cunctisque
2849 4134 2942 4184 pro
2991 4121 3193 4176 viribus
3243 4123 3674 4197 benefacientcs,
3714 4142 3770 4187 et

2163 4211 2444 4269 sperantes
2482 4217 2510 4256 a
2547 4203 2657 4258 Deo
2700 4208 3109 4264 retributionem
3141 4212 3398 4269 bonorum
3441 4231 3670 4285 operum
3709 4223 3763 4273 in

2161 4286 2334 4344 futura
2367 4293 2478 4346 vita
2512 4295 2805 4364 percipere.
2833 4296 2955 4350 llaec
2977 4300 3202 4355 audiens
3229 4301 3567 4369 Pachomius,
3592 4309 3769 4364 corde

2161 4392 2509 4450 compunctus
2537 4395 2654 4450 est;
2684 4397 2740 4440 et
2773 4386 3070 4443 illuSIratus
3113 4390 3294 4446 divino
3343 4393 3562 4459 lmnine,
3595 4397 3766 4453 Chri‘

2161 4471 2452 4525 stianorum
2503 4476 2722 4529 mi.atus
2770 4486 2851 4531 est
2881 4478 3072 4546 fidem;
3123 4491 3284 4548 atque
3337 4483 3501 4540 divini
3545 4488 3764 4544 timoris

2162 4560 2282 4628 igne
2310 4576 2618 4630 succensus,
2665 4566 2934 4634 paululum
2979 4570 3324 4638 praesentium
3372 4579 3762 4646 conspectibus

2159 4664 2280 4704 sese
2309 4652 2594 4718 subtraxit;
2650 4664 2705 4709 et
2735 4657 2801 4709 ad
2847 4659 3044 4714 caelum
3101 4679 3290 4719 manus
3340 4667 3581 4734 elevans,
3635 4672 3758 4727 ait:

2159 4741 2512 4809 Omnipotens
2543 4743 2706 4810 Deus,
2739 4747 2827 4813 qui
2875 4747 3046 4804 fecisti
3096 4754 3290 4808 coelum
3336 4766 3390 4810 et
3439 4767 3661 4825 terram,
3710 4765 3758 4816 si

469 4835 588 4886 qua:
624 4819 784 4872 fuerit
817 4833 868 4889 1a
918 4819 1158 4887 parvulo,
1209 4822 1406 4888 refero,
1453 4826 1574 4894 quia
1615 4842 1643 4880 a
1702 4839 1843 4884 tanta
1881 4831 2051 4901 perfe-
2081 4830 2133 4889 D
2159 4831 2449 4898 respiciens
2481 4836 2780 4901 respexeris
2806 4839 2870 4890 ad
2905 4854 3116 4906 precem
3145 4858 3340 4912 meam,
3377 4857 3432 4900 et
3467 4819 3758 4906 sancti'tui

466 4907 641 4960 ctione
666 4906 782 4974 ejus
808 4906 955 4960 initia
987 4923 1199 4978 quoque
1227 4912 1341 4978 ipsa
1373 4927 1477 4967 non
1504 4915 1831 4986 discrepant.

538 4996 667 5051 Car.
701 4997 787 5052 lll.
829 5028 902 5039 —
949 4999 1048 5054 Hic
1095 5003 1293 5056 etenim
1331 5020 1453 5060 cum
1497 5008 1672 5062 adhuc
1701 5025 1834 5078 puer
1882 5022 2047 5077 esset,

464 5104 585 5142 cum
617 5091 922 5158 parentibus
951 5095 1063 5147 suis
1092 5093 1156 5147 ad
1181 5094 1524 5152 simulacrum
1557 5101 1822 5168 quoddam
1849 5103 2050 5158 daemo-

467 5179 550 5232 nis
576 5194 739 5247 super
777 5181 946 5247 ripam
989 5183 1091 5239 Nili
1133 5185 1370 5242 fluminis
1409 5189 1749 5257 collocatum,
1800 5202 2047 5264 tanquam

464 5275 709 5328 victimas
731 5276 1006 5332 oblaturus
1034 5279 1269 5336 advenit.
1311 5281 1556 5351 Cumque
1584 5285 1837 5339 sacerdos
1877 5287 2049 5356 impu-

465 5363 708 5418 rissimus
748 5379 896 5421 sacra
948 5370 1204 5439 sacrilega
1244 5373 1404 5426 solito
1450 5373 1725 5430 celebrare
1772 5377 2044 5444 voluisset,

461 5456 744 5521 praesentia
773 5457 1048 5513 Pachomii
1069 5461 1326 5517 daemonis
1353 5478 1570 5532 prorsus
1595 5479 1864 5522 evanuere
1905 5483 2045 5537 prae-

462 5546 636 5614 stigia.
665 5546 798 5603 Tum
827 5550 916 5604 diu
945 5552 1278 5622 multumque
1318 5555 1460 5613 idem
1486 5557 1739 5612 sacerdos
1769 5560 2042 5628 hmsitans,

459 5637 514 5689 in
546 5639 760 5693 modum
798 5641 1090 5701 simulacri,
1121 5644 1262 5711 quod
1292 5645 1522 5710 colebat,
1554 5648 1750 5704 mansit
1794 5651 2041 5707 immobio

463 5726 561 5790 lis;
607 5729 949 5785 vehementer
995 5733 1266 5789 admit-aus
1309 5750 1405 5791 cur
1455 5738 1714 5794 solemnia
1768 5743 2040 5800 damnones

2159 4920 2387 4974 nominis
2418 4919 2548 4975 mihi
2578 4937 2758 4977 Veram
2807 4931 3098 4984 contuleris
3141 4932 3538 5005 perfeCtamque
3584 4954 3756 5008 regu-

2159 5010 2286 5075 lam,
2317 5018 2475 5079 atque
2505 5011 2571 5063 ah
2602 5013 2699 5067 hac
2746 5029 2833 5069 me
2874 5019 3135 5086 compede
3177 5025 3424 5080 maeroris
3453 5030 3751 5095 exemeris,

2157 5102 2374 5154 servitio
2405 5115 2494 5158 tuo
2534 5119 2619 5156 me
2651 5106 2854 5159 tradam
2886 5111 3094 5164 cunctis
3123 5113 3312 5169 diebus
3345 5117 3467 5171 Vitae
3508 5135 3662 5181 meze.
3693 5131 3755 5176 et

2156 5203 2335 5259 spreto
2364 5193 2559 5247 saeculo
2578 5193 2778 5265 jugiter
2807 5199 2900 5252 tibi
2930 5203 3241 5261 adhaerebo.
3270 5208 3402 5274 Quae
3443 5226 3564 5265 cum
3593 5228 3753 5266 oras-

2155 5293 2266 5349 set,
2308 5285 2372 5337 ad
2420 5300 2544 5340 suos
2573 5301 2818 5344 reversus
2855 5303 2939 5346 est
2981 5295 3240 5364 comites;
3272 5310 3325 5354 et
3368 5301 3456 5356 die
3501 5304 3749 5372 sequenti

2153 5374 2222 5429 de
2259 5376 2476 5431 civitate
2511 5377 2600 5432 illa
2650 5383 2870 5448 pro‘ecti
2904 5396 3048 5440 sunt.
3095 5387 3336 5460 Cumque
3374 5392 3584 5449 diversa
3626 5397 3744 5451 loca

2154 5473 2366 5541 navigio
2396 5472 2722 5542 circuirent,
2770 5478 2814 5531 si
2858 5483 3072 5546 quando
3121 5484 3463 5544 Parhomium
3498 5494 3747 5562 voluptas
3814 5472 3817 5473 ν

2156 5566 2397 5632 corporis
2425 5574 2481 5620 et
2509 5568 2774 5623 mundana
2809 5573 3077 5629 titillasset
3101 5577 3376 5649 illecebra,
3403 5584 3562 5636 nimis
3589 5600 3745 5638 aver-

2152 5657 2386 5723 sabatur,
2417 5659 2720 5726 sponsionis
2749 5677 2860 5716 sua;
2889 5679 3114 5752 meumr,
3146 5684 3249 5736 qua
3283 5687 3340 5724 se
3371 5675 3600 5728 Donino
3627 5673 3752 5727 ειη-³

2152 5750 2380 5806 vitnrunt
2429 5763 2547 5806 esse
2591 5750 2898 5809 devoverat.
2943 5750 3073 5812 Nam
3105 5758 3284 5815 divina
3337 5765 3505 5832 gratia
3549 5767 3732 5822 suifra-
