4016 6220
229 302 325 357 233

1014 301 1174 359 VITA
1216 304 1464 360 SANCTI
1503 305 1834 362 PACHOMII
1876 304 2170 359 ABBATIS
2209 305 2702 363 TABENNENSIS.

3398 310 3504 369 234

228 425 409 492 gante,
460 413 576 485 jam
636 414 708 471 ab
753 414 906 468 annis
953 416 1243 484 puerilibus
1291 426 1498 470 amator
1545 419 1827 472 cxsiterat
1853 424 1903 481 Α
1929 416 2099 469 cravit
2130 417 2178 482 (l
2197 416 2270 485 lx).
2300 417 2644 471 Morabantur
2663 433 2792 487 ergo
2822 417 3008 483 simul,
3040 421 3380 480 abstinentia:
3427 436 3511 481 at-

226 509 505 565 castitatis.

288 602 425 654 Cap.
458 598 526 652 ν.
558 628 631 638 -
662 597 827 666 Igitur
872 596 1253 651 Constantinus
1286 599 1581 667 imperator
1628 600 1823 665 pietate

227 712 283 750 ac
307 695 439 758 fide,
484 707 592 762 qua
619 688 839 747 Christo
865 690 1115 756 credidit,
1152 692 1435 745 victoriam
1468 693 1535 746 de
1582 692 1825 746 hostibus

227 791 580 846 consecutus,
632 780 835 833 tirones
875 778 1035 846 jussit
1082 778 1306 832 absolvi.
1355 780 1447 834 Sic
1499 779 1821 834 Pachomius

229 876 407 944 optata
434 872 539 926 sibi
564 872 813 925 libertate
848 884 1127 953 concessa,
1157 873 1404 939 protinus
1435 872 1501 925 ad
1532 872 1827 926 Thebaidis

235 968 481 1023 ulteriora
515 966 816 1037 regreditur
837 1005 850 1029 ,
880 973 935 1018 et
964 965 1235 1030 ingressus
1258 964 1565 1027 ecclesiam,
1597 978 1716 1030 quae
1742 972 1828 1015 est

236 1066 280 1114 in
324 1062 469 1124 vico,
520 1063 607 1116 cui
650 1076 947 1130 cognomen
998 1068 1081 1113 est
1125 1056 1539 1111 Chinnboscium
1576 1054 1717 1123 (ll).
1766 1055 1824 1106 llt

232 1152 365 1205 illico
390 1153 837 1212 catecliumenus,
872 1159 923 1204 et
959 1159 1078 1217 post
1123 1148 1393 1216 paululum
1425 1145 1647 1213 gratiam
1682 1143 1829 1195 lava-

231 1244 301 1296 cri
328 1243 517 1297 vitalis
557 1241 892 1311 adipiscitur.
936 1240 1004 1293 Et
1035 1239 1150 1307 ipsa
1192 1247 1367 1299 nocte,
1407 1250 1509 1303 qua
1553 1230 1830 1301 mysteriis

232 1334 395 1387 sacris
428 1333 665 1387 imbutus
692 1342 798 1396 est,
827 1331 959 1385 vidit
989 1332 1040 1383 in
1071 1329 1274 1382 somnis
1301 1326 1467 1381 veluti
1510 1339 1685 1378 rorem
1720 1332 1829 1376 cur

231 1425 348 1478 litus
374 1425 644 1491 allapsum
692 1438 843 1478 suam
892 1423 1129 1488 repLesse
1158 1420 1461 1479 dexteram,
1496 1426 1551 1471 et
1591 1417 1643 1469 in
1684 1416 1829 1471 mel-

232 1515 289 1568 lis
312 1515 431 1583 (12)
460 1513 706 1567 crevisse
737 1513 1147 1582 pinguedinem;
1177 1508 1378 1564 audivit
1404 1523 1613 1578 quoque
1636 1522 1826 1563 vocem

232 1605 493 1659 dicentem
534 1604 681 1657 sibi:
732 1602 1050 1665 Considera,
1081 1599 1362 1666 Pachomi,
1413 1597 1554 1668 quod
1601 1598 1827 1668 geritur.

233 1697 323 1751 Est
360 1696 508 1749 enim
546 1696 702 1765 115
732 1696 834 1748 hoc
859 1694 1069 1763 signum
1101 1690 1307 1762 gratim,
1334 1705 1452 1757 quae
1476 1688 1568 1742 tibi
1605 1703 1634 1741 a
1676 1687 1831 1741 Chri-

1925 522 2029 574 que
2056 507 2302 575 precibus
2321 524 2537 574 operam
2567 509 2779 564 dantes.
2829 510 3107 566 Terrebant
3150 531 3363 584 quoque
3390 520 3510 573 cili-

1925 601 2029 663 cia,
2059 608 2111 652 et
2140 598 2450 653 laborabant
2488 599 2734 653 manibus
2767 599 2899 664 suis,
2927 600 3083 670 juxta
3112 603 3327 660 beatum
3359 614 3504 676 Δρο-
3550 634 3551 637 η

1927 690 2145 753 stolum,
2174 704 2278 742 non
2306 698 2505 742 tantum
2530 705 2626 757 pro
2638 703 2732 744 sua
2756 692 3049 747 refectione
3065 695 3381 765 vel-requie,
3408 698 3506 753 sed

1928 788 1986 833 ut
2012 778 2271 832 haberent
2305 780 2445 832 unde
2496 780 2787 834 tribuerent
2839 782 3215 837 necessitatem
3262 786 3511 853 patienti-

1929 869 2031 922 bus
2060 868 2276 939 (Ephes.
2305 868 2403 940 tv).
2436 868 2491 923 In
2516 870 2709 938 vigiliis
2731 871 2892 924 etiam
2914 885 3034 925 cum
3066 882 3357 929 nocturnas
3382 889 3506 929 ora-

1932 960 2104 1013 tiones
2129 959 2483 1024 celebrarent,
2509 960 2552 1013 si
2584 960 2797 1027 quando
2839 966 3020 1015 senior
3044 963 3266 1019 vidisset
3316 981 3510 1022 somno

1934 1048 2273 1103 Pachomium
2300 1050 2489 1117 premi,
2519 1049 2755 1105 educens
2784 1066 2903 1105 eum
2947 1052 3111 1117 foras,
3137 1069 3356 1109 arenam
3387 1072 3512 1125 por-

1933 1150 2048 1195 tare
2078 1140 2424 1208 prmcipiebat
2452 1140 2520 1194 de
2551 1140 2667 1195 loco
2710 1141 2776 1194 ad
2803 1142 3028 1196 alterum
3077 1143 3283 1210 locum;
3309 1154 3365 1199 et
3418 1146 3510 1201 tali

1931 1233 2190 1287 exercitio
2212 1242 2448 1288 mentem
2479 1237 2598 1301 ejus
2632 1244 2905 1301 gravatam
2950 1236 3123 1289 somni
3171 1237 3405 1305 pondere
3428 1254 3515 1293 su-

1934 1322 2515 1389 blevabat,instituens
2561 1336 2624 1375 ac
2675 1321 2910 1378 formans
2948 1338 3094 1391 eum,
3142 1334 3198 1379 ut
3250 1326 3510 1385 sollicitus

1932 1422 2075 1466 esset
2103 1412 2154 1464 in
2192 1411 2460 1479 precibus,
2508 1412 2691 1465 dicens
2740 1413 2787 1466 ei
2823 1429 2837 1466 :
2870 1412 3097 1479 Labore,
3152 1415 3422 1484 Pachomi,
3455 1429 3514 1474 et

1931 1501 2106 1570 vigila,
2135 1516 2201 1556 ne
2225 1502 2438 1570 quando
2462 1500 2624 1573 (quod
2669 1502 2828 1569 absit)
2859 1502 2926 1556 ab
2954 1503 3054 1558 hoc
3105 1520 3244 1559 nunc
3300 1507 3513 1578 incepto

1932 1592 2208 1660 proposito
2230 1602 2537 1647 teamoveat
2559 1592 2603 1647 is
2626 1594 2714 1662 qui
2738 1601 2935 1661 tentat,
2962 1604 3018 1649 et
3039 1596 3211 1651 inanis
3234 1596 3325 1652 fiat
3360 1599 3510 1656 labor

1933 1692 2136 1738 noster.
2169 1683 2300 1751 Qua)
2330 1699 2522 1739 cuncta
2550 1684 2870 1740 Pachomius
2912 1687 3222 1743 obedienter
3248 1705 3313 1745 ac
3358 1692 3511 1747 solli-

231 1796 306 1840 sto
331 1786 527 1839 collata
559 1784 837 1855 est.,Hinc
864 1783 1043 1850 itaque
1084 1782 1264 1835 divino
1294 1780 1651 1834 inflammatus
1681 1777 1815 1831 affe-
1848 1784 1894 1844 Β
1930 1774 2033 1824 cite
2052 1773 2369 1840 suscipiens,
2395 1788 2457 1827 ac
2481 1774 2549 1828 de
2574 1773 2659 1828 die
2684 1774 2741 1828 in
2771 1775 2913 1830 diem
2936 1784 3137 1831 sanctae
3163 1778 3509 1836 continentia

232 1885 333 1943 ctu,
365 1884 422 1931 et
449 1892 513 1930 ex
551 1875 854 1931 dilectionis
878 1874 1058 1943 jacnlo
1109 1873 1310 1929 salubri
1342 1873 1561 1926 vulnere
1608 1872 1839 1947 sauciae
1924 1863 2248 1930 profectibus
2274 1877 2557 1927 crescenti.
2587 1864 2945 1920 venerabilem
2976 1878 3159 1921 senem
3205 1869 3365 1924 nimis
3391 1872 3507 1924 ala-

234 1979 333 2028 tus,
359 1977 530 2021 totum
554 1981 613 2020 se
639 1965 941 2033 disciplinis
968 1974 1127 2033 atque
1172 1964 1597 2017 institutionibus
1621 1960 1817 2015 divinis
1850 1997 1855 2005 .
1923 1969 2071 2008 crem
2103 1954 2395 2024 Ianumque
2425 1955 2700 2021 reddebat,
2731 1956 2799 2009 ita
2834 1965 2891 2011 ut
2917 1956 3133 2013 Christo
3161 1974 3375 2030 semper
3403 1977 3500 2030 pro

233 2058 559 2113 subiugavit.

301 2074 329 2111 Ι)
355 2075 385 2108 ιι
428 2074 559 2109 τινιι.

301 2074 439 2201 ἐλξ.
471 2147 556 2200 Ἣ.
576 2143 874 2198 —Audivit
905 2152 1084 2197 autem
1103 2141 1383 2209 quemdam
1413 2140 1814 2203 anachoretam,

232 2238 319 2291 cui
360 2252 556 2291 nomen
583 2246 691 2289 erat
717 2234 986 2288 Palmmon
1021 2232 1157 2303 (l5),
1219 2232 1353 2285 intra
1410 2230 1576 2284 eremi
1606 2238 1818 2284 secreta

242 2329 476 2382 Domino
518 2326 880 2391 servientem;
913 2324 981 2378 ad
1029 2339 1186 2392 quem
1241 2322 1547 2386 confestim,
1604 2336 1723 2375 cum
1750 2336 1817 2375 eo

230 2417 457 2482 cupiens
492 2415 759 2481 habitare,
792 2413 1049 2482 perrexit,
1082 2422 1136 2466 et
1187 2412 1405 2481 pulsans
1451 2412 1648 2466 ostium
1704 2411 1818 2465 cel-

233 2508 351 2559 lulae
375 2505 517 2574 ejus,
546 2504 868 2574 precabatur
888 2504 1210 2573 ingressum.
1243 2503 1341 2557 Cui
1384 2518 1548 2558 senex
1576 2502 1819 2572 aliquan-

231 2596 398 2649 tulum
431 2594 764 2663 patefaciens
786 2593 1010 2657 aditum,
1043 2592 1175 2647 dixit
1208 2611 1220 2646 :
1247 2593 1381 2661 Quid
1408 2594 1521 2646 vis?
1542 2602 1632 2647 aut
1657 2608 1815 2663 quem

232 2686 458 2756 quarris?
512 2686 645 2739 Erat
694 2682 837 2740 enim
879 2699 1068 2739 severo
1121 2693 1371 2751 aspectu,
1429 2694 1645 2752 propter
1674 2682 1819 2752 quod

233 2779 395 2831 multo
427 2786 678 2843 tempore
704 2774 974 2828 solitarius
1002 2776 1163 2828 vitam
1187 2774 1372 2842 rigidae
1393 2771 1819 2829 conversationis

231 2876 503 2936 exegerat.
535 2863 892 2933 Respondens
921 2874 1097 2917 autem
1132 2862 1471 2925 Pachomius,
1527 2862 1603 2917 ait
1633 2880 1644 2914 :
1682 2862 1819 2915 Deus

229 2976 309 3014 me
336 2957 488 3013 misit
514 2958 581 3012 ad
609 2968 682 3022 te,
708 2966 765 3011 ut
792 2956 1089 3010 monachus
1141 2956 1288 3011 fiam.
1319 2956 1415 3009 Cui
1453 2954 1672 3009 senior:
1704 2954 1818 3008 Non

232 3062 383 3120 potes
420 3051 530 3115 hic,
562 3050 757 3119 inquit,
789 3047 1083 3102 monachus
1114 3046 1262 3111 fieri;
1294 3062 1399 3101 non
1454 3046 1596 3100 enim
1656 3058 1818 3113 parva

1926 2047 2333 2101 conversatione
2362 2046 2481 2115 ejus
2499 2048 2699 2116 gratias
2728 2058 2930 2117 ageret.

1992 2123 2122 2190 Cir.
2160 2136 2289 2192 Vlll.
2313 2137 2503 2191 —Per
2531 2137 2668 2191 idem
2709 2147 2918 2207 tempus
2962 2141 3355 2198 sacratissimus
3384 2146 3502 2200 dies

1931 2227 2210 2282 Paschalis
2249 2231 2558 2295 advenerat,
2596 2237 2650 2283 et
2678 2230 2751 2283 ait
2791 2230 2857 2285 ad
2897 2230 3239 2289 Pachomium
3279 2238 3505 2291 senior:

1930 2318 2192 2383 Quoniam
2238 2329 2550 2373 cunctorum
2589 2318 3015 2375 Christianorum
3060 2323 3375 2379 universalis
3414 2334 3502 2379 est

1924 2407 2027 2462 ista
2074 2408 2355 2475 festivitas,
2390 2408 2540 2462 nobis
2563 2422 2778 2477 quoque
2825 2423 2954 2478 para
2990 2425 3110 2481 quae
3156 2415 3272 2467 usui
3320 2422 3505 2469 nostro

1928 2506 2056 2553 sunt
2083 2513 2339 2570 congrua.
2372 2500 2523 2554 Tunc
2565 2499 2656 2555 ille
2709 2509 2984 2569 promptus
3012 2503 3078 2555 ad
3131 2501 3508 2573 obtemperan-

1928 2588 2078 2655 dum,
2109 2589 2161 2643 id
2195 2589 2336 2659 quod
2363 2589 2463 2645 sibi
2503 2601 2827 2658 praceptum
2870 2598 2954 2645 est
2997 2592 3271 2661 implevit;
3313 2606 3504 2663 praeter

1931 2676 2146 2731 solitum
2176 2692 2409 2748 namque
2436 2694 2723 2748 parumper
2750 2680 3020 2748 accipiens
3060 2682 3186 2748 olei,
3218 2698 3339 2738 cum
3381 2686 3505 2740 sali-

1923 2766 2024 2821 bus
2046 2769 2185 2823 tritis
2210 2769 2517 2824 admiscuit.
2550 2770 2821 2840 Lapsanas
2843 2772 3008 2841 enim,
3045 2773 3096 2828 id
3142 2784 3247 2841 est,
3277 2778 3502 2846 agrestia

1926 2857 2237 2928 olera(l5),
2261 2870 2315 2914 et
2336 2859 2527 2916 herbas
2556 2861 2688 2915 alias
2743 2872 2938 2929 printer
2986 2863 3163 2919 oleum
3216 2880 3507 2923 consueve-

1930 2956 2048 3000 rant
2079 2948 2262 3003 edere.
2294 2949 2428 3004 Cum
2478 2966 2605 3019 ergo
2632 2961 3007 3021 prmparasset,
3050 2956 3126 3008 ait
3162 2956 3228 3009 ad
3275 2970 3459 3012 senem
3489 2974 3504 3011 :

1930 3036 2055 3092 Feci
2083 3039 2222 3106 quod
2276 3049 2363 3094 tua
2420 3042 2710 3109 paternitas
2755 3043 3055 3113 imperavit.
3092 3044 3335 3113 Cumque
3388 3057 3504 3117 post

229 3158 311 3196 res
336 3143 542 3212 agitur,
568 3140 616 3195 si
648 3139 760 3194 veri
788 3138 1038 3193 monachi
1067 3138 1403 3191 conversatio
1449 3144 1593 3188 casta
1625 3149 1814 3204 pense»
1847 3154 1893 3216 ε
1924 3133 2193 3185 orationes
2233 3132 2420 3187 beatus
2467 3132 2734 3188 Palaamon
2792 3136 3109 3191 accessisset
3136 3137 3202 3191 ad
3244 3153 3504 3205 mensam,

228 3243 311 3287 tur
333 3250 351 3299 ;
377 3248 506 3285 nam
540 3232 719 3301 plures
746 3229 849 3284 huc
870 3228 1068 3283 dudum
1105 3227 1401 3291 venientes,
1434 3224 1607 3280 aﬂ‘eCti
1637 3226 1817 3288 taedio,

232 3323 657 3391 perseverantiae
685 3336 790 3375 non
816 3328 1034 3375 tenuere
1061 3319 1331 3372 virtutem.
1365 3318 1431 3372 Et
1459 3316 1815 3371 Pachomius:

227 3414 340 3468 Non
372 3421 530 3477 sunt,
581 3412 777 3479 inquit,
832 3409 1066 3478 aequales
1115 3408 1352 3461 omnium
1384 3420 1582 3461 mores.
1614 3405 1819 3460 Idcirco

227 3520 430 3574 precor
462 3512 518 3556 ut
546 3518 633 3557 me
655 3500 893 3570 digneris
931 3498 1207 3568 excipere,
1234 3506 1289 3552 et
1333 3510 1589 3564 processu
1616 3504 1820 3564 tempo-

222 3598 294 3652 ris
322 3607 443 3649 tam
474 3595 803 3649 voluntatem
831 3606 1001 3646 meam
1046 3605 1205 3660 quam
1255 3589 1674 3659 possibilitatem
1706 3588 1817 3657 ple-

221 3687 337 3742 nius
369 3684 725 3757 approbabis.
759 3683 821 3736 Et
878 3681 1058 3735 senior
1093 3683 1167 3736 ait
1196 3700 1209 3734 :
1239 3680 1357 3735 Jam
1414 3680 1510 3733 tibi
1565 3677 1819 3749 praefatus

221 3793 332 3831 sum
360 3776 517 3846 quod
562 3775 652 3828 hic
713 3771 829 3828 ﬁeri
884 3772 1174 3826 monachus
1218 3770 1366 3824 nullo
1407 3769 1569 3826 modo
1622 3769 1815 3838 possis.

223 3868 393 3937 Perge
430 3864 607 3933 magis
635 3862 702 3917 ad
732 3862 872 3916 aliud
901 3861 1304 3926 monasterium,
1332 3870 1386 3915 et
1413 3875 1533 3913 cum
1561 3860 1819 3927 tantisper

219 3957 427 4012 ibidem
465 3955 813 4011 continentiae
843 3968 1061 4022 operam
1092 3952 1302 4007 dederis
1358 3961 1484 4007 tunc
1518 3951 1583 4005 ad
1612 3966 1700 4005 me
1731 3967 1819 4006 rc-

217 4049 478 4117 gredere,
499 4056 663 4115 teque
705 4045 823 4099 sine
872 4058 1020 4097 mora
1070 4043 1377 4112 suscipiam.
1436 4042 1814 4096 Verumtamen

219 4141 455 4193 adverte
481 4135 621 4206 quod
648 4136 793 4189 dico.
812 4131 923 4203 Ego
943 4133 1050 4197 hic,
1082 4131 1176 4198 fili,
1205 4132 1334 4185 satis
1363 4130 1638 4201 frugaliter
1666 4132 1814 4185 vivo.

217 4231 347 4285 Nam
384 4229 557 4284 nimis
576 4227 743 4281 ardua
772 4234 829 4279 et
852 4223 1137 4278 durissima
1162 4224 1566 4277 conversatione
1586 4236 1680 4276 me
1697 4235 1817 4275 cas-

218 4324 349 4389 tigo,
388 4319 599 4374 nullius
626 4317 706 4372 rei
734 4315 975 4370 ciborum
1003 4323 1179 4380 utens,
1202 4311 1302 4367 nisi
1351 4319 1554 4365 tantum
1588 4311 1737 4377 panis
1762 4318 1817 4365 et

219 4412 375 4463 salis.
401 4410 549 4464 Oleo
576 4417 757 4461 autem
786 4415 840 4460 et
868 4406 995 4461 vino
1023 4405 1076 4457 in
1109 4411 1523 4470 totumprorsus
1547 4399 1809 4455 abstineo.

1933 3223 2265 3290 vidissetquc
2288 3224 2394 3280 olei
2416 3236 2728 3295 apparatum
2754 3241 2875 3280 cum
2916 3228 3139 3289 salibus,
3168 3228 3365 3285 fricans
3395 3244 3505 3284 ma-

1923 3312 2077 3366 nilius
2119 3313 2372 3380 frontem,
2414 3325 2472 3370 et
2517 3316 2745 3371 ubertim
2801 3316 3029 3373 fundens
3073 3318 3357 3390 lacrymas,
3388 3320 3501 3376 ait:

1926 3403 2182 3457 Dominus
2213 3419 2363 3459 meus
2385 3405 2670 3460 crucifixus
2699 3417 2804 3474 est,
2834 3416 2888 3462 et
2913 3422 3013 3476 ego
3040 3424 3180 3464 nunc
3199 3411 3375 3465 oleum
3402 3425 3499 3465 co-

1923 3495 2171 3549 medam?
2193 3495 2429 3563 Cumque
2449 3505 2663 3565 rogaret
2681 3511 2803 3552 eum
2823 3497 3139 3552 Pachomius
3159 3501 3497 3555 utmodicum

1927 3587 2051 3654 quid
2079 3602 2142 3641 ex
2176 3602 2240 3641 eo
2270 3596 2525 3651 sumeret,
2557 3587 2859 3642 nullatenus
2893 3590 3176 3658 acquievit.
3227 3590 3379 3645 Tunc
3402 3606 3501 3658 pro

1931 3692 2080 3731 more
2110 3676 2220 3731 sale
2242 3686 2296 3730 et
2336 3691 2471 3744 pane
2499 3677 2662 3731 allato
2703 3677 2769 3730 ad
2818 3678 3245 3733 manducandum
3296 3680 3501 3748 pariter

1922 3770 2299 3822 consederunt.
2341 3768 2470 3835 Quae
2499 3782 2659 3822 senex
2689 3769 2865 3823 crucis
2911 3767 3109 3824 Christi
3161 3772 3333 3839 signo,
3366 3772 3503 3828 sicut

1921 3870 2292 3921 consueverat,
2346 3859 2714 3923 benedicens,
2756 3859 2932 3914 cibum
2980 3868 3201 3925 uterque
3253 3879 3503 3931 sumpse-

1922 3960 2067 4014 runt,
2096 3949 2323 4004 Domino
2352 3951 2551 4020 gratias
2582 3953 2662 4021 (ut
2689 3964 2786 4020 par
2814 3950 3009 4021 fuerat)
3044 3951 3315 4007 humiliter
3342 3954 3502 4009 exhi-

1921 4038 2130 4094 beutes.

1990 4128 2121 4183 CAP.
2155 4128 2245 4183 lX.
2272 4157 2339 4169 —
2369 4128 2480 4185 Una
2510 4144 2635 4184 vero
2680 4130 2912 4198 dierum,
2962 4147 3083 4187 cum
3124 4134 3405 4202 vigilantes
3424 4136 3501 4193 si-

1920 4221 2029 4275 mul
2054 4220 2318 4275 Palmmon
2344 4230 2396 4275 et
2425 4222 2743 4276 Pachomius
2771 4224 3123 4279 accenderent
3148 4226 3345 4295 ignem,
3373 4228 3492 4298 qni-

1918 4312 2040 4365 dam
2072 4311 2237 4366 frater
2256 4314 2662 4382 superveniens,
2699 4314 2836 4381 apud
2869 4314 2976 4369 ‘eos
3032 4330 3251 4371 manere
3300 4318 3493 4375 voluit.

1918 4402 2018 4468 Qui
2048 4417 2167 4457 cum
2196 4413 2476 4472 susceptus
2504 4414 2674 4467 esset,
2707 4404 2846 4459 inter
2898 4406 3056 4460 verba
3089 4406 3169 4477 (ut
3192 4406 3305 4460 fit-ri
3334 4408 3496 4477 solet)

214 4499 395 4568 Vigilo
432 4497 723 4552 dimidium
757 4497 957 4561 noctis,
989 4493 1129 4562 quod
1157 4495 1387 4562 spatium
1414 4494 1498 4546 vel
1530 4491 1584 4546 in
1609 4492 1810 4545 oratio-
1845 4514 1893 4572 ι)
1920 4495 2118 4561 erupit,
2151 4502 2204 4547 et
2225 4494 2356 4547 dixit
2388 4511 2401 4546 :
2433 4494 2488 4549 Si
2522 4494 2642 4562 quis
2663 4495 2835 4549 fidelis
2869 4505 3044 4569 estex
3076 4498 3246 4562 vobis,
3275 4506 3382 4552 stet
3409 4513 3500 4553 su-

218 4604 289 4647 ne
316 4588 586 4653 solemni,
616 4587 700 4640 vel
733 4584 788 4638 in
835 4583 1181 4638 meditatione
1208 4582 1402 4636 divinae
1458 4580 1701 4635 lectionis
1730 4582 1815 4634 in-

213 4695 374 4735 sumo
401 4697 419 4744 ;
458 4676 733 4731 interdum
766 4688 980 4744 quoque
1008 4681 1170 4725 totam
1201 4681 1411 4725 noctem
1466 4672 1603 4725 duco
1632 4672 1816 4739 pervi-

214 4772 403 4838 gilem.
442 4767 577 4822 Haec
602 4774 781 4819 autem
827 4764 1049 4817 audiens
1101 4761 1443 4824 Pachomius,
1492 4761 1725 4828 expavit,
1759 4767 1817 4812 ut

210 4862 397 4914 solent
443 4857 600 4926 pueri
655 4857 1027 4923 magistrorum
1081 4852 1251 4905 vereri
1298 4852 1670 4918 praesentiam;
1719 4850 1813 4904 sed

210 4952 388 5016 gratia
422 4946 639 5001 Domini
669 4945 971 5009 roboratus,
1020 4956 1233 4996 omnem
1280 4940 1422 4995 hunc
1470 4940 1706 4994 laborem
1734 4949 1814 4993 tu-

208 5041 392 5095 lerare
423 5034 739 5107 proposuit,
770 5034 992 5100 senique
1040 5031 1313 5099 respondit
1344 5049 1359 5084 :
1391 5030 1562 5086 Credo
1612 5030 1662 5084 in
1704 5030 1812 5085 Do-

208 5132 362 5184 mino
395 5128 537 5181 Jesu
557 5123 791 5187 Christo,
814 5123 904 5191 qui
929 5121 1057 5176 mihi
1080 5121 1441 5175 fortitudinem
1475 5120 1813 5190 patientiam-

205 5234 311 5288 que
342 5213 659 5287 prastabit,
683 5222 741 5268 ut
766 5213 955 5279 dignus
999 5210 1201 5265 efficiar
1232 5212 1336 5265 tuis
1384 5212 1597 5277 adjutus
1641 5209 1815 5279 preci-

205 5313 330 5372 bus,
365 5308 430 5361 in
459 5315 642 5359 sancta
672 5303 1075 5357 conversatione
1129 5317 1225 5372 per
1271 5304 1450 5356 omnia
1498 5303 1623 5355 vita:
1679 5316 1813 5356 mea:

200 5399 501 5456 curricula
525 5410 854 5464 permanere.

274 5494 431 5547 Cu».
456 5487 572 5541 VII.
601 5516 670 5526 --
687 5485 838 5540 Tunc
862 5494 1081 5540 sanctus
1128 5484 1395 5538 Palaemon
1448 5482 1811 5548 spiritualibus

200 5582 390 5638 oculis
476 5576 683 5630 intuens
732 5573 1003 5631 Pachomii
1048 5573 1203 5628 [idem
1232 5612 1248 5637 ,
1307 5571 1516 5626 tandem
1564 5572 1813 5640 patefecit

200 5676 425 5730 aditum
452 5685 473 5735 ;
504 5681 725 5736 eumque
754 5666 1072 5731 suscipiens,
1108 5666 1289 5721 habitu
1344 5666 1589 5721 monachi
1620 5680 1808 5721 conse-

431 5762 717 5823 Paraor“
762 5756 1049 5817 LXXIII.

1928 4598 2020 4648 per
2070 4583 2166 4637 hos
2210 4583 2470 4637 carbones
2515 4583 2672 4649 ignis,
2720 4595 2775 4638 et
2820 4588 3117 4642 orationem
3170 4589 3499 4646 Dominicam

1924 4672 2122 4725 sensim
2153 4672 2399 4739 lentoque
2440 4675 2763 4737 pronuntiet.
2803 4675 2970 4741 Quem
3010 4677 3195 4733 beatus
3229 4679 3500 4737 Palmtnon

1923 4761 2224 4831 intelligens
2267 4761 2534 4829 superbia:
2574 4772 2780 4818 tumore
2820 4764 3124 4835 deceptum,
3169 4770 3501 4827 commonuit

1923 4851 2109 4906 dicens
2151 4868 2165 4905 :
2211 4852 2424 4916 Desine,
2481 4850 2667 4914 frater,
2701 4852 2768 4907 ab
2811 4852 2909 4908 hac
2956 4856 3183 4923 insania,
3240 4872 3340 4913 nec
3391 4860 3500 4916 tale

1922 4943 2048 5014 quid
2078 4942 2300 4997 ulterius
2329 4942 2582 5011 loquaris.
2608 4943 2707 5008 Qui
2738 4946 3077 5012 correptione
3100 4948 3245 5002 senis
3275 4963 3378 5005 non
3404 4964 3498 5007 so-

1917 5036 2027 5089 lum
2058 5050 2162 5089 non
2204 5032 2432 5103 profecit
2457 5034 2510 5087 in
2533 5035 2740 5098 melius,
2766 5035 2860 5090 sed
2892 5036 3009 5104 plus
3040 5037 3273 5096 elatione
3296 5043 3499 5101 mentis

1915 5122 2154 5189 inﬂatus,
2186 5136 2351 5191 super
2402 5122 2576 5190 ignem
2629 5131 2774 5178 stare
2831 5126 2995 5195 coepit
3039 5128 3314 5198 audacter,
3344 5132 3497 5188 nullo

1916 5212 2020 5268 sibi
2051 5213 2262 5281 penitus
2285 5212 2583 5281 imperante
2609 5229 2623 5277 ;
2649 5221 2868 5282 eratque
2894 5216 3230 5287 conspicere,
3264 5236 3496 5291 quomo-

1916 5304 1987 5359 do
2021 5313 2343 5373 cooperante
2392 5304 2609 5358 inimico
2658 5304 2871 5360 humani
2910 5309 3142 5377 generis,
3175 5319 3230 5366 et
3265 5310 3497 5370 Domino

1914 5394 2278 5463 permittente,
2293 5407 2626 5462 nequaquam
2654 5404 2900 5461 perustus
2921 5394 3083 5453 fuerit
3103 5399 3243 5468 ignis
3263 5409 3495 5459 attactu.

1916 5484 2028 5540 [ioc
2057 5484 2227 5553 ipsum
2262 5482 2419 5553 116
2455 5497 2584 5537 vero
2612 5484 2753 5553 quod
2797 5489 2967 5555 gessit
2996 5489 3233 5559 impune,
3262 5492 3329 5545 ad
3357 5507 3491 5563 aug-

1914 5585 2149 5631 mentum
2175 5576 2401 5643 profecit
2427 5574 2543 5643 ejus
2581 5576 2823 5643 insauize,
2858 5581 3153 5634 secundum
3177 5582 3317 5645 quod
3347 5584 3497 5636 scri-

1914 5678 2060 5736 ptum
2088 5677 2209 5723 est:
2245 5666 2324 5721 Ad
2373 5680 2563 5735 pravos
2618 5683 2813 5737 pravas
2863 5672 2973 5726 vias
3016 5673 3180 5727 mittit
3235 5673 3492 5727 Dominus

2973 5762 3014 5823 8
