4016 6250
477 342 579 395 235

1518 340 1602 393 DE
1650 339 1820 393 VITIS
1860 335 2139 393 PATRUM
2182 338 2379 393 LIBER
2422 338 2691 396 PRIMUS.

3638 336 3742 394 236

483 452 665 522 (Prov.
700 467 867 506 xxvm
894 469 907 516 ;
944 451 1107 506 Eccli.
1141 449 1225 517 ll).
1255 448 1363 503 Iloc
1401 449 1579 515 itaque
1620 464 1739 503 wm
1769 449 1953 503 fuisset
1984 448 2060 501 fa-
2091 448 2143 508 Α
2171 450 2366 504 tientia:
2396 466 2637 515 munere,
2680 459 2733 504 et
2762 462 2886 519 erga
2919 448 3081 503 Deum
3114 449 3525 517 proximumque
3566 452 3744 517 puris-

483 556 651 609 ctum,
670 550 883 611 postera
909 543 999 597 die
1027 541 1165 595 idem
1186 541 1347 595 frater
1370 550 1574 595 mature
1602 542 1964 609 proficiscens,
1997 553 2059 591 ac

489 635 632 688 velut
674 632 1007 701 exprobrans
1052 633 1160 697 eis,
1190 632 1364 684 aiebat
1399 648 1409 681 :
1446 630 1541 684 Ubi
1571 641 1653 684 est
1683 630 1813 683 fides
1840 628 2058 682 vestra?

489 726 617 778 Post
654 738 760 778 non
790 723 1011 776 multum
1052 738 1179 777 vero
1213 722 1465 787 temporis
1522 735 1748 775 cernens
1794 719 2056 782 diabolus,

482 831 607 870 eum
637 816 737 870 sibi
783 830 879 882 per
928 814 1102 867 omnia
1152 813 1604 880 mancipatum,et
1634 811 1783 864 facile
1831 810 1895 863 ad
1941 826 2059 877 que

484 905 645 958 vellet
676 904 905 957 facinora
934 918 1052 954 eum
1098 916 1254 969 posse
1301 900 1645 968 compellere,
1670 896 2062 967 transfiguravit

483 1009 546 1048 se
572 995 624 1047 in
656 993 934 1047 mulierem
967 991 1243 1061 pulchram
1264 1028 1279 1053 ,
1315 988 1608 1057 splendidis
1636 987 1877 1042 vestibus
1906 986 2063 1040 ador-

486 1095 686 1150 natam,
718 1093 769 1137 et
798 1083 961 1150 C(Bpit
1002 1082 1194 1135 ostium
1220 1080 1369 1135 cella:
1409 1080 1526 1149 ejus
1576 1078 1923 1134 vehementer
1971 1093 2064 1131 ex-

486 1173 734 1228 tundere.
756 1173 857 1240 Qui
879 1188 996 1225 cum
1026 1172 1344 1240 aperuisset,
1376 1171 1451 1225 ait
1482 1172 1530 1225 ei
1560 1155 1803 1225 diabolus
1832 1172 1882 1225 in
1913 1171 2063 1224 habi-

484 1276 595 1319 tum
626 1264 865 1317 mulieris
903 1263 1212 1315 immutatus
1246 1281 1258 1315 :
1286 1263 1523 1317 Obsecro
1575 1272 1650 1327 te,
1678 1265 1800 1333 quia
1848 1265 2009 1317 nimis
2033 1278 2061 1315 a

483 1351 837 1407 creditoribus
867 1366 1085 1420 urgeor,
1118 1363 1169 1405 et
1198 1361 1380 1406 metuo
1410 1366 1477 1405 ne
1508 1366 1594 1406 me
1622 1352 1799 1420 aliqua
1833 1354 2063 1419 pericula

482 1443 974 1512 comprehendant,
1004 1443 1231 1510 recipias
1258 1459 1344 1496 me
1375 1443 1427 1497 in
1458 1451 1600 1497 tuam
1632 1445 1899 1504 cellulam,
1932 1458 2067 1511 quo-

482 1535 624 1586 niam
655 1534 890 1588 debitum
920 1534 1134 1588 solvere
1163 1550 1389 1601 nequeo,
1423 1544 1685 1604 quatenus
1712 1551 1805 1603 per
1837 1546 1886 1588 te
1913 1535 2060 1587 salva

483 1622 640 1691 facta,
669 1625 870 1692 gratias
893 1624 1160 1687 referam;
1186 1624 1326 1677 Deus
1353 1625 1492 1677 enim
1537 1638 1622 1680 me
1647 1623 1841 1679 direxit
1892 1624 1956 1677 ad
1990 1633 2058 1677 te.

484 1713 585 1779 Qui
615 1728 644 1765 a
672 1713 911 1765 eazcitate
940 1713 1132 1765 mentis
1159 1712 1367 1780 penitus
1389 1713 1725 1774 obscuratus,
1752 1728 1848 1766 nec
1881 1713 2063 1766 valens

2163 540 2295 594 sima
2321 541 2606 595 dilectione
2639 556 2745 607 pra:
2773 541 2955 593 multis
2988 540 3259 593 nitebatur
3306 540 3594 594 excellere.
3621 539 3746 593 Ilaec

2166 637 2345 681 autem
2378 629 2589 697 aliaque
2618 630 2734 696 ejus
2766 627 2990 695 plurima
3022 627 3309 681 didicimus
3337 644 3367 680 a
3418 629 3621 681 sanctis
3652 628 3752 681 ho-

2165 718 2397 772 minibus
2423 719 2537 780 Dei,
2570 720 2657 787 qui
2689 719 2847 772 simul
2876 733 2996 770 eum
3045 732 3111 772 eo
3148 718 3313 770 multo
3344 727 3586 786 tempore
3624 725 3750 773 sunt

2167 808 2388 871 morati;
2418 810 2609 877 quibus
2635 809 2795 863 etiam
2832 810 2954 861 vitae
3009 807 3303 876 spiritualis
3330 810 3575 876 exempla
3617 823 3748 863 con-

2167 899 2387 959 tulerat,
2424 907 2541 965 post
2575 898 2858 951 lectionem
2889 896 3087 950 divina:
3118 898 3248 965 legis
3275 913 3336 952 ea
3362 913 3482 967 qua:
3517 898 3585 951 ad
3616 898 3748 951 aedi-

2166 989 2465 1043 ficationem
2504 990 2801 1043 animarum
2837 989 3105 1057 pertinent
3149 988 3431 1056 diligenter
3452 1003 3748 1057 exponens.

2165 1080 2294 1146 Qua:
2323 1081 2446 1149 quia
2472 1080 2633 1135 multa
2655 1090 2799 1144 sunt,
2829 1089 2885 1134 et
2904 1083 3045 1133 vires
3068 1090 3263 1133 nostra:
3291 1079 3567 1148 parvitatis
3591 1094 3751 1136 exce-

2166 1170 2318 1235 dunt,
2355 1185 2458 1223 non
2489 1171 2666 1223 omnia
2691 1170 2941 1239 praesenti
2988 1169 3129 1237 stylo
3168 1170 3599 1237 perscripsimus.
3630 1170 3748 1226 Non

2167 1263 2312 1313 enim
2347 1275 2532 1315 sumus
2564 1261 2765 1327 idonei,
2814 1261 2946 1314 tanti
2995 1261 3093 1313 viri
3123 1261 3312 1315 merita
3366 1262 3583 1331 eloquio
3632 1263 3751 1331 pari

2168 1349 2506 1418 depromere.

2238 1437 2368 1493 (ΞΑΡ.
2403 1438 2493 1493 XI.
2520 1467 2590 1479 -
2617 1438 2780 1507 Igitur
2823 1453 2948 1507 erga
2977 1438 3154 1494 locum
3197 1442 3418 1505 montis,
3451 1441 3539 1495 ubi
3578 1443 3753 1497 sancti

2178 1528 2562 1592 morabantur,
2617 1529 2770 1598 plena
2811 1530 2979 1597 spinis
3036 1545 3250 1584 eremus
3314 1532 3628 1598 adjaeebat;
3682 1533 3751 1586 ad

2169 1631 2331 1685 quam
2358 1633 2497 1687 sarpe
2540 1618 2859 1673 Pachomius
2904 1618 3129 1674 veniens
3175 1620 3319 1689 ligna
3352 1620 3550 1689 legere,
3582 1635 3749 1690 super

2168 1709 2351 1778 spinas
2389 1709 2544 1764 nudis
2590 1711 2814 1780 pedibus
2859 1711 3172 1777 incedebat;
3202 1722 3407 1766 etcum
3464 1713 3757 1783 infigerens

485 1804 789 1857 discernere
809 1804 927 1871 quis
953 1812 1118 1867 esset,
1144 1804 1231 1871 qui
1263 1803 1365 1855 sibi
1417 1803 1542 1857 talia
1573 1804 1905 1872 loqueretur,
1941 1804 2062 1855 dia-
2094 1807 2143 1865 B
2172 1812 2257 1856 tur
2302 1803 2351 1857 ei
2381 1804 2640 1873 plurimae,
2675 1804 2975 1869 laatabatur,
3026 1803 3289 1872 patienter
3320 1819 3381 1859 ac
3431 1803 3647 1860 fortiter
3676 1805 3756 1859 fe-

487 1891 663 1947 bolum
707 1894 867 1947 miser
894 1891 946 1944 in
976 1907 1130 1946 suum
1184 1893 1385 1959 recepit
1434 1893 1669 1946 exitium.
1703 1892 1851 1947 Tune
1897 1892 2064 1945 hostis

488 1996 685 2039 nostra:
712 1985 1048 2052 substantiae,
1082 1984 1270 2039 videns
1293 1999 1414 2037 eum
1445 1986 1509 2037 ad
1541 2000 1699 2039 omne
1730 1986 1907 2039 scelus
1946 1999 2066 2040 esse

493 2076 845 2145 praecipitem,
874 2076 1091 2130 immisit
1116 2076 1163 2131 ei
1191 2086 1397 2144 turpem
1424 2078 1947 2144 concupiscentiam,
1965 2076 2066 2143 Qui

490 2179 615 2218 mox
660 2165 823 2218 cessit
850 2165 1048 2217 inimici
1079 2165 1529 2232 suggestionibus,
1562 2175 1617 2219 et
1644 2165 1759 2234 ejus
1781 2166 1929 2233 quasi
1954 2180 2067 2219 ntu-

487 2254 683 2309 liebres
726 2253 913 2320 petivit
950 2254 1247 2322 amplexus.
1282 2254 1451 2321 Quem
1494 2255 1710 2324 spiritus
1762 2256 2067 2309 immundus

491 2343 771 2410 invadens,
800 2343 941 2398 elisit
993 2345 1277 2408 atrociter;
1329 2352 1385 2397 et
1431 2346 1710 2405 revolutus
1737 2360 1897 2414 super
1925 2345 2069 2414 pavi-

492 2443 754 2497 mentum,
788 2433 948 2488 veluti
981 2442 1222 2487 mortuus
1248 2434 1338 2488 diu
1393 2435 1726 2505 multumque
1756 2436 2065 2504 permansit.

495 2523 620 2575 Post
650 2523 952 2592 aliquantos
990 2532 1169 2577 autem
1201 2522 1316 2578 dies
1373 2524 1586 2579 tandem
1619 2525 1672 2579 in
1713 2539 1771 2580 se
1798 2539 2064 2590 reversus,

492 2624 544 2667 et
570 2614 854 2668 dementia:
913 2613 1145 2683 propriae
1200 2628 1325 2668 sero
1373 2615 1658 2682 paenitens,
1708 2617 1773 2669 ad
1824 2625 2067 2670 sanctum

494 2704 852 2758 Palaemonem
874 2705 1050 2769 venit;
1077 2714 1133 2759 et
1175 2718 1295 2759 cum
1328 2720 1520 2775 magno
1541 2706 1666 2760 fletu
1690 2707 1816 2776 quid
1849 2707 1946 2761 sibi
1980 2722 2067 2761 ac-

492 2797 711 2851 cidisset
738 2798 1002 2867 exposuit,
1051 2797 1348 2852 vociferans
1394 2808 1450 2853 et
1504 2799 1686 2853 dicens
1740 2818 1751 2851 :
1798 2804 2063 2870 Agnosco,

494 2890 681 2956 l’ater,
715 2902 969 2958 agnosco,
1027 2888 1167 2957 quod
1224 2904 1324 2958 ego
1374 2904 1532 2945 causa
1576 2891 1889 2960 perditionis
1936 2906 2070 2945 mea:

492 2979 921 3035 exsistam.Bene
940 2980 1080 3033 enim
1113 2994 1198 3035 me
1223 2994 1565 3035 commoncre
1593 2982 1839 3050 dignatus
1869 2996 1949 3047 es,
1974 2983 2069 3037 sed

493 3085 591 3138 ego
617 3069 825 3133 infelix,
850 3071 937 3139 qui
964 3080 1017 3125 te
1042 3070 1227 3125 audire
1258 3072 1577 3139 contempsi.
1609 3071 1950 3141 Quapropter
1974 3074 2066 3127 ob-

493 3173 649 3211 secro
675 3168 730 3213 ut
762 3174 845 3214 me
867 3164 1070 3214 sanctis
1109 3161 1443 3216 orationibus
1471 3162 1576 3215 tuis
1607 3163 1860 3230 adjuvare
1888 3162 2071 3231 digne-
2099 3141 2145 3202 (ἶ

494 3248 586 3311 ris,
614 3265 680 3303 ne
717 3250 818 3304 sub
876 3251 1075 3319 ingenti
1115 3252 1353 3319 periculo
1402 3256 1749 3307 constitutum
1804 3254 2073 3322 discerpat

493 3337 744 3392 inimicus
799 3347 853 3393 et
906 3340 1153 3409 perimat.
1195 3340 1433 3409 Cumque
1502 3342 1603 3395 ista
1659 3357 1777 3395 cum
1828 3344 2073 3398 lamentis

495 3436 906 3495 prosequeretur
929 3438 982 3482 et
1030 3429 1263 3495 fletibus,
1292 3438 1347 3483 et
1392 3443 1606 3483 sanctus
1652 3432 1919 3486 Palmmon
1949 3434 2073 3487 bea-

495 3525 687 3584 tusque
724 3517 1041 3573 Pachomius
1090 3520 1355 3589 lacrymas
1388 3534 1483 3588 pro
1509 3536 1574 3575 eo
1620 3522 1901 3577 funderent
1928 3539 2075 3578 com-

495 3607 749 3675 patientis
776 3608 965 3663 allectu
985 3650 1000 3673 ,
1032 3610 1208 3663 subito
1241 3619 1519 3678 correptus
1561 3612 1630 3667 ab
1668 3612 1941 3667 immundo
1966 3615 2077 3683 spi-

494 3698 636 3762 ritu,
666 3698 734 3752 de
759 3708 1052 3767 conspectu
1101 3714 1286 3753 eormn
1330 3700 1576 3768 prosiliit,
1611 3711 1667 3756 et
1715 3718 1808 3770 per
1864 3704 2073 3757 deserta

495 3787 1072 3859 diseurens,agebatur
1098 3792 1343 3845 infrenis.
1394 3792 1641 3847 Pervenit
1684 3804 1861 3848 autem
1912 3794 1978 3847 ad
2008 3793 2078 3849 ci-

495 3879 713 3933 vitatem
740 3879 912 3934 Panos
932 3880 1049 3949 (l6)
1087 3882 1322 3945 nomine,
1350 3896 1412 3935 ac
1440 3883 1695 3952 deinceps
1752 3885 1804 3938 in
1860 3886 2078 3941 fornace

497 3970 672 4024 balnei
708 3985 803 4038 per
824 3973 1111 4027 amentiam
1135 3986 1252 4027 sese
1278 3973 1644 4042 przecipitans,
1679 3974 1925 4031 incendio
1958 3990 2079 4044 pro-
2158 3980 2163 3985 ’

496 4062 638 4114 tinus
669 4061 890 4115 interiit.

563 4171 692 4224 Cap.
736 4170 805 4224 X.
836 4176 905 4211 -’—-
933 4172 1056 4227 Ilaec
1105 4173 1326 4227 audiens
1380 4175 1673 4244 vidensque
1730 4160 2103 4246 Pacbomius,’

497 4262 668 4331 magis
699 4277 762 4315 ac
792 4265 960 4332 magis
991 4265 1231 4318 incubuit
1254 4266 1592 4320 abstinentia:
1634 4277 1818 4323 tenere
1862 4285 2076 4324 mensu-

499 4369 653 4418 ram;
685 4365 737 4408 et
765 4369 885 4408 cum
920 4356 972 4408 in
1005 4356 1273 4421 omnibus,
1314 4366 1421 4407 tum
1466 4358 1697 4410 maxime
1748 4359 1798 4410 in
1821 4359 2079 4411 orationi-

498 4444 597 4497 bus
626 4445 861 4497 animmn
903 4458 1125 4498 servare
1167 4444 1506 4513 pervigilem,
1537 4447 1704 4529 juxta
1762 4447 1889 4499 illud
1935 4446 2075 4515 quod

497 4536 751 4601 scriptum
769 4543 880 4588 est:
900 4534 1052 4587 Omni
1069 4535 1303 4588 custodia
1327 4550 1479 4588 serva
1497 4551 1588 4590 cor
1608 4545 1750 4590 tuum
1775 4536 1954 4607 (Prov.
1972 4539 2070 4609 tv).

498 4626 785 4688 lutantum,
818 4635 871 4677 ut
900 4638 1020 4678 eum
1072 4614 1231 4678 senex
1292 4626 1577 4679 miraretur
1632 4629 1911 4693 attonitus,
1950 4630 2073 4698 quia

498 4732 603 4769 non
651 4716 822 4767 solum
860 4724 1166 4768 consuetam
1222 4715 1560 4769 abstinentia:
1616 4718 1850 4787 regulam
1900 4719 2077 4773 alacer

495 4807 826 4860 extrinsecus
900 4806 1320 4873 exsequebatur,
1369 4806 1464 4858 sed
1526 4809 1685 4860 etiam
1756 4808 2077 4863 intrinsecus

495 4896 876 4948 conscientiam
909 4909 1056 4947 suam
1104 4894 1254 4961 juxta
1304 4894 1603 4948 caelestium
1640 4896 1862 4949 formam
1896 4901 2076 4952 stude-

496 4985 585 5037 bat
611 4985 825 5052 exigere
851 4985 1216 5052 purissimam,
1250 4983 1389 5037 sicut
1438 4984 1623 5037 beatus
1671 4987 1960 5050 Apostolus
1999 4988 2079 5039 di-

497 5076 568 5127 cit
600 5088 617 5128 :
649 5074 824 5129 Gloria
854 5076 1190 5149 nostrabzec
1234 5084 1316 5127 est
1336 5116 1349 5138 ,
1383 5076 1751 5129 testimonium
1798 5079 2079 5133 conscien-

498 5165 583 5218 ιῑτε
614 5172 806 5219 nostra
838 5161 925 5231 (ll
965 5163 1089 5217 Car.
1127 5161 1200 5231 ι),
1228 5173 1407 5219 certus
1434 5178 1501 5217 ex
1550 5164 1651 5218 hoc
1705 5180 1949 5234 magnam
1978 5167 2078 5219 sibi

496 5262 549 5310 in
577 5259 885 5313 coelestibus
916 5273 1106 5327 parare
1144 5259 1467 5312 mercedem.
1519 5257 1648 5311 Nam
1698 5268 1753 5311 et
1796 5274 1915 5312 eum
1947 5259 2085 5313 divi-

502 5364 597 5402 nas
628 5350 933 5417 Scripturas
964 5350 1193 5414 legeret,
1222 5350 1601 5417 memoriaeque
1643 5351 1940 5414 mandaret,
1970 5366 2079 5405 non

500 5439 548 5490 id
580 5440 773 5503 passim
804 5439 1239 5505 negligenterquc
1272 5437 1523 5501 faciebat,
1549 5438 1641 5490 sed
1668 5440 2097 5507 unumquodque,

498 5538 824 5596 pneceptum
870 5527 1096 5593 solerter
1140 5527 1563 5590 examinans,ac
1610 5530 1693 5595 pia
1737 5538 1914 5582 mente
1965 5544 2085 5595 per-

501 5630 757 5683 tractans,
791 5617 1039 5672 studebat
1072 5619 1123 5671 in
1154 5618 1268 5671 dies
1314 5634 1475 5686 opere
1528 5618 1803 5685 perlicere,
1831 5636 1948 5679 qua:
1978 5636 2087 5674 me-

503 5710 673 5764 moria
702 5706 1016 5763 rctentabat.
1053 5705 1321 5773 Praecipue
1374 5720 1500 5761 vero
1544 5707 1863 5762 humilitatis
1903 5722 1965 5761 ac
1998 5721 2093 5773 pa-

2169 1908 2310 1958 rens,
2344 1895 2587 1949 recolens
2616 1896 2755 1964 quod
2797 1895 3056 1949 Dominus
3084 1904 3270 1948 noster
3294 1895 3346 1947 in
3396 1908 3556 1949 cruce
3586 1896 3761 1949 clavis

2172 1984 2333 2038 fuerit
2360 1984 2641 2051 dignanter
2666 1986 2876 2039 affixus.
2904 1984 3163 2053 Diligebat
3186 1993 3359 2039 autem
3381 1986 3760 2039 anachoresim

2172 2074 2479 2142 plurimum,
2510 2076 2818 2145 frequenter
2853 2087 3117 2145 expetens
3148 2078 3511 2132 solitudinem.
3538 2078 3609 2131 Et
3634 2078 3755 2130 illic

2170 2164 2261 2218 diu
2287 2166 2339 2218 in
2368 2165 2608 2220 oratione
2654 2168 2981 2234 persistens,
3042 2166 3265 2220 Domino
3309 2168 3669 2236 supplicabat,
3703 2178 3763 2220 ut

2170 2272 2199 2310 a
2224 2259 2384 2312 tantis
2409 2272 2467 2311 se
2498 2257 2771 2312 fraudibus
2797 2259 3090 2312 clementer
3117 2259 3376 2326 eriperet.

2242 2350 2371 2404 CAP.
2420 2350 2533 2404 XII.
2564 2351 2903 2418 -—Quodam
2959 2366 3087 2404 vero
3135 2361 3378 2419 tempore
3430 2350 3662 2419 contigit
3706 2360 3764 2403 ut

2173 2444 2491 2498 Pachomius
2521 2442 2703 2509 procul
2730 2457 2761 2496 a
2787 2444 2920 2497 cella
2965 2457 3058 2497 sua
3086 2458 3419 2512 progressus,
3448 2444 3657 2497 veniret
3693 2443 3763 2494 ad

2172 2533 2454 2603 quemdam
2494 2534 2686 2597 vicum,
2717 2533 2803 2587 cui
2850 2548 3043 2587 nomen
3093 2543 3176 2587 est
3227 2534 3585 2587 Tabennense
3615 2530 3767 2602 (l7),

2177 2627 2229 2680 in
2261 2641 2365 2695 quo
2396 2638 2520 2679 tunc
2542 2626 2719 2679 nullus
2746 2626 2960 2693 penitus
2999 2624 3269 2679 habitator
3314 2626 3618 2680 exsistebat.
3655 2623 3771 2678 Ubi

2180 2733 2299 2771 cum
2330 2733 2426 2785 pro
2456 2732 2607 2770 more
2631 2716 2832 2770 diutius
2861 2716 2913 2769 in
2943 2716 3273 2769 orationibus
3296 2714 3626 2783 perduraret,
3653 2728 3768 2768 vox

2174 2809 2239 2863 ad
2264 2824 2383 2863 eum
2406 2810 2616 2864 coalitus
2643 2809 2819 2863 delata
2861 2817 2965 2873 est,
3012 2809 3198 2863 dicens
3227 2825 3239 2860 :
3275 2809 3428 2863 Mane
3459 2808 3563 2875 hic,
3596 2822 3629 2860 ο
3661 2808 3768 2861 Pa-

2173 2899 2442 2963 chonti,et
2470 2899 2851 2953 monasterium
2895 2907 3167 2954 construe.
3200 2898 3422 2952 Venturi
3454 2907 3578 2951 sunt
3604 2912 3770 2951 nam-

2174 3003 2277 3057 que
2293 2988 2359 3041 ad
2383 2996 2432 3040 te
2448 2988 2847 3057 quamplurimi,
2875 3000 2960 3041 tua
2980 2988 3254 3057 cupientes
3273 2986 3603 3041 institutione
3632 3002 3768 3056 pro-

2177 3078 2364 3143 ficere;
2412 3079 2605 3147 quibus
2652 3078 2902 3133 ducatum
2949 3078 3256 3147 prmstabis,
3304 3080 3451 3147 juxta
3515 3078 3769 3148 regulam

2177 3184 2335 3237 quam
2366 3180 2732 3225 monstravere
2767 3171 2885 3226 tibi.
2906 3171 2970 3224 Et
2999 3171 3241 3239 protinus
3269 3172 3511 3238 apparuit
3537 3171 3772 3238 angelus

2180 3259 2408 3325 Domini,
2464 3258 2711 3313 deferens
2764 3260 2813 3314 ei
2864 3259 3121 3325 tabulam,
3162 3260 3215 3313 itt
3271 3275 3374 3328 qua
3424 3270 3540 3314 erat
3577 3260 3771 3314 omnis

2180 3348 2349 3400 forma
2391 3349 2740 3403 institutionis
2789 3350 3054 3418 ascripta,
3109 3365 3212 3420 qua
3273 3351 3497 3405 docendi
3555 3350 3771 3412 forent.

2178 3439 2476 3508 quicunque
2526 3439 2596 3495 ad
2655 3440 2771 3510 ejus
2799 3440 3084 3509 magisterii
3140 3441 3309 3495 studia
3360 3442 3772 3509 pervenissent.

2179 3529 2346 3595 Quam
2409 3531 2645 3597 regulam
2695 3531 3077 3586 Tabennenses
3110 3531 3374 3601 hodieque
3425 3531 3769 3593 custodiunt.

2179 3621 2368 3675 eodem
2410 3622 2529 3674 cibo
2555 3610 2768 3690 semper
2798 3631 3006 3676 utentes
3036 3631 3090 3677 et
3118 3622 3321 3687 habitu,
3357 3624 3522 3691 ipsam
3545 3638 3775 3692 quoque

2183 3711 2519 3780 disciplinam
2548 3713 2772 3766 sollicita
2794 3714 3273 3783 circumspectione
3295 3723 3592 3769 servantes.
3621 3713 3770 3768 Nam

2181 3805 2429 3859 monachi
2467 3803 2558 3873 qui
2600 3803 2798 3858 ibidem
2854 3814 3215 3868 commauent,
3248 3819 3351 3857 non
3382 3806 3552 3858 solum
3583 3818 3771 3865 more,

2180 3893 2275 3947 sed
2306 3900 2360 3947 et
2387 3892 2581 3946 robore
2612 3892 2855 3960 corporis
2908 3903 2963 3946 et
3015 3894 3250 3946 locorum
3289 3895 3441 3963 117
3490 3894 3595 3947 situ
3648 3910 3775 3961 pra:

2180 3987 2391 4040 caeteris
2417 3986 2571 4054 longe
2600 3984 2799 4039 diversi
2827 3996 2972 4051 sunt,
2999 3996 3053 4039 et
3101 4000 3323 4041 necesse
3351 3996 3433 4041 est
3462 4001 3555 4041 eos
3583 3987 3773 4043 diver-

2179 4088 2293 4129 sam
2323 4089 2535 4143 quoque
2558 4074 2792 4143 regulam
2827 4076 3113 4130 custodire.

2254 4164 2403 4218 Hanc
2431 4179 2559 4233 ergo
2598 4180 2783 4219 vocem
2836 4166 3154 4219 Pachomius
3208 4165 3401 4220 mentis
3446 4166 3777 4222 sinceritate

2181 4253 2512 4318 discernens,
2569 4268 2726 4322 quam
2783 4254 2857 4307 illi
2907 4253 3082 4307 divina
3128 4257 3291 4322 gratia
3336 4265 3383 4309 et
3420 4256 3605 4309 merita
3640 4258 3782 4310 vita:

2183 4348 2546 4412 contulerant,
2574 4348 2791 4416 agnovit
2821 4347 2887 4401 ad
2936 4363 2995 4403 se
3041 4349 3251 4403 coalitus
3301 4350 3550 4413 delatam,
3599 4364 3776 4417 regu-

2188 4438 2377 4507 Iasque
2427 4438 2583 4492 valde
2631 4438 2902 4493 mirabiles
2951 4440 3279 4507 approbavit.
3327 4439 3476 4493 Tunc
3510 4454 3782 4495 reversus

2186 4529 2251 4581 ad
2282 4528 2643 4582 venerabilem
2676 4543 2861 4583 senem
2921 4530 3296 4593 Palaemonem,
3356 4531 3533 4585 retulit
3583 4546 3785 4600 quem-

2184 4618 2469 4672 admodum
2501 4632 2633 4673 voce
2661 4618 2730 4673 sit
2760 4619 2935 4672 divina
2963 4622 3343 4684 commonitus,
3370 4620 3659 4675 obsecrans
3719 4630 3787 4676 ut

2189 4722 2371 4763 secum
2400 4708 2601 4775 pariter
2622 4707 2825 4762 veniret
2856 4708 2920 4763 ad
2953 4709 3127 4763 locum
3177 4724 3282 4777 quo
3310 4720 3525 4779 possent
3557 4712 3787 4769 Domini

2189 4799 2442 4853 mandata
2472 4801 2706 4867 explere.
2739 4800 2837 4865 Qui
2864 4802 3055 4854 nolens
3085 4816 3206 4855 eum
3258 4802 3309 4855 in
3359 4804 3537 4871 aliquo
3566 4810 3788 4861 contri-

2188 4901 2353 4956 stare,
2386 4900 2565 4959 utpote
2588 4892 2959 4945 cbariSsimum
2992 4892 3178 4957 filium,
3226 4895 3469 4959 precibus
3490 4896 3608 4963 ejus
3630 4896 3791 4953 illico

2190 4981 2386 5047 paruit,
2438 4989 2599 5047 atque
2629 4981 2692 5033 ad
2728 4984 2995 5047 praafatam
3025 4984 3201 5036 villam
3235 4999 3354 5038 cum
3395 5000 3462 5038 eo
3505 4990 3786 5055 pervenit,

2190 5071 2560 5139 modicamque
2589 5071 2664 5125 ibi
2714 5072 2962 5127 cellulam
3008 5086 3404 5141 construentes,
3452 5079 3793 5136 Izetabantur

2190 5160 2241 5210 in
2268 5160 2510 5223 Domino,
2531 5161 2944 5227 promissionum
2966 5163 3080 5231 ejus
3101 5165 3355 5221 beneficia
3379 5169 3792 5237 praestolantes.

2191 5249 2317 5303 Post
2337 5248 2667 5317 aliquantum
2700 5265 2829 5304 vero
2878 5256 3132 5324 temporis
3162 5257 3237 5310 ait
3277 5257 3544 5311 Palaemon
3586 5259 3653 5313 ad
3681 5260 3792 5315 Pa-

2189 5339 2458 5392 cbomium
2496 5354 2509 5391 :
2543 5339 2803 5405 Quoniam
2831 5358 2993 5398 cerno
3014 5347 3234 5412 gratiam
3265 5360 3294 5397 a
3328 5346 3436 5400 Deo
3473 5347 3566 5401 tibi
3604 5352 3797 5404 colla-

2196 5441 2322 5499 tam,
2349 5441 2404 5487 et
2424 5434 2676 5503 deinceps
2707 5437 2829 5490 istic
2859 5452 3174 5505 permanere
3198 5437 3457 5505 disponis,
3495 5442 3641 5505 veni,
3668 5453 3797 5497 sta-

2204 5534 2411 5575 tuamus
2445 5525 2582 5578 inter
2612 5540 2708 5578 nos
2736 5535 2968 5593 pactum,
3001 5536 3056 5580 ut
3086 5542 3187 5580 non
3215 5528 3519 5583 dividamur
3550 5530 3621 5583 ab
3644 5532 3801 5585 invi-

2195 5626 2333 5678 cem,
2366 5614 2458 5666 sed
2490 5614 2730 5681 quandiu
2764 5616 2815 5667 in
2865 5614 2964 5669 hac
2990 5617 3108 5671 luce
3154 5632 3447 5683 versamur,
3472 5619 3801 5676 visitatiune

2200 5718 2298 5758 nos
2325 5706 2662 5759 consolemur
2684 5706 2914 5761 assidua.
2941 5707 3190 5778 Utrisque
3214 5710 3410 5777 placuit
3432 5710 3546 5765 haec
3570 5712 3795 5781 pactio,
