4016 6234
302 358 394 414 237

297 576 441 632 quam
474 560 668 616 beatus
697 564 1015 622 Pachomius
1039 570 1326 628 sollicitius
1348 585 1472 630 sunt
1492 582 1751 635 exsecuti.

356 670 475 725 Car.
508 671 870 730 Xlll.—lnter
899 676 1014 733 haec
1063 684 1382 739 venerabilis
1420 687 1557 741 idem
1592 691 1859 749 Palmmon

294 762 461 815 dolore
494 763 716 829 splenis,
750 765 837 831 qui
882 780 944 820 ex
999 767 1157 820 nimia
1204 772 1534 829 continentia
1561 777 1637 831 illi
1667 795 1858 846 prove-

292 858 445 911 nerat,
478 858 592 902 toto
622 865 847 917 corpore
871 857 1019 921 gravi
1048 859 1212 925 C(Bpit
1266 862 1594 929 aegritudinis
1644 868 1857 924 incom-

290 940 433 994 modo
481 939 752 997 laborare.
802 944 933 997 Nam
982 950 1227 1004 sumebat
1274 968 1476 1019 escam,
1509 969 1633 1024 potu
1661 963 1854 1030 saepius

292 1029 581 1093 abstinens;
621 1034 744 1086 item
777 1035 1113 1092 solummodo
1151 1040 1387 1109 bibelat,
1430 1046 1555 1100 nihil
1599 1051 1701 1104 cibi
1734 1029 1852 1119 per-

286 1123 497 1192 cipiens.
526 1124 761 1192 Rogatus
782 1127 941 1196 igitur
962 1130 1031 1184 ab
1060 1132 1322 1201 aliquibus
1366 1135 1636 1205 fratribus,
1668 1143 1756 1211 qui
1782 1140 1849 1199 ad

284 1229 391 1269 eum
433 1216 605 1283 gratia
655 1217 976 1273 visitationis
1004 1222 1367 1291 advenerant,
1399 1242 1466 1282 ne
1495 1231 1703 1298 penitus
1731 1248 1849 1288 cor-

285 1318 374 1371 pus
400 1303 576 1358 debile
608 1305 895 1374 frangeret,
923 1309 1017 1363 sed
1046 1311 1093 1364 ei
1140 1314 1523 1383 aliquantulum
1552 1322 1724 1376 solatii
1751 1339 1845 1392 pa-

264 1400 465 1446 ‘Ieretur
512 1394 771 1461 impendi,
825 1398 1034 1453 tandem
1066 1404 1230 1457 cessit
1274 1407 1570 1471 orantibus,
1602 1422 1657 1464 ut
1702 1415 1845 1470 victu

280 1496 500 1549 congruo
551 1492 824 1538 attenuata
853 1490 1090 1544 membra
1122 1491 1410 1548 refoveret.
1453 1498 1562 1553 Sed
1604 1516 1708 1555 non
1743 1503 1843 1559 hoc

280 1573 463 1625 diutius
486 1576 726 1639 pertulit.
756 1577 886 1631 Nam
911 1582 1182 1647 graviores
1215 1585 1372 1639 solito
1400 1586 1611 1644 dolores
1639 1593 1841 1658 Splenis

283 1672 548 1727 erpertus,
601 1666 789 1720 relicta
848 1669 1086 1724 ciborum
1138 1675 1438 1745 insolentia,
1470 1681 1535 1733 ad
1565 1683 1838 1751 antiquum

278 1756 460 1807 victum
486 1757 606 1809 sine
628 1756 881 1812 dilatione
910 1763 1210 1829 revertitur,
1244 1767 1427 1822 dicens
1462 1771 1551 1825 :Si
1573 1786 1834 1844 martyres

1066 365 1221 422 VlTA
1264 369 1505 427 SANCTI
1545 376 1868 434 PACHOMII
1910 380 2197 440 ABBATIS
2237 386 2721 449 TABENNENSIS.

300 488 443 542 quam
489 473 639 527 omni
694 486 933 545 tempore
988 481 1107 535 vita:
1161 497 1272 538 suae
1314 496 1417 540 tam
1466 488 1653 544 beatus
1692 506 1854 548 senex
1887 497 1934 555 Α
1965 506 2128 562 ptum.
2162 499 2262 553 Sed
2299 501 2481 557 beatus

3433 415 3536 469 238

2528 506 2847 564 Pachomius
2898 514 2960 567 ad
3004 515 3387 581 humiliandnm
3416 546 3536 586 cor-

1970 601 2068 653 pus
2091 591 2361 657 preprium
2390 593 2645 651 induebat
2672 613 2731 653 se
2760 601 3070 674 plerumque
3092 612 3285 669 cilicio.

2039 678 2103 731 Et
2132 694 2227 746 per
2253 696 2421 738 annos
2443 687 2769 755 quindecim,
2802 705 2920 762 post
2948 697 3069 754 illos
3098 700 3339 772 ingentes
3368 714 3532 763 sudo-

1964 780 2049 818 res
2080 777 2239 836 atque
2262 772 2474 828 labores
2495 779 2723 835 eximios
2748 784 3044 851 vigiliarum
3092 801 3146 846 et
3174 795 3531 867 absﬁnentia»,

1962 871 2063 908 non
2088 858 2273 925 jacens
2299 877 2543 920 somnum
2575 872 2814 937 capiebat
2860 878 3123 947 noctibus,
3152 885 3244 939 sed
3267 888 3318 940 in
3355 895 3533 948 medio

1959 945 2167 1000 cellula:
2198 964 2309 1003 suae
2337 954 2605 1020 residens,
2627 960 2761 1014 adeo
2786 978 2842 1016 υι
2872 980 2967 1019 nec
2994 969 3209 1026 dorsum
3236 978 3419 1032 saltem
3441 997 3532 1048 pa-

1956 1032 2074 1087 rieti
2100 1050 2195 1103 pro
2221 1044 2609 1100 sustentatione
2653 1050 2952 1107 reclinaret.
3004 1058 3244 1130 Cumque
3276 1068 3433 1121 nimis
3464 1087 3528 1126 ex

1956 1125 2057 1183 hoc
2101 1127 2445 1199 afﬂigeretur,
2498 1135 2703 1193 ferebat
2747 1150 2925 1199 tamen
2974 1125 3343 1217 aequanimiter
3384 1125 3527 1216 hunc

1952 1208 2209 1283 laborem,
2241 1235 2337 1288 spe
2358 1225 2754 1289 quodammodo
2775 1208 3057 1301 prailibans
3082 1241 3224 1297 illaut
3255 1208 3522 1317 requiem:

1950 1318 2069 1371 quae
2094 1308 2194 1362 sibi
2225 1313 2513 1378 parabatur
2562 1318 2616 1372 in
2662 1322 2834 1377 ctelis.
2884 1325 3242 1387 Plurimorum
3295 1352 3525 1407 namque

1948 1392 2164 1449 Patrum
2197 1401 2541 1459 considerans
2568 1407 2831 1476 instituta,
2863 1412 3023 1469 dabat
3048 1431 3262 1489 semper
3282 1392 3517 1494 operain,

1946 1497 2067 1536 cum
2097 1490 2315 1556 proprio
2346 1491 2504 1547 fratre
2535 1496 2600 1550 ad
2628 1499 2829 1566 majora
2856 1504 3065 1560 virtutis
3086 1524 3365 1579 augmenta
3394 1532 3522 1572 con-

1946 1584 2187 1641 surgere.
2218 1577 2593 1646 Operabantur
2622 1587 2781 1642 etiam
2812 1593 3020 1658 sedilia,
3076 1608 3126 1651 et
3155 1577 3520 1675 unusquisque

1946 1661 2087 1717 sicut
2119 1676 2348 1733 poterat,
2372 1670 2444 1726 ita
2476 1674 2707 1743 vivebat,
2737 1693 2857 1734 cum
2881 1699 3083 1739 summa
3114 1691 3320 1749 scilicet
3343 1696 3520 1752 humi-

1943 1748 2093 1807 litate
2121 1764 2175 1807 et
2197 1759 2475 1829 patientia,
2504 1771 2559 1817 et
2581 1763 2685 1820 fide
2712 1782 2818 1823 non
2850 1770 2991 1825 ficta.

282 1841 464 1895 Christi
492 1844 584 1896 alii
618 1859 713 1911 per
744 1844 907 1900 frusta
939 1849 1176 1917 lacerati,
1210 1854 1299 1908 alii
1326 1859 1499 1925 capite
1534 1863 1678 1929 caesi,
1707 1838 1839 1919 non-
1872 1838 1916 1896 Β
1993 1843 2138 1932 ,C‘P'
2168 1845 2506 1907 lim-Inter
2535 1854 2649 1911 hac
2679 1858 2995 1919 Panhomius
3043 1868 3233 1925 mrum
3263 1874 3516 1932 di'inims

276 1933 395 1987 nulli
423 1937 583 1987 etiam
609 1938 814 2004 ignibus
841 1951 963 1995 sunt
993 1948 1237 2011 cremati,
1289 1958 1342 2002 et
1372 1959 1546 2006 tamen
1579 1969 1742 2024 usque
1770 1960 1837 2013 ad

278 2024 427 2076 tinem
461 2025 672 2080 fortiter
704 2042 798 2095 pro
825 2030 930 2085 fide
963 2032 1344 2102 toleraverunt,
1382 2055 1479 2095 cur
1509 2058 1606 2112 ego
1636 2048 1839 2113 patien-

272 2115 358 2166 tia:
400 2118 629 2181 praemia,
680 2120 858 2184 parvis
910 2122 1106 2178 cedens
1148 2125 1445 2198 doloribus,
1498 2132 1837 2202 impatienter

272 2204 539 2272 abjiciam,
568 2216 619 2261 et
636 2207 900 2264 desiderio
930 2213 1051 2268 vita;
1074 2221 1351 2283 praesentis
1379 2221 1695 2283 afﬂictiones
1722 2246 1834 2285 mo-

265 2306 571 2351 mentaneas
597 2299 821 2355 inaniter
846 2308 1233 2371 expavescam?
1281 2310 1519 2382 Denique
1563 2319 1833 2374 suadenti—

262 2382 357 2436 bus
380 2385 796 2453 acquievLcibos
826 2390 1071 2447 insolitos
1094 2408 1328 2458 sumere,
1360 2402 1447 2468 qui
1474 2402 1603 2456 mihi
1617 2404 1832 2463 dolores

268 2486 526 2531 auxerunt
570 2479 749 2547 potius
793 2496 951 2550 quam
1002 2485 1158 2540 ullam
1190 2489 1423 2556 requiem
1448 2494 1825 2563 prtestiterunt,

259 2563 534 2619 ltecnrram
589 2568 752 2637 igitur
795 2571 859 2625 ad
902 2575 1074 2641 prisca
1118 2578 1375 2647 remedia,
1405 2592 1459 2636 et
1488 2587 1828 2644 continentiae

258 2656 480 2711 subsidia
515 2674 626 2714 non
662 2661 986 2734 relinquam,
1011 2667 1062 2721 in
1092 2670 1284 2736 quibus
1314 2684 1395 2727 est
1420 2674 1497 2745 (ut
1521 2691 1619 2745 ego
1648 2692 1826 2736 certus

254 2749 379 2815 sum)
399 2751 581 2804 omnis
616 2763 737 2820 post
766 2753 930 2809 Deum
974 2760 1184 2827 requies
1224 2771 1277 2815 et
1324 2778 1447 2819 vera
1476 2765 1678 2823 laetitia.
1709 2771 1824 2827 Non

253 2838 376 2891 enim
396 2851 622 2909 prepter
641 2842 884 2899 homines
903 2847 1018 2903 haec
1045 2866 1191 2904 arma
1214 2856 1447 2924 suscepi,
1471 2858 1564 2913 sed
1587 2861 1655 2915 ob
1672 2876 1822 2917 amo-

248 2946 345 2984 rem
368 2931 571 2987 Christi
601 2934 689 2988 his
716 2950 924 2993 certare
953 2940 1180 3009 diposui.
1236 2945 1326 2999 Sic
1372 2946 1553 3018 itaque
1595 2951 1822 3009 viriliter

245 3034 415 3089 agens,
474 3023 617 3079 intra
671 3040 910 3083 mensem
961 3031 1168 3087 dierum
1216 3036 1394 3092 valido
1423 3039 1679 3110 languore
1702 3059 1821 3100 con-

242 3122 475 3180 sumptus
503 3126 606 3170 est.
636 3116 717 3171 Ad
750 3133 906 3187 quem
946 3121 1267 3180 Pachomius
1311 3130 1553 3197 veniens,
1603 3132 1814 3190 fovebat

1940 1931 2257 1990 admonetur
2284 1954 2381 2007 pro
2419 1944 2620 2011 regulis
2670 1948 2862 2015 quibus
2903 1953 3162 2013 deberent
3189 1962 3391 2019 institui
3421 1971 3514 2036 qui

1938 2036 2091 2078 erant
2116 2041 2212 2094 per
2227 2042 2348 2083 eum
2379 2031 2609 2089 Domino
2634 2041 2923 2111 credituri;
2954 2048 3220 2118 ctepitque
3243 2068 3363 2110 cum
3392 2072 3513 2126 ger-

1938 2126 2098 2167 mano
2141 2131 2239 2171 suo
2286 2118 2645 2180 habitaculum
2679 2128 2735 2182 in
2783 2147 2888 2198 quo
2928 2138 3215 2195 manebant
3262 2118 3511 2213 capacius

1938 2204 2189 2274 reddere,
2220 2217 2275 2263 et
2303 2213 2543 2269 tedificiis
2564 2219 2822 2287 ampliare
2865 2229 3298 2301 quamplurimis,
3323 2204 3507 2290 eorum

1940 2293 1957 2357 (
1964 2303 2018 2346 ut
2047 2294 2300 2368 diximus)
2325 2303 2491 2368 gratia
2510 2307 2602 2375 qui
2632 2312 2830 2365 szeculo
2850 2293 3238 2386 renuntiantes,
3265 2293 3425 2396 118
3439 2330 3508 2383 ad

1935 2384 2271 2441 serviendum
2303 2387 2519 2447 Christo
2561 2407 2716 2451 erant
2740 2400 2856 2456 sine
2882 2402 3217 2466 dubitatione
3245 2419 3452 2471 venturi
3490 2436 3505 2481 ;

1932 2484 2195 2541 quatenus
2222 2494 2402 2538 essent
2447 2488 2616 2554 spatia
2660 2489 2816 2559 digna
2868 2498 3228 2556 membrorum
3278 2507 3417 2577 (19),
3452 2511 3504 2562 in

1930 2566 2122 2631 quibus
2166 2586 2351 2627 eorum
2404 2579 2574 2643 possit
2623 2582 2788 2651 recipi
2844 2586 3147 2645 multitudo.
3198 2594 3328 2652 Cum
3376 2614 3503 2671 ergo

1929 2668 2144 2715 sanctus
2165 2662 2482 2721 Pachomius
2513 2668 2565 2722 in
2586 2672 2781 2741 majus,
2811 2685 2869 2730 ut
2896 2676 3094 2734 dictum
3127 2694 3228 2754 est,
3264 2686 3502 2745 locorum

1928 2746 2161 2802 ambitus
2189 2754 2522 2825 extenderet,
2552 2770 2604 2814 et
2630 2768 2940 2822 monasterii
2970 2773 3207 2829 membra
3231 2776 3499 2847 dilataret,

1929 2835 2067 2891 idem
2092 2840 2257 2896 frater
2282 2845 2396 2913 ejus
2427 2850 2773 2909 solitudinem
2824 2866 2983 2928 atque
3013 2868 3380 2925 anachoresim
3410 2888 3499 2929 co-

1925 2929 2121 2999 gitans,
2157 2934 2448 2994 habitaculi
2480 2943 2734 3014 diligebat
2762 2954 3067 3021 angustias;
3096 2970 3151 3012 et
3179 2962 3398 3017 nimium
3419 2966 3498 3019 in-

1924 3019 2080 3090 digne
2111 3024 2307 3091 ferens,
2346 3041 2461 3085 erat
2490 3034 2630 3088 enim
2662 3048 2788 3092 natu
2835 3019 3150 3111 major,_ait
3196 3051 3354 3108 beato
3399 3056 3490 3111 Pa-

1923 3116 2135 3171 cliomio
2160 3137 2171 3171 :
2204 3121 2395 3178 Desine
2424 3127 2491 3180 ab
2524 3127 2623 3183 hac
2646 3129 2938 3189 intentione
2964 3147 3082 3205 tua;
3111 3144 3236 3210 quid
3253 3148 3364 3216 agis
3382 3166 3494 3205 rem

240 3216 347 3255 eum
376 3215 432 3258 ut
470 3213 703 3274 patrem,
737 3209 1049 3267 deosculaus
1077 3215 1238 3281 pedes
1284 3218 1423 3288 eius,
1463 3230 1623 3289 atque
1668 3239 1813 3280 ροω,
1844 3200 1888 3262 C
1921 3210 2261 3275 superfluam,
2285 3212 2512 3271 inaniter
2527 3222 2863 3293 temetipsum
2890 3228 3113 3286 dilatare
3133 3241 3495 3299 contendens?

239 3292 508 3359 plectens;
536 3303 593 3349 et
646 3298 806 3352 veluti
865 3300 1205 3370 valefaciens,
1247 3307 1326 3361 sic
1374 3323 1497 3363 eum
1536 3309 1815 3369 videbatur

236 3384 394 3439 affari.
410 3386 756 3443 Venerabilis
780 3401 958 3447 autem
988 3409 1177 3462 senex,
1202 3398 1345 3452 omni
1370 3400 1620 3457 virtutum
1644 3410 1811 3474 gratia

235 3473 557 3539 cumulatus,
607 3486 663 3530 et
714 3478 901 3544 plenus
942 3480 1173 3548 dierum,
1233 3485 1370 3541 sicut
1420 3473 1677 3559 scriptum
1708 3505 1809 3560 est,

233 3563 419 3629 quievit
445 3567 511 3619 in
555 3581 685 3633 pace
710 3569 851 3639 (Job.
893 3571 1045 3642 mi).
1078 3574 1226 3630 Tunc
1252 3588 1466 3634 sanctus
1495 3581 1812 3641 Pachomius

232 3666 410 3721 corpus
439 3656 570 3723 ejus
600 3659 845 3728 sepelivit
878 3682 893 3717 :
927 3664 1080 3732 cujus
1120 3666 1295 3720 anima
1344 3682 1588 3741 suscepta
1633 3675 1810 3731 choris

230 3748 504 3814 angelicis,
533 3749 600 3801 ad
633 3752 801 3805 caelos
831 3765 1020 3810 evecta
1046 3766 1148 3810 est.
1199 3756 1317 3822 Quo
1346 3773 1582 3828 peracto.
1615 3764 1811 3822 Pacho-

229 3834 357 3888 mius
386 3837 456 3890 ad
489 3840 765 3906 proprium
792 3842 1143 3898 diversorium
1175 3850 1474 3907 revertitur.

290 3945 415 3999 Car.
443 3946 743 4003 XlV.-—-Et
767 3966 872 4004 non
907 3964 1023 4019 post
1045 3956 1267 4009 multum
1294 3963 1570 4030 temporis,
1600 3980 1808 4032 germa-

226 4050 317 4089 nus
363 4037 515 4105 ejus,
547 4038 777 4094 Joannes
808 4045 1043 4109 nomine,
1090 4058 1276 4100 cuncta
1329 4050 1395 4104 de
1450 4052 1543 4107 illo
1572 4070 1805 4126 compe-

229 4128 387 4189 riens,
424 4129 581 4183 venit
609 4130 674 4183 ad
704 4146 846 4185 eum.
878 4132 1044 4200 Quem
1078 4152 1196 4189 cum
1228 4138 1466 4209 vidissiit,
1493 4146 1705 4210 gavisus
1725 4158 1805 4201 est

222 4218 531 4283 plurimum.
562 4220 692 4273 Nam
724 4238 786 4273 ex
820 4240 922 4290 quo
969 4225 1264 4294 baptizatus
1295 4231 1347 4283 in
1382 4233 1649 4289 Christum
1681 4254 1802 4291 cre-

218 4308 445 4373 diderat,
477 4320 537 4365 et
566 4312 855 4367 solitariam
882 4316 1041 4370 vitam
1065 4320 1320 4388 elegerat,
1349 4326 1553 4379 nullum
1582 4343 1799 4385 suorum

220 4401 421 4455 viderat
466 4405 912 4472 prepinqnorum.
971 4409 1131 4476 Igitur
1170 4410 1423 4478 Joannes,
1457 4426 1514 4469 ut
1545 4433 1668 4472 vere
1695 4420 1796 4473 Pa-

217 4491 409 4544 chumii
447 4492 642 4559 frater,
673 4495 908 4549 imitator
958 4498 1073 4566 ejus
1125 4500 1368 4569 effectus,
1414 4519 1531 4558 cum
1573 4523 1637 4561 eo
1673 4525 1797 4578 per-

220 4583 437 4645 mansit,
472 4599 637 4637 unum
678 4584 935 4640 habentes
983 4588 1229 4658 idemque
1271 4595 1619 4661 propositum,
1647 4614 1799 4654 eum-

215 4668 447 4740 demque
477 4673 621 4727 circa
654 4674 820 4728 Deum
851 4677 1147 4733 dilectionis
1175 4680 1440 4737 allectum.
1491 4686 1559 4739 Et
1595 4690 1713 4757 quia
1744 4693 1794 4742 in

215 4762 322 4831 lege
376 4764 480 4818 Dei
538 4765 729 4821 diebus
780 4769 1175 4825 meditabantur
1218 4788 1281 4827 ac
1341 4778 1603 4842 noctibus,
1637 4782 1794 4835 nullis

212 4864 555 4910 terrenarum
586 4860 921 4927 negotiorum
941 4865 1083 4918 curis
1111 4880 1297 4920 eorum
1334 4870 1497 4923 animi
1524 4871 1793 4940 deprime-

212 4944 431 4999 bantur.
464 4948 595 5001 Nam
626 4950 724 5003 etsi
757 4951 1039 5020 quidquam
1095 4967 1373 5023 supererat
1412 4961 1513 5015 illis
1564 4977 1627 5015 ex
1686 4964 1785 5027 his,

206 5050 320 5100 qua:
347 5038 469 5089 suis
498 5040 741 5094 manibus
789 5042 1164 5113 operabantur,
1216 5048 1269 5100 id
1322 5050 1576 5103 continuo
1613 5054 1792 5106 distri-

210 5120 453 5177 burbant
479 5128 788 5195 egentibus,
811 5138 867 5183 ut
893 5130 1041 5197 juxta
1072 5148 1392 5202 praeceptum
1430 5138 1637 5193 Domini
1665 5140 1790 5196 Jesu

205 5208 409 5267 Christi
448 5216 510 5270 de
537 5219 769 5272 crastino
800 5221 1020 5277 minime
1047 5227 1341 5292 cogitarent
1370 5228 1586 5295 (Matth.
1613 5234 1708 5298 vt).
1734 5233 1788 5285 ln

206 5310 421 5358 tantum
454 5321 578 5361 vero
598 5308 1030 5364 vestimentorum
1058 5315 1276 5380 penuria
1305 5332 1425 5372 sese
1454 5323 1790 5375 constrinxe-

200 5405 344 5458 rant,
381 5405 448 5447 ut
477 5413 741 5467 nunquam
773 5401 1007 5457 lebitone
1038 5405 1142 5460 alio
1182 5417 1476 5476 uterentur,
1529 5413 1633 5467 nisi
1665 5429 1784 5468 cum

198 5492 512 5548 indumenti
541 5498 723 5552 sordes
753 5502 1043 5555 necessitas
1070 5507 1333 5575 coegisset
1374 5510 1576 5565 eluere.
1630 5511 1787 5568 Lebi-

198 5602 286 5647 ton
316 5593 452 5661 (18)
478 5610 649 5651 autem
677 5600 811 5655 linea
846 5605 1009 5657 vestis
1033 5616 1168 5675 erat,
1218 5610 1387 5664 instar
1415 5614 1636 5678 colobii,
1679 5631 1782 5682 qua

196 5694 465 5748 monachi
506 5706 716 5753 utuntur
756 5699 1021 5771 hodieque
1062 5718 1155 5773 per
1185 5707 1510 5766 Thebaidam
1541 5722 1591 5768 et
1619 5714 1782 5786 ngy-

1830 4548 1881 4605 D

1917 3298 2165 3361 Quicum
2215 3302 2330 3357 haac
2379 3307 2634 3375 audisset,
2685 3317 2919 3382 graviter
2960 3323 3173 3389 quidem
3208 3330 3326 3384 tulit
3353 3337 3494 3402 quod

1918 3386 2185 3443 insolitam
2215 3392 2457 3449 audisset
2488 3397 2765 3468 injuriam;
2794 3420 3165 3470 verumtamen
3215 3419 3349 3475 nihil
3378 3438 3492 3478 om-

1918 3475 2045 3528 nino
2072 3476 2123 3531 ei
2153 3483 2449 3547 respondit,
2476 3488 2568 3539 sed
2592 3503 2873 3549 mansuete
2907 3499 3196 3566 sustinens,
3223 3519 3345 3564 sese
3365 3525 3492 3566 con-

1916 3566 2092 3620 tinuit.
2123 3568 2482 3640 Consequenti
2514 3592 2641 3632 vero
2682 3593 2839 3637 nocte
2892 3587 2957 3639 ad
3007 3589 3259 3649 inferiora
3301 3599 3490 3656 domus

1914 3656 2275 3726 descendens,
2308 3666 2461 3734 cnjns
2490 3668 2719 3737 aliquam
2766 3685 2969 3741 partem
3028 3681 3143 3750 ipse
3180 3697 3489 3746 construxe-

1914 3757 2015 3813 rat,
2049 3752 2338 3815 prostravit
2359 3769 2418 3809 se
2443 3756 2492 3808 in
2512 3760 2809 3816 orationem
2833 3780 2847 3829 ;
2881 3769 3149 3839 coepitque
3171 3773 3300 3831 ﬂere
3322 3780 3484 3834 vehe-

1914 3848 2139 3901 menter,
2174 3854 2234 3895 ac
2261 3841 2442 3899 dicere
2474 3864 2485 3897 :
2520 3847 2611 3902 Vae
2652 3851 2804 3921 mihi,
2853 3858 2976 3924 quia
3008 3862 3286 3928 prudentia
3312 3874 3487 3927 carnis

1912 3925 2086 3980 adhuc
2135 3929 2185 3980 in
2239 3946 2323 3984 me
2352 3934 2452 3988 sibi
2507 3938 2756 3994 vendicat
2786 3944 2982 4001 locum.
3011 3950 3199 4007 Adhuc
3227 3957 3369 4012 enim
3398 3976 3485 4015 se-

1908 4015 2140 4067 cundum
2172 4032 2385 4073 carnem
2418 4025 2657 4093 ambulo,
2684 4031 2819 4086 sicut
2846 4049 3015 4104 nuper
3060 4054 3310 4110 expertus
3342 4063 3483 4107 sum.

1908 4103 2097 4159 Tantae
2128 4122 2355 4178 namque
2408 4108 2829 4178 conversationis
2877 4126 3117 4186 instituta
3165 4138 3483 4208 suscipiens,

1908 4208 2118 4261 aequum
2149 4212 2252 4253 non
2284 4210 2366 4254 est
2398 4214 2452 4256 ut
2483 4220 2569 4259 me
2599 4210 2759 4266 modo
2781 4214 3109 4284 impatientia
3161 4229 3478 4300 praecipitet,

1907 4285 2067 4338 modo
2092 4300 2291 4343 mceror
2321 4304 2495 4359 vexet,
2532 4300 2690 4353 modo
2740 4302 2886 4359 furor
2928 4285 3180 4381 exagitet,
3234 4285 3478 4384 quamvis

1902 4379 2024 4446 jure
2047 4397 2109 4436 ac
2137 4385 2329 4439 merito
2352 4389 2532 4443 videar
2560 4393 2736 4450 irasci.
2770 4399 3024 4459 Miserere
3053 4410 3182 4473 mei,
3232 4412 3475 4483 Domine,

1908 4484 1973 4524 ne
2000 4486 2236 4539 peream,
2262 4492 2327 4530 ne
2356 4479 2551 4543 diaboli
2585 4484 2838 4555 deceptus
2878 4484 3062 4550 fraude
3107 4503 3474 4562 succumbam.

1907 4561 1963 4614 Si
1996 4564 2133 4617 enim
2167 4582 2252 4621 me
2282 4577 2366 4623 tua
2395 4574 2563 4639 gratia
2595 4575 2915 4648 deseruerit,
2941 4594 2995 4638 et
3034 4587 3265 4656 aliquam
3307 4594 3360 4646 in
3392 4612 3477 4651 me

1903 4662 2106 4717 partem
2137 4670 2359 4711 suorum
2389 4671 2603 4717 actuum
2644 4671 2905 4735 repererit
2954 4673 3224 4746 inimicus,
3257 4684 3476 4740 durissi-

1901 4757 2002 4796 mae
2049 4743 2166 4812 ejus
2212 4749 2455 4804 servituti
2501 4753 2786 4823 subjiciar,
2815 4762 2935 4828 quia
2966 4768 3220 4834 scriptum
3252 4784 3377 4827 est:
3428 4780 3470 4831 Α

1899 4849 2005 4900 quo
2037 4838 2155 4897 quis
2183 4850 2484 4907 superatur,
2515 4844 2636 4899 huic
2659 4858 2713 4902 et
2756 4866 2946 4911 servus
2971 4856 3231 4914 addicitur
3262 4863 3328 4933 (ll
3352 4864 3471 4923 Pet.

1898 4923 1980 4989 ιι).
2017 4923 2079 4976 Et
2105 4926 2295 4979 iterum
2326 4930 2585 4997 scriptum
2616 4946 2701 4988 est
2726 4955 2737 4989 :
2762 4939 2814 4992 Si
2841 4952 3001 4995 totam
3036 4946 3203 5016 legem
3230 4923 3350 5019 quis
3371 4956 3474 5010 int-

1899 5019 2139 5085 pleverit,
2173 5020 2408 5075 oﬂ'endat
2432 5036 2609 5079 autem
2663 5030 2715 5081 in
2770 5048 2895 5097 uno,
2929 5035 3096 5092 factus
3123 5052 3204 5095 est
3229 5047 3468 5104 omnium

1898 5121 2019 5160 reus
2053 5108 2191 5176 (Jac.
2225 5109 2304 5179 ιι).
2356 5112 2555 5181 Credo,
2610 5117 2854 5186 Domine,
2910 5127 3051 5192 quod
3102 5132 3471 5196 miserationes

1897 5204 2001 5249 tua:
2048 5200 2228 5253 multae
2257 5212 2412 5267 sunt;
2445 5219 2563 5272 qua:
2592 5224 2676 5261 me
2727 5211 2886 5264 nullis
2938 5220 3141 5273 meritis
3182 5224 3469 5285 subnixum

1896 5286 2236 5359 adjuvabant,
2256 5293 2500 5362 viamque
2515 5308 2819 5353 sanctorum
2851 5315 3059 5362 tuorum
3078 5326 3170 5378 per
3190 5323 3243 5369 te
3270 5317 3468 5374 illumi-

1898 5388 2052 5431 natus
2100 5381 2403 5450 ingrediar;
2443 5395 2497 5438 et
2527 5388 2576 5439 in
2617 5393 2887 5446 anteriora
2936 5412 3022 5451 me
3042 5415 3255 5471 semper
3282 5420 3467 5463 exten-

1895 5466 2049 5532 dens,
2081 5469 2368 5524 obliviscar
2398 5489 2459 5527 ea
2490 5492 2609 5543 quae
2642 5491 2786 5535 retro
2818 5493 2943 5537 snnt
2974 5466 3197 5560 (Philip.
3229 5498 3330 5565 ιιι).
3375 5500 3465 5555 Sic

1892 5558 2033 5611 enim
2070 5559 2386 5614 famulorum
2437 5573 2645 5621 tuorum
2699 5572 2915 5634 chorus.
2966 5580 3056 5643 qui
3084 5582 3175 5635 tibi
3208 5599 3236 5636 a
3266 5591 3462 5643 saeculo

1894 5649 2110 5713 placuit,
2138 5659 2228 5703 tuo
2252 5660 2525 5718 protectus
2563 5662 2782 5726 auxilio,
2836 5664 3031 5720 diaboli
3062 5671 3251 5727 vitavit
3277 5677 3457 5731 incur-

1892 5754 2002 5804 sus,
2036 5740 2193 5810 longe
2217 5743 2428 5812 lateque
2454 5764 2548 5813 pro
2579 5752 2860 5809 multorum
2909 5759 3337 5825 saluteJnirabili
3366 5769 3457 5823 de-
