4016 6234
465 351 566 407 Ξῦ9

1503 340 1590 395 DE
1626 336 1805 394 VITIS
1844 329 2132 390 PATliUM
2174 330 2377 385 LIBER
2417 326 2694 385 PRIMUS.

3620 325 3727 381 210

465 479 591 519 core
610 460 957 530 resttlettduit.
987 459 1098 528 Ego
1125 466 1325 523 autem,
1349 454 1595 521 Domine,
1618 452 1886 524 quomodo
1907 449 2041 504 alios
2072 447 2120 506 Α
2148 445 2383 499 naSIerio
2413 460 2511 500 suo
2541 458 2700 499 causa
2728 441 2987 498 orationis
3041 442 3107 496 ad
3155 442 3272 496 loca
3318 439 3605 495 remotiora
3635 441 3727 494 de-

466 557 664 610 docere
692 550 937 615 tentaho,
962 564 1096 617 quos
1126 562 1221 617 per
1252 561 1340 601 me
1384 546 1452 600 ad
1502 543 1887 599 monachorum
1918 553 2043 608 pro-

468 648 701 715 positum
732 655 925 697 vocare
969 638 1273 709 dignaberis
1299 654 1314 702 ;
1345 650 1467 690 cum
1498 649 1598 689 nec
1617 632 1892 703 passiones
1920 643 2043 683 car-

470 740 574 801 nis,
607 752 725 805 quae
748 734 1007 789 adversus
1034 729 1269 783 animam
1299 726 1551 791 militant,
1589 731 1715 779 ante
1733 719 2042 785 devicerim,

470 843 570 883 nec
599 828 770 896 legem
798 833 941 877 tuam
974 821 1308 875 immaculata
1336 828 1514 871 meme
1544 812 1914 871 servaverim?
1940 808 2047 863 Sed

470 921 702 983 confido,
737 916 971 979 Christe,
1017 912 1156 982 quod
1205 921 1293 965 tua
1349 908 1477 963 milii
1504 908 1674 961 virtus
1709 906 1763 959 in
1802 901 2050 957 omnibus

470 1027 687 1080 semper
708 1011 947 1073 assistat,
975 1020 1144 1072 eaque
1171 1017 1350 1073 geram
1381 1016 1498 1070 qua:
1548 998 1653 1053 tuis
1677 994 2052 1062 conspectibus

473 1103 737 1169 placeant.
764 1098 1016 1161 Remitte,
1041 1092 1460 1149 clementissime
1482 1091 1644 1154 Deus,
1674 1088 1908 1151 remitte,
1932 1099 2054 1152 pre-

475 1208 592 1257 cor,
627 1188 803 1244 omnia
828 1195 1045 1257 peccata
1070 1199 1210 1244 mea.
1244 1190 1297 1237 et
1321 1196 1415 1237 cor
1436 1195 1611 1235 meum
1642 1190 1729 1233 tua
1752 1177 1950 1247 jugiter
1972 1174 2057 1227 in-

474 1280 750 1350 spectione
772 1276 1021 1345 puriﬁca.
1047 1272 1172 1326 Iltec
1205 1272 1366 1339 igitur
1394 1285 1513 1324 cum
1558 1266 1806 1339 lacrymis
1827 1264 2056 1320 Domino

474 1368 825 1424 conﬁtebatur
892 1373 945 1418 et
976 1362 1209 1426 ﬂetibus,
1271 1366 1376 1414 tota
1420 1366 1577 1414 nocte
1605 1356 1826 1426 pervigil
1858 1356 1910 1409 in
1937 1371 2057 1409 ora-

477 1462 623 1515 tione
653 1456 986 1519 consistens;
1014 1462 1067 1508 et
1097 1468 1205 1522 pra:
1236 1450 1511 1505 nimietate
1559 1448 1772 1503 sudoris
1800 1455 1959 1516 atque
1982 1447 2056 1499 la-

479 1562 782 1620 crymarum
818 1544 961 1616 (nam
988 1550 1194 1609 tempus
1224 1548 1339 1594 erat
1361 1537 1584 1604 aestatis)
1609 1537 1677 1591 ita
1696 1535 2055 1603 pavimentum

478 1642 568 1695 ubi
601 1642 847 1692 oraverat
874 1634 1183 1687 humectum
1233 1627 1489 1693 reddidit,
1546 1635 1608 1679 ttt
1644 1628 1758 1679 fusa
1789 1624 1897 1679 illic
1922 1637 2057 1691 aqua

476 1732 803 1787 crederetur.
853 1725 1221 1779 Consueverat
1274 1729 1452 1775 autem
1504 1728 1652 1772 stans
1705 1717 1758 1771 in
1818 1714 2060 1769 oratione

2147 535 2427 589 scendere.
2469 535 2569 602 Qtti
2626 549 2748 587 cum
2797 531 2989 588 exinde
3036 541 3417 595 reverteretur,
3469 530 3730 586 immundi

2148 625 2367 691 Spiritus
2391 627 2698 688 illudentes,
2729 625 3039 692 frequenter
3056 640 3177 678 eum
3208 622 3353 678 facto
3380 624 3525 679 velut
3543 624 3734 679 ordine

2149 714 2550 783 prtecedebant,
2590 715 2937 770 exhortantes
2964 715 3099 768 alter
3138 714 3386 779 alterum,
3416 714 3568 781 quasi
3610 722 3735 768 ante

2148 805 2383 874 judicetn
2408 805 2627 858 directis
2654 805 2974 875 agminibus,
3002 819 3064 858 ac
3085 804 3323 858 dicentes
3356 822 3370 857 :
3403 804 3540 857 Date
3560 805 3736 858 locum

2154 899 2353 953 homini
2390 899 2503 952 Dei.
2532 899 2850 953 l’achomius
2871 908 3049 953 autem
3074 914 3170 967 spe
3196 898 3391 953 Christi
3412 899 3740 968 Redempto-

2158 990 2234 1044 ris
2260 1001 2521 1055 armatus,
2551 990 2842 1058 spernebat
2868 1004 3054 1043 eorum
3084 988 3368 1043 ridiculosa
3390 987 3667 1058 ﬁgmenta,
3685 997 3742 1044 et

2156 1093 2220 1134 ac
2250 1079 2296 1133 si
2345 1094 2539 1133 canum
2587 1079 2810 1133 latratus
2865 1078 3228 1147 ineptissimos
3281 1080 3592 1148 deputabat.
3636 1081 3742 1146 Qui

2160 1184 2406 1238 magnam
2435 1167 2538 1221 viri
2569 1168 2975 1223 considerantes
3003 1169 3333 1237 instantiam,
3357 1170 3499 1239 quod
3518 1171 3572 1225 in
3592 1171 3743 1224 nullo

2158 1275 2381 1330 prorsus
2412 1261 2575 1314 tantis
2597 1260 2978 1314 luctaminibus
3027 1260 3380 1329 frangeretur,
3412 1261 3625 1315 irruunt
3652 1275 3743 1314 su-

2162 1366 2257 1420 per
2286 1366 2407 1405 cum
2440 1365 2635 1418 magno
2685 1363 2860 1403 cuneo
2902 1349 3747 1418 conglobati;etcircumdantcs

2159 1442 2275 1510 ejus
2307 1441 2686 1510 habitaculum,
2711 1441 2810 1496 visi
2842 1450 2967 1495 sunt
3016 1440 3144 1494 illud
3172 1455 3202 1494 a
3226 1439 3576 1511 fundamento
3605 1454 3742 1494 con-

2160 1535 2379 1597 vellere,
2403 1535 2472 1587 ita
2502 1541 2560 1587 ut
2580 1542 2786 1602 putaret
2817 1541 3032 1588 sanctus
3086 1534 3261 1587 locum
3309 1532 3522 1602 penitus
3576 1530 3747 1586 fuisse

2161 1623 2477 1690 collapsum.
2500 1622 2601 1689 Qui
2632 1637 2853 1677 manens
2884 1623 3201 1691 intrepidus,
3233 1633 3544 1677 consuetam
3574 1624 3748 1677 citha.

2165 1729 2279 1766 ram
2308 1713 2569 1779 spiritalis
2599 1713 2787 1781 plectri
2844 1713 3208 1766 modulatione
3247 1711 3514 1779 pulsabat,
3539 1711 3746 1781 ingenti

480 1834 673 1875 manus
698 1815 1032 1885 expandere,
1081 1825 1214 1881 quas
1243 1826 1339 1879 per
1378 1809 1582 1876 aliquot
1610 1805 1862 1860 horarmn
1889 1803 2058 1870 spatia
2091 1805 2141 1867 Β
2170 1819 2298 1859 voce
2326 1804 2619 1858 decantans
2644 1821 2657 1857 :
2684 1804 2824 1860 Deus
2852 1814 3036 1860 noster
3062 1805 3326 1873 refugium
3352 1814 3407 1859 ct
3433 1807 3625 1871 virtus,
3650 1807 3747 1859 atl-

475 1910 701 1964 tninime
730 1904 1047 1973 colligebat;
1076 1899 1170 1954 sed
1218 1897 1534 1954 extensiOne
1576 1896 1845 1959 diuturna,
1890 1894 2058 1949 veluti

475 2002 621 2057 cruci
673 1997 940 2055 conﬁxum
993 2005 1188 2061 corpus
1234 1988 1504 2045 retinebat
1554 1986 1852 2051 immobile,
1899 1993 1953 2040 et
1982 1984 2060 2039 sic

474 2092 710 2143 animum
739 2099 894 2141 suum
924 2082 990 2137 ad
1037 2078 1363 2151 vigilandum
1418 2078 1471 2132 in
1498 2076 1746 2147 precibus
1768 2074 2054 2129 excitabat.

454 2164 459 2175 “’
476 2180 541 2233 Ει
563 2176 806 2246 quamvis
832 2182 973 2229 esset
1000 2172 1050 2228 in
1072 2170 1221 2224 omni
1242 2169 1496 2223 virtutum
1516 2181 1713 2238 genere
1728 2174 2054 2235 praepetens,

476 2266 774 2323 incredibili
802 2273 980 2317 tamen
1009 2258 1318 2315 humilitate
1367 2264 1422 2310 et
1468 2257 1602 2311 mira
1651 2253 2058 2310 mansuetudine

476 2374 600 2414 cum
629 2370 729 2411 suo
757 2366 1016 2423 germano
1046 2348 1385 2412 cohabitans,
1418 2361 1537 2403 cum
1573 2360 1668 2414 per
1692 2346 1869 2400 omnia
1898 2343 2058 2399 susti-
2084 2338 2087 2341 ’

481 2448 703 2502 tinebat.
735 2443 836 2511 Qui
878 2455 986 2495 non
1034 2446 1156 2507 post
1201 2436 1426 2489 multum
1459 2433 1732 2503 temporis,
1772 2432 1899 2487 vitae
1929 2447 2060 2500 pras-

480 2537 647 2593 sentis
679 2546 895 2588 cursum
927 2527 1187 2598 implevit.
1218 2523 1382 2596 Cujus
1423 2524 1580 2579 funus
1628 2522 1807 2577 debito
1852 2520 2060 2577 curavit

482 2632 687 2683 honore
728 2622 1065 2679 Pacltomius.
1114 2618 1245 2674 Nam
1298 2626 1460 2672 totam
1516 2624 1725 2671 noctem
1753 2631 1915 2686 super
1942 2614 2059 2683 ejus

482 2719 714 2774 cadaver
739 2714 959 2782 psalmis
983 2710 1094 2781 egit
1129 2709 1451 2780 hymnisque
1492 2707 1837 2777 pervigilem;
1871 2715 1926 2762 et
1944 2705 2059 2759 ani-

479 2824 619 2865 utam
647 2805 861 2876 quidem
887 2803 1004 2873 ejus
1037 2798 1262 2855 Domino
1292 2797 1707 2864 commendavit,
1752 2797 1839 2853 cui
1859 2807 1915 2853 et
1944 2797 2059 2866 ipse

479 2901 803 2961 crediderat,
829 2908 1024 2965 corpus
1050 2907 1180 2949 vero
1207 2891 1433 2947 sollicite
1453 2891 1686 2947 reddidit
1711 2890 2019 2959 sepulturae.

548 2993 682 3049 CAP.
706 2988 1075 3046 XVl.-—Tunc
1103 2984 1446 3054 infatigabilis
1476 2984 1794 3040 Pachomius
1822 2994 1964 3038 arcta
2005 2990 2061 3038 et

477 3083 733 3154 singulari
758 3078 1170 3137 conversatione
1210 3077 1557 3146 semetipsum
1588 3074 1856 3145 afﬂigens,
1880 3073 2061 3129 stude-

2159 1898 2305 1967 jutor
2333 1897 2384 1950 in
2414 1895 2867 1964 tribulationibus,
2895 1912 3014 1966 qua:
3042 1895 3362 1952 invenerunt
3404 1911 3504 1951 nos
3547 1897 3749 1963 nimis;

2163 1999 2442 2057 prepterea
2473 2002 2576 2043 nou
2606 1989 2912 2045 timebimus
2933 1988 3059 2043 dum
3084 1988 3379 2044 turbabitur
3400 1998 3537 2044 terra
3563 1987 3745 2057 (Psal.

2164 2081 2313 2151 XLV).
2341 2080 2458 2147 Quo
2486 2080 2772 2150 psallente,
2808 2081 3054 2151 protinus
3085 2089 3169 2135 est
3196 2080 3330 2136 facta
3360 2080 3748 2149 tranquillitas,

2161 2180 2217 2225 et
2243 2172 2474 2240 impetus
2512 2172 2850 2226 inimicorum
2876 2172 3022 2226 velut
3053 2170 3231 2226 fumus
3269 2172 3518 2237 evanuit;
3553 2173 3751 2240 paulu-

2164 2263 2273 2317 lum
2316 2261 2529 2331 quidem
2562 2263 2899 2328 recedentes,
2950 2272 3008 2315 ut
3035 2277 3220 2327 canes,
3251 2261 3345 2330 qui
3379 2276 3503 2315 cum
3532 2261 3747 2331 fatigati

2161 2352 2380 2417 fuerint,
2430 2351 2495 2404 ad
2550 2365 2792 2420 praesens
2835 2349 3087 2406 videntur
3110 2350 3425 2415 abscedere,
3449 2349 3543 2405 sed
3570 2351 3753 2418 impu-

2164 2446 2440 2500 dentiores
2460 2453 2647 2514 postea
2664 2452 3042 2509 revertuntur;
3066 2458 3189 2498 nam
3212 2457 3332 2497 cum
3355 2441 3497 2497 idem
3523 2449 3753 2497 sanctus

2163 2545 2287 2604 post
2312 2534 2584 2590 orationes
2612 2534 2678 2587 ad
2724 2548 2862 2603 opus
2907 2533 3123 2589 solitum
3170 2532 3526 2607 consedisset,
3575 2532 3756 2587 instar

2161 2626 2283 2695 galli
2314 2623 2593 2694 gallinacei
2639 2621 2817 2678 nimiae
2866 2621 3250 2693 magnitudinis
3291 2635 3473 2677 coram
3501 2634 3568 2677 eo
3598 2621 3757 2675 visus

2162 2726 2244 2769 est
2270 2715 2541 2778 inimicus,
2574 2715 2794 2769 crebras
2823 2714 3023 2769 iterans
3073 2727 3255 2777 voces,
3297 2720 3354 2767 et
3379 2714 3644 2768 clamores
3667 2713 3757 2767 in-

2161 2808 2407 2862 conditos
2436 2805 2715 2870 excitans;
2742 2806 2938 2861 deinde
2964 2805 3209 2861 insiliens
3236 2804 3289 2859 in
3337 2819 3482 2869 eum,
3513 2806 3626 2859 suis
3658 2821 3758 2861 ve-

2163 2899 2239 2952 lut
2267 2898 2530 2968 unguibus
2560 2896 2705 2952 fmde
2728 2882 3003 2952 laceravit.
3062 2897 3165 2963 Qui
3208 2896 3362 2966 signo
3401 2897 3576 2952 crucis
3601 2898 3757 2952 fron-

2164 2996 2269 3041 tem
2298 3001 2451 3041 suam
2480 2988 2751 3056 muniens,
2784 2986 3087 3042 exsufﬂavit
3114 2988 3165 3041 in
3193 3002 3315 3043 eum
3348 2985 3483 3057 (21),
3515 3002 3760 3057 moxque

2167 3076 2377 3145 fugatus
2409 3085 2513 3131 est.
2548 3074 2890 3146 lntelligehat
2920 3077 3062 3131 enim
3093 3086 3314 3133 cunctas
3335 3077 3535 3132 inimici
3562 3093 3759 3132 versu-

476 3178 568 3230 bat
593 3174 859 3244 integrum
881 3184 944 3226 se
973 3178 1132 3237 atque
1161 3167 1558 3221 immaculatum
1604 3165 1656 3221 in
1686 3166 1937 3221 omnibus
1962 3181 2054 3219 ex-
2084 3159 2131 3221 C
2164 3170 2298 3235 tias;
2340 3176 2394 3224 et
2424 3168 2619 3223 timore
2645 3168 2828 3223 divino
2856 3168 3141 3238 praeditus,
3168 3169 3445 3224 illusiones
3490 3168 3609 3237 ejus
3649 3182 3765 3236 pro

480 3267 687 3321 hibere.
731 3263 788 3319 Si
832 3259 1045 3332 quando
1093 3272 1325 3328 namque
1353 3273 1477 3312 eum
1507 3257 1760 3326 cogitatio
1786 3260 2055 3326 pulsasset

482 3356 693 3424 illicita,
724 3367 852 3408 mox
884 3366 1001 3407 eam
1031 3349 1210 3403 divino
1242 3363 1462 3403 munere
1483 3348 1798 3416 repellebat,
1820 3349 2055 3416 atquein

476 3448 668 3503 timore
700 3442 909 3499 Domini
942 3439 1321 3511 perseverabat
1348 3438 1563 3507 afﬁxus,
1593 3448 1916 3493 aeternarum
1938 3454 2054 3492 me-

480 3553 595 3593 mor
648 3548 949 3606 pceuarum,
995 3540 1049 3587 ct
1097 3529 1339 3585 dolorum
1381 3528 1500 3583 sine
1550 3529 1655 3584 ﬁne
1703 3529 2053 3594 manentium,

479 3629 616 3698 ignis
645 3627 853 3681 scilicet
880 3623 1024 3679 illius
1072 3620 1546 3691 inexstinguibilis,
1592 3628 1646 3674 et
1681 3619 1879 3674 vermis
1921 3635 2056 3675 nun-

485 3732 644 3787 quam
690 3712 912 3769 omnino
941 3711 1241 3767 morientis.
1269 3710 1401 3764 Cum
1431 3709 1512 3763 his
1535 3710 1715 3778 itaque
1744 3709 2061 3764 Pachomius

485 3807 657 3861 modis
683 3812 742 3860 et
769 3803 837 3858 ab
868 3799 1068 3855 illicitis
1098 3800 1412 3864 abstineret,
1442 3808 1498 3853 et
1524 3797 1589 3852 ad
1622 3797 1846 3852 meliora
1902 3797 2063 3865 proﬁ-

484 3902 652 3957 ceret,
686 3888 948 3946 dilatandi
977 3888 1305 3942 monasteria
1330 3901 1512 3942 curam
1539 3887 1759 3956 gerebat
1808 3885 2061 3940 immodi-

484 4002 601 4042 cam
649 3998 745 4054 pro
786 3980 1129 4047 susceptione
1159 3979 1444 4033 multorum
1479 3996 1493 4032 :
1522 3978 1606 4032 cui
1637 3978 1883 4034 diabolus
1903 3980 2064 4034 velte-

487 4085 694 4132 menter
723 4073 886 4142 ctnpit
905 4071 1192 4137 obsistere,
1221 4069 1560 4139 stridensque
1588 4084 1753 4140 super
1780 4086 1904 4127 eum
1939 4072 2063 4127 den-

484 4165 652 4229 tibus,
678 4162 845 4216 veluti
890 4160 1175 4230 singularis
1202 4158 1346 4215 ferus
1377 4160 1514 4231 (20),
1547 4162 1868 4216 tentationes
1893 4160 1951 4216 ei
1974 4176 2065 4214 va-

482 4255 595 4309 rias
622 4252 912 4317 excitabat,
942 4249 991 4305 si
1029 4246 1209 4305 forsan
1251 4250 1506 4306 adversus
1543 4266 1666 4306 eum
1720 4250 1928 4306 fraudis
1953 4265 2065 4306 suae

484 4344 775 4415 reperisset
797 4344 1118 4412 ingressum.
1148 4340 1255 4397 Sed
1283 4341 1373 4397 hic
1400 4351 1555 4395 scuto
1605 4342 1727 4397 ﬁdei
1767 4342 2067 4398 communi-

487 4446 595 4501 tus,
651 4432 930 4502 vigilanter
976 4432 1177 4487 inimici
1230 4432 1532 4487 declinabat
1582 4432 1826 4496 insidias,
1853 4444 2065 4488 sanctas

487 4532 511 4575 ξ
528 4524 793 4593 cripturas
821 4522 1078 4577 memoria
1102 4521 1340 4577 retinens
1362 4530 1522 4589 atque
1549 4519 1865 4579 decantans.

555 4615 683 4671 Car.
718 4613 1197 4687 XVll.—Quadam
1242 4627 1372 4669 vero
1419 4614 1527 4676 die,
1578 4628 1696 4667 cum
1747 4613 2063 4670 Paehomius

485 4705 816 4775 supplicaret
845 4703 1094 4771 Domino,
1125 4710 1181 4759 et
1206 4717 1379 4774 genua
1409 4704 1567 4759 vellet
1596 4703 1649 4757 in
1684 4705 1923 4759 oratione
1944 4716 2065 4761 cur-

487 4810 633 4861 vare,
657 4804 784 4850 ante
811 4805 1160 4877 conspectum
1186 4794 1302 4863 ejus
1328 4793 1631 4848 daemonum
1675 4796 1958 4865 praestigiis
1987 4797 2064 4851 la-

482 4902 582 4941 cus
611 4886 878 4956 apparuit.
927 4883 1323 4955 Huiuscemodi
1360 4898 1591 4952 namque
1637 4883 1835 4954 ﬁguras
1877 4886 2062 4941 inanes

488 4987 649 5045 atque
675 4974 999 5044 superﬂuas,
1040 4962 1209 5028 hoStis
1241 4973 1456 5027 humani
1498 4978 1710 5044 generis
1735 4989 1947 5044 semper
1966 4990 2064 5029 ex-

488 5066 678 5120 bibere
704 5064 1016 5127 festinabat.
1050 5073 1107 5120 ut
1134 5065 1311 5134 aliqua
1353 5066 1699 5135 subreptionc
1746 5065 1831 5121 vel
1881 5065 2068 5122 fraude

488 5164 646 5209 meus
673 5155 882 5210 orantis
919 5168 948 5207 a
980 5154 1188 5224 propria
1220 5154 1516 5210 intentione
1555 5154 1833 5221 distracta,
1882 5170 2067 5223 preces

492 5246 717 5302 Domino
762 5242 1076 5314 purissimas
1123 5245 1316 5302 offerre
1361 5262 1465 5302 non
1491 5256 1694 5316 posset.
1744 5245 2066 5304 Pachomius

489 5352 621 5406 ergo
651 5337 955 5391 daamonum
982 5336 1277 5404 machinas,
1305 5337 1523 5393 Christo
1570 5338 1842 5393 revelante
1867 5352 2066 5404 cogno-

489 5443 672 5493 scens,
695 5428 998 5497 pariterque
1020 5428 1343 5499 despiciens,
1371 5430 1605 5484 maxima
1646 5429 1770 5486 ﬁdei
1816 5430 2065 5499 capiebat

487 5530 800 5592 augmenta;
831 5520 931 5574 bos
974 5520 1187 5590 quidem
1238 5529 1549 5595 constanter
1597 5535 1847 5590 arguens,
1892 5521 2059 5576 Deum

485 5623 615 5664 vero
644 5610 800 5665 solita
831 5609 1123 5680 gratiarum
1162 5612 1372 5664 actione
1400 5610 1741 5667 benedicens.

556 5698 921 5756 Consueverat
940 5712 1150 5769 quoque
1164 5707 1381 5757 sanctus
1405 5700 1485 5756 vir
1505 5702 1694 5772 procul
1729 5704 1928 5776 119a
1949 5718 2056 5760 mo-

2159 3259 2334 3313 nihilo
2358 3259 2724 3327 computabat.
2750 3258 2905 3315 Unde
2933 3258 3241 3328 frequenter
3261 3259 3330 3312 ab
3351 3273 3418 3314 eo
3439 3258 3761 3325 lacessitus,

2157 3351 2213 3406 in
2232 3350 2379 3405 nullo
2395 3350 2661 3405 lacessere
2683 3359 2923 3419 poterat;
2947 3351 3040 3407 sed
3058 3361 3311 3420 tanquam
3331 3351 3497 3406 turris
3519 3352 3760 3417 inexpu-

2158 3440 2416 3512 gnabilis,
2442 3440 2864 3509 patientissimus
2892 3440 2962 3496 ad
3016 3441 3197 3496 omnia
3225 3441 3519 3496 certamina
3551 3443 3765 3509 perdu-

2161 3534 2334 3588 rabat.

2234 3622 2436 3676 Rursus
2461 3621 2565 3675 alio
2597 3630 2833 3690 tempore
2868 3620 3118 3676 cohortes
3147 3620 3474 3689 daemonum,
3509 3622 3602 3675 tali
3646 3638 3759 3692 ge-

2164 3726 2291 3765 nere
2314 3710 2697 3780 phantasmatis
2726 3719 2967 3765 sanctum
2998 3710 3088 3765 Dei
3110 3707 3368 3765 famulum
3392 3719 3600 3766 tentare
3626 3727 3758 3765 mo—

2165 3801 2385 3855 liuntur.
2425 3800 2609 3857 Plures
2639 3801 2781 3856 enim
2817 3801 3194 3856 convenientes
3236 3800 3292 3855 in
3322 3816 3506 3869 unum,
3531 3800 3757 3857 arboris

2164 3891 2348 3945 folittm
2371 3906 2551 3945 coram
2576 3904 2641 3945 eo
2662 3891 2870 3959 magnis
2898 3891 3107 3945 funibus
3127 3892 3382 3961 colligare
3402 3890 3752 3954 videbantur,

2164 3990 2220 4037 et
2263 3996 2472 4037 summo
2500 3983 2782 4037 conamine
2811 3982 3023 4036 trahere
3046 4022 3063 4047 ,
3091 3983 3276 4037 dextra
3306 3983 3542 4053 ltevaque
3567 3982 3759 4039 ductis

2164 4072 2470 4139 ordinibus;
2510 4087 2574 4129 ac
2610 4081 2733 4128 sese
2761 4082 2945 4127 mutuo
2973 4073 3348 4142 cohortantes,
3376 4074 3456 4129 sic
3495 4076 3761 4129 insistere

2167 4164 2492 4229 nitebantur,
2515 4178 2578 4219 ac
2606 4163 2651 4217 si
2680 4162 2854 4231 magni
2881 4164 3069 4231 lapillis
3100 4172 3382 4218 moverent
3411 4164 3620 4231 pondus
3642 4163 3759 4217 im-

2166 4268 2435 4309 mensum.
2483 4253 2598 4308 Hoc
2639 4262 2815 4306 autem
2848 4252 3157 4321 nequissimi
3185 4252 3403 4321 spiritus
3443 4252 3644 4307 idcirco
3670 4251 3763 4307 fa-

2167 4343 2399 4407 ciebant,
2429 4350 2488 4397 ut
2528 4350 2759 4397 mentem
2786 4340 2927 4409 ejus,
2956 4342 3000 4394 si
3048 4351 3283 4410 possent,
3314 4342 3367 4396 in
3413 4340 3581 4395 risum
3610 4340 3761 4398 forte

2168 4433 2534 4498 resolverent,
2566 4440 2622 4486 et
2670 4432 2976 4487 invenirent
3016 4432 3158 4488 unde
3211 4432 3285 4487 illi
3335 4433 3758 4502 exprobrarent.

2088 4516 2142 4576 D
2168 4524 2404 4590 Quorum
2435 4522 2757 4578 Pachomius
2777 4522 3161 4592 impudentiam
3186 4537 3433 4590 cernens,
3458 4525 3759 4594 ingemuit;

2167 4621 2326 4683 atque
2353 4612 2421 4667 ad
2455 4613 2734 4666 Dominum
2764 4614 2938 4667 solitis
2984 4613 3232 4680 precibus
3276 4613 3601 4680 convolavit,
3635 4626 3762 4669 sta-

2169 4705 2368 4774 timque
2412 4703 2609 4759 virtute
2660 4703 2862 4758 Christi
2905 4712 3047 4757 totus
3075 4718 3260 4759 eorum
3304 4719 3508 4760 cuneus
3551 4714 3638 4759 est
3681 4707 3763 4761 ad

2168 4794 2390 4850 nihilum
2416 4794 2679 4849 redactus.

2241 4887 2568 4956 Frequenter
2595 4888 2739 4940 enim
2764 4902 2885 4942 cum
2914 4886 3175 4942 resideret
3201 4886 3268 4941 ad
3299 4900 3540 4943 mensam
3560 4925 3575 4948 .
3605 4886 3762 4941 Deo-

2169 4993 2272 5047 que
2299 4977 2500 5046 gratias
2524 4984 2725 5045 ageret.
2748 4978 3075 5046 apparebant
3103 4976 3185 5031 illi
3207 4976 3259 5032 in
3288 4978 3470 5032 habitu
3503 4977 3762 5047 pulcher-

2170 5069 2421 5123 rimarum
2455 5067 2757 5136 mulierum,
2782 5067 2961 5137 specie
3008 5068 3401 5133 diﬂ'ercntiutn,
3428 5077 3483 5124 et
3534 5069 3761 5137 procaci

2171 5174 2232 5212 ac
2258 5157 2393 5213 fteda
2415 5156 2650 5211 nuditate
2671 5157 2995 5226 conspicuas,
3010 5158 3183 5213 eidem
3205 5169 3384 5215 astare
3405 5158 3761 5224 videbantur,

2169 5260 2223 5304 et
2245 5265 2308 5304 ex
2337 5250 2591 5318 appositis
2620 5251 2760 5304 velle
2789 5253 3124 5319 contingere.
3145 5251 3253 5306 Sed
3282 5252 3482 5307 athleta
3512 5249 3762 5306 fortissi-

2169 5354 2307 5401 mus,
2332 5342 2572 5407 quamvis
2595 5342 2818 5397 sentiret
2840 5355 2905 5395 ex
2936 5340 3037 5394 hoc
3078 5341 3194 5409 ipso
3222 5341 3544 5406 molestiam,
3565 5350 3760 5396 tamen

2166 5427 2454 5483 extetiores
2474 5430 2659 5485 oculos
2688 5430 2965 5496 claudens,
2982 5438 3037 5485 ct
3063 5431 3346 5488 interiores
3370 5433 3436 5487 ad
3464 5432 3760 5487 Dominum

2167 5535 2435 5584 reserans,
2480 5535 2663 5576 eorum
2697 5522 2972 5578 molimina
3004 5524 3329 5592 proterehat.
3374 5524 3576 5578 Aderat
3601 5524 3759 5579 enim

2168 5614 2472 5668 misericors
2494 5612 2768 5678 Dominus,
2784 5615 2873 5682 qui
2895 5616 3055 5669 etiam
3080 5630 3221 5669 nunc
3241 5615 3484 5671 contritis
3505 5629 3569 5668 ac
3585 5613 3763 5668 rectis

2166 5707 2327 5761 corde
2347 5704 2556 5759 cunctis
2582 5704 2771 5761 adesse
2800 5704 3065 5775 dignatur,
3086 5717 3139 5763 et
3161 5706 3289 5763 dicit
3308 5724 3321 5761 :
3340 5706 3514 5763 Nolite
3533 5706 3755 5771 timere,
