4016 6244
276 322 360 383 2H
1034 325 1191 381 V'ITA
1231 323 1473 381 SANCTI
1517 321 1840 378 PACIIOMH
1879 321 2170 377 ABBATIS
2209 317 2699 376 TABENNENSIS.

3426 315 3536 370 24?.

277 465 367 519 ego
393 446 675 500 vobiscum
707 459 824 498 sum
855 441 1100 496 omnibus
1122 441 1310 495 diebus
1329 455 1496 509 usque
1516 441 1582 493 ad
1604 453 1854 494 consum-
1882 441 1935 501 Α
1960 438 2118 492 nitnis
2147 437 2326 491 alacer
2370 451 2466 504 pro
2490 437 2612 489 vita:
2656 433 2937 489 sanctitate
2965 435 3227 500 certabat,
3265 435 3538 501 postulans

280 536 565 591 matiouem
614 532 798 586 smculi
842 529 1054 599 (Matth.
1085 531 1311 596 xxvnt),
1343 543 1603 597 suumque
1643 529 1850 583 fidelem

277 628 526 684 fatnulum
555 624 801 679 servabat
831 624 880 676 in
909 621 1176 676 omnibus.

338 719 474 771 (Su.
506 715 891 769 XVlll.—Alia
925 728 1134 781 quoque
1167 714 1302 774 vice,
1321 726 1441 764 cum
1471 710 1610 765 idem
1640 720 1856 764 sanctus

279 807 524 880 gravibus
573 807 771 859 diaboli
826 804 1084 857 molestiis
1131 813 1436 869 urgeretur,
1469 803 1547 855 sic
1587 802 1656 854 ab
1683 816 1748 854 eo
1776 809 1860 854 est

277 899 564 954 crudeliter
605 910 797 958 caesus,
825 903 884 948 ut
924 910 952 947 a
995 908 1210 960 vespera
1260 908 1428 961 usque
1466 907 1654 955 mane,
1690 900 1857 945 totum

279 1002 467 1056 corpus
516 985 697 1039 multis
741 993 884 1039 esset
923 983 1232 1038 verberibus
1280 991 1576 1036 exaratum.
1612 983 1676 1036 Et
1701 995 1862 1049 quan-

277 1095 428 1148 quam
459 1077 738 1132 doloribus
764 1075 1094 1130 cruciaretur
1135 1073 1476 1138 immanibus,
1509 1074 1652 1127 nulla
1681 1082 1858 1127 tamen

276 1171 651 1239 desperatione
698 1166 910 1235 penitus
951 1165 1324 1234 frangebatur;
1371 1165 1464 1220 sed
1511 1180 1716 1219 memor
1744 1175 1860 1220 erat

280 1260 508 1325 [ὶυιιιίιιὶ,
544 1259 634 1327 qui
664 1271 851 1311 servos
894 1271 1000 1310 non
1043 1257 1241 1310 deserit
1270 1257 1321 1310 in
1356 1256 1662 1310 teutatione.
1710 1254 1860 1309 Tunc

274 1351 488 1417 quidam
540 1347 855 1412 monachus,
881 1345 997 1415 (2‘2)
1033 1347 1223 1410 Apollo
1271 1345 1489 1399 nomine
1515 1386 1528 1407 .
1561 1344 1728 1414 gratia
1776 1345 1858 1396 vi-

279 1440 424 1492 sendi
463 1437 612 1490 venit
652 1436 717 1488 ad
748 1450 892 1489 eum.
936 1434 1034 1489 Cui
1062 1434 1378 1488 Pachomius
1404 1437 1624 1502 loquens
1651 1448 1712 1486 ea
1745 1447 1862 1502 qua:

282 1533 547 1596 pertinent
590 1527 655 1579 ad
704 1527 926 1579 salutem
953 1567 966 1589 ,
1001 1525 1219 1580 insidias
1267 1525 1460 1580 diaboli
1507 1523 1860 1579 multiformes

282 1634 392 1672 esse
415 1617 789 1686 pronuntians,
813 1618 975 1685 erepit
999 1617 1157 1670 etiam
1187 1617 1277 1670 illa
1307 1631 1426 1686 qua;
1453 1615 1592 1670 circa
1623 1631 1681 1671 se
1709 1631 1861 1684 gere-

283 1710 469 1762 bantur
498 1723 772 1776 exponere
794 1747 810 1771 ,
838 1719 1142 1776 quantaque
1172 1708 1273 1761 sibi
1305 1723 1401 1776 per
1436 1721 1622 1760 eorum
1653 1707 1858 1760 acerbi-

1956 531 2233 586 aDomino
2255 540 2310 584 ut
2355 530 2399 584 si
2446 527 2558 583 fieri
2610 536 2809 596 posset,
2840 527 2982 594 quod
3033 525 3246 580 modum
3293 527 3538 579 humanas

1956 621 2258 687 fragilitatis
2301 619 2604 682 excederet,
2637 615 3008 672 necessitatem
3048 615 3221 668 somni
3253 628 3536 683 superaret

1960 709 2152 780 (litt/72,
2181 708 2216 762 ι.
2250 724 2324 771 ttt,
2353 725 2405 761 η.
2435 707 2526 776 55)
2548 747 2562 771 ,
2589 714 2849 770 quatenus
2875 704 3063 758 diebus
3104 719 3166 756 ac
3192 704 3434 757 noctibus
3463 705 3542 757 vi-

1959 803 2146 869 gilans,
2167 800 2592 855 adversariorum
2615 797 3037 851 machinamenta
3060 795 3381 858 destrueret,
3401 796 3542 848 sicut

1959 893 2212 961 scriptum
2255 901 2372 944 est:
2402 890 2696 957 Persequar
2723 887 2972 941 inimicos
3017 899 3187 948 meos,
3215 893 3268 938 et
3293 898 3540 952 compre-

1962 980 2193 1035 hendam
2223 980 2370 1043 illos;
2401 988 2455 1032 et
2481 994 2584 1032 non
2615 986 2913 1041 convertar,
2939 977 3108 1030 donec
3135 975 3404 1032 deficiant.
3434 975 3532 1028 Af-

1962 1072 2138 1139 ﬂigam
2169 1071 2310 1135 illos,
2345 1084 2443 1122 nec
2486 1077 2733 1135 poterunt
2759 1076 2931 1131 stare;
2963 1067 3155 1120 cadent
3182 1067 3283 1121 sub
3315 1067 3539 1136 pedibus

1962 1165 2115 1226 meis,
2146 1171 2199 1215 et
2226 1159 2548 1230 prtecinxisti
2578 1174 2664 1214 me
2687 1159 2884 1213 virtute
2910 1158 2974 1213 ad
3001 1159 3192 1214 bellum
3236 1157 3352 1229 (Ps.
3386 1156 3538 1226 xvu).

1965 1253 2248 1320 Postquam
2278 1266 2407 1306 vero
2439 1252 2552 1304 lucc
2598 1249 2782 1318 petitio
2825 1249 2962 1317 ejus,
3005 1260 3258 1317 quantum
3306 1247 3542 1302 conditio

1964 1345 2205 1409 permisit
2249 1346 2500 1407 humana,
2533 1343 2795 1410 completa
2841 1352 2945 1405 est,
2987 1341 3299 1395 invisibilem
3333 1339 3538 1393 hostem

1965 1448 2212 1504 tanquam
2247 1436 2430 1488 videns
2470 1434 2759 1495 sustinuit,
2787 1434 2840 1486 in
2882 1432 3110 1500 eloquiis
3149 1429 3456 1486 cmleStibus
3482 1445 3542 1484 se

1966 1533 2371 1594 perseveranter
2409 1537 2687 1577 exercens.
2732 1522 2926 1576 Preces
2951 1528 3129 1575 autem
3164 1521 3279 1588 ejus
3310 1521 3542 1574 incessa-

1966 1617 2097 1670 biles
2125 1623 2299 1679 erant,
2324 1625 2380 1664 ttt
2411 1611 2619 1664 Domini
2650 1611 2894 1664 voluntas
2918 1611 2971 1666 in
3003 1609 3251 1663 omnibus
3291 1607 3541 1678 implere-

1966 1717 2070 1762 tur.

284 1813 411 1854 tates
443 1802 585 1853 illata
616 1811 795 1854 essent
840 1800 1090 1866 verbera,
1121 1814 1420 1854 recensere.
1451 1799 1528 1853 Ad
1561 1813 1714 1868 quem
1744 1812 1858 1852 mo-
1887 1799 1936 1860 B
2031 1798 2160 1852 CAP.
2193 1796 2335 1851 XXI.
2358 1824 2424 1837 --
2448 1795 2687 1862 Quodam
2719 1803 2894 1846 autem
2918 1803 3176 1858 tempore,
3197 1805 3316 1843 cum
3340 1787 3542 1841 Pacilo-

286 1892 483 1944 nacbus
527 1891 602 1942 ait
627 1906 642 1945 ε
668 1889 904 1944 Virilitcr
944 1905 1041 1955 age
1065 1930 1079 1954 ,
1106 1897 1161 1944 et
1198 1890 1525 1945 confortetur
1552 1905 1648 1946 cor
1677 1899 1820 1944 tuum
1840 1930 1856 1955 ,

287 1976 604 2031 venerabilis
653 1978 832 2031 Pater.
883 1976 1072 2033 Sciens
1110 1977 1252 2032 enim
1299 1976 1543 2033 diabolus
1587 1978 1710 2047 quia
1736 1979 1778 2031 si
1809 1988 1860 2033 te

288 2071 399 2125 suis
418 2068 694 2124 cedentem
716 2067 1049 2122 conflictibus
1069 2067 1275 2134 vicerit,
1296 2077 1681 2137 consequenter
1700 2070 1860 2124 etiam

292 2175 414 2225 nos,
442 2158 528 2228 qui
563 2175 655 2227 pro
677 2158 869 2212 virium
901 2158 1246 2226 possibilitate
1271 2161 1621 2215 certaminum
1650 2168 1860 2216 tuorum

291 2259 586 2303 sectatores
611 2245 1139 2316 exsistimus,qutque
1166 2249 1396 2303 maxima
1423 2265 1518 2319 per
1546 2259 1597 2306 te
1623 2252 1865 2320 capimus

287 2338 538 2405 exempla
567 2336 838 2400 virtutum,
863 2335 1115 2404 perfacile
1143 2338 1448 2405 superabit;
1482 2340 1682 2395 idcirco
1707 2354 1755 2396 te
1775 2359 1866 2397 ve-

290 2427 566 2477 ltetttettter
614 2427 928 2495 impugnare
968 2442 1073 2480 non
1118 2428 1331 2483 desinit.
1389 2430 1494 2485 Sed
1539 2441 1622 2495 tu,
1662 2432 1866 2486 Domini

291 2514 618 2580 protectione
647 2517 882 2569 munitus
907 2561 922 2584 ,
955 2517 1208 2585 impetum
1248 2520 1362 2587 ejus
1407 2520 1614 2574 fortiter
1641 2523 1866 2589 excipe;

289 2619 374 2669 ne,
414 2605 556 2672 quod
600 2604 761 2670 absit,
794 2615 849 2660 et
878 2623 972 2675 pro
1003 2608 1155 2662 nobis
1202 2609 1410 2677 cogaris
1439 2610 1663 2666 reddere
1705 2614 1870 2665 ratio-

293 2709 431 2746 nem.
464 2694 599 2748 Nam
637 2698 682 2747 si
711 2705 787 2761 tu,
820 2698 909 2765 qui
939 2696 1090 2751 nobis
1118 2699 1285 2767 gratia
1311 2701 1486 2754 divina
1520 2702 1765 2770 praelatus
1788 2718 1867 2767 es,

289 2786 461 2854 aliqua
490 2784 694 2840 desidia
726 2789 1168 2852 cesseris,multis
1194 2793 1528 2847 occasionem
1552 2795 1718 2847 ruinae
1745 2809 1870 2847 cau-

288 2889 505 2943 samque
553 2879 850 2943 praeStahis.
881 2877 1006 2931 llaac
1038 2880 1259 2934 audiens
1291 2882 1873 2952 Pacbomius,graudes

290 2967 497 3035 acoepit
521 2968 663 3022 vires
689 2968 945 3022 adversus
973 2970 1272 3025 dtemonum
1303 2973 1554 3040 insidias;
1588 2987 1642 3030 et
1667 2975 1872 3044 glorifi-

289 3073 416 3110 cans
449 3058 619 3112 Deum
648 3059 715 3113 de
746 3059 924 3114 fratris
954 3064 1232 3130 praesentia
1257 3105 1271 3124 .
1300 3064 1616 3133 precabatur
1640 3082 1759 3120 eum
1808 3082 1876 3119 ne

1965 1890 2102 1944 mius
2131 1889 2373 1959 vigilaret
2400 1889 2450 1941 in
2481 1887 2723 1942 oratione
2745 1927 2759 1950 ,
2795 1885 3040 1954 apparuit
3071 1882 3144 1936 illi
3175 1883 3396 1951 angelus
3433 1880 3540 1932 Do-

1963 1982 2116 2046 mini,
2143 1980 2326 2035 dicens
2351 1997 2364 2032 :
2391 1979 2647 2032 Voluntas
2679 1977 2885 2031 Domini
2916 1987 3017 2040 est,
3042 1990 3074 2027 o
3104 1973 3375 2036 Pacltomi,
3405 1981 3460 2025 ut
3489 1971 3538 2024 ei

1967 2085 2096 2138 pura
2129 2079 2304 2124 mente
2333 2069 2668 2132 deserviens,
2691 2067 3078 2120 multitudinem
3108 2078 3399 2132 congreges
3429 2078 3543 2114 mo-

1967 2161 2281 2226 nachorum,
2313 2170 2366 2214 et
2398 2160 2551 2227 juxta
2599 2157 2823 2213 formam
2871 2172 2992 2225 quae
3047 2156 3139 2209 tibi
3179 2165 3390 2209 ostensa
3434 2162 3537 2216 est,

1967 2262 2190 2306 cunctos
2215 2250 2478 2315 inStituas,
2511 2263 2572 2302 ac
2600 2249 2706 2302 Deo
2735 2247 2992 2301 exhibere
3030 2245 3344 2300 contendas.
3375 2245 3540 2296 Acce-

1971 2350 2120 2412 perat
2163 2342 2305 2398 enim
2352 2341 2550 2396 dudum
2603 2339 2833 2394 tabulam
2865 2337 3005 2407 (25),
3040 2337 3090 2390 in
3119 2351 3220 2405 qua
3250 2344 3404 2390 erant
3431 2335 3546 2388 haec

1969 2438 2222 2491 adnotata
2250 2449 2267 2489 :

2041 2529 2171 2584 Car.
2207 2526 2368 2579 XXII.
2395 2555 2464 2566 -—
2482 2524 2718 2593 Singulis
2736 2525 2887 2593 juxta
2913 2524 3053 2578 vires
3083 2537 3208 2577 suas
3232 2522 3392 2578 edere
3421 2536 3547 2574 con-

1973 2621 2133 2675 cedas
2160 2631 2210 2674 et
2242 2619 2442 2682 bibere,
2473 2629 2527 2673 et
2572 2633 2666 2687 pro
2713 2618 2874 2672 modo
2921 2616 3270 2679 vescentium,
3305 2615 3549 2670 laborare

1973 2713 2297 2780 compellas;
2331 2722 2383 2764 et
2412 2725 2585 2779 neque
2615 2709 2893 2763 comedere
2918 2707 3179 2769 modeste,
3212 2721 3383 2771 neque
3410 2704 3550 2772 jeju-

1976 2815 2105 2856 narc
2134 2801 2437 2868 prohibeas.
2493 2799 2847 2852 Validioribus
2877 2797 3111 2867 quidem,
3144 2805 3196 2850 et
3219 2781 3560 2848 comedenti?

1976 2893 2096 2957 bus,
2142 2891 2394 2945 validiora
2427 2905 2625 2957 opera;
2678 2891 2872 2945 leviora
2910 2904 3039 2942 vero
3088 2887 3468 2940 infirmioribus
3498 2895 3551 2939 et

1977 2982 2368 3036 abstinentibus
2398 2982 2658 3048 imponas.

2052 3072 2237 3126 Facies
2257 3082 2434 3126 autem
2457 3071 2693 3126 diversas
2718 3071 2956 3134 cellulas,
2979 3077 3033 3123 et
3059 3077 3240 3123 ternos
3272 3059 3363 3132 per
3392 3079 3551 3118 unam

292 3164 349 3201 se
381 3150 678 3203 desereret.
725 3150 932 3204 Exinde
958 3163 1284 3207 memoratus
1313 3155 1501 3222 Apollo
1529 3171 1671 3223 saepe
1696 3157 1878 3210 venie-
1907 3159 1954 3222 C
1985 3161 2230 3216 cellulam
2277 3175 2495 3216 manere
2537 3161 2850 3214 constituas.
2881 3156 3130 3212 Omnium
3165 3169 3291 3210 vero
3319 3154 3471 3210 cibus
3500 3155 3552 3208 in

294 3242 384 3291 bat
427 3239 494 3292 ad
536 3253 742 3294 senem.
775 3242 874 3308 Qui
906 3252 1026 3310 post
1073 3243 1401 3312 aliquantum
1445 3248 1721 3314 temporis,
1750 3247 1875 3300 dum

291 3335 453 3387 so'ito
500 3334 845 3389 Pacltomium
891 3335 1142 3402 visitans,
1194 3338 1375 3404 paucis
1420 3352 1539 3392 cum
1578 3355 1645 3394 eo
1690 3339 1880 3394 diebus

294 3434 599 3478 remoratus
626 3434 792 3490 esset,
825 3426 998 3479 valida
1026 3427 1329 3481 infirmitate
1358 3439 1667 3496 correptus,
1695 3430 1880 3484 buma-

295 3513 378 3566 nis
424 3515 585 3568 rebus
627 3515 874 3580 excessit,
899 3517 1044 3585 juxta
1091 3527 1269 3572 votum
1299 3520 1442 3573 senis
1466 3519 1581 3575 dics
1607 3535 1733 3575 suos
1762 3537 1881 3590 per-

294 3605 432 3659 fecta
487 3609 893 3662 cenversatione
945 3624 1343 3664 consummans.
1388 3611 1657 3681 Sepelitur
1702 3613 1882 3682 itaque

293 3695 497 3749 sanctis
535 3698 804 3764 manibus,
829 3700 1050 3766 psalmis
1079 3700 1147 3754 ab
1175 3715 1240 3754 eo
1262 3710 1315 3756 et
1341 3701 1552 3770 hymnis
1579 3712 1636 3758 et
1663 3704 1883 3759 canticis

295 3788 630 3853 spiritalibus
658 3805 725 3844 ex
747 3805 896 3844 more
918 3791 1220 3845 celebratis.

366 3879 498 3934 Cxp.
529 3882 943 3954 XIX—120
985 3884 1208 3938 Tantam
1255 3899 1382 3938 vero
1431 3894 1550 3954 past
1593 3888 1708 3940 haec
1749 3887 1886 3941 fidu-

296 3979 436 4030 ciam
468 3980 651 4031 beatus
693 3979 1012 4034 Pachomius
1047 3981 1186 4048 apud
1221 3980 1499 4034 Dominum
1545 3982 1884 4050 arquisierat,

296 4079 351 4123 et
373 4069 444 4121 ita
463 4085 558 4136 spe
579 4070 755 4123 divina
777 4072 1087 4139 magnificus
1106 4071 1416 4135 habebatur,
1436 4079 1491 4123 ut
1514 4085 1886 4139 saepenumero

297 4159 534 4213 Calcaret
558 4170 838 4228 serpentes
860 4170 914 4215 et
940 4163 1270 4230 scorpiones,
1302 4171 1354 4215 et
1382 4177 1476 4228 per
1499 4163 1674 4214 omnia
1705 4177 1885 4216 mane-

299 4260 382 4302 ret
433 4251 665 4316 illtesus;
712 4267 922 4306 necnon
968 4254 1246 4318 crocodili,
1288 4254 1549 4322 siquando
1597 4255 1887 4308 necessitas

301 4339 519 4394 ﬂuvium
550 4343 779 4396 transire
806 4344 1180 4410 compelleret,
1215 4359 1334 4397 eum
1365 4360 1488 4398 cum
1518 4359 1722 4396 summa
1753 4343 1886 4397 sub-

292 4430 530 4499 jectione
582 4433 900 4499 portabant,
927 4445 1253 4501 exponentes
1283 4451 1404 4488 eum
1454 4435 1518 4487 ad
1552 4436 1725 4488 locum
1757 4450 1888 4504 quo-

1981 3265 2087 3305 uno
2116 3251 2231 3305 loco
2261 3261 2475 3319 paretur
2499 3259 2658 3318 atque
2685 3255 3048 3304 consumatur.

2054 3339 2344 3392 lnduantur
2385 3349 2566 3393 autem
2613 3340 2856 3394 noctibus
2905 3338 3166 3391 lebitones
3210 3334 3377 3387 lineos
3408 3328 3555 3400 (24),

1983 3429 2253 3499 praecincti
2294 3430 2523 3495 lumbos,
2555 3430 2886 3498 habeantque
2916 3425 3108 3497 singuli
3138 3426 3384 3478 melotem
3414 3421 3557 3492 (25),

1984 3524 2037 3577 id
2063 3532 2168 3589 est,
2199 3523 2468 3590 caprinam
2504 3522 2693 3588 pellem
2737 3520 3031 3574 confectam
3079 3517 3284 3581 albam,
3313 3515 3430 3568 sine
3456 3528 3558 3582 qua

1986 3628 2156 3683 neque
2185 3612 2484 3673 comedam,
2518 3626 2687 3679 neque
2707 3612 2990 3664 dormiant.

2054 3707 2383 3761 Accedeutes
2418 3714 2595 3758 tamen
2640 3703 2704 3757 ad
2736 3701 3163 3756 communionem
3200 3705 3560 3751 sacramento-

1985 3811 2104 3850 rum
2130 3795 2349 3857 Cbristi,
2381 3801 2434 3846 et
2469 3792 2708 3860 cingulos
2753 3791 2964 3845 solvant
2988 3829 3001 3854 ,
3031 3802 3083 3844 et
3115 3789 3365 3842 melotem
3396 3787 3560 3853 depo-

1990 3897 2140 3952 nant,
2171 3886 2390 3940 cucullis
2421 3893 2630 3938 utentes
2660 3881 3043 3936 tantummodo.

2062 3978 2176 4030 Hoc
2223 3977 2385 4030 etiam
2445 3984 2772 4044 praeceptum
2814 3980 2950 4036 erat,
2983 3981 3039 4025 ut
3084 3971 3233 4038 juxta
3287 3981 3564 4021 numerum

1988 4071 2373 4124 elementorum
2421 4076 2476 4122 et
2515 4065 2820 4118 Grascarum
2871 4063 3189 4124 litterarum,
3222 4074 3348 4112 xxtv
3386 4071 3566 4111 mona-

1986 4161 2207 4214 cltorum
2241 4167 2428 4211 turmae
2453 4155 2925 4217 constituerentur,
2951 4154 3022 4207 ita
3045 4162 3102 4206 ut
3129 4151 3350 4218 singulis
3379 4148 3567 4202 turmis

1989 4253 2395 4319 imponerentur
2424 4247 2754 4317 singularum
2785 4247 2999 4300 nomina
3034 4245 3350 4306 litterarum,
3385 4241 3436 4293 id
3462 4247 3568 4304 est,

1988 4345 2056 4400 ab
2083 4369 2138 4407 α,
2169 4354 2223 4398 et
2266 4343 2514 4410 deinceps
2562 4356 2728 4410 usque
2757 4339 2822 4392 ad
2853 4363 2892 4392 ω
2917 4378 2934 4404 ,
2966 4346 3024 4392 ut
3051 4352 3169 4390 cum
3221 4336 3569 4398 interrogaret

1990 4434 2458 4490 arcbimandritam
2481 4434 2548 4487 de
2570 4433 2746 4500 aliquo
2777 4431 2830 4483 in
2862 4428 3197 4482 multitudine
3230 4435 3397 4488 tanta,
3426 4421 3569 4474 facili

299 4536 510 4589 cunque
542 4524 903 4591 przrcepisset.
950 4525 1122 4592 Super
1153 4525 1234 4578 his
1265 4540 1392 4593 ergo
1420 4525 1529 4579 Deo
1573 4527 1768 4593 gratias
1799 4543 1884 4581 re-
1914 4510 1966 4571 Ι)
1991 4528 2340 4594 responsione
2385 4533 2750 4592 cognosceret.
2786 4520 2943 4574 Verbi
2989 4520 3158 4586 gratia
3178 4556 3192 4578 ,
3219 4529 3338 4569 cum
3365 4514 3571 4566 diceret

300 4613 495 4678 ferens,
521 4614 661 4681 quod
684 4615 751 4668 ab
779 4614 1044 4668 universis
1071 4613 1265 4668 inimici
1284 4613 1557 4668 fraudibus
1579 4628 1882 4670 servaretur

300 4702 516 4763 illaesos.
549 4707 761 4769 orabat,
790 4705 1008 4759 dicens:
1031 4705 1345 4759 Benedictus
1372 4721 1463 4772 cs,
1495 4707 1716 4762 Domine
1743 4708 1883 4763 Deus

301 4807 511 4859 patrum
544 4806 879 4857 nostrorum,
923 4795 1009 4864 qui
1042 4811 1144 4849 non
1194 4797 1480 4863 despexisti
1530 4797 1881 4852 humilitatem

300 4898 497 4948 meam,
532 4901 707 4951 neque
737 4885 907 4939 sivisti
954 4901 1039 4939 me
1079 4886 1237 4940 nimis
1279 4887 1547 4940 infirmum
1578 4889 1750 4956 decipi
1799 4890 1879 4942 vel

300 4973 452 5027 illudi
500 4973 687 5028 fraude
730 4973 961 5038 diaboli;
995 4976 1086 5030 sed
1118 4977 1537 5031 misericorditer
1573 4979 1883 5046 ignorantiae

301 5079 438 5119 meas
466 5064 764 5119 discutiens
806 5067 1054 5120 tenebras
1078 5106 1095 5130 ,
1121 5067 1351 5121 docuisti
1382 5082 1469 5120 me
1500 5067 1674 5121 facere
1705 5068 1891 5120 volun-

303 5165 466 5210 tatem
499 5169 662 5210 tuam.
690 5158 820 5211 Nam
846 5172 966 5212 cum
998 5158 1221 5224 pusillus
1247 5172 1421 5212 essem
1449 5167 1504 5211 et
1531 5158 1794 5227 abjectus,
1825 5172 1887 5211 ac

304 5248 430 5300 vita:
471 5263 605 5302 meae
636 5250 847 5316 penitus
891 5249 1124 5313 nescius,
1171 5249 1380 5301 timoris
1411 5249 1483 5302 tui
1515 5264 1728 5301 settsum
1761 5247 1891 5301 mihi

303 5334 529 5406 largitus
552 5352 632 5403 es,
654 5347 713 5391 ut
741 5336 987 5392 tenebras
1015 5340 1383 5405 exterioreset
1403 5338 1656 5405 supplicia
1685 5346 1881 5393 interna

301 5428 569 5495 devitans,
601 5442 651 5486 te
683 5448 858 5487 veram
889 5433 1059 5486 lucem
1091 5432 1448 5501 gaudiumque
1482 5448 1712 5498 perenne
1757 5447 1884 5501 cog-

309 5536 608 5575 IIOSCBI'CII’I.
928 5577 952 5604 .

381 5612 506 5664 CAP.
542 5611 657 5666 XX.
676 5613 888 5666 —Cum
917 5627 1043 5681 ergo
1066 5627 1126 5667 se
1152 5610 1356 5666 videret
1381 5613 1592 5666 assidua
1621 5614 1881 5667 dtemonis

310 5701 704 5771 impugnatione
750 5703 982 5769 pulsari,
1015 5713 1262 5767 tanquam
1312 5703 1631 5759 fortissimus
1679 5705 1879 5759 athleta

1992 4615 2218 4683 qualiter
2245 4623 2384 4667 esset
2416 4635 2471 4676 α,
2504 4613 2584 4664 vel
2613 4617 2660 4675 ζ,
2689 4619 2744 4665 et
2774 4624 2958 4663 rursus
2983 4610 3030 4670 λ,
3063 4606 3144 4660 vel
3179 4626 3227 4678 ρ,
3259 4603 3339 4657 vel
3367 4624 3400 4656 σ
3432 4600 3570 4671 (‘26),

1994 4707 2207 4776 preprio
2235 4704 2461 4774 quodam
2493 4702 2643 4771 signo
2669 4701 2897 4755 nominis
2924 4701 3133 4763 litterae,
3155 4696 3571 4760 uniuscujusque

1995 4807 2180 4850 turmae
2209 4809 2386 4848 mores
2411 4795 2756 4861 exprimeret,
2788 4791 3200 4859 simplicioribus
3230 4796 3285 4842 et
3317 4787 3568 4839 innocen-

1994 4891 2214 4944 tioribus
2242 4906 2276 4951 t,
2311 4901 2502 4941 nomen
2544 4886 2852 4952 imponens,
2881 4881 3268 4937 difficilioribus
3311 4890 3486 4931 autem
3517 4887 3573 4932 et

1995 4980 2272 5043 tortuosis,
2302 4980 2349 5042 ξ,
2378 4984 2744 5044 competenter
2788 4973 3226 5035 accommodans;
3261 4971 3331 5023 ita
3372 4977 3431 5023 ιιι
3476 4984 3573 5037 pro

1995 5072 2155 5126 modo
2183 5067 2603 5124 conversationis
2633 5076 2684 5122 et
2718 5065 2993 5134 propositi,
3018 5064 3243 5131 singulis
3272 5062 3462 5116 turmis
3490 5061 3576 5115 lit-

1996 5172 2227 5216 terarum
2259 5160 2524 5214 elementa
2547 5158 2909 5221 concinerent,
2940 5157 3070 5210 solis
3098 5156 3423 5223 spiritalibus
3459 5155 3573 5207 ltrec

1996 5253 2109 5319 ipsa
2139 5267 2257 5320 quae
2277 5251 2636 5319 significarent
2665 5250 2802 5302 scire
2831 5248 3146 5302 valentibus.

2066 5341 2173 5395 Sed
2204 5349 2276 5412 et.
2300 5342 2399 5395 ltoc
2438 5340 2490 5394 itt
2538 5341 2624 5393 illa
2655 5340 2827 5393 tabula
2877 5339 3143 5393 ferebatur
3173 5338 3486 5408 ascriptum,
3521 5347 3576 5388 ut

1993 5430 2304 5501 peregrinus
2347 5428 2562 5484 alterius
2590 5429 2916 5496 monasterii,
2945 5431 2989 5482 si
3023 5429 3222 5482 veniret
3255 5429 3456 5482 habens
3482 5429 3573 5478 ha-

1991 5522 2161 5575 bitum
2192 5520 2478 5581 diversum,
2509 5521 2682 5574 nullus
2722 5534 2840 5574 cum
2890 5536 2955 5574 eo
2995 5520 3317 5582 comederet,
3348 5527 3573 5583 excepto

1995 5629 2060 5666 eo
2088 5610 2175 5680 qui
2202 5611 2303 5663 iter
2331 5624 2492 5677 agens
2520 5611 2570 5663 id
2602 5613 2886 5665 observare
2915 5627 3017 5662 non
3050 5622 3246 5678 posset.

2061 5701 2161 5769 Qui
2207 5715 2332 5756 vero
2381 5702 2546 5757 semel
2575 5703 2642 5755 ad
2673 5702 2771 5756 hoc
2803 5703 3023 5756 intraret
3069 5698 3474 5758 monasterium,
3506 5699 3568 5745 ut
