  <div class='ocr_page' id='page_1' title='image "/cluster/home/n/w/nwhite01/storage/ocr_20150623/73/uva.x000827085/129.png"; bbox 0 0 4016 6234; ppageno 0'>
   <div class='ocr_carea' id='block_1_1' title="bbox 441 278 547 338">
    <p class='ocr_par' dir='ltr' id='par_1_1' title="bbox 441 278 547 338">
     <span class='ocr_line' id='line_1_1' title="bbox 441 278 547 338; baseline -0.028 0"><span class='ocrx_word' id='word_1_1' title='bbox 441 278 547 338; x_wconf 63' lang='grc'><strong>945</strong></span> 
     </span>
    </p>
   </div>
   <div class='ocr_carea' id='block_1_2' title="bbox 1483 286 2657 345">
    <p class='ocr_par' dir='ltr' id='par_1_2' title="bbox 1483 286 2657 345">
     <span class='ocr_line' id='line_1_2' title="bbox 1483 286 2657 345; baseline 0 -4"><span class='ocrx_word' id='word_1_2' title='bbox 1483 287 1567 343; x_wconf 79' lang='lat' dir='ltr'><strong>DE</strong></span> <span class='ocrx_word' id='word_1_3' title='bbox 1608 286 1783 343; x_wconf 85' lang='lat' dir='ltr'><strong>VlTlS</strong></span> <span class='ocrx_word' id='word_1_4' title='bbox 1821 287 2100 345; x_wconf 77' lang='lat' dir='ltr'><strong>PATRUM</strong></span> <span class='ocrx_word' id='word_1_5' title='bbox 2142 288 2341 344; x_wconf 83' lang='lat' dir='ltr'><strong>LIBER</strong></span> <span class='ocrx_word' id='word_1_6' title='bbox 2380 287 2657 345; x_wconf 75' lang='lat' dir='ltr'><strong>PRIMUS.</strong></span> 
     </span>
    </p>
   </div>
   <div class='ocr_carea' id='block_1_3' title="bbox 3593 267 3701 339">
    <p class='ocr_par' dir='ltr' id='par_1_3' title="bbox 3593 267 3701 339">
     <span class='ocr_line' id='line_1_3' title="bbox 3593 267 3701 339; baseline 0.009 -2"><span class='ocrx_word' id='word_1_7' title='bbox 3593 267 3701 339; x_wconf 64' lang='lat' dir='ltr'><strong>an</strong></span> 
     </span>
    </p>
   </div>
   <div class='ocr_carea' id='block_1_4' title="bbox 441 392 3698 470">
    <p class='ocr_par' dir='ltr' id='par_1_4' title="bbox 441 392 3698 470">
     <span class='ocr_line' id='line_1_4' title="bbox 441 392 3698 470; baseline -0.002 -17"><span class='ocrx_word' id='word_1_8' title='bbox 441 400 512 455; x_wconf 89' lang='lat' dir='ltr'><strong>ibi</strong></span> <span class='ocrx_word' id='word_1_9' title='bbox 537 398 735 470; x_wconf 90' lang='lat' dir='ltr'><strong>jugiter</strong></span> <span class='ocrx_word' id='word_1_10' title='bbox 776 408 1146 468; x_wconf 90' lang='lat' dir='ltr'><strong>permaneret,</strong></span> <span class='ocrx_word' id='word_1_11' title='bbox 1177 414 1269 464; x_wconf 87' lang='lat' dir='ltr'><strong>per</strong></span> <span class='ocrx_word' id='word_1_12' title='bbox 1302 409 1408 454; x_wconf 88' lang='lat' dir='ltr'><strong>tres</strong></span> <span class='ocrx_word' id='word_1_13' title='bbox 1439 416 1607 456; x_wconf 87' lang='lat' dir='ltr'><strong>annos</strong></span> <span class='ocrx_word' id='word_1_14' title='bbox 1634 418 1664 455; x_wconf 91' lang='lat' dir='ltr'><strong>a</strong></span> <span class='ocrx_word' id='word_1_15' title='bbox 1691 403 1883 458; x_wconf 91' lang='lat' dir='ltr'><strong>studiis</strong></span> <span class='ocrx_word' id='word_1_16' title='bbox 1927 418 2014 458; x_wconf 89' lang='lat' dir='ltr'><strong>sa-</strong></span> <span class='ocrx_word' id='word_1_17' title='bbox 2047 407 2092 462; x_wconf 79' lang='grc' dir='ltr'><strong>Α</strong></span> <span class='ocrx_word' id='word_1_18' title='bbox 2122 401 2247 455; x_wconf 87' lang='lat' dir='ltr'><strong>bum</strong></span> <span class='ocrx_word' id='word_1_19' title='bbox 2297 400 2614 455; x_wconf 88' lang='lat' dir='ltr'><strong>Pachomius</strong></span> <span class='ocrx_word' id='word_1_20' title='bbox 2662 397 2966 464; x_wconf 86' lang='lat' dir='ltr'><strong>frequenter</strong></span> <span class='ocrx_word' id='word_1_21' title='bbox 3016 393 3316 456; x_wconf 84' lang='lat' dir='ltr'><strong>insinuans,</strong></span> <span class='ocrx_word' id='word_1_22' title='bbox 3343 392 3570 447; x_wconf 86' lang='lat' dir='ltr'><strong>multum</strong></span> <span class='ocrx_word' id='word_1_23' title='bbox 3604 407 3698 447; x_wconf 85' lang='lat' dir='ltr'><strong>eos</strong></span> 
     </span>
    </p>
   </div>
   <div class='ocr_carea' id='block_1_5' title="bbox 442 490 2014 563">
    <p class='ocr_par' dir='ltr' id='par_1_5' title="bbox 442 490 2014 563">
     <span class='ocr_line' id='line_1_5' title="bbox 442 490 2014 563; baseline 0.004 -21"><span class='ocrx_word' id='word_1_24' title='bbox 442 490 767 545; x_wconf 76' lang='lat' dir='ltr'><strong>cratioribus</strong></span> <span class='ocrx_word' id='word_1_25' title='bbox 818 503 1113 554; x_wconf 87' lang='lat' dir='ltr'><strong>arceretur,</strong></span> <span class='ocrx_word' id='word_1_26' title='bbox 1136 502 1448 560; x_wconf 84' lang='lat' dir='ltr'><strong>Operarctur</strong></span> <span class='ocrx_word' id='word_1_27' title='bbox 1493 502 1697 548; x_wconf 86' lang='lat' dir='ltr'><strong>tantum</strong></span> <span class='ocrx_word' id='word_1_28' title='bbox 1728 510 1890 563; x_wconf 83' lang='lat' dir='ltr'><strong>opera</strong></span> <span class='ocrx_word' id='word_1_29' title='bbox 1919 511 2014 549; x_wconf 84' lang='lat' dir='ltr'><strong>sua</strong></span> 
     </span>
    </p>
   </div>
   <div class='ocr_carea' id='block_1_6' title="bbox 444 582 2017 652">
    <p class='ocr_par' dir='ltr' id='par_1_6' title="bbox 444 582 2017 652">
     <span class='ocr_line' id='line_1_6' title="bbox 444 582 2017 652; baseline 0.008 -19"><span class='ocrx_word' id='word_1_30' title='bbox 444 582 780 649; x_wconf 77' lang='lat' dir='ltr'><strong>simpliciter,</strong></span> <span class='ocrx_word' id='word_1_31' title='bbox 809 591 866 637; x_wconf 94' lang='lat' dir='ltr'><strong>et</strong></span> <span class='ocrx_word' id='word_1_32' title='bbox 895 584 962 637; x_wconf 87' lang='lat' dir='ltr'><strong>ita</strong></span> <span class='ocrx_word' id='word_1_33' title='bbox 986 593 1104 652; x_wconf 91' lang='lat' dir='ltr'><strong>post</strong></span> <span class='ocrx_word' id='word_1_34' title='bbox 1128 584 1412 639; x_wconf 90' lang='lat' dir='ltr'><strong>triennium</strong></span> <span class='ocrx_word' id='word_1_35' title='bbox 1438 587 1667 641; x_wconf 77' lang='lat' dir='ltr'><strong>stadium</strong></span> <span class='ocrx_word' id='word_1_36' title='bbox 1712 589 2017 645; x_wconf 89' lang='lat' dir='ltr'><strong>certanunis</strong></span> 
     </span>
    </p>
   </div>
   <div class='ocr_carea' id='block_1_7' title="bbox 445 670 710 724">
    <p class='ocr_par' dir='ltr' id='par_1_7' title="bbox 445 670 710 724">
     <span class='ocr_line' id='line_1_7' title="bbox 445 670 710 724; baseline 0.004 -2"><span class='ocrx_word' id='word_1_37' title='bbox 445 670 710 724; x_wconf 83' lang='lat' dir='ltr'><strong>introiret.</strong></span> 
     </span>
    </p>
   </div>
   <div class='ocr_carea' id='block_1_8' title="bbox 515 758 2019 836">
    <p class='ocr_par' dir='ltr' id='par_1_8' title="bbox 515 758 2019 836">
     <span class='ocr_line' id='line_1_8' title="bbox 515 758 2019 836; baseline 0.006 -24"><span class='ocrx_word' id='word_1_38' title='bbox 515 758 646 812; x_wconf 89' lang='lat' dir='ltr'><strong>Cum</strong></span> <span class='ocrx_word' id='word_1_39' title='bbox 674 771 848 814; x_wconf 88' lang='lat' dir='ltr'><strong>autem</strong></span> <span class='ocrx_word' id='word_1_40' title='bbox 880 763 1241 829; x_wconf 75' lang='lat' dir='ltr'><strong>comedet-ent,</strong></span> <span class='ocrx_word' id='word_1_41' title='bbox 1269 766 1438 832; x_wconf 87' lang='lat' dir='ltr'><strong>capita</strong></span> <span class='ocrx_word' id='word_1_42' title='bbox 1465 781 1558 820; x_wconf 89' lang='lat' dir='ltr'><strong>sua</strong></span> <span class='ocrx_word' id='word_1_43' title='bbox 1600 770 1820 822; x_wconf 87' lang='lat' dir='ltr'><strong>cucullis</strong></span> <span class='ocrx_word' id='word_1_44' title='bbox 1846 772 2019 836; x_wconf 90' lang='lat' dir='ltr'><strong>operi-</strong></span> 
     </span>
    </p>
   </div>
   <div class='ocr_carea' id='block_1_9' title="bbox 449 850 2016 924">
    <p class='ocr_par' dir='ltr' id='par_1_9' title="bbox 449 850 2016 924">
     <span class='ocr_line' id='line_1_9' title="bbox 449 850 2016 924; baseline 0.007 -22"><span class='ocrx_word' id='word_1_45' title='bbox 449 850 824 921; x_wconf 67' lang='lat' dir='ltr'><strong>reut(27),ne</strong></span> <span class='ocrx_word' id='word_1_46' title='bbox 867 854 1028 910; x_wconf 80' lang='lat' dir='ltr'><strong>frater</strong></span> <span class='ocrx_word' id='word_1_47' title='bbox 1073 858 1290 911; x_wconf 83' lang='lat' dir='ltr'><strong>fratrem</strong></span> <span class='ocrx_word' id='word_1_48' title='bbox 1319 860 1525 914; x_wconf 85' lang='lat' dir='ltr'><strong>videret</strong></span> <span class='ocrx_word' id='word_1_49' title='bbox 1571 862 2016 924; x_wconf 85' lang='lat' dir='ltr'><strong>manducantem;</strong></span> 
     </span>
    </p>
   </div>
   <div class='ocr_carea' id='block_1_10' title="bbox 446 945 2019 1019">
    <p class='ocr_par' dir='ltr' id='par_1_10' title="bbox 446 945 2019 1019">
     <span class='ocr_line' id='line_1_10' title="bbox 446 945 2019 1019; baseline 0.009 -24"><span class='ocrx_word' id='word_1_50' title='bbox 446 953 500 996; x_wconf 91' lang='lat' dir='ltr'><strong>et</strong></span> <span class='ocrx_word' id='word_1_51' title='bbox 517 953 572 997; x_wconf 92' lang='lat' dir='ltr'><strong>ut</strong></span> <span class='ocrx_word' id='word_1_52' title='bbox 597 945 775 999; x_wconf 79' lang='lat' dir='ltr'><strong>nullus</strong></span> <span class='ocrx_word' id='word_1_53' title='bbox 794 949 1078 1002; x_wconf 90' lang='lat' dir='ltr'><strong>comedens</strong></span> <span class='ocrx_word' id='word_1_54' title='bbox 1102 950 1428 1019; x_wconf 86' lang='lat' dir='ltr'><strong>loqueretur,</strong></span> <span class='ocrx_word' id='word_1_55' title='bbox 1444 968 1541 1007; x_wconf 89' lang='lat' dir='ltr'><strong>nec</strong></span> <span class='ocrx_word' id='word_1_56' title='bbox 1565 965 1763 1018; x_wconf 59' lang='lat' dir='ltr'><strong>printer</strong></span> <span class='ocrx_word' id='word_1_57' title='bbox 1779 970 2019 1008; x_wconf 89' lang='lat' dir='ltr'><strong>mensam</strong></span> 
     </span>
    </p>
   </div>
   <div class='ocr_carea' id='block_1_11' title="bbox 446 1035 1410 1109">
    <p class='ocr_par' dir='ltr' id='par_1_11' title="bbox 446 1035 1410 1109">
     <span class='ocr_line' id='line_1_11' title="bbox 446 1035 1410 1109; baseline 0.013 -24"><span class='ocrx_word' id='word_1_58' title='bbox 446 1047 571 1087; x_wconf 90' lang='lat' dir='ltr'><strong>suos</strong></span> <span class='ocrx_word' id='word_1_59' title='bbox 599 1035 723 1089; x_wconf 87' lang='lat' dir='ltr'><strong>alibi</strong></span> <span class='ocrx_word' id='word_1_60' title='bbox 752 1037 1116 1094; x_wconf 67' lang='lat' dir='ltr'><strong>circumferret</strong></span> <span class='ocrx_word' id='word_1_61' title='bbox 1144 1051 1410 1109; x_wconf 85' lang='lat' dir='ltr'><strong>aspectus.</strong></span> 
     </span>
    </p>
   </div>
   <div class='ocr_carea' id='block_1_12' title="bbox 519 1125 2016 1203">
    <p class='ocr_par' dir='ltr' id='par_1_12' title="bbox 519 1125 2016 1203">
     <span class='ocr_line' id='line_1_12' title="bbox 519 1125 2016 1203; baseline 0.008 -25"><span class='ocrx_word' id='word_1_62' title='bbox 519 1125 732 1180; x_wconf 90' lang='lat' dir='ltr'><strong>Necnon</strong></span> <span class='ocrx_word' id='word_1_63' title='bbox 762 1128 828 1180; x_wconf 88' lang='lat' dir='ltr'><strong>ab</strong></span> <span class='ocrx_word' id='word_1_64' title='bbox 853 1129 1063 1197; x_wconf 80' lang='lat' dir='ltr'><strong>angelo,</strong></span> <span class='ocrx_word' id='word_1_65' title='bbox 1097 1131 1186 1198; x_wconf 86' lang='lat' dir='ltr'><strong>qui</strong></span> <span class='ocrx_word' id='word_1_66' title='bbox 1213 1146 1331 1185; x_wconf 89' lang='lat' dir='ltr'><strong>cum</strong></span> <span class='ocrx_word' id='word_1_67' title='bbox 1365 1133 1652 1188; x_wconf 88' lang='lat' dir='ltr'><strong>Pachomio</strong></span> <span class='ocrx_word' id='word_1_68' title='bbox 1681 1134 2016 1203; x_wconf 88' lang='lat' dir='ltr'><strong>loquebatur,</strong></span> 
     </span>
    </p>
   </div>
   <div class='ocr_carea' id='block_1_13' title="bbox 448 1213 2019 1283">
    <p class='ocr_par' dir='ltr' id='par_1_13' title="bbox 448 1213 2019 1283">
     <span class='ocr_line' id='line_1_13' title="bbox 448 1213 2019 1283; baseline 0.01 -18"><span class='ocrx_word' id='word_1_69' title='bbox 448 1213 551 1267; x_wconf 87' lang='lat' dir='ltr'><strong>hoc</strong></span> <span class='ocrx_word' id='word_1_70' title='bbox 579 1230 789 1283; x_wconf 87' lang='lat' dir='ltr'><strong>quoque</strong></span> <span class='ocrx_word' id='word_1_71' title='bbox 818 1219 1163 1274; x_wconf 83' lang='lat' dir='ltr'><strong>constitutum</strong></span> <span class='ocrx_word' id='word_1_72' title='bbox 1193 1230 1296 1283; x_wconf 86' lang='lat' dir='ltr'><strong>est.</strong></span> <span class='ocrx_word' id='word_1_73' title='bbox 1329 1235 1385 1277; x_wconf 93' lang='lat' dir='ltr'><strong>ut</strong></span> <span class='ocrx_word' id='word_1_74' title='bbox 1414 1224 1617 1279; x_wconf 64' lang='lat' dir='ltr'><strong>diurna;</strong></span> <span class='ocrx_word' id='word_1_75' title='bbox 1648 1229 1919 1282; x_wconf 90' lang='lat' dir='ltr'><strong>orationes</strong></span> <span class='ocrx_word' id='word_1_76' title='bbox 1946 1243 2019 1281; x_wconf 76' lang='lat' dir='ltr'><strong>xu</strong></span> 
     </span>
    </p>
   </div>
   <div class='ocr_carea' id='block_1_14' title="bbox 445 1302 1875 1379">
    <p class='ocr_par' dir='ltr' id='par_1_14' title="bbox 445 1302 1875 1379">
     <span class='ocr_line' id='line_1_14' title="bbox 445 1302 1875 1379; baseline 0.012 -25"><span class='ocrx_word' id='word_1_77' title='bbox 445 1302 560 1373; x_wconf 77' lang='lat'><strong>(28)</strong></span> <span class='ocrx_word' id='word_1_78' title='bbox 590 1304 798 1370; x_wconf 84' lang='lat' dir='ltr'><strong>fierent,</strong></span> <span class='ocrx_word' id='word_1_79' title='bbox 830 1317 885 1362; x_wconf 89' lang='lat' dir='ltr'><strong>et</strong></span> <span class='ocrx_word' id='word_1_80' title='bbox 922 1313 1237 1378; x_wconf 56' lang='lat' dir='ltr'><strong>vespertinas</strong></span> <span class='ocrx_word' id='word_1_81' title='bbox 1264 1329 1362 1379; x_wconf 86' lang='lat' dir='ltr'><strong>xu,</strong></span> <span class='ocrx_word' id='word_1_82' title='bbox 1396 1324 1448 1368; x_wconf 91' lang='lat' dir='ltr'><strong>et</strong></span> <span class='ocrx_word' id='word_1_83' title='bbox 1474 1325 1749 1370; x_wconf 69' lang='lat' dir='ltr'><strong>nocturna:</strong></span> <span class='ocrx_word' id='word_1_84' title='bbox 1783 1334 1875 1372; x_wconf 78' lang='lat' dir='ltr'><strong>xu.</strong></span> 
     </span>
    </p>
   </div>
   <div class='ocr_carea' id='block_1_15' title="bbox 514 1393 2018 1475">
    <p class='ocr_par' dir='ltr' id='par_1_15' title="bbox 514 1393 2018 1475">
     <span class='ocr_line' id='line_1_15' title="bbox 514 1393 2018 1475; baseline 0.011 -26"><span class='ocrx_word' id='word_1_85' title='bbox 514 1393 756 1464; x_wconf 87' lang='lat' dir='ltr'><strong>Cumque</strong></span> <span class='ocrx_word' id='word_1_86' title='bbox 782 1396 1100 1455; x_wconf 89' lang='lat' dir='ltr'><strong>Pachomius</strong></span> <span class='ocrx_word' id='word_1_87' title='bbox 1122 1403 1341 1466; x_wconf 85' lang='lat' dir='ltr'><strong>diceret.</strong></span> <span class='ocrx_word' id='word_1_88' title='bbox 1366 1420 1563 1473; x_wconf 90' lang='lat' dir='ltr'><strong>paucas</strong></span> <span class='ocrx_word' id='word_1_89' title='bbox 1583 1409 1852 1464; x_wconf 85' lang='lat' dir='ltr'><strong>orationes</strong></span> <span class='ocrx_word' id='word_1_90' title='bbox 1877 1424 2018 1475; x_wconf 78' lang='lat' dir='ltr'><strong>esse,</strong></span> 
     </span>
    </p>
   </div>
   <div class='ocr_carea' id='block_1_16' title="bbox 444 1486 2022 1567">
    <p class='ocr_par' dir='ltr' id='par_1_16' title="bbox 444 1486 2022 1567">
     <span class='ocr_line' id='line_1_16' title="bbox 444 1486 2022 1567; baseline 0.011 -30"><span class='ocrx_word' id='word_1_91' title='bbox 444 1486 717 1553; x_wconf 89' lang='lat' dir='ltr'><strong>respondit</strong></span> <span class='ocrx_word' id='word_1_92' title='bbox 745 1490 1002 1557; x_wconf 87' lang='lat' dir='ltr'><strong>angelus:</strong></span> <span class='ocrx_word' id='word_1_93' title='bbox 1032 1492 1140 1545; x_wconf 82' lang='lat' dir='ltr'><strong>Has</strong></span> <span class='ocrx_word' id='word_1_94' title='bbox 1171 1496 1440 1560; x_wconf 89' lang='lat' dir='ltr'><strong>constitui,</strong></span> <span class='ocrx_word' id='word_1_95' title='bbox 1472 1513 1603 1564; x_wconf 88' lang='lat' dir='ltr'><strong>quas</strong></span> <span class='ocrx_word' id='word_1_96' title='bbox 1625 1509 1844 1567; x_wconf 88' lang='lat' dir='ltr'><strong>possent</strong></span> <span class='ocrx_word' id='word_1_97' title='bbox 1873 1501 2022 1556; x_wconf 86' lang='lat' dir='ltr'><strong>infir-</strong></span> 
     </span>
    </p>
   </div>
   <div class='ocr_carea' id='block_1_17' title="bbox 447 1574 2021 1659">
    <p class='ocr_par' dir='ltr' id='par_1_17' title="bbox 447 1574 2021 1659">
     <span class='ocr_line' id='line_1_17' title="bbox 447 1574 2021 1659; baseline 0.013 -33"><span class='ocrx_word' id='word_1_98' title='bbox 447 1574 642 1629; x_wconf 87' lang='lat' dir='ltr'><strong>miores</strong></span> <span class='ocrx_word' id='word_1_99' title='bbox 671 1576 871 1646; x_wconf 85' lang='lat' dir='ltr'><strong>absque</strong></span> <span class='ocrx_word' id='word_1_100' title='bbox 898 1580 1078 1635; x_wconf 87' lang='lat' dir='ltr'><strong>labore</strong></span> <span class='ocrx_word' id='word_1_101' title='bbox 1106 1584 1392 1651; x_wconf 83' lang='lat' dir='ltr'><strong>perﬁcere;</strong></span> <span class='ocrx_word' id='word_1_102' title='bbox 1417 1598 1663 1644; x_wconf 59' lang='lat' dir='ltr'><strong>caeterum</strong></span> <span class='ocrx_word' id='word_1_103' title='bbox 1688 1591 1777 1659; x_wconf 89' lang='lat' dir='ltr'><strong>qui</strong></span> <span class='ocrx_word' id='word_1_104' title='bbox 1803 1593 2021 1659; x_wconf 79' lang='lat' dir='ltr'><strong>perfecti</strong></span> 
     </span>
    </p>
   </div>
   <div class='ocr_carea' id='block_1_18' title="bbox 446 1668 2021 1751">
    <p class='ocr_par' dir='ltr' id='par_1_18' title="bbox 446 1668 2021 1751">
     <span class='ocr_line' id='line_1_18' title="bbox 446 1668 2021 1751; baseline 0.013 -33"><span class='ocrx_word' id='word_1_105' title='bbox 446 1675 588 1729; x_wconf 83' lang='lat' dir='ltr'><strong>sunt,</strong></span> <span class='ocrx_word' id='word_1_106' title='bbox 615 1668 711 1721; x_wconf 90' lang='lat' dir='ltr'><strong>hac</strong></span> <span class='ocrx_word' id='word_1_107' title='bbox 734 1669 848 1739; x_wconf 82' lang='lat' dir='ltr'><strong>lege</strong></span> <span class='ocrx_word' id='word_1_108' title='bbox 875 1686 981 1726; x_wconf 89' lang='lat' dir='ltr'><strong>non</strong></span> <span class='ocrx_word' id='word_1_109' title='bbox 1007 1674 1261 1742; x_wconf 81' lang='lat' dir='ltr'><strong>indigent.</strong></span> <span class='ocrx_word' id='word_1_110' title='bbox 1293 1678 1445 1746; x_wconf 86' lang='lat' dir='ltr'><strong>Apud</strong></span> <span class='ocrx_word' id='word_1_111' title='bbox 1476 1692 1533 1733; x_wconf 90' lang='lat' dir='ltr'><strong>se</strong></span> <span class='ocrx_word' id='word_1_112' title='bbox 1557 1696 1785 1750; x_wconf 87' lang='lat' dir='ltr'><strong>namque</strong></span> <span class='ocrx_word' id='word_1_113' title='bbox 1816 1683 1867 1735; x_wconf 90' lang='lat' dir='ltr'><strong>in</strong></span> <span class='ocrx_word' id='word_1_114' title='bbox 1900 1698 2021 1751; x_wconf 86' lang='lat' dir='ltr'><strong>pro-</strong></span> 
     </span>
    </p>
   </div>
   <div class='ocr_carea' id='block_1_19' title="bbox 2116 485 3700 563">
    <p class='ocr_par' dir='ltr' id='par_1_19' title="bbox 2116 485 3700 563">
     <span class='ocr_line' id='line_1_19' title="bbox 2116 485 3700 563; baseline -0.006 -17"><span class='ocrx_word' id='word_1_115' title='bbox 2116 493 2348 563; x_wconf 86' lang='lat' dir='ltr'><strong>juverat,</strong></span> <span class='ocrx_word' id='word_1_116' title='bbox 2385 502 2438 546; x_wconf 91' lang='lat' dir='ltr'><strong>et</strong></span> <span class='ocrx_word' id='word_1_117' title='bbox 2466 494 2531 545; x_wconf 91' lang='lat' dir='ltr'><strong>ad</strong></span> <span class='ocrx_word' id='word_1_118' title='bbox 2559 490 2948 545; x_wconf 72' lang='lat' dir='ltr'><strong>aemulationem</strong></span> <span class='ocrx_word' id='word_1_119' title='bbox 2989 487 3280 555; x_wconf 74' lang='lat' dir='ltr'><strong>Spiritualis</strong></span> <span class='ocrx_word' id='word_1_120' title='bbox 3302 488 3483 555; x_wconf 90' lang='lat' dir='ltr'><strong>operis</strong></span> <span class='ocrx_word' id='word_1_121' title='bbox 3512 485 3700 538; x_wconf 85' lang='lat' dir='ltr'><strong>incita-</strong></span> 
     </span>
    </p>
   </div>
   <div class='ocr_carea' id='block_1_20' title="bbox 2123 576 3702 647">
    <p class='ocr_par' dir='ltr' id='par_1_20' title="bbox 2123 576 3702 647">
     <span class='ocr_line' id='line_1_20' title="bbox 2123 576 3702 647; baseline -0.003 -14"><span class='ocrx_word' id='word_1_122' title='bbox 2123 592 2292 637; x_wconf 89' lang='lat' dir='ltr'><strong>verat.</strong></span> <span class='ocrx_word' id='word_1_123' title='bbox 2322 583 2422 647; x_wconf 86' lang='lat' dir='ltr'><strong>Qui</strong></span> <span class='ocrx_word' id='word_1_124' title='bbox 2476 583 2633 636; x_wconf 90' lang='lat' dir='ltr'><strong>etiam</strong></span> <span class='ocrx_word' id='word_1_125' title='bbox 2665 580 3110 647; x_wconf 67' lang='lat' dir='ltr'><strong>contemplantes,</strong></span> <span class='ocrx_word' id='word_1_126' title='bbox 3140 579 3303 630; x_wconf 89' lang='lat' dir='ltr'><strong>vitam</strong></span> <span class='ocrx_word' id='word_1_127' title='bbox 3333 576 3483 631; x_wconf 88' lang='lat' dir='ltr'><strong>senis</strong></span> <span class='ocrx_word' id='word_1_128' title='bbox 3526 577 3702 644; x_wconf 89' lang='lat' dir='ltr'><strong>speci-</strong></span> 
     </span>
    </p>
   </div>
   <div class='ocr_carea' id='block_1_21' title="bbox 2123 665 3698 732">
    <p class='ocr_par' dir='ltr' id='par_1_21' title="bbox 2123 665 3698 732">
     <span class='ocr_line' id='line_1_21' title="bbox 2123 665 3698 732; baseline -0.005 -7"><span class='ocrx_word' id='word_1_129' title='bbox 2123 687 2244 725; x_wconf 89' lang='lat' dir='ltr'><strong>men</strong></span> <span class='ocrx_word' id='word_1_130' title='bbox 2271 685 2390 725; x_wconf 87' lang='lat' dir='ltr'><strong>esse</strong></span> <span class='ocrx_word' id='word_1_131' title='bbox 2433 669 2643 723; x_wconf 89' lang='lat' dir='ltr'><strong>virtutis</strong></span> <span class='ocrx_word' id='word_1_132' title='bbox 2673 710 2686 731; x_wconf 93' lang='lat'><strong>,</strong></span> <span class='ocrx_word' id='word_1_133' title='bbox 2717 669 2877 722; x_wconf 87' lang='lat' dir='ltr'><strong>nimis</strong></span> <span class='ocrx_word' id='word_1_134' title='bbox 2916 667 3316 720; x_wconf 87' lang='lat' dir='ltr'><strong>admirabantur</strong></span> <span class='ocrx_word' id='word_1_135' title='bbox 3348 707 3364 732; x_wconf 89' lang='lat'><strong>,</strong></span> <span class='ocrx_word' id='word_1_136' title='bbox 3416 665 3657 718; x_wconf 85' lang='lat' dir='ltr'><strong>dicentes</strong></span> <span class='ocrx_word' id='word_1_137' title='bbox 3684 681 3698 717; x_wconf 90' lang='lat'><strong>:</strong></span> 
     </span>
    </p>
   </div>
   <div class='ocr_carea' id='block_1_22' title="bbox 2124 758 3704 830">
    <p class='ocr_par' dir='ltr' id='par_1_22' title="bbox 2124 758 3704 830">
     <span class='ocr_line' id='line_1_22' title="bbox 2124 758 3704 830; baseline -0.004 -14"><span class='ocrx_word' id='word_1_138' title='bbox 2124 763 2319 816; x_wconf 88' lang='lat' dir='ltr'><strong>Errant</strong></span> <span class='ocrx_word' id='word_1_139' title='bbox 2348 762 2501 815; x_wconf 81' lang='lat' dir='ltr'><strong>valde</strong></span> <span class='ocrx_word' id='word_1_140' title='bbox 2530 762 2617 830; x_wconf 93' lang='lat' dir='ltr'><strong>qui</strong></span> <span class='ocrx_word' id='word_1_141' title='bbox 2643 768 2828 829; x_wconf 90' lang='lat' dir='ltr'><strong>putant</strong></span> <span class='ocrx_word' id='word_1_142' title='bbox 2855 760 3097 813; x_wconf 90' lang='lat' dir='ltr'><strong>homines</strong></span> <span class='ocrx_word' id='word_1_143' title='bbox 3138 759 3331 813; x_wconf 80' lang='lat' dir='ltr'><strong>exinde</strong></span> <span class='ocrx_word' id='word_1_144' title='bbox 3376 758 3484 825; x_wconf 84' lang='lat' dir='ltr'><strong>jam</strong></span> <span class='ocrx_word' id='word_1_145' title='bbox 3510 774 3538 811; x_wconf 91' lang='lat' dir='ltr'><strong>a</strong></span> <span class='ocrx_word' id='word_1_146' title='bbox 3565 758 3704 811; x_wconf 62' lang='lat' dir='ltr'><strong>nati-</strong></span> 
     </span>
    </p>
   </div>
   <div class='ocr_carea' id='block_1_23' title="bbox 2123 844 3702 921">
    <p class='ocr_par' dir='ltr' id='par_1_23' title="bbox 2123 844 3702 921">
     <span class='ocr_line' id='line_1_23' title="bbox 2123 844 3702 921; baseline -0.003 -17"><span class='ocrx_word' id='word_1_147' title='bbox 2123 854 2287 907; x_wconf 79' lang='lat' dir='ltr'><strong>vitate</strong></span> <span class='ocrx_word' id='word_1_148' title='bbox 2330 861 2628 921; x_wconf 90' lang='lat' dir='ltr'><strong>parentum,</strong></span> <span class='ocrx_word' id='word_1_149' title='bbox 2653 851 2885 918; x_wconf 87' lang='lat' dir='ltr'><strong>quodam</strong></span> <span class='ocrx_word' id='word_1_150' title='bbox 2930 844 3203 917; x_wconf 79' lang='lat' dir='ltr'><strong>privilegio</strong></span> <span class='ocrx_word' id='word_1_151' title='bbox 3218 844 3403 901; x_wconf 86' lang='lat' dir='ltr'><strong>beatos</strong></span> <span class='ocrx_word' id='word_1_152' title='bbox 3420 845 3702 911; x_wconf 85' lang='lat' dir='ltr'><strong>exsistere,</strong></span> 
     </span>
    </p>
   </div>
   <div class='ocr_carea' id='block_1_24' title="bbox 2125 940 3703 1007">
    <p class='ocr_par' dir='ltr' id='par_1_24' title="bbox 2125 940 3703 1007">
     <span class='ocr_line' id='line_1_24' title="bbox 2125 940 3703 1007; baseline -0.004 -10"><span class='ocrx_word' id='word_1_153' title='bbox 2125 954 2178 997; x_wconf 91' lang='lat' dir='ltr'><strong>ut</strong></span> <span class='ocrx_word' id='word_1_154' title='bbox 2203 943 2407 998; x_wconf 87' lang='lat' dir='ltr'><strong>arbitrii</strong></span> <span class='ocrx_word' id='word_1_155' title='bbox 2438 943 2655 997; x_wconf 87' lang='lat' dir='ltr'><strong>libertas</strong></span> <span class='ocrx_word' id='word_1_156' title='bbox 2692 940 2978 1007; x_wconf 89' lang='lat' dir='ltr'><strong>adimatur,</strong></span> <span class='ocrx_word' id='word_1_157' title='bbox 3010 950 3064 994; x_wconf 93' lang='lat' dir='ltr'><strong>et</strong></span> <span class='ocrx_word' id='word_1_158' title='bbox 3122 948 3429 1005; x_wconf 90' lang='lat' dir='ltr'><strong>peccatores</strong></span> <span class='ocrx_word' id='word_1_159' title='bbox 3469 953 3565 1005; x_wconf 93' lang='lat' dir='ltr'><strong>per</strong></span> <span class='ocrx_word' id='word_1_160' title='bbox 3587 951 3703 1004; x_wconf 72' lang='lat' dir='ltr'><strong>pte-</strong></span> 
     </span>
    </p>
   </div>
   <div class='ocr_carea' id='block_1_25' title="bbox 2125 1027 3705 1100">
    <p class='ocr_par' dir='ltr' id='par_1_25' title="bbox 2125 1027 3705 1100">
     <span class='ocr_line' id='line_1_25' title="bbox 2125 1027 3705 1100; baseline -0.005 -13"><span class='ocrx_word' id='word_1_161' title='bbox 2125 1035 2401 1087; x_wconf 89' lang='lat' dir='ltr'><strong>nitentiam</strong></span> <span class='ocrx_word' id='word_1_162' title='bbox 2434 1048 2540 1087; x_wconf 92' lang='lat' dir='ltr'><strong>non</strong></span> <span class='ocrx_word' id='word_1_163' title='bbox 2570 1032 2778 1100; x_wconf 90' lang='lat' dir='ltr'><strong>possint</strong></span> <span class='ocrx_word' id='word_1_164' title='bbox 2825 1044 3043 1097; x_wconf 89' lang='lat' dir='ltr'><strong>operam</strong></span> <span class='ocrx_word' id='word_1_165' title='bbox 3074 1029 3203 1082; x_wconf 90' lang='lat' dir='ltr'><strong>dare</strong></span> <span class='ocrx_word' id='word_1_166' title='bbox 3226 1027 3533 1083; x_wconf 80' lang='lat' dir='ltr'><strong>virtutibus.</strong></span> <span class='ocrx_word' id='word_1_167' title='bbox 3566 1027 3705 1080; x_wconf 84' lang='lat' dir='ltr'><strong>Ecce</strong></span> 
     </span>
    </p>
   </div>
   <div class='ocr_carea' id='block_1_26' title="bbox 2123 1117 3705 1187">
    <p class='ocr_par' dir='ltr' id='par_1_26' title="bbox 2123 1117 3705 1187">
     <span class='ocr_line' id='line_1_26' title="bbox 2123 1117 3705 1187; baseline -0.004 -11"><span class='ocrx_word' id='word_1_168' title='bbox 2123 1124 2265 1177; x_wconf 91' lang='lat' dir='ltr'><strong>enim</strong></span> <span class='ocrx_word' id='word_1_169' title='bbox 2296 1121 2783 1177; x_wconf 82' lang='lat' dir='ltr'><strong>manifestissimam</strong></span> <span class='ocrx_word' id='word_1_170' title='bbox 2815 1120 2868 1174; x_wconf 90' lang='lat' dir='ltr'><strong>in</strong></span> <span class='ocrx_word' id='word_1_171' title='bbox 2898 1121 3001 1175; x_wconf 86' lang='lat' dir='ltr'><strong>hoc</strong></span> <span class='ocrx_word' id='word_1_172' title='bbox 3014 1118 3303 1174; x_wconf 84' lang='lat' dir='ltr'><strong>venerabili</strong></span> <span class='ocrx_word' id='word_1_173' title='bbox 3328 1127 3477 1187; x_wconf 87' lang='lat' dir='ltr'><strong>patre</strong></span> <span class='ocrx_word' id='word_1_174' title='bbox 3498 1117 3705 1171; x_wconf 84' lang='lat' dir='ltr'><strong>Paclto-</strong></span> 
     </span>
    </p>
   </div>
   <div class='ocr_carea' id='block_1_27' title="bbox 2125 1210 3705 1281">
    <p class='ocr_par' dir='ltr' id='par_1_27' title="bbox 2125 1210 3705 1281">
     <span class='ocr_line' id='line_1_27' title="bbox 2125 1210 3705 1281; baseline -0.003 -14"><span class='ocrx_word' id='word_1_175' title='bbox 2125 1216 2232 1269; x_wconf 93' lang='lat' dir='ltr'><strong>mio</strong></span> <span class='ocrx_word' id='word_1_176' title='bbox 2252 1214 2458 1270; x_wconf 86' lang='lat' dir='ltr'><strong>Domini</strong></span> <span class='ocrx_word' id='word_1_177' title='bbox 2478 1214 2835 1281; x_wconf 83' lang='lat' dir='ltr'><strong>conspicimus</strong></span> <span class='ocrx_word' id='word_1_178' title='bbox 2860 1213 3182 1281; x_wconf 76' lang='lat' dir='ltr'><strong>largitatem,</strong></span> <span class='ocrx_word' id='word_1_179' title='bbox 3198 1212 3286 1280; x_wconf 91' lang='lat' dir='ltr'><strong>qui</strong></span> <span class='ocrx_word' id='word_1_180' title='bbox 3303 1227 3421 1265; x_wconf 91' lang='lat' dir='ltr'><strong>cum</strong></span> <span class='ocrx_word' id='word_1_181' title='bbox 3439 1210 3505 1264; x_wconf 92' lang='lat' dir='ltr'><strong>de</strong></span> <span class='ocrx_word' id='word_1_182' title='bbox 3523 1224 3705 1279; x_wconf 82' lang='lat' dir='ltr'><strong>paren-</strong></span> 
     </span>
    </p>
   </div>
   <div class='ocr_carea' id='block_1_28' title="bbox 2124 1300 3701 1372">
    <p class='ocr_par' dir='ltr' id='par_1_28' title="bbox 2124 1300 3701 1372">
     <span class='ocr_line' id='line_1_28' title="bbox 2124 1300 3701 1372; baseline -0.004 -15"><span class='ocrx_word' id='word_1_183' title='bbox 2124 1305 2265 1359; x_wconf 87' lang='lat' dir='ltr'><strong>tibus</strong></span> <span class='ocrx_word' id='word_1_184' title='bbox 2294 1315 2441 1358; x_wconf 89' lang='lat' dir='ltr'><strong>ortus</strong></span> <span class='ocrx_word' id='word_1_185' title='bbox 2471 1305 2540 1359; x_wconf 87' lang='lat' dir='ltr'><strong>sit</strong></span> <span class='ocrx_word' id='word_1_186' title='bbox 2563 1303 2850 1372; x_wconf 75' lang='lat' dir='ltr'><strong>gentilibus</strong></span> <span class='ocrx_word' id='word_1_187' title='bbox 2878 1312 2933 1356; x_wconf 91' lang='lat' dir='ltr'><strong>et</strong></span> <span class='ocrx_word' id='word_1_188' title='bbox 2962 1302 3214 1369; x_wconf 86' lang='lat' dir='ltr'><strong>profanis,</strong></span> <span class='ocrx_word' id='word_1_189' title='bbox 3245 1300 3313 1353; x_wconf 91' lang='lat' dir='ltr'><strong>ad</strong></span> <span class='ocrx_word' id='word_1_190' title='bbox 3342 1309 3540 1354; x_wconf 89' lang='lat' dir='ltr'><strong>tantam</strong></span> <span class='ocrx_word' id='word_1_191' title='bbox 3578 1301 3701 1352; x_wconf 89' lang='lat' dir='ltr'><strong>bea-</strong></span> 
     </span>
    </p>
   </div>
   <div class='ocr_carea' id='block_1_29' title="bbox 2126 1387 3705 1452">
    <p class='ocr_par' dir='ltr' id='par_1_29' title="bbox 2126 1387 3705 1452">
     <span class='ocr_line' id='line_1_29' title="bbox 2126 1387 3705 1452; baseline -0.003 -7"><span class='ocrx_word' id='word_1_192' title='bbox 2126 1393 2400 1446; x_wconf 90' lang='lat' dir='ltr'><strong>titudinem</strong></span> <span class='ocrx_word' id='word_1_193' title='bbox 2426 1392 2592 1447; x_wconf 87' lang='lat' dir='ltr'><strong>divini</strong></span> <span class='ocrx_word' id='word_1_194' title='bbox 2625 1391 2797 1445; x_wconf 91' lang='lat' dir='ltr'><strong>cultus</strong></span> <span class='ocrx_word' id='word_1_195' title='bbox 2820 1405 2879 1445; x_wconf 86' lang='lat' dir='ltr'><strong>se</strong></span> <span class='ocrx_word' id='word_1_196' title='bbox 2902 1389 3162 1452; x_wconf 85' lang='lat' dir='ltr'><strong>extendit,</strong></span> <span class='ocrx_word' id='word_1_197' title='bbox 3192 1398 3249 1442; x_wconf 91' lang='lat' dir='ltr'><strong>ut</strong></span> <span class='ocrx_word' id='word_1_198' title='bbox 3292 1388 3471 1443; x_wconf 85' lang='lat' dir='ltr'><strong>omnia</strong></span> <span class='ocrx_word' id='word_1_199' title='bbox 3500 1387 3705 1441; x_wconf 88' lang='lat' dir='ltr'><strong>Christi</strong></span> 
     </span>
    </p>
   </div>
   <div class='ocr_carea' id='block_1_30' title="bbox 2124 1478 3702 1551">
    <p class='ocr_par' dir='ltr' id='par_1_30' title="bbox 2124 1478 3702 1551">
     <span class='ocr_line' id='line_1_30' title="bbox 2124 1478 3702 1551; baseline -0.004 -15"><span class='ocrx_word' id='word_1_200' title='bbox 2124 1482 2369 1536; x_wconf 89' lang='lat' dir='ltr'><strong>mandata</strong></span> <span class='ocrx_word' id='word_1_201' title='bbox 2425 1481 2731 1551; x_wconf 80' lang='lat' dir='ltr'><strong>perfecerit.</strong></span> <span class='ocrx_word' id='word_1_202' title='bbox 2766 1480 2915 1535; x_wconf 91' lang='lat' dir='ltr'><strong>Unde</strong></span> <span class='ocrx_word' id='word_1_203' title='bbox 2957 1487 3164 1534; x_wconf 91' lang='lat' dir='ltr'><strong>certum</strong></span> <span class='ocrx_word' id='word_1_204' title='bbox 3199 1487 3303 1546; x_wconf 89' lang='lat' dir='ltr'><strong>est,</strong></span> <span class='ocrx_word' id='word_1_205' title='bbox 3337 1487 3392 1533; x_wconf 90' lang='lat' dir='ltr'><strong>et</strong></span> <span class='ocrx_word' id='word_1_206' title='bbox 3419 1493 3483 1532; x_wconf 86' lang='lat' dir='ltr'><strong>ex</strong></span> <span class='ocrx_word' id='word_1_207' title='bbox 3545 1478 3702 1532; x_wconf 90' lang='lat' dir='ltr'><strong>nobis</strong></span> 
     </span>
    </p>
   </div>
   <div class='ocr_carea' id='block_1_31' title="bbox 2125 1568 3705 1641">
    <p class='ocr_par' dir='ltr' id='par_1_31' title="bbox 2125 1568 3705 1641">
     <span class='ocr_line' id='line_1_31' title="bbox 2125 1568 3705 1641; baseline -0.004 -15"><span class='ocrx_word' id='word_1_208' title='bbox 2125 1573 2426 1641; x_wconf 88' lang='lat' dir='ltr'><strong>quicunque</strong></span> <span class='ocrx_word' id='word_1_209' title='bbox 2466 1571 2751 1638; x_wconf 89' lang='lat' dir='ltr'><strong>voluerint,</strong></span> <span class='ocrx_word' id='word_1_210' title='bbox 2784 1570 3071 1639; x_wconf 87' lang='lat' dir='ltr'><strong>adjuvante</strong></span> <span class='ocrx_word' id='word_1_211' title='bbox 3102 1569 3192 1624; x_wconf 88' lang='lat' dir='ltr'><strong>Dei</strong></span> <span class='ocrx_word' id='word_1_212' title='bbox 3223 1568 3425 1636; x_wconf 80' lang='lat' dir='ltr'><strong>gratia,</strong></span> <span class='ocrx_word' id='word_1_213' title='bbox 3458 1581 3705 1621; x_wconf 87' lang='lat' dir='ltr'><strong>normam</strong></span> 
     </span>
    </p>
   </div>
   <div class='ocr_carea' id='block_1_32' title="bbox 2124 1656 3703 1730">
    <p class='ocr_par' dir='ltr' id='par_1_32' title="bbox 2124 1656 3703 1730">
     <span class='ocr_line' id='line_1_32' title="bbox 2124 1656 3703 1730; baseline -0.004 -13"><span class='ocrx_word' id='word_1_214' title='bbox 2124 1664 2295 1717; x_wconf 88' lang='lat' dir='ltr'><strong>sancti</strong></span> <span class='ocrx_word' id='word_1_215' title='bbox 2327 1664 2425 1716; x_wconf 87' lang='lat' dir='ltr'><strong>viri</strong></span> <span class='ocrx_word' id='word_1_216' title='bbox 2455 1678 2609 1730; x_wconf 88' lang='lat' dir='ltr'><strong>posse</strong></span> <span class='ocrx_word' id='word_1_217' title='bbox 2632 1662 2915 1729; x_wconf 87' lang='lat' dir='ltr'><strong>subsequi,</strong></span> <span class='ocrx_word' id='word_1_218' title='bbox 2951 1661 3089 1715; x_wconf 89' lang='lat' dir='ltr'><strong>sicut</strong></span> <span class='ocrx_word' id='word_1_219' title='bbox 3137 1668 3191 1713; x_wconf 92' lang='lat' dir='ltr'><strong>et</strong></span> <span class='ocrx_word' id='word_1_220' title='bbox 3219 1660 3332 1727; x_wconf 88' lang='lat' dir='ltr'><strong>ipse</strong></span> <span class='ocrx_word' id='word_1_221' title='bbox 3371 1656 3703 1727; x_wconf 88' lang='lat' dir='ltr'><strong>perfectissi-</strong></span> 
     </span>
    </p>
   </div>
   <div class='ocr_carea' id='block_1_33' title="bbox 448 1748 3705 1843">
    <p class='ocr_par' dir='ltr' id='par_1_33' title="bbox 448 1748 3705 1843">
     <span class='ocr_line' id='line_1_33' title="bbox 448 1748 3705 1843; baseline 0.001 -35"><span class='ocrx_word' id='word_1_222' title='bbox 448 1757 578 1822; x_wconf 89' lang='lat' dir='ltr'><strong>priis</strong></span> <span class='ocrx_word' id='word_1_223' title='bbox 604 1763 876 1814; x_wconf 90' lang='lat' dir='ltr'><strong>constituti</strong></span> <span class='ocrx_word' id='word_1_224' title='bbox 906 1762 1113 1819; x_wconf 86' lang='lat' dir='ltr'><strong>cellulis</strong></span> <span class='ocrx_word' id='word_1_225' title='bbox 1138 1805 1152 1829; x_wconf 94' lang='lat'><strong>,</strong></span> <span class='ocrx_word' id='word_1_226' title='bbox 1182 1782 1337 1822; x_wconf 87' lang='lat' dir='ltr'><strong>orare</strong></span> <span class='ocrx_word' id='word_1_227' title='bbox 1368 1785 1470 1823; x_wconf 93' lang='lat' dir='ltr'><strong>non</strong></span> <span class='ocrx_word' id='word_1_228' title='bbox 1502 1748 1768 1837; x_wconf 79' lang='lat' dir='ltr'><strong>desinunt,</strong></span> <span class='ocrx_word' id='word_1_229' title='bbox 1799 1774 1886 1843; x_wconf 90' lang='lat' dir='ltr'><strong>qui</strong></span> <span class='ocrx_word' id='word_1_230' title='bbox 1900 1748 2016 1843; x_wconf 48' lang='grc' dir='ltr'>-ριι-</span> <span class='ocrx_word' id='word_1_231' title='bbox 2051 1768 2098 1827; x_wconf 93' lang='lat' dir='ltr'><strong>B</strong></span> <span class='ocrx_word' id='word_1_232' title='bbox 2125 1769 2330 1809; x_wconf 66' lang='lat' dir='ltr'><strong>morum</strong></span> <span class='ocrx_word' id='word_1_233' title='bbox 2364 1762 2571 1843; x_wconf 51' lang='lat' dir='ltr'><strong>Palmm</strong></span> <span class='ocrx_word' id='word_1_234' title='bbox 2600 1753 2881 1807; x_wconf 66' lang='grc' dir='ltr'><strong>ωῐηυῐθιυε</strong></span> <span class='ocrx_word' id='word_1_235' title='bbox 2920 1761 3004 1831; x_wconf 68' lang='grc' dir='ltr'><strong>εεε</strong></span> <span class='ocrx_word' id='word_1_236' title='bbox 3048 1748 3705 1843; x_wconf 54' lang='lat' dir='ltr'><strong>sanctitatem-Denique.</strong></span> 
     </span>
    </p>
   </div>
   <div class='ocr_carea' id='block_1_34' title="bbox 446 1846 1906 1930">
    <p class='ocr_par' dir='ltr' id='par_1_34' title="bbox 446 1846 1906 1930">
     <span class='ocr_line' id='line_1_34' title="bbox 446 1846 1906 1930; baseline 0.013 -31"><span class='ocrx_word' id='word_1_237' title='bbox 446 1846 601 1902; x_wconf 90' lang='lat' dir='ltr'><strong>ritate</strong></span> <span class='ocrx_word' id='word_1_238' title='bbox 632 1852 822 1906; x_wconf 91' lang='lat' dir='ltr'><strong>mentis</strong></span> <span class='ocrx_word' id='word_1_239' title='bbox 850 1862 904 1907; x_wconf 93' lang='lat' dir='ltr'><strong>et</strong></span> <span class='ocrx_word' id='word_1_240' title='bbox 924 1854 1099 1908; x_wconf 88' lang='lat' dir='ltr'><strong>divina</strong></span> <span class='ocrx_word' id='word_1_241' title='bbox 1121 1860 1569 1927; x_wconf 79' lang='lat' dir='ltr'><strong>contemplatione</strong></span> <span class='ocrx_word' id='word_1_242' title='bbox 1600 1875 1906 1930; x_wconf 89' lang='lat' dir='ltr'><strong>pascuntur.</strong></span> 
     </span>
    </p>
   </div>
   <div class='ocr_carea' id='block_1_35' title="bbox 516 1938 2018 2025">
    <p class='ocr_par' dir='ltr' id='par_1_35' title="bbox 516 1938 2018 2025">
     <span class='ocr_line' id='line_1_35' title="bbox 516 1938 2018 2025; baseline 0.014 -34"><span class='ocrx_word' id='word_1_243' title='bbox 516 1938 757 2007; x_wconf 80' lang='lat' dir='ltr'><strong>Cumque</strong></span> <span class='ocrx_word' id='word_1_244' title='bbox 788 1942 889 1997; x_wconf 88' lang='lat' dir='ltr'><strong>hoc</strong></span> <span class='ocrx_word' id='word_1_245' title='bbox 918 1944 1170 2011; x_wconf 86' lang='lat' dir='ltr'><strong>dixisset,</strong></span> <span class='ocrx_word' id='word_1_246' title='bbox 1204 1952 1419 2005; x_wconf 89' lang='lat' dir='ltr'><strong>nuntius</strong></span> <span class='ocrx_word' id='word_1_247' title='bbox 1444 1953 1679 2008; x_wconf 57' lang='lat' dir='ltr'><strong>caelestis</strong></span> <span class='ocrx_word' id='word_1_248' title='bbox 1716 1956 1973 2013; x_wconf 89' lang='lat' dir='ltr'><strong>abscessit</strong></span> <span class='ocrx_word' id='word_1_249' title='bbox 2003 1978 2018 2025; x_wconf 85' lang='lat'><strong>;</strong></span> 
     </span>
    </p>
   </div>
   <div class='ocr_carea' id='block_1_36' title="bbox 446 2029 2021 2115">
    <p class='ocr_par' dir='ltr' id='par_1_36' title="bbox 446 2029 2021 2115">
     <span class='ocr_line' id='line_1_36' title="bbox 446 2029 2021 2115; baseline 0.017 -38"><span class='ocrx_word' id='word_1_250' title='bbox 446 2038 498 2080; x_wconf 75' lang='lat' dir='ltr'><strong>et</strong></span> <span class='ocrx_word' id='word_1_251' title='bbox 529 2029 844 2087; x_wconf 87' lang='lat' dir='ltr'><strong>Paehomius</strong></span> <span class='ocrx_word' id='word_1_252' title='bbox 872 2037 1030 2091; x_wconf 89' lang='lat' dir='ltr'><strong>solite</strong></span> <span class='ocrx_word' id='word_1_253' title='bbox 1071 2039 1177 2092; x_wconf 90' lang='lat' dir='ltr'><strong>Deo</strong></span> <span class='ocrx_word' id='word_1_254' title='bbox 1222 2041 1419 2108; x_wconf 77' lang='lat' dir='ltr'><strong>gratias</strong></span> <span class='ocrx_word' id='word_1_255' title='bbox 1464 2046 1615 2115; x_wconf 76' lang='lat'><strong>121</strong></span> <span class='ocrx_word' id='word_1_256' title='bbox 1664 2046 1921 2111; x_wconf 83' lang='lat' dir='ltr'><strong>referens,</strong></span> <span class='ocrx_word' id='word_1_257' title='bbox 1953 2050 2021 2104; x_wconf 90' lang='lat' dir='ltr'><strong>de</strong></span> 
     </span>
    </p>
   </div>
   <div class='ocr_carea' id='block_1_37' title="bbox 446 2120 2020 2202">
    <p class='ocr_par' dir='ltr' id='par_1_37' title="bbox 446 2120 2020 2202">
     <span class='ocr_line' id='line_1_37' title="bbox 446 2120 2020 2202; baseline 0.017 -33"><span class='ocrx_word' id='word_1_258' title='bbox 446 2120 649 2174; x_wconf 87' lang='lat' dir='ltr'><strong>visione</strong></span> <span class='ocrx_word' id='word_1_259' title='bbox 691 2133 872 2179; x_wconf 91' lang='lat' dir='ltr'><strong>certus</strong></span> <span class='ocrx_word' id='word_1_260' title='bbox 916 2136 998 2182; x_wconf 88' lang='lat' dir='ltr'><strong>est</strong></span> <span class='ocrx_word' id='word_1_261' title='bbox 1043 2130 1281 2185; x_wconf 90' lang='lat' dir='ltr'><strong>redditus</strong></span> <span class='ocrx_word' id='word_1_262' title='bbox 1304 2172 1319 2197; x_wconf 94' lang='lat'><strong>,</strong></span> <span class='ocrx_word' id='word_1_263' title='bbox 1347 2149 1502 2202; x_wconf 91' lang='lat' dir='ltr'><strong>quam</strong></span> <span class='ocrx_word' id='word_1_264' title='bbox 1532 2135 1668 2189; x_wconf 89' lang='lat' dir='ltr'><strong>trina</strong></span> <span class='ocrx_word' id='word_1_265' title='bbox 1698 2139 2020 2197; x_wconf 87' lang='lat' dir='ltr'><strong>revelationo</strong></span> 
     </span>
    </p>
   </div>
   <div class='ocr_carea' id='block_1_38' title="bbox 446 2216 2021 2299">
    <p class='ocr_par' dir='ltr' id='par_1_38' title="bbox 446 2216 2021 2299">
     <span class='ocr_line' id='line_1_38' title="bbox 446 2216 2021 2299; baseline 0.017 -39"><span class='ocrx_word' id='word_1_266' title='bbox 446 2223 783 2279; x_wconf 80' lang='lat' dir='ltr'><strong>cognoverat.</strong></span> <span class='ocrx_word' id='word_1_267' title='bbox 834 2216 1116 2288; x_wconf 72' lang='lat' dir='ltr'><strong>Cmpitque</strong></span> <span class='ocrx_word' id='word_1_268' title='bbox 1164 2223 1437 2290; x_wconf 84' lang='lat' dir='ltr'><strong>suscipere</strong></span> <span class='ocrx_word' id='word_1_269' title='bbox 1486 2236 1743 2293; x_wconf 86' lang='lat' dir='ltr'><strong>cunctos,</strong></span> <span class='ocrx_word' id='word_1_270' title='bbox 1786 2230 1877 2298; x_wconf 92' lang='lat' dir='ltr'><strong>qui</strong></span> <span class='ocrx_word' id='word_1_271' title='bbox 1925 2246 2021 2299; x_wconf 90' lang='lat' dir='ltr'><strong>per</strong></span> 
     </span>
    </p>
   </div>
   <div class='ocr_carea' id='block_1_39' title="bbox 447 2301 2019 2389">
    <p class='ocr_par' dir='ltr' id='par_1_39' title="bbox 447 2301 2019 2389">
     <span class='ocr_line' id='line_1_39' title="bbox 447 2301 2019 2389; baseline 0.015 -37"><span class='ocrx_word' id='word_1_272' title='bbox 447 2301 807 2365; x_wconf 71' lang='lat' dir='ltr'><strong>paenitentiam</strong></span> <span class='ocrx_word' id='word_1_273' title='bbox 839 2319 898 2360; x_wconf 89' lang='lat' dir='ltr'><strong>se</strong></span> <span class='ocrx_word' id='word_1_274' title='bbox 926 2307 1019 2363; x_wconf 83' lang='lat' dir='ltr'><strong>Dei</strong></span> <span class='ocrx_word' id='word_1_275' title='bbox 1051 2311 1480 2368; x_wconf 86' lang='lat' dir='ltr'><strong>miserationibus</strong></span> <span class='ocrx_word' id='word_1_276' title='bbox 1527 2315 1852 2385; x_wconf 77' lang='lat' dir='ltr'><strong>offerebant;</strong></span> <span class='ocrx_word' id='word_1_277' title='bbox 1883 2335 2019 2389; x_wconf 90' lang='lat' dir='ltr'><strong>quos</strong></span> 
     </span>
    </p>
   </div>
   <div class='ocr_carea' id='block_1_40' title="bbox 444 2395 2019 2477">
    <p class='ocr_par' dir='ltr' id='par_1_40' title="bbox 444 2395 2019 2477">
     <span class='ocr_line' id='line_1_40' title="bbox 444 2395 2019 2477; baseline 0.014 -30"><span class='ocrx_word' id='word_1_278' title='bbox 444 2395 601 2449; x_wconf 87' lang='lat' dir='ltr'><strong>etiam</strong></span> <span class='ocrx_word' id='word_1_279' title='bbox 648 2407 767 2465; x_wconf 90' lang='lat' dir='ltr'><strong>post</strong></span> <span class='ocrx_word' id='word_1_280' title='bbox 788 2400 995 2469; x_wconf 89' lang='lat' dir='ltr'><strong>longam</strong></span> <span class='ocrx_word' id='word_1_281' title='bbox 1024 2407 1449 2460; x_wconf 88' lang='lat' dir='ltr'><strong>conversationis</strong></span> <span class='ocrx_word' id='word_1_282' title='bbox 1495 2411 1878 2477; x_wconf 75' lang='lat' dir='ltr'><strong>experientiam</strong></span> <span class='ocrx_word' id='word_1_283' title='bbox 1905 2429 2019 2468; x_wconf 90' lang='lat' dir='ltr'><strong>mo-</strong></span> 
     </span>
    </p>
   </div>
   <div class='ocr_carea' id='block_1_41' title="bbox 449 2485 2020 2563">
    <p class='ocr_par' dir='ltr' id='par_1_41' title="bbox 449 2485 2020 2563">
     <span class='ocr_line' id='line_1_41' title="bbox 449 2485 2020 2563; baseline 0.014 -27"><span class='ocrx_word' id='word_1_284' title='bbox 449 2485 737 2540; x_wconf 76' lang='lat' dir='ltr'><strong>nzchorum</strong></span> <span class='ocrx_word' id='word_1_285' title='bbox 765 2491 991 2545; x_wconf 65' lang='lat' dir='ltr'><strong>coetibus</strong></span> <span class='ocrx_word' id='word_1_286' title='bbox 1024 2496 1361 2563; x_wconf 79' lang='lat' dir='ltr'><strong>aggregabat,</strong></span> <span class='ocrx_word' id='word_1_287' title='bbox 1406 2496 1672 2553; x_wconf 89' lang='lat' dir='ltr'><strong>instruens</strong></span> <span class='ocrx_word' id='word_1_288' title='bbox 1698 2515 1792 2555; x_wconf 93' lang='lat' dir='ltr'><strong>eos</strong></span> <span class='ocrx_word' id='word_1_289' title='bbox 1837 2504 2020 2558; x_wconf 90' lang='lat' dir='ltr'><strong>mundi</strong></span> 
     </span>
    </p>
   </div>
   <div class='ocr_carea' id='block_1_42' title="bbox 445 2578 2020 2658">
    <p class='ocr_par' dir='ltr' id='par_1_42' title="bbox 445 2578 2020 2658">
     <span class='ocr_line' id='line_1_42' title="bbox 445 2578 2020 2658; baseline 0.011 -28"><span class='ocrx_word' id='word_1_290' title='bbox 445 2578 724 2635; x_wconf 88' lang='lat' dir='ltr'><strong>illecebras</strong></span> <span class='ocrx_word' id='word_1_291' title='bbox 757 2582 963 2652; x_wconf 78' lang='lat' dir='ltr'><strong>fugere,</strong></span> <span class='ocrx_word' id='word_1_292' title='bbox 993 2589 1297 2656; x_wconf 90' lang='lat' dir='ltr'><strong>sanctisque</strong></span> <span class='ocrx_word' id='word_1_293' title='bbox 1346 2603 1558 2658; x_wconf 90' lang='lat' dir='ltr'><strong>semper</strong></span> <span class='ocrx_word' id='word_1_294' title='bbox 1600 2591 2020 2648; x_wconf 87' lang='lat' dir='ltr'><strong>institutionibus</strong></span> 
     </span>
    </p>
   </div>
   <div class='ocr_carea' id='block_1_43' title="bbox 446 2669 2017 2748">
    <p class='ocr_par' dir='ltr' id='par_1_43' title="bbox 446 2669 2017 2748">
     <span class='ocr_line' id='line_1_43' title="bbox 446 2669 2017 2748; baseline 0.013 -29"><span class='ocrx_word' id='word_1_295' title='bbox 446 2669 724 2735; x_wconf 82' lang='lat' dir='ltr'><strong>inhaerere,</strong></span> <span class='ocrx_word' id='word_1_296' title='bbox 759 2673 1005 2741; x_wconf 89' lang='lat' dir='ltr'><strong>primitus</strong></span> <span class='ocrx_word' id='word_1_297' title='bbox 1053 2677 1348 2733; x_wconf 91' lang='lat' dir='ltr'><strong>admonens</strong></span> <span class='ocrx_word' id='word_1_298' title='bbox 1377 2690 1433 2733; x_wconf 91' lang='lat' dir='ltr'><strong>ttt</strong></span> <span class='ocrx_word' id='word_1_299' title='bbox 1462 2682 1786 2748; x_wconf 86' lang='lat' dir='ltr'><strong>generaliter</strong></span> <span class='ocrx_word' id='word_1_300' title='bbox 1829 2699 2017 2738; x_wconf 90' lang='lat' dir='ltr'><strong>mona-</strong></span> 
     </span>
    </p>
   </div>
   <div class='ocr_carea' id='block_1_44' title="bbox 444 2760 2019 2842">
    <p class='ocr_par' dir='ltr' id='par_1_44' title="bbox 444 2760 2019 2842">
     <span class='ocr_line' id='line_1_44' title="bbox 444 2760 2019 2842; baseline 0.014 -34"><span class='ocrx_word' id='word_1_301' title='bbox 444 2760 577 2813; x_wconf 78' lang='lat' dir='ltr'><strong>rltus</strong></span> <span class='ocrx_word' id='word_1_302' title='bbox 603 2763 855 2818; x_wconf 87' lang='lat' dir='ltr'><strong>universo</strong></span> <span class='ocrx_word' id='word_1_303' title='bbox 888 2767 1083 2821; x_wconf 90' lang='lat' dir='ltr'><strong>mundo</strong></span> <span class='ocrx_word' id='word_1_304' title='bbox 1112 2771 1402 2835; x_wconf 85' lang='lat' dir='ltr'><strong>renuntiet,</strong></span> <span class='ocrx_word' id='word_1_305' title='bbox 1426 2772 1639 2839; x_wconf 88' lang='lat' dir='ltr'><strong>deinde,</strong></span> <span class='ocrx_word' id='word_1_306' title='bbox 1661 2775 1811 2842; x_wconf 81' lang='lat' dir='ltr'><strong>juxta</strong></span> <span class='ocrx_word' id='word_1_307' title='bbox 1843 2774 2019 2830; x_wconf 86' lang='lat' dir='ltr'><strong>Evan-</strong></span> 
     </span>
    </p>
   </div>
   <div class='ocr_carea' id='block_1_45' title="bbox 444 2854 2020 2934">
    <p class='ocr_par' dir='ltr' id='par_1_45' title="bbox 444 2854 2020 2934">
     <span class='ocr_line' id='line_1_45' title="bbox 444 2854 2020 2934; baseline 0.011 -29"><span class='ocrx_word' id='word_1_308' title='bbox 444 2854 667 2921; x_wconf 75' lang='lat' dir='ltr'><strong>gelicum</strong></span> <span class='ocrx_word' id='word_1_309' title='bbox 699 2868 1021 2925; x_wconf 66' lang='lat' dir='ltr'><strong>praeceptum</strong></span> <span class='ocrx_word' id='word_1_310' title='bbox 1053 2861 1231 2930; x_wconf 74' lang='lat' dir='ltr'><strong>(Luae</strong></span> <span class='ocrx_word' id='word_1_311' title='bbox 1275 2866 1446 2934; x_wconf 77' lang='lat' dir='ltr'><strong>xxiv),</strong></span> <span class='ocrx_word' id='word_1_312' title='bbox 1478 2868 1782 2933; x_wconf 90' lang='lat' dir='ltr'><strong>parentibus</strong></span> <span class='ocrx_word' id='word_1_313' title='bbox 1811 2869 1941 2934; x_wconf 88' lang='lat' dir='ltr'><strong>suis,</strong></span> <span class='ocrx_word' id='word_1_314' title='bbox 1966 2879 2020 2925; x_wconf 92' lang='lat' dir='ltr'><strong>et</strong></span> 
     </span>
    </p>
   </div>
   <div class='ocr_carea' id='block_1_46' title="bbox 444 2943 2015 3026">
    <p class='ocr_par' dir='ltr' id='par_1_46' title="bbox 444 2943 2015 3026">
     <span class='ocr_line' id='line_1_46' title="bbox 444 2943 2015 3026; baseline 0.015 -34"><span class='ocrx_word' id='word_1_315' title='bbox 444 2943 507 2995; x_wconf 84' lang='lat' dir='ltr'><strong>ad</strong></span> <span class='ocrx_word' id='word_1_316' title='bbox 554 2955 877 3013; x_wconf 81' lang='lat' dir='ltr'><strong>postremum</strong></span> <span class='ocrx_word' id='word_1_317' title='bbox 929 2951 1263 3023; x_wconf 88' lang='lat' dir='ltr'><strong>sibimetipsi,</strong></span> <span class='ocrx_word' id='word_1_318' title='bbox 1297 2964 1355 3010; x_wconf 89' lang='lat' dir='ltr'><strong>ut</strong></span> <span class='ocrx_word' id='word_1_319' title='bbox 1389 2958 1454 3010; x_wconf 92' lang='lat' dir='ltr'><strong>ita</strong></span> <span class='ocrx_word' id='word_1_320' title='bbox 1485 2960 1651 3026; x_wconf 90' lang='lat' dir='ltr'><strong>possit</strong></span> <span class='ocrx_word' id='word_1_321' title='bbox 1682 2959 1870 3015; x_wconf 90' lang='lat' dir='ltr'><strong>tollere</strong></span> <span class='ocrx_word' id='word_1_322' title='bbox 1895 2975 2015 3015; x_wconf 77' lang='lat' dir='ltr'><strong>cru~</strong></span> 
     </span>
    </p>
   </div>
   <div class='ocr_carea' id='block_1_47' title="bbox 444 3040 1871 3114">
    <p class='ocr_par' dir='ltr' id='par_1_47' title="bbox 444 3040 1871 3114">
     <span class='ocr_line' id='line_1_47' title="bbox 444 3040 1871 3114; baseline 0.012 -27"><span class='ocrx_word' id='word_1_323' title='bbox 444 3050 560 3088; x_wconf 85' lang='lat' dir='ltr'><strong>cem</strong></span> <span class='ocrx_word' id='word_1_324' title='bbox 588 3050 761 3104; x_wconf 89' lang='lat' dir='ltr'><strong>suam,</strong></span> <span class='ocrx_word' id='word_1_325' title='bbox 787 3047 842 3094; x_wconf 91' lang='lat' dir='ltr'><strong>et</strong></span> <span class='ocrx_word' id='word_1_326' title='bbox 864 3040 1060 3098; x_wconf 89' lang='lat' dir='ltr'><strong>Christi</strong></span> <span class='ocrx_word' id='word_1_327' title='bbox 1091 3046 1307 3114; x_wconf 85' lang='lat' dir='ltr'><strong>vestigia</strong></span> <span class='ocrx_word' id='word_1_328' title='bbox 1334 3049 1631 3102; x_wconf 80' lang='lat' dir='ltr'><strong>veneranda</strong></span> <span class='ocrx_word' id='word_1_329' title='bbox 1660 3049 1871 3104; x_wconf 90' lang='lat' dir='ltr'><strong>sectari.</strong></span> 
     </span>
    </p>
   </div>
   <div class='ocr_carea' id='block_1_48' title="bbox 2122 1841 3706 1913">
    <p class='ocr_par' dir='ltr' id='par_1_48' title="bbox 2122 1841 3706 1913">
     <span class='ocr_line' id='line_1_48' title="bbox 2122 1841 3706 1913; baseline -0.003 -16"><span class='ocrx_word' id='word_1_330' title='bbox 2122 1844 2249 1913; x_wconf 90' lang='lat' dir='ltr'><strong>quid</strong></span> <span class='ocrx_word' id='word_1_331' title='bbox 2274 1854 2354 1898; x_wconf 89' lang='lat' dir='ltr'><strong>est</strong></span> <span class='ocrx_word' id='word_1_332' title='bbox 2391 1842 2534 1896; x_wconf 87' lang='lat' dir='ltr'><strong>aliud</strong></span> <span class='ocrx_word' id='word_1_333' title='bbox 2575 1844 2716 1909; x_wconf 90' lang='lat' dir='ltr'><strong>quod</strong></span> <span class='ocrx_word' id='word_1_334' title='bbox 2747 1844 2798 1896; x_wconf 94' lang='lat' dir='ltr'><strong>in</strong></span> <span class='ocrx_word' id='word_1_335' title='bbox 2851 1842 3139 1911; x_wconf 78' lang='lat' dir='ltr'><strong>Evangelia</strong></span> <span class='ocrx_word' id='word_1_336' title='bbox 3191 1841 3446 1907; x_wconf 92' lang='lat' dir='ltr'><strong>scriptum</strong></span> <span class='ocrx_word' id='word_1_337' title='bbox 3480 1852 3586 1906; x_wconf 90' lang='lat' dir='ltr'><strong>est,</strong></span> <span class='ocrx_word' id='word_1_338' title='bbox 3623 1841 3706 1893; x_wconf 91' lang='lat' dir='ltr'><strong>di-</strong></span> 
     </span>
    </p>
   </div>
   <div class='ocr_carea' id='block_1_49' title="bbox 2124 1930 3703 2000">
    <p class='ocr_par' dir='ltr' id='par_1_49' title="bbox 2124 1930 3703 2000">
     <span class='ocr_line' id='line_1_49' title="bbox 2124 1930 3703 2000; baseline -0.002 -12"><span class='ocrx_word' id='word_1_339' title='bbox 2124 1948 2279 1991; x_wconf 90' lang='lat' dir='ltr'><strong>cente</strong></span> <span class='ocrx_word' id='word_1_340' title='bbox 2302 1935 2515 1990; x_wconf 88' lang='lat' dir='ltr'><strong>Christo</strong></span> <span class='ocrx_word' id='word_1_341' title='bbox 2550 1952 2564 1987; x_wconf 89' lang='lat'><strong>:</strong></span> <span class='ocrx_word' id='word_1_342' title='bbox 2600 1934 2787 1989; x_wconf 85' lang='lat' dir='ltr'><strong>Venite</strong></span> <span class='ocrx_word' id='word_1_343' title='bbox 2816 1935 2881 1987; x_wconf 91' lang='lat' dir='ltr'><strong>ad</strong></span> <span class='ocrx_word' id='word_1_344' title='bbox 2907 1948 2992 1987; x_wconf 93' lang='lat' dir='ltr'><strong>me</strong></span> <span class='ocrx_word' id='word_1_345' title='bbox 3020 1948 3232 1996; x_wconf 89' lang='lat' dir='ltr'><strong>omnes,</strong></span> <span class='ocrx_word' id='word_1_346' title='bbox 3256 1932 3344 2000; x_wconf 91' lang='lat' dir='ltr'><strong>qui</strong></span> <span class='ocrx_word' id='word_1_347' title='bbox 3368 1930 3623 1986; x_wconf 82' lang='lat' dir='ltr'><strong>laboratis</strong></span> <span class='ocrx_word' id='word_1_348' title='bbox 3646 1943 3703 1985; x_wconf 89' lang='lat' dir='ltr'><strong>et</strong></span> 
     </span>
    </p>
   </div>
   <div class='ocr_carea' id='block_1_50' title="bbox 2123 2022 3705 2093">
    <p class='ocr_par' dir='ltr' id='par_1_50' title="bbox 2123 2022 3705 2093">
     <span class='ocr_line' id='line_1_50' title="bbox 2123 2022 3705 2093; baseline -0.004 -11"><span class='ocrx_word' id='word_1_349' title='bbox 2123 2028 2325 2082; x_wconf 88' lang='lat' dir='ltr'><strong>onerati</strong></span> <span class='ocrx_word' id='word_1_350' title='bbox 2357 2027 2509 2090; x_wconf 91' lang='lat' dir='ltr'><strong>estis,</strong></span> <span class='ocrx_word' id='word_1_351' title='bbox 2541 2033 2595 2079; x_wconf 87' lang='lat' dir='ltr'><strong>et</strong></span> <span class='ocrx_word' id='word_1_352' title='bbox 2624 2041 2721 2093; x_wconf 83' lang='lat' dir='ltr'><strong>ego</strong></span> <span class='ocrx_word' id='word_1_353' title='bbox 2750 2025 2984 2079; x_wconf 77' lang='lat' dir='ltr'><strong>reﬁciam</strong></span> <span class='ocrx_word' id='word_1_354' title='bbox 3008 2039 3102 2079; x_wconf 91' lang='lat' dir='ltr'><strong>vos</strong></span> <span class='ocrx_word' id='word_1_355' title='bbox 3126 2023 3341 2091; x_wconf 74' lang='lat' dir='ltr'><strong>(Matth.</strong></span> <span class='ocrx_word' id='word_1_356' title='bbox 3368 2026 3479 2090; x_wconf 74' lang='lat' dir='ltr'><strong>XI);</strong></span> <span class='ocrx_word' id='word_1_357' title='bbox 3513 2022 3618 2074; x_wconf 91' lang='lat' dir='ltr'><strong>nisi</strong></span> <span class='ocrx_word' id='word_1_358' title='bbox 3645 2030 3705 2075; x_wconf 88' lang='lat' dir='ltr'><strong>ut</strong></span> 
     </span>
    </p>
   </div>
   <div class='ocr_carea' id='block_1_51' title="bbox 2124 2111 3707 2187">
    <p class='ocr_par' dir='ltr' id='par_1_51' title="bbox 2124 2111 3707 2187">
     <span class='ocr_line' id='line_1_51' title="bbox 2124 2111 3707 2187; baseline -0.004 -16"><span class='ocrx_word' id='word_1_359' title='bbox 2124 2119 2309 2187; x_wconf 86' lang='lat' dir='ltr'><strong>iniqua</strong></span> <span class='ocrx_word' id='word_1_360' title='bbox 2350 2118 2693 2185; x_wconf 89' lang='lat' dir='ltr'><strong>projicientes</strong></span> <span class='ocrx_word' id='word_1_361' title='bbox 2737 2130 2923 2181; x_wconf 89' lang='lat' dir='ltr'><strong>onera,</strong></span> <span class='ocrx_word' id='word_1_362' title='bbox 2951 2129 3069 2184; x_wconf 73' lang='lat' dir='ltr'><strong>qua:</strong></span> <span class='ocrx_word' id='word_1_363' title='bbox 3090 2113 3393 2182; x_wconf 87' lang='lat' dir='ltr'><strong>deprimunt</strong></span> <span class='ocrx_word' id='word_1_364' title='bbox 3412 2126 3580 2181; x_wconf 85' lang='lat' dir='ltr'><strong>genus</strong></span> <span class='ocrx_word' id='word_1_365' title='bbox 3606 2111 3707 2165; x_wconf 80' lang='grc' dir='ltr'>Ιιιι-</span> 
     </span>
    </p>
   </div>
   <div class='ocr_carea' id='block_1_52' title="bbox 2123 2202 3702 2271">
    <p class='ocr_par' dir='ltr' id='par_1_52' title="bbox 2123 2202 3702 2271">
     <span class='ocr_line' id='line_1_52' title="bbox 2123 2202 3702 2271; baseline -0.003 -10"><span class='ocrx_word' id='word_1_366' title='bbox 2123 2222 2360 2271; x_wconf 90' lang='lat' dir='ltr'><strong>manum,</strong></span> <span class='ocrx_word' id='word_1_367' title='bbox 2394 2208 2533 2261; x_wconf 90' lang='lat' dir='ltr'><strong>bono</strong></span> <span class='ocrx_word' id='word_1_368' title='bbox 2559 2206 2984 2261; x_wconf 89' lang='lat' dir='ltr'><strong>incommutabili</strong></span> <span class='ocrx_word' id='word_1_369' title='bbox 3012 2205 3127 2259; x_wconf 92' lang='lat' dir='ltr'><strong>sine</strong></span> <span class='ocrx_word' id='word_1_370' title='bbox 3167 2203 3557 2259; x_wconf 89' lang='lat' dir='ltr'><strong>detrectatione</strong></span> <span class='ocrx_word' id='word_1_371' title='bbox 3582 2202 3702 2271; x_wconf 90' lang='lat' dir='ltr'><strong>jun-</strong></span> 
     </span>
    </p>
   </div>
   <div class='ocr_carea' id='block_1_53' title="bbox 2121 2294 3699 2368">
    <p class='ocr_par' dir='ltr' id='par_1_53' title="bbox 2121 2294 3699 2368">
     <span class='ocr_line' id='line_1_53' title="bbox 2121 2294 3699 2368; baseline -0.004 -15"><span class='ocrx_word' id='word_1_372' title='bbox 2121 2298 2345 2368; x_wconf 78' lang='lat' dir='ltr'><strong>gamur?</strong></span> <span class='ocrx_word' id='word_1_373' title='bbox 2371 2298 2438 2352; x_wconf 85' lang='lat' dir='ltr'><strong>Et</strong></span> <span class='ocrx_word' id='word_1_374' title='bbox 2485 2297 2606 2352; x_wconf 89' lang='lat' dir='ltr'><strong>ideo</strong></span> <span class='ocrx_word' id='word_1_375' title='bbox 2652 2310 3053 2365; x_wconf 85' lang='lat' dir='ltr'><strong>perseveremus</strong></span> <span class='ocrx_word' id='word_1_376' title='bbox 3084 2310 3256 2364; x_wconf 91' lang='lat' dir='ltr'><strong>usque</strong></span> <span class='ocrx_word' id='word_1_377' title='bbox 3305 2294 3359 2348; x_wconf 91' lang='lat' dir='ltr'><strong>in</strong></span> <span class='ocrx_word' id='word_1_378' title='bbox 3385 2294 3546 2348; x_wconf 86' lang='lat' dir='ltr'><strong>finem</strong></span> <span class='ocrx_word' id='word_1_379' title='bbox 3575 2309 3699 2348; x_wconf 90' lang='lat' dir='ltr'><strong>cum</strong></span> 
     </span>
    </p>
   </div>
   <div class='ocr_carea' id='block_1_54' title="bbox 2122 2385 3704 2457">
    <p class='ocr_par' dir='ltr' id='par_1_54' title="bbox 2122 2385 3704 2457">
     <span class='ocr_line' id='line_1_54' title="bbox 2122 2385 3704 2457; baseline -0.003 -14"><span class='ocrx_word' id='word_1_380' title='bbox 2122 2391 2225 2444; x_wconf 87' lang='lat' dir='ltr'><strong>hoc</strong></span> <span class='ocrx_word' id='word_1_381' title='bbox 2250 2404 2400 2455; x_wconf 89' lang='lat' dir='ltr'><strong>sene,</strong></span> <span class='ocrx_word' id='word_1_382' title='bbox 2426 2398 2482 2444; x_wconf 93' lang='lat' dir='ltr'><strong>ut</strong></span> <span class='ocrx_word' id='word_1_383' title='bbox 2510 2386 2902 2457; x_wconf 84' lang='lat' dir='ltr'><strong>congloriﬁcari</strong></span> <span class='ocrx_word' id='word_1_384' title='bbox 2927 2401 3046 2441; x_wconf 91' lang='lat' dir='ltr'><strong>cum</strong></span> <span class='ocrx_word' id='word_1_385' title='bbox 3079 2387 3196 2455; x_wconf 89' lang='lat' dir='ltr'><strong>ipso</strong></span> <span class='ocrx_word' id='word_1_386' title='bbox 3224 2387 3275 2439; x_wconf 93' lang='lat' dir='ltr'><strong>in</strong></span> <span class='ocrx_word' id='word_1_387' title='bbox 3328 2386 3414 2439; x_wconf 85' lang='lat' dir='ltr'><strong>illa</strong></span> <span class='ocrx_word' id='word_1_388' title='bbox 3474 2385 3704 2453; x_wconf 87' lang='lat' dir='ltr'><strong>perenni</strong></span> 
     </span>
    </p>
   </div>
   <div class='ocr_carea' id='block_1_55' title="bbox 2123 2477 3708 2543">
    <p class='ocr_par' dir='ltr' id='par_1_55' title="bbox 2123 2477 3708 2543">
     <span class='ocr_line' id='line_1_55' title="bbox 2123 2477 3708 2543; baseline -0.003 -10"><span class='ocrx_word' id='word_1_389' title='bbox 2123 2481 2448 2535; x_wconf 89' lang='lat' dir='ltr'><strong>beatitudine</strong></span> <span class='ocrx_word' id='word_1_390' title='bbox 2474 2491 2808 2543; x_wconf 90' lang='lat' dir='ltr'><strong>mereamur;</strong></span> <span class='ocrx_word' id='word_1_391' title='bbox 2825 2493 2949 2531; x_wconf 91' lang='lat' dir='ltr'><strong>nam</strong></span> <span class='ocrx_word' id='word_1_392' title='bbox 2969 2487 3111 2533; x_wconf 87' lang='lat' dir='ltr'><strong>recte</strong></span> <span class='ocrx_word' id='word_1_393' title='bbox 3135 2492 3230 2531; x_wconf 89' lang='lat' dir='ltr'><strong>nos</strong></span> <span class='ocrx_word' id='word_1_394' title='bbox 3254 2477 3471 2532; x_wconf 87' lang='lat' dir='ltr'><strong>instruit</strong></span> <span class='ocrx_word' id='word_1_395' title='bbox 3500 2477 3569 2530; x_wconf 90' lang='lat' dir='ltr'><strong>ad</strong></span> <span class='ocrx_word' id='word_1_396' title='bbox 3591 2491 3708 2530; x_wconf 85' lang='lat' dir='ltr'><strong>om-</strong></span> 
     </span>
    </p>
   </div>
   <div class='ocr_carea' id='block_1_56' title="bbox 2122 2567 3703 2638">
    <p class='ocr_par' dir='ltr' id='par_1_56' title="bbox 2122 2567 3703 2638">
     <span class='ocr_line' id='line_1_56' title="bbox 2122 2567 3703 2638; baseline -0.003 -13"><span class='ocrx_word' id='word_1_397' title='bbox 2122 2574 2232 2637; x_wconf 89' lang='lat' dir='ltr'><strong>nia,</strong></span> <span class='ocrx_word' id='word_1_398' title='bbox 2257 2586 2362 2625; x_wconf 88' lang='lat' dir='ltr'><strong>non</strong></span> <span class='ocrx_word' id='word_1_399' title='bbox 2388 2571 2557 2626; x_wconf 89' lang='lat' dir='ltr'><strong>solum</strong></span> <span class='ocrx_word' id='word_1_400' title='bbox 2589 2571 2773 2636; x_wconf 89' lang='lat' dir='ltr'><strong>verbo,</strong></span> <span class='ocrx_word' id='word_1_401' title='bbox 2799 2570 2895 2625; x_wconf 87' lang='lat' dir='ltr'><strong>sed</strong></span> <span class='ocrx_word' id='word_1_402' title='bbox 2920 2571 3101 2632; x_wconf 90' lang='lat' dir='ltr'><strong>etiam,</strong></span> <span class='ocrx_word' id='word_1_403' title='bbox 3131 2568 3271 2638; x_wconf 91' lang='lat' dir='ltr'><strong>quod</strong></span> <span class='ocrx_word' id='word_1_404' title='bbox 3296 2578 3379 2622; x_wconf 91' lang='lat' dir='ltr'><strong>est</strong></span> <span class='ocrx_word' id='word_1_405' title='bbox 3408 2567 3703 2630; x_wconf 71' lang='lat' dir='ltr'><strong>efficacius,</strong></span> 
     </span>
    </p>
   </div>
   <div class='ocr_carea' id='block_1_57' title="bbox 2121 2661 3705 2732">
    <p class='ocr_par' dir='ltr' id='par_1_57' title="bbox 2121 2661 3705 2732">
     <span class='ocr_line' id='line_1_57' title="bbox 2121 2661 3705 2732; baseline -0.002 -16"><span class='ocrx_word' id='word_1_406' title='bbox 2121 2664 2339 2732; x_wconf 91' lang='lat' dir='ltr'><strong>proprio</strong></span> <span class='ocrx_word' id='word_1_407' title='bbox 2386 2663 2699 2717; x_wconf 89' lang='lat' dir='ltr'><strong>mirabiliter</strong></span> <span class='ocrx_word' id='word_1_408' title='bbox 2738 2662 2989 2716; x_wconf 90' lang='lat' dir='ltr'><strong>informat</strong></span> <span class='ocrx_word' id='word_1_409' title='bbox 3030 2662 3302 2729; x_wconf 84' lang='lat' dir='ltr'><strong>exemplo.</strong></span> <span class='ocrx_word' id='word_1_410' title='bbox 3343 2661 3497 2715; x_wconf 88' lang='lat' dir='ltr'><strong>Tunc</strong></span> <span class='ocrx_word' id='word_1_411' title='bbox 3552 2673 3705 2714; x_wconf 87' lang='lat' dir='ltr'><strong>acce-</strong></span> 
     </span>
    </p>
   </div>
   <div class='ocr_carea' id='block_1_58' title="bbox 2120 2749 3703 2815">
    <p class='ocr_par' dir='ltr' id='par_1_58' title="bbox 2120 2749 3703 2815">
     <span class='ocr_line' id='line_1_58' title="bbox 2120 2749 3703 2815; baseline -0.003 -9"><span class='ocrx_word' id='word_1_412' title='bbox 2120 2751 2309 2806; x_wconf 90' lang='lat' dir='ltr'><strong>dentes</strong></span> <span class='ocrx_word' id='word_1_413' title='bbox 2356 2753 2422 2805; x_wconf 88' lang='lat' dir='ltr'><strong>ad</strong></span> <span class='ocrx_word' id='word_1_414' title='bbox 2462 2761 2707 2806; x_wconf 88' lang='lat' dir='ltr'><strong>sanctum</strong></span> <span class='ocrx_word' id='word_1_415' title='bbox 2736 2750 3104 2815; x_wconf 87' lang='lat' dir='ltr'><strong>Pachomium,</strong></span> <span class='ocrx_word' id='word_1_416' title='bbox 3157 2751 3340 2804; x_wconf 90' lang='lat' dir='ltr'><strong>dicunt</strong></span> <span class='ocrx_word' id='word_1_417' title='bbox 3381 2749 3430 2804; x_wconf 91' lang='lat' dir='ltr'><strong>ei</strong></span> <span class='ocrx_word' id='word_1_418' title='bbox 3486 2767 3501 2803; x_wconf 86' lang='lat'><strong>:</strong></span> <span class='ocrx_word' id='word_1_419' title='bbox 3549 2749 3703 2803; x_wconf 88' lang='lat' dir='ltr'><strong>Pater</strong></span> 
     </span>
    </p>
   </div>
   <div class='ocr_carea' id='block_1_59' title="bbox 2123 2841 3703 2907">
    <p class='ocr_par' dir='ltr' id='par_1_59' title="bbox 2123 2841 3703 2907">
     <span class='ocr_line' id='line_1_59' title="bbox 2123 2841 3703 2907; baseline -0.002 -11"><span class='ocrx_word' id='word_1_420' title='bbox 2123 2845 2461 2907; x_wconf 87' lang='lat' dir='ltr'><strong>venerabilis,</strong></span> <span class='ocrx_word' id='word_1_421' title='bbox 2503 2859 2598 2898; x_wconf 88' lang='lat' dir='ltr'><strong>cur</strong></span> <span class='ocrx_word' id='word_1_422' title='bbox 2634 2844 2781 2899; x_wconf 87' lang='lat' dir='ltr'><strong>solus</strong></span> <span class='ocrx_word' id='word_1_423' title='bbox 2810 2842 3120 2897; x_wconf 82' lang='lat' dir='ltr'><strong>monasterii</strong></span> <span class='ocrx_word' id='word_1_424' title='bbox 3163 2841 3576 2898; x_wconf 87' lang='lat' dir='ltr'><strong>sollicitudinem</strong></span> <span class='ocrx_word' id='word_1_425' title='bbox 3614 2855 3703 2894; x_wconf 88' lang='lat' dir='ltr'><strong>su-</strong></span> 
     </span>
    </p>
   </div>
   <div class='ocr_carea' id='block_1_60' title="bbox 2119 2934 3705 3004">
    <p class='ocr_par' dir='ltr' id='par_1_60' title="bbox 2119 2934 3705 3004">
     <span class='ocr_line' id='line_1_60' title="bbox 2119 2934 3705 3004; baseline -0.004 -14"><span class='ocrx_word' id='word_1_426' title='bbox 2119 2937 2325 2991; x_wconf 84' lang='lat' dir='ltr'><strong>stines?</strong></span> <span class='ocrx_word' id='word_1_427' title='bbox 2354 2936 2557 3003; x_wconf 82' lang='lat' dir='ltr'><strong>Quibus</strong></span> <span class='ocrx_word' id='word_1_428' title='bbox 2606 2936 2696 2990; x_wconf 89' lang='lat' dir='ltr'><strong>ille</strong></span> <span class='ocrx_word' id='word_1_429' title='bbox 2747 2935 3024 3004; x_wconf 86' lang='lat' dir='ltr'><strong>respondit</strong></span> <span class='ocrx_word' id='word_1_430' title='bbox 3056 2952 3070 2988; x_wconf 89' lang='lat'><strong>:</strong></span> <span class='ocrx_word' id='word_1_431' title='bbox 3112 2935 3278 2990; x_wconf 83' lang='lat' dir='ltr'><strong>Nemo</strong></span> <span class='ocrx_word' id='word_1_432' title='bbox 3314 2935 3497 3004; x_wconf 81' lang='lat' dir='ltr'><strong>jngum</strong></span> <span class='ocrx_word' id='word_1_433' title='bbox 3527 2934 3705 2987; x_wconf 83' lang='lat' dir='ltr'><strong>subito</strong></span> 
     </span>
    </p>
   </div>
   <div class='ocr_carea' id='block_1_61' title="bbox 2117 3026 3705 3096">
    <p class='ocr_par' dir='ltr' id='par_1_61' title="bbox 2117 3026 3705 3096">
     <span class='ocr_line' id='line_1_61' title="bbox 2117 3026 3705 3096; baseline -0.001 -16"><span class='ocrx_word' id='word_1_434' title='bbox 2117 3026 2373 3094; x_wconf 75' lang='lat' dir='ltr'><strong>iumentis</strong></span> <span class='ocrx_word' id='word_1_435' title='bbox 2402 3027 2701 3096; x_wconf 85' lang='lat' dir='ltr'><strong>imponens,</strong></span> <span class='ocrx_word' id='word_1_436' title='bbox 2738 3028 2981 3082; x_wconf 88' lang='lat' dir='ltr'><strong>laborare</strong></span> <span class='ocrx_word' id='word_1_437' title='bbox 3003 3027 3295 3093; x_wconf 89' lang='lat' dir='ltr'><strong>compellit,</strong></span> <span class='ocrx_word' id='word_1_438' title='bbox 3331 3035 3383 3081; x_wconf 91' lang='lat' dir='ltr'><strong>et</strong></span> <span class='ocrx_word' id='word_1_439' title='bbox 3407 3035 3553 3079; x_wconf 90' lang='lat' dir='ltr'><strong>tanto</strong></span> <span class='ocrx_word' id='word_1_440' title='bbox 3584 3040 3705 3091; x_wconf 81' lang='lat' dir='ltr'><strong>prc-</strong></span> 
     </span>
    </p>
   </div>
   <div class='ocr_carea' id='block_1_62' title="bbox 515 3116 2017 3207">
    <p class='ocr_par' dir='ltr' id='par_1_62' title="bbox 515 3126 2012 3207">
     <span class='ocr_line' id='line_1_62' title="bbox 515 3126 2012 3207; baseline 0.011 -29"><span class='ocrx_word' id='word_1_441' title='bbox 515 3126 628 3181; x_wconf 87' lang='lat' dir='ltr'><strong>Tali</strong></span> <span class='ocrx_word' id='word_1_442' title='bbox 649 3128 825 3198; x_wconf 90' lang='lat' dir='ltr'><strong>utique</strong></span> <span class='ocrx_word' id='word_1_443' title='bbox 848 3132 988 3186; x_wconf 89' lang='lat' dir='ltr'><strong>beati</strong></span> <span class='ocrx_word' id='word_1_444' title='bbox 1008 3134 1152 3189; x_wconf 87' lang='lat' dir='ltr'><strong>senis</strong></span> <span class='ocrx_word' id='word_1_445' title='bbox 1175 3136 1534 3193; x_wconf 86' lang='lat' dir='ltr'><strong>admonitione</strong></span> <span class='ocrx_word' id='word_1_446' title='bbox 1559 3139 1789 3207; x_wconf 89' lang='lat' dir='ltr'><strong>formati,</strong></span> <span class='ocrx_word' id='word_1_447' title='bbox 1812 3142 2012 3195; x_wconf 87' lang='lat' dir='ltr'><strong>fructus</strong></span> 
     </span>
    </p>
   </div>
   <div class='ocr_carea' id='block_1_63' title="bbox 2124 3116 3704 3207">
    <p class='ocr_par' dir='ltr' id='par_1_63' title="bbox 2124 3116 3704 3186">
     <span class='ocr_line' id='line_1_63' title="bbox 2124 3116 3704 3186; baseline -0.001 -15"><span class='ocrx_word' id='word_1_448' title='bbox 2124 3120 2213 3172; x_wconf 91' lang='lat' dir='ltr'><strong>mit</strong></span> <span class='ocrx_word' id='word_1_449' title='bbox 2268 3133 2454 3185; x_wconf 90' lang='lat' dir='ltr'><strong>onere,</strong></span> <span class='ocrx_word' id='word_1_450' title='bbox 2502 3133 2607 3186; x_wconf 90' lang='lat' dir='ltr'><strong>quo</strong></span> <span class='ocrx_word' id='word_1_451' title='bbox 2662 3117 2762 3171; x_wconf 86' lang='lat' dir='ltr'><strong>Sub</strong></span> <span class='ocrx_word' id='word_1_452' title='bbox 2792 3116 2936 3173; x_wconf 89' lang='lat' dir='ltr'><strong>fasce</strong></span> <span class='ocrx_word' id='word_1_453' title='bbox 2983 3116 3268 3182; x_wconf 85' lang='lat' dir='ltr'><strong>deficiant;</strong></span> <span class='ocrx_word' id='word_1_454' title='bbox 3311 3117 3404 3171; x_wconf 92' lang='lat' dir='ltr'><strong>sed</strong></span> <span class='ocrx_word' id='word_1_455' title='bbox 3447 3117 3704 3185; x_wconf 85' lang='lat' dir='ltr'><strong>paulatim</strong></span> 
     </span>
    </p>
   </div>
   <div class='ocr_carea' id='block_1_64' title="bbox 444 3215 2019 3290">
    <p class='ocr_par' dir='ltr' id='par_1_64' title="bbox 444 3215 2019 3290">
     <span class='ocr_line' id='line_1_64' title="bbox 444 3215 2019 3290; baseline 0.01 -23"><span class='ocrx_word' id='word_1_456' title='bbox 444 3215 770 3280; x_wconf 67' lang='lat' dir='ltr'><strong>pmnitentiaa</strong></span> <span class='ocrx_word' id='word_1_457' title='bbox 800 3218 1135 3286; x_wconf 87' lang='lat' dir='ltr'><strong>dignissimos</strong></span> <span class='ocrx_word' id='word_1_458' title='bbox 1159 3223 1471 3290; x_wconf 82' lang='lat' dir='ltr'><strong>ali&#39;erebant,</strong></span> <span class='ocrx_word' id='word_1_459' title='bbox 1497 3227 1728 3281; x_wconf 79' lang='lat' dir='ltr'><strong>maxime</strong></span> <span class='ocrx_word' id='word_1_460' title='bbox 1762 3228 2019 3283; x_wconf 90' lang='lat' dir='ltr'><strong>conside-</strong></span> 
     </span>
    </p>
   </div>
   <div class='ocr_carea' id='block_1_65' title="bbox 446 3309 2019 3386">
    <p class='ocr_par' dir='ltr' id='par_1_65' title="bbox 446 3309 2019 3386">
     <span class='ocr_line' id='line_1_65' title="bbox 446 3309 2019 3386; baseline 0.01 -28"><span class='ocrx_word' id='word_1_461' title='bbox 446 3318 625 3360; x_wconf 88' lang='lat' dir='ltr'><strong>rantes</strong></span> <span class='ocrx_word' id='word_1_462' title='bbox 655 3322 775 3361; x_wconf 90' lang='lat' dir='ltr'><strong>eum</strong></span> <span class='ocrx_word' id='word_1_463' title='bbox 810 3309 920 3379; x_wconf 92' lang='lat' dir='ltr'><strong>jam</strong></span> <span class='ocrx_word' id='word_1_464' title='bbox 971 3321 1127 3366; x_wconf 81' lang='lat' dir='ltr'><strong>aetate</strong></span> <span class='ocrx_word' id='word_1_465' title='bbox 1154 3313 1445 3381; x_wconf 90' lang='lat' dir='ltr'><strong>defessum,</strong></span> <span class='ocrx_word' id='word_1_466' title='bbox 1477 3316 1788 3386; x_wconf 84' lang='lat' dir='ltr'><strong>infatigabili</strong></span> <span class='ocrx_word' id='word_1_467' title='bbox 1844 3320 2019 3374; x_wconf 91' lang='lat' dir='ltr'><strong>studio</strong></span> 
     </span>
    </p>
   </div>
   <div class='ocr_carea' id='block_1_66' title="bbox 445 3394 2017 3474">
    <p class='ocr_par' dir='ltr' id='par_1_66' title="bbox 445 3394 2017 3474">
     <span class='ocr_line' id='line_1_66' title="bbox 445 3394 2017 3474; baseline 0.012 -27"><span class='ocrx_word' id='word_1_468' title='bbox 445 3397 699 3457; x_wconf 70' lang='lat' dir='ltr'><strong>spiritalis</strong></span> <span class='ocrx_word' id='word_1_469' title='bbox 726 3401 848 3455; x_wconf 62' lang='lat' dir='ltr'><strong>vita:</strong></span> <span class='ocrx_word' id='word_1_470' title='bbox 873 3394 1089 3459; x_wconf 84' lang='lat' dir='ltr'><strong>servare</strong></span> <span class='ocrx_word' id='word_1_471' title='bbox 1120 3407 1469 3474; x_wconf 86' lang='lat' dir='ltr'><strong>propositum.</strong></span> <span class='ocrx_word' id='word_1_472' title='bbox 1499 3408 1614 3462; x_wconf 82' lang='lat' dir='ltr'><strong>Non</strong></span> <span class='ocrx_word' id='word_1_473' title='bbox 1659 3410 1830 3464; x_wconf 86' lang='lat' dir='ltr'><strong>solum</strong></span> <span class='ocrx_word' id='word_1_474' title='bbox 1864 3428 2017 3466; x_wconf 90' lang='lat' dir='ltr'><strong>nam-</strong></span> 
     </span>
    </p>
   </div>
   <div class='ocr_carea' id='block_1_67' title="bbox 444 3490 2020 3566">
    <p class='ocr_par' dir='ltr' id='par_1_67' title="bbox 444 3490 2020 3566">
     <span class='ocr_line' id='line_1_67' title="bbox 444 3490 2020 3566; baseline 0.014 -29"><span class='ocrx_word' id='word_1_475' title='bbox 444 3501 548 3553; x_wconf 92' lang='lat' dir='ltr'><strong>que</strong></span> <span class='ocrx_word' id='word_1_476' title='bbox 575 3502 635 3541; x_wconf 86' lang='lat' dir='ltr'><strong>se</strong></span> <span class='ocrx_word' id='word_1_477' title='bbox 690 3490 999 3547; x_wconf 90' lang='lat' dir='ltr'><strong>districtiori</strong></span> <span class='ocrx_word' id='word_1_478' title='bbox 1054 3496 1253 3566; x_wconf 68' lang='lat' dir='ltr'><strong>regula:</strong></span> <span class='ocrx_word' id='word_1_479' title='bbox 1281 3498 1628 3566; x_wconf 91' lang='lat' dir='ltr'><strong>subdiderat,</strong></span> <span class='ocrx_word' id='word_1_480' title='bbox 1659 3501 1752 3555; x_wconf 90' lang='lat' dir='ltr'><strong>sed</strong></span> <span class='ocrx_word' id='word_1_481' title='bbox 1780 3511 1833 3555; x_wconf 88' lang='lat' dir='ltr'><strong>et</strong></span> <span class='ocrx_word' id='word_1_482' title='bbox 1861 3504 2020 3559; x_wconf 85' lang='lat' dir='ltr'><strong>tctius</strong></span> 
     </span>
    </p>
   </div>
   <div class='ocr_carea' id='block_1_68' title="bbox 447 3582 2018 3659">
    <p class='ocr_par' dir='ltr' id='par_1_68' title="bbox 447 3582 2018 3659">
     <span class='ocr_line' id='line_1_68' title="bbox 447 3582 2018 3659; baseline 0.012 -29"><span class='ocrx_word' id='word_1_483' title='bbox 447 3582 751 3635; x_wconf 88' lang='lat' dir='ltr'><strong>monasterii</strong></span> <span class='ocrx_word' id='word_1_484' title='bbox 802 3584 1210 3642; x_wconf 90' lang='lat' dir='ltr'><strong>sollicitudinem</strong></span> <span class='ocrx_word' id='word_1_485' title='bbox 1257 3604 1546 3659; x_wconf 88' lang='lat' dir='ltr'><strong>curamque</strong></span> <span class='ocrx_word' id='word_1_486' title='bbox 1598 3593 1858 3659; x_wconf 87' lang='lat' dir='ltr'><strong>portabat,</strong></span> <span class='ocrx_word' id='word_1_487' title='bbox 1884 3595 2018 3649; x_wconf 89' lang='lat' dir='ltr'><strong>ultra</strong></span> 
     </span>
    </p>
   </div>
   <div class='ocr_carea' id='block_1_69' title="bbox 444 3670 2019 3737">
    <p class='ocr_par' dir='ltr' id='par_1_69' title="bbox 444 3670 2019 3737">
     <span class='ocr_line' id='line_1_69' title="bbox 444 3670 2019 3737; baseline 0.011 -17"><span class='ocrx_word' id='word_1_488' title='bbox 444 3670 587 3723; x_wconf 87' lang='lat' dir='ltr'><strong>vires</strong></span> <span class='ocrx_word' id='word_1_489' title='bbox 630 3672 877 3728; x_wconf 90' lang='lat' dir='ltr'><strong>omnibus</strong></span> <span class='ocrx_word' id='word_1_490' title='bbox 912 3675 1117 3732; x_wconf 88' lang='lat' dir='ltr'><strong>servire</strong></span> <span class='ocrx_word' id='word_1_491' title='bbox 1165 3679 1517 3735; x_wconf 86' lang='lat' dir='ltr'><strong>contendens.</strong></span> <span class='ocrx_word' id='word_1_492' title='bbox 1544 3680 1622 3735; x_wconf 82' lang='lat' dir='ltr'><strong>Ad</strong></span> <span class='ocrx_word' id='word_1_493' title='bbox 1650 3681 1835 3735; x_wconf 89' lang='lat' dir='ltr'><strong>horam</strong></span> <span class='ocrx_word' id='word_1_494' title='bbox 1870 3699 2019 3737; x_wconf 89' lang='lat' dir='ltr'><strong>nam-</strong></span> 
     </span>
    </p>
   </div>
   <div class='ocr_carea' id='block_1_70' title="bbox 446 3762 2019 3836">
    <p class='ocr_par' dir='ltr' id='par_1_70' title="bbox 446 3762 2019 3836">
     <span class='ocr_line' id='line_1_70' title="bbox 446 3762 2019 3836; baseline 0.009 -24"><span class='ocrx_word' id='word_1_495' title='bbox 446 3774 552 3828; x_wconf 91' lang='lat' dir='ltr'><strong>que</strong></span> <span class='ocrx_word' id='word_1_496' title='bbox 572 3762 801 3817; x_wconf 83' lang='lat' dir='ltr'><strong>convivii</strong></span> <span class='ocrx_word' id='word_1_497' title='bbox 827 3763 944 3832; x_wconf 85' lang='lat' dir='ltr'><strong>ipse</strong></span> <span class='ocrx_word' id='word_1_498' title='bbox 971 3766 1190 3834; x_wconf 89' lang='lat' dir='ltr'><strong>parabat</strong></span> <span class='ocrx_word' id='word_1_499' title='bbox 1219 3783 1456 3824; x_wconf 88' lang='lat' dir='ltr'><strong>mensam</strong></span> <span class='ocrx_word' id='word_1_500' title='bbox 1486 3770 1759 3836; x_wconf 86' lang='lat' dir='ltr'><strong>fratribus,</strong></span> <span class='ocrx_word' id='word_1_501' title='bbox 1788 3780 1844 3825; x_wconf 92' lang='lat' dir='ltr'><strong>et</strong></span> <span class='ocrx_word' id='word_1_502' title='bbox 1867 3773 2019 3826; x_wconf 88' lang='lat' dir='ltr'><strong>solita</strong></span> 
     </span>
    </p>
   </div>
   <div class='ocr_carea' id='block_1_71' title="bbox 448 3852 2014 3930">
    <p class='ocr_par' dir='ltr' id='par_1_71' title="bbox 448 3852 2014 3930">
     <span class='ocr_line' id='line_1_71' title="bbox 448 3852 2014 3930; baseline 0.007 -25"><span class='ocrx_word' id='word_1_503' title='bbox 448 3852 731 3909; x_wconf 80' lang='lat' dir='ltr'><strong>exhibebat</strong></span> <span class='ocrx_word' id='word_1_504' title='bbox 759 3856 955 3910; x_wconf 89' lang='lat' dir='ltr'><strong>officia.</strong></span> <span class='ocrx_word' id='word_1_505' title='bbox 986 3857 1093 3912; x_wconf 87' lang='lat' dir='ltr'><strong>Nec</strong></span> <span class='ocrx_word' id='word_1_506' title='bbox 1124 3873 1227 3913; x_wconf 91' lang='lat' dir='ltr'><strong>non</strong></span> <span class='ocrx_word' id='word_1_507' title='bbox 1259 3862 1312 3913; x_wconf 92' lang='lat' dir='ltr'><strong>in</strong></span> <span class='ocrx_word' id='word_1_508' title='bbox 1361 3860 1588 3915; x_wconf 92' lang='lat' dir='ltr'><strong>hortulis</strong></span> <span class='ocrx_word' id='word_1_509' title='bbox 1615 3864 1827 3917; x_wconf 90' lang='lat' dir='ltr'><strong>serebat</strong></span> <span class='ocrx_word' id='word_1_510' title='bbox 1847 3863 2014 3930; x_wconf 88' lang='lat' dir='ltr'><strong>olera,</strong></span> 
     </span>
    </p>
   </div>
   <div class='ocr_carea' id='block_1_72' title="bbox 446 3944 2021 4015">
    <p class='ocr_par' dir='ltr' id='par_1_72' title="bbox 446 3944 2021 4015">
     <span class='ocr_line' id='line_1_72' title="bbox 446 3944 2021 4015; baseline 0.008 -22"><span class='ocrx_word' id='word_1_511' title='bbox 446 3955 566 4007; x_wconf 71' lang='lat' dir='ltr'><strong>qua:</strong></span> <span class='ocrx_word' id='word_1_512' title='bbox 593 3944 704 3996; x_wconf 90' lang='lat' dir='ltr'><strong>suis</strong></span> <span class='ocrx_word' id='word_1_513' title='bbox 732 3945 978 3999; x_wconf 90' lang='lat' dir='ltr'><strong>manibus</strong></span> <span class='ocrx_word' id='word_1_514' title='bbox 1005 3946 1276 4015; x_wconf 89' lang='lat' dir='ltr'><strong>irrigabat.</strong></span> <span class='ocrx_word' id='word_1_515' title='bbox 1310 3948 1367 4003; x_wconf 91' lang='lat' dir='ltr'><strong>Si</strong></span> <span class='ocrx_word' id='word_1_516' title='bbox 1398 3949 1517 4015; x_wconf 90' lang='lat' dir='ltr'><strong>quis</strong></span> <span class='ocrx_word' id='word_1_517' title='bbox 1541 3951 1703 4005; x_wconf 90' lang='lat' dir='ltr'><strong>etiam</strong></span> <span class='ocrx_word' id='word_1_518' title='bbox 1752 3959 2021 4005; x_wconf 87' lang='lat' dir='ltr'><strong>monaste-</strong></span> 
     </span>
    </p>
   </div>
   <div class='ocr_carea' id='block_1_73' title="bbox 445 4032 2018 4109">
    <p class='ocr_par' dir='ltr' id='par_1_73' title="bbox 445 4032 2018 4109">
     <span class='ocr_line' id='line_1_73' title="bbox 445 4032 2018 4109; baseline 0.008 -25"><span class='ocrx_word' id='word_1_519' title='bbox 445 4032 512 4084; x_wconf 90' lang='lat' dir='ltr'><strong>rii</strong></span> <span class='ocrx_word' id='word_1_520' title='bbox 545 4034 805 4100; x_wconf 87' lang='lat' dir='ltr'><strong>pulsasset</strong></span> <span class='ocrx_word' id='word_1_521' title='bbox 853 4036 1070 4103; x_wconf 90' lang='lat' dir='ltr'><strong>ostium,</strong></span> <span class='ocrx_word' id='word_1_522' title='bbox 1105 4037 1389 4107; x_wconf 82' lang='lat' dir='ltr'><strong>vigilanter</strong></span> <span class='ocrx_word' id='word_1_523' title='bbox 1433 4053 1745 4105; x_wconf 89' lang='lat' dir='ltr'><strong>occurrens,</strong></span> <span class='ocrx_word' id='word_1_524' title='bbox 1776 4051 2018 4109; x_wconf 87' lang='lat' dir='ltr'><strong>prompte</strong></span> 
     </span>
    </p>
   </div>
   <div class='ocr_carea' id='block_1_74' title="bbox 446 4126 2019 4201">
    <p class='ocr_par' dir='ltr' id='par_1_74' title="bbox 446 4126 2019 4201">
     <span class='ocr_line' id='line_1_74' title="bbox 446 4126 2019 4201; baseline 0.008 -26"><span class='ocrx_word' id='word_1_525' title='bbox 446 4137 699 4190; x_wconf 89' lang='lat' dir='ltr'><strong>responsa</strong></span> <span class='ocrx_word' id='word_1_526' title='bbox 722 4126 996 4182; x_wconf 90' lang='lat' dir='ltr'><strong>reddebat.</strong></span> <span class='ocrx_word' id='word_1_527' title='bbox 1032 4128 1261 4184; x_wconf 86' lang='lat' dir='ltr'><strong>lnfirmis</strong></span> <span class='ocrx_word' id='word_1_528' title='bbox 1310 4140 1487 4185; x_wconf 88' lang='lat' dir='ltr'><strong>autem</strong></span> <span class='ocrx_word' id='word_1_529' title='bbox 1519 4131 1707 4186; x_wconf 90' lang='lat' dir='ltr'><strong>diebus</strong></span> <span class='ocrx_word' id='word_1_530' title='bbox 1756 4132 2019 4201; x_wconf 84' lang='lat' dir='ltr'><strong>obseque-</strong></span> 
     </span>
    </p>
   </div>
   <div class='ocr_carea' id='block_1_75' title="bbox 445 4210 2020 4292">
    <p class='ocr_par' dir='ltr' id='par_1_75' title="bbox 445 4210 2020 4292">
     <span class='ocr_line' id='line_1_75' title="bbox 445 4210 2020 4292; baseline 0.009 -29"><span class='ocrx_word' id='word_1_531' title='bbox 445 4210 601 4264; x_wconf 89' lang='lat' dir='ltr'><strong>batur</strong></span> <span class='ocrx_word' id='word_1_532' title='bbox 626 4222 680 4267; x_wconf 85' lang='lat' dir='ltr'><strong>et</strong></span> <span class='ocrx_word' id='word_1_533' title='bbox 720 4216 994 4280; x_wconf 91' lang='lat' dir='ltr'><strong>noctibus;</strong></span> <span class='ocrx_word' id='word_1_534' title='bbox 1043 4228 1097 4273; x_wconf 91' lang='lat' dir='ltr'><strong>et</strong></span> <span class='ocrx_word' id='word_1_535' title='bbox 1127 4219 1178 4273; x_wconf 93' lang='lat' dir='ltr'><strong>in</strong></span> <span class='ocrx_word' id='word_1_536' title='bbox 1232 4220 1310 4273; x_wconf 84' lang='lat' dir='ltr'><strong>Itis</strong></span> <span class='ocrx_word' id='word_1_537' title='bbox 1337 4221 1587 4276; x_wconf 87' lang='lat' dir='ltr'><strong>omnibus</strong></span> <span class='ocrx_word' id='word_1_538' title='bbox 1633 4222 1933 4292; x_wconf 80' lang='lat' dir='ltr'><strong>exemplum</strong></span> <span class='ocrx_word' id='word_1_539' title='bbox 1961 4236 2020 4277; x_wconf 91' lang='lat' dir='ltr'><strong>se</strong></span> 
     </span>
    </p>
   </div>
   <div class='ocr_carea' id='block_1_76' title="bbox 445 4305 2017 4382">
    <p class='ocr_par' dir='ltr' id='par_1_76' title="bbox 445 4305 2017 4382">
     <span class='ocr_line' id='line_1_76' title="bbox 445 4305 2017 4382; baseline 0.008 -27"><span class='ocrx_word' id='word_1_540' title='bbox 445 4305 735 4358; x_wconf 85' lang='lat' dir='ltr'><strong>maximum</strong></span> <span class='ocrx_word' id='word_1_541' title='bbox 785 4309 897 4361; x_wconf 88' lang='lat' dir='ltr'><strong>suis</strong></span> <span class='ocrx_word' id='word_1_542' title='bbox 940 4309 1213 4376; x_wconf 88' lang='lat' dir='ltr'><strong>discipulis</strong></span> <span class='ocrx_word' id='word_1_543' title='bbox 1258 4312 1534 4367; x_wconf 75' lang='lat' dir='ltr'><strong>offerebat.</strong></span> <span class='ocrx_word' id='word_1_544' title='bbox 1588 4313 1920 4382; x_wconf 84' lang='lat' dir='ltr'><strong>Quapropter</strong></span> <span class='ocrx_word' id='word_1_545' title='bbox 1966 4314 2017 4367; x_wconf 91' lang='lat' dir='ltr'><strong>hi</strong></span> 
     </span>
    </p>
   </div>
   <div class='ocr_carea' id='block_1_77' title="bbox 444 4395 2018 4471">
    <p class='ocr_par' dir='ltr' id='par_1_77' title="bbox 444 4395 2018 4471">
     <span class='ocr_line' id='line_1_77' title="bbox 444 4395 2018 4471; baseline 0.006 -23"><span class='ocrx_word' id='word_1_546' title='bbox 444 4395 535 4464; x_wconf 90' lang='lat' dir='ltr'><strong>qui</strong></span> <span class='ocrx_word' id='word_1_547' title='bbox 559 4410 727 4464; x_wconf 86' lang='lat' dir='ltr'><strong>nuper</strong></span> <span class='ocrx_word' id='word_1_548' title='bbox 748 4397 813 4451; x_wconf 89' lang='lat' dir='ltr'><strong>ad</strong></span> <span class='ocrx_word' id='word_1_549' title='bbox 841 4398 1054 4454; x_wconf 90' lang='lat' dir='ltr'><strong>Domini</strong></span> <span class='ocrx_word' id='word_1_550' title='bbox 1086 4402 1363 4457; x_wconf 78' lang='lat' dir='ltr'><strong>servitium</strong></span> <span class='ocrx_word' id='word_1_551' title='bbox 1393 4403 1703 4471; x_wconf 84' lang='lat' dir='ltr'><strong>veniebant,</strong></span> <span class='ocrx_word' id='word_1_552' title='bbox 1732 4404 2018 4458; x_wconf 85' lang='lat' dir='ltr'><strong>alacriores</strong></span> 
     </span>
    </p>
   </div>
   <div class='ocr_carea' id='block_1_78' title="bbox 2124 3208 3702 3277">
    <p class='ocr_par' dir='ltr' id='par_1_78' title="bbox 2124 3208 3702 3277">
     <span class='ocr_line' id='line_1_78' title="bbox 2124 3208 3702 3277; baseline -0.001 -15"><span class='ocrx_word' id='word_1_553' title='bbox 2124 3210 2384 3265; x_wconf 89' lang='lat' dir='ltr'><strong>assuescit</strong></span> <span class='ocrx_word' id='word_1_554' title='bbox 2403 3224 2486 3275; x_wconf 90' lang='lat' dir='ltr'><strong>ea,</strong></span> <span class='ocrx_word' id='word_1_555' title='bbox 2511 3208 2798 3264; x_wconf 88' lang='lat' dir='ltr'><strong>levioribus</strong></span> <span class='ocrx_word' id='word_1_556' title='bbox 2820 3222 3075 3263; x_wconf 89' lang='lat' dir='ltr'><strong>exercens</strong></span> <span class='ocrx_word' id='word_1_557' title='bbox 3101 3219 3224 3263; x_wconf 89' lang='lat' dir='ltr'><strong>ante</strong></span> <span class='ocrx_word' id='word_1_558' title='bbox 3242 3208 3588 3277; x_wconf 86' lang='lat' dir='ltr'><strong>ponderibus,</strong></span> <span class='ocrx_word' id='word_1_559' title='bbox 3610 3224 3702 3261; x_wconf 89' lang='lat' dir='ltr'><strong>us-</strong></span> 
     </span>
    </p>
   </div>
   <div class='ocr_carea' id='block_1_79' title="bbox 2123 3299 3706 3369">
    <p class='ocr_par' dir='ltr' id='par_1_79' title="bbox 2123 3299 3706 3369">
     <span class='ocr_line' id='line_1_79' title="bbox 2123 3299 3706 3369; baseline -0.001 -15"><span class='ocrx_word' id='word_1_560' title='bbox 2123 3315 2228 3369; x_wconf 92' lang='lat' dir='ltr'><strong>que</strong></span> <span class='ocrx_word' id='word_1_561' title='bbox 2252 3300 2379 3354; x_wconf 91' lang='lat' dir='ltr'><strong>dum</strong></span> <span class='ocrx_word' id='word_1_562' title='bbox 2408 3300 2641 3367; x_wconf 88' lang='lat' dir='ltr'><strong>valeant,</strong></span> <span class='ocrx_word' id='word_1_563' title='bbox 2666 3308 2721 3354; x_wconf 92' lang='lat' dir='ltr'><strong>et</strong></span> <span class='ocrx_word' id='word_1_564' title='bbox 2743 3308 3039 3368; x_wconf 90' lang='lat' dir='ltr'><strong>opportune</strong></span> <span class='ocrx_word' id='word_1_565' title='bbox 3065 3301 3272 3369; x_wconf 91' lang='lat' dir='ltr'><strong>possint</strong></span> <span class='ocrx_word' id='word_1_566' title='bbox 3299 3299 3367 3353; x_wconf 88' lang='lat' dir='ltr'><strong>ad</strong></span> <span class='ocrx_word' id='word_1_567' title='bbox 3390 3314 3551 3367; x_wconf 89' lang='lat' dir='ltr'><strong>opera</strong></span> <span class='ocrx_word' id='word_1_568' title='bbox 3582 3314 3706 3367; x_wconf 83' lang='lat' dir='ltr'><strong>gra-</strong></span> 
     </span>
    </p>
   </div>
   <div class='ocr_carea' id='block_1_80' title="bbox 2122 3388 3706 3459">
    <p class='ocr_par' dir='ltr' id='par_1_80' title="bbox 2122 3388 3706 3459">
     <span class='ocr_line' id='line_1_80' title="bbox 2122 3388 3706 3459; baseline 0.001 -18"><span class='ocrx_word' id='word_1_569' title='bbox 2122 3391 2270 3444; x_wconf 86' lang='lat' dir='ltr'><strong>viora</strong></span> <span class='ocrx_word' id='word_1_570' title='bbox 2301 3404 2644 3459; x_wconf 89' lang='lat' dir='ltr'><strong>consurgere.</strong></span> <span class='ocrx_word' id='word_1_571' title='bbox 2679 3389 2881 3445; x_wconf 89' lang='lat' dir='ltr'><strong>Eodem</strong></span> <span class='ocrx_word' id='word_1_572' title='bbox 2915 3390 3075 3444; x_wconf 90' lang='lat' dir='ltr'><strong>modo</strong></span> <span class='ocrx_word' id='word_1_573' title='bbox 3101 3404 3197 3443; x_wconf 93' lang='lat' dir='ltr'><strong>nos</strong></span> <span class='ocrx_word' id='word_1_574' title='bbox 3221 3404 3432 3458; x_wconf 91' lang='lat' dir='ltr'><strong>quoque</strong></span> <span class='ocrx_word' id='word_1_575' title='bbox 3455 3388 3706 3444; x_wconf 89' lang='lat' dir='ltr'><strong>convenit</strong></span> 
     </span>
    </p>
   </div>
   <div class='ocr_carea' id='block_1_81' title="bbox 2123 3480 3707 3550">
    <p class='ocr_par' dir='ltr' id='par_1_81' title="bbox 2123 3480 3707 3550">
     <span class='ocr_line' id='line_1_81' title="bbox 2123 3480 3707 3550; baseline -0.001 -14"><span class='ocrx_word' id='word_1_576' title='bbox 2123 3498 2428 3538; x_wconf 84' lang='lat' dir='ltr'><strong>mensuram</strong></span> <span class='ocrx_word' id='word_1_577' title='bbox 2475 3482 2668 3550; x_wconf 89' lang='lat' dir='ltr'><strong>ipsam,</strong></span> <span class='ocrx_word' id='word_1_578' title='bbox 2700 3496 2801 3550; x_wconf 91' lang='lat' dir='ltr'><strong>qua</strong></span> <span class='ocrx_word' id='word_1_579' title='bbox 2831 3495 2930 3535; x_wconf 92' lang='lat' dir='ltr'><strong>nos</strong></span> <span class='ocrx_word' id='word_1_580' title='bbox 2980 3496 3201 3536; x_wconf 83' lang='lat' dir='ltr'><strong>mensus</strong></span> <span class='ocrx_word' id='word_1_581' title='bbox 3228 3492 3310 3535; x_wconf 92' lang='lat' dir='ltr'><strong>est</strong></span> <span class='ocrx_word' id='word_1_582' title='bbox 3332 3480 3597 3547; x_wconf 81' lang='lat' dir='ltr'><strong>Christus,</strong></span> <span class='ocrx_word' id='word_1_583' title='bbox 3628 3480 3707 3534; x_wconf 90' lang='lat' dir='ltr'><strong>sic</strong></span> 
     </span>
    </p>
   </div>
   <div class='ocr_carea' id='block_1_82' title="bbox 2123 3569 3706 3641">
    <p class='ocr_par' dir='ltr' id='par_1_82' title="bbox 2123 3569 3706 3641">
     <span class='ocr_line' id='line_1_82' title="bbox 2123 3569 3706 3641; baseline -0.001 -15"><span class='ocrx_word' id='word_1_584' title='bbox 2123 3587 2279 3641; x_wconf 87' lang='lat' dir='ltr'><strong>agere</strong></span> <span class='ocrx_word' id='word_1_585' title='bbox 2305 3572 2603 3637; x_wconf 89' lang='lat' dir='ltr'><strong>vobiscum,</strong></span> <span class='ocrx_word' id='word_1_586' title='bbox 2635 3579 2694 3624; x_wconf 90' lang='lat' dir='ltr'><strong>ut</strong></span> <span class='ocrx_word' id='word_1_587' title='bbox 2719 3570 2788 3626; x_wconf 91' lang='lat' dir='ltr'><strong>de</strong></span> <span class='ocrx_word' id='word_1_588' title='bbox 2813 3579 2991 3626; x_wconf 88' lang='lat' dir='ltr'><strong>vestra</strong></span> <span class='ocrx_word' id='word_1_589' title='bbox 3021 3586 3115 3640; x_wconf 91' lang='lat' dir='ltr'><strong>per</strong></span> <span class='ocrx_word' id='word_1_590' title='bbox 3143 3571 3321 3625; x_wconf 91' lang='lat' dir='ltr'><strong>omnia</strong></span> <span class='ocrx_word' id='word_1_591' title='bbox 3368 3569 3706 3639; x_wconf 86' lang='lat' dir='ltr'><strong>gaudeamus</strong></span> 
     </span>
    </p>
   </div>
   <div class='ocr_carea' id='block_1_83' title="bbox 2125 3663 3703 3731">
    <p class='ocr_par' dir='ltr' id='par_1_83' title="bbox 2125 3663 3703 3731">
     <span class='ocr_line' id='line_1_83' title="bbox 2125 3663 3703 3731; baseline -0.002 -13"><span class='ocrx_word' id='word_1_592' title='bbox 2125 3663 2396 3719; x_wconf 85' lang='lat' dir='ltr'><strong>ﬁrmitate.</strong></span> <span class='ocrx_word' id='word_1_593' title='bbox 2427 3665 2885 3719; x_wconf 87' lang='lat' dir='ltr'><strong>Clementissimus</strong></span> <span class='ocrx_word' id='word_1_594' title='bbox 2910 3671 3090 3718; x_wconf 90' lang='lat' dir='ltr'><strong>autem</strong></span> <span class='ocrx_word' id='word_1_595' title='bbox 3121 3663 3284 3728; x_wconf 91' lang='lat' dir='ltr'><strong>Deus,</strong></span> <span class='ocrx_word' id='word_1_596' title='bbox 3312 3663 3401 3731; x_wconf 90' lang='lat' dir='ltr'><strong>qui</strong></span> <span class='ocrx_word' id='word_1_597' title='bbox 3433 3677 3703 3730; x_wconf 88' lang='lat' dir='ltr'><strong>nunquam</strong></span> 
     </span>
    </p>
   </div>
   <div class='ocr_carea' id='block_1_84' title="bbox 2125 3752 3705 3823">
    <p class='ocr_par' dir='ltr' id='par_1_84' title="bbox 2125 3752 3705 3823">
     <span class='ocr_line' id='line_1_84' title="bbox 2125 3752 3705 3823; baseline -0.001 -16"><span class='ocrx_word' id='word_1_598' title='bbox 2125 3768 2310 3823; x_wconf 89' lang='lat' dir='ltr'><strong>preces</strong></span> <span class='ocrx_word' id='word_1_599' title='bbox 2333 3753 2644 3808; x_wconf 88' lang='lat' dir='ltr'><strong>humilitatis</strong></span> <span class='ocrx_word' id='word_1_600' title='bbox 2668 3768 2802 3808; x_wconf 88' lang='lat' dir='ltr'><strong>meae</strong></span> <span class='ocrx_word' id='word_1_601' title='bbox 2833 3754 3076 3822; x_wconf 88' lang='lat' dir='ltr'><strong>despicit,</strong></span> <span class='ocrx_word' id='word_1_602' title='bbox 3104 3753 3267 3808; x_wconf 89' lang='lat' dir='ltr'><strong>corda</strong></span> <span class='ocrx_word' id='word_1_603' title='bbox 3297 3760 3477 3807; x_wconf 86' lang='lat' dir='ltr'><strong>vestra</strong></span> <span class='ocrx_word' id='word_1_604' title='bbox 3525 3752 3577 3807; x_wconf 93' lang='lat' dir='ltr'><strong>in</strong></span> <span class='ocrx_word' id='word_1_605' title='bbox 3607 3768 3705 3807; x_wconf 88' lang='lat' dir='ltr'><strong>sua</strong></span> 
     </span>
    </p>
   </div>
   <div class='ocr_carea' id='block_1_85' title="bbox 2123 3841 3709 3912">
    <p class='ocr_par' dir='ltr' id='par_1_85' title="bbox 2123 3841 3709 3912">
     <span class='ocr_line' id='line_1_85' title="bbox 2123 3841 3709 3912; baseline -0.001 -16"><span class='ocrx_word' id='word_1_606' title='bbox 2123 3842 2402 3912; x_wconf 88' lang='lat' dir='ltr'><strong>disciplina</strong></span> <span class='ocrx_word' id='word_1_607' title='bbox 2430 3843 2764 3910; x_wconf 89' lang='lat' dir='ltr'><strong>corroboret,</strong></span> <span class='ocrx_word' id='word_1_608' title='bbox 2791 3853 2850 3896; x_wconf 93' lang='lat' dir='ltr'><strong>ut</strong></span> <span class='ocrx_word' id='word_1_609' title='bbox 2875 3858 3035 3897; x_wconf 91' lang='lat' dir='ltr'><strong>omne</strong></span> <span class='ocrx_word' id='word_1_610' title='bbox 3063 3857 3196 3911; x_wconf 91' lang='lat' dir='ltr'><strong>opus</strong></span> <span class='ocrx_word' id='word_1_611' title='bbox 3220 3842 3416 3896; x_wconf 88' lang='lat' dir='ltr'><strong>bonum</strong></span> <span class='ocrx_word' id='word_1_612' title='bbox 3446 3841 3709 3911; x_wconf 82' lang='lat' dir='ltr'><strong>perficere</strong></span> 
     </span>
    </p>
   </div>
   <div class='ocr_carea' id='block_1_86' title="bbox 2123 3932 3704 4001">
    <p class='ocr_par' dir='ltr' id='par_1_86' title="bbox 2123 3932 3704 4001">
     <span class='ocr_line' id='line_1_86' title="bbox 2123 3932 3704 4001; baseline -0.001 -16"><span class='ocrx_word' id='word_1_613' title='bbox 2123 3947 2244 3986; x_wconf 90' lang='lat' dir='ltr'><strong>cum</strong></span> <span class='ocrx_word' id='word_1_614' title='bbox 2279 3933 2529 4000; x_wconf 85' lang='lat' dir='ltr'><strong>patientia</strong></span> <span class='ocrx_word' id='word_1_615' title='bbox 2557 3940 2612 3986; x_wconf 92' lang='lat' dir='ltr'><strong>et</strong></span> <span class='ocrx_word' id='word_1_616' title='bbox 2661 3932 3063 4001; x_wconf 89' lang='lat' dir='ltr'><strong>longanimitate</strong></span> <span class='ocrx_word' id='word_1_617' title='bbox 3110 3932 3345 3999; x_wconf 91' lang='lat' dir='ltr'><strong>possitis,</strong></span> <span class='ocrx_word' id='word_1_618' title='bbox 3391 3940 3704 3985; x_wconf 86' lang='lat' dir='ltr'><strong>sanctorum</strong></span> 
     </span>
    </p>
   </div>
   <div class='ocr_carea' id='block_1_87' title="bbox 2128 4022 3706 4093">
    <p class='ocr_par' dir='ltr' id='par_1_87' title="bbox 2128 4022 3706 4093">
     <span class='ocr_line' id='line_1_87' title="bbox 2128 4022 3706 4093; baseline -0.001 -17"><span class='ocrx_word' id='word_1_619' title='bbox 2128 4024 2341 4077; x_wconf 86' lang='lat' dir='ltr'><strong>Patrum</strong></span> <span class='ocrx_word' id='word_1_620' title='bbox 2370 4023 2593 4093; x_wconf 88' lang='lat' dir='ltr'><strong>vestigia</strong></span> <span class='ocrx_word' id='word_1_621' title='bbox 2619 4024 3029 4093; x_wconf 84' lang='lat' dir='ltr'><strong>subsequentes,</strong></span> <span class='ocrx_word' id='word_1_622' title='bbox 3072 4032 3128 4076; x_wconf 88' lang='lat' dir='ltr'><strong>ut</strong></span> <span class='ocrx_word' id='word_1_623' title='bbox 3166 4022 3433 4077; x_wconf 89' lang='lat' dir='ltr'><strong>sinceram</strong></span> <span class='ocrx_word' id='word_1_624' title='bbox 3485 4035 3547 4075; x_wconf 89' lang='lat' dir='ltr'><strong>ac</strong></span> <span class='ocrx_word' id='word_1_625' title='bbox 3593 4022 3706 4075; x_wconf 86' lang='lat' dir='ltr'><strong>Deo</strong></span> 
     </span>
    </p>
   </div>
   <div class='ocr_carea' id='block_1_88' title="bbox 2125 4110 3705 4181">
    <p class='ocr_par' dir='ltr' id='par_1_88' title="bbox 2125 4110 3705 4181">
     <span class='ocr_line' id='line_1_88' title="bbox 2125 4110 3705 4181; baseline -0.003 -15"><span class='ocrx_word' id='word_1_626' title='bbox 2125 4113 2373 4181; x_wconf 91' lang='lat' dir='ltr'><strong>placitam</strong></span> <span class='ocrx_word' id='word_1_627' title='bbox 2424 4114 2889 4167; x_wconf 90' lang='lat' dir='ltr'><strong>conversationem</strong></span> <span class='ocrx_word' id='word_1_628' title='bbox 2939 4123 3168 4166; x_wconf 91' lang='lat' dir='ltr'><strong>vestram</strong></span> <span class='ocrx_word' id='word_1_629' title='bbox 3200 4113 3462 4176; x_wconf 90' lang='lat' dir='ltr'><strong>videntes,</strong></span> <span class='ocrx_word' id='word_1_630' title='bbox 3497 4110 3582 4162; x_wconf 89' lang='lat' dir='ltr'><strong>alii</strong></span> <span class='ocrx_word' id='word_1_631' title='bbox 3633 4112 3705 4163; x_wconf 79' lang='lat' dir='ltr'><strong>ad</strong></span> 
     </span>
    </p>
   </div>
   <div class='ocr_carea' id='block_1_89' title="bbox 2125 4204 3709 4274">
    <p class='ocr_par' dir='ltr' id='par_1_89' title="bbox 2125 4204 3709 4274">
     <span class='ocr_line' id='line_1_89' title="bbox 2125 4204 3709 4274; baseline -0.003 -16"><span class='ocrx_word' id='word_1_632' title='bbox 2125 4205 2324 4259; x_wconf 90' lang='lat' dir='ltr'><strong>Christi</strong></span> <span class='ocrx_word' id='word_1_633' title='bbox 2364 4206 2641 4260; x_wconf 90' lang='lat' dir='ltr'><strong>servitium</strong></span> <span class='ocrx_word' id='word_1_634' title='bbox 2672 4207 2911 4271; x_wconf 85' lang='lat' dir='ltr'><strong>veniant,</strong></span> <span class='ocrx_word' id='word_1_635' title='bbox 2941 4220 3231 4274; x_wconf 84' lang='lat' dir='ltr'><strong>curamque</strong></span> <span class='ocrx_word' id='word_1_636' title='bbox 3279 4204 3583 4260; x_wconf 89' lang='lat' dir='ltr'><strong>monasterii</strong></span> <span class='ocrx_word' id='word_1_637' title='bbox 3615 4218 3709 4271; x_wconf 85' lang='lat' dir='ltr'><strong>pa-</strong></span> 
     </span>
    </p>
   </div>
   <div class='ocr_carea' id='block_1_90' title="bbox 2127 4297 2960 4367">
    <p class='ocr_par' dir='ltr' id='par_1_90' title="bbox 2127 4297 2960 4367">
     <span class='ocr_line' id='line_1_90' title="bbox 2127 4297 2960 4367; baseline -0.002 -17"><span class='ocrx_word' id='word_1_638' title='bbox 2127 4297 2223 4351; x_wconf 89' lang='lat' dir='ltr'><strong>tris</strong></span> <span class='ocrx_word' id='word_1_639' title='bbox 2250 4312 2405 4367; x_wconf 65' lang='lat' dir='ltr'><strong>aequo</strong></span> <span class='ocrx_word' id='word_1_640' title='bbox 2434 4297 2619 4351; x_wconf 90' lang='lat' dir='ltr'><strong>labore</strong></span> <span class='ocrx_word' id='word_1_641' title='bbox 2641 4304 2960 4351; x_wconf 87' lang='lat' dir='ltr'><strong>sustentent.</strong></span> 
     </span>
    </p>
   </div>
   <div class='ocr_carea' id='block_1_91' title="bbox 2195 4389 3702 4458">
    <p class='ocr_par' dir='ltr' id='par_1_91' title="bbox 2195 4389 3702 4458">
     <span class='ocr_line' id='line_1_91' title="bbox 2195 4389 3702 4458; baseline -0.005 -13"><span class='ocrx_word' id='word_1_642' title='bbox 2195 4392 2323 4445; x_wconf 65' lang='lat' dir='ltr'><strong>Car.</strong></span> <span class='ocrx_word' id='word_1_643' title='bbox 2357 4389 2623 4445; x_wconf 77' lang='lat' dir='ltr'><strong>XXIV.—</strong></span> <span class='ocrx_word' id='word_1_644' title='bbox 2644 4389 2871 4457; x_wconf 75' lang='lat' dir='ltr'><strong>Regulus</strong></span> <span class='ocrx_word' id='word_1_645' title='bbox 2924 4390 3083 4458; x_wconf 84' lang='lat' dir='ltr'><strong>igitur</strong></span> <span class='ocrx_word' id='word_1_646' title='bbox 3109 4391 3187 4442; x_wconf 89' lang='lat' dir='ltr'><strong>eis</strong></span> <span class='ocrx_word' id='word_1_647' title='bbox 3232 4403 3365 4457; x_wconf 89' lang='lat' dir='ltr'><strong>quas</strong></span> <span class='ocrx_word' id='word_1_648' title='bbox 3395 4396 3702 4454; x_wconf 84' lang='lat' dir='ltr'><strong>acceperat,</strong></span> 
     </span>
    </p>
   </div>
   <div class='ocr_carea' id='block_1_92' title="bbox 444 4477 3707 4559">
    <p class='ocr_par' dir='ltr' id='par_1_92' title="bbox 444 4477 3707 4559">
     <span class='ocr_line' id='line_1_92' title="bbox 444 4477 3707 4559; baseline -0.006 -14"><span class='ocrx_word' id='word_1_649' title='bbox 444 4485 511 4539; x_wconf 80' lang='lat' dir='ltr'><strong>ad</strong></span> <span class='ocrx_word' id='word_1_650' title='bbox 542 4488 719 4540; x_wconf 87' lang='lat' dir='ltr'><strong>omnia</strong></span> <span class='ocrx_word' id='word_1_651' title='bbox 772 4488 984 4556; x_wconf 84' lang='lat' dir='ltr'><strong>pictatis</strong></span> <span class='ocrx_word' id='word_1_652' title='bbox 1032 4490 1208 4545; x_wconf 84' lang='lat' dir='ltr'><strong>officia</strong></span> <span class='ocrx_word' id='word_1_653' title='bbox 1240 4491 1792 4559; x_wconf 69' lang='lat' dir='ltr'><strong>reddebanlllrzquos</strong></span> <span class='ocrx_word' id='word_1_654' title='bbox 1843 4499 2018 4547; x_wconf 75' lang='lat' dir='ltr'><strong>tamen</strong></span> <span class='ocrx_word' id='word_1_655' title='bbox 2045 4496 2097 4558; x_wconf 78' lang='grc' dir='ltr'>ι)</span> <span class='ocrx_word' id='word_1_656' title='bbox 2126 4481 2388 4546; x_wconf 88' lang='lat' dir='ltr'><strong>tradidit,</strong></span> <span class='ocrx_word' id='word_1_657' title='bbox 2434 4480 2642 4535; x_wconf 89' lang='lat' dir='ltr'><strong>scilicet</strong></span> <span class='ocrx_word' id='word_1_658' title='bbox 2690 4489 2747 4533; x_wconf 90' lang='lat' dir='ltr'><strong>ut</strong></span> <span class='ocrx_word' id='word_1_659' title='bbox 2801 4480 3059 4533; x_wconf 88' lang='lat' dir='ltr'><strong>haberent</strong></span> <span class='ocrx_word' id='word_1_660' title='bbox 3111 4478 3438 4532; x_wconf 89' lang='lat' dir='ltr'><strong>moderatum</strong></span> <span class='ocrx_word' id='word_1_661' title='bbox 3501 4477 3707 4539; x_wconf 84' lang='lat' dir='ltr'><strong>cibum,</strong></span> 
     </span>
    </p>
   </div>
   <div class='ocr_carea' id='block_1_93' title="bbox 443 4579 2017 4646">
    <p class='ocr_par' dir='ltr' id='par_1_93' title="bbox 443 4579 2017 4646">
     <span class='ocr_line' id='line_1_93' title="bbox 443 4579 2017 4646; baseline 0.005 -17"><span class='ocrx_word' id='word_1_662' title='bbox 443 4579 633 4632; x_wconf 87' lang='lat' dir='ltr'><strong>beatus</strong></span> <span class='ocrx_word' id='word_1_663' title='bbox 656 4591 843 4643; x_wconf 85' lang='lat' dir='ltr'><strong>senex,</strong></span> <span class='ocrx_word' id='word_1_664' title='bbox 867 4580 991 4646; x_wconf 89' lang='lat' dir='ltr'><strong>quia</strong></span> <span class='ocrx_word' id='word_1_665' title='bbox 1027 4583 1206 4636; x_wconf 90' lang='lat' dir='ltr'><strong>talium</strong></span> <span class='ocrx_word' id='word_1_666' title='bbox 1247 4583 1663 4638; x_wconf 86' lang='lat' dir='ltr'><strong>sollicitudinum</strong></span> <span class='ocrx_word' id='word_1_667' title='bbox 1694 4598 1890 4637; x_wconf 90' lang='lat' dir='ltr'><strong>munus</strong></span> <span class='ocrx_word' id='word_1_668' title='bbox 1918 4584 2017 4637; x_wconf 90' lang='lat' dir='ltr'><strong>ad-</strong></span> 
     </span>
    </p>
   </div>
   <div class='ocr_carea' id='block_1_94' title="bbox 448 4666 2017 4739">
    <p class='ocr_par' dir='ltr' id='par_1_94' title="bbox 448 4666 2017 4739">
     <span class='ocr_line' id='line_1_94' title="bbox 448 4666 2017 4739; baseline 0.005 -21"><span class='ocrx_word' id='word_1_669' title='bbox 448 4668 551 4723; x_wconf 82' lang='lat' dir='ltr'><strong>huc</strong></span> <span class='ocrx_word' id='word_1_670' title='bbox 599 4666 817 4723; x_wconf 92' lang='lat' dir='ltr'><strong>obviare</strong></span> <span class='ocrx_word' id='word_1_671' title='bbox 845 4684 949 4724; x_wconf 92' lang='lat' dir='ltr'><strong>non</strong></span> <span class='ocrx_word' id='word_1_672' title='bbox 980 4681 1244 4739; x_wconf 90' lang='lat' dir='ltr'><strong>poterant,</strong></span> <span class='ocrx_word' id='word_1_673' title='bbox 1270 4686 1488 4727; x_wconf 89' lang='lat' dir='ltr'><strong>securos</strong></span> <span class='ocrx_word' id='word_1_674' title='bbox 1518 4687 1638 4727; x_wconf 90' lang='lat' dir='ltr'><strong>esse</strong></span> <span class='ocrx_word' id='word_1_675' title='bbox 1664 4674 1730 4726; x_wconf 91' lang='lat' dir='ltr'><strong>ab</strong></span> <span class='ocrx_word' id='word_1_676' title='bbox 1753 4673 2017 4727; x_wconf 88' lang='lat' dir='ltr'><strong>universis</strong></span> 
     </span>
    </p>
   </div>
   <div class='ocr_carea' id='block_1_95' title="bbox 445 4760 2016 4832">
    <p class='ocr_par' dir='ltr' id='par_1_95' title="bbox 445 4760 2016 4832">
     <span class='ocr_line' id='line_1_95' title="bbox 445 4760 2016 4832; baseline 0.003 -21"><span class='ocrx_word' id='word_1_677' title='bbox 445 4760 858 4815; x_wconf 87' lang='lat' dir='ltr'><strong>distentionibus</strong></span> <span class='ocrx_word' id='word_1_678' title='bbox 883 4762 1224 4829; x_wconf 88' lang='lat' dir='ltr'><strong>admonebat,</strong></span> <span class='ocrx_word' id='word_1_679' title='bbox 1249 4765 1434 4818; x_wconf 85' lang='lat' dir='ltr'><strong>dicens</strong></span> <span class='ocrx_word' id='word_1_680' title='bbox 1466 4782 1477 4815; x_wconf 89' lang='lat'>:</span> <span class='ocrx_word' id='word_1_681' title='bbox 1508 4765 1561 4817; x_wconf 95' lang='lat' dir='ltr'><strong>ln</strong></span> <span class='ocrx_word' id='word_1_682' title='bbox 1584 4779 1692 4832; x_wconf 86' lang='lat' dir='ltr'><strong>quo</strong></span> <span class='ocrx_word' id='word_1_683' title='bbox 1732 4764 1902 4818; x_wconf 85' lang='lat' dir='ltr'><strong>vocati</strong></span> <span class='ocrx_word' id='word_1_684' title='bbox 1932 4779 2016 4818; x_wconf 90' lang='lat' dir='ltr'><strong>es-</strong></span> 
     </span>
    </p>
   </div>
   <div class='ocr_carea' id='block_1_96' title="bbox 445 4848 2014 4921">
    <p class='ocr_par' dir='ltr' id='par_1_96' title="bbox 445 4848 2014 4921">
     <span class='ocr_line' id='line_1_96' title="bbox 445 4848 2014 4921; baseline 0.004 -19"><span class='ocrx_word' id='word_1_685' title='bbox 445 4848 1000 4914; x_wconf 88' lang='lat' dir='ltr'><strong>tis,fratres,viriliter</strong></span> <span class='ocrx_word' id='word_1_686' title='bbox 1030 4854 1082 4906; x_wconf 91' lang='lat' dir='ltr'><strong>in</strong></span> <span class='ocrx_word' id='word_1_687' title='bbox 1100 4869 1164 4906; x_wconf 91' lang='lat' dir='ltr'><strong>eo</strong></span> <span class='ocrx_word' id='word_1_688' title='bbox 1182 4854 1466 4921; x_wconf 85' lang='lat' dir='ltr'><strong>persistite,</strong></span> <span class='ocrx_word' id='word_1_689' title='bbox 1496 4854 1725 4920; x_wconf 91' lang='lat' dir='ltr'><strong>psalmos</strong></span> <span class='ocrx_word' id='word_1_690' title='bbox 1741 4855 1919 4916; x_wconf 86' lang='lat' dir='ltr'><strong>dicite,</strong></span> <span class='ocrx_word' id='word_1_691' title='bbox 1949 4855 2014 4908; x_wconf 91' lang='lat' dir='ltr'><strong>li-</strong></span> 
     </span>
    </p>
   </div>
   <div class='ocr_carea' id='block_1_97' title="bbox 446 4939 2012 5012">
    <p class='ocr_par' dir='ltr' id='par_1_97' title="bbox 446 4939 2012 5012">
     <span class='ocr_line' id='line_1_97' title="bbox 446 4939 2012 5012; baseline 0.004 -22"><span class='ocrx_word' id='word_1_692' title='bbox 446 4940 568 4990; x_wconf 86' lang='lat' dir='ltr'><strong>bros</strong></span> <span class='ocrx_word' id='word_1_693' title='bbox 588 4939 745 5005; x_wconf 88' lang='lat' dir='ltr'><strong>alios,</strong></span> <span class='ocrx_word' id='word_1_694' title='bbox 763 4950 816 4994; x_wconf 92' lang='lat' dir='ltr'><strong>et</strong></span> <span class='ocrx_word' id='word_1_695' title='bbox 837 4943 1102 5009; x_wconf 66' lang='lat' dir='ltr'><strong>praecipue</strong></span> <span class='ocrx_word' id='word_1_696' title='bbox 1123 4952 1361 4996; x_wconf 89' lang='lat' dir='ltr'><strong>sanctum</strong></span> <span class='ocrx_word' id='word_1_697' title='bbox 1380 4944 1743 5012; x_wconf 86' lang='lat' dir='ltr'><strong>Evangelium,</strong></span> <span class='ocrx_word' id='word_1_698' title='bbox 1759 4945 2012 4998; x_wconf 85' lang='lat' dir='ltr'><strong>memoria</strong></span> 
     </span>
    </p>
   </div>
   <div class='ocr_carea' id='block_1_98' title="bbox 444 5030 2012 5103">
    <p class='ocr_par' dir='ltr' id='par_1_98' title="bbox 444 5030 2012 5103">
     <span class='ocr_line' id='line_1_98' title="bbox 444 5030 2012 5103; baseline 0.008 -26"><span class='ocrx_word' id='word_1_699' title='bbox 444 5030 688 5083; x_wconf 89' lang='lat' dir='ltr'><strong>retinete.</strong></span> <span class='ocrx_word' id='word_1_700' title='bbox 713 5032 803 5084; x_wconf 88' lang='lat' dir='ltr'><strong>Sic</strong></span> <span class='ocrx_word' id='word_1_701' title='bbox 835 5032 977 5085; x_wconf 89' lang='lat' dir='ltr'><strong>enim</strong></span> <span class='ocrx_word' id='word_1_702' title='bbox 1008 5035 1307 5088; x_wconf 81' lang='lat' dir='ltr'><strong>servientes</strong></span> <span class='ocrx_word' id='word_1_703' title='bbox 1329 5035 1570 5096; x_wconf 86' lang='lat' dir='ltr'><strong>Domino,</strong></span> <span class='ocrx_word' id='word_1_704' title='bbox 1604 5045 1659 5089; x_wconf 91' lang='lat' dir='ltr'><strong>et</strong></span> <span class='ocrx_word' id='word_1_705' title='bbox 1685 5036 1839 5103; x_wconf 85' lang='lat' dir='ltr'><strong>juxta</strong></span> <span class='ocrx_word' id='word_1_706' title='bbox 1864 5052 2012 5090; x_wconf 89' lang='lat' dir='ltr'><strong>man-</strong></span> 
     </span>
    </p>
   </div>
   <div class='ocr_carea' id='block_1_99' title="bbox 442 5120 2011 5193">
    <p class='ocr_par' dir='ltr' id='par_1_99' title="bbox 442 5120 2011 5193">
     <span class='ocr_line' id='line_1_99' title="bbox 442 5120 2011 5193; baseline 0.006 -23"><span class='ocrx_word' id='word_1_707' title='bbox 442 5122 559 5172; x_wconf 85' lang='lat' dir='ltr'><strong>data</strong></span> <span class='ocrx_word' id='word_1_708' title='bbox 583 5120 696 5187; x_wconf 86' lang='lat' dir='ltr'><strong>ejus</strong></span> <span class='ocrx_word' id='word_1_709' title='bbox 725 5122 946 5176; x_wconf 88' lang='lat' dir='ltr'><strong>invicem</strong></span> <span class='ocrx_word' id='word_1_710' title='bbox 976 5124 1276 5191; x_wconf 83' lang='lat' dir='ltr'><strong>diligentes,</strong></span> <span class='ocrx_word' id='word_1_711' title='bbox 1308 5140 1403 5178; x_wconf 90' lang='lat' dir='ltr'><strong>vos</strong></span> <span class='ocrx_word' id='word_1_712' title='bbox 1431 5125 1645 5192; x_wconf 90' lang='lat' dir='ltr'><strong>quidem</strong></span> <span class='ocrx_word' id='word_1_713' title='bbox 1696 5127 1845 5179; x_wconf 87' lang='lat' dir='ltr'><strong>eritis</strong></span> <span class='ocrx_word' id='word_1_714' title='bbox 1896 5142 2011 5193; x_wconf 88' lang='lat' dir='ltr'><strong>per-</strong></span> 
     </span>
    </p>
   </div>
   <div class='ocr_carea' id='block_1_100' title="bbox 441 5209 2011 5280">
    <p class='ocr_par' dir='ltr' id='par_1_100' title="bbox 441 5209 2011 5280">
     <span class='ocr_line' id='line_1_100' title="bbox 441 5209 2011 5280; baseline 0.004 -19"><span class='ocrx_word' id='word_1_715' title='bbox 441 5209 599 5274; x_wconf 80' lang='lat' dir='ltr'><strong>fecti;</strong></span> <span class='ocrx_word' id='word_1_716' title='bbox 632 5224 805 5262; x_wconf 84' lang='lat' dir='ltr'><strong>meum</strong></span> <span class='ocrx_word' id='word_1_717' title='bbox 837 5226 965 5263; x_wconf 90' lang='lat' dir='ltr'><strong>vero</strong></span> <span class='ocrx_word' id='word_1_718' title='bbox 1007 5216 1254 5278; x_wconf 79' lang='lat' dir='ltr'><strong>Spiritum</strong></span> <span class='ocrx_word' id='word_1_719' title='bbox 1310 5230 1403 5280; x_wconf 93' lang='lat' dir='ltr'><strong>per</strong></span> <span class='ocrx_word' id='word_1_720' title='bbox 1448 5216 1624 5267; x_wconf 90' lang='lat' dir='ltr'><strong>omnia</strong></span> <span class='ocrx_word' id='word_1_721' title='bbox 1685 5212 2011 5279; x_wconf 86' lang='lat' dir='ltr'><strong>refovebitis,</strong></span> 
     </span>
    </p>
   </div>
   <div class='ocr_carea' id='block_1_101' title="bbox 442 5299 2013 5371">
    <p class='ocr_par' dir='ltr' id='par_1_101' title="bbox 442 5299 2013 5371">
     <span class='ocr_line' id='line_1_101' title="bbox 442 5299 2013 5371; baseline 0.008 -25"><span class='ocrx_word' id='word_1_722' title='bbox 442 5299 736 5364; x_wconf 69' lang='lat' dir='ltr'><strong>praesertim</strong></span> <span class='ocrx_word' id='word_1_723' title='bbox 789 5300 834 5351; x_wconf 91' lang='lat' dir='ltr'><strong>si</strong></span> <span class='ocrx_word' id='word_1_724' title='bbox 883 5301 1121 5354; x_wconf 73' lang='lat' dir='ltr'><strong>cmlestia</strong></span> <span class='ocrx_word' id='word_1_725' title='bbox 1168 5314 1427 5371; x_wconf 67' lang='lat' dir='ltr'><strong>pra-cepta</strong></span> <span class='ocrx_word' id='word_1_726' title='bbox 1486 5303 1690 5356; x_wconf 89' lang='lat' dir='ltr'><strong>fueritis</strong></span> <span class='ocrx_word' id='word_1_727' title='bbox 1734 5303 2013 5358; x_wconf 90' lang='lat' dir='ltr'><strong>sollicitius</strong></span> 
     </span>
    </p>
   </div>
   <div class='ocr_carea' id='block_1_102' title="bbox 442 5388 701 5443">
    <p class='ocr_par' dir='ltr' id='par_1_102' title="bbox 442 5388 701 5443">
     <span class='ocr_line' id='line_1_102' title="bbox 442 5388 701 5443; baseline -0.019 0"><span class='ocrx_word' id='word_1_728' title='bbox 442 5388 701 5443; x_wconf 88' lang='lat' dir='ltr'><strong>exsecuti.</strong></span> 
     </span>
    </p>
   </div>
   <div class='ocr_carea' id='block_1_103' title="bbox 507 5479 2013 5549">
    <p class='ocr_par' dir='ltr' id='par_1_103' title="bbox 507 5479 2013 5549">
     <span class='ocr_line' id='line_1_103' title="bbox 507 5479 2013 5549; baseline -0.003 -12"><span class='ocrx_word' id='word_1_729' title='bbox 507 5483 637 5536; x_wconf 69' lang='lat' dir='ltr'><strong>Car.</strong></span> <span class='ocrx_word' id='word_1_730' title='bbox 664 5479 853 5536; x_wconf 76' lang='lat' dir='ltr'><strong>XXIII.</strong></span> <span class='ocrx_word' id='word_1_731' title='bbox 886 5510 956 5523; x_wconf 90' lang='lat'><strong>--</strong></span> <span class='ocrx_word' id='word_1_732' title='bbox 984 5481 1145 5534; x_wconf 87' lang='lat' dir='ltr'><strong>Erant</strong></span> <span class='ocrx_word' id='word_1_733' title='bbox 1174 5489 1348 5535; x_wconf 91' lang='lat' dir='ltr'><strong>autem</strong></span> <span class='ocrx_word' id='word_1_734' title='bbox 1373 5491 1482 5536; x_wconf 90' lang='lat' dir='ltr'><strong>tres</strong></span> <span class='ocrx_word' id='word_1_735' title='bbox 1512 5482 1562 5535; x_wconf 91' lang='lat' dir='ltr'><strong>hi</strong></span> <span class='ocrx_word' id='word_1_736' title='bbox 1595 5482 1691 5536; x_wconf 88' lang='lat' dir='ltr'><strong>viri</strong></span> <span class='ocrx_word' id='word_1_737' title='bbox 1719 5482 1807 5549; x_wconf 88' lang='lat' dir='ltr'><strong>qui</strong></span> <span class='ocrx_word' id='word_1_738' title='bbox 1832 5481 2013 5549; x_wconf 87' lang='lat' dir='ltr'><strong>primi-</strong></span> 
     </span>
    </p>
   </div>
   <div class='ocr_carea' id='block_1_104' title="bbox 440 5573 2013 5638">
    <p class='ocr_par' dir='ltr' id='par_1_104' title="bbox 440 5573 2013 5638">
     <span class='ocr_line' id='line_1_104' title="bbox 440 5573 2013 5638; baseline -0.001 -13"><span class='ocrx_word' id='word_1_739' title='bbox 440 5582 523 5625; x_wconf 87' lang='lat' dir='ltr'><strong>tus</strong></span> <span class='ocrx_word' id='word_1_740' title='bbox 568 5573 631 5625; x_wconf 90' lang='lat' dir='ltr'><strong>ad</strong></span> <span class='ocrx_word' id='word_1_741' title='bbox 665 5573 1005 5626; x_wconf 86' lang='lat' dir='ltr'><strong>Pacbomium</strong></span> <span class='ocrx_word' id='word_1_742' title='bbox 1056 5580 1437 5635; x_wconf 85' lang='lat' dir='ltr'><strong>convenerant,</strong></span> <span class='ocrx_word' id='word_1_743' title='bbox 1461 5586 1682 5638; x_wconf 89' lang='lat' dir='ltr'><strong>quorum</strong></span> <span class='ocrx_word' id='word_1_744' title='bbox 1736 5573 1837 5626; x_wconf 89' lang='lat' dir='ltr'><strong>ista</strong></span> <span class='ocrx_word' id='word_1_745' title='bbox 1892 5579 2013 5625; x_wconf 91' lang='lat' dir='ltr'><strong>sunt</strong></span> 
     </span>
    </p>
   </div>
   <div class='ocr_carea' id='block_1_105' title="bbox 438 5662 2015 5727">
    <p class='ocr_par' dir='ltr' id='par_1_105' title="bbox 438 5662 2015 5727">
     <span class='ocr_line' id='line_1_105' title="bbox 438 5662 2015 5727; baseline -0.002 -8"><span class='ocrx_word' id='word_1_746' title='bbox 438 5668 673 5726; x_wconf 83' lang='lat' dir='ltr'><strong>nomina.</strong></span> <span class='ocrx_word' id='word_1_747' title='bbox 704 5664 1074 5727; x_wconf 79' lang='lat' dir='ltr'><strong>Pscnthessus.</strong></span> <span class='ocrx_word' id='word_1_748' title='bbox 1103 5663 1252 5719; x_wconf 89' lang='lat' dir='ltr'><strong>Suris</strong></span> <span class='ocrx_word' id='word_1_749' title='bbox 1274 5662 1516 5719; x_wconf 88' lang='lat' dir='ltr'><strong>etObsis.</strong></span> <span class='ocrx_word' id='word_1_750' title='bbox 1552 5663 1754 5727; x_wconf 73' lang='lat' dir='ltr'><strong>Quibus</strong></span> <span class='ocrx_word' id='word_1_751' title='bbox 1786 5663 1881 5718; x_wconf 89' lang='lat' dir='ltr'><strong>Dei</strong></span> <span class='ocrx_word' id='word_1_752' title='bbox 1902 5674 2015 5717; x_wconf 82' lang='lat' dir='ltr'><strong>ver-</strong></span> 
     </span>
    </p>
   </div>
   <div class='ocr_carea' id='block_1_106' title="bbox 2126 4568 3702 4634">
    <p class='ocr_par' dir='ltr' id='par_1_106' title="bbox 2126 4568 3702 4634">
     <span class='ocr_line' id='line_1_106' title="bbox 2126 4568 3702 4634; baseline -0.004 -10"><span class='ocrx_word' id='word_1_753' title='bbox 2126 4571 2439 4626; x_wconf 88' lang='lat' dir='ltr'><strong>vilissimum</strong></span> <span class='ocrx_word' id='word_1_754' title='bbox 2470 4569 2720 4622; x_wconf 91' lang='lat' dir='ltr'><strong>vestitum</strong></span> <span class='ocrx_word' id='word_1_755' title='bbox 2746 4606 2762 4629; x_wconf 94' lang='lat'><strong>,</strong></span> <span class='ocrx_word' id='word_1_756' title='bbox 2792 4584 3037 4621; x_wconf 85' lang='lat' dir='ltr'><strong>somnum</strong></span> <span class='ocrx_word' id='word_1_757' title='bbox 3091 4568 3250 4621; x_wconf 88' lang='lat' dir='ltr'><strong>etiam</strong></span> <span class='ocrx_word' id='word_1_758' title='bbox 3280 4574 3702 4634; x_wconf 74' lang='lat' dir='ltr'><strong>competentem.</strong></span> 
     </span>
    </p>
   </div>
   <div class='ocr_carea' id='block_1_107' title="bbox 2127 4657 3706 4728">
    <p class='ocr_par' dir='ltr' id='par_1_107' title="bbox 2127 4657 3706 4728">
     <span class='ocr_line' id='line_1_107' title="bbox 2127 4657 3706 4728; baseline -0.006 -9"><span class='ocrx_word' id='word_1_759' title='bbox 2127 4665 2278 4720; x_wconf 89' lang='lat' dir='ltr'><strong>Unde</strong></span> <span class='ocrx_word' id='word_1_760' title='bbox 2325 4663 2521 4716; x_wconf 89' lang='lat' dir='ltr'><strong>factum</strong></span> <span class='ocrx_word' id='word_1_761' title='bbox 2568 4671 2670 4724; x_wconf 91' lang='lat' dir='ltr'><strong>est,</strong></span> <span class='ocrx_word' id='word_1_762' title='bbox 2705 4669 2762 4713; x_wconf 91' lang='lat' dir='ltr'><strong>ut</strong></span> <span class='ocrx_word' id='word_1_763' title='bbox 2801 4661 2947 4728; x_wconf 74' lang='lat' dir='ltr'><strong>juxta</strong></span> <span class='ocrx_word' id='word_1_764' title='bbox 2978 4659 3307 4712; x_wconf 89' lang='lat' dir='ltr'><strong>voluntatem</strong></span> <span class='ocrx_word' id='word_1_765' title='bbox 3335 4657 3542 4710; x_wconf 83' lang='lat' dir='ltr'><strong>Domini</strong></span> <span class='ocrx_word' id='word_1_766' title='bbox 3564 4694 3580 4716; x_wconf 90' lang='lat'><strong>,</strong></span> <span class='ocrx_word' id='word_1_767' title='bbox 3610 4657 3706 4722; x_wconf 87' lang='lat' dir='ltr'><strong>qui</strong></span> 
     </span>
    </p>
   </div>
   <div class='ocr_carea' id='block_1_108' title="bbox 2123 4745 3707 4814">
    <p class='ocr_par' dir='ltr' id='par_1_108' title="bbox 2123 4745 3707 4814">
     <span class='ocr_line' id='line_1_108' title="bbox 2123 4745 3707 4814; baseline -0.008 -3"><span class='ocrx_word' id='word_1_768' title='bbox 2123 4769 2313 4811; x_wconf 92' lang='lat' dir='ltr'><strong>omnes</strong></span> <span class='ocrx_word' id='word_1_769' title='bbox 2339 4754 2582 4807; x_wconf 88' lang='lat' dir='ltr'><strong>homines</strong></span> <span class='ocrx_word' id='word_1_770' title='bbox 2602 4759 2860 4805; x_wconf 87' lang='lat' dir='ltr'><strong>convocat</strong></span> <span class='ocrx_word' id='word_1_771' title='bbox 2886 4751 2949 4803; x_wconf 91' lang='lat' dir='ltr'><strong>ad</strong></span> <span class='ocrx_word' id='word_1_772' title='bbox 2982 4753 3225 4812; x_wconf 87' lang='lat' dir='ltr'><strong>salutem,</strong></span> <span class='ocrx_word' id='word_1_773' title='bbox 3260 4758 3555 4814; x_wconf 90' lang='lat' dir='ltr'><strong>cunctaque</strong></span> <span class='ocrx_word' id='word_1_774' title='bbox 3602 4745 3707 4799; x_wconf 90' lang='lat' dir='ltr'><strong>bo-</strong></span> 
     </span>
    </p>
   </div>
   <div class='ocr_carea' id='block_1_109' title="bbox 2125 4836 3707 4910">
    <p class='ocr_par' dir='ltr' id='par_1_109' title="bbox 2125 4836 3707 4910">
     <span class='ocr_line' id='line_1_109' title="bbox 2125 4836 3707 4910; baseline -0.008 -11"><span class='ocrx_word' id='word_1_775' title='bbox 2125 4860 2313 4899; x_wconf 88' lang='lat' dir='ltr'><strong>norum</strong></span> <span class='ocrx_word' id='word_1_776' title='bbox 2344 4844 2672 4897; x_wconf 89' lang='lat' dir='ltr'><strong>incrementa</strong></span> <span class='ocrx_word' id='word_1_777' title='bbox 2703 4841 2944 4910; x_wconf 82' lang='lat' dir='ltr'><strong>largitur,</strong></span> <span class='ocrx_word' id='word_1_778' title='bbox 2966 4840 3030 4892; x_wconf 87' lang='lat' dir='ltr'><strong>ad</strong></span> <span class='ocrx_word' id='word_1_779' title='bbox 3061 4852 3243 4892; x_wconf 88' lang='lat' dir='ltr'><strong>senem</strong></span> <span class='ocrx_word' id='word_1_780' title='bbox 3272 4836 3483 4906; x_wconf 88' lang='lat' dir='ltr'><strong>plurimi</strong></span> <span class='ocrx_word' id='word_1_781' title='bbox 3503 4850 3707 4888; x_wconf 85' lang='lat' dir='ltr'><strong>convo-</strong></span> 
     </span>
    </p>
   </div>
   <div class='ocr_carea' id='block_1_110' title="bbox 2124 4930 3708 5000">
    <p class='ocr_par' dir='ltr' id='par_1_110' title="bbox 2124 4930 3708 5000">
     <span class='ocr_line' id='line_1_110' title="bbox 2124 4930 3708 5000; baseline -0.008 -8"><span class='ocrx_word' id='word_1_782' title='bbox 2124 4940 2316 4999; x_wconf 88' lang='lat' dir='ltr'><strong>larent,</strong></span> <span class='ocrx_word' id='word_1_783' title='bbox 2340 4936 2581 4989; x_wconf 91' lang='lat' dir='ltr'><strong>volentes</strong></span> <span class='ocrx_word' id='word_1_784' title='bbox 2632 4932 2830 5000; x_wconf 89' lang='lat' dir='ltr'><strong>pariter</strong></span> <span class='ocrx_word' id='word_1_785' title='bbox 2854 4932 3205 4985; x_wconf 85' lang='lat' dir='ltr'><strong>couunorari:</strong></span> <span class='ocrx_word' id='word_1_786' title='bbox 3259 4930 3399 4983; x_wconf 91' lang='lat' dir='ltr'><strong>inter</strong></span> <span class='ocrx_word' id='word_1_787' title='bbox 3428 4940 3565 4995; x_wconf 84' lang='lat' dir='ltr'><strong>quos</strong></span> <span class='ocrx_word' id='word_1_788' title='bbox 3587 4935 3708 4980; x_wconf 86' lang='lat' dir='ltr'><strong>erat</strong></span> 
     </span>
    </p>
   </div>
   <div class='ocr_carea' id='block_1_111' title="bbox 2123 5015 3709 5089">
    <p class='ocr_par' dir='ltr' id='par_1_111' title="bbox 2123 5015 3709 5089">
     <span class='ocr_line' id='line_1_111' title="bbox 2123 5015 3709 5089; baseline -0.008 -8"><span class='ocrx_word' id='word_1_789' title='bbox 2123 5026 2401 5088; x_wconf 88' lang='lat' dir='ltr'><strong>Pecusius,</strong></span> <span class='ocrx_word' id='word_1_790' title='bbox 2431 5033 2485 5077; x_wconf 92' lang='lat' dir='ltr'><strong>et</strong></span> <span class='ocrx_word' id='word_1_791' title='bbox 2505 5021 2801 5083; x_wconf 86' lang='lat' dir='ltr'><strong>Cornelius,</strong></span> <span class='ocrx_word' id='word_1_792' title='bbox 2830 5021 3024 5074; x_wconf 80' lang='lat' dir='ltr'><strong>Paulus</strong></span> <span class='ocrx_word' id='word_1_793' title='bbox 3045 5034 3277 5089; x_wconf 91' lang='lat' dir='ltr'><strong>quoque,</strong></span> <span class='ocrx_word' id='word_1_794' title='bbox 3298 5028 3352 5072; x_wconf 92' lang='lat' dir='ltr'><strong>et</strong></span> <span class='ocrx_word' id='word_1_795' title='bbox 3383 5015 3709 5071; x_wconf 90' lang='lat' dir='ltr'><strong>Pachomius</strong></span> 
     </span>
    </p>
   </div>
   <div class='ocr_carea' id='block_1_112' title="bbox 2121 5106 3704 5183">
    <p class='ocr_par' dir='ltr' id='par_1_112' title="bbox 2121 5106 3704 5183">
     <span class='ocr_line' id='line_1_112' title="bbox 2121 5106 3704 5183; baseline -0.009 -11"><span class='ocrx_word' id='word_1_796' title='bbox 2121 5120 2276 5183; x_wconf 88' lang='lat' dir='ltr'><strong>alter,</strong></span> <span class='ocrx_word' id='word_1_797' title='bbox 2318 5126 2374 5171; x_wconf 89' lang='lat' dir='ltr'><strong>et</strong></span> <span class='ocrx_word' id='word_1_798' title='bbox 2419 5116 2687 5176; x_wconf 86' lang='lat' dir='ltr'><strong>Joannes,</strong></span> <span class='ocrx_word' id='word_1_799' title='bbox 2731 5112 2819 5178; x_wconf 91' lang='lat' dir='ltr'><strong>qui</strong></span> <span class='ocrx_word' id='word_1_800' title='bbox 2868 5126 3054 5165; x_wconf 89' lang='lat' dir='ltr'><strong>omnes</strong></span> <span class='ocrx_word' id='word_1_801' title='bbox 3102 5108 3491 5163; x_wconf 83' lang='lat' dir='ltr'><strong>immaculatam</strong></span> <span class='ocrx_word' id='word_1_802' title='bbox 3539 5106 3704 5159; x_wconf 79' lang='lat' dir='ltr'><strong>[idem</strong></span> 
     </span>
    </p>
   </div>
   <div class='ocr_carea' id='block_1_113' title="bbox 2120 5203 3693 5266">
    <p class='ocr_par' dir='ltr' id='par_1_113' title="bbox 2120 5203 3693 5266">
     <span class='ocr_line' id='line_1_113' title="bbox 2120 5203 3693 5266; baseline -0.008 -1"><span class='ocrx_word' id='word_1_803' title='bbox 2120 5212 2263 5266; x_wconf 90' lang='lat' dir='ltr'><strong>beati</strong></span> <span class='ocrx_word' id='word_1_804' title='bbox 2313 5212 2483 5264; x_wconf 86' lang='lat' dir='ltr'><strong>Patris</strong></span> <span class='ocrx_word' id='word_1_805' title='bbox 2514 5217 2568 5264; x_wconf 92' lang='lat' dir='ltr'><strong>et</strong></span> <span class='ocrx_word' id='word_1_806' title='bbox 2614 5208 2912 5262; x_wconf 89' lang='lat' dir='ltr'><strong>doctrinam</strong></span> <span class='ocrx_word' id='word_1_807' title='bbox 2967 5205 3291 5258; x_wconf 86' lang='lat' dir='ltr'><strong>salutiferam</strong></span> <span class='ocrx_word' id='word_1_808' title='bbox 3324 5203 3547 5256; x_wconf 91' lang='lat' dir='ltr'><strong>libenter</strong></span> <span class='ocrx_word' id='word_1_809' title='bbox 3581 5215 3693 5252; x_wconf 88' lang='lat' dir='ltr'><strong>am-</strong></span> 
     </span>
    </p>
   </div>
   <div class='ocr_carea' id='block_1_114' title="bbox 2121 5289 3701 5382">
    <p class='ocr_par' dir='ltr' id='par_1_114' title="bbox 2121 5289 3701 5382">
     <span class='ocr_line' id='line_1_114' title="bbox 2121 5289 3701 5382; baseline -0.007 -29"><span class='ocrx_word' id='word_1_810' title='bbox 2121 5303 2261 5370; x_wconf 75' lang='lat' dir='ltr'><strong>plexi</strong></span> <span class='ocrx_word' id='word_1_811' title='bbox 2286 5310 2427 5354; x_wconf 88' lang='lat' dir='ltr'><strong>sunt.</strong></span> <span class='ocrx_word' id='word_1_812' title='bbox 2454 5299 2753 5382; x_wconf 82' lang='lat' dir='ltr'><strong>Statuitque</strong></span> <span class='ocrx_word' id='word_1_813' title='bbox 2785 5307 2840 5350; x_wconf 92' lang='lat' dir='ltr'><strong>ut</strong></span> <span class='ocrx_word' id='word_1_814' title='bbox 2866 5298 2919 5349; x_wconf 86' lang='lat' dir='ltr'><strong>hi</strong></span> <span class='ocrx_word' id='word_1_815' title='bbox 2956 5297 3045 5362; x_wconf 88' lang='lat' dir='ltr'><strong>qui</strong></span> <span class='ocrx_word' id='word_1_816' title='bbox 3092 5304 3337 5363; x_wconf 89' lang='lat' dir='ltr'><strong>poterant</strong></span> <span class='ocrx_word' id='word_1_817' title='bbox 3385 5289 3701 5345; x_wconf 89' lang='lat' dir='ltr'><strong>monasterii</strong></span> 
     </span>
    </p>
   </div>
   <div class='ocr_carea' id='block_1_115' title="bbox 2122 5387 3705 5460">
    <p class='ocr_par' dir='ltr' id='par_1_115' title="bbox 2122 5387 3705 5460">
     <span class='ocr_line' id='line_1_115' title="bbox 2122 5387 3705 5460; baseline -0.004 -14"><span class='ocrx_word' id='word_1_818' title='bbox 2122 5394 2453 5460; x_wconf 86' lang='lat' dir='ltr'><strong>susciperent</strong></span> <span class='ocrx_word' id='word_1_819' title='bbox 2495 5405 2699 5453; x_wconf 90' lang='lat' dir='ltr'><strong>curam,</strong></span> <span class='ocrx_word' id='word_1_820' title='bbox 2730 5399 2783 5444; x_wconf 94' lang='lat' dir='ltr'><strong>et</strong></span> <span class='ocrx_word' id='word_1_821' title='bbox 2824 5391 2894 5441; x_wconf 90' lang='lat' dir='ltr'><strong>ita</strong></span> <span class='ocrx_word' id='word_1_822' title='bbox 2944 5389 2994 5441; x_wconf 91' lang='lat' dir='ltr'><strong>in</strong></span> <span class='ocrx_word' id='word_1_823' title='bbox 3022 5388 3167 5442; x_wconf 88' lang='lat' dir='ltr'><strong>brevi</strong></span> <span class='ocrx_word' id='word_1_824' title='bbox 3194 5387 3579 5453; x_wconf 87' lang='lat' dir='ltr'><strong>multiplicatus</strong></span> <span class='ocrx_word' id='word_1_825' title='bbox 3618 5396 3705 5439; x_wconf 83' lang='lat' dir='ltr'><strong>est</strong></span> 
     </span>
    </p>
   </div>
   <div class='ocr_carea' id='block_1_116' title="bbox 2123 5474 3700 5548">
    <p class='ocr_par' dir='ltr' id='par_1_116' title="bbox 2123 5474 3700 5548">
     <span class='ocr_line' id='line_1_116' title="bbox 2123 5474 3700 5548; baseline -0.004 -15"><span class='ocrx_word' id='word_1_826' title='bbox 2123 5481 2502 5534; x_wconf 88' lang='lat' dir='ltr'><strong>monachorum</strong></span> <span class='ocrx_word' id='word_1_827' title='bbox 2534 5494 2805 5532; x_wconf 89' lang='lat' dir='ltr'><strong>numerus.</strong></span> <span class='ocrx_word' id='word_1_828' title='bbox 2837 5481 2990 5548; x_wconf 78' lang='lat'><strong>122</strong></span> <span class='ocrx_word' id='word_1_829' title='bbox 3015 5476 3243 5530; x_wconf 85' lang='lat' dir='ltr'><strong>Proinde</strong></span> <span class='ocrx_word' id='word_1_830' title='bbox 3289 5490 3410 5530; x_wconf 91' lang='lat' dir='ltr'><strong>cum</strong></span> <span class='ocrx_word' id='word_1_831' title='bbox 3440 5474 3700 5528; x_wconf 87' lang='lat' dir='ltr'><strong>solemni-</strong></span> 
     </span>
    </p>
   </div>
   <div class='ocr_carea' id='block_1_117' title="bbox 2122 5551 3702 5639">
    <p class='ocr_par' dir='ltr' id='par_1_117' title="bbox 2122 5551 3702 5639">
     <span class='ocr_line' id='line_1_117' title="bbox 2122 5551 3702 5639; baseline -0.004 -14"><span class='ocrx_word' id='word_1_832' title='bbox 2122 5582 2200 5625; x_wconf 91' lang='lat' dir='ltr'><strong>tas</strong></span> <span class='ocrx_word' id='word_1_833' title='bbox 2246 5587 2308 5625; x_wconf 83' lang='lat' dir='ltr'><strong>ex</strong></span> <span class='ocrx_word' id='word_1_834' title='bbox 2350 5586 2497 5625; x_wconf 90' lang='lat' dir='ltr'><strong>more</strong></span> <span class='ocrx_word' id='word_1_835' title='bbox 2526 5569 2838 5639; x_wconf 80' lang='lat' dir='ltr'><strong>depoSceret</strong></span> <span class='ocrx_word' id='word_1_836' title='bbox 2870 5577 2926 5622; x_wconf 90' lang='lat' dir='ltr'><strong>ut</strong></span> <span class='ocrx_word' id='word_1_837' title='bbox 2972 5551 3346 5636; x_wconf 61' lang='lat' dir='ltr'><strong>mj’steriorum</strong></span> <span class='ocrx_word' id='word_1_838' title='bbox 3393 5565 3702 5620; x_wconf 78' lang='lat' dir='ltr'><strong>cmlestium</strong></span> 
     </span>
    </p>
   </div>
   <div class='ocr_carea' id='block_1_118' title="bbox 2121 5656 3706 5727">
    <p class='ocr_par' dir='ltr' id='par_1_118' title="bbox 2121 5656 3706 5727">
     <span class='ocr_line' id='line_1_118' title="bbox 2121 5656 3706 5727; baseline -0.003 -13"><span class='ocrx_word' id='word_1_839' title='bbox 2121 5661 2404 5726; x_wconf 87' lang='lat' dir='ltr'><strong>participes</strong></span> <span class='ocrx_word' id='word_1_840' title='bbox 2446 5660 2675 5726; x_wconf 81' lang='lat' dir='ltr'><strong>ﬁerent,</strong></span> <span class='ocrx_word' id='word_1_841' title='bbox 2709 5673 2770 5713; x_wconf 87' lang='lat' dir='ltr'><strong>ex</strong></span> <span class='ocrx_word' id='word_1_842' title='bbox 2822 5658 3076 5727; x_wconf 79' lang='lat' dir='ltr'><strong>proximis</strong></span> <span class='ocrx_word' id='word_1_843' title='bbox 3123 5657 3305 5713; x_wconf 85' lang='lat' dir='ltr'><strong>viculis</strong></span> <span class='ocrx_word' id='word_1_844' title='bbox 3359 5656 3706 5726; x_wconf 69' lang='lat' dir='ltr'><strong>presbyteros</strong></span> 
     </span>
    </p>
   </div>
  </div>
