4016 6234
251 320 341 378 245

1028 305 1183 360 Vl'l'A
1226 307 1468 364 SANGTI
1511 302 1832 361 PACHOMII
1875 298 2165 355 ABBATIS
2201 291 2685 352 TABENNENSlS.

3396 271 3503 325 246

252 430 569 492 convocabat
598 474 612 495 ,
673 428 762 497 qui
815 426 894 483 eis
946 423 1286 479 festivitatem
1343 421 1539 475 lmtitiaz
1568 416 1825 488 spiritalis
1853 415 1905 474 A
1932 410 2133 480 positos
2161 408 2299 478 (29),
2325 407 2415 476 qui
2468 404 2569 460 sibi
2590 402 2657 457 ad
2690 397 2973 455 lucrandas
2996 392 3227 454 animas,
3258 380 3503 497 quaamad

253 526 543 594 implerent.
576 520 694 575 Non
744 520 887 573 enim
927 516 1225 586 patiebatur
1277 513 1417 567 idem
1471 525 1658 574 senex,
1687 509 1827 562 inter

252 630 331 670 eos
356 625 479 666 esse
496 607 825 678 quempiam,
852 605 941 675 qui
963 604 1247 659 clericatus
1292 600 1472 656 officio
1496 598 1821 669 fungeretur.

257 704 654 768 Dicebatenim,
686 699 855 754 multo
904 697 1098 750 melius
1126 708 1247 750 esse
1291 701 1451 761 atque
1491 688 1828 744 commodius

254 793 536 859 monachis,
558 805 663 845 non
692 789 863 844 solum
886 786 1083 841 nullius
1107 797 1329 853 prorsus
1350 782 1569 836 honoris
1589 791 1830 847 quaerere

256 890 503 951 primatus
532 896 583 937 et
615 882 819 950 gloriae,
848 893 1032 932 verum
1060 876 1220 930 etiam
1240 872 1553 929 occasiones
1577 871 1827 938 hujusce-

256 977 381 1032 modi
406 982 476 1028 de
500 972 760 1028 cmnobiis
784 978 1082 1037 amputare,
1104 966 1359 1035 quoniam
1384 964 1690 1031 frequenter
1708 957 1831 1014 hinc

256 1073 380 1124 inter
433 1066 631 1119 fratres
676 1062 1051 1116 contentiones
1089 1066 1144 1111 et
1193 1056 1565 1111 aemulationes
1614 1052 1830 1107 inutiles

254 1168 610 1215 noscerentur.
640 1154 792 1211 Sicut
842 1153 983 1207 enim
1015 1149 1246 1205 scintilla
1273 1147 1413 1216 ignis
1440 1160 1561 1201 cum
1587 1146 1640 1198 in
1691 1157 1833 1198 mes-

253 1266 347 1304 seni
377 1248 797 1313 ceciderit,'non
828 1245 939 1297 cito
968 1240 1341 1309 restinguitur,
1367 1247 1417 1291 et
1444 1237 1708 1291 interdum
1750 1242 1833 1286 to-

257 1346 344 1395 lius
366 1340 494 1393 anni
522 1339 725 1391 fructus
755 1315 959 1398 exurit;
992 1336 1061 1386 ita
1092 1331 1342 1399 cogitatio
1371 1326 1551 1383 feralis
1579 1326 1831 1387 ambitus,

255 1436 290 1487 si
334 1434 386 1485 in
419 1444 629 1485 mentes
678 1428 957 1495 irrepserit
987 1422 1371 1478 monachorum
1396 1461 1409 1483 ,
1445 1427 1501 1471 ut
1538 1418 1617 1469 vel
1674 1416 1832 1484 primi

254 1525 458 1585 cupiant
484 1537 631 1584 esse,
661 1521 743 1573 vel
773 1519 952 1574 clerici
974 1559 987 1577 .
1018 1516 1117 1569 nisi
1153 1516 1261 1569 cito
1290 1510 1647 1581 suggestionis
1679 1508 1835 1573 hujus

256 1618 489 1671 ardorem
510 1616 591 1669 de
621 1629 718 1666 suo
745 1612 907 1666 corde
938 1608 1255 1676 pepulerint,
1282 1605 1425 1659 illico
1450 1602 1673 1670 perdent
1701 1615 1834 1654 con-

259 1707 523 1761 tinentiam
572 1704 753 1757 multis
783 1701 1054 1755 laboribus
1082 1697 1421 1766 acquisitam.
1456 1694 1675 1761 Oportet
1708 1707 1835 1760 ergo

1931 473 2053 559 eum
2077 473 2311 569 quotidie
2330 473 2704 558 conﬂuebant,
2732 489 3003 557 adjutores
3045 482 3357 537 existerent.
3382 473 3506 528 Plu-

1932 595 2081 651 rimis
2109 593 2250 649 enim
2274 590 2435 660 (sicut
2458 587 2659 642 dictum
2686 582 2792 650 est)
2822 580 2889 633 ad
2920 590 3043 630 eum
3072 568 3430 631 venientibus,
3454 572 3510 618 et

1932 685 2297 755 multipliciter
2328 684 2381 736 in
2430 693 2593 749 opere
2622 674 2848 743 spiritali
2899 664 3290 723 crescentibus,
3320 668 3508 725 magna

1931 779 2174 848 quaedam
2206 771 2632 832 conversationis
2661 780 2847 824 eorum
2878 760 3155 817 videbatur
3187 766 3308 808 esse
3330 748 3511 803 diver-

1932 846 2079 927 sitas.
2112 869 2317 937 Quibus
2361 880 2522 921 senex
2542 866 2691 936 juxta
2734 859 2912 913 datam
2940 852 3041 907 sibi
3072 846 3329 905 divinitus
3355 853 3514 937 regu—

1935 964 2059 1025 lam,
2094 929 2263 1029 gratia
2285 954 2485 1010 Christi
2515 929 2574 1007 se
2617 965 2711 1021 per
2740 946 2918 1001 omnia
2948 941 3282 1000 moderante,
3304 944 3404 1002 pro
3427 929 3511 982 vi-

1934 1053 2080 1107 ribus
2129 1058 2187 1105 et
2234 1047 2462 1117 ingeniis
2508 1043 2836 1112 singulorum
2891 1046 3167 1090 mensuras
3206 1036 3262 1084 et
3308 1023 3514 1079 formas

1934 1156 2154 1210 operum
2192 1116 2460 1195 custodire
2490 1132 2746 1190 censebat
2775 1148 2787 1183 :
2820 1130 2937 1183 aliis
2967 1124 3204 1197 quidem,
3236 1126 3295 1173 ut
3324 1116 3510 1170 labore

1936 1248 2184 1287 nmmum
2214 1231 2411 1284 victum
2440 1230 2782 1293 quaererent;
2833 1219 2973 1283 aliis,
3006 1223 3062 1268 ut
3092 1212 3315 1267 fratrum
3347 1219 3511 1260 occu-

1936 1332 2193 1395 parentur
2243 1320 2539 1388 obsequiis,
2565 1332 2665 1372 nec
2708 1313 2896 1368 iisdem
2926 1307 3136 1363 cunctis
3183 1297 3515 1369 temporibus

1936 1423 2301 1480 vescerentur,
2334 1410 2426 1465 sed
2450 1407 2813 1476 unusquisque
2842 1415 2938 1470 pro
2966 1398 3148 1452 labore
3178 1410 3276 1449 stto
3303 1393 3382 1445 vel
3406 1397 3515 1441 stu-

1937 1510 2047 1573 dio,
2061 1503 2400 1562 continentim
2415 1500 2776 1554 moderamina
2796 1496 3070 1549 retineret.
3088 1484 3513 1544 Sollicitudinem

1939 1614 2065 1654 vero
2100 1598 2260 1651 totius
2288 1591 2703 1661 dispensationis
2727 1603 2849 1655 erga
2874 1585 3064 1637 fratres
3085 1590 3245 1647 atque
3274 1574 3514 1645 peregri-

1939 1703 2039 1745 nos
2067 1687 2269 1743 eisdem
2292 1683 2582 1746 commisit,
2610 1679 2695 1748 qui
2720 1693 2779 1732 se
2821 1678 2873 1730 in
2922 1673 3109 1728 ordine
3138 1668 3516 1737 sequebantur.

260 1811 364 1849 rum
396 1796 547 1849 omni
575 1790 983 1849 mansuetudine
1024 1796 1079 1842 et
1108 1788 1337 1855 puritate
1380 1781 1834 1837 communicantes
1866 1776 1910 1834 Β
1942 1781 2231 1834 Universos
2259 1784 2433 1829 autem
2492 1770 2784 1826 monachos
2815 1773 3091 1836 promptos
3116 1774 3236 1814 esse
3284 1756 3352 1811 ad
3383 1758 3516 1811 obe-

257 1889 442 1941 tlhristi
471 1886 718 1941 ecclesiis
762 1883 987 1937 clericos
1015 1879 1293 1941 venerari,
1324 1878 1449 1946 quia
1482 1877 1583 1927 hoc
1621 1872 1838 1940 expedit

258 1979 548 2043 monachis,
563 1978 736 2032 nullas
754 1984 932 2029 autem
960 1972 1237 2040 religiosas
1259 1980 1512 2038 appetere
1527 1967 1833 2036 dignitates.

260 2072 314 2124 Si
334 2083 460 2124 vero
479 2069 839 2137 repererimus
864 2064 1071 2132 aliquos
1091 2076 1159 2117 ex
1182 2058 1461 2114 monachis
1483 2058 1591 2125 jam
1624 2056 1833 2125 pridem

262 2162 491 2216 clericos
512 2161 577 2215 ab
600 2156 859 2227 episcopis
898 2155 1193 2217 ordinatos,
1222 2152 1607 2219 amplectamur
1640 2163 1831 2202 eorum

262 2252 611 2306 ministerium
633 2267 646 2315 ;
667 2249 783 2318 quia
811 2256 866 2301 et
897 2249 947 2300 in
977 2245 1143 2300 veteri
1172 2245 1516 2299 Testamento
1540 2256 1644 2295 non
1678 2254 1837 2296 omne

259 2346 444 2411 vulgus
466 2355 671 2394 sacrum
705 2337 1059 2406 prtesumebat
1087 2335 1343 2397 officiunt,
1375 2335 1467 2388 sed
1519 2332 1570 2386 bi
1631 2340 1834 2385 tantum

258 2436 339 2502 qui
366 2442 523 2488 erant
548 2433 614 2487 de
638 2432 776 2485 tribu
809 2431 933 2485 Levi
957 2428 1025 2483 ad
1042 2428 1156 2482 haec
1175 2426 1429 2495 obsequia
1455 2424 1834 2479 nascebantur.

261 2528 311 2580 Si
336 2524 555 2594 quando
585 2532 764 2578 autem
796 2530 1090 2576 extraneus
1112 2517 1277 2573 frater
1305 2517 1602 2581 advenerit,
1640 2515 1708 2570 de
1733 2529 1840 2584 quo

260 2626 458 2668 rcrtttm
479 2624 585 2678 est,
616 2614 757 2683 quod
786 2610 1069 2665 sacerdotii
1095 2608 1344 2678 fungatur
1370 2606 1581 2674 ofﬁcio,
1611 2620 1716 2659 non
1748 2620 1840 2659 ex-

262 2707 570 2775 probremus
598 2706 669 2773 ei,
722 2714 970 2772 tanquam
1020 2704 1108 2771 qui
1138 2715 1291 2755 sacra
1333 2699 1455 2769 jura
1489 2698 1833 2767 persuaserit,

262 2811 308 2855 et
333 2800 417 2854 his
461 2814 521 2854 se
565 2799 879 2853 ministeriis
911 2798 1200 2850 insolenter
1232 2791 1531 2863 ingesserit.
1561 2787 1840 2858 Quomodo

262 2905 484 2959 namque
500 2891 611 2944 hoc
636 2889 703 2944 de
724 2904 790 2943 eo
825 2886 1238 2955 suspicabimur,
1271 2898 1429 2953 quem
1464 2895 1562 2937 nos
1601 2882 1669 2935 ad
1698 2880 1841 2936 cele-

261 2983 454 3036 branda
508 2981 748 3036 coelestia
802 2986 1140 3034 sacramenta
1186 2975 1399 3031 enixius
1457 2971 1843 3029 Obsecremus?

262 3076 363 3129 lmo
383 3072 559 3143 magis
581 3084 637 3128 ut
666 3082 891 3142 patrem,
920 3080 971 3125 et
1003 3069 1157 3125 nobis
1181 3069 1230 3122 in
1255 3067 1355 3122 hac
1388 3082 1447 3122 re
1478 3065 1837 3128 obedientem,

1938 1871 2195 1926 dieutiam
2223 1866 2633 1929 commonebat,
2666 1872 2717 1915 ut
2744 1860 2846 1914 hoc
2866 1853 3183 1924 compendio
3210 1848 3367 1904 facile
3400 1863 3521 1917 per-

1940 1960 2184 2017 fectionis
2213 1955 2682 2027 apprehendercnt
2702 1951 2847 2006 celsa
2874 1946 3105 2014 fastigia,
3137 1942 3405 2008 cordaque
3427 1951 3521 1991 sua

1941 2056 1996 2107 in
2026 2051 2217 2105 timore
2240 2026 2434 2104 Christi
2456 2046 2739 2112 diligenter
2765 2039 3095 2096 excolerent.
3124 2034 3213 2088 Sic
3238 2030 3383 2085 enim
3408 2026 3524 2079 Deo

1940 2140 2117 2212 potius
2146 2154 2303 2208 quant
2357 2138 2456 2191 sibi
2483 2135 2759 2193 viverent,
2785 2131 2909 2184 dum
2953 2127 3157 2181 fructus
3203 2119 3525 2177 obedientia:

1939 2209 2208 2303 supplices
2252 2229 2585 2284 exhiberem.
2641 2225 2737 2278 Hic
2769 2232 2947 2280 autem
2991 2225 3141 2286 pater
3170 2209 3524 2275 venerabilis,

1940 2326 2184 2394 quamvis
2201 2331 2345 2378 esset
2357 2318 2683 2389 spiritalibus
2696 2315 2903 2369 actibus
2918 2315 3227 2375 occupatus,
3247 2303 3289 2357 si
3310 2301 3525 2370 quando

1943 2430 2123 2474 tamen
2155 2414 2423 2470 acciderat
2451 2419 2510 2465 ut
2534 2411 2748 2464 abesset
2796 2405 2842 2459 is
2865 2402 2949 2457 cui
2998 2396 3306 2454 monasterii
3339 2407 3522 2447 curam

1942 2505 2306 2569 commiserat,
2337 2503 2417 2557 sic
2462 2496 2787 2567 adimplebat
2813 2491 2992 2548 omnia
3041 2488 3208 2545 solus,
3238 2485 3382 2538 velut
3407 2496 3521 2535 om-

1945 2601 2095 2654 nium
2108 2595 2357 2651 famulus.
2390 2592 2455 2646 Et
2477 2592 2578 2646 hoc
2601 2588 2792 2659 agebat
2816 2585 2934 2639 sine
2963 2580 3139 2649 aliqua
3166 2574 3521 2630 OSteutatione

1945 2692 2031 2747 vel
2057 2689 2334 2760 jactantia,
2365 2700 2485 2755 quae
2513 2694 2736 2753 magnas
2761 2676 3076 2748 spiritalium
3108 2674 3344 2727 virorum
3387 2668 3525 2721 solet

1945 2775 2206 2837 evacuare
2254 2778 2498 2831 virtutes.
2551 2772 2680 2825 Nam
2730 2782 2937 2823 summa
2989 2762 3184 2818 mentis
3230 2756 3528 2812 humilitate

1946 2882 2169 2927 cunctos
2202 2867 2501 2922 aediﬁcabat
2529 2866 2581 2917 in
2628 2862 2875 2927 Domino,
2910 2855 3108 2910 utiliter
3143 2853 3391 2905 universa
3437 2848 3523 2901 di-

1946 2976 2227 3033 spensans.
2263 2957 2451 3013 Omnia
2480 2968 2693 3023 quoque
2717 2948 3040 3006 monasteria
3069 2944 3300 2999 sollicite
3331 2938 3523 2994 circui-

1950 3060 2057 3120 bat,
2092 3068 2258 3123 usqne
2282 3052 2408 3106 dum
2435 3062 2619 3103 rursus
2649 3045 2714 3098 ad
2743 3042 2959 3098 eosdem
2985 3038 3121 3092 filios
3148 3050 3276 3090 suos
3307 3042 3527 3100 paterno

262 3121 358 3129 η---
384 3121 558 3143 ---Ἲν-
584 3121 637 3128 _-
669 3121 891 3142 rm-
927 3121 971 3125 --
1182 3121 1188 3122 ,
1339 3121 1345 3122 ,
1391 3121 1395 3122 ,
1824 3121 1834 3128 ,
2176 3121 2183 3123 ἡ

261 3168 366 3233 plus
396 3167 669 3221 Immtrare
715 3180 811 3219 nos
862 3163 1132 3227 convenit,
1157 3169 1339 3230 utpote
1386 3159 1475 3228 qui
1527 3167 1835 3213 sanctorum
1865 3148 1913 3210 C
1941 3148 2223 3217 repedarct
2250 3142 2462 3196 affectu.
2503 3139 2647 3205 Quos
2676 3136 2955 3190 inveniens
2986 3132 3037 3183 in
3060 3140 3223 3196 opere
3255 3125 3345 3177 Dei
3377 3121 3529 3175 solli-

263 3258 485 3324 vestigia
512 3265 764 3320 sectetur,
791 3255 1114 3310 etillibatum
1146 3252 1256 3306 Deo
1286 3264 1480 3305 munus
1504 3250 1701 3304 offerre
1735 3263 1840 3302 non

262 3348 491 3412 desinat,
523 3348 757 3401 maxime
785 3347 827 3400 si
856 3342 1197 3400 conversatio
1221 3341 1337 3410 ejus
1381 3347 1685 3408 exspectata
1715 3352 1845 3392 cun-

263 3439 354 3492 ctis
381 3447 475 3492 est
501 3448 556 3492 et
606 3438 848 3505 probata.
882 3435 935 3490 Si
982 3448 1131 3498 vero,
1163 3433 1306 3501 quod
1345 3432 1520 3495 absit,
1553 3430 1607 3482 in
1660 3428 1843 3497 aliquo

261 3531 451 3585 delicto
486 3540 697 3597 putatur
718 3544 837 3584 esse
864 3528 1151 3594 collapsus,
1183 3524 1253 3579 de
1278 3538 1344 3578 eo
1366 3536 1462 3576 nos
1472 3521 1714 3589 judicare
1741 3536 1844 3575 non

261 3636 569 3692 possumus.
604 3621 743 3675 Deus
774 3620 915 3675 enim
940 3620 1101 3687 judex
1128 3617 1324 3685 justus,
1346 3612 1619 3669 conStituit
1639 3612 1848 3680 episco-

262 3729 353 3781 pos
399 3728 570 3781 super
598 3727 693 3767 eos
740 3712 983 3780 judices,
1015 3709 1107 3778 qui
1160 3708 1437 3762 beatorum
1483 3703 1845 3772 apostolorum

266 3819 614 3858 successores
643 3810 699 3857 et
727 3803 1027 3856 imitatores
1054 3800 1312 3861 existunt,
1344 3797 1431 3865 qui
1451 3804 1673 3863 possunt
1693 3793 1848 3863 spiri-

263 3898 347 3950 tali
374 3897 632 3951 examinc
665 3895 875 3949 discere
930 3892 1141 3962 negotia
1168 3889 1497 3958 singulorum
1518 3928 1533 3951 ,
1557 3896 1608 3939 et
1636 3899 1847 3954 aequum

264 3989 327 4044 de
370 3991 452 4044 eis
501 3989 640 4043 ferre
666 3986 947 4055 judicium.
976 3984 1084 4037 Nos
1116 3990 1290 4035 autem
1340 3978 1733 4046 compatiamur
1779 3990 1846 4030 ex

265 4082 367 4135 imo
392 4089 615 4149 pectore
646 4074 1007 4141 talibus:qnia
1031 4080 1088 4126 et
1110 4069 1480 4124 misericordes
1511 4084 1609 4123 nos
1668 4066 1849 4120 Domi-

264 4188 362 4226 nus
384 4187 508 4226 esse
532 4178 839 4225 commonet
861 4167 1075 4237 (Matth.
1099 4166 1197 4232 vt),
1227 4165 1309 4219 cui
1333 4164 1635 4233 supplicare
1651 4160 1850 4231 jugitcr

265 4267 501 4325 oportet,
526 4273 595 4312 ne
617 4272 715 4311 nos
745 4258 798 4309 in
827 4257 1060 4321 aliquam
1092 4253 1438 4307 tentationem
1473 4254 1703 4318 patiatur
1761 4250 1843 4302 in-

266 4350 411 4401 duci.
450 4350 575 4401 llrec
606 4362 634 4400 a
660 4354 960 4401 memorato
984 4345 1141 4398 Patre
1167 4358 1271 4396 non
1305 4341 1478 4396 solum
1534 4339 1851 4393 dicebantur

268 4440 518 4505 viriliter,
543 4439 636 4491 sed
668 4446 726 4491 et
753 4452 874 4491 cum
900 4436 1044 4490 omni
1070 4432 1428 4488 sollicitudine
1474 4432 1849 4485 servabantur.

1947 3244 2052 3296 cite
2080 3232 2598 3307 vigilare,gaudebat
2622 3269 2637 3293 ,
2667 3227 3000 3292 multumque
3051 3218 3383 3289 profectuum
3435 3228 3526 3268 co-

1951 3348 2066 3387 rum
2092 3329 2369 3384 laetabatur
2396 3320 2747 3392 augmentis..

2020 3449 2150 3501 CAP.
2180 3441 2371 3498 XXVI.
2392 3469 2465 3481 -
2492 3436 2731 3506 Quodam
2762 3444 2892 3487 vero
2924 3440 3188 3497 tempore,
3213 3423 3398 3477 videns
3429 3421 3529 3473 ali-

1949 3554 2082 3611 quos
2137 3535 2433 3589 mediocres
2478 3531 2723 3583 homines
2760 3526 2811 3579 in
2840 3521 3030 3577 vicinis
3061 3518 3219 3580 locis,
3263 3516 3386 3568 dum
3443 3526 3534 3578 pa-

1950 3640 2162 3687 scerent
2190 3642 2404 3696 pecora,
2435 3640 2465 3678 a
2496 3619 2875 3677 communione
2900 3620 3356 3669 sacramentorum
3378 3605 3532 3659 Chri-

1951 3727 2017 3780 sti
2086 3721 2376 3781 abstinere,
2431 3730 2529 3771 nec
2584 3712 2885 3767 divinorum
2924 3704 3030 3758 frui
3103 3703 3256 3771 123
3306 3696 3534 3751 lectione

1952 3813 2282 3869 voluminum
2302 3848 2317 3875 ,
2350 3809 2438 3877 qui
2471 3819 2563 3873 per
2581 3814 2741 3856 omne
2766 3796 3056 3853 Sabbatum
3087 3802 3248 3858 atque
3296 3782 3536 3854 Domipi-

1954 3922 2075 3962 cum
2125 3876 2440 3958 solemniter
2490 3897 2685 3962 ubique
2742 3889 3056 3949 recitantur,
3081 3882 3201 3936 iniit
3254 3876 3549 3934 consilium.

1954 4013 2074 4051 cum
2090 3993 2400 4059 S.Aprione
2421 3988 2777 4055 Tentyrorum
2806 3979 3058 4048 episcopo
3085 3971 3220 4044 (50),
3247 3978 3306 4023 ut
3342 3969 3392 4020 in
3422 3966 3539 4018 vico

1954 4102 2141 4145 eorum
2183 4084 2293 4153 jam
2326 4096 2463 4152 pene
2490 4079 2707 4133 deserto
2744 4077 3147 4127 construeretur
3193 4059 3443 4122 ecilesia,
3473 4057 3543 4109 ad

1955 4193 2113 4251 quam
2164 4175 2547 4236 convenirent,
2577 4177 2629 4221 et
2678 4162 2929 4235 mysteria
2977 4159 3153 4213 divina
3184 4155 3538 4222 perciperent.

1955 4271 2109 4338 Quod
2140 4269 2227 4323 ubi
2266 4266 2460 4320 factum
2491 4271 2595 4325 est,
2625 4273 2747 4314 cum
2770 4270 2869 4311 nec
2891 4255 3019 4309 dum
3071 4258 3255 4306 essent
3302 4244 3537 4299 ordinati

1956 4362 2161 4425 clerici,
2189 4361 2279 4429 qui
2306 4356 2565 4412 solemnia
2596 4351 2734 4421 plebi
2760 4352 3096 4417 peragerent,
3114 4345 3229 4409 ipse
3258 4340 3323 4391 ad
3350 4338 3536 4390 horam

1957 4460 2252 4509 conventus
2328 4447 2576 4502 ecclesiaa
2661 4456 2781 4495 cum
2871 4434 3149 4491 monachis
3225 4425 3543 4483 occurrebat

268 4528 321 4581 Si
350 4529 568 4596 quando
590 4529 820 4594 denique
846 4528 1079 4580 venisset
1105 4525 1170 4576 ad
1201 4537 1323 4577 eum
1351 4519 1707 4587 clericus,qui
1751 4518 1851 4571 sub
1884 4514 1933 4571 D
1958 4545 2257 4601 salutiferas
2299 4540 2437 4600 "lem
2464 4537 2680 4607 paginas
2708 4533 2980 4599 relegens;
3006 4525 3150 4594 quia,
3174 4533 3232 4575 ιη
3258 4520 3388 4579 δίκε,
3411 4531 3542 4569 non.

269 4620 384 4684 ejus
414 4621 592 4687 regula
627 4621 789 4673 vellet
814 4624 1018 4681 vivere,
1043 4614 1289 4684 dignitati
1313 4613 1429 4680 ejus
1452 4611 1713 4665 honorem
1732 4610 1853 4664 red-

268 4709 435 4762 debat
459 4709 702 4762 ecclesia:
731 4707 1001 4770 debitnm;
1032 4704 1121 4758 ille
1149 4717 1276 4756 vero
1306 4702 1692 4755 monachorum
1729 4714 1848 4752 ser-

268 4800 426 4853 vicus
473 4799 752 4863 institutis,
781 4808 1033 4866 tanquam
1081 4794 1219 4865 patri
1247 4808 1307 4849 se
1359 4794 1524 4848 multa
1556 4792 1858 4847 humilitate

268 4895 555 4947 subdebat.

343 4987 478 5038 CAP.
516 4983 685 5038 XXV.
712 5013 783 5024 —
804 4982 1003 5037 Omnes
1028 4991 1205 5034 autem
1235 4980 1432 5033 Christi
1465 4977 1690 5032 famulos
1735 4977 1857 5027 bea-

272 5086 365 5128 tus
402 5075 718 5128 Pachomius
747 5073 881 5128 adeo
911 5070 1184 5140 diligebat,
1209 5079 1266 5123 ut
1294 5069 1375 5123 eis
1396 5083 1608 5137 semper
1636 5080 1855 5133 compa-

275 5177 485 5222 teretur
515 5177 737 5234 paterno
760 5166 974 5220 affectu.
998 5164 1229 5219 Senibus
1276 5162 1436 5217 etiam
1465 5168 1521 5214 et
1547 5158 1856 5228 aegrotanti-

273 5260 408 5320 bus,
440 5273 642 5311 necnon
671 5268 725 5311 et
748 5256 1002 5326 parvulis,
1028 5250 1411 5307 misericordia:
1437 5263 1598 5316 opera
1632 5245 1860 5315 propriis

274 5348 530 5403 manibus
559 5347 852 5415 ingerebat,
878 5360 986 5414 pra:
1010 5343 1219 5398 caeteris
1249 5354 1432 5395 eorum
1453 5347 1660 5391 mentes
1683 5336 1859 5387 muni-

275 5441 437 5494 mine
483 5441 708 5506 spiritali
762 5438 1136 5493 corroborans.
1191 5434 1433 5500 Cumque
1484 5430 1537 5483 in
1570 5429 1673 5483 fide
1723 5438 1777 5482 et
1806 5429 1857 5479 in

275 5548 456 5603 opere
482 5534 629 5588 multi
686 5534 1022 5599 proficerent,
1054 5539 1106 5583 et
1154 5541 1374 5595 magnus
1405 5523 1625 5577 fratrum
1676 5535 1861 5574 nume-

277 5642 384 5679 rus
408 5635 705 5693 augeretur,
735 5637 921 5677 omnes
946 5618 1326 5689 propemodum
1357 5616 1668 5683 satagebant
1696 5627 1863 5665 acum-

282 5719 491 5771 latores
537 5733 655 5773 esse
701 5717 926 5771 virtutis.
981 5711 1265 5770 Constituit
1312 5709 1470 5771 igitur
1506 5722 1570 5762 ex
1621 5705 1700 5761 cis
1729 5717 1863 5770 pra:-

1960 4639 2087 4692 dum
2117 4635 2311 4689 ibidem
2342 4632 2571 4684 lectores
2602 4627 2812 4679 fuerant
2834 4616 3130 4677 constituti,
3165 4626 3265 4667 nec
3302 4610 3393 4663 alii
3430 4608 3542 4662 cle-

1961 4730 2078 4791 rici,
2102 4726 2190 4795 qui
2213 4722 2507 4778 ministeria
2539 4732 2690 4772 sacra
2716 4714 3067 4768 celebrarent.
3099 4703 3363 4771 Quamdiu
3414 4711 3544 4764 ergo

1964 4819 2242 4887 presbyter
2269 4824 2324 4869 et
2372 4811 2612 4879 reliquus
2658 4806 2792 4862 ordo
2845 4802 3162 4856 clericorum
3193 4795 3414 4854 aberat,
3448 4790 3543 4841 Pa-

1964 4912 2207 4967 chomius
2254 4905 2532 4968 veniebat,
2560 4910 2616 4954 et
2669 4898 2746 4951 sic
2796 4895 3043 4949 alacriter
3092 4902 3153 4940 ac
3183 4882 3540 4939 inverecunde

1962 5002 2180 5058 lectoris
2210 4997 2465 5066 implebat
2492 4992 2752 5054 officium,
2781 4998 2836 5041 et
2862 4989 2931 5039 ita
2986 4979 3180 5035 mentis
3209 4992 3272 5032 ac
3299 4974 3544 5043 corporis

1962 5093 2145 5148 oculos
2168 5090 2400 5144 habebat
2423 5086 2677 5147 intentos,
2708 5087 2766 5132 ut
2787 5077 3027 5130 videntes
3056 5085 3176 5125 eum
3203 5066 3405 5139 p0puli,
3433 5079 3540 5119 non

1964 5194 2267 5255 hominem,
2292 5188 2383 5242 sed
2419 5185 2509 5240 Dei
2555 5180 2802 5247 angelum
2850 5175 3151 5231 crederent.
3174 5171 3326 5225 Unde
3359 5168 3545 5238 plures

1966 5293 2296 5350 institutione
2317 5289 2431 5357 ejus
2458 5286 2524 5339 ab
2551 5295 2735 5337 errore
2761 5276 3027 5339 conversi,
3062 5273 3183 5327 facti
3217 5281 3342 5327 sunt
3392 5269 3551 5323 Chric

1965 5395 2145 5449 Stiani.
2185 5394 2311 5444 Erat
2365 5389 2506 5442 enim
2561 5385 2701 5439 circa
2753 5379 2980 5452 proximi
3027 5377 3341 5431 charitatem
3389 5374 3549 5426 valde

1966 5497 2264 5566 perfectus,
2297 5499 2350 5545 et
2397 5490 2656 5542 intantum
2690 5484 3013 5545 misericors,
3047 5487 3105 5531 ut
3145 5479 3187 5532 si
3219 5476 3435 5545 quando
3462 5472 3542 5522 vi-

1968 5599 2134 5650 disset
2174 5593 2378 5660 aliquos
2426 5586 2622 5642 diaboli
2664 5583 2848 5639 fraude
2877 5581 3166 5643 deceptos,
3197 5586 3396 5641 easque
3438 5585 3541 5621 non

1971 5715 2157 5756 verum
2186 5698 2349 5751 Deum
2402 5696 2601 5752 colere,
2630 5689 2725 5742 scd
2755 5684 2902 5739 vanis
2933 5677 3196 5733 inservire
3227 5667 3543 5730 simulacris,
