4016 6230
448 282 551 338 2η
1482 283 1569 338 DE
1608 282 1783 340 VITIS
1824 283 2105 340 PATRUM
2145 282 2348 338 LIBER
2387 280 2658 339 PRIMUS.
3604 290 3714 348 248

447 412 616 464 super
661 412 846 453 eorum
911 399 1208 469 perditione
1262 382 1635 470 ingemisceiet
1687 399 1921 464 fortiter,
1967 406 2022 453 et
2053 404 2225 460 Αευο
2273 396 2515 462 occulte,
2568 395 2712 451 hunc
2761 397 3116 467 persequebar
3171 396 3345 467 (Paul.
3396 398 3473 468 c).
3522 399 3713 458 Nullus

448 492 680 545 ubertim
712 491 976 558 lacrymas
1001 509 1096 559 pro
1126 488 1309 547 eurum
1342 493 1522 562 salute
1543 494 1808 548 funderet.

516 579 645 637 CAP.
679 582 888 639 XXVII.
943 614 1011 623 -
1049 584 1151 639 Per
1201 585 1341 639 idem
1397 594 1601 653 tempus
1653 584 2025 639 Alexandrina:

444 673 688 727 ecclesia:
716 686 932 730 sanctus
972 677 1253 742 episcopus
1297 676 1624 730 Athanasius
1667 687 1913 743 prmerat,
1944 679 2026 731 vir

444 764 592 819 omni
627 766 821 820 virtute
848 766 1126 821 mirabilis.
1157 767 1255 833 Qui
1284 781 1404 822 cum
1434 768 1743 822 solemniter
1782 769 2025 836 superio-

445 857 520 905 ris
543 853 831 910 Thebaida:
856 857 1105 911 circuiret
1138 857 1423 922 Ecclesias,
1452 868 1505 912 et
1532 859 1750 913 salutari
1781 860 2022 914 doctrina

445 944 497 997 in
525 945 629 1001 fide
655 946 849 1003 Christi
880 948 1086 1015 plebem
1118 949 1437 1013 institueret,
1463 950 1657 1004 accidit
1700 959 1760 1004 ut
1800 951 1868 1004 ad
1908 951 2022 1006 loca

445 1034 878 1091 'I‘ahennensium
907 1037 1114 1107 navigio
1146 1040 1466 1105 perveniret.
1494 1040 1648 1108 Quod
1677 1040 1768 1095 ubi
1820 1040 2024 1095 Pacho-

444 1126 583 1193 mins
609 1129 842 1196 agnovit,
875 1130 1052 1183 statim
1085 1145 1203 1184 cum
1234 1131 1497 1186 universis
1522 1133 1797 1187 monachis
1826 1134 1876 1187 in
1904 1135 2022 1203 ejus

443 1220 751 1286 properavit
771 1234 1050 1275 occursum
1078 1238 1093 1286 ;
1120 1236 1413 1292 omnesque
1439 1223 1735 1292 gaudentes
1766 1233 1821 1278 et
1841 1226 2021 1280 exsul-

441 1319 638 1373 tantes,
668 1324 787 1364 cum
818 1310 1038 1379 psalmis
1067 1320 1122 1366 et
1148 1312 1364 1383 hymnis
1392 1326 1658 1368 summum
1685 1314 1885 1370 Christi
1932 1327 2023 1368 sn-

435 1414 657 1469 scepere
680 1401 982 1469 pontificem
1008 1417 1024 1469 ;
1056 1410 1111 1458 et
1134 1412 1250 1458 erat
1278 1405 1463 1472 ingens
1486 1404 1770 1459 multitudo
1799 1405 2021 1460 fratrum

435 1489 525 1559 qui
551 1490 617 1544 de
642 1490 756 1558 ejus
783 1492 1012 1546 adventu
1046 1494 1362 1548 laetabantur
1406 1496 1457 1548 in
1512 1496 1755 1550 Domino.
1812 1496 2021 1550 Paclto-

435 1582 575 1635 mitts
601 1596 731 1636 vero
756 1596 859 1635 non
891 1596 950 1636 se
977 1583 1292 1638 ostendebat
1317 1584 1545 1638 antistiti
1572 1594 1892 1649 memorato,
1921 1585 2026 1639 sed

435 1686 500 1728 ex
532 1664 793 1727 industria
821 1673 1141 1730 subtrahens
1184 1690 1262 1742 se,
1296 1677 1348 1731 in
1396 1678 1779 1732 monachorum
1830 1682 2021 1734 turmis

2129 488 2350 556 (aiebat)
2379 488 2551 543 bonus
2571 487 2639 542 de
2655 501 2749 541 ore
2769 500 2865 541 suo
2894 489 3096 556 profert
3118 489 3409 557 quidquam
3438 489 3585 554 mali,
3609 507 3712 546 nec

2126 580 2323 634 sanctis
2352 580 2591 648 patribus
2618 590 2880 634 venenato
2909 595 3004 634 ore
3034 596 3251 648 prorsus
3280 580 3608 651 obloquitur.
3635 583 3711 637 De

2126 685 2227 739 qua
2252 685 2310 725 re
2337 671 2515 725 multis
2544 670 2756 739 quidem
2783 672 3067 739 Scripturis
3092 674 3183 727 Dei
3208 674 3544 728 monstrabat
3568 674 3705 728 indi.

2127 764 2336 831 gnantis
2362 762 2641 827 offensam,
2671 764 2941 831 praecipue
2970 773 3145 817 tamen
3174 765 3354 819 Mariae
3403 764 3710 834 proferebat

2125 852 2447 917 exemplum,
2479 867 2599 919 qua:
2628 867 2753 906 mox
2786 864 2841 906 nt
2887 854 3143 909 adversus
3189 855 3409 925 Moysen
3458 856 3710 925 querelas

2124 942 2527 996 obtrectationis
2545 942 2751 1008 elIudit,
2782 944 2991 1011 perfusa
3016 945 3181 1014 lepra,
3198 945 3432 1001 divinum
3450 947 3709 1016 judicium

2124 1031 2293 1086 vitare
2313 1046 2419 1086 non
2450 1032 2640 1098 potuit.
2671 1034 2795 1086 Ilmc
2823 1035 3055 1099 docens,
3087 1035 3365 1091 utilitatem
3415 1038 3704 1093 maximam

2122 1122 2463 1177 audientibus
2488 1122 2797 1179 conferebat
2819 1123 3007 1195 (Num.
3031 1123 3146 1193 l2).

2195 1213 2324 1267 CAP.
2356 1213 2592 1269 XXVIII.
2634 1242 2705 1254 —
2740 1215 3014 1283 Comperit
3041 1223 3218 1270 autem
3249 1231 3500 1281 germana
3557 1232 3713 1271 soror

2125 1302 2241 1371 ejus
2271 1304 2652 1358 institutionem
2706 1304 2852 1358 senis
2885 1304 3192 1373 praeclaram
3220 1314 3381 1375 atque
3428 1307 3712 1362 sublimem

2126 1395 2298 1466 (litt/1'.
2328 1397 2364 1450 Ι.
2398 1412 2475 1459 Ill,
2520 1414 2574 1450 η.
2607 1396 2735 1466 54);
2764 1397 3094 1467 cupiensque
3125 1399 3305 1453 videre
3328 1414 3472 1464 eum,
3498 1400 3566 1453 ad
3600 1417 3714 1453 uto-

2126 1488 2415 1541 naslerium
2443 1485 2561 1555 ejus
2580 1486 2818 1541 advenit.
2848 1487 2998 1555 Quod
3018 1489 3106 1543 ubi
3128 1491 3340 1557 agnovit
3363 1489 3709 1556 Pachomins,

2125 1577 2495 1645 hujuscemodi
2547 1593 2863 1645 responsum
2906 1580 2955 1635 ei
3004 1596 3099 1650 per
3142 1584 3419 1636 ostiarium
3464 1584 3709 1638 direxit:

2127 1667 2284 1731 Ecce,
2317 1683 2493 1736 soror,
2525 1670 2718 1724 audisti
2749 1671 2816 1725 de
2843 1685 2928 1724 me
2963 1672 3105 1740 quod
3151 1673 3321 1727 vivam
3352 1681 3407 1728 et
3433 1674 3714 1730 incolumis

436 1764 692 1832 occuluit,
722 1780 785 1818 ex
818 1765 917 1819 hac
946 1766 1195 1823 videlicet
1219 1784 1404 1833 causa,
1435 1770 1576 1838 quod
1604 1771 1868 1827 antelatus
1888 1772 2017 1826 Ten-

2127 1757 2593 1826 exsistam;pergo
2612 1758 2772 1827 igitur
2795 1760 2847 1811 in
2880 1773 3031 1827 pace,
3060 1775 3158 1813 nec
3184 1762 3521 1817 contristeris
3568 1764 3713 1830 quod

436 1862 677 1923 tyrorum
702 1855 989 1923 episcOpus
1014 1856 1082 1912 de
1102 1871 1169 1912 eo
1191 1870 1432 1914 sanctum
1456 1860 1806 1915 Athanasium
1824 1862 2021 1931 saepius

439 1946 727 2006 exorabat,
761 1948 931 2002 virum
959 1948 1142 2004 dicens
1168 1964 1289 2006 esse
1328 1953 1652 2020 mirabilem,
1684 1962 1739 2007 et
1787 1969 1913 2010 vere
1955 1958 2022 2010 fa-

440 2035 644 2090 mulum
671 2036 786 2100 Dei,
811 2054 967 2105 quem
996 2039 1060 2094 ad
1093 2040 1348 2096 honorent
1379 2044 1663 2099 sacerdotii
1707 2043 2022 2114 dignissime

440 2138 802 2197 promoveret.
832 2127 887 2184 Id
926 2146 1053 2199 ergo
1097 2131 1272 2188 sciens
1323 2134 1663 2201 Pacbomius,
1713 2152 1818 2191 non
1864 2136 1915 2191 ei
1962 2153 2023 2193 se

437 2218 720 2274 manifeste
746 2222 1079 2288 monstravit,
1110 2221 1250 2277 inter
1275 2223 1657 2278 monachorum
1695 2227 1901 2295 agmina
1925 2228 2020 2281 de-

435 2306 712 2375 litescens,
760 2324 930 2381 usque
974 2313 1101 2367 dum
1148 2311 1287 2367 idein
1347 2316 1642 2382 prmteriret
1698 2319 2021 2385 episcopus,

440 2415 598 2469 quem
628 2402 889 2455 iutantum
920 2405 1292 2470 venerabatur,
1325 2415 1384 2458 ut
1429 2406 1629 2458 nullum
1684 2408 2023 2473 prazstantio-

437 2505 551 2545 rem
583 2492 713 2558 ipsis
743 2493 1074 2561 temporibus
1107 2493 1376 2548 hominem
1421 2495 1641 2551 diceret.
1673 2496 2023 2564 Compererat

439 2582 581 2637 enim
610 2592 851 2639 sanctam
880 2585 1041 2639 vitam
1073 2585 1189 2655 ejus
1228 2596 1282 2641 et
1337 2589 1735 2656 persecutiones
1778 2590 2023 2645 innume-

438 2687 547 2737 ras,
574 2688 707 2743 quas
750 2677 819 2729 ab
861 2674 1074 2731 Arianis
1119 2690 1216 2744 pro
1242 2677 1438 2732 Christi
1482 2679 1768 2747 pertulerat
1809 2679 2020 2735 confes-

440 2761 597 2818 sione
622 2779 637 2830 ;
670 2763 982 2821 charitatem
1011 2781 1243 2837 quoque,
1273 2783 1429 2837 quam
1458 2785 1580 2839 erga
1626 2772 1936 2835 universos,
1963 2780 2021 2825 et

437 2854 675 2909 maxime
721 2855 1049 2922 monachos,
1102 2857 1417 2925 exhibebat,
1465 2860 1671 2915 intento
1726 2863 2020 2917 mirabatur

437 2945 649 3012 animo,
677 2962 909 3018 eumque
937 2956 1045 3003 toto
1072 2950 1251 3005 cordis
1276 2949 1467 3006 affectu
1499 2955 1877 3008 venerabatur.
1910 2956 2019 3010 Nec

437 3036 613 3090 solum
644 3036 785 3092 hunc
808 3038 1062 3108 diligebat
1087 3040 1398 3107 ardentius;
1422 3043 1514 3098 sed
1541 3053 1594 3098 et
1624 3058 1812 3100 omnes
1854 3056 2016 3101 rectae

2131 1857 2182 1903 te
2209 1865 2315 1905 non
2345 1851 2553 1904 videam
2584 1851 2951 1919 corporalibus
2979 1853 3171 1908 oculis.
3203 1854 3356 1919 Quod
3384 1852 3429 1909 si
3477 1854 3713 1909 volueris

2123 1941 2262 1996 hanc
2291 1943 2753 1998 conversationem
2782 1945 2962 2013 sequi,
3010 1960 3168 2013 quam
3216 1956 3391 2011 teneo,
3425 1955 3482 1999 ut
3531 1947 3710 2010 possis

2122 2033 2264 2100 apud
2294 2031 2575 2085 Dominum
2602 2032 3020 2086 misericordiam
3050 2034 3308 2103 reperire,
3342 2034 3499 2105 124,
3526 2035 3711 2102 cogita

2124 2132 2298 2176 tecum
2328 2123 2617 2191 diligenter
2641 2132 2697 2176 et
2725 2130 2928 2187 tracta;
2954 2134 3009 2179 et
3036 2126 3080 2179 si
3109 2140 3431 2194 cognovero,
3456 2126 3558 2179 hoc
3582 2141 3709 2180 satis

2122 2224 2266 2267 ctum
2294 2212 2443 2269 cordi
2474 2224 2566 2269 tuo
2604 2213 2813 2270 sedisse
2859 2218 3217 2285 propositum,
3251 2219 3555 2285 praecipiam
3603 2216 3714 2270 fra~

2123 2306 2291 2360 tribus
2322 2306 2455 2359 meis
2482 2314 2541 2360 ut
2565 2307 2660 2360 tibi
2712 2306 2896 2376 procul
2942 2307 3213 2362 aedificent
3264 2309 3617 2376 mansionem,
3653 2309 3711 2364 in

2122 2409 2227 2461 qua
2275 2410 2396 2449 cum
2447 2395 2730 2464 disciplina
2784 2399 3213 2468 verecundiaque
3277 2401 3547 2466 persistas.
3600 2399 3713 2456 Nec

2123 2483 2307 2540 dubito
2333 2485 2475 2554 quod
2505 2486 2638 2541 alias
2665 2488 2915 2557 exemplo
2964 2499 3052 2543 tuo
3102 2490 3359 2545 Dominus
3405 2491 3713 2557 advocabit,

2121 2590 2241 2642 quas
2286 2582 2465 2629 tecum
2513 2587 2798 2642 maneant,
2831 2586 2884 2630 et
2932 2592 3028 2646 per
3073 2587 3127 2632 te
3171 2588 3479 2635 mereantur
3522 2580 3715 2635 Salutis

2122 2677 2336 2721 aeternas
2363 2667 2608 2723 invenire
2633 2669 2952 2724 subsidium.
2980 2671 3185 2725 Nullam
3216 2688 3443 2742 namque
3465 2675 3712 2743 requiem

2120 2760 2173 2811 iu
2204 2759 2306 2813 hoc
2330 2775 2558 2826 corpore
2590 2763 2774 2816 mortis
2804 2764 3002 2818 habere
3030 2764 3225 2833 poterit
3255 2764 3444 2831 homo,
3474 2767 3573 2818 nisi
3612 2767 3712 2831 qui

2122 2849 2223 2917 piis
2244 2847 2499 2917 operibus
2534 2852 2644 2905 Deo
2675 2853 2959 2920 placuerit.
2993 2854 3117 2909 Iltec
3146 2856 3366 2910 audiens
3393 2870 3546 2911 soror
3567 2857 3717 2925 ejus,

2122 2942 2267 2997 ﬂevit
2296 2958 2515 2998 amare:
2542 2955 2596 2999 et
2620 2956 2936 3013 compuncta
2961 2947 3235 3013 divinitus,
3263 2949 3328 3002 ad
3379 2948 3719 3003 exhortatio-

2121 3048 2240 3088 nem
2258 3035 2664 3091 saluberrimam
2684 3054 2805 3093 mox
2830 3040 3033 3109 appulit
3052 3041 3289 3095 animum
3312 3055 3477 3111 seque
3498 3041 3717 3098 Christo

438 3126 567 3182 fidei
590 3128 737 3183 viros
764 3143 975 3184 summo
1000 3129 1182 3184 studio
1208 3132 1543 3198 praeferebat.
1584 3135 1877 3190 IIaareticos
1922 3152 2017 3192 au-

2125 3128 2327 3182 servire
2373 3127 2612 3194 professa
2652 3139 2755 3183 est.
2807 3129 2953 3185 Ilanc
2989 3145 3118 3201 ergo
3167 3142 3399 3188 tuentem
3440 3147 3718 3202 germane

438 3223 547 3270 tem
577 3216 940 3273 detestabatur
986 3220 1293 3289 plurimum,
1336 3232 1391 3276 et
1437 3225 1667 3279 maxime
1710 3226 2014 3296 Origenem,

437 3305 585 3360 velut
602 3306 970 3376 blasphemutn
985 3324 1049 3365 ac
1068 3311 1702 3377 perlidum,vehementer
1724 3318 1979 3373 horrebat
2001 3336 2016 3372 :

437 3396 529 3457 qtti
559 3400 789 3465 praevius
818 3402 927 3456 Arii
956 3402 1255 3470 Meletiique
1292 3406 1624 3473 declaratus,
1653 3407 1751 3461 sub
1795 3409 2019 3463 lIeracla

437 3488 559 3559 (52)
614 3494 905 3548 venerabili
958 3495 1334 3554 Alexandrinae
1379 3501 1608 3555 civitatis
1642 3502 1919 3569 episcopo,
1951 3500 2020 3556 de

436 3581 874 3651 ecclesiatpulsus
899 3595 1001 3651 est,
1033 3589 1230 3657 quique
1258 3606 1427 3647 sacras
1457 3591 1749 3661 Scriptura:
1795 3590 2015 3659 dogma-

434 3670 579 3727 tibus
632 3688 793 3731 exosa
855 3685 1015 3746 atque
1066 3679 1409 3746 detestanda,
1465 3696 1584 3751 quae
1638 3680 2016 3737 nonnullorum

434 3762 596 3835 eoqla
644 3764 1041 3833 subverterent,
1072 3772 1494 3839 expositionibus
1528 3768 1653 3830 suis
1704 3773 2012 3829 admiscuit.

434 3852 504 3907 Et
523 3853 678 3908 sicuti
707 3855 885 3911 solent
912 3858 998 3925 qui
1030 3874 1232 3915 venena
1259 3871 1579 3931 temperant,
1601 3864 2010 3918 amaritudinem

435 3945 597 3999 melle
620 3957 906 4015 contegere
932 3966 946 4014 ;
975 3950 1053 4004 sic
1080 3951 1181 4006 iste
1208 3953 1404 4021 proprii
1436 3955 1579 4009 virus
1601 3957 1821 4021 erroris,
1852 3957 2015 4013 coale-

433 4034 593 4088 stiunt
622 4036 911 4091 verborum
942 4039 1227 4095 dulcedine
1266 4042 1491 4109 liniens,
1522 4046 1746 4102 exitiosa
1794 4047 2016 4103 rudibus

433 4124 682 4194 dogmata
739 4130 1059 4197 propinavit.
1111 4133 1446 4205 Quapropter
1492 4138 1772 4194 universos
1821 4139 2014 4195 fratres

2121 3233 2234 3275 sua:
2261 3218 2581 3274 Pachomius
2611 3235 2926 3288 agnoscens,
2959 3222 3066 3277 Deo
3093 3225 3294 3292 gratias
3334 3224 3471 3293 egit,
3519 3225 3609 3292 qui
3642 3224 3714 3279 ’ei

2123 3320 2422 3377 promptam
2455 3311 2680 3379 largitus
2705 3322 2789 3367 est
2839 3314 3195 3378 voluntatem,
3229 3326 3283 3369 et
3333 3315 3571 3383 protinus
3616 3329 3715 3371 re-

2122 3399 2481 3469 ligiosioribus
2507 3402 2737 3469 imperat
2760 3402 3015 3458 fratribus
3042 3413 3098 3457 ut
3123 3405 3171 3457 ei
3200 3404 3437 3473 procula
3486 3419 3545 3460 se
3590 3420 3716 3461 rno-

2122 3490 2415 3543 nasterium
2445 3499 2779 3547 construant.
2810 3492 2961 3560 Quod
3003 3494 3089 3549 ubi
3138 3494 3337 3552 factum
3379 3507 3482 3562 est,
3515 3507 3569 3552 et
3614 3499 3714 3553 illa

2120 3580 2412 3634 secundum
2445 3582 2691 3637 timorem
2738 3583 2829 3637 Dei
2860 3585 3020 3638 vitam
3050 3586 3293 3653 duceret,
3337 3598 3717 3644 convenerunt.

2120 3669 2189 3722 ad
2215 3683 2333 3723 eam
2361 3671 2480 3724 alia:
2513 3672 2779 3739 plurimae,
2803 3682 2859 3728 et
2887 3676 3031 3729 brevi
3064 3685 3303 3747 tempore
3332 3694 3538 3748 magnae
3564 3681 3713 3735 mul-

2119 3758 2361 3814 titudinis
2391 3769 2563 3816 mater
2588 3761 2776 3817 effecta
2803 3774 2905 3819 est.
2933 3769 3076 3830 Quas
3102 3767 3370 3822 instruens
3401 3777 3457 3823 et
3476 3770 3729 3836 docens,

2118 3859 2178 3904 ut
2210 3866 2306 3905 cor
2349 3866 2378 3903 a
2431 3852 2813 3922 cupiditatibus
2857 3858 3164 3912 carnalibus
3211 3860 3601 3924 abstraltentes,
3634 3863 3710 3917 ad

2118 3945 2355 4002 cmlestia
2386 3955 2440 3999 et
2460 3961 2709 4001 manSura
2732 3963 2946 4017 semper
2969 3951 3292 4015 attollerent,
3311 3952 3427 4017 ipsa
3449 3961 3502 4006 et
3522 3952 3713 4008 viven-

2117 4040 2186 4093 do
2214 4039 2409 4106 pariter
2434 4050 2488 4094 et
2515 4039 2782 4108 loquendo
2808 4042 2995 4096 salutis
3019 4043 3097 4096 eis
3128 4044 3318 4098 itinera
3365 4045 3712 4100 demonstra-

2118 4129 2235 4184 bat.
2267 4130 2494 4186 Sanctus
2513 4141 2689 4185 autem
2721 4131 3041 4187 Pachomius
3070 4134 3280 4188 cuidam
3330 4134 3512 4201 Petro,
3544 4146 3713 4193 aetat:

433 4219 717 4274 sollicitius
760 4220 1117 4290 admonebat,
1150 4237 1209 4282 ut
1251 4244 1358 4284 non
1404 4230 1574 4287 solum
1621 4233 1724 4302 ipsi
1770 4234 2013 4304 Origenis

2122 4220 2223 4289 iam
2265 4221 2577 4289 grandaeva,
2609 4230 2665 4276 et
2710 4223 3011 4278 veneranda
3057 4236 3333 4280 senectute
3382 4227 3707 4296 conspicuo,

433 4321 735 4365 commenta
761 4311 878 4384 (55)
911 4330 1016 4370 non
1046 4318 1316 4387 legerent,
1351 4323 1445 4376 sed
1494 4338 1669 4391 neque
1715 4324 2013 4394 legentibus

432 4401 647 4469 quidem
673 4417 858 4459 aurem
888 4408 1098 4476 penitus
1126 4410 1493 4467 admoverent.
1530 4413 1682 4470 Unde
1720 4414 1889 4469 fertur
1915 4415 2011 4469 ali-

2118 4312 2369 4379 praecepit
2395 4321 2453 4365 ut
2481 4311 2745 4366 interdum
2774 4311 3002 4367 famulas
3027 4313 3118 4368 Dei
3147 4316 3411 4380 visitaret,
3435 4328 3489 4371 et
3512 4325 3706 4371 sancta

2116 4407 2488 4462 exhortatione
2516 4408 2845 4462 sustolleret.
2880 4408 3116 4463 Habebat
3141 4411 3284 4465 enim
3314 4426 3435 4466 cum
3473 4411 3705 4466 mortifi-

432 4496 648 4563 quando
676 4500 943 4568 reperisse
969 4503 1217 4557 volume"
1244 4505 1395 4573 ejus,
1424 4515 1476 4559 οι
1505 4505 1559 4560 in
1586 4520 1751 4576 aquas
1799 4508 2011 4563 misisse
2046 4488 2093 4545 Ι)
2119 4499 2328 4552 catione
2355 4500 2658 4567 passionum
2688 4500 2956 4564 omnium,
2988 4501 3145 4555 etiam
3190 4516 3492 4556 sermonem
3520 4502 3541 4572 (
3558 4503 3708 4556 sicut

431 4586 710 4650 continuo,
741 4596 962 4643 testatus
994 4591 1079 4645 his
1124 4593 1299 4648 verbis
1351 4612 1365 4646 :
1416 4594 1526 4649 Nisi
1571 4596 1764 4650 scirem
1812 4612 2009 4653 nomen

435 4678 528 4733 Dei
582 4679 635 4732 in
691 4693 760 4735 eo
811 4695 933 4736 esse
977 4685 1379 4751 conscriptum,
1427 4702 1618 4743 omnes
1670 4690 2010 4756 garrulitates

430 4767 883 4837 blasphemiarum
938 4773 1055 4841 ejus
1100 4775 1307 4843 ignibus
1357 4791 1811 4834 concremassem.
1860 4781 2010 4836 Adeo

430 4869 591 4915 recte
623 4861 744 4916 fidei
775 4870 891 4916 erat
918 4876 1144 4933 amator,
1167 4867 1553 4936 aemulatorque
1578 4871 1834 4925 veritatis.
1864 4870 2013 4926 Sicut

430 4965 609 5011 autem
638 4957 866 5014 inimicis
896 4959 1151 5015 Ecclesiae
1178 4961 1304 5016 odio
1349 4963 1740 5018 adversabatur
1795 4964 1971 5018 hostili
1992 5003 2009 5026 ,

428 5046 502 5100 Ita
535 5047 929 5105 Catholicorum
961 5050 1288 5118 probabatur
1315 5051 1617 5120 adgaudere
1646 5050 2007 5121 profectibus,

428 5151 482 5198 et
504 5142 675 5211 ipsum
702 5143 971 5202 Christum
1002 5147 1399 5216 redemptorem
1424 5147 1683 5211 omnium,
1718 5160 1778 5202 se
1822 5147 1875 5201 in
1918 5162 2010 5202 sa-

430 5233 736 5288 cerdotibus
755 5234 871 5303 ejus
889 5238 939 5287 in
960 5235 1212 5289 Ecclesiae
1234 5236 1428 5290 throno
1452 5235 1745 5290 testabatur
1764 5250 2007 5291 cernere.

430 5323 489 5381 Si
524 5324 738 5393 quando
778 5340 907 5380 vero
940 5326 1155 5379 fratrem
1201 5325 1570 5380 detrahentem
1617 5328 1860 5396 cuiquam
1913 5343 2011 5396 pro

431 5418 670 5485 quolibet
699 5420 913 5488 negotio
936 5416 1296 5485 cognovisset,
1330 5431 1434 5470 non
1467 5417 1639 5470 solum
1674 5432 1778 5471 non
1821 5419 2010 5472 crede-

432 5507 614 5576 batei,
642 5508 735 5563 sed
767 5509 925 5562 etiam
973 5517 1219 5561 avertens
1268 5519 1327 5560 se
1374 5520 1501 5560 mox
1542 5506 1610 5560 ab
1656 5520 1743 5571 eo,
1774 5508 1935 5561 veluti
1979 5523 2008 5560 a

433 5598 572 5657 facie
624 5600 890 5668 serpentis
941 5595 1183 5652 concitus
1222 5596 1566 5664 abscedebat,
1599 5597 1728 5651 illud
1771 5598 2008 5655 Psalmo-

436 5691 618 5759 ,ξι-διιὴὶ
649 5691 958 5757 frequenter
987 5688 1265 5746 insinuans
1295 5706 1307 5744 :
1341 5687 1720 5746 Detraltentem
1763 5694 2008 5757 proximo

2117 4588 2373 4658 scriptum
2405 4588 2522 4658 est)
2551 4589 2663 4644 sale
2700 4590 2992 4651 conditum,
3022 4600 3241 4659 eratque
3286 4592 3456 4645 oculis
3498 4593 3703 4645 mentis

2116 4691 2171 4734 et
2199 4680 2441 4749 corporis
2468 4680 2621 4735 valde
2650 4682 2997 4746 castissimus,
3027 4682 3115 4748 qui
3144 4696 3513 4749 saepenumero
3534 4681 3709 4747 virgi-

2119 4772 2275 4825 nibus
2294 4769 2489 4826 Christi
2509 4769 2576 4823 de
2597 4772 2795 4824 sanctis
2815 4770 3104 4838 Scripturis
3131 4771 3445 4838 loquebatur
3470 4768 3703 4839 (Colon.

2116 4863 2214 4929 tv),
2244 4871 2300 4916 et
2330 4860 2637 4916 insinuabat
2663 4874 2723 4913 ea
2755 4875 2873 4928 quae
2905 4862 3169 4928 pertinent
3193 4861 3257 4914 ad
3303 4862 3553 4914 salutem.
3602 4860 3711 4916 Pa-

2115 4953 2362 5007 chomius
2390 4965 2519 5007 vero
2545 4951 2828 5018 descripsit
2854 4950 2933 5005 eis
2963 4950 3194 5020 regulas,
3223 4950 3414 5020 quibus
3459 4960 3701 5014 utentes,

2114 5044 2311 5113 jugiter
2351 5042 2776 5098 conversationis
2804 5056 2916 5097 sure
2944 5054 3212 5097 momenta
3241 5041 3553 5110 dirigerent.
3588 5040 3708 5094 Ex-

2118 5135 2288 5204 ceptis
2316 5134 2458 5189 enim
2484 5133 2720 5198 melotis,
2750 5148 2885 5202 quas
2908 5130 3125 5188 feminas
3147 5148 3251 5189 non
3276 5133 3496 5197 habent,
3525 5133 3711 5186 omnis

2120 5224 2469 5279 institutionis
2500 5239 2687 5278 earum
2713 5224 2884 5279 forma
2912 5226 3189 5282 monachis
3216 5226 3539 5295 probabatur
3577 5238 3709 5279 esse

2115 5315 2432 5371 consimilis.
2457 5316 2513 5370 Si
2535 5316 2653 5385 quis
2676 5323 2857 5371 autem
2882 5316 2952 5372 de
2976 5318 3226 5372 fratribus
3252 5318 3481 5373 habebat
3504 5316 3556 5371 in
3582 5331 3706 5370 mo-

2121 5392 2683 5463 nasteriofeminarum
2706 5410 3057 5479 propinquam
3080 5410 3311 5479 aliquam
3329 5414 3413 5464 vel
3432 5423 3705 5473 sororem,

2118 5515 2342 5570 eamque
2357 5501 2573 5555 visitare
2602 5500 3200 5564 voluisset,mittebatur
3226 5515 3347 5556 cum
3376 5515 3443 5556 eo
3469 5515 3607 5557 unus
3632 5516 3705 5556 ex

2117 5593 2416 5649 senioribus
2428 5593 2660 5662 probata:
2671 5595 2813 5660 vita;
2826 5602 2880 5649 et
2894 5595 3118 5663 primum
3132 5593 3343 5665 quidem
3358 5594 3568 5649 videbat
3580 5608 3704 5649 eam

2116 5700 2234 5757 qua:
2249 5685 2526 5744 sororibus
2543 5694 2801 5755 proterat;
2820 5694 2875 5740 et
2887 5683 3078 5743 deinde
3093 5686 3191 5742 sub
3211 5684 3326 5755 ejus
3342 5682 3625 5755 praesentia
3645 5691 3705 5736 et
