4016 6238
277 306 356 365 249

1002 291 1163 347 VITA
1206 291 1452 351 SANCTI
1492 292 1821 350 PACHOMII
1860 294 2153 352 ABBATIS
2188 296 2681 358 TABENNENSIS.

3383 300 3494 357 250

273 424 458 478 aliarum
483 425 591 479 qua:
620 416 771 464 erant
803 409 1150 476 provectioris
1177 411 1370 475 tetatis,
1389 425 1627 464 sororem
1648 425 1797 464 suam
1829 412 1876 467 Α
1905 417 2007 478 ret,
2036 409 2315 478 jejunabat
2336 396 2505 484 usque
2531 416 2599 470 ad
2626 430 2922 485 vesperam.
2958 415 3288 485 Frequenter
3308 425 3497 473 autem

274 514 338 567 νιιι
382 505 658 576 proximam
714 502 875 555 frater
916 515 1035 555 cum
1084 501 1230 555 omni
1287 502 1489 570 pudore
1534 513 1590 557 et
1632 507 1805 573 gratia

272 598 521 662 sanctitatis
544 596 817 660 cernebat,
847 593 974 648 nihil
999 592 1049 648 ei
1070 592 1340 661 deferens,
1370 609 1468 649 nec
1495 610 1715 663 prorsus
1740 596 1810 650 ab

272 713 320 752 ea
360 688 620 759 quidquam
658 686 945 753 accipiens.
994 684 1108 737 Non
1150 685 1293 738 enim
1344 686 1617 753 pr0prium
1678 687 1807 754 quid

276 783 502 841 habebant
527 776 664 847 quod
698 776 797 829 sibi
829 782 1014 829 mutuo
1045 775 1392 843 largirentur;
1421 788 1643 846 eratque
1679 776 1813 831 satis

274 879 503 939 utrisque.
548 870 724 923 solum
769 867 1086 922 visitatiOnis
1128 866 1400 931 officium,
1450 867 1812 935 memoriaque

274 973 525 1024 futurorum
551 976 674 1015 cum
702 976 799 1031 Spe
828 961 1094 1015 felicitatis
1115 969 1348 1013 aeternet.
1372 961 1427 1014 Si
1450 961 1664 1029 quando
1683 972 1814 1015 vero

279 1062 343 1114 vel
366 1059 420 1112 ad
447 1064 785 1119 structuram,
811 1054 893 1108 vel
917 1053 982 1108 ad
1002 1054 1158 1107 aliam
1178 1069 1291 1108 rem
1311 1054 1523 1109 feminae
1539 1054 1814 1111 monachis

274 1151 550 1219 indigerent,
585 1145 919 1214 eligebantur
964 1159 1171 1215 magna:
1217 1148 1640 1202 conversationis
1688 1147 1812 1217 viri,

274 1241 344 1311 qui
367 1237 601 1293 fratribus
629 1236 696 1290 ad
735 1237 955 1302 quzesita
1002 1245 1295 1303 praeessent
1336 1236 1543 1302 officia;
1592 1246 1646 1294 et
1690 1252 1814 1293 cum

274 1336 433 1388 timore
456 1328 657 1382 Domini
690 1328 1017 1391 laborantes,
1045 1327 1354 1383 refectionis
1384 1328 1517 1383 hora
1568 1337 1808 1383 reverte-

272 1426 434 1479 bantur
455 1420 514 1473 ad
544 1418 959 1484 monasterium,
983 1428 1235 1475 caventes
1255 1419 1392 1489 apud
1415 1435 1509 1475 eas
1529 1419 1815 1490 quidquam

273 1513 355 1568 cibi
382 1520 628 1579 potusque
656 1510 953 1577 percipere.

332 1606 427 1660 lina
455 1617 577 1657 vero
625 1602 806 1670 regula
855 1610 960 1655 tam
1010 1602 1243 1656 virorum
1290 1616 1450 1671 quam
1500 1601 1817 1657 feminarum

273 1696 497 1763 hodieque
532 1693 809 1761 perdurat,
844 1692 943 1746 nisi
1004 1694 1146 1762 quod
1198 1692 1407 1746 feminae
1456 1694 1669 1747 melotis
1718 1693 1818 1761 (ut

1918 515 1973 558 et
2002 504 2227 559 biduana
2245 506 2446 576 jejunia
2477 510 2819 578 transigebat,
2849 523 2941 575 per
2966 508 3100 562 duos
3122 523 3289 563 annos
3310 510 3497 563 omni-

1914 594 2014 648 bus
2040 597 2291 665 pretiosis
2321 606 2375 653 et
2402 598 2801 654 delicatioribus
2841 598 2976 652 cibis
3001 598 3298 665 abstinens,
3329 614 3495 663 seque

1913 685 1979 738 ad
2012 685 2302 755 perfectam
2334 690 2741 754 continentiam,
2770 697 3026 758 quantum
3054 699 3183 744 tetas
3213 689 3301 742 illa
3336 691 3503 756 patie-

1916 775 2069 829 batur
2094 777 2410 832 extendens.
2439 777 2615 849 Ctepit
2646 781 2823 849 itaque
2846 795 3029 834 secum
3079 788 3306 833 tractare
3328 820 3343 843 ,
3369 792 3503 847 qua-

1916 874 2069 920 tenus
2097 870 2482 923 monasterium
2512 881 2810 938 expeteret,
2841 880 3149 938 sanctaaque
3200 883 3260 923 se
3308 868 3505 937 regulae

1916 957 2265 1026 manciparct.
2297 960 2363 1015 Et
2386 961 2642 1015 deserens
2670 962 2845 1015 omnia
2897 976 3015 1030 qua)
3048 961 3308 1024 habebat,
3338 975 3503 1028 quos-

1917 1044 2039 1099 dam
2105 1047 2386 1118 religinsos
2449 1049 2593 1105 viros
2640 1052 2873 1118 reperit,
2925 1050 3124 1117 optima
3174 1048 3507 1103 institutione

1918 1141 2194 1206 viventes;
2222 1143 2583 1212 habitavitque
2627 1160 2750 1200 cum
2796 1147 2894 1209 eis,
2948 1144 3000 1198 in
3053 1142 3262 1197 Domini
3311 1143 3507 1197 timore

1920 1233 2228 1299 proficiens.

1991 1332 2115 1386 CAP.
2152 1332 2322 1388 XXX.
2352 1364 2422 1374 -—
2441 1334 2679 1401 Quodam
2701 1351 2827 1391 vero
2859 1345 3099 1403 tempore
3123 1379 3137 1398 ,
3168 1336 3395 1407 contigit
3441 1343 3500 1389 ut

1921 1433 2044 1492 post
2068 1424 2365 1479 orationem
2404 1426 2787 1495 vespertinam,
2837 1441 2959 1480 cum
3006 1426 3250 1480 monachi
3279 1425 3509 1481 resedis-

1922 1527 2058 1582 sent,
2088 1526 2141 1572 et
2166 1517 2347 1571 divina
2377 1527 2634 1573 consuete
2666 1518 3052 1574 meditarentur
3077 1518 3285 1587 eloquia
3311 1560 3325 1583 ,
3369 1531 3509 1571 unus

1920 1620 1991 1662 ex
2019 1607 2098 1662 eis
2129 1607 2425 1677 disputans,
2454 1609 2701 1663 audiente
2726 1624 2936 1678 quoque
2964 1607 3266 1671 Theodoro,
3326 1608 3509 1664 taber-

1924 1699 2171 1754 naculum
2201 1701 2398 1754 veteris
2448 1699 2773 1754 Testamenti
2801 1707 2856 1754 et
2901 1708 3082 1753 sancta
3113 1709 3417 1753 sanctorum
3442 1700 3509 1753 ad

272 1784 502 1854 diximus)
529 1784 749 1837 minime
779 1794 997 1836 utuntur
1026 1784 1045 1854 (
1073 1782 1285 1837 Pallad.
1313 1800 1358 1836 c.
1389 1784 1456 1839 39
1479 1782 1518 1853 ).
1564 1785 1717 1852 Quod
1770 1785 1818 1841 si
1850 1767 1897 1826 Β
1925 1805 2094 1844 novos
2123 1789 2347 1845 referret
2387 1791 2646 1860 populos,
2701 1792 2767 1846 ad
2815 1790 3272 1846 circumcisionem
3305 1791 3511 1845 scilicet

274 1879 483 1932 ιίρῐιιηειει
508 1884 654 1929 esset
696 1877 866 1945 virgo,
910 1885 1160 1930 curantes
1205 1875 1365 1930 funus
1405 1875 1522 1944 ejus
1570 1876 1819 1944 reliquze,

273 1981 532 2035 cunctaque
554 1981 677 2034 quae
704 1967 769 2019 ad
796 1966 1121 2035 sepulturam
1150 1968 1418 2035 pertinent
1441 1966 1818 2035 adimplentes,

272 2058 544 2112 deferebant
576 2072 745 2125 usque
771 2056 838 2109 ad
887 2058 1055 2124 ripam
1101 2056 1355 2122 fluminis,
1408 2058 1547 2127 quod
1598 2068 1823 2125 utraque

274 2150 569 2205 monasteria
594 2149 811 2216 dividit,
844 2150 1077 2219 psalmos
1107 2166 1170 2203 ex
1198 2164 1348 2204 more
1366 2158 1642 2204 canentes.
1671 2150 1823 2203 Tunc

274 2250 583 2297 transeuntes
610 2241 849 2297 monachi
879 2258 1002 2298 cum
1033 2242 1196 2295 ramis
1225 2242 1517 2309 palmarum
1560 2249 1616 2295 et
1658 2241 1823 2295 oliva-

268 2348 378 2388 rum
407 2333 687 2401 frondibus,
720 2333 1013 2401 psallentes
1043 2332 1459 2397 transvehebant
1501 2345 1645 2399 eam,
1667 2340 1723 2387 et
1767 2333 1821 2386 in

266 2425 496 2493 sepulcris
513 2425 627 2479 suis
654 2440 775 2479 cum
807 2422 1074 2479 hilaritate
1101 2423 1421 2478 condebant.

322 2518 436 2571 Car.
456 2515 650 2573 XXIX.
677 2547 749 2558 —
779 2517 903 2572 llaec
918 2518 1037 2572 talis
1063 2533 1125 2572 ac
1148 2526 1288 2571 tanta
1312 2516 1646 2571 conversatio
1668 2516 1823 2583 longe

266 2611 449 2677 lateque
503 2615 903 2678 crebrescens,
956 2610 1233 2679 sanctique
1291 2611 1560 2664 Paehomii
1628 2623 1821 2662 nomen

264 2702 432 2770 ubique
475 2703 833 2769 perveniens,
877 2703 1152 2756 universos
1196 2702 1263 2756 ad
1295 2701 1529 2768 agendas
1559 2700 1670 2754 Deo
1699 2715 1823 2769 gra-

265 2794 351 2846 tias
369 2793 652 2849 excitabat.
672 2794 790 2849 Non
822 2795 973 2863 pauci
1000 2808 1211 2861 quoque
1238 2801 1644 2846 contemnentes
1668 2790 1825 2858 hujus

259 2884 419 2938 mundi
443 2884 684 2953 negotia,
701 2884 1022 2954 singularem
1042 2884 1424 2937 monachorum
1456 2882 1825 2936 conversatio-

258 2976 697 3045 nemetspiritalia
719 2975 893 3031 studia
909 2975 1225 3044 diligebant:
1249 2975 1388 3028 inter
1415 2988 1553 3043 quos
1580 2984 1633 3028 et
1658 2973 1826 3027 Theo-

256 3067 401 3120 dorus
421 3065 566 3135 (5d),
586 3066 897 3120 adolescens
919 3079 1179 3118 annorum
1195 3064 1361 3119 ferme
1377 3079 1489 3129 xw,
1505 3062 1825 3117 Christianis

1922 1887 2081 1949 atque
2110 1881 2448 1948 praeputium,
2479 1880 2661 1935 dzcens
2686 1880 2829 1950 quad
2852 1881 3083 1934 exterius
3114 1880 3510 1934 tabernaculum

1926 1970 2144 2038 ﬁguram
2170 1980 2381 2039 gereret
2429 1971 2629 2040 prioris
2677 1970 2858 2040 populi
2914 1970 3241 2039 Juda-orum,
3286 1971 3513 2025 interius

1924 2072 2126 2126 autem,
2157 2062 2297 2130 quod
2323 2071 2407 2115 est
2440 2073 2622 2115 sancta
2652 2073 2983 2127 sanctorum,
3016 2063 3348 2116 vocationem
3375 2076 3513 2131 prae-

1926 2152 2162 2221 signaret
2194 2153 2430 2207 omnium
2462 2154 2719 2222 gentium,
2776 2169 2895 2223 quae
2921 2162 2975 2209 et
3001 2155 3306 2209 sacratioris
3334 2154 3513 2210 aditus

1926 2245 2209 2300 meruisset
2232 2259 2530 2311 accessum,
2559 2254 2615 2301 et
2642 2245 2900 2315 majorum
2940 2246 3317 2317 mysteriorum
3347 2246 3514 2313 parti-

1925 2352 2052 2407 ceps
2074 2338 2387 2392 exstitisset.
2435 2338 2537 2392 Pro
2561 2338 2749 2392 hostiis
2777 2339 2919 2392 enim
2946 2336 3277 2406 animalium,
3328 2348 3381 2392 et
3414 2353 3515 2406 pro

1926 2442 2048 2482 arca
2078 2428 2129 2481 in
2160 2441 2262 2495 qua
2285 2437 2401 2481 erat
2424 2442 2635 2490 manna,
2661 2434 2718 2481 et
2739 2426 2881 2496 virga
2912 2430 3089 2482 Aaron
3110 2438 3229 2496 quze
3260 2425 3514 2480 frondue-

1927 2526 2029 2582 rat,
2059 2524 2114 2572 et
2151 2516 2344 2570 tabulae
2390 2518 2716 2582 testamenti,
2758 2532 2855 2585 pro
2915 2518 3188 2572 thuribnlo
3216 2532 3430 2587 quoque
3459 2527 3513 2572 et

1928 2622 2109 2663 mensa
2136 2616 2191 2663 et
2231 2606 2554 2661 candelabro
2582 2622 2645 2662 ac
2689 2606 3087 2678 propitiatorio,
3117 2611 3257 2667 Deus
3273 2612 3505 2666 Verbum

1930 2698 2087 2754 nobis
2117 2700 2169 2753 in
2200 2714 2293 2752 sua
2325 2700 2689 2755 incarnatione
2717 2701 3013 2755 clementer
3031 2701 3275 2768 apparuit
3300 2741 3315 2765 ,
3363 2710 3416 2754 et
3447 2700 3514 2753 il-

1930 2790 2209 2844 luminavit
2236 2805 2335 2845 nos
2360 2789 2559 2845 lumine
2586 2805 2698 2845 suae
2723 2791 3053 2860 praesentiae;
3099 2800 3511 2861 nostrorumque

1928 2878 2103 2934 factus
2126 2888 2208 2935 est
2236 2880 2541 2949 propitiatio
2571 2890 2931 2949 peccatorum,
2965 2893 3019 2937 et
3051 2897 3146 2949 pro
3176 2897 3369 2935 manna
3391 2897 3512 2934 cor-

1932 2986 2028 3039 pus
2053 2972 2322 3039 prapriutn
2348 2972 2571 3042 largitus
2597 2980 2681 3028 est
2702 2973 2768 3027 ad
2792 2973 3078 3029 edendum.
3104 2974 3230 3028 Haec
3249 2990 3366 3027 cum
3400 2990 3515 3028 mo-

1933 3063 2121 3118 nachis
2148 3064 2239 3132 qui
2268 3075 2558 3133 praesentes
2598 3067 2841 3135 aderant,
2892 3069 3031 3121 idem
3061 3070 3222 3122 frater
3265 3068 3515 3135 religiose

256 3168 382 3213 ortus
402 3158 741 3227 parentibus.
772 3166 827 3212 et
854 3157 1144 3212 secundum
1176 3157 1431 3209 saeculum
1465 3154 1618 3209 valde
1639 3154 1817 3219 claris,
1847 3143 1897 3207 C
1927 3155 2243 3219 dissereret,
2265 3154 2469 3209 addidit
2496 3156 2681 3210 dicens
2713 3172 2726 3208 :
2781 3156 2928 3210 lianc
2958 3158 3447 3226 interpretationem
3484 3172 3514 3210 a

256 3247 346 3303 hoc
373 3250 525 3305 modo
556 3265 855 3304 conversus
884 3256 988 3303 est.
1019 3247 1314 3301 Undecimo
1342 3246 1429 3299 die
1454 3246 1653 3298 mensis
1678 3244 1820 3308 Tibi,

254 3338 297 3392 id
321 3351 427 3406 est,
456 3353 662 3396 octavo
690 3339 768 3395 Id.
796 3339 916 3395 Jan.
954 3338 1340 3408 (55).qutedam
1368 3337 1507 3406 apud
1532 3336 1823 3407 IEgyptum

254 3430 530 3485 celebratur
567 3446 634 3486 ex
662 3445 812 3484 more
836 3430 1113 3485 festivitas.
1140 3428 1382 3483 Cernens
1406 3430 1585 3498 itaque
1606 3430 1823 3482 domum

252 3536 381 3577 suam
412 3524 580 3577 nimis
606 3523 839 3591 amplam
869 3538 934 3577 ac
961 3519 1321 3589 splendidam,
1356 3536 1420 3573 ac
1458 3519 1614 3573 bonis
1650 3520 1825 3572 omni-

253 3613 337 3667 bus
361 3614 755 3677 abundantem,
780 3628 875 3681 per
898 3612 988 3666 Dei
1012 3613 1237 3681 gratiam
1265 3611 1428 3665 corde
1448 3622 1824 3677 compunctus,

251 3707 357 3760 talia
401 3722 597 3762 secum
643 3708 809 3776 coepit
848 3707 1069 3760 volvere
1101 3723 1115 3758 :
1148 3704 1284 3771 Quid
1330 3704 1421 3757 tibi
1457 3703 1717 3769 proderit,
1748 3702 1829 3755 in-

252 3800 361 3854 felix
400 3801 718 3863 Theodore,
770 3799 815 3853 si
864 3808 1033 3852 tntum
1085 3798 1341 3849 mundutn
1390 3795 1625 3849 lucratus
1670 3794 1829 3848 fueris

250 3893 449 3960 (Matth.
505 3891 655 3956 xw),
712 3899 769 3945 et
822 3888 1201 3955 temporalibus
1247 3899 1403 3940 utens
1450 3898 1830 3953 usquequaque

251 3980 457 4044 deliciis,
481 3980 557 4034 ab
590 3979 697 4033 illis
724 3977 941 4031 aeternis
967 3977 1121 4029 bouis
1148 3983 1201 4028 et
1229 3974 1621 4028 immortalibus
1647 3973 1831 4027 exclu-

247 4072 415 4126 daris?
461 4071 661 4125 Nullus
702 4069 846 4124 enim
905 4077 1081 4135 potest
1128 4078 1182 4121 et
1228 4064 1580 4134 praesentibus
1624 4065 1832 4118 deliciis

249 4164 456 4229 perfrui,
484 4172 540 4219 et
572 4161 826 4230 perennis
856 4160 1041 4227 gloriae
1070 4157 1282 4226 prtemia
1318 4156 1636 4223 promereri.
1659 4155 1833 4222 Super

247 4254 320 4307 his
346 4270 477 4324 ergo
509 4254 723 4308 fortiter
753 4252 1110 4320 ingemiscens
1130 4290 1146 4315 ,
1177 4248 1469 4317 penetralia
1501 4262 1612 4301 suae
1641 4247 1833 4301 domus

249 4343 515 4411 ingressus
546 4354 631 4398 est
658 4363 672 4408 ;
703 4353 757 4397 et
784 4343 1066 4411 procidens
1099 4324 1148 4394 in
1182 4341 1370 4394 faciem
1403 4354 1578 4404 suam,
1608 4354 1728 4394 cum
1759 4340 1833 4393 la-

246 4436 437 4503 crymis
488 4437 617 4488 ait:
670 4435 1024 4500 Omnipotens
1071 4433 1231 4494 Deus,
1263 4433 1351 4499 qui
1400 4436 1725 4484 occultorum
1775 4446 1833 4483 es

1928 3252 2116 3300 sancto
2139 3256 2288 3314 patre
2318 3255 2503 3301 nostro
2526 3246 2814 3302 Pachomio
2847 3249 3031 3313 didici,
3077 3250 3165 3318 qui
3210 3251 3260 3303 in
3304 3249 3517 3303 Taben-

1930 3337 2082 3393 nensi
2131 3339 2461 3393 monasterio
2502 3340 2793 3395 monachos
2835 3340 3084 3411 primitus
3127 3342 3515 3410 congregavit,

1929 3447 2049 3487 cum
2079 3431 2270 3501 quibus
2300 3433 2350 3485 in
2395 3432 2511 3486 dies
2559 3432 2782 3487 Domino
2826 3435 3139 3499 auxiliante,
3180 3435 3402 3503 profeci.
3454 3434 3520 3490 Et

1931 3523 2092 3577 credo
2117 3563 2134 3589 ,
2185 3522 2309 3590 quia
2337 3523 2469 3576 tanti
2492 3523 2592 3576 viri
2625 3524 2937 3578 recordatus
2964 3540 3082 3577 sum
3125 3525 3265 3594 (36),
3302 3517 3517 3592 peccata

1932 3629 2051 3668 mea
2079 3614 2420 3668 remittentur
2446 3615 2715 3670 universa.
2776 3616 3014 3670 Audiens
3046 3617 3144 3668 ista
3181 3617 3518 3681 Theodorus,

1932 3718 2192 3758 accensus
2221 3712 2305 3758 est
2329 3705 2532 3769 animo,
2577 3713 2633 3759 et
2681 3704 2819 3759 intra
2871 3707 3219 3773 semetipsum
3275 3717 3521 3774 precatus

1932 3808 2036 3862 est,
2065 3795 2250 3851 dicens
2286 3813 2296 3847 :
2325 3796 2549 3851 Domine
2580 3796 2741 3859 Deus,
2783 3797 2826 3850 si
2859 3796 2980 3850 talis
3026 3806 3110 3852 est
3139 3798 3222 3849 vir
3263 3798 3439 3866 justus
3470 3799 3521 3851 in

1936 3887 2114 3951 terris,
2142 3886 2360 3954 dignum
2390 3902 2477 3940 me
2508 3888 2612 3951 fac,
2663 3897 2721 3941 ut
2760 3902 2881 3942 eum
2923 3888 3153 3953 videam,
3205 3898 3258 3942 et
3294 3902 3526 3956 sequens

1934 3976 2157 4043 vestigia
2205 3975 2363 4042 ejus,
2419 3975 2665 4029 universa
2702 3975 2949 4029 mandata
2990 3976 3297 4046 perﬁciam;
3345 3978 3525 4030 salvus

1934 4079 2148 4135 quoque
2173 4065 2380 4127 factus,
2414 4065 2550 4117 bona
2597 4074 2721 4130 tua,
2763 4082 2882 4134 qua:
2934 4068 3275 4134 diligentibus
3321 4078 3371 4121 te
3402 4083 3527 4135 pro-

1936 4156 2167 4218 misisti,
2217 4170 2543 4224 promerear.
2583 4155 2707 4210 llme
2739 4156 2921 4212 dicens
2952 4175 3072 4213 cum
3100 4160 3382 4231 lacryutis,
3411 4163 3528 4214 vin-

1937 4249 2158 4302 cebatur
2181 4260 2366 4300 amore
2391 4244 2571 4300 divino
2594 4247 2803 4303 fortiter
2829 4250 3117 4305 sauciatus.
3164 4252 3289 4305 Post
3325 4253 3529 4322 aliquot

1937 4350 2114 4391 autem
2170 4338 2284 4392 dies
2333 4337 2479 4391 venit
2526 4338 2591 4391 ad
2647 4353 2742 4393 eos
2782 4341 2994 4409 quidam
3050 4344 3372 4396 venerabilis
3403 4345 3522 4408 vir,

1940 4429 2197 4503 Pecusins
2239 4430 2453 4482 nomine
2473 4473 2487 4494 ,
2515 4429 2750 4495 longaeva
2803 4442 3081 4485 senectute
3109 4433 3396 4488 decoratus
3422 4475 3436 4497 ,
3473 4423 3530 4488 ut

247 4524 505 4592 cognitor,
540 4534 599 4579 tu
624 4524 731 4578 scis
760 4525 881 4591 quia
915 4522 1044 4576 nihil
1076 4522 1265 4574 horum
1307 4537 1426 4590 quae
1456 4530 1579 4574 sunt
1629 4522 1681 4574 in
1734 4522 1833 4577 hoc
1868 4512 1917 4570 D
1946 4518 2427 4581 visitaretfratres,
2459 4519 2722 4586 simulque
2745 4524 2972 4588 qualiter
2995 4525 3367 4590 agerentscire
3388 4523 3530 4577 desi-

245 4616 460 4677 saeculo,
491 4614 671 4668 amori
701 4624 793 4667 tuo
824 4627 1096 4691 praepono.
1150 4612 1372 4681 Pr0pter
1418 4615 1559 4680 quod
1607 4614 1835 4668 obsecro

246 4706 658 4771 temisericors,
689 4715 748 4759 ut
774 4705 828 4759 in
858 4705 1131 4760 voluntate
1161 4712 1250 4757 tua
1277 4719 1361 4759 me
1388 4705 1607 4774 dirigas,
1640 4706 1832 4759 illumio

246 4810 375 4859 uans
396 4800 641 4853 animam
672 4813 845 4852 meam
877 4798 1157 4862 miseram,
1191 4812 1259 4851 ne
1284 4797 1337 4851 in
1389 4807 1604 4851 aeterna:
1649 4801 1837 4851 mortis

241 4891 632 4946 eontenebrata
665 4890 895 4959 peccatis
920 4889 1255 4954 obdormiat,
1287 4890 1378 4943 sed
1420 4890 1693 4958 redempta
1747 4902 1839 4944 tuo

244 4995 499 5048 munere,
532 4996 624 5050 per
648 4982 825 5035 omnia
855 4990 906 5036 te
931 4980 1193 5037 collattdel
1222 4989 1380 5050 atque
1400 4982 1681 5049 glorificet.
1712 4982 1838 5035 Haec

242 5087 307 5125 eo
333 5081 539 5126 orante
560 5114 574 5137 ,
605 5071 749 5125 venit
777 5080 949 5125 mater
978 5072 1140 5136 illius,
1173 5079 1228 5124 et
1275 5070 1473 5125 invenit
1506 5073 1694 5126 oculos
1724 5070 1841 5139 ejus

240 5165 436 5230 plenos
468 5161 742 5232 lacrymis,
771 5172 823 5217 et
853 5162 927 5217 ait
958 5180 969 5215 :
1000 5162 1129 5227 Quis
1156 5171 1207 5216 te
1235 5163 1567 5217 contristavit
1590 5204 1603 5226 ,
1638 5165 1841 5216 charis-

237 5255 377 5308 sime
413 5257 522 5319 lili,
551 5266 608 5309 ut
633 5254 990 5324 sequestreris
1019 5269 1048 5306 a
1097 5253 1289 5306 nobis?
1335 5254 1467 5306 Nam
1517 5253 1729 5307 solliciti
1780 5271 1841 5308 ac

240 5344 506 5400 dolentes
535 5347 727 5416 ubique
758 5356 812 5401 te
834 5346 1228 5415 quaerebamus,
1260 5354 1321 5398 ut
1342 5347 1617 5401 nobiscum
1642 5348 1843 5415 pariter

238 5436 577 5502 epulareris.
607 5437 706 5502 Qui
738 5437 1015 5506 respondit
1048 5455 1063 5490 :
1101 5436 1267 5508 Perge
1287 5481 1301 5503 ,
1333 5453 1537 5506 quaeso,
1570 5450 1761 5506 mater,
1790 5451 1845 5494 et

239 5524 431 5577 cibum
468 5540 646 5590 sume,
673 5528 794 5597 quia
823 5542 923 5595 ego
953 5543 1094 5581 nunc
1123 5526 1445 5581 manducare
1468 5542 1572 5580 non
1603 5542 1838 5594 possum.

239 5616 357 5670 Nec
388 5618 671 5686 acquievit
700 5622 944 5689 precibus
974 5622 1110 5688 ejus,
1145 5630 1200 5673 ut
1241 5634 1361 5673 cum
1403 5634 1463 5674 ea
1516 5620 1841 5675 comederet.

252 5713 425 5783 135
460 5712 534 5768 Et
560 5729 679 5769 cum
704 5714 769 5769 ad
791 5714 1025 5771 scholam
1052 5713 1350 5770 ambularet
1372 5722 1427 5769 ut
1448 5712 1650 5771 litteras
1674 5715 1844 5773 disce-

1944 4613 2163 4667 derans.
2211 4610 2377 4677 Quem
2422 4613 2578 4665 valde
2629 4612 2945 4667 Theodorus
2995 4614 3353 4682 precabatur,
3394 4624 3451 4667 ut
3471 4630 3530 4667 se

1944 4706 2194 4757 comitem
2226 4708 2554 4773 susciperet,
2589 4712 2643 4757 et
2672 4704 2737 4756 ad
2770 4715 3013 4757 sanctum
3044 4703 3386 4757 Pachomium
3411 4718 3531 4773 per-

1946 4797 2144 4849 ducere
2188 4778 2515 4865 dignaretur.
2561 4795 2664 4860 Qui
2697 4796 2828 4849 nihil
2855 4796 3143 4860 differens,
3187 4811 3306 4849 eum
3348 4810 3531 4850 secum

1947 4896 2223 4954 gratanter
2247 4888 2553 4955 assumpsit.
2577 4887 2815 4956 Cumque
2841 4887 3207 4955 pervenissent
3241 4884 3307 4938 ad
3329 4886 3529 4953 locum,

1954 4977 2267 5031 Theodorus
2296 4977 2535 5051 adoravit
2565 4977 2870 5043 Dominum,
2915 4977 3099 5030 dicens
3142 4994 3156 5030 :
3208 4977 3531 5034 Benedictus

1947 5082 2027 5132 es,
2062 5068 2304 5131 Domine,
2345 5069 2433 5136 qui
2467 5068 2545 5122 sic
2581 5069 2833 5121 celeriter
2882 5068 3180 5122 orationem
3230 5073 3534 5139 peccatoris

1947 5161 2176 5224 audisti;
2199 5171 2252 5215 et
2280 5161 2417 5215 sicut
2437 5160 2531 5214 abs
2556 5170 2605 5215 te
2630 5175 2996 5230 p0posceram,
3016 5161 3338 5217 desiderium
3355 5180 3533 5219 meum

1947 5251 2219 5319 complere
2246 5251 2495 5319 dignatus
2523 5266 2602 5305 es.
2636 5253 2911 5306 Accedens
2942 5267 3070 5323 ergo
3090 5253 3154 5307 ad
3187 5255 3383 5309 ostium
3411 5272 3529 5310 tuo-

1948 5343 2187 5407 nasterii,
2217 5357 2337 5395 mox
2371 5351 2429 5395 ut
2457 5343 2586 5395 vidit
2610 5343 2974 5413 Pachomium,
3033 5346 3196 5415 cepit
3243 5346 3375 5402 ﬂere
3426 5364 3536 5415 prte

1947 5432 2160 5502 gaudio.
2194 5432 2269 5485 Ad
2302 5448 2459 5498 quem
2489 5434 2813 5490 venerabilis
2836 5446 2985 5506 pater
3010 5438 3084 5490 ait
3116 5455 3128 5489 :
3156 5438 3296 5505 Noli,
3329 5440 3401 5492 fili
3430 5441 3525 5501 mi,

1949 5526 2224 5592 plangere,
2248 5522 2368 5590 quia
2410 5533 2466 5578 et
2493 5540 2592 5593 ego
2622 5527 2781 5581 homo
2808 5539 3056 5595 peccator
3087 5544 3204 5582 sum
3226 5568 3241 5591 ,
3287 5529 3410 5582 licet
3438 5527 3526 5577 Dei

1947 5628 2082 5683 Opus
2103 5626 2384 5682 aggressus
2408 5612 2509 5665 sim
2532 5630 2544 5665 :
2564 5622 2619 5669 et
2640 5616 2753 5670 haec
2772 5618 2979 5684 dicens,
3011 5617 3306 5671 introduxit
3328 5632 3448 5671 eum
3481 5617 3533 5666 in

1949 5706 2354 5764 monasterium.
2406 5707 2505 5771 Qui
2540 5722 2661 5762 cum
2689 5708 2907 5765 fratrum
2932 5710 3326 5766 multitudinem
3363 5704 3534 5761 vidis-
