4016 6274
418 322 516 377 251

1444 317 1532 375 DE
1572 315 1751 373 VITIS
1792 314 2073 371 PATRUM
2113 312 2313 367 LIBER
2354 311 2625 368 PRIMUS.

3562 323 3670 380 239.

418 446 517 499 set,
546 434 871 491 illuminatus
902 441 1102 500 mente,
1126 435 1265 489 circa
1289 434 1521 489 divinum
1538 435 1735 489 cultum
1767 435 1853 499 pio
1876 434 1991 487 zelo
2023 431 2067 487 A
2098 445 2207 483 rem
2233 445 2329 499 pro
2352 431 2565 483 nomine
2585 427 2802 493 Christi,
2837 444 2940 482 non
2986 444 3082 497 pro
3129 447 3260 486 vana
3312 435 3467 489 laude
3494 450 3673 495 custo-

419 529 764 581 vehementer
785 524 1027 592 incaluit,
1058 541 1120 581 ac
1138 542 1393 596 processu
1426 529 1680 595 temporis
1703 542 1888 593 magna
1935 526 1990 578 in

422 617 713 670 virtutibus
743 616 1069 670 incrementa
1106 618 1364 682 percepit.
1401 619 1525 670 Erat
1564 618 1705 671 enim
1748 616 1993 682 largitate

418 711 585 763 divini
614 709 847 763 muneris
870 710 1144 777 praeditus.
1166 719 1218 762 et
1239 711 1291 763 in
1320 711 1575 777 operibus
1608 712 1757 764 bonis
1785 725 1847 764 ac
1876 727 1994 764 ver-

421 802 502 855 bis
524 803 745 854 multum
783 802 1047 865 prudens;
1079 809 1134 856 et
1162 802 1456 856 humilitate
1487 812 1645 869 atque
1672 803 1994 856 contritione

419 893 594 946 cordis
621 892 775 944 valde
806 891 1082 952 mirabilis,
1133 892 1184 944 in
1204 891 1419 958 jejuniis
1442 891 1681 955 sedulus,
1725 892 1777 944 in
1803 893 1995 955 vigiliis

418 983 693 1048 intentus,
744 982 796 1034 in
846 982 1085 1035 oratione
1121 982 1416 1046 sollicitus,
1468 996 1735 1050 nunquam
1783 983 1996 1049 penitus

417 1074 692 1137 omittens,
723 1088 828 1141 quo
868 1072 1042 1125 minus
1076 1070 1329 1139 spiritalis
1360 1072 1547 1142 gratia:
1574 1070 1772 1139 majora
1804 1086 1993 1123 mune-

420 1179 477 1215 ra
506 1172 819 1218 sectaretur.
862 1162 1251 1216 Consolabatur
1272 1171 1447 1216 autem
1475 1162 1735 1229 plurimos
1762 1177 1996 1215 maerore

417 1255 733 1323 depressos;
784 1264 838 1308 et
879 1270 971 1309 eos
1013 1256 1103 1323 qui
1143 1255 1319 1322 aliquo
1366 1266 1585 1322 peccato
1629 1255 1993 1319 deviaverant,

325 1371 335 1379 ο
417 1347 777 1400 admonitione
809 1345 993 1398 humili
1024 1355 1180 1410 atque
1200 1345 1451 1400 benevola
1483 1345 1798 1412 corrigebat.

489 1437 618 1490 Car.
654 1436 848 1489 XXXI.
879 1466 949 1475 —
980 1437 1215 1503 Denique
1246 1446 1350 1489 tam
1372 1437 1676 1502 praeclaram
1705 1451 1766 1489 ac
1794 1435 1998 1505 fulgen-

419 1536 524 1578 tem
555 1526 1019 1581 conversationem
1044 1526 1163 1595 ejus
1206 1526 1521 1581 Pachomius
1564 1540 1794 1580 cernens
1817 1566 1831 1586 ,
1866 1526 1997 1579 satis

417 1636 538 1673 eum
560 1619 767 1685 dilexit,
795 1628 851 1672 et
880 1621 930 1673 in
963 1619 1124 1673 corde
1163 1634 1260 1672 suo
1287 1619 1575 1673 conseruit.
1631 1618 1867 1671 Audiens
1903 1632 1997 1669 au-

416 1718 522 1761 tem
548 1717 717 1762 mater
746 1708 863 1777 ejus
892 1707 1031 1776 quod
1071 1709 1209 1773 apud
1260 1708 1476 1763 beatum
1509 1707 1849 1761 Pachomium
1884 1722 1998 1759 mo-

2098 523 2271 588 dinnt,
2309 523 2564 591 plurimas
2593 522 2833 576 utilitatis
2862 537 3020 577 causa
3047 525 3273 580 virtutes
3293 530 3501 584 caeteris
3523 533 3674 585 adhi-

2098 614 2248 679 bere,
2306 614 2432 667 lieet
2472 612 2752 666 videantur
2798 612 2862 666 ad
2918 612 3079 667 breve
3122 622 3331 684 tempus
3387 621 3675 675 nonnullos

2099 704 2387 758 offendere.

2168 796 2293 850 Cap.
2326 794 2784 863 XXXII.-——Igitur
2804 794 2939 849 sicut
2966 796 3125 867 hujus
3153 798 3386 853 studium
3417 803 3481 853 ad
3511 818 3675 856 aemu-

2098 887 2349 941 lationem
2376 902 2560 940 eorum
2593 887 2681 955 qui
2706 886 2925 939 meliora
2954 890 3174 956 cupiunt
3203 889 3397 943 imitari
3450 876 3675 958 protuli-

2099 992 2240 1044 mus,
2303 978 2373 1030 ita
2418 976 2761 1045 negligentias
2800 976 3097 1045 aliquorum
3149 978 3352 1047 justum
3399 984 3674 1038 credimus

2100 1066 2355 1131 intimari,
2409 1065 2475 1119 ad
2506 1066 2765 1120 cautelam
2806 1080 2993 1120 eorum
3038 1083 3126 1137 qui
3153 1069 3252 1123 iata
3280 1070 3467 1124 lecturi
3524 1082 3673 1127 sunt.

2098 1154 2322 1220 Quidam
2363 1154 2607 1207 monachi
2631 1153 2924 1207 secundum
2950 1170 3162 1209 carnem
3189 1157 3428 1213 viventes
3449 1160 3673 1231 (Coloss.

2098 1248 2203 1312 tn),
2240 1261 2337 1299 nec
2366 1256 2597 1301 veterem
2626 1246 2890 1298 hominem
2910 1257 3158 1303 curantes
3184 1264 3403 1314 exuere,
3432 1263 3676 1306 sanctum

2101 1336 2441 1389 Pai-homium
2492 1336 2699 1391 fortiter
2747 1336 3080 1405 amigehant;
3152 1339 3458 1409 frequenter
3497 1344 3676 1413 itaque

2099 1427 2425 1480 salutaribus
2471 1440 2566 1480 eos
2614 1425 2829 1480 monitis
2859 1427 3173 1497 alloquens,
3213 1431 3414 1484 nullum
3467 1436 3679 1501 penitus

2099 1518 2391 1585 profectum
2417 1532 2601 1570 eorum
2642 1517 2924 1571 sentiebat.
2979 1518 3126 1573 Unde
3167 1519 3337 1575 tristis
3381 1532 3435 1577 et
3460 1525 3675 1590 anxius,

2101 1608 2328 1661 Domino
2356 1622 2451 1674 pro
2475 1608 2556 1661 eis
2586 1607 2921 1671 supplicabat
2943 1610 3261 1678 impensius,
3301 1613 3481 1667 dicens
3509 1632 3523 1667 :
3578 1615 3677 1668 Do-

2099 1699 2328 1751 tninator
2357 1699 2600 1763 Domine,
2652 1707 2704 1750 tu
2734 1700 3033 1766 praecepisti
3065 1701 3217 1755 nobis
3246 1702 3465 1771 diligere
3493 1706 3679 1773 proxi-

418 1806 648 1861 raretur,
692 1798 757 1850 ad
802 1812 921 1851 eum
954 1798 1195 1865 protinus
1242 1798 1474 1859 advolat,
1528 1812 1708 1851 secum
1741 1796 1988 1850 deferens
2022 1792 2062 1850 B
2098 1806 2210 1843 mos
2232 1799 2291 1842 ut
2317 1805 2413 1843 nos
2441 1791 2583 1857 ipsos
2626 1788 2806 1857 (Levii.
2839 1806 2956 1853 XIX;
2989 1791 3178 1844 ΜαιιΙιο
3212 1795 3347 1863 th).
3374 1796 3503 1860 Quia
3547 1811 3679 1866 ergo

416 1890 786 1956 episcoporum
817 1889 1033 1953 scripta,
1063 1904 1182 1957 quae
1204 1889 1579 1956 prcecipiebant
1619 1889 1741 1942 utei
1772 1902 1901 1940 suus
1931 1887 1991 1939 li-

419 1961 520 2032 lius
548 1978 890 2032 redderetur.
919 1978 1065 2033 Hanc
1095 1994 1225 2046 ergo
1273 1988 1621 2048 susceperunt
1665 1979 1895 2047 virgines
1940 1980 1991 2032 in

415 2066 763 2129 monasterio,
820 2066 957 2134 quod
1011 2081 1038 2118 a
1066 2067 1320 2127 virorum,
1372 2075 1430 2118 III.
1468 2081 1625 2132 supra
1657 2067 1857 2119 dictum
1889 2076 1991 2137 est,

418 2157 553 2210 haud
582 2156 763 2225 procul
803 2157 1022 2220 aberat;
1056 2172 1173 2226 qua:
1205 2172 1325 2210 mox
1352 2156 1513 2210 mittit
1533 2158 1784 2223 epistolas
1807 2169 1992 2211 sancto

418 2248 721 2311 Pachomio,
778 2247 1025 2302 similiter
1054 2249 1367 2312 obsecrans,
1405 2258 1463 2302 ut
1503 2250 1665 2303 filium
1717 2250 1991 2318 proprium

416 2336 597 2391 videre
623 2341 954 2405 permitteret
991 2338 1242 2408 (Ruf/im,
1278 2339 1316 2393 Ι.
1352 2354 1429 2405 ιιι,
1463 2356 1516 2392 n.
1550 2339 1661 2406 54).
1710 2340 1860 2393 Tunc
1900 2342 1995 2393 ad-

418 2440 615 2479 vocans
636 2426 976 2481 Theodorum
1008 2427 1360 2492 Pachomius,
1412 2428 1489 2481 ait
1513 2427 1579 2481 ad
1608 2443 1728 2481 eum
1766 2444 1782 2480 :
1833 2428 1995 2482 Com-

418 2516 554 2580 peri,
588 2515 682 2583 fili,
712 2517 850 2585 quod
890 2518 992 2570 huc
1015 2526 1186 2571 mater
1224 2526 1309 2570 tua
1335 2518 1582 2582 venerit,
1629 2528 1683 2571 et
1725 2529 1775 2573 te
1812 2520 1993 2576 videre

413 2609 685 2662 desideret
709 2625 723 2658 ε
752 2623 877 2663 ecce
902 2609 1054 2662 nobis
1079 2610 1522 2676 ctepisc0porum
1552 2611 1755 2666 litteras
1795 2612 1990 2667 attulit.

413 2696 644 2766 Pergens
678 2699 857 2766 itaque
896 2698 1190 2753 satisfacito
1245 2700 1434 2764 matri,
1485 2701 1716 2755 maxime
1765 2711 1985 2768 prepter

416 2798 631 2844 sanctos
656 2790 973 2859 pontifices,
1018 2792 1107 2860 qui
1147 2792 1301 2847 nobis
1340 2808 1432 2861 per
1478 2808 1594 2848 eam
1639 2794 1836 2861 dignati
1868 2805 1995 2849 sunt

418 2882 612 2948 scripta
645 2882 891 2950 dirigere.
957 2883 1251 2952 Respondit
1290 2885 1603 2940 Theodorus
1635 2904 1647 2939 :
1698 2886 1851 2941 Prius
1882 2902 1990 2951 me,

419 2972 739 3025 venerabilis
766 2980 938 3041 pater,
963 2983 1167 3027 certum
1199 2974 1360 3028 facito
1388 3014 1403 3039 ,
1451 2975 1592 3044 quod
1627 2985 1745 3043 post
1789 2986 1989 3032 tantam

411 3062 729 3128 spiritalium
760 3078 935 3116 rerum
986 3064 1371 3134 cognitionem,
1426 3064 1468 3118 si
1501 3064 1684 3119 videro
1712 3080 1851 3130 eam,
1885 3082 1991 3121 non

2099 1889 2303 1935 secreta
2328 1879 2504 1933 cordis
2532 1880 2636 1933 mei
2672 1881 2935 1947 agnoscis,
2969 1881 3212 1945 obsecro,
3241 1898 3307 1937 ne
3338 1900 3421 1938 mc
3443 1886 3677 1940 claman-

2099 1986 2203 2030 tem
2235 1976 2300 2028 ad
2326 1985 2377 2029 te
2404 1989 2501 2042 pro
2532 1988 2714 2029 eorum
2740 1974 2910 2026 salute
2953 1974 3245 2042 deSpicias;
3288 1978 3379 2030 sed
3417 1980 3675 2035 misertus

2098 2081 2303 2130 eorum,
2334 2065 2399 2119 da
2433 2065 2538 2118 illis
2567 2065 2813 2118 timorem
2841 2076 2985 2117 tuum
3013 2105 3029 2131 ,
3068 2072 3126 2119 ut
3152 2065 3376 2121 divinam
3402 2076 3547 2122 tuam
3580 2085 3679 2138 po-

2099 2158 2314 2211 tentiam
2334 2163 2737 2224 cognoscentes,
2780 2155 2833 2207 in
2862 2155 3085 2209 veritate
3117 2156 3206 2209 tibi
3230 2156 3555 2221 deserviant,
3582 2175 3681 2228 spe

2097 2246 2510 2315 promissionum
2549 2255 2757 2298 tuarum
2802 2259 2900 2312 per
2934 2246 3109 2299 omnia
3155 2248 3423 2312 roborati;
3451 2249 3574 2317 quia
3602 2252 3683 2302 ni-

2098 2340 2199 2394 mis
2226 2338 2475 2407 afﬂigitur
2499 2337 2675 2391 anima
2709 2351 2822 2390 mea
2855 2351 2951 2404 pro
2980 2338 3058 2391 eis
3083 2378 3097 2401 ,
3149 2346 3203 2391 et
3253 2354 3442 2393 omnes
3486 2356 3680 2398 sensus

2098 2432 2199 2484 mei
2233 2430 2510 2484 turbantur
2533 2442 2930 2498 usquequaque.
2964 2429 3086 2482 Haec
3115 2429 3320 2495 dicens,
3347 2432 3510 2486 siluit.
3548 2432 3680 2488 Post

2098 2522 2299 2590 aliquot
2327 2536 2455 2575 vero
2476 2521 2592 2574 dies
2623 2520 2813 2575 videns
2838 2520 2977 2588 quod
3001 2535 3098 2575 nec
3126 2536 3220 2589 per
3239 2522 3533 2579 orationem
3565 2540 3680 2580 me-

2096 2612 2257 2665 liores
2281 2610 2453 2665 et‘fecti
2477 2619 2619 2675 sunt,
2644 2611 2835 2665 iterum
2864 2620 3011 2665 stans
3038 2611 3102 2665 ad
3134 2614 3454 2678 orationem,
3482 2630 3582 2682 pro
3603 2616 3683 2671 eis

2098 2703 2321 2757 Domino
2342 2702 2687 2771 supplicavit;
2711 2712 2763 2756 et
2792 2701 3053 2770 quasdam
3082 2703 3314 2771 privatas
3342 2719 3405 2758 ac
3433 2706 3682 2773 proprias

2095 2792 2305 2862 regulas
2325 2793 2406 2845 eis
2437 2791 2622 2845 orandi
2659 2800 2819 2859 atque
2855 2792 3066 2847 vivendi
3096 2794 3345 2858 tradidit,
3393 2805 3448 2848 ut
3482 2796 3681 2851 saltem

2095 2883 2246 2951 quasi
2277 2882 2416 2937 servi
2446 2890 2640 2935 statuta
2670 2883 3021 2951 complentes,
3065 2884 3320 2951 paulatim
3351 2899 3681 2941 consuesce-

2093 2982 2216 3027 rent
2243 2972 2309 3026 ad
2340 2971 2569 3025 filiorum
2607 2986 2802 3026 munus
2847 2972 3142 3028 alfectionis
3172 2974 3435 3029 industria
3484 2993 3682 3043 perve-

2096 3064 2234 3118 nire.
2274 3062 2373 3129 Qui
2398 3071 2678 3116 cernentes
2722 3077 2782 3118 se
2811 3071 2930 3131 post
2948 3066 3411 3131 concupiscentias
3441 3081 3573 3123 suas
3609 3070 3686 3123 ire

410 3152 548 3205 dabo
571 3153 692 3207 inde
731 3154 990 3206 rationem
1034 3153 1261 3207 Domino
1304 3154 1355 3206 in
1380 3153 1465 3207 die
1492 3152 1698 3221 judit-ii,
1754 3165 1809 3209 et
1846 3156 1986 3223 quod
2018 3160 2063 3221 ρ
2097 3167 2201 3206 non
2228 3166 2405 3220 posse,
2452 3152 2895 3222 praesentiamque
2941 3154 3111 3208 sancti
3169 3155 3442 3211 Pachumii
3492 3157 3685 3213 formi-

411 3245 656 3311 praecipis
689 3243 899 3298 faciam.
927 3245 1073 3299 Hanc
1099 3247 1240 3300 enim
1282 3245 1430 3312 juxta
1460 3246 1765 3300 mandatum
1793 3248 1993 3303 Christi

411 3348 530 3386 cum
560 3344 671 3388 toto
702 3335 901 3388 mundo
923 3335 1155 3389 deserui.
1186 3336 1247 3389 Et
1277 3335 1542 3402 quomodo
1568 3351 1685 3390 eam
1728 3336 1780 3390 in
1819 3339 1992 3393 oll'en-

411 3425 617 3476 sionem
668 3422 889 3477 fratrum
938 3440 1080 3478 nunc
1129 3427 1338 3480 audebo
1375 3427 1722 3495 conspicere?
1772 3428 1904 3484 Nam
1945 3432 1992 3485 si

413 3514 585 3581 prius,
608 3522 732 3568 ante
763 3514 1247 3571 manifestationem
1272 3526 1429 3570 tanta:
1459 3518 1676 3586 gratiae,
1739 3518 1831 3572 ﬁlii
1864 3519 1990 3576 Levi

415 3616 664 3673 parentes
700 3608 946 3675 proprios
979 3608 1315 3678 ignorarunt,
1348 3608 1835 3676 utjustiticationes
1858 3611 1992 3682 legis

414 3699 695 3767 implerent
730 3697 926 3768 (Exodi
963 3714 1151 3763 xxxn;
1202 3698 1356 3755 Deut.
1398 3713 1598 3763 xxxm;
1644 3700 1806 3754 Leuit.
1852 3702 1987 3767 xxt),

410 3796 611 3857 quanto
638 3789 805 3856 magis
836 3803 957 3857 ego,
989 3788 1077 3856 qui
1106 3788 1239 3843 tanti
1272 3789 1511 3843 muneris
1539 3788 1801 3857 particeps
1823 3788 1991 3845 factus

409 3893 548 3944 sum,
582 3892 830 3946 parentes
853 3893 957 3931 non
976 3878 1148 3932 debeo
1172 3879 1367 3932 divinae
1391 3892 1699 3946 praeponere
1722 3877 1985 3942 eharitati,

408 3970 623 4023 dicente
648 3968 875 4021 Domino
897 3968 947 4020 in
971 3967 1258 4035 Evangelia
1283 3983 1296 4021 :
1329 3968 1426 4033 Qui
1457 3966 1634 4034 diligit
1664 3977 1867 4035 patrem
1898 3976 1992 4021 aut

416 4060 573 4129 126
590 4067 809 4111 matrem
829 4072 988 4125 super
1015 4072 1120 4121 me,
1140 4073 1241 4111 non
1267 4066 1348 4111 est
1364 4072 1449 4111 me
1469 4056 1886 4127 dignus(Matt/z.
1907 4058 1988 4126 x)?

412 4149 551 4203 Dicit
577 4149 625 4202 ei
651 4149 966 4201 Pachomius
998 4166 1009 4199 :
1055 4148 1110 4202 Si
1145 4150 1335 4216 probas
1366 4148 1416 4203 id
1455 4148 1549 4201 tibi
1571 4163 1676 4203 non
1707 4149 1988 4217 expedire,

411 4242 486 4293 fili
514 4241 607 4305 mi,
639 4255 744 4292 non
777 4248 828 4293 te
851 4253 1004 4307 cogo.
1054 4240 1165 4294 lloc
1192 4249 1366 4293 autem
1399 4255 1583 4294 eorum
1628 4249 1709 4293 est
1753 4241 1839 4307 qui
1872 4256 1991 4308 per-

411 4333 550 4386 tecte
576 4331 880 4383 renuntiant
909 4332 1031 4385 huic
1059 4332 1275 4395 mundo,
1311 4341 1363 4384 et
1392 4332 1596 4400 seipsos
1624 4331 1725 4385 sibi
1780 4334 1990 4401 penitus

413 4423 703 4491 abnegaut.
735 4422 955 4489 Oportet
976 4423 1119 4475 enim
1144 4422 1455 4487 monachos,
1506 4421 1719 4474 inutiles
1741 4431 1794 4473 et
1822 4435 1991 4475 saecu-

2095 3243 2309 3309 dantcs,
2341 3243 2533 3311 spiritu
2557 3243 2788 3307 timoris,
2812 3259 2915 3298 non
2942 3245 3084 3299 illius
3108 3234 3260 3312 casti,
3291 3247 3499 3317 decepti
3529 3261 3686 3314 sunt;

2096 3341 2152 3386 et
2180 3332 2431 3386 abierunt
2458 3342 2602 3387 retro
2629 3342 2747 3399 post
2769 3332 3040 3398 Satanam,
3062 3340 3526 3392 conversationem
3563 3342 3687 3407 ejus

2094 3420 2465 3475 admirabilem
2516 3435 2619 3475 non
2649 3419 2905 3476 ferentes.
2940 3424 3030 3478 llis
3061 3425 3239 3494 itaque
3279 3429 3682 3495 recedentibus,

2094 3526 2226 3579 grex
2279 3512 2565 3565 universus
2615 3511 2669 3565 in
2700 3512 2781 3565 sui
2815 3521 2988 3567 status
3031 3515 3334 3583 integritate
3366 3522 3687 3586 permansit,

2104 3600 2273 3670 magis
2301 3616 2365 3656 ac
2393 3602 2564 3670 magis
2602 3602 2668 3655 ad
2710 3602 3037 3657 incrementa
3082 3606 3333 3659 virtutum
3366 3621 3685 3678 assurgens,

2095 3691 2255 3744 sicuti
2278 3690 2453 3745 solent
2478 3692 2530 3744 in
2561 3691 2703 3760 agris
2732 3693 2930 3759 optima
2973 3694 3235 3749 frumenta
3288 3695 3462 3750 laetius
3516 3700 3677 3752 efﬂo-

2094 3795 2327 3845 rescere,
2343 3794 2463 3834 eum
2488 3780 2685 3835 fuerint
2706 3782 2773 3835 ab
2794 3782 2872 3838 eis
2892 3783 3091 3837 zizania
3113 3786 3366 3842 radicitus
3378 3799 3681 3855 amputata.

2094 3872 2220 3928 Haec
2247 3884 2425 3927 autem
2461 3874 2660 3938 retuli,
2718 3875 2907 3930 volens
2934 3877 3217 3932 ostendere
3236 3879 3357 3946 quia
3388 3879 3525 3934 sicut
3547 3882 3686 3937 nihil

2095 3965 2248 4020 obest
2275 3965 2580 4019 hominibus
2602 3966 2802 4020 smequ
2826 3966 3044 4031 deditis,
3068 3969 3111 4020 si
3139 3982 3199 4023 se
3221 3970 3534 4025 tradiderint
3563 3988 3684 4025 mo-

2096 4057 2383 4111 nachorum
2408 4057 2683 4121 institutis,
2739 4057 2811 4111 ita
2858 4057 2989 4113 nihil
3019 4060 3263 4115 utilitatis
3291 4063 3445 4116 alfert
3488 4078 3683 4117 mona-

2094 4146 2211 4201 chis
2239 4147 2503 4215 professio
2552 4147 2892 4213 venerabilis,
2938 4149 2983 4204 si
3033 4150 3684 4220 negligentesexsistnnt;

2094 4241 2189 4295 sed
2216 4255 2315 4295 nec
2335 4240 2506 4294 oratio
2535 4251 2775 4309 paterna,
2804 4256 2905 4297 nec
2932 4243 3319 4298 condescensio
3354 4258 3448 4298 eos
3479 4247 3687 4313 poterit

2095 4333 2348 4401 adjuvare
2377 4340 2677 4399 torpentes.

2162 4422 2291 4476 Cap.
2315 4420 2557 4474 XXXIII.
2578 4450 2646 4460 —
2670 4419 2957 4476 Confessor
2985 4424 3183 4476 interea
3220 4424 3500 4492 Dionysius
3524 4439 3683 4492 pres-

412 4510 550 4564 lares
577 4510 924 4564 salutationes
953 4520 1006 4564 et
1037 4510 1299 4578 colloquia
1330 4525 1462 4564 vana
1491 4510 1773 4579 dilfugere,
1823 4521 1877 4564 et
1904 4511 1988 4566 his
2020 4527 2067 4586 ο
2099 4511 2252 4581 byter
2303 4522 2358 4567 et
2401 4526 2732 4577 meonomus,
2782 4511 2833 4564 id
2882 4523 2985 4576 est,
3028 4513 3372 4581 dispensator
3415 4515 3677 4570 Ecclesiae

412 4602 500 4668 qui
526 4601 763 4655 membra
799 4601 1000 4655 Christi
1032 4611 1156 4656 suttt
1199 4603 1284 4670 pia
1315 4612 1492 4656 mente
1519 4603 1733 4657 sociari.
1790 4604 1844 4655 Si
1871 4604 1991 4671 quis

409 4703 586 4747 autem
620 4692 864 4758 passione
884 4693 1109 4762 quadam
1140 4694 1323 4748 sazcnli
1353 4702 1566 4760 captus,
1589 4693 1719 4748 dicit
1749 4711 1765 4747 :
1795 4693 1991 4747 Paren—

410 4791 489 4834 tes
510 4797 633 4835 raro
658 4796 772 4835 mea
806 4790 949 4843 sunt,
972 4796 1066 4836 eos
1096 4781 1316 4852 diligere
1342 4784 1533 4850 debeo,
1565 4784 1742 4837 audiat
1772 4783 1987 4837 beatum

411 4872 625 4926 Petrum
656 4874 955 4941 apostolum
980 4873 1357 4941 praedicantem
1395 4891 1407 4926 ε
1456 4876 1493 4926 Α
1524 4889 1630 4943 quo
1672 4875 1791 4943 quis
1833 4890 1989 4951 supe-

409 4974 577 5026 ratur,
607 4964 725 5017 huic
747 4975 799 5017 et
826 4979 1014 5018 servus
1054 4965 1285 5018 efficitur
1319 4963 1405 5033 (11
1438 4962 1551 5016 Pet.
1584 4966 1674 5029 tt).
1718 4963 1817 5028 Qui
1860 4979 1989 5030 ergo

410 5054 637 5106 vincitur
666 5070 847 5108 amore
873 5055 1071 5118 carnis,
1104 5071 1289 5109 servus
1331 5056 1447 5108 sine
1477 5053 1641 5108 dubio
1688 5064 1769 5108 est
1790 5055 1983 5109 carnis.

409 5142 650 5211 Cumque
673 5159 777 5195 non
798 5146 1156 5212 acquievisset
1192 5145 1506 5200 Theodorus
1544 5144 1699 5198 matri
1751 5159 1811 5199 se
1855 5160 1989 5213 pra!-

410 5244 643 5297 sentare,
668 5235 901 5287 decrevit
922 5236 1086 5289 et'illa
1115 5237 1167 5288 in
1197 5235 1313 5302 ipso
1342 5236 1671 5289 monasterio
1695 5250 1813 5289 cum
1838 5235 1989 5289 Citri-

410 5325 477 5378 sti
510 5316 824 5392 permanere
852 5326 1167 5394 virginibus.
1198 5329 1313 5382 htcc
1346 5328 1485 5397 apud
1528 5345 1587 5383 se
1614 5338 1944 5398 pertractans
1973 5349 1985 5384 :

412 5414 467 5466 Si
498 5415 783 5467 voluntatis
817 5416 1023 5467 Domini
1060 5414 1254 5478 fuerit,
1308 5419 1448 5471 inter
1475 5417 1608 5472 alios
1640 5419 1827 5470 saltem
1874 5432 1990 5471 mo-

411 5505 615 5559 nachos
635 5505 826 5559 videbo
865 5520 985 5558 eum
1020 5523 1033 5557 :
1066 5497 1133 5560 ἐει
1189 5517 1404 5575 propter
1451 5507 1589 5561 hanc
1628 5509 1989 5573 occasionem,

414 5610 584 5648 ineant
608 5610 819 5664 quoque
862 5595 1107 5651 lucrabor
1129 5597 1383 5660 animam,
1428 5598 1554 5651 dum
1599 5598 1651 5652 in
1684 5598 1783 5651 hac
1805 5610 1985 5651 sancta

416 5685 815 5741 conversatione
847 5686 1091 5756 persisto.
1120 5689 1339 5744 Constat
1395 5688 1553 5758 igitur
1596 5703 1688 5743 cos
1725 5692 1813 5756 qui
1846 5691 1983 5760 rigo~

2098 4603 2471 4672 Tentyrorum,
2503 4602 2863 4656 amicissimus
2884 4605 3054 4656 sancti
3080 4604 3373 4669 Pachumii,
3414 4605 3683 4673 comperit

2095 4691 2164 4744 ab
2200 4691 2464 4760 aliquibus
2512 4691 2651 4760 quod
2702 4706 2769 4744 ex
2802 4691 2921 4746 aliis
2967 4693 3302 4749 monasteriis
3333 4696 3397 4748 ad
3425 4710 3549 4750 eum
3574 4712 3681 4751 ve-

2096 4781 2384 4845 nientibus,
2426 4795 2529 4834 non
2582 4782 2842 4836 concedat
2888 4796 3009 4836 eum
3057 4785 3167 4838 suis
3203 4784 3455 4839 fratribus
3502 4787 3681 4852 vesci,

2095 4870 2190 4924 sed
2214 4885 2305 4924 eos
2333 4878 2666 4938 sequestrate
2691 4871 2809 4925 loco
2854 4871 3002 4939 juxta
3054 4873 3363 4927 monasterii
3416 4874 3557 4928 fores
3583 4888 3687 4928 ex-

2097 4963 2277 5029 cipiat.
2308 4960 2666 5017 Contristatus
2711 4963 2888 5030 itaque
2940 4962 3228 5029 plurimum
3256 4978 3419 5032 super
3461 4963 3561 5017 hac
3592 4980 3681 5028 re,

2096 5054 2242 5108 venit
2270 5053 2334 5107 ad
2388 5066 2541 5115 wm;
2572 5063 2625 5106 et
2675 5052 3000 5120 increpantis
3034 5054 3206 5119 potius
3251 5067 3534 5108 assumens
3561 5056 3684 5108 ani-

2098 5162 2240 5200 mum
2273 5162 2428 5213 quam
2470 5145 2752 5210 monentis,
2779 5145 2993 5199 aiebat:
3023 5147 3136 5199 Non
3166 5155 3309 5201 recte
3334 5146 3480 5214 facis,
3514 5148 3677 5214 abba,

2097 5237 2408 5291 charitatem
2444 5235 2696 5290 fratribus
2724 5236 2957 5290 deditam
2991 5253 3093 5290 non
3117 5239 3395 5306 aequaliter
3424 5239 3677 5293 omnibus

2096 5326 2375 5379 exhibens.
2394 5325 2491 5389 Qui
2507 5325 2897 5379 correctionem
2920 5325 3036 5393 ejus
3049 5341 3167 5382 cum
3184 5328 3344 5380 multa
3364 5328 3681 5399 longanimi-

2099 5426 2206 5468 tate
2230 5415 2586 5482 patientiaque
2616 5415 2935 5481 suscipiens,
2967 5414 3035 5468 ita
3064 5415 3373 5483 respondit:
3394 5416 3548 5472 Novit
3570 5418 3680 5469 Do-

2099 5505 2277 5556 minus
2310 5504 2642 5570 propositum
2685 5518 2884 5569 meum,
2910 5514 2964 5557 et
2996 5513 3210 5572 paterna
3257 5514 3342 5561 tua
3399 5506 3679 5575 cognoscit

2098 5594 2327 5657 alfectio,
2378 5593 2520 5663 quod
2568 5610 2835 5664 nunquam
2881 5595 3162 5663 cujuslibet
3200 5596 3432 5651 animam
3462 5597 3675 5665 cupiam

2097 5685 2425 5749 contristari,
2463 5700 2559 5741 nec
2581 5687 2749 5741 dicam
2779 5701 3050 5756 spernere.
3088 5688 3367 5755 Quomodo
3395 5689 3551 5760 igitur
3575 5690 3675 5743 hoc
