4016 6226
270 290 359 346 εδδ
1013 276 1175 333 νιτΑ
1214 277 1459 334 SANCTI
1501 273 1825 332 PACIlOMll
1866 275 2159 333 ABBATlS
2198 278 2687 339 raesuususus.

3414 282 3517 337 954

268 402 511 458 auderem
536 412 721 468 agere,
748 407 805 452 ut
846 411 1022 450 meum
1055 405 1238 449 contra
1285 409 1370 447 me
1399 393 1679 446 Dominum
1712 406 1834 460 pro-
1863 393 1907 448 Α
1940 390 2110 445 sciens
2144 394 2413 464 indignum
2447 396 2533 448 tali
2568 411 2807 463 munere,
2840 400 3051 453 diverso
3094 398 3250 453 modo
3294 414 3361 453 ne
3412 401 3514 455 hoc

271 504 458 546 vorans
490 489 885 558 irritarem,qui
909 486 1191 540 manifeste
1216 496 1439 539 testatur
1468 485 1517 537 in
1550 484 1837 553 Evangelio

269 586 442 639 dicens
474 598 490 635 :
524 581 790 649 Quamdiu
848 580 1044 633 fecistis
1100 580 1189 633 uni
1229 595 1291 631 ex
1326 578 1557 632 minimis
1588 578 1838 630 fratribus

270 674 414 736 meis,
442 672 574 725 mihi
605 670 807 724 fecistis
835 667 1050 735 (Matth.
1080 669 1227 737 xxv)?
1262 669 1451 734 Accipe
1480 667 1657 734 itaque
1684 667 1838 718 satis.

271 764 548 818 factionem
589 776 785 824 meam,
828 758 1148 812 venerabilis
1181 767 1349 823 pater,
1382 757 1501 823 quia
1560 772 1665 808 non
1696 756 1840 808 velut

270 854 434 904 vitans
456 861 617 918 atque
634 864 897 917 spernens
923 862 1015 901 eos
1047 850 1131 915 qui
1162 848 1262 898 huc
1294 849 1533 907 veniunt,
1576 849 1675 899 hoc
1698 846 1837 915 quod

271 942 459 995 asseris
490 940 630 997 facio
662 959 676 1005 ;
713 940 804 995 sed
834 940 953 1010 quia
1004 941 1056 993 in
1088 940 1332 993 cmnobio
1372 938 1835 1006 eongregationem

270 1035 499 1099 suscepi,
539 1033 799 1099 plurimos
819 1030 908 1101 qui
940 1045 1110 1097 nuper
1137 1029 1380 1083 conversi
1408 1038 1551 1092 sunt,
1582 1038 1633 1081 et
1661 1027 1839 1081 diver-

268 1140 345 1178 sos
389 1140 577 1179 eorum
632 1139 811 1178 mores
858 1138 978 1178 esse
1025 1136 1309 1191 cognosco.
1343 1120 1634 1175 Nonnullos
1659 1130 1836 1174 autem

267 1214 377 1268 novi
421 1215 682 1267 intantnm
738 1212 907 1280 ipsius
936 1212 1355 1266 conversationis
1394 1212 1625 1279 ignaros,
1655 1218 1712 1263 ut
1739 1224 1836 1263 nec

268 1303 644 1359 monachorum
677 1303 914 1355 habitum
947 1302 1209 1355 neverint.
1245 1302 1384 1355 Inter
1406 1315 1540 1368 quos
1566 1310 1835 1367 suntpar-

266 1394 387 1457 vuli,
422 1402 566 1447 tanta
596 1393 941 1461 simplicitate
961 1392 1220 1454 viventes,
1250 1399 1305 1443 ut
1326 1405 1422 1443 nec
1444 1389 1717 1443 dexteram
1745 1405 1835 1442 va-

269 1485 403 1539 leant
444 1485 606 1550 scire,
664 1498 836 1552 neque
884 1483 1173 1537 sinistram.
1232 1479 1434 1533 Idcirco
1465 1479 1663 1533 credidi
1714 1493 1833 1534 esse

266 1576 611 1637 commodius,
657 1585 716 1630 ut
742 1577 1183 1642 supervenientes
1215 1574 1406 1627 fratres
1445 1586 1684 1625 seorsum
1717 1585 1836 1623 sus-

270 1668 587 1734 ciperentur,
620 1666 671 1719 in
707 1669 906 1719 honore
944 1666 1178 1717 maximo
1220 1663 1513 1717 constituti.
1546 1661 1679 1716 Hinc
1708 1675 1835 1729 ergo

1942 482 2112 551 ipsum
2147 486 2295 538 fieret
2323 485 2620 540 differebat.
2654 488 2719 541 Et
2745 504 2865 541 cum
2887 488 3116 553 amplius
3147 490 3516 557 importunita-

1941 586 2045 629 tem
2076 576 2191 645 ejus
2222 580 2360 631 ferre
2394 594 2497 631 non
2528 590 2727 647 posset,
2758 582 2906 633 venit
2934 580 2997 633 ad
3029 591 3268 634 sanctum
3309 582 3517 637 Pacho-

1942 669 2127 733 mium,
2160 680 2349 723 cuncta
2372 686 2487 738 qum
2518 672 2711 739 negotii
2742 683 2893 726 erant
2921 673 3092 728 eidem
3122 674 3376 741 pandens,
3399 690 3516 728 cer-

1948 772 2032 815 tus
2063 762 2201 829 quod
2234 764 2346 829 ipse
2376 764 2521 817 solus
2562 766 2929 818 contentiones
2978 765 3277 832 huiusmodi
3335 774 3517 833 posset

1942 852 2239 907 absolvere.
2267 854 2364 920 Qui
2397 869 2516 907 cum
2566 870 2777 908 causam
2821 857 3032 923 penitus
3056 856 3411 924 cognovisset,
3440 855 3516 905 ait

1941 944 2291 1013 presbytero:
2325 944 2508 999 Nonne
2537 946 2601 998 ad
2637 946 2734 999 hoc
2755 946 2968 1009 venisti,
2998 957 3053 998 ut
3084 960 3176 1012 per
3202 960 3286 997 me
3314 960 3515 1012 cogno-

1941 1048 2119 1088 sceres
2150 1034 2360 1088 Domini
2389 1036 2750 1089 voluntatem?
2795 1036 2929 1089 Audi
2954 1051 3081 1105 ergo
3113 1051 3217 1098 me,
3263 1043 3318 1088 et
3353 1034 3417 1087 da
3463 1034 3514 1087 ei

1940 1122 2080 1189 quod
2113 1125 2361 1190 postulat,
2394 1126 2523 1178 nihil
2559 1127 2608 1179 in
2642 1126 2741 1180 hac
2780 1136 2928 1193 parte
2953 1128 3264 1194 desperans.
3301 1124 3514 1177 Fortas-

1941 1211 2015 1264 sis
2040 1212 2181 1265 enim
2212 1228 2307 1281 per
2336 1214 2435 1267 hoc
2473 1214 2704 1267 officium
2736 1216 3049 1269 liberabitur
3078 1216 3248 1267 anima
3288 1214 3403 1281 ejus
3446 1214 3515 1266 de

1941 1300 2246 1367 captivitate
2276 1301 2494 1356 diaboli.
2526 1304 2678 1373 Stepe
2701 1320 2929 1373 namque
2955 1306 3213 1373 contingit.
3256 1313 3311 1358 ut
3351 1304 3511 1357 homo

1941 1390 2111 1443 malus
2132 1392 2352 1446 affectus
2382 1395 2671 1459 beneficiis,
2702 1397 2764 1448 ad
2790 1395 2957 1449 bonos
2974 1410 3030 1450 se
3045 1395 3287 1449 conferat
3307 1408 3507 1448 mores.

1942 1482 2273 1537 Desiderium
2306 1501 2532 1552 namque
2557 1488 2831 1540 meliorum
2859 1489 2997 1553 pium
3023 1489 3168 1539 novit
3198 1487 3511 1550 ingenerare

1941 1575 2289 1641 propositum,
2327 1576 2406 1628 his
2432 1578 2688 1630 duntaxat
2720 1579 3015 1638 animabus,
3060 1592 3176 1645 qua:
3206 1592 3309 1629 non
3342 1590 3511 1643 usque

1938 1663 2073 1717 adeo
2104 1664 2436 1732 negligentiae
2482 1678 2693 1734 torpore
2726 1669 2983 1736 prolapsa:
3020 1676 3163 1731 sunt,
3208 1676 3266 1718 ut
3306 1665 3511 1731 possint

269 1774 364 1811 non
396 1758 608 1811 :estimo
656 1756 895 1825 patribus
924 1755 1006 1810 vel
1040 1755 1289 1808 fratribus
1316 1754 1403 1823 qui
1443 1753 1506 1807 ad
1537 1768 1632 1807 nos
1657 1752 1831 1805 diver-
1866 1750 1909 1807 Β
1935 1755 2151 1808 studere
2166 1755 2463 1810 virtutibus.
2500 1756 2605 1811 Nos
2630 1774 2777 1828 ergo,
2810 1760 2989 1823 frater,
3027 1758 3126 1812 hoc
3154 1774 3308 1827 agere
3333 1758 3507 1820 decet,

268 1856 394 1907 ttmt,
429 1850 591 1901 ullam
642 1847 1019 1900 contumeliam
1081 1846 1217 1907 ﬁeri,
1249 1846 1341 1899 sed
1394 1846 1561 1914 magis
1600 1844 1833 1898 debitam

271 1936 617 1991 reverentiam
672 1936 1044 1990 commodari:
1113 1938 1407 2002 praesertim
1458 1949 1577 1987 cum
1626 1932 1835 1984 statutis

267 2032 411 2084 horis
438 2030 501 2083 ad
533 2029 860 2084 reddendum
898 2028 1177 2081 nobiscum
1230 2027 1337 2080 Deo
1365 2035 1485 2077 vota
1515 2041 1605 2077 sua
1639 2040 1835 2077 conve-

268 2122 431 2181 niant,
467 2129 522 2175 et
544 2129 662 2191 post
690 2122 792 2174 bne
837 2120 1025 2187 singuli
1067 2117 1131 2170 ad
1162 2118 1271 2171 loca
1305 2118 1566 2171 destinata
1614 2130 1835 2167 concur-

268 2223 410 2276 rant,
440 2213 601 2281 quieti
628 2226 834 2281 operam
860 2212 1075 2273 dantes,
1108 2226 1192 2262 me
1214 2208 1501 2262 secundum
1537 2208 1699 2260 Deum
1728 2206 1836 2255 sol-

264 2304 461 2358 licitius
495 2304 675 2356 usibus
720 2304 871 2372 127
918 2316 1101 2355 eorum
1151 2300 1450 2355 necessaria
1500 2297 1831 2367 providente.

261 2394 385 2449 llcec
430 2394 654 2448 audiens
713 2394 969 2461 praefatus
992 2391 1294 2462 presbyter,
1335 2390 1477 2443 omni
1509 2404 1632 2443 eum
1676 2388 1833 2441 laude

261 2485 627 2554 dignissimum
685 2484 1087 2552 comprobavit,
1141 2490 1291 2537 certo
1317 2494 1645 2549 cognoscens
1694 2477 1832 2543 quod

261 2578 551 2634 secundum
577 2577 953 2649 Deumcuncta
972 2583 1186 2644 ageret;
1215 2573 1543 2641 multumque
1567 2570 1834 2623 relevatus

260 2670 421 2725 sancti
476 2667 751 2724 Pachumii
800 2667 1191 2732 satisfactione,
1253 2667 1405 2721 latus
1461 2665 1718 2719 remeavit
1766 2663 1832 2716 ad

259 2762 489 2833 propria.

316 2851 450 2905 CAP.
493 2850 735 2904 XXXIV.
774 2879 841 2893 -
877 2850 1067 2905 Mulier
1093 2857 1266 2903 autem
1293 2847 1533 2918 quaedam
1568 2846 1619 2899 in
1647 2846 1832 2899 eadem

256 2941 607 3010 Tentyrorum
639 2940 855 2995 civitate
880 2940 1177 3009 patiebatur
1206 2938 1402 2991 fluxum
1441 2937 1730 3005 sanguinis,
1782 2944 1834 2988 et

256 3030 349 3083 hac
378 3029 697 3084 infirmitate
721 3029 830 3099 jam
864 3030 1069 3098 prolixo
1098 3038 1337 3095 tempore
1366 3027 1656 3080 laborabat.
1709 3026 1831 3078 lla-c

1936 1843 2078 1911 quod
2099 1844 2205 1898 Deo
2230 1846 2453 1913 placeat.
2480 1846 2566 1901 Sic
2588 1846 2725 1901 enim
2748 1850 2962 1902 dilectio
2992 1848 3109 1916 ejus
3139 1850 3189 1901 in
3216 1849 3366 1902 nobis
3390 1863 3509 1902 esse

1937 1932 2269 2000 probabitur,
2302 1936 2348 1988 si
2371 1938 2755 2003 compatiamur
2784 1940 3121 1992 alterutrum.
3154 1938 3263 1991 lloc
3288 1949 3509 2006 accepto

1936 2039 2217 2093 responso,
2249 2027 2431 2081 senior
2468 2030 2588 2082 feeit
2627 2029 2766 2098 quod
2814 2029 2913 2081 sibi
2959 2028 3127 2082 fuerat
3167 2029 3505 2096 imperatum.

1939 2120 2043 2173 Sed
2075 2121 2237 2174 frater
2280 2122 2371 2175 ille
2413 2127 2517 2175 voti
2557 2138 2773 2193 compos
2800 2122 3039 2185 effectus,
3070 2123 3133 2174 ad
3166 2123 3375 2175 beatum
3407 2121 3507 2174 Pa-

1936 2210 2205 2264 ehomium
2232 2227 2482 2267 reversus
2503 2226 2602 2277 est,
2624 2215 2732 2282 jam
2756 2224 2932 2269 mente
2954 2215 3161 2267 sobrius
3184 2225 3340 2279 atque
3362 2228 3509 2266 com-

1939 2313 2187 2370 punetus,
2231 2311 2287 2358 et
2317 2305 2512 2359 cadens
2541 2307 2593 2358 in
2624 2307 2834 2367 faciem,
2881 2306 3233 2361 confitebatur
3279 2307 3460 2358 dicens
3490 2321 3507 2359 :

1935 2391 1980 2446 Ο
2010 2392 2171 2446 homo
2213 2395 2330 2458 Dei,
2379 2396 2599 2449 multum
2645 2397 2960 2451 sublimatus
2987 2412 3045 2451 es
3068 2412 3097 2450 a
3133 2397 3261 2460 Deo,
3290 2397 3379 2465 qui
3402 2395 3509 2449 dis-

1936 2499 2164 2538 cernens
2186 2500 2248 2539 ea
2271 2501 2389 2553 qua:
2412 2488 2679 2555 pertinent
2706 2488 2770 2541 ad
2792 2489 3039 2555 salutem,
3064 2489 3260 2543 malum
3290 2491 3341 2542 in
3370 2490 3509 2542 bono

1937 2576 2126 2630 vicisti.
2161 2577 2217 2632 Si
2246 2594 2373 2647 ergo
2404 2595 2507 2633 non
2541 2580 2731 2636 fuisses
2769 2597 2890 2649 erga
2923 2598 3006 2637 me
3035 2583 3179 2636 initis
3208 2593 3365 2651 atque
3399 2583 3509 2635 lon-

1934 2668 2186 2735 ganimis,
2230 2668 2323 2722 sed
2361 2669 2557 2738 aliquid
2600 2670 2650 2724 id
2683 2686 2767 2724 me
2794 2672 3020 2740 rigidum
3060 2673 3393 2740 protulisses,
3444 2674 3510 2725 ab

1942 2757 2043 2810 hoc
2064 2757 2347 2811 discedens
2366 2758 2566 2824 habitu,
2600 2775 2627 2812 a
2652 2762 2758 2815 Deo
2783 2778 2998 2828 prorsus
3023 2762 3225 2815 alienus
3246 2764 3509 2817 efficerer.

1936 2848 2083 2902 Nunc
2114 2858 2291 2902 autem
2320 2850 2630 2905 benedictus
2659 2860 2709 2905 tu
2740 2852 2985 2916 Domino,
3018 2867 3114 2921 per
3141 2868 3294 2921 quem
3326 2853 3501 2905 anima

1937 2952 2051 2990 mea
2084 2938 2228 2991 salva
2258 2936 2393 2992 facta
2425 2950 2526 2993 est.
2562 2940 2711 2995 Tunc
2738 2943 2972 2995 allevans
2999 2957 3120 2995 eum
3151 2943 3216 2995 de
3248 2952 3388 2995 terra
3418 2957 3510 2995 ve-

1938 3029 2188 3082 nerabilis
2214 3042 2402 3091 senex,
2435 3030 2750 3084 hortabatur
2777 3034 2984 3098 sedulo,
3015 3042 3070 3084 ut
3097 3032 3253 3085 vitam
3277 3041 3511 3085 sumeret

254 3124 475 3178 audiens
524 3122 868 3177 Pachumium
921 3124 1011 3177 Dei
1061 3138 1179 3176 esse
1226 3122 1503 3183 cultorem,
1546 3128 1833 3188 sanctaque
1864 3108 1907 3169 C
1939 3133 2227 3188 congruam
2265 3119 2535 3189 dignitati,
2576 3135 2641 3173 ne
2689 3122 2903 3189 quando
2937 3122 3227 3190 negligens,
3261 3130 3510 3189 perpetua

252 3215 655 3268 conversatione
682 3213 995 3277 mirabilem,
1025 3215 1239 3279 insuper
1263 3222 1316 3266 et
1340 3212 1647 3281 Dionysium
1684 3226 1832 3278 pres-

253 3304 505 3374 byterum
551 3306 779 3356 amicum
812 3303 929 3371 ejus
962 3317 1081 3356 esse
1114 3302 1505 3366 cbarissimum,
1541 3310 1689 3369 rogat
1710 3316 1830 3354 eum

252 3405 308 3447 ut.
331 3395 425 3447 sui
459 3394 794 3457 misereatur,
827 3404 878 3445 et
903 3392 1051 3461 quasi
1082 3406 1177 3460 per
1205 3392 1537 3445 occasionem
1584 3405 1830 3443 necessa-

250 3485 389 3537 riam
419 3483 484 3537 ad
523 3499 582 3537 se
612 3482 957 3537 Pachoniium
994 3491 1270 3535 convocet.
1302 3480 1400 3547 Qui
1439 3479 1685 3546 precibus
1713 3495 1833 3531 mu-

251 3576 402 3629 lieris
432 3577 621 3638 flexus,
655 3574 757 3628 hoc
782 3588 941 3643 agere
986 3588 1091 3627 non
1125 3582 1383 3625 moratur.
1413 3571 1545 3625 Cum
1586 3586 1715 3641 ergo
1745 3586 1834 3624 ve-

249 3670 423 3719 nisset
467 3665 788 3719 Paebomius
817 3666 879 3718 ad
908 3663 1210 3725 ecclesiam,
1262 3671 1316 3716 et
1371 3672 1489 3731 post
1534 3664 1830 3717 orationem

250 3754 565 3823 Dionysium
616 3755 922 3818 salutasset,
960 3754 1110 3822 juxta
1163 3770 1281 3808 eum
1327 3755 1565 3819 protinus
1613 3753 1830 3808 assedit.

249 3843 495 3914 Dumque
526 3845 868 3912 loquerentur
897 3845 961 3897 ad
986 3845 1236 3911 invicem,
1265 3845 1453 3898 mulier
1485 3845 1676 3897 fiducia
1710 3845 1832 3899 fidei

248 3939 520 4001 roborata,
555 3937 886 4004 credensque
914 3936 1108 3990 dicenti
1136 3936 1353 3989 Christo
1384 3952 1399 3988 :
1428 3936 1668 4003 Coufide,
1701 3936 1832 3999 filia,

250 4030 383 4085 fides
415 4040 499 4083 tua
524 4030 721 4083 salvam
748 4039 797 4083 te
828 4028 949 4083 fecit
973 4026 1183 4086 (Matth.
1214 4028 1314 4096 ιι).
1344 4035 1462 4094 post
1492 4036 1692 4095 tergum
1719 4025 1835 4094 ejus

253 4125 486 4178 latenter
515 4122 764 4186 accessit,
804 4129 860 4174 et
897 4119 1183 4183 cucullum,
1216 4123 1354 4187 quod
1378 4119 1652 4186 operiebat
1679 4126 1837 4186 caput

249 4218 389 4284 ejus,
417 4226 651 4270 tremens
675 4214 878 4283 attigit;
908 4214 1195 4278 statimque
1223 4220 1405 4264 sanata
1442 4220 1543 4265 est.
1592 4212 1661 4264 Et
1708 4226 1835 4279 pro-

249 4308 438 4361 cidens
461 4308 511 4360 in
537 4305 724 4360 faciem
747 4319 922 4367 suam,
942 4304 1181 4355 adoravit
1208 4302 1504 4364 Dominum,
1528 4301 1833 4370 glorificans

250 4398 366 4466 ejus
390 4397 747 4451 clementiam.
772 4393 910 4463 quod
937 4404 1077 4446 tanta
1102 4408 1194 4461 per
1216 4407 1400 4445 servos
1421 4407 1544 4445 suos
1572 4393 1830 4446 beneficia

1936 3212 1988 3265 in
2020 3213 2197 3265 futuro
2227 3220 2485 3266 tormenta
2515 3212 2756 3267 sentiret.
2784 3214 2847 3265 Et
2874 3213 3143 3267 osculatus
3168 3227 3308 3280 eum,
3355 3212 3509 3265 dimi-

1936 3303 2004 3356 sit
2053 3301 2105 3354 iu
2158 3317 2314 3368 pace,
2370 3319 2525 3372 quem
2554 3303 2711 3356 etiam
2746 3317 2911 3371 usque
2941 3304 3003 3354 ad
3036 3302 3173 3356 fores
3203 3304 3510 3357 monasterii

1938 3404 2252 3460 prosecutus
2276 3403 2377 3445 est.

2008 3483 2135 3537 CAP.
2181 3483 2417 3536 XXXVI.
2445 3513 2515 3525 —
2544 3484 2729 3537 Adhuc
2776 3496 2949 3537 autem
2990 3494 3173 3537 saneto
3228 3485 3511 3539 Pachomio

1937 3573 2133 3629 ibidem
2165 3583 2359 3639 stante,
2389 3589 2515 3629 ecce
2546 3576 2625 3628 vir
2654 3593 2683 3628 a
2713 3578 2867 3645 longe
2908 3577 3132 3629 festinus
3174 3580 3412 3641 veniens,
3444 3579 3509 3630 ad

1936 3661 2055 3731 ejus
2088 3663 2311 3731 vestigia
2342 3664 2687 3732 provolvitur,
2715 3665 3004 3718 obsecrans
3035 3675 3090 3717 ut
3122 3667 3280 3719 filiam
3306 3682 3454 3721 suam
3484 3682 3510 3719 a

1941 3755 2206 3808 daamonio
2236 3763 2502 3819 vexatam,
2535 3768 2628 3822 per
2653 3752 2845 3807 Christi
2868 3754 3088 3822 gratiam
3119 3768 3305 3808 curare
3327 3756 3511 3824 digna-

1937 3856 2104 3900 retur.
2136 3847 2252 3911 Quo
2296 3846 2481 3899 relicto
2525 3861 2633 3914 pra:
2676 3845 2877 3900 foribus
2918 3848 3203 3913 ingressus,
3254 3848 3363 3914 ipse
3411 3849 3509 3903 tale

1937 3931 1985 3990 éi
2013 3949 2328 4004 responsum
2358 3950 2451 4002 per
2479 3936 2753 3990 ostiarium
2800 3937 2977 4004 dirigit
3011 3955 3022 3988 :
3052 3937 3166 3990 Non
3220 3948 3305 3992 est
3360 3940 3510 3993 nobis

1936 4025 2269 4079 consuetudo
2290 4040 2409 4078 cum
2436 4026 2747 4080 mulieribus
2787 4026 2959 4095 loqui;
2990 4028 3081 4081 sed
3113 4029 3156 4080 si
3186 4030 3310 4085 quid
3344 4030 3509 4084 babes

1937 4129 2001 4169 ex
2032 4116 2365 4169 vestimentis
2385 4115 2522 4183 ejus,
2551 4117 2701 4169 mitte
2723 4119 2896 4181 nobis,
2928 4118 3065 4185 quod
3093 4121 3143 4170 in
3169 4119 3381 4172 nomine
3407 4120 3507 4173 Do-

1939 4205 2066 4259 mini
2099 4206 2500 4273 benedicentes,
2532 4207 2624 4261 tibi
2656 4208 2893 4275 protinus
2921 4211 3219 4272 remittam;
3259 4218 3313 4263 et
3339 4209 3508 4263 credi-

1936 4311 2054 4352 mus
2082 4297 2133 4350 in
2163 4297 2376 4351 Christo
2407 4298 2546 4366 quod
2577 4299 2684 4351 filia
2729 4306 2812 4351 tua
2857 4298 2959 4352 isto
2999 4299 3156 4351 modo
3205 4299 3272 4351 ab
3313 4300 3508 4355 inimici

1937 4389 2189 4441 liberetur
2218 4388 2453 4441 incursu.
2486 4388 2725 4457 Cumque
2749 4392 2921 4442 tunica
2954 4389 3145 4456 puella:
3173 4400 3357 4443 sancto
3383 4391 3507 4443 fuis-

254 4486 599 4538 credentibus
629 4483 961 4536 contulisset.
994 4482 1141 4535 'l‘unc
1180 4492 1397 4535 sanctus
1433 4482 1511 4534 vir
1547 4482 1830 4551 Dionysius
1859 4481 1912 4540 D
1937 4489 2019 4531 set
2045 4477 2222 4541 allata,
2247 4492 2433 4531 severe
2464 4478 2618 4530 nimis
2647 4478 2866 4530 intuitus
2888 4478 2963 4529 ait
2989 4496 3001 4529 :
3029 4477 3142 4531 Non
3166 4487 3246 4531 est
3273 4478 3387 4545 ejus
3411 4479 3506 4532 iste

254 4578 453 4630 factum
484 4577 745 4638 sentiens,
794 4573 1065 4628 benedixit
1106 4573 1336 4639 mulieri,
1382 4582 1437 4626 et
1476 4576 1717 4640 protinus
1762 4575 1829 4626 ad

249 4680 344 4719 sua
377 4666 671 4733 repedavit.

317 4756 453 4811 CAP.
496 4755 716 4809 XXXV.
748 4784 819 4795 —
864 4752 1162 4821 Aliquando
1184 4766 1309 4805 vero
1332 4753 1627 4805 necessitas
1656 4753 1830 4821 exegit

248 4857 309 4901 ut
338 4849 483 4914 sepis
521 4846 817 4900 munimine
845 4844 1222 4897 monasterium
1262 4844 1571 4908 vallaretur,
1623 4846 1673 4897 in
1724 4860 1829 4913 quo

247 4952 419 5003 opere
445 4936 809 4989 laborantibus
833 4932 1102 4998 fratribus,
1132 4931 1245 5000 ipse
1268 4932 1420 4986 laetus
1436 4932 1639 4987 ferebat
1662 4935 1827 4987 maxi-

248 5041 399 5079 mum
429 5025 705 5079 auxilium.

324 5115 449 5167 Post
465 5114 764 5182 aliquantos
781 5121 957 5165 autem
976 5111 1089 5165 dies
1117 5112 1410 5164 monachus
1433 5112 1647 5178 quidam
1675 5128 1825 5179 pres-

247 5203 427 5274 byter,
464 5205 751 5257 multorum
804 5202 1024 5255 fratrum
1057 5211 1203 5269 pater
1230 5202 1484 5265 existens,
1516 5203 1604 5270 qui
1637 5204 1825 5257 stilitus

247 5303 374 5347 erat
408 5305 647 5349 sanetum
687 5292 1027 5347 Pachomium
1062 5293 1250 5345 crebro
1278 5291 1512 5352 visitare,
1560 5295 1704 5346 venit
1758 5296 1823 5347 ad

252 5404 384 5443 eum
411 5406 529 5444 cum
561 5405 667 5445 uno
696 5388 895 5457 fratre,
930 5399 1145 5459 propter
1190 5392 1582 5443 contentionem
1624 5406 1740 5459 qua:
1775 5392 1825 5444 in

252 5490 581 5534 monasterio
618 5489 731 5534 orta
780 5481 977 5544 fuerat,
1026 5494 1091 5533 ex
1142 5480 1240 5535 hac
1271 5481 1517 5535 videlicet
1544 5496 1703 5535 causa
1740 5502 1750 5534 :
1785 5485 1828 5536 is

250 5569 378 5634 ipse
406 5569 590 5633 frater,
620 5570 708 5637 qui
740 5586 857 5622 cum
892 5585 958 5622 eo
985 5580 1319 5638 pervenerat,
1353 5572 1607 5625 molestus
1638 5582 1750 5625 erat
1779 5575 1827 5627 ci

250 5662 499 5731 nimium,
549 5662 828 5717 clericatus
876 5661 1183 5717 desiderans
1239 5663 1545 5732 dignitatem
1602 5683 1613 5718 :
1671 5682 1824 5733 quem

1936 4568 2174 4620 vestitus.
2234 4566 2545 4620 Affirmante
2585 4582 2712 4620 vero
2756 4578 2906 4635 patre
2947 4578 3105 4637 atque
3142 4569 3352 4623 dicente
3391 4571 3506 4635 ejus

1938 4672 2076 4722 esse,
2110 4659 2384 4725 respondit
2403 4660 2449 4711 ei
2478 4676 2490 4710 :
2524 4661 2587 4711 Et
2611 4674 2708 4725 ego
2730 4660 2852 4712 novi
2876 4661 3014 4727 quod
3037 4659 3152 4728 ejus
3173 4661 3270 4724 sit;
3296 4661 3387 4714 sed
3411 4662 3507 4713 vir-

1930 4749 2206 4820 ginitatem
2243 4764 2391 4803 suam
2442 4750 2551 4804 Deo
2595 4751 2868 4814 dedicans,
2902 4765 3006 4803 non
3034 4756 3266 4803 servavit
3304 4751 3503 4803 sancti-

1934 4841 2125 4894 monia:
2167 4842 2450 4908 puritatem
2487 4858 2499 4892 :
2537 4852 2753 4909 propter
2782 4841 2883 4895 hoc
2908 4845 3023 4909 ejus
3053 4842 3335 4909 inspiciens
3369 4842 3505 4893 tuni-

1932 4945 2069 4996 cam,
2088 4940 2140 4984 et
2157 4930 2453 4999 intelligens
2470 4935 2763 4987 castitatem
2782 4948 2930 4985 suam
2951 4934 3165 4985 minime
3186 4932 3501 5012 custodisse,

1934 5037 2039 5076 non
2071 5022 2186 5089 ejus
2216 5036 2335 5076 esse
2370 5031 2593 5075 testatus
2639 5038 2776 5076 sum.
2805 5023 3074 5090 Spondeat
3119 5023 3293 5092 itaque
3326 5023 3416 5077 tibi
3450 5026 3501 5078 in

1933 5124 2221 5182 conspectu
2274 5115 2482 5167 Domini
2530 5114 2780 5181 deinceps
2826 5116 3007 5168 vivere
3045 5115 3399 5177 continenter,
3450 5125 3504 5169 et

1934 5205 2303 5275 propitiabitur
2342 5208 2389 5259 ei
2420 5205 2683 5267 Christus,
2722 5221 3009 5272 sanamque
3039 5205 3297 5260 restituet.
3351 5208 3503 5260 Pater

1932 5299 2089 5367 igitur
2117 5297 2394 5366 indignans
2425 5309 2478 5353 et
2502 5314 2756 5362 moerens,
2782 5300 2940 5351 filiam
2967 5314 3115 5352 suam
3142 5308 3502 5366 perscrutatus

1929 5401 2031 5453 est,
2063 5400 2115 5444 et
2136 5392 2213 5443 sic
2241 5405 2363 5444 esse
2392 5400 2447 5443 ut
2476 5400 2691 5444 sanctus
2722 5390 3039 5444 Pachomius
3067 5389 3272 5443 dixerat
3311 5389 3500 5457 puellus

1930 5481 2268 5535 confessione
2296 5481 2562 5547 cognovit.
2593 5482 2721 5546 Quae
2755 5494 2874 5534 cum
2914 5480 3216 5548 jurameuto
3262 5460 3496 5545 pollicita

1929 5574 2114 5627 fuisset
2138 5586 2407 5638 nunquam
2437 5586 2494 5623 se
2523 5571 2644 5624 talia
2674 5587 2859 5639 gerere
2882 5573 3038 5637 velle,
3073 5587 3167 5639 pro
3189 5586 3249 5623 ea
3277 5572 3354 5623 vir
3379 5571 3496 5621 bea-

1934 5678 2014 5719 tus
2052 5664 2274 5719 Domino
2303 5662 2638 5731 supplicavit,
2674 5664 3095 5730 benediccnsque
3124 5664 3301 5717 oleum
3332 5658 3492 5711 misit.
