4016 6276
423 333 531 388 2235

1463 325 1552 379 DE
1593 323 1769 379 VITIS
1808 318 2091 376 PATRUM
2134 320 2334 375 LIBER
2374 321 2653 377 PRIMUS.

3580 324 3694 380 256

423 448 541 511 Quo
561 449 837 514 peruncta,
869 440 986 495 sine
1028 452 1176 493 mora
1216 445 1400 491 curata
1443 444 1544 499 est,
1591 443 1645 489 et
1674 432 2004 503 glorificabat
2032 430 2082 489 Α
2108 433 2349 502 Cumque
2397 440 2726 487 memoratus
2759 432 2971 502 juvenis
3014 448 3066 488 in
3110 435 3323 503 propria
3377 435 3693 503 persisteret

427 539 708 593 hominum
727 536 940 606 jugiter,
961 532 1101 603 quod
1119 546 1224 585 non
1240 531 1415 584 solum
1438 529 1704 591 daemone,
1730 526 1821 581 sed
1850 524 2008 596 128

423 631 588 685 etiam
618 626 917 683 detestabili
947 622 1361 679 conversatione
1398 621 1678 684 caruisset,
1712 618 1842 671 etin
1877 615 2003 669 τριξ-

422 733 585 784 quum
613 715 961 773 continentia:
989 729 1048 769 se
1075 713 1266 768 studiis
1294 727 1392 782 per
1417 709 1619 763 Christi
1651 708 2009 778 mancipasset

424 808 700 864 auxilium.

494 900 627 956 Car.
667 896 933 954 XXXVII.
963 927 1034 938 —
1076 896 1193 951 Tali
1220 894 1381 964 igitur
1410 892 1664 961 opinione
1706 891 1773 945 de
1819 896 2006 943 sancto

423 992 542 1046 \‘iro
569 990 765 1060 ubique
802 995 1078 1051 currente,
1135 985 1274 1039 alius
1315 980 1660 1038 nihilominus
1699 979 1792 1049 qui
1840 980 2011 1032 illium

422 1097 577 1136 suum
607 1096 636 1135 a
676 1080 945 1135 daemonio
974 1092 1305 1145 possessum,
1337 1076 1455 1130 sine
1484 1072 1882 1127 intermissione
1908 1071 2006 1123 de-

423 1173 608 1238 ﬂebat,
656 1186 755 1226 nec
780 1186 901 1226 eum
936 1170 1231 1239 perducere
1259 1174 1467 1235 poterat
1501 1163 1565 1219 ad
1597 1162 2002 1226 monasterium,

422 1279 563 1331 genu
592 1260 749 1317 nixus
778 1258 1111 1329 supplicabat
1139 1255 1447 1321 Pachomio,
1486 1261 1543 1307 ut
1573 1267 1669 1321 pro
1711 1267 1779 1305 eo
1816 1265 2004 1320 preca-

422 1362 570 1408 retur
595 1352 1035 1418 omnipotentiatn
1065 1348 1286 1404 Christi.
1327 1347 1428 1415 Qui
1458 1360 1579 1399 cum
1603 1353 1834 1408 orasset,
1860 1341 2009 1395 dedit

420 1446 471 1498 ei
516 1444 858 1499 benedictum
906 1457 1123 1513 panem,
1166 1440 1399 1495 sollicite
1443 1435 1758 1506 prmcipiens
1787 1442 1846 1488 ut
1883 1442 2008 1488 ante

419 1535 599 1589 cibum
623 1548 688 1589 ex
713 1548 779 1589 eo
799 1532 1074 1602 paululum
1092 1545 1305 1601 semper
1325 1540 1720 1599 energumenus
1748 1536 2004 1578 sumeret.

420 1623 665 1694 Cumque
685 1621 945 1678 esurisset
965 1620 1104 1674 filius
1132 1620 1267 1688 ejus.
1294 1632 1362 1673 ex
1384 1617 1498 1685 ipso
1531 1629 1664 1683 pane
1694 1613 2005 1683 particulari

420 1716 473 1771 ei
504 1714 741 1778 tradidit,
774 1712 869 1767 sed
909 1726 1014 1766 non
1055 1710 1296 1781 permisit
1334 1704 1638 1761 immundus
1686 1702 1906 1773 spiritus
1948 1712 2005 1757 ut

2109 521 2389 590 pravitate,
2419 531 2474 578 et
2502 522 2619 577 aliis
2644 523 2953 590 exemplum
2996 522 3316 591 perditionis
3361 528 3691 587 ostenderet,

2107 610 2173 663 ad
2205 620 2531 680 postremum
2558 613 2729 666 visum
2761 622 2841 667 est
2871 612 3120 669 omnibus
3161 621 3220 667 ut
3262 627 3290 665 a
3333 622 3516 667 sancta
3557 629 3694 667 con-

2108 702 2415 771 gregatione
2438 702 2586 757 velut
2624 702 3023 774 indignissimus
3049 713 3341 758 arceretur.
3372 705 3475 758 Sed
3507 704 3695 759 beatus

2044 859 2052 866 υ
2109 792 2427 847 Pachomius
2475 795 2577 848 hoc
2621 793 2762 846 idem
2810 794 3040 848 credidit
3087 794 3464 850 differendum.
3522 796 3693 862 Quem

2107 885 2270 938 etiam
2298 882 2575 937 mitissima
2601 891 2758 951 atque
2782 884 3173 952 sapientissima
3199 887 3542 955 correptione
3564 902 3698 940 con-

2108 974 2350 1040 veniens,
2385 981 2440 1027 et
2473 973 2780 1033 caelestibus
2809 974 3062 1030 erudiens
3089 975 3367 1040 institutis,
3417 977 3487 1030 ita
3515 976 3700 1032 divino

2110 1067 2301 1121 timore
2347 1065 2641 1131 succendit,
2670 1074 2724 1120 et
2752 1066 2831 1120 sic
2873 1067 3047 1121 anima
3089 1067 3208 1137 ejus
3248 1067 3550 1123 futurorum
3591 1069 3699 1123 fide

2108 1166 2424 1225 compuncta
2450 1166 2553 1223 est,
2584 1166 2642 1212 ut
2659 1171 2718 1212 se
2742 1158 2999 1228 deinceps
3025 1161 3299 1216 absnnere
3325 1176 3430 1215 non
3456 1170 3639 1229 posset
3665 1177 3696 1217 a

2110 1248 2382 1320 Iacrymis.
2415 1249 2742 1303 Emendatus
2764 1250 2941 1319 itaque
2964 1265 3058 1318 per
3078 1252 3277 1317 omnia,
3310 1268 3559 1323 magnum
3588 1267 3697 1307 ca:-

2111 1343 2240 1395 teris
2294 1342 2673 1395 documentum
2717 1342 3085 1397 conversionis
3139 1343 3398 1399 exhibuit.
3450 1343 3509 1397 In
3545 1341 3698 1398 omni

2111 1445 2340 1500 namque
2368 1429 2488 1486 loco
2517 1439 2571 1486 et
2600 1431 2653 1486 in
2681 1431 2829 1487 omni
2854 1434 3164 1500 operatione
3193 1435 3354 1490 ﬂebat
3373 1435 3604 1505 jugiter;
3644 1445 3700 1492 et

2111 1537 2211 1576 nec
2237 1530 2363 1577 tunc
2389 1522 2623 1591 quidem,
2654 1538 2775 1578 cum
2806 1524 2981 1579 cibum
3008 1525 3149 1580 inter
3176 1524 3368 1581 fratres
3396 1538 3638 1595 caperet,
3664 1542 3697 1583 a

2112 1617 2492 1672 lamentatione
2521 1618 2785 1673 cessabat.
2818 1618 2948 1683 Qua:
2976 1632 3065 1672 res
3094 1620 3253 1673 etiam
3278 1621 3539 1687 permovit
3559 1620 3699 1674 mul-

2112 1715 2195 1763 tos
2232 1724 2297 1763 ex
2327 1709 2625 1776 monachis,
2656 1710 2746 1778 qui
2769 1717 2824 1764 et
2846 1710 3093 1765 dixerunt
3118 1728 3131 1765 :
3160 1712 3396 1767 Tandem
3421 1727 3451 1766 a
3481 1714 3700 1781 planctu

420 1806 616 1863 exinde
644 1805 865 1859 omnino
894 1811 1164 1873 gustaret;
1198 1816 1264 1856 ex
1289 1799 1407 1855 aliis
1435 1806 1613 1852 autem
1644 1794 1869 1862 panibus
1911 1794 1998 1862 qui
2032 1783 2080 1844 Β
2108 1807 2160 1853 te
2180 1798 2394 1867 cohibe,
2436 1814 2535 1854 nec
2557 1808 2724 1865 tanta,
2765 1814 3096 1870 quaesumus,
3127 1800 3420 1857 afflictione
3447 1802 3697 1873 dejicias.

420 1907 575 1954 erant
597 1895 824 1969 appositi
854 1908 1044 1948 manus
1084 1907 1211 1947 suas
1241 1890 1503 1961 implevit,
1533 1887 1800 1957 coepitque
1824 1902 2005 1941 come.

429 1991 581 2045 dere.
608 1990 766 2044 Pater
794 2003 922 2057 ergo
944 1985 1280 2041 benedictum
1322 1998 1512 2052 panem
1541 1997 1633 2052 per
1661 1984 1826 2036 frusta
1856 1994 2009 2035 com-

428 2081 697 2145 minuens,
748 2079 800 2132 in
841 2076 1183 2132 interioribus
1212 2075 1527 2143 palmarum,
1560 2071 1783 2127 sublatis
1811 2071 2006 2127 exinde

419 2174 651 2238 ossibus,
682 2170 935 2235 immisit;
980 2180 1036 2224 et
1060 2169 1159 2223 has
1187 2168 1236 2222 ei
1269 2175 1471 2221 tantum
1501 2165 1659 2220 modo
1688 2165 1891 2232 palmas
1913 2180 2010 2232 ap-

419 2264 619 2334 posuit,
647 2271 707 2317 ut
728 2261 974 2315 nesciens
996 2259 1046 2313 id
1068 2258 1211 2329 quod
1231 2257 1428 2312 factum
1448 2267 1552 2320 est,
1576 2256 2005 2312 benedictionem

422 2356 701 2425 percipere
717 2361 1034 2409 mereretur.
1054 2351 1196 2419 Quas
1217 2348 1556 2418 adaperiens,
1581 2348 1671 2402 ille
1699 2347 1869 2402 frusta
1890 2362 2009 2417 qua:

424 2448 619 2516 injecta
648 2445 862 2500 fuerant
891 2442 1236 2513 proj'ciebat;
1288 2449 1344 2496 et
1383 2440 1525 2507 ipsas
1552 2447 1861 2492 exsecratus
1896 2437 2011 2505 pal-

419 2552 560 2601 tnas,
610 2536 739 2590 nihil
786 2534 998 2604 penitus
1049 2546 1186 2586 esca:
1217 2531 1431 2586 volebat
1471 2530 1740 2597 accipere.
1773 2528 2011 2595 Cumque

424 2636 576 2699 pater
604 2643 725 2682 eum
757 2627 874 2681 sine
913 2605 1035 2680 cibo
1076 2638 1294 2679 manere
1335 2621 1524 2678 diebus
1574 2619 1818 2690 plurimis
1865 2633 2013 2673 com-

422 2718 665 2788 pulisset,
709 2717 851 2771 fame
896 2723 1136 2779 coactus,
1163 2729 1230 2768 ex
1259 2712 1544 2768 benedicto
1569 2725 1706 2780 pane
1733 2710 1967 2779 percepit
1991 2723 2007 2774 ;

421 2822 487 2863 ac
519 2808 759 2877 protinus
788 2821 979 2861 somno
1006 2806 1276 2873 detentus,
1308 2819 1339 2858 a
1372 2803 1609 2874 maligno
1648 2801 1839 2871 spiritu
1877 2801 2012 2854 libe-

421 2907 568 2953 ratus
595 2905 696 2953 est.
729 2897 898 2965 Quem
928 2911 1110 2951 secum
1142 2901 1291 2965 pater
1319 2893 1387 2948 ad
1412 2893 1582 2948 sancti
1609 2891 1883 2947 Pachomii
1918 2905 2012 2944 ve-

428 2987 588 3057 stigia
619 2986 885 3057 perduxit,
914 2985 1136 3041 laudans
1161 2993 1217 3040 et
1238 2984 1547 3055 glorificans
1568 2984 1754 3051 Deum,
1788 2985 1877 3053 qui
1919 3001 2013 3054 per

421 3092 608 3132 servos
654 3092 781 3132 suos
832 3087 1088 3146 operatur
1126 3076 1387 3146 magnalia
1416 3084 1471 3130 et
1496 3076 1753 3145 gloriosa,
1783 3092 2009 3145 quorum

424 3185 532 3225 non
563 3180 643 3225 est
672 3185 943 3225 numerus.
971 3171 1117 3224 Alias
1146 3184 1357 3239 quoque
1375 3170 1635 3223 sanitates
1659 3169 1921 3239 plurimas
1954 3170 2006 3224 in

422 3261 620 3315 virtute
659 3261 828 3314 sancti
880 3260 1108 3328 Spiritus
1149 3261 1230 3313 vir
1276 3259 1614 3313 beatissimus
1644 3257 1868 3326 faciens,
1901 3274 2004 3315 non

422 3351 803 3412 extollebatur,
826 3365 925 3405 nec
949 3365 1181 3417 unquam
1207 3364 1300 3404 cor
1329 3348 1448 3417 ejus
1476 3350 1674 3403 elatum
1701 3358 1805 3404 est.
1829 3349 2007 3404 Habe-

423 3443 514 3498 bat
541 3452 720 3496 autem
750 3441 885 3495 hanc
911 3455 941 3494 a
974 3441 1198 3494 Domino
1226 3440 1469 3509 gratiam,
1522 3447 1581 3492 ut
1620 3438 1761 3493 idem
1790 3453 2007 3508 semper

422 3540 481 3586 et
503 3530 727 3600 aqualis
751 3539 898 3586 esset
917 3531 968 3583 in
988 3529 1257 3593 omnibus,
1285 3529 1628 3599 animumque
1652 3529 1705 3582 in
1729 3528 2007 3597 disciplina

424 3622 635 3677 Domini
659 3622 943 3676 sollicitum
972 3620 1244 3674 retineret.
1269 3619 1335 3673 Et
1359 3619 1405 3673 si
1431 3618 1645 3688 quando
1667 3633 1893 3688 poscens
1911 3619 2008 3674 ali-

425 3715 553 3782 quid
582 3728 611 3767 a
642 3712 889 3778 Domino,
922 3711 1193 3781 petitionis
1223 3725 1333 3766 sua!
1359 3726 1464 3765 non
1484 3722 1906 3780 consequeretur
1930 3712 2008 3767 ef-

421 3805 639 3870 fectum,
668 3819 775 3859 non
798 3803 1214 3859 contristabatur
1227 3805 1467 3869 omnino,
1489 3802 1583 3857 sed
1607 3802 1993 3872 patientissime

420 3896 742 3963 sustinebat,
774 3893 948 3949 sciens
978 3895 1080 3948 hoc
1108 3894 1363 3960 expedire
1391 3893 1475 3949 vel
1505 3894 1606 3947 sibi
1624 3894 1704 3948 vel
1735 3894 2004 3957 omnibus,

420 3985 677 4057 quidquid
721 3985 896 4040 divina
950 3983 1319 4038 misericordia
1349 3984 1684 4049 censuisset;
1724 3982 1849 4053 quia
1896 3984 2005 4038 fre-

421 4086 647 4147 quenter
693 4075 990 4130 intentione
1034 4075 1242 4129 sincera
1283 4073 1532 4128 videmur
1560 4073 1831 4143 postulare
1878 4089 2008 4129 con-

422 4170 609 4234 traria,
639 4183 759 4237 qua:
788 4165 996 4220 Domini
1022 4165 1257 4232 bonitas,
1287 4181 1410 4220 cum
1432 4182 1539 4222 non
1561 4166 1831 4230 concedit.
1869 4182 2009 4236 pras-

421 4269 568 4312 stare
586 4258 864 4326 dignatur;
888 4262 943 4310 et
964 4264 1090 4309 tunc
1113 4256 1290 4324 potius
1309 4257 1602 4311 clementer
1622 4256 1863 4323 exaudit,
1884 4271 2005 4312 cum

422 4359 541 4404 vota
566 4359 764 4403 nostra:
794 4348 1106 4417 ignorantia:
1136 4355 1291 4403 nocte
1313 4348 1484 4403 velata
1515 4364 1619 4403 non
1640 4336 1872 4418 perlicit.

493 4440 622 4496 (ΞΑΡ.
664 4437 953 4493 XXXVIII.
978 4467 1049 4478 —
1068 4437 1294 4505 Quidam
1320 4438 1550 4509 denique
1570 4438 1805 4509 juvenis,
1837 4439 2009 4495 Silva-

422 4548 524 4588 nus
549 4532 783 4597 nomine,
816 4530 883 4585 de
906 4545 1065 4586 scena
1091 4545 1403 4597 conversus,
1436 4531 1502 4585 ad
1530 4541 1769 4586 sanctum
1799 4532 2005 4587 Pacho—
2038 4511 2091 4569 D

422 4628 592 4682 mium
617 4627 775 4689 venit,
808 4625 994 4680 volens
1038 4641 1093 4679 in
1136 4626 1252 4693 ejus
1298 4626 1621 4680 monasterio
1664 4626 2007 4681 commorari.

422 4719 522 4784 Qui
558 4733 678 4773 cum
709 4725 991 4786 susceptus
1019 4725 1184 4783 esset,
1242 4715 1469 4771 infectus
1493 4730 1747 4785 perversa
1776 4732 2006 4770 consue-

424 4807 611 4863 tudine
631 4805 836 4872 steculi,
872 4805 1033 4859 nullis
1061 4805 1359 4874 disciplinae
1390 4806 1585 4875 regulis
1616 4816 1823 4873 poterat
1850 4821 2004 4861 coer-

420 4899 572 4961 ceri;
607 4898 939 4966 salutemque
968 4898 1232 4966 propriam
1265 4898 1558 4965 negligens,
1609 4898 1724 4950 dies
1754 4911 1881 4951 suos
1910 4914 2005 4950 va-

425 4989 705 5043 nitatibus
734 4989 973 5059 pristinis
1022 4999 1182 5057 atque
1224 4989 1464 5045 ridiculis
1500 4990 1793 5056 occupabat
1824 5005 1838 5041 :
1870 4990 2007 5045 adeo

383 5078 386 5081 λ
423 5090 481 5132 ut
510 5081 794 5135 nonnullos
832 5098 895 5135 cx
946 5082 1194 5135 fratribus
1239 5090 1528 5146 everteret,
1563 5089 1617 5136 et
1662 5081 1729 5135 ad
1773 5082 2006 5137 studium

425 5170 603 5223 simile
630 5180 1014 5224 commoveret.
1038 5172 1191 5237 Quod
1221 5172 1435 5242 plurimi
1470 5188 1571 5225 non
1604 5171 1857 5236 ferentes,
1886 5188 2009 5227 sau-

424 5267 516 5311 cto
544 5258 833 5312 Pachomio
863 5272 1154 5329 suggerunt
1194 5272 1249 5314 ut
1278 5277 1399 5315 eum
1433 5261 1499 5314 de
1529 5263 1853 5316 monasterio
1886 5263 2006 5331 pelli

426 5348 764 5417 prmciperet.
797 5349 876 5402 Ad
908 5364 1063 5417 quam
1089 5366 1200 5403 rem
1227 5366 1332 5405 non
1361 5352 1442 5406 eis
1467 5354 1683 5416 annuit;
1708 5354 1801 5407 sed
1829 5370 2007 5421 aequa-

427 5438 645 5493 nimiter
673 5438 868 5503 ferens,
895 5440 1166 5492 admonuit
1193 5442 1465 5509 praefatum
1495 5442 1710 5497 fratrem
1734 5454 1790 5497 ut
1810 5458 1868 5498 se
1890 5459 2009 5497 COI-

428 5531 650 5599 rigeret,
698 5538 754 5583 et
802 5527 1033 5598 antiquae
1076 5531 1465 5586 conversationi
1507 5535 1856 5590 renuntiaret.
1904 5535 2009 5589 Pro

427 5640 535 5693 quo
554 5624 711 5680 etiam
739 5623 938 5694 jugiter
964 5625 1186 5678 Domino
1209 5627 1562 5696 supplicabat,
1597 5637 1653 5683 ut
1680 5629 1727 5683 ei
1754 5643 2011 5698 compun-

426 5718 660 5774 ctionem
689 5718 868 5776 cordis
916 5717 1071 5774 solita
1102 5718 1313 5787 pictatis
1344 5721 1667 5778 abundantia
1698 5721 2000 5785 largiretur.

2108 1892 2209 1957 Qui
2237 1890 2513 1961 respondit
2539 1908 2553 1944 :
2584 1892 2760 1946 Conor
2779 1892 3017 1960 quidem,
3046 1892 3186 1949 sicut
3206 1894 3425 1965 jubetis,
3454 1909 3483 1947 a
3516 1896 3699 1965 lacryc

2110 1983 2213 2037 mis
2254 1993 2579 2051 temperare,
2613 1998 2714 2038 nec
2741 1997 2978 2051 possum.
3008 1985 3199 2040 Pectus
3224 1986 3363 2040 enim
3394 2002 3570 2041 meum
3599 2000 3701 2041 ve-

2111 2073 2211 2127 luti
2240 2074 2481 2143 quaedam
2512 2074 2724 2128 flamma
2756 2076 3098 2142 comburens,
3150 2078 3386 2146 quietum
3435 2091 3523 2131 me
3573 2090 3704 2133 esse

2109 2180 2216 2219 non
2242 2165 2389 2219 sinit.
2420 2164 2650 2219 Rursum
2684 2164 2781 2232 ipsi
2812 2163 3062 2220 dixerunt
3095 2184 3108 2219 :
3140 2167 3291 2235 Apud
3322 2177 3373 2221 te
3402 2165 3455 2220 in
3483 2177 3702 2222 secreto

2110 2264 2224 2322 tuo,
2251 2257 2333 2312 vel
2357 2266 2503 2312 certe
2534 2257 2588 2310 in
2616 2257 2946 2312 orationibus
2978 2258 3240 2329 plangito;
3269 2274 3387 2313 cum
3418 2272 3544 2312 vero
3568 2272 3704 2312 con—

2112 2351 2355 2403 venimus
2384 2350 2450 2404 ad
2481 2365 2738 2414 mensam,
2767 2351 2943 2405 cibum
2966 2365 3179 2406 sumere
3203 2351 3393 2416 debes,
3419 2361 3475 2405 et
3502 2366 3529 2403 a
3561 2349 3704 2404 fleti-

2112 2441 2212 2494 bus
2241 2440 2533 2495 abstinere.
2566 2440 2699 2495 Nam
2726 2441 2980 2511 possibile
3005 2449 3089 2497 est
3109 2442 3341 2496 animam
3364 2450 3418 2497 et
3440 2442 3555 2496 sine
3581 2441 3703 2496 istis

2113 2534 2469 2588 exterioribus
2498 2533 2748 2604 larrymis
2775 2549 2987 2602 semper
3025 2534 3077 2588 in
3108 2536 3518 2602 compunctione
3572 2547 3701 2602 per-

2114 2622 2306 2678 sistere
2334 2640 2347 2675 :
2374 2626 2499 2693 quia
2530 2624 2709 2692 plures
2736 2639 2768 2680 e
2791 2624 3043 2681 fratribus
3072 2620 3315 2681 videntes
3361 2634 3413 2680 te
3456 2624 3705 2691 flentem,

2120 2716 2445 2770 manducare
2469 2732 2572 2769 non
2599 2724 2839 2784 possunt.
2875 2717 2940 2771 Et
2967 2717 3363 2786 cogebanteum
3398 2715 3573 2781 fateri,
3604 2730 3704 2769 cur
3752 2760 3755 2761 ν

2115 2805 2186 2860 ita
2211 2820 2270 2858 se
2296 2806 2408 2859 suis
2437 2805 2667 2861 dilueret
2713 2807 2943 2861 ﬂetibus.
2974 2807 3125 2861 Tunc
3166 2809 3239 2860 ait
3281 2807 3347 2860 ad
3391 2822 3481 2861 eos
3527 2822 3543 2859 :
3582 2805 3706 2859 Non

2115 2897 2274 2951 vultis
2305 2908 2361 2952 ut
2386 2898 2652 2967 plangam,
2685 2913 2808 2952 cum
2836 2900 3042 2954 videam
3072 2914 3157 2954 me
3187 2899 3351 2953 foveri
3384 2899 3567 2953 multis
3596 2899 3707 2953 ob-

2114 2986 2314 3055 sequiis
2342 2997 2647 3041 sanctorum
2680 2986 2905 3041 fratrum
2934 3005 2947 3041 :
2979 3002 3203 3057 quorum
3230 2999 3283 3042 et
3314 2988 3481 3056 pulvis
3501 2988 3707 3057 pedum

2117 3076 2250 3130 mihi
2279 3077 2613 3131 venerandus
2654 3085 2757 3142 est,
2810 3092 2909 3132 nec
2949 3079 3028 3133 eis
3068 3094 3154 3132 me
3205 3078 3450 3133 conferre
3480 3078 3706 3147 dignum

2114 3182 2333 3237 prorsus
2368 3167 2641 3223 existimo.
2673 3167 2786 3221 Non
2811 3183 2938 3237 ergo
2967 3168 3235 3238 plangam,
3266 3170 3406 3239 quod
3440 3169 3599 3222 homo
3635 3169 3707 3223 de

2114 3274 2273 3315 scena
2305 3260 2484 3313 multis
2510 3261 2743 3328 peccatis
2786 3260 3075 3327 obnoxius,
3114 3261 3300 3316 officia
3333 3274 3474 3316 tanta
3520 3263 3707 3331 perci-

2115 3350 2293 3418 piam?
2320 3349 2505 3404 Timeo
2533 3350 2687 3404 valde
2716 3365 2805 3413 ne,
2837 3350 2974 3404 sicut
3004 3351 3206 3405 Dathan
3252 3364 3305 3407 et
3336 3354 3557 3420 Abirnn,
3608 3367 3708 3407 me

2113 3456 2325 3509 quoque
2349 3440 2624 3510 profanum
2645 3439 2789 3495 hiatu
2810 3455 2908 3495 suo
2929 3450 3064 3496 terra
3089 3441 3373 3511 deglutiat(
3384 3442 3544 3495 Num.
3563 3448 3706 3512 xvi).

2113 3532 2193 3606 llli
2224 3547 2452 3601 namque
2481 3532 2656 3599 impiis
2683 3531 2898 3585 ausibus
2918 3534 3270 3602 manibusque
3313 3534 3531 3602 pollutis
3572 3548 3708 3590 san-

2113 3635 2198 3678 cta
2225 3625 2439 3679 sibimet
2470 3638 2732 3692 usurpare
2758 3633 3097 3680 tentaverunt
3115 3624 3141 3690 ς’
3155 3640 3254 3695 ego
3274 3640 3403 3681 vero
3432 3637 3550 3689 post
3576 3635 3707 3681 tan-

2114 3724 2219 3766 tam
2247 3712 2601 3782 cognitionem
2625 3712 2787 3767 divini
2809 3714 3068 3788 muneris,
3093 3714 3287 3769 animae
3312 3728 3444 3767 mea:
3469 3715 3708 3770 salutem

2113 3805 2384 3859 desidiosa
2415 3804 2830 3862 conversatione
2856 3805 3085 3875 neglexi.
3118 3804 3241 3859 Ideo
3263 3804 3454 3875 quippe
3484 3806 3583 3859 ista
3612 3821 3709 3861 re-

2112 3894 2320 3957 colens,
2370 3908 2477 3948 non
2535 3894 2797 3970 erubesco
2844 3894 2974 3949 ﬂere
3020 3908 3200 3948 coram
3255 3895 3524 3958 omnibus,
3575 3896 3707 3963 quia

2113 3985 2277 4039 multa
2302 3984 2535 4039 facinora
2560 3998 2679 4039 mea
2708 3998 2827 4040 esse
2849 3998 3131 4054 cognosco,
3159 3985 3502 4055 qutejugibus
3526 3986 3710 4054 lacry-

2113 4090 2320 4128 marum
2346 4074 2579 4128 fontibus
2602 4073 2827 4128 debeam
2844 4074 3081 4142 expiare.
3107 4075 3263 4145 129
3287 4074 3440 4142 Quod
3460 4076 3503 4129 si
3526 4076 3705 4141 ipsam

2113 4167 2369 4221 miseram
2414 4167 2644 4219 animam
2695 4178 2869 4219 meam
2903 4180 2997 4231 per
3040 4167 3270 4220 lamenta
3321 4165 3705 4230 dilfunderem,

2116 4259 2248 4313 nihil
2294 4259 2526 4313 facerem
2573 4272 2844 4326 magnum,
2878 4257 3003 4328 quia
3031 4259 3231 4312 nullum
3262 4274 3359 4328 pro
3386 4260 3536 4313 factis
3564 4264 3709 4315 meis

2113 4351 2169 4406 in
2200 4349 2452 4420 praesenti
2480 4349 2695 4419 dignum
2728 4363 2944 4416 possum
2975 4350 3211 4419 reperire
3232 4351 3569 4419 supplicium.

2184 4444 2423 4512 Cumque
2451 4457 2545 4512 per
2571 4441 2688 4494 dies
2716 4441 2950 4510 singulos
2994 4440 3132 4496 idem
3165 4441 3333 4497 frater
3360 4443 3423 4497 ad
3476 4443 3703 4496 meliora

2116 4537 2435 4603 proliceret,
2464 4547 2755 4601 omnesque
2783 4533 3161 4601 propemodum
3191 4533 3242 4586 in
3287 4534 3583 4588 humilitate
3609 4549 3708 4587 su-

2119 4634 2359 4692 peraret,
2390 4626 2462 4677 ita
2492 4623 2560 4679 de
2600 4638 2666 4680 eo
2706 4632 2924 4678 sanctus
2968 4623 3285 4678 Pachomius
3312 4626 3475 4691 coepit
3514 4638 3703 4679 coram

2115 4714 2364 4769 omnibus
2394 4712 2608 4769 dicere:
2641 4713 2835 4769 Testor
2865 4727 2985 4779 vos,
3027 4712 3218 4767 fratres
3248 4729 3311 4768 ac
3356 4714 3483 4779 filii,
3513 4729 3701 4768 coram

2117 4807 2227 4860 Deo
2257 4816 2312 4861 et
2353 4804 2554 4861 sanctis
2580 4804 2696 4875 ejus
2743 4804 2966 4875 angelis,
2994 4807 3117 4875 quia
3160 4822 3225 4862 ex
3256 4822 3361 4877 quo
3389 4807 3703 4862 coenobium

2118 4895 2221 4950 hoc
2249 4896 2525 4950 fundatum
2571 4904 2686 4961 est,
2723 4896 2926 4950 nullum
2971 4898 3038 4950 de
3078 4897 3331 4953 fratribus
3371 4897 3461 4965 qui
3492 4914 3703 4953 mecum

2114 4995 2239 5042 sunt
2264 4986 2351 5040 vel
2392 4988 2637 5052 fuerunt,
2667 4988 3019 5041 humilitatem
3069 5003 3240 5042 meam
3290 5001 3535 5045 secutum
3578 5006 3703 5047 esse

2114 5088 2399 5146 cognosco,
2432 5076 2531 5130 nisi
2569 5091 2733 5129 unum
2766 5077 3149 5132 tantummodo.
3181 5081 3317 5144 Quo,
3351 5076 3569 5147 fratres,
3597 5097 3698 5134 au-

2113 5167 2245 5231 dito,
2277 5168 2514 5223 nonnulli
2547 5168 2801 5235 putabant
2832 5168 2972 5222 hunc
2998 5184 3162 5223 unum
3190 5184 3310 5225 esse
3329 5170 3702 5235 Theodorum,

2114 5260 2207 5313 alii
2240 5259 2577 5327 Petronium,
2611 5259 2701 5314 alii
2730 5273 2857 5313 vero
2882 5259 3180 5316 Orsesium.
3211 5261 3451 5331 Cumque
3482 5271 3699 5331 rogaret

2115 5348 2431 5403 Theodorus
2468 5364 2621 5415 eum,
2658 5355 2716 5402 ut
2758 5347 2876 5418 quis
2923 5350 3010 5404 ille
3051 5361 3195 5405 esset
3241 5351 3619 5420 depromeret,
3647 5361 3703 5406 et

2114 5452 2331 5493 sanctus
2354 5441 2434 5493 vir
2453 5439 2689 5495 indicare
2718 5439 2985 5505 differret,
3014 5456 3199 5496 rursus
3228 5458 3350 5496 eum
3384 5444 3701 5498 Theodorus

2116 5532 2461 5587 vehementer
2484 5532 2720 5602 urgebat.
2744 5531 2850 5586 Alii
2875 5547 3088 5602 quoque
3109 5535 3337 5602 majores
3358 5549 3423 5588 cx
3446 5532 3699 5588 fratribus

2116 5622 2402 5691 plurimum
2433 5625 2786 5693 precabantur
2812 5633 2869 5679 ut
2895 5625 3097 5681 diceret
3125 5627 3244 5695 quis
3267 5636 3411 5681 esset
3434 5627 3521 5681 cui
3556 5628 3703 5683 testi-

2118 5716 2355 5772 monium
2382 5716 2486 5774 tale
2510 5716 2829 5785 perhiberet.
2854 5717 3002 5774 Tunc
3027 5717 3307 5788 respondit
3336 5717 3656 5774 Pachomius
3683 5733 3697 5769 :
