4016 6218
269 302 365 355 257

1067 296 1223 351 \‘lTA
1265 295 1506 353 SANCTI
1550 293 1877 350 PACI’IOMII
1919 293 2206 349 ABBATIS
2249 297 2741 355 TABENNENSIS.

3439 301 3550 357 238

265 415 320 467 Si
363 412 564 467 scirem
608 425 730 465 eum
771 409 835 462 de
883 421 988 476 quo
1036 407 1274 462 dicturus
1318 423 1434 459 sum
1480 421 1628 459 vana;
1675 405 1860 472 gloriae
1890 405 1935 460 Α
1966 416 2244 471 coeperunt
2276 419 2522 474 parentes
2549 410 2818 471 defuncti,
2849 411 3126 477 culpantes
3147 427 3293 479 eum,
3325 413 3543 468 dicere:

263 502 500 557 stimulis
547 498 798 563 incitari,
849 512 1118 565 nunquam
1170 514 1294 550 eum
1341 497 1716 559 ostenderent;
1767 492 1861 547 sed

263 595 388 662 quia
440 591 801 661 proculdubio
847 590 1011 644 credo
1063 590 1203 658 quod
1254 605 1346 655 per
1393 590 1586 642 Christi
1637 591 1858 658 gratiam

263 691 526 750 quantum
576 681 745 734 laudis
787 680 834 733 ei
883 680 1201 743 accesserit,
1250 688 1452 732 tantum
1503 681 1616 746 ipse
1666 692 1858 731 munus

268 774 592 827 humilitatis
616 772 888 840 acquirct,
917 771 1136 835 idcirco,
1163 781 1221 824 ut
1245 786 1364 824 eum
1395 772 1609 838 possitis
1641 770 1854 834 imitari,

264 870 382 920 sine
414 874 564 919 metu
596 865 771 932 palam
803 862 1109 917 beatificare
1137 878 1240 916 non
1267 862 1479 916 desino.
1508 863 1584 914 Tu
1612 862 1822 927 quidem
1843 899 1857 922 ,

266 955 577 1020 Theodore,
607 966 655 1006 et
689 955 988 1022 quicunque
1039 953 1112 1005 tui
1157 961 1282 1005 sunt
1310 954 1531 1017 similes,
1564 951 1774 1004 fortiter
1804 952 1855 1003 in

266 1048 602 1102 monasuario
649 1056 940 1107 certantes,
970 1043 1239 1098 diabo'um
1285 1045 1529 1097 vinxistis
1572 1053 1621 1094 ut
1675 1055 1857 1108 passe-

267 1155 379 1192 rem
420 1139 560 1208 (57),
588 1148 644 1191 et
691 1136 789 1190 sub
820 1134 1011 1188 vestris
1049 1135 1272 1203 pedibus
1305 1133 1541 1187 allisi~tis
1579 1148 1732 1195 eunt,
1766 1146 1859 1198 per

269 1230 359 1282 Dei
393 1230 619 1295 gratiam
647 1227 1026 1280 conculcantes
1054 1235 1111 1277 ut
1142 1225 1449 1293 pulverem';
1482 1223 1571 1276 sed
1603 1226 1647 1276 si
1690 1222 1856 1293 (quod

267 1319 432 1386 absit)
486 1315 834 1387 neglexeritis
866 1315 917 1366 in
954 1314 1154 1381 aliquo,
1187 1327 1516 1379 consurgens
1566 1311 1610 1364 is
1639 1311 1728 1380 qui
1760 1312 1859 1364 sub

267 1408 512 1477 vestigiis
543 1407 738 1459 vestris
771 1414 884 1467 est,
917 1403 1173 1458 adversus
1202 1419 1300 1456 vos
1333 1405 1478 1472 gravi
1528 1403 1703 1456 ftirot-e
1735 1403 1856 1456 har-

267 1498 536 1552 chabitur.
567 1495 793 1551 Juvenis
818 1505 996 1547 autem
1028 1493 1294 1554 Silvanus,
1326 1508 1483 1558 quem
1513 1492 1710 1546 dudum
1742 1507 1857 1559 pro-

268 1597 386 1655 pter
431 1587 808 1655 negligentiam
849 1585 916 1638 de
964 1586 1288 1638 monasterio
1342 1585 1540 1650 pellere
1570 1585 1850 1649 volebatis,

269 1679 339 1732 ita
372 1677 666 1746 prostravit
691 1675 961 1729 inimicum
980 1716 994 1740 ,
1024 1684 1077 1728 et
1105 1690 1133 1727 a
1165 1675 1276 1727 suis
1301 1673 1548 1730 sensibus
1567 1673 1850 1743 'effugavit,

1967 496 2102 560 Quid
2134 507 2214 548 est
2246 499 2344 551 hoc
2385 500 2748 566 spectaculum
2788 502 3018 552 novum?
3045 504 3176 567 Quis
3202 505 3395 558 mortui
3439 521 3547 558 non

1965 589 2304 654 misereatur,
2339 591 2462 646 licet
2493 593 2565 646 sit
2610 593 2897 647 inimicus?
2929 595 3211 650 Suﬁiciens
3241 613 3337 665 per
3365 613 3424 653 se
3465 611 3545 654 est

1961 679 2072 745 ipsa
2123 681 2418 736 calamitas.
2471 682 2619 746 Noli,
2670 699 3005 751 quaesumus,
3067 684 3266 740 inferre
3313 698 3546 753 mortuo,

1960 767 2100 834 quod
2137 784 2234 823 nec
2277 772 2464 824 bellnte
2508 772 2780 837 facerent,
2824 788 2920 828 nec
2965 783 3106 828 tuam
3150 775 3412 830 condecet
3458 793 3549 845 pe-

1963 857 2103 911 nitus
2130 864 2486 914 sanctitatem.
2516 863 2646 916 Nam
2672 873 2727 916 et
2756 879 2852 916 nos
2885 864 3008 917 hinc
3037 875 3283 919 ttotamur
3311 866 3547 919 maximo

1961 949 2269 1016 opprobrio,
2295 952 2501 1019 aliaque
2525 955 2916 1023 quamplurima
2947 958 3316 1020 suspicionum
3345 961 3538 1020 probra

1964 1051 2276 1096 nascuntur.
2310 1042 2520 1096 Utinam
2553 1059 2823 1113 nunquam
2858 1046 2922 1098 ad
2971 1047 3110 1100 hunc
3156 1047 3328 1100 locum
3364 1049 3545 1102 venis-

1965 1134 2176 1185 semus!
2208 1133 2406 1186 utinam
2451 1150 2549 1188 nec
2589 1136 2688 1188 iste
2731 1136 3026 1190 monachus
3077 1138 3261 1192 fuisset
3290 1139 3543 1192 effectus!

1965 1235 2072 1271 non
2104 1221 2246 1275 hunc
2273 1232 2530 1276 :eteruum
2560 1225 2798 1278 dolorem
2841 1227 2992 1280 nobis
3041 1228 3324 1298 ittlligeret.
3369 1229 3547 1295 Roga-

1965 1326 2083 1363 mus
2124 1327 2250 1382 ergo
2279 1325 2335 1367 ttt
2362 1316 2571 1368 solitam
2605 1317 2952 1383 psalmodiam
2983 1319 3232 1373 defuncto
3273 1323 3545 1374 restituas.

1961 1400 2061 1466 Qui
2091 1405 2422 1470 respondens
2449 1415 2560 1458 att:
2592 1407 2750 1470 Vere,
2781 1406 2971 1461 fratres
3000 1423 3064 1461 ac
3097 1411 3212 1473 filii,
3245 1411 3363 1475 plus
3395 1411 3548 1463 vobis

1964 1495 2244 1557 praesentis
2296 1494 2492 1547 mortui
2537 1495 2818 1559 misereor,
2867 1497 3126 1551 intaututn
3177 1507 3236 1550 ut
3280 1499 3430 1552 vobis
3480 1501 3546 1552 tle

1962 1578 2161 1632 vistbili
2190 1595 2246 1635 re
2274 1596 2335 1636 ac
2366 1585 2642 1651 temporali
2685 1586 3014 1651 curantibus,
3069 1601 3168 1655 ego
3198 1589 3264 1642 de
3291 1589 3544 1644 invisLbili

1961 1670 2077 1736 ejus
2116 1673 2410 1727 substantia
2438 1676 2853 1731 sollicitudinem
2880 1695 3093 1747 geram,
3123 1691 3177 1734 et
3204 1681 3401 1735 idcirco
3432 1683 3545 1737 ha-c

271 1781 324 1822 ut
353 1783 618 1838 nusquam
643 1782 821 1821 coram
850 1781 915 1820 eo
944 1772 1277 1833 compareat,
1308 1765 1518 1832 altaque
1547 1765 1848 1818 humilitate
1885 1768 1930 1828 Β
1956 1774 2080 1827 erga
2121 1775 2243 1815 eum
2291 1763 2408 1817 fieri
2458 1765 2767 1820 decernam.
2800 1768 2864 1821 Et
2912 1784 3008 1822 vos
3052 1772 3264 1837 quidem
3316 1771 3546 1838 majores

267 1877 388 1914 eum
422 1877 521 1929 per
546 1858 724 1914 omnia
760 1858 1050 1926 superavit.
1086 1857 1152 1909 Et
1173 1870 1268 1910 vos
1297 1857 1510 1924 quidem
1539 1854 1731 1911 fratres
1761 1857 1855 1909 ha-

269 1954 458 2006 bentes
487 1967 653 2019 opera
689 1949 930 2018 jUSliliiB,
967 1951 1018 1999 in
1053 1947 1134 2000 his
1172 1962 1295 2016 qua:
1332 1947 1594 2015 gessistis,
1635 1949 1851 2016 gloriosi

267 2040 572 2104 confiditis;
610 2039 695 2092 hic
718 2048 894 2091 autem
921 2045 1119 2105 quanto
1151 2034 1339 2089 fortius
1365 2045 1593 2106 pugnat,
1622 2043 1767 2089 tanto
1796 2051 1855 2090 se

272 2132 602 2186 deteriorem
645 2128 888 2184 omnibus
913 2127 1147 2195 judicat,
1178 2142 1249 2181 ex
1287 2135 1393 2180 tota
1425 2138 1605 2182 mente
1636 2135 1855 2194 totaque

272 2226 478 2276 virtute
522 2221 750 2274 inutilem
788 2233 847 2272 se
897 2217 1291 2285 reprobumque
1324 2218 1694 2283 pronuntians.
1728 2216 1854 2270 ideo

268 2312 511 2380 denique
538 2322 590 2364 et
619 2310 881 2378 lacrymns
916 2309 1074 2362 hibet
1113 2309 1164 2360 itt
1199 2318 1474 2377 promptu,
1508 2308 1630 2376 quia
1659 2316 1847 2361 semet-

266 2403 443 2470 ipsum
478 2401 636 2453 nimis
679 2399 922 2452 humiliat
966 2410 1018 2451 et
1061 2399 1308 2463 inclinat,
1352 2413 1448 2450 nec
1487 2396 1710 2465 alicujus
1739 2411 1856 2449 mo-

268 2492 432 2545 menti
465 2492 607 2558 qttod
639 2495 867 2560 gesserit
908 2493 1192 2545 cxi-tntat.
1232 2490 1508 2542 Diabolum
1549 2495 1728 2543 autem
1777 2487 1852 2542 nil

266 2583 334 2636 ita
377 2582 556 2636 reddit
588 2582 912 2646 invalidum,
945 2583 1080 2635 sicut
1111 2581 1381 2635 humilitas
1411 2580 1476 2634 de
1505 2580 1666 2634 corde
1696 2595 1850 2648 puro,

266 2673 347 2726 cui
381 2684 560 2728 tamen
588 2674 939 2728 correctionis
963 2687 1122 2740 opera
1149 2672 1440 2742 probantur
1465 2673 1732 2738 adjuncta.
1763 2671 1854 2726 Sic

266 2765 449 2835 itaque
479 2767 708 2821 viriliter
755 2766 1022 2820 antelatus
1065 2764 1278 2832 juvenis
1324 2764 1571 2817 Silvanus
1613 2778 1705 2832 per
1731 2773 1853 2817 octo

267 2870 530 2909 annorum
579 2857 841 2909 curricula
876 2855 982 2909 Deo
1025 2855 1282 2920 militans,
1326 2868 1542 2908 cursum
1586 2855 1712 2906 vitze
1740 2868 1851 2907 sua:

265 2947 441 3001 ﬁniVit
470 2947 522 3000 itt
565 2963 718 3015 pace.
761 2947 836 3000 De
876 2945 1030 3015 cujus
1076 2946 1219 2999 exitu
1270 2954 1494 2999 testatus
1533 2952 1619 2998 est
1667 2945 1852 2998 beatus

264 3035 613 3104 Pachomius,
662 3036 804 3104 quod
856 3035 1142 3090 multitudo
1187 3044 1494 3090 sanctorum
1539 3034 1848 3103 angelorum

1958 1846 2030 1898 illi
2064 1847 2279 1903 dolores
2311 1866 2406 1919 per
2433 1852 2574 1907 hunc
2602 1854 2892 1922 honorem,
2923 1872 3078 1926 quem
3114 1860 3332 1926 putatis,
3365 1864 3547 1928 acqui-

1955 1937 2102 2001 ritis;
2131 1953 2230 2006 ego
2250 1953 2424 1995 autem
2457 1947 2976 2014 quantulamcunque
3005 1949 3050 2000 ei
3087 1949 3323 2016 requ‘em
3352 1950 3434 2002 vel
3457 1965 3545 2002 sa-

1956 2026 2315 2083 tisfactionem
2339 2032 2450 2100 (59)
2481 2048 2577 2102 per
2601 2035 2736 2090 hanc
2761 2037 3006 2105 injuriam
3036 2054 3294 2106 praeparo.
3322 2041 3546 2108 Propter

1955 2118 2095 2185 quod
2143 2135 2249 2172 non
2296 2136 2428 2175 curo
2469 2138 2564 2191 pro
2612 2129 2713 2180 hoc
2751 2127 2980 2180 exanimi
3016 2128 3170 2198 130
3200 2135 3543 2196 corpusculo,

1954 2208 2050 2262 sed
2091 2224 2186 2276 pro
2216 2211 2501 2267 immortali
2548 2215 2666 2284 ejus
2707 2217 2882 2269 anima
2923 2229 3129 2288 satago,
3162 2235 3280 2288 que
3310 2231 3365 2275 et
3405 2224 3542 2277 hanc

1955 2313 2169 2354 carnem
2202 2316 2385 2356 rursus
2412 2305 2464 2357 in
2494 2309 2887 2359 resurrectione
2927 2317 3208 2375 receptura
3239 2319 3322 2363 est
3368 2311 3544 2364 incor-

1956 2403 2167 2459 ruptam
2199 2404 2254 2448 et
2282 2395 2566 2464 integram.
2601 2397 2748 2450 Alias
2778 2409 2953 2451 autem
2986 2400 3029 2451 si
3062 2399 3095 2450 h
3121 2415 3164 2453 tc
3203 2403 3341 2468 quod
3383 2403 3547 2456 vultis

1955 2497 2219 2553 annuero,
2251 2487 2416 2540 veluti
2456 2487 2672 2555 placens
2713 2486 3013 2542 hominibus
3037 2489 3350 2556 judicabor;
3383 2503 3545 2562 atque

1956 2583 2015 2629 ut
2049 2576 2114 2629 ad
2151 2591 2390 2645 praesens
2431 2577 2584 2631 vobis
2612 2578 2940 2633 satisfecisse
2969 2580 3174 2647 videar,
3205 2581 3255 2636 id
3291 2582 3544 2651 dispicio.

1954 2663 2100 2732 quod
2128 2666 2175 2719 ei
2221 2666 2476 2734 prodesse
2507 2667 2700 2733 poterit
2729 2666 2781 2720 itt
2814 2667 3011 2721 futuro.
3039 2669 3179 2723 Fons
3207 2671 3349 2724 enim
3391 2672 3545 2726 boni-

1957 2753 2079 2808 tatis
2122 2753 2259 2807 Deus
2307 2762 2488 2808 noster
2526 2757 2782 2820 esistens,
2825 2756 3137 2813 occasiones
3182 2761 3400 2828 quaarit,
3448 2777 3545 2829 per

1955 2859 2088 2914 quas
2116 2846 2367 2912 opulenta
2397 2861 2559 2914 super
2591 2861 2688 2899 nos
2715 2848 2837 2900 data
2885 2848 3098 2915 pietatis
3129 2865 3236 2902 sute
3269 2853 3503 2906 ell'undat
3523 2891 3541 2916 .

1955 2937 2298 3005 remittatqne
2323 2937 2478 2990 nobis
2510 2946 2748 3003 peccata,
2776 2951 2882 2990 non
2911 2938 3087 2992 solum
3115 2939 3169 2992 in
3199 2939 3299 2992 ltoc
3322 2944 3542 3004 saeculo,

1955 3027 2047 3080 sed
2080 3027 2238 3079 etiam
2281 3028 2333 3081 in
2370 3028 2562 3082 futuro.
2595 3027 2726 3081 Nam
2767 3043 2888 3081 cum
2934 3029 3076 3082 dicat
3122 3031 3175 3083 in
3226 3032 3540 3102 Evattgelio,

264 3143 387 3181 cum
436 3141 627 3197 magna
683 3125 858 3180 laetitia
910 3133 1183 3180 sumentes
1227 3125 1460 3178 animam
1510 3124 1655 3192 ejus,
1709 3121 1923 3181 velutC
1956 3114 2059 3180 Qui
2087 3119 2535 3188 blasphemaverit
2583 3122 2634 3174 in
2682 3121 2938 3188 Spiritum
2991 3131 3266 3189 sanctum,
3302 3141 3405 3178 non
3453 3143 3541 3181 re-

263 3220 495 3274 electam
526 3221 752 3273 hostiam
785 3218 983 3272 Christi
1011 3217 1384 3284 eonspectibus
1415 3214 1742 3268 obtulerunt.

329 3312 468 3365 ϐΑι».
503 3307 747 3364 XXXIX.
770 3338 840 3349 —
871 3309 1070 3363 Eodem
1117 3317 1360 3374 tempore
1407 3305 1582 3359 Panos
1620 3303 1850 3357 civitatis

262 3400 578 3469 episcOpus,
613 3399 777 3453 Varus
808 3403 1020 3451 nomine
1045 3398 1180 3468 (38),
1212 3412 1307 3465 per
1327 3398 1501 3450 omnia
1528 3395 1850 3449 venerabilis

260 3502 323 3541 ac
368 3489 485 3541 Deo
531 3488 760 3551 deditus,
797 3501 1061 3553 rectmqtte
1093 3485 1216 3539 fidei
1249 3485 1670 3538 ferventissimus
1699 3499 1851 3536 ama-

262 3590 347 3634 tor
397 3579 678 3640 existens,
729 3579 930 3631 audivit
982 3577 1383 3646 dispositionem
1430 3575 1852 3630 conversationis

262 3667 569 3722 Pacltomii.
603 3668 770 3734 Quem
812 3667 989 3720 IltiSSiS
1033 3666 1272 3735 epistolis
1299 3667 1570 3730 evocavit,
1611 3665 1851 3735 plurimis

261 3760 446 3812 verbis
473 3773 708 3812 emt-aus
735 3766 791 3811 ut
827 3756 987 3812 etiam
1019 3758 1162 3812 circa
1211 3760 1479 3812 civitatem
1519 3757 1638 3826 ejus
1669 3772 1850 3810 mona-

261 3851 431 3904 steria
469 3861 653 3920 optata
684 3858 1049 3904 construeret.
1080 3849 1318 3918 Cumque
1357 3849 1539 3903 multis
1576 3863 1642 3902 ex
1672 3852 1849 3902 causis

266 3945 524 4012 precibus
578 3943 932 4012 acquievisset
980 3942 1250 4011 episcopi,
1302 3944 1426 3995 dum
1484 3948 1731 4010 properat
1780 3939 1849 3992 ad

262 4054 386 4093 eum
410 4078 426 4102 ,
453 4037 660 4108 justum
692 4034 921 4091 credidit
957 4043 1015 4089 ut
1055 4049 1151 4103 per
1194 4036 1292 4088 iter
1318 4034 1496 4088 omnia
1529 4032 1848 4086 monasteria

261 4144 384 4198 qua:
407 4131 476 4182 ab
503 4142 570 4183 eo
598 4128 942 4195 curabantur,
971 4127 1244 4182 inviseret.
1268 4129 1333 4181 Et
1358 4141 1478 4181 cum
1509 4126 1598 4179 uni
1625 4140 1689 4179 ex
1721 4124 1851 4192 ipsis

267 4221 618 4274 monasteriis
648 4221 1056 4289 propinquasset
1073 4262 1088 4288 ,
1114 4219 1394 4288 cujusdam
1420 4219 1598 4273 fratris
1620 4217 1852 4272 occurrit

262 4313 564 4380 exsequiis,
589 4312 678 4379 qui
702 4316 861 4364 vitam
891 4326 1041 4364 suam
1068 4312 1396 4380 negligenter
1421 4318 1846 4377 consumpserat.

268 4401 492 4457 Fratres
521 4411 699 4455 autem
729 4400 896 4470 ipsius
925 4400 1232 4455 monasterii
1261 4399 1419 4453 funus
1447 4401 1846 4467 prosequeban-

1953 3211 2193 3264 mittetttr
2221 3211 2304 3276 ei,
2333 3226 2506 3280 neque
2535 3211 2587 3264 itt
2634 3212 2734 3264 hoc
2763 3214 2980 3278 saeculo,
3010 3229 3182 3280 neque
3228 3215 3280 3268 itt
3327 3215 3540 3282 futuro,

1953 3298 2045 3353 dat
2076 3299 2440 3354 indubitanter
2470 3302 2696 3369 intelligi
2728 3303 2866 3368 quod
2896 3314 3019 3357 sunt
3047 3303 3286 3372 quaedam
3317 3305 3541 3375 delicta,

1952 3405 2069 3458 quze
2102 3399 2322 3456 possunt
2358 3399 2412 3443 et
2438 3399 2558 3457 post
2583 3392 2721 3446 hanc
2749 3392 2940 3459 vitam,
2968 3393 3011 3446 si
3044 3409 3140 3462 pro
3165 3395 3243 3449 eis
3273 3396 3540 3465 supche-

1954 3489 2060 3542 tur,
2091 3479 2289 3548 ignosci
2318 3478 2529 3548 (Matth.
2562 3479 2680 3548 xu).
2710 3481 2818 3535 Nos
2845 3498 2972 3552 ergo
3001 3499 3136 3550 quos
3181 3485 3371 3555 dignos
3393 3486 3536 3554 judi-

1952 3571 2151 3624 dicavit
2193 3571 2393 3625 Christi
2436 3573 2668 3639 potentia
2718 3573 2910 3628 divinae
2958 3591 3071 3628 sua:
3122 3577 3542 3645 dispensationis

1951 3676 2205 3716 exercere
2254 3662 2612 3725 medicinam,
2655 3665 2701 3718 si
2752 3681 2854 3718 non
2907 3666 3191 3735 unicuique
3238 3684 3548 3738 congruens

1954 3753 2280 3822 adjutorium
2305 3755 2659 3824 proferamus,
2689 3757 2931 3825 profecto
2956 3759 3115 3812 veluti
3141 3773 3543 3831 eontemptores

1955 3847 2366 3913 aestimabimur,
2408 3857 2462 3901 et
2506 3848 2782 3902 audiemus
2822 3850 2950 3905 illud
2993 3853 3134 3921 qUod
3172 3855 3427 3923 scriptum
3456 3868 3542 3911 cst

1952 3942 2008 3993 in
2059 3937 2336 4008 prophetia
2380 3942 2518 4009 (Act.
2548 3955 2674 4006 xui;
2711 3942 2908 3998 Ilabac.
2937 3945 2980 4013 ι)
3012 3962 3027 3999 :
3074 3946 3260 4002 Videte
3297 3957 3549 4004 contem-

1951 4039 2132 4100 ptores
2181 4041 2236 4084 et
2286 4032 2660 4096 admiramini,
2707 4041 2762 4087 et
2815 4034 3211 4104 disperditnini.
3266 4038 3333 4092 Et
3384 4041 3536 4102 ideo,

1950 4137 2156 4192 quaeso,
2187 4123 2345 4176 sinite
2369 4120 2679 4177 defunctum
2702 4139 2730 4177 a
2761 4127 2989 4196 propriis
3021 4129 3174 4183 malis
3199 4129 3543 4199 aliquatenus

1951 4215 2111 4280 exui,
2157 4224 2211 4269 et
2256 4217 2774 4285 quantulamcunque
2822 4217 3063 4286 requiem
3113 4222 3164 4272 in
3215 4221 3305 4275 illo
3354 4223 3543 4277 futuro

1951 4308 2197 4361 examine
2228 4309 2544 4376 promereri.
2577 4306 2813 4376 Sepelite
2840 4323 2968 4378 ergo
2997 4325 3118 4365 eum
3145 4313 3263 4367 sine
3293 4317 3543 4382 psalmis,

1952 4405 2010 4449 ut
2031 4397 2161 4450 dixi.
2190 4397 2381 4452 Potens
2407 4408 2488 4451 est
2509 4398 2704 4452 etenim
2735 4398 2873 4452 Deus
2897 4399 3155 4466 benignus
3193 4414 3252 4456 et
3273 4405 3538 4469 clemens,

268 4500 355 4545 tur
386 4493 709 4554 honoriﬁce,
743 4492 977 4558 psalmos
1005 4490 1190 4544 solitos
1215 4489 1581 4555 concinentes,
1619 4504 1853 4557 prtnsen-
1883 4474 1937 4534 Β
1961 4488 2293 4554 multumque
2351 4489 2687 4553 misericors,
2745 4502 2844 4556 pro
2895 4488 3285 4557 supplicatione
3338 4503 3546 4549 nostra:

271 4582 420 4636 tibus
455 4597 668 4649 quoque
701 4581 937 4635 defuncti
967 4579 1273 4647 parentibus
1302 4594 1363 4632 ac
1393 4579 1720 4648 propinquis.
1753 4578 1854 4645 Qui

267 4687 393 4727 cum
425 4673 681 4726 vidissent
721 4669 1094 4736 l-‘achomium,
1125 4670 1376 4724 feretrum
1406 4671 1656 4724 continuo
1687 4669 1853 4738 depo-

269 4771 534 4826 suerunt,
563 4771 622 4815 ut
651 4772 756 4816 tam
791 4777 889 4830 pro
917 4769 1129 4815 mortuo
1169 4775 1328 4830 quam
1380 4776 1476 4828 pro
1525 4777 1584 4814 se
1636 4761 1856 4815 Domino

267 4856 622 4923 supplicaret.
647 4853 746 4918 Qui
775 4867 899 4905 mox
930 4862 989 4906 ut
1015 4853 1309 4907 orationem
1340 4853 1570 4908 debitam
1600 4853 1709 4906 Deo
1738 4868 1857 4920 per-

269 4947 467 5008 solvit,
509 4958 802 4998 cnnversus
839 4943 906 4998 ad
956 4944 1146 4998 fratres
1175 4945 1288 4997 ait:
1321 4943 1556 4999 Desinite
1604 4943 1850 5011 psallere.

277 5036 652 5104 Praecepitque
702 5035 935 5089 defuncti
984 5037 1299 5089 vestimenta
1330 5035 1628 5102 splendida,
1659 5035 1854 5103 quibus

269 5126 496 5180 indutus
519 5135 654 5188 erat,
682 5125 906 5179 auferri:
925 5140 1042 5194 qua:
1062 5139 1240 5178 coram
1264 5125 1512 5176 omnibus
1536 5123 1658 5177 fecit
1679 5123 1850 5186 exuti,

267 5227 327 5271 et
361 5217 432 5270 ita
465 5215 697 5270 cadaver
725 5215 900 5269 efferri
929 5215 1123 5284 jussit,
1149 5229 1210 5267 ac
1240 5226 1432 5281 praeter
1462 5214 1691 5280 aliquam
1725 5215 1854 5282 psal-

271 5308 515 5360 tnodiam
557 5306 794 5374 sepeliri.
826 5306 987 5376 Igitur
1016 5307 1207 5358 fratres
1256 5319 1374 5358 cum
1405 5305 1710 5372 parentibus
1739 5304 1854 5372 ejus

269 5407 330 5451 et
361 5398 626 5452 universis
655 5398 743 5466 qui
773 5409 895 5451 tunc
922 5397 1172 5462 aderant,
1205 5411 1399 5449 novum
1429 5410 1600 5464 genus
1642 5406 1852 5462 specta-

270 5490 386 5544 culi
411 5498 748 5554 contuentes,
773 5499 825 5543 et
848 5487 1193 5557 obstupefacti
1225 5489 1476 5551 nimium,
1505 5488 1856 5554 precabantur

274 5596 502 5645 senem,
531 5590 590 5634 ut
617 5590 920 5635 consuetam
966 5595 1126 5649 super
1162 5596 1282 5635 eum
1327 5578 1673 5648 psalmodiam
1713 5578 1854 5632 cele-

279 5675 426 5728 brari
480 5675 824 5741 permitteret.
873 5673 1074 5740 Quibus
1129 5689 1247 5730 cum
1307 5689 1414 5728 non
1463 5673 1855 5742 acquievisset,

1959 4579 2233 4647 parvitatis
2261 4595 2383 4634 eum
2414 4580 2466 4632 in
2512 4589 2766 4634 :eternam
2793 4595 2943 4634 suam
2980 4583 3219 4650 requiem
3249 4585 3542 4639 collocare.

1959 4670 2084 4724 llaec
2111 4685 2229 4725 cum
2260 4671 2511 4737 dixisset,
2544 4672 2818 4739 abierunt,
2851 4683 2906 4728 et
2941 4674 3234 4729 secundum
3273 4677 3415 4744 quod
3445 4693 3541 4732 ve-

1961 4763 2213 4816 nerabilis
2237 4762 2396 4816 Pater
2426 4771 2776 4830 prteceperat,
2805 4778 2926 4817 eum
2953 4765 3006 4818 in
3038 4775 3243 4830 monte,
3269 4766 3360 4820 ubi
3389 4779 3543 4823 erant

1963 4864 2143 4924 parata
2175 4863 2538 4918 monumenta,
2564 4855 2791 4924 sepelire
2821 4866 3162 4911 curaverunt.

2034 4948 2160 5001 CAP.
2191 4947 2302 5001 XL.
2330 4977 2398 4986 —
2438 4949 2671 5002 Moratus
2709 4956 2795 5001 est
2842 4959 3019 5003 autem
3075 4960 3294 5004 sanctus
3345 4952 3540 5006 ibidem

1963 5055 2082 5094 cum
2115 5039 2392 5094 monachis
2419 5040 2625 5094 duobus
2662 5039 2873 5105 diebus,
2901 5041 3235 5109 docebatque
3265 5043 3320 5097 in
3354 5045 3487 5112 prim
3513 5064 3540 5100 s

1963 5132 2201 5200 singulos
2232 5133 2474 5184 timorem
2509 5129 2745 5193 Domini,
2778 5129 2971 5184 deinde
3010 5131 3238 5200 qualiter
3281 5134 3545 5190 adversus

1963 5222 2230 5274 diabolum
2280 5220 2534 5274 dimicare
2580 5219 2876 5282 deberent.
2916 5229 2970 5275 et
3018 5221 3238 5276 insidias
3285 5221 3403 5292 ejus
3453 5241 3546 5293 per

1961 5311 2157 5366 Christi
2183 5319 2399 5379 possent
2422 5307 2690 5364 declinare
2720 5310 2966 5378 gratiam.

2034 5402 2186 5456 Tunc
2217 5402 2493 5454 nuntiatur
2521 5401 2569 5454 ei
2617 5401 2757 5470 quod
2804 5401 2966 5455 frater
2994 5403 3212 5471 quidam
3241 5403 3308 5460 de
3345 5404 3545 5458 Chino-

1962 5495 2266 5548 bosciorum
2319 5493 2648 5546 monasterio
2694 5495 2839 5561 gravi
2899 5493 3201 5549 infirmitate
3263 5495 3548 5557 detentus,

1964 5586 2389 5640 bet-edictionem
2424 5586 2596 5652 prccis
2639 5585 2754 5653 ejus
2800 5587 3035 5640 ultimam
3070 5586 3382 5653 postulatet.
3415 5585 3568 5637 llzec'

1964 5677 2186 5732 audiens
2227 5677 2382 5730 homo
2436 5675 2560 5741 Dei,
2593 5677 2874 5730 confestim
2924 5684 3139 5730 secutus
3187 5685 3268 5730 est
3315 5687 3408 5727 eos
3449 5671 3546 5738 qui
