4016 6226
480 302 587 355 259

1483 302 1569 356 DE
1612 303 1790 359 VITIS
1833 306 2109 361 l‘ATRUM
2152 306 2355 360 LIBER
2396 307 2649 365 PRIMUS

3639 324 3744 381 260

477 408 593 460 haec
615 406 714 461 sibi
743 408 1054 462 retulerant.
1080 409 1320 475 Cumque
1344 412 1582 466 concitus
1611 414 2057 480 proficisceretur,
2091 424 2135 478 Α
2165 414 2372 470 delatus
2396 427 2507 484 est,
2538 419 2676 487 quod
2706 422 2979 487 sapientia:
3005 426 3201 492 geratis
3222 427 3482 494 studium,
3510 444 3558 484 et
3584 437 3737 507 131

475 507 529 551 et
573 499 784 555 duobus
826 502 908 555 vel
952 499 1121 555 tribus
1162 501 1400 554 millibus
1429 504 1644 558 abesset
1671 520 1700 557 a
1732 507 2063 560 monasterio

476 593 618 662 quod
645 595 879 662 petebat,
900 595 1098 648 audivit
1119 595 1488 649 suavissimam
1512 611 1696 651 vocem
1724 597 1774 650 in
1798 612 1922 651 aere
1948 613 2064 667 per-

473 696 795 749 sonantem;
826 686 1231 754 suspiciensque
1259 685 1393 739 vidit
1424 687 1587 754 ipsius
1620 687 1799 742 fratris
1828 688 2060 742 animam

476 773 648 826 veloci
683 788 840 827 cursu
871 776 939 826 ab
970 775 1171 841 angelis
1220 775 1427 828 Domini
1468 776 1805 829 laudantibus
1834 777 1901 831 ad
1935 778 2062 830 hea-

475 871 580 911 tam
616 862 775 914 vitam
815 878 1211 931 perennemque
1240 866 1467 917 sustolli.
1496 864 1726 919 Comites
1755 879 1932 920 autem
1962 868 2063 921 Pa-

474 954 668 1006 chumii
710 969 830 1007 cum
876 969 1046 1021 neque
1090 970 1276 1008 vocem
1322 956 1597 1023 audirent,
1634 972 1730 1011 nec
1772 958 2060 1027 quidquam

475 1046 738 1097 sentirent
769 1045 999 1109 penitus.
1024 1046 1114 1099 sed
1144 1048 1512 1101 tantummodo
1536 1058 1819 1101 cernerent
1847 1065 1965 1101 eum
1993 1049 2059 1102 ad

476 1137 745 1189 Orientem
771 1137 862 1189 diu
882 1136 1176 1203 suspicere,
1200 1137 1381 1201 dicunt
1405 1137 1455 1190 ei
1478 1155 1490 1190 :
1515 1138 1622 1191 Cur
1642 1140 1854 1197 stetisti.
1882 1140 2062 1193 Pater?

475 1227 848 1297 Properemus,
885 1240 941 1282 ut
974 1230 1237 1296 possimus
1266 1244 1575 1284 occurrere.
1606 1232 1707 1296 Qui
1742 1232 2017 1299 respondit
2043 1250 2057 1285 :

480 1320 695 1373 Frustra
722 1320 831 1388 jam
862 1319 1155 1382 currimus;
1191 1321 1290 1373 hoc
1321 1320 1462 1373 enim
1495 1330 1579 1374 est
1622 1321 1761 1388 quod
1805 1323 1892 1375 diu
1923 1338 2056 1376 con-

472 1413 671 1476 sidero,
697 1413 1143 1481 quemadmodum
1170 1412 1333 1468 frater
1356 1415 1469 1482 ipse
1491 1415 1555 1467 ad
1585 1414 1775 1483 gaudia
1805 1427 2057 1484 perpetua

473 1505 783 1558 deducatur.
836 1504 1001 1571 Quem
1051 1520 1171 1556 cum
1220 1514 1472 1572 rogarent
1524 1514 1582 1559 ut
1630 1507 1708 1559 eis
1757 1516 2056 1574 exponeret

473 1597 745 1663 quomodo
767 1598 989 1649 vidisset
1013 1596 1244 1649 animam
1264 1638 1278 1659 ,
1302 1608 1554 1665 quantum
1583 1608 1828 1662 poterant
1849 1600 2055 1665 audire,

472 1687 707 1739 narravit
748 1689 825 1739 eis
869 1702 933 1739 ex
974 1686 1057 1739 his
1102 1704 1219 1753 qua:
1264 1690 1377 1753 ipse
1418 1698 1795 1755 conspexerat.
1826 1689 2051 1754 Quidam

2160 506 2310 571 juxta
2328 508 2636 576 religionem
2659 515 3158 579 vestram,quietem
3179 517 3409 586 diligatis
3431 506 3737 590 impensius,

2164 598 2382 664 insuper
2411 600 2573 654 etiam
2609 602 2898 670 prudenter
2936 604 3018 659 his
3065 608 3153 674 qui
3206 619 3507 674 [imponunt
3547 614 3742 681 aliquid

2163 690 2467 745 satisfacere
2494 693 2805 758 videamini,
2832 704 2885 749 et
2912 696 3031 751 ideo
3058 698 3124 751 de
3158 698 3240 751 his
3268 716 3385 767 quae
3418 702 3620 771 legistis
3650 719 3743 760 vos

2166 778 2500 847 interrogare
2548 781 2810 850 disposui.
2859 785 2957 840 Cui
3004 788 3360 845 Theodorus:
3394 790 3599 857 Profer,
3633 797 3739 861 ait,

2164 869 2305 937 quod
2336 869 2436 922 vis.
2466 870 2532 924 Et
2564 871 2913 942 philosophus
2940 894 2951 927 :
2988 876 3181 942 Habes,
3215 879 3419 949 inquit,
3455 893 3507 935 tu
3536 900 3747 938 mecum

2167 958 2643 1028 disceptationem,
2676 971 2735 1016 ut
2781 979 2900 1031 quae
2942 963 3140 1019 fuerint
3177 973 3399 1035 quaasita
3446 971 3748 1026 dissolvas?

2164 1047 2261 1103 Cui
2293 1050 2607 1105 Theodorus
2639 1055 2949 1123 respondit:
2982 1057 3231 1125 Exprime
3255 1058 3365 1128 jam
3396 1066 3535 1130 quod
3569 1063 3746 1118 inten-

2164 1139 2266 1193 dis.
2294 1140 2443 1194 Tuuc
2472 1141 2817 1212 philosophus
2837 1146 2948 1199 ait:
2978 1146 3128 1212 Quis,
3160 1162 3263 1201 non
3296 1160 3472 1213 natus,
3504 1161 3744 1207 mortuus

2162 1229 2279 1282 est?
2320 1230 2449 1295 Quis
2497 1248 2711 1286 rursum
2758 1244 2933 1300 natus,
2981 1252 3010 1288 a
3059 1248 3231 1291 morte
3277 1238 3583 1294 subtractus
3628 1244 3748 1296 est?

2163 1319 2291 1385 Quis
2324 1331 2535 1390 autem,
2568 1338 2689 1376 cum
2732 1325 2801 1378 sit
2845 1334 3101 1389 mortuus,
3135 1344 3238 1381 non
3288 1337 3368 1381 est
3400 1330 3575 1386 fetore
3626 1347 3747 1387 eor-

2164 1412 2379 1477 ruptus?
2410 1411 2475 1463 Et
2502 1413 2577 1465 ait
2603 1413 2956 1469 Theodorus:
2989 1416 3101 1469 Non
3127 1418 3362 1485 grandis,
3397 1421 3601 1488 inquit,
3636 1424 3747 1476 hrc

2165 1503 2459 1569 pr0positio
2508 1516 2619 1573 tua,
2658 1524 2688 1560 ο
2723 1508 3066 1576 philoSOphe;
3114 1526 3235 1563 nam
3279 1509 3434 1566 facile
3481 1514 3623 1581 quod
3668 1515 3746 1568 in-

2164 1594 2330 1659 quitis
2360 1598 2587 1654 solvam.
2617 1600 2742 1663 Quis
2774 1615 2877 1652 non
2910 1610 3086 1664 natus,
3117 1612 3359 1656 mortuus
3383 1612 3491 1667 est,
3522 1604 3746 1658 habetur

2163 1686 2331 1740 Adam
2365 1692 2749 1757 protoplastus.
2796 1691 2894 1756 Qui
2927 1706 3056 1745 vero
3088 1706 3243 1745 natus
3272 1703 3388 1758 est,
3423 1709 3520 1748 nec
3569 1706 3746 1749 tamen

472 1774 633 1840 igitur
656 1790 718 1827 ex
754 1775 836 1827 his
863 1784 1047 1829 euntes
1076 1776 1143 1829 ad
1174 1786 1527 1830 memoratum
1558 1779 1938 1832 monasterium
1958 1822 1972 1845 ,
2003 1790 2058 1833 et
2093 1792 2136 1851 Β
2166 1788 2407 1831 mortuus
2445 1789 2558 1843 est,
2592 1779 2771 1833 existit
2820 1781 3034 1845 Enoch,
3066 1783 3155 1850 qui
3186 1781 3297 1836 Deo
3328 1783 3557 1851 placuit,
3590 1796 3750 1851 atque

471 1865 755 1935 diligenter
782 1866 1110 1934 inquirentes
1133 1883 1233 1935 qua
1267 1869 1396 1921 hora
1430 1869 1594 1923 frater
1623 1870 1711 1924 ille
1740 1870 2057 1938 dormisset,

470 1971 533 2009 ea
563 1972 680 2023 qua:
710 1971 736 2007 a
771 1967 955 2009 sancto
982 1957 1277 2011 didicerant
1310 1959 1445 2023 viro,
1478 1976 1603 2015 vera
1646 1963 1822 2015 omnia
1855 1978 2055 2033 cogno-

472 2058 680 2101 verunt.
734 2048 855 2101 llaac
905 2059 1080 2102 autem
1128 2052 1404 2104 retulimus
1461 2052 1668 2107 duabus
1718 2071 1782 2108 ex
1832 2059 2055 2111 causis:

471 2140 731 2207 primum,
762 2140 1007 2195 volentes
1038 2143 1322 2197 ostendere
1362 2144 1572 2199 beatum
1618 2162 1801 2201 senem
1836 2150 2057 2204 nimium

473 2229 641 2283 fuisse
670 2230 1185 2298 perspicacissimum
1205 2277 1217 2298 ,
1248 2234 1580 2303 gratiamque
1609 2238 1909 2305 possedisse
1940 2256 2059 2306 pro-

471 2321 774 2387 pheticam,
825 2337 887 2376 ac
937 2323 1092 2391 longe
1142 2326 1313 2389 posita
1372 2326 1826 2383 intellectualibus
1883 2332 2055 2388 oculis

474 2411 815 2478 przevidisse;
844 2411 1059 2473 deinde,
1097 2424 1151 2465 ut
1194 2414 1325 2467 tales
1354 2429 1568 2483 semper
1616 2419 1907 2487 imitantes,
1941 2439 2057 2475 ma-

472 2500 644 2553 lorum
668 2504 937 2554 consortia
959 2501 1191 2554 sollicite
1213 2504 1519 2561 vitareinus.
1549 2507 1612 2561 Et
1641 2508 1707 2563 de
1734 2510 1815 2563 bis
1837 2512 2051 2579 quidem

477 2590 633 2646 nobis
664 2593 922 2646 hactenus
952 2594 1093 2646 dicta
1115 2594 1406 2648 sufficiant.

539 2685 669 2738 CAP.
692 2684 825 2739 XLI.
842 2715 913 2725 —
934 2686 1161 2741 Sanctus
1182 2702 1310 2757 ergo
1334 2688 1650 2743 Pachomius
1673 2692 1737 2745 ad
1761 2694 2053 2749 antcfatum

471 2776 776 2844 episcopum
823 2792 944 2832 cum
994 2778 1103 2831 suis
1155 2780 1432 2835 monachis
1482 2785 1731 2849 veniens,
1778 2788 1847 2840 ah
1892 2803 1956 2841 eo
2001 2789 2055 2843 in

472 2880 677 2919 summa
708 2868 1053 2922 veneratione
1094 2881 1374 2937 susceptus
1413 2881 1517 2925 est.
1549 2873 1680 2927 Nam
1714 2874 2055 2933 festivitatem

472 2959 758 3012 maximam
806 2960 857 3013 in
899 2961 1015 3028 ejus
1058 2961 1349 3017 celebravit
1395 2964 1664 3032 adventu,
1706 2967 1961 3038 deditque
2004 2973 2055 3027 ei

472 3049 585 3104 loca
629 3052 717 3105 ubi
763 3063 974 3121 sperata
1007 3053 1328 3108 monasteria
1357 3057 1644 3125 conderet,
1678 3060 1816 3113 sicut
1855 3060 2052 3115 dudum

2167 1868 2455 1920 translatus
2486 1877 2586 1921 est.
2631 1868 2728 1933 Qui
2763 1879 3000 1923 mov-tnus
3044 1878 3126 1923 est
3170 1879 3347 1924 autem
3376 1913 3390 1933 ,
3433 1886 3530 1925 nec
3575 1872 3748 1928 fetore

2162 1954 2271 2007 ullo
2301 1967 2604 2023 corruptus,
2634 1973 2765 2010 uxor
2792 1969 2871 2012 est
2903 1959 3070 2024 Loth,
3100 1974 3218 2026 qu:e
3250 1975 3504 2014 conversa
3547 1961 3599 2015 in
3634 1972 3747 2014 sta-

2164 2053 2310 2097 tuam
2337 2047 2465 2099 salis
2499 2046 2651 2115 (Gen.
2682 2047 2813 2115 xix),
2859 2066 2976 2116 qua:
3007 2064 3174 2119 usque
3210 2065 3349 2105 nunc
3382 2051 3433 2105 in
3464 2066 3529 2106 eo
3558 2051 3745 2105 habitu

2162 2148 2260 2202 pro
2290 2136 2682 2192 incrtdulorum
2724 2139 2975 2205 perdurat
3014 2142 3281 2208 exemplo.
3319 2142 3385 2196 Et
3416 2143 3536 2196 ideo
3564 2145 3741 2198 consi—

2162 2224 2295 2279 lium
2335 2228 2404 2280 do
2436 2227 2560 2293 tibi,
2595 2243 2627 2282 o
2658 2228 2995 2298 philosophe,
3038 2240 3094 2283 ut
3122 2230 3218 2283 has
3248 2232 3454 2300 ineptas
3501 2236 3746 2301 proposi-

2162 2317 2335 2372 tiones
2367 2328 2481 2373 tuas
2511 2330 2564 2374 et
2588 2320 2775 2375 inanes
2803 2321 3059 2376 deserens
3087 2325 3433 2391 qttmstiones,
3462 2328 3527 2379 ad
3559 2342 3747 2382 verum

2162 2410 2327 2463 Deum
2377 2426 2533 2480 quem
2576 2415 2824 2481 colimus,
2869 2424 2919 2468 te
2972 2416 3088 2468 sine
3134 2416 3389 2472 dilatione
3436 2430 3745 2485 convertas,

2159 2503 2648 2574 remissionemque
2680 2516 3015 2574 peccatorum
3054 2516 3261 2562 tuorum
3291 2524 3387 2578 pro
3430 2521 3634 2564 aeterna
3667 2526 3747 2565 sa-

2158 2590 2270 2646 lute
2317 2594 2597 2661 percipias.
2643 2596 2721 2649 Ad
2772 2596 2885 2649 haec
2934 2596 3281 2667 philos0phus
3322 2600 3747 2668 obsmpefactus,

2159 2680 2288 2734 nihil
2323 2682 2591 2752 inquisivit
2619 2684 2876 2751 ulterius;
2908 2686 3003 2740 sed
3032 2687 3335 2755 discedens,
3362 2705 3589 2744 acumen
3616 2692 3748 2755 viri,

2164 2772 2680 2843 responsionemque
2728 2785 2833 2829 tam
2884 2775 3115 2831 celerem
3174 2788 3523 2847 paratamque
3584 2782 3748 2834 mira-

2161 2872 2244 2917 tus
2275 2874 2377 2916 est.

2228 2954 2355 3007 Car.
2382 2955 2565 3010 XLIII.
2592 2987 2660 2996 -—
2688 2956 2916 3013 Proinde
2944 2958 3261 3013 Pachomius
3291 2959 3343 3012 in
3385 2960 3575 3015 iisdem
3624 2975 3739 3013 mo-

2162 3046 2416 3099 nasteriis
2444 3061 2613 3114 nuper
2641 3048 2960 3114 exstructis,
2992 3047 3179 3101 diebus
3208 3048 3451 3117 plurimis
3481 3050 3745 3103 immora-

472 3156 567 3209 per
596 3143 791 3212 scripta
819 3154 1132 3214 rogaverat,
1156 3160 1277 3214 quze
1300 3148 1457 3199 etiam
1487 3150 1810 3203 venerabilis
1836 3150 1915 3204 vir
1934 3167 2054 3207 cum

2164 3147 2247 3190 tus
2276 3148 2375 3190 est.
2411 3138 2616 3192 Exinde
2644 3137 2913 3207 profectus
2955 3146 3068 3203 est,
3103 3149 3262 3208 atque
3290 3140 3355 3194 ad
3385 3140 3527 3194 aliud
3559 3156 3752 3195 mona-

471 3233 745 3287 alacritate
783 3237 1096 3289 construxit.
1140 3235 1202 3289 Et
1239 3251 1359 3290 cum
1402 3240 1649 3293 maceria:
1694 3242 1968 3296 munimen
1999 3244 2055 3298 in

471 3324 699 3377 circuitu
746 3324 994 3389 duceret,
1030 3342 1095 3380 ne
1133 3329 1250 3395 quis
1302 3327 1453 3380 facile
1500 3340 1681 3397 possit
1726 3331 2053 3400 irrumpere,

472 3413 688 3481 quidam
739 3416 1051 3483 pestilentes
1088 3415 1361 3482 homines,
1407 3434 1541 3487 quos
1586 3420 1783 3475 diaboli
1833 3425 2053 3479 cazcavit

473 3504 703 3571 invidia,
751 3515 908 3560 nocte
953 3508 1256 3572 venientes,
1302 3524 1421 3577 qua:
1479 3520 1785 3566 constructa
1839 3513 2049 3570 fuerant

465 3592 838 3649 destruebant.
872 3596 976 3652 Sed
1010 3612 1113 3651 non
1152 3598 1204 3651 in
1236 3598 1449 3667 longum
1485 3602 1830 3670 malignitatis
1869 3619 2054 3661 eorum

474 3701 630 3751 pusna
662 3684 823 3739 dilata
855 3696 955 3742 est.
990 3686 1122 3743 Nam
1165 3705 1284 3743 cum
1315 3705 1479 3745 senex
1506 3692 1795 3762 discipulos
1835 3710 1960 3749 suos
1987 3698 2056 3752 ad

473 3775 810 3830 tolerantiam
860 3789 1266 3846 commoneret,
1310 3791 1364 3834 et
1413 3780 1489 3834 illi
1541 3782 1852 3850 nequissimi
1904 3783 2057 3853 juxta

471 3869 915 3922 consuetudinem
954 3871 1364 3934 convenissent,
1399 3881 1455 3924 ut
1493 3871 2054 3967 facinorum.suorum

472 3968 647 4026 empta
680 3962 1026 4027 perlicerent,
1059 3961 1126 4013 ab
1157 3963 1343 4028 angelo
1374 3962 1583 4016 Domini
1615 3961 1854 4031 protinus
1881 3966 2058 4020 exusti

471 4058 626 4112 sunt,
660 4057 713 4101 et
742 4048 889 4102 velut
915 4064 1037 4102 cera
1065 4064 1094 4102 a
1127 4048 1266 4104 facie
1304 4050 1441 4120 ignis
1471 4052 1535 4105 ad
1568 4053 1790 4107 nihilum
1819 4065 1944 4110 sunt
1972 4070 2056 4110 re-

472 4140 634 4193 dacti.
685 4139 899 4195 Fratres
935 4156 1064 4212 ergo
1095 4143 1347 4197 velociter
1378 4146 1682 4200 universum
1713 4161 2056 4201 consumma-

474 4240 662 4283 verunt
684 4231 1000 4296 :edificium;
1034 4233 1085 4285 in
1112 4250 1216 4298 quo
1240 4234 1423 4288 beatus
1445 4236 1759 4291 Pachomius
1781 4238 2058 4292 constituit

472 4322 789 4384 monachos,
833 4322 1113 4390 religiosos
1144 4324 1305 4389 viros,
1343 4325 1535 4391 quibus
1577 4325 1881 4381 Samuelem
1921 4342 2057 4395 pm:-

470 4413 672 4480 posuit,
701 4411 924 4467 hilarem
951 4413 1155 4479 virum,
1182 4426 1236 4468 et
1257 4416 1397 4469 dono
1423 4416 1742 4486 frugalitatis
1765 4420 2052 4472 eximium.

2161 3227 2409 3292 Sterium,
2440 3226 2582 3295 quod
2610 3228 2711 3283 sub
2735 3227 2850 3296 ejus
2877 3237 2994 3282 erat
3018 3227 3241 3295 ditione,
3273 3231 3539 3297 pervenit.
3576 3230 3749 3297 Quem

2158 3332 2278 3372 eum
2327 3317 2517 3371 fratres
2545 3332 2749 3382 omnes,
2786 3318 2839 3372 in
2877 3333 3162 3373 occursum
3209 3319 3327 3388 ejus
3375 3330 3752 3389 properantes,

2162 3422 2370 3461 summa
2412 3410 2757 3463 veneratione
2805 3410 3159 3478 susciperent,
3194 3409 3487 3465 infantulus
3534 3412 3753 3480 quidam

2158 3499 2225 3554 de
2266 3500 2375 3569 ipsa
2417 3502 2851 3569 congregatione,
2894 3502 2984 3568 qui
3034 3501 3172 3555 inter
3217 3501 3351 3556 alios
3394 3514 3751 3568 occurrerat,

2158 3590 2390 3646 clamare
2418 3591 2582 3658 coepit
2607 3606 2669 3645 ac
2697 3590 2914 3644 dicere:
2944 3591 3097 3655 Vere,
3133 3592 3306 3655 Pater,
3355 3607 3420 3646 ex
3470 3606 3583 3661 quo
3635 3592 3753 3646 hinc

2159 3682 2462 3747 ambulasti,
2500 3682 2676 3736 nulltts
2708 3683 2862 3735 nobis
2905 3682 3051 3735 olera
3085 3697 3184 3735 nec
3232 3684 3477 3753 legumen
3528 3684 3753 3752 aliquod

2160 3776 2322 3829 coxit.
2350 3775 2429 3828 Ad
2461 3790 2619 3843 quem
2652 3784 2867 3827 sanctus
2896 3783 3045 3845 grata
3077 3783 3254 3827 mente
3284 3774 3557 3841 respondit
3595 3790 3614 3828 :
3639 3774 3753 3828 Non

2160 3866 2513 3932 contristeris,
2546 3864 2621 3919 fili
2651 3867 2743 3927 mi,
2772 3880 2871 3933 ego
2912 3866 3021 3933 jam
3069 3880 3315 3933 coquam.
3366 3866 3754 3935 Ingressusque

2161 3960 2567 4021 monasterium,
2603 3970 2720 4025 post
2747 3960 3043 4012 orationem
3074 3960 3219 4013 venit
3256 3959 3323 4012 ad
3354 3961 3675 4028 coquinam;
3701 3969 3755 4014 et

2160 4049 2436 4103 inveniens
2471 4049 2689 4103 fratrem
2717 4050 2808 4118 qui
2851 4050 3093 4117 coquinae
3120 4059 3370 4117 praeerat,
3405 4050 3650 4118 psiathos
3679 4051 3755 4120 (id

2159 4148 2267 4204 est,
2299 4137 2524 4209 tegetes)
2548 4149 2882 4207 Operantem,
2910 4154 3042 4207 quas
3064 4146 3256 4198 mattas
3275 4139 3466 4207 vulgus
3487 4140 3751 4206 appellat,

2162 4229 2241 4282 ait
2268 4227 2335 4281 ad
2357 4243 2480 4283 eum
2512 4244 2525 4280 :
2561 4227 2653 4282 Dic
2682 4229 2834 4290 mihi,
2863 4227 3048 4292 frater,
3079 4239 3335 4297 quantum
3364 4230 3629 4296 temporis
3656 4230 3753 4283 ha-

2163 4320 2281 4384 bes,
2308 4335 2374 4375 ex
2403 4334 2510 4390 quo
2537 4335 2642 4374 non
2665 4320 2855 4375 coxisti
2883 4319 3139 4375 fratribus
3161 4320 3305 4373 olera
3330 4319 3409 4373 vel
3440 4319 3755 4386 legumina?

2160 4412 2261 4478 Qui
2290 4413 2562 4479 restiondit
2595 4427 2610 4465 :
2642 4410 2779 4467 Sunt
2820 4412 2930 4466 fere
2972 4410 3079 4465 duo
3126 4424 3360 4465 menses.
3412 4410 3482 4464 Et
3529 4420 3753 4464 sanctus

472 4505 608 4569 Quia
640 4518 767 4559 vero
798 4507 1051 4574 przcdicta
1081 4509 1400 4561 monasteria
1430 4507 1481 4560 in
1515 4508 1820 4563 suburbano
1846 4509 2058 4564 fuerant
2090 4520 2136 4578 ι)
2164 4506 2481 4560 Pacbomius
2510 4506 2584 4558 ait
2612 4523 2623 4557 :
2667 4504 2843 4569 Quare
2872 4513 3058 4557 (δοίητε
3088 4513 3414 4574 ρτωοεριιιηι
3446 4502 3629 4558 facere
3660 4517 3749 4555 νο·

469 4596 733 4660 instituta,
781 4597 920 4652 idem
969 4608 1184 4652 sanctus
1234 4599 1303 4652 ibi
1354 4599 1521 4652 voluit
1566 4614 1784 4654 manere
1827 4601 2051 4664 diutius,

470 4704 636 4757 usque
672 4688 798 4742 dum
830 4688 884 4743 hi
916 4704 1052 4757 quos
1082 4688 1454 4754 ordinaverat,
1485 4690 1679 4745 Christi
1713 4705 1931 4745 munere
1961 4691 2054 4744 fir-

471 4788 765 4832 marentur.

539 4870 669 4922 Car.
698 4867 856 4922 XLII.
878 4897 949 4908 -
972 4868 1173 4922 Interea
1204 4868 1548 4937 philosophus
1573 4870 1791 4939 quidam
1818 4871 2050 4926 civitatis

471 4961 658 5029 ipsius,
694 4963 869 5015 audita
901 4976 1174 5016 servorum
1223 4962 1314 5016 Dei
1345 4962 1618 5032 opinione,
1648 4964 1794 5018 venit
1834 4964 1899 5017 ad
1931 4978 2043 5031 eos,

469 5054 606 5107 scire
649 5055 832 5108 volens
875 5056 999 5124 quid
1049 5067 1257 5120 essent,
1306 5056 1501 5122 quidve
1548 5057 1953 5121 profiterentur;
1993 5066 2048 5109 et

471 5144 658 5197 vidi-ns
681 5145 888 5212 aliquos
911 5162 975 5199 ex
1002 5147 1303 5208 monachis,
1328 5148 1401 5197 ait
1428 5144 1495 5197 ad
1525 5158 1654 5197 eos:
1690 5145 1886 5199 Vocate
1916 5146 2045 5200 mihi

472 5235 682 5291 Patrem
716 5248 978 5302 vestrum,
1009 5239 1129 5302 quia
1172 5237 1239 5289 de
1285 5236 1443 5290 rebus
1479 5237 1794 5291 necessariis
1832 5252 1952 5292 cum
1983 5254 2049 5292 eo

471 5327 833 5394 disputaturtts
873 5342 1014 5380 sum.
1056 5327 1188 5378 Cum
1222 5328 1560 5395 cognovisset
1610 5337 1787 5381 autem
1832 5337 2049 5382 sanctus

472 5418 554 5470 vir
579 5418 700 5485 quia
730 5418 1080 5486 phIIOSOpIIUS
1106 5426 1279 5482 esset,
1311 5418 1456 5471 misit
1487 5418 1549 5470 ad
1593 5434 1712 5471 eum
1743 5420 2050 5473 Cornelium

472 5517 523 5559 et
554 5506 927 5573 Theodorum,
961 5505 1273 5574 praecipiens
1302 5508 1383 5560 eis
1432 5516 1489 5560 ut
1527 5508 1591 5561 ad
1623 5524 1683 5562 ea
1714 5523 1833 5577 qua:
1863 5510 2051 5563 scisci-

462 5590 664 5653 'tavcrit
696 5600 938 5667 prudenti
971 5598 1318 5665 responsione
1356 5600 1745 5654 satisfacerent.
1793 5602 2051 5669 Egressus

472 5690 631 5757 igitur
654 5689 717 5743 ad
740 5704 857 5744 eum
920 5687 1269 5755 philosophus
1296 5690 1368 5743 ait
1394 5707 1407 5743 :
1443 5690 1633 5744 Multus
1660 5692 1722 5741 ad
1752 5706 1847 5744 nos
1874 5706 2052 5745 sermo

2157 4597 2325 4661 luisti,
2359 4606 2415 4649 ut
2445 4605 2587 4649 tanta
2620 4595 2839 4649 fratrum
2870 4595 3229 4663 negligeretur
3254 4594 3493 4648 utilitas?
3523 4594 3629 4657 Qui
3652 4593 3750 4647 sub

2156 4688 2340 4741 humili
2386 4688 2751 4742 satisfactione
2780 4689 3055 4755 respondit
3084 4703 3097 4740 :
3124 4686 3446 4753 Optaveram
3497 4687 3745 4753 quidem,

2154 4777 2481 4831 venerabilis
2537 4778 2695 4832 Pater
2729 4817 2745 4842 ,
2802 4777 3043 4845 quotidie
3103 4776 3323 4843 implere
3386 4777 3747 4829 ministerium

2154 4882 2361 4931 meum;
2394 4868 2488 4922 sed
2519 4868 2639 4936 quia
2683 4866 2941 4938 quidquid
2968 4869 3289 4937 coquebam,
3319 4882 3423 4921 non
3458 4882 3746 4923 consume-
3784 4934 3787 4937 δ

2157 4958 2312 5012 batur
2339 4974 2367 5012 a
2398 4960 2672 5026 fratribus,
2706 4961 2829 5030 quia
2857 4976 3044 5016 omnes
3084 4962 3351 5019 abstinent
3378 4961 3505 5029 (soli
3546 4964 3747 5032 quippe

2157 5050 2307 5118 pueri
2340 5049 2541 5118 aliquid
2589 5064 2823 5109 coctura:
2871 5053 3214 5122 percipiunt),
3248 5068 3315 5107 ne
3363 5063 3510 5108 tanto
3560 5055 3747 5109 labore

2157 5151 2353 5209 parata:
2380 5144 2765 5211 projicerentur
2791 5160 3061 5214 expensa),
3095 5156 3376 5215 propterea
3410 5146 3744 5215 pulmentum

2158 5247 2262 5286 non
2289 5234 2430 5290 coxi.
2473 5238 2542 5287 At
2590 5250 2657 5290 ne
2704 5239 2908 5291 otiosus
2948 5251 3143 5303 essem,
3196 5237 3434 5306 psiathos
3461 5239 3575 5299 (40)
3604 5240 3743 5306 elegi

2120 5339 2276 5377 .cum
2309 5325 2558 5379 fratribus
2590 5334 2792 5391 texere,
2824 5328 2998 5381 scicns
3030 5343 3189 5382 unum
3220 5328 3288 5382 de
3337 5329 3418 5383 his
3466 5330 3556 5397 qui
3610 5328 3743 5381 mihi

2157 5415 2392 5481 deputati
2422 5424 2551 5469 sunt
2575 5416 2639 5469 ad
2672 5431 2806 5485 opus
2838 5417 3137 5485 hujusmodi
3169 5432 3327 5487 posse
3370 5418 3634 5482 sufficere,
3683 5428 3765 5497 ut.

2157 5519 2346 5571 parvas
2376 5521 2547 5567 escas,
2582 5506 2632 5559 id
2664 5518 2767 5571 est,
2793 5507 2961 5561 olivas
2992 5517 3047 5562 et
3078 5507 3323 5561 herbulas
3376 5508 3442 5561 ad
3492 5507 3742 5562 refectio-

2158 5615 2274 5652 nem
2309 5600 2560 5655 fratribus
2592 5611 2825 5667 pararet.
2869 5602 2991 5655 lltcc
3020 5602 3241 5656 audiens
3276 5602 3591 5655 Pachomius
3623 5617 3635 5651 :
3674 5600 3740 5655 Et

2156 5702 2283 5761 quot
2313 5704 2453 5762 sunt,
2488 5696 2677 5764 inquit,
2706 5696 2924 5765 psiatlti,
2950 5712 3083 5767 quos
3118 5710 3165 5753 te
3188 5698 3378 5752 fecisse
3402 5695 3612 5751 dixisti?
3634 5694 3733 5759 Qui
