4016 6216
252 318 345 373 261
918 314 945 341 ’

1052 311 1210 367 VITA
1253 307 1496 365 SANCTI
1541 304 1869 361 PACIIOMH
1913 303 2201 357 ABBATIS
2242 302 2735 358 TABENNENSIS.

3434 299 3541 354 9.62

251 428 529 498 respondit
558 445 569 479 :
597 425 905 496 Quingenti.
957 424 1021 476 Et
1050 423 1157 475 ille.
1190 421 1364 483 Defer,
1393 420 1581 488 inquit,
1614 420 1716 471 huc
1736 432 1850 471 om-
1881 416 1927 470 A
1957 410 2033 465 Ex
2066 412 2166 465 hoc
2198 412 2451 464 innocens
2479 424 2599 473 ero;
2635 426 2729 464 vos
2760 408 3014 474 videritis,
3047 410 3090 463 si
3136 423 3198 464 ea
3246 425 3363 478 qua:
3408 421 3540 465 sunt

255 536 376 585 nes,
408 527 467 573 ut
493 517 732 571 videam.
762 516 861 581 Qui
893 528 1013 567 cum
1036 512 1263 567 fuissent
1291 511 1461 573 allati,
1488 511 1731 577 protinus
1757 520 1854 560 eos

251 611 376 681 igne
403 615 690 678 supposito
716 607 875 676 jussit
897 604 1067 657 exuri.
1102 604 1252 656 Tunc
1277 602 1350 655 ait
1383 602 1485 655 illis
1521 617 1532 652 :
1566 601 1716 655 Sicut
1761 612 1854 651 vos

257 705 507 755 traditam
536 700 689 755 vobis
717 713 839 765 erga
873 694 1328 761 dispensationem
1362 692 1585 746 fratrum
1615 691 1852 759 regulam

256 790 604 858 despexistis,
634 792 712 841 sic
741 801 840 855 ego
874 790 1068 854 passim
1112 784 1325 838 labores
1372 790 1580 835 vestros
1610 779 1856 834 incendio

259 880 629 943 Concremavi,
662 886 926 946 quatenus
951 874 1293 944 cognoscatis
1319 887 1475 941 quam
1501 870 1854 938 perniciosum

258 975 331 1028 sit
360 971 855 1025 Patrum’mstituta
896 964 1221 1029 convellere,
1253 978 1372 1032 qum
1420 977 1515 1029 pro
1562 963 1854 1014 animarum

259 1065 434 1118 salute
466 1063 680 1131 provisa
711 1068 859 1113 sunt.
894 1059 975 1111 Au
1006 1057 1261 1127 ignoratis
1293 1057 1434 1123 quod
1459 1053 1750 1121 gloriosum
1784 1051 1857 1106 sit

260 1169 484 1221 semper
511 1153 782 1205 abstinere
812 1148 1203 1217 praesentibus?
1232 1146 1361 1199 Nam
1391 1144 1435 1197 si
1463 1143 1583 1213 quis
1611 1144 1679 1198 ab
1704 1158 1766 1197 ea
1800 1158 1856 1196 re

258 1259 383 1311 qum
406 1244 456 1295 in
492 1242 611 1309 ejus
658 1249 742 1292 est
790 1247 1052 1305 potestate
1095 1237 1274 1290 divina
1324 1235 1755 1288 consideratione
1800 1249 1859 1288 se

260 1332 526 1394 continet,
560 1344 811 1399 magnum
861 1327 1206 1394 consequitur
1236 1340 1263 1375 a
1301 1325 1526 1377 Domino
1558 1324 1856 1390 pr:):nlimtt.

261 1423 348 1477 Ab
375 1436 441 1475 ea
480 1436 613 1474 vero
643 1434 723 1485 re,
771 1417 923 1485 cujus
970 1416 1154 1469 utendi
1205 1414 1469 1467 licentiam
1518 1428 1624 1465 non
1677 1411 1855 1473 habet,

262 1512 495 1582 quadam
521 1509 762 1564 noscitur
783 1506 1105 1561 necessitate
1130 1504 1404 1569 cohiberi;
1430 1512 1481 1557 et
1502 1501 1623 1555 ideo
1647 1513 1858 1571 propter

264 1601 646 1658 abstinentiam
679 1608 919 1653 coactam
949 1607 1109 1664 atque
1140 1596 1381 1649 inutilem
1411 1595 1607 1647 frustra
1649 1593 1859 1648 videtur

266 1703 584 1760 exspectare
615 1690 939 1745 mercedem.
970 1689 1206 1756 Denique
1235 1702 1354 1741 cum
1387 1688 1563 1754 plures
1592 1699 1731 1738 esca:
1757 1700 1856 1753 ap-

271 1785 457 1853 posita:
484 1782 707 1846 fuerint,
739 1780 783 1833 si
814 1782 1005 1834 lratres
1036 1780 1245 1847 parcius
1274 1778 1353 1833 his
1399 1788 1619 1831 utuntur
1645 1786 1860 1845 propter
1890 1768 1937 1827 B

273 1876 467 1939 Deum,
502 1884 628 1927 tunc
656 1872 795 1939 apud
831 1872 994 1924 Deum
1026 1870 1128 1924 sibi
1174 1870 1459 1923 maximam
1509 1885 1658 1937 spem
1705 1884 1861 1937 repo-

272 1978 431 2024 nunt.
461 1969 541 2021 De
579 1966 713 2020 cibis
753 1974 929 2018 autem
976 1978 1109 2031 quos
1149 1978 1255 2016 non
1309 1964 1506 2027 vident,
1542 1977 1639 2015 nec
1679 1963 1759 2015 eis
1796 1961 1862 2014 ad

270 2058 676 2127 percipiendum
708 2055 932 2108 facultas
972 2054 1073 2107 ulla
1119 2053 1394 2117 tribuitur,
1444 2054 1714 2121 quomodo
1767 2068 1862 2121 pro

288 2147 619 2216 parcimonia
651 2144 924 2221 praemium
953 2145 1268 2198 conceditur
1296 2144 1318 2196 ἲ
1365 2143 1595 2212 Ideoque
1648 2154 1864 2213 propter

277 2239 507 2307 exiguos
536 2245 770 2303 sumptus
799 2244 942 2289 tanta
975 2236 1194 2289 fratrum
1225 2248 1330 2289 non
1360 2234 1547 2289 debuit
1588 2233 1863 2289 intermitti

275 2329 651 2384 commoditas.

346 2420 480 2474 CAP.
514 2417 698 2471 XLIV.
720 2446 788 2457 —
810 2417 936 2471 llaec
964 2430 1085 2471 cum
1115 2417 1425 2483 loqueretur
1450 2416 1515 2469 ad
1543 2431 1657 2481 eos,
1684 2425 1737 2471 et
1755 2416 1864 2469 suf-

276 2511 520 2564 ticienter
548 2523 734 2562 eorum
764 2507 958 2561 delicta
987 2508 1307 2575 corriperet,
1338 2507 1588 2561 ostiarius
1629 2506 1698 2558 ad
1741 2520 1862 2559 eum

273 2602 501 2656 festintts
530 2600 802 2666 ingressus
828 2606 932 2663 est,
964 2613 1187 2667 magnos
1233 2597 1375 2651 viros
1419 2607 1473 2650 et
1515 2596 1866 2651 anachoretas

273 2691 523 2763 egregios
551 2690 793 2743 indicans
820 2689 1120 2754 advenisse,
1155 2688 1245 2756 qui
1275 2704 1397 2741 eum
1429 2686 1613 2742 videre
1644 2687 1863 2741 deside-

273 2794 477 2839 rarent.
509 2783 658 2850 Quos
684 2782 830 2835 illico
853 2782 1014 2849 jussit
1044 2781 1276 2846 intrare,
1304 2781 1589 2848 debitaque
1616 2795 1865 2834 reveren-

275 2877 348 2929 tia
373 2873 620 2927 salutans
642 2885 757 2933 eos,
794 2879 911 2938 post
930 2871 1223 2924 orationem
1257 2885 1348 2937 per
1375 2867 1601 2924 fratrum
1630 2870 1867 2925 ducebat

271 2963 521 3028 cellulas,
549 2971 604 3016 et
641 2961 822 3014 omnia
866 2959 945 3013 eis
992 2960 1302 3014 monasterii
1352 2959 1468 3014 loca
1512 2961 1863 3015 monstrabat.

272 3054 378 3120 Qui
408 3058 737 3122 rogaverunt
764 3064 947 3103 senem
975 3058 1033 3102 ut
1061 3064 1182 3103 cum
1211 3063 1277 3102 eo
1305 3047 1373 3101 de
1395 3047 1587 3116 quibus
1612 3057 1868 3117 cuperent

272 3119 440 3199 rebus
465 3119 679 3197 secreto
705 3142 1068 3209 loquerentur.
1096 3139 1246 3192 Tunc
1274 3152 1401 3192 vero
1421 3139 1572 3191 duxit
1595 3152 1689 3191 eos
1717 3154 1865 3192 seor-
1890 3119 1940 3183 (ἶ

272 3251 421 3300 sum,
452 3234 703 3301 seditque
730 3247 851 3287 cum
886 3232 987 3285 eis.
1018 3230 1127 3284 Illis
1152 3239 1327 3283 autem
1358 3228 1426 3282 de
1474 3229 1633 3282 rebus
1675 3229 1866 3282 abditis

273 3335 442 3394 atque
470 3323 685 3378 arcanis
712 3324 870 3376 altius
898 3322 1311 3391 disputantibus,
1344 3322 1505 3391 cmpit
1529 3331 1743 3374 sanctus
1770 3322 1870 3374 Pa~

273 3418 529 3471 CllOllllllS
565 3417 787 3469 odorem
835 3415 1038 3470 sentire
1085 3416 1436 3469 teterrimum.
1468 3413 1697 3469 Videbat
1726 3413 1867 3466 enim

276 3523 376 3563 eos
405 3508 624 3562 exculto
651 3507 780 3560 satis
804 3506 881 3560 uti
907 3521 1175 3569 sermone,
1201 3516 1254 3560 et
1282 3507 1337 3560 in
1358 3506 1646 3574 Scripturis
1670 3506 1870 3559 sanctis

278 3610 503 3669 paratos
530 3599 783 3663 existere,
812 3612 909 3652 nec
958 3604 1169 3667 poterat
1196 3597 1261 3651 de
1291 3595 1633 3652 intolerantia
1687 3596 1871 3651 fetoris

278 3692 485 3761 aliquid
519 3691 598 3746 vel
625 3692 880 3759 cogitare,
912 3690 998 3745 vel
1023 3690 1226 3746 dicere.
1260 3689 1360 3745 Ubi
1400 3706 1527 3759 ergo
1571 3689 1638 3744 de
1679 3688 1872 3743 divinis

279 3781 518 3851 eloquiis
546 3780 747 3833 diutius
774 3780 1126 3847 disputarent,
1158 3787 1214 3835 et
1257 3780 1389 3833 hora
1431 3794 1569 3833 nona
1595 3779 1704 3847 jam
1737 3782 1874 3835 rele-

284 3874 487 3927 ctionis
522 3883 729 3940 tempus
761 3871 1037 3936 indiceret,
1066 3881 1343 3941 surgentes
1375 3873 1494 3940 ipsi,
1548 3886 1671 3925 mox
1722 3873 1873 3928 abire

281 3966 597 4017 voluerunt.
631 3963 773 4028 Quos
810 3971 1025 4016 sanctus
1057 3963 1139 4015 vir
1165 3963 1372 4016 enixius
1402 3962 1587 4016 orabat
1614 3973 1669 4015 nt
1696 3963 1872 4018 cibum

283 4057 493 4124 pariter
521 4064 817 4117 sumerent.
842 4056 941 4122 Qui
964 4056 1251 4109 noluerunt
1278 4056 1486 4122 penitus
1506 4056 1868 4137 acquiescere,

281 4146 532 4199 dicentes
562 4145 813 4198 festinare
843 4160 911 4228 se
956 4152 1079 4197 ante
1125 4157 1373 4197 occasura
1422 4145 1553 4197 solis
1606 4144 1759 4214 132
1807 4146 1872 4198 ad

284 4241 508 4309 propria
557 4254 815 4293 remeare.
868 4237 936 4291 Et
973 4238 1090 4290 vale
1133 4235 1373 4290 dicentes
1422 4237 1510 4299 ei,
1561 4238 1677 4290 sine
1725 4252 1875 4291 mora

286 4328 517 4399 profecti
548 4340 689 4384 sunt.
721 4330 868 4383 Tunc
888 4338 1105 4382 sanctus
1133 4325 1450 4379 Pachomius
1472 4326 1655 4379 volens
1677 4330 1877 4381 certius

288 4437 513 4475 causam
544 4420 729 4475 fetoris
755 4433 1066 4487 agnoscere,
1094 4418 1144 4470 in
1171 4417 1465 4471 orationem
1498 4418 1874 4483 prosternitur,

1958 511 2102 555 recta
2135 501 2462 568 respueritis.
2506 499 2657 564 Quod
2695 499 2741 551 si
2792 498 2922 552 mihi
2972 500 3128 552 vultis
3171 502 3536 567 acquiescere,

1960 594 2173 661 Deuque
2206 594 2416 657 placere
2461 607 2553 658 per
2582 591 2784 653 omnia,
2814 599 3035 644 cunctos
3080 590 3322 657 Origenis
3376 592 3542 646 libros

1957 682 2009 735 in
2060 684 2257 736 ﬂumen
2289 681 2531 749 mergite,
2567 696 2631 734 ne
2659 681 2726 733 ab
2765 679 2871 733 illis
2913 693 3008 733 vos
3058 678 3158 745 ipsi
3204 679 3537 746 tnergantini.

1957 772 2082 825 Haec
2110 773 2314 835 dicens,
2347 770 2593 823 discessit
2619 775 2686 822 ab
2714 773 2813 823 eis.
2850 769 2914 822 Et
2964 768 3178 823 rediens
3225 769 3292 821 ad
3340 770 3543 839 exerci-

1958 865 2089 916 tium
2119 863 2291 916 SUIitae
2324 864 2551 924 virtutis,
2586 862 2787 929 reperit
2810 862 3003 914 fratres
3043 863 3095 914 in
3124 863 3367 914 oratione
3415 875 3546 914 con-

1958 956 2148 1008 sistere
2170 992 2185 1017 ,
2218 968 2338 1006 cum
2370 954 2561 1021 quibus
2589 953 2838 1007 alacriter
2868 953 3095 1022 hymnos
3124 953 3404 1007 cantilena:
3431 953 3549 1021 spi-

1958 1043 2127 1097 ritalis
2149 1043 2423 1112 explicuit.

2032 1155 2158 1208 CAP.
2192 1155 2352 1210 XLV.
2379 1185 2446 1194 —
2470 1154 2740 1208 Monachis
2771 1155 2926 1223 igitur
2952 1156 3015 1208 ad
3057 1156 3378 1209 vescendum
3416 1169 3544 1209 con-

1960 1246 2320 1306 venientibus,
2354 1245 2670 1298 venerahitis
2699 1260 2864 1298 senex
2898 1244 2950 1297 in
2979 1245 3243 1308 cellulam,
3279 1245 3364 1298 ubi
3410 1259 3545 1298 con-

1961 1345 2207 1388 sueverat
2235 1335 2533 1402 supplicare
2560 1335 2817 1401 Domino,
2852 1351 2911 1389 se
2941 1338 3159 1403 recepit.
3188 1336 3252 1389 Et
3281 1336 3542 1389 obseratis

1961 1424 2181 1490 ostium,
2205 1427 2394 1478 orabat
2419 1426 2639 1487 intente,
2668 1440 2874 1479 memor
2896 1427 3116 1479 visi0nis
3140 1442 3295 1493 quam
3320 1426 3553 1493 aliquan—

1962 1516 2031 1567 do
2057 1526 2443 1583 conspexerat;
2476 1526 2529 1569 et
2578 1516 2895 1569 obsecrabat
2926 1517 3230 1582 Dominum,
3280 1528 3547 1586 quatenus

1963 1606 2011 1659 ei
2042 1605 2345 1661 declararet
2369 1618 2565 1661 statum
2596 1609 2977 1661 monachorum
3007 1611 3096 1676 qui
3131 1610 3339 1662 futurus
3365 1621 3541 1670 esset,

1965 1697 2046 1749 vel
2078 1697 2205 1765 quid
2255 1706 2373 1765 post
2420 1700 2537 1766 ejus
2592 1699 2791 1751 obitum
2844 1699 2894 1751 in
2941 1708 3084 1751 tanta
3132 1701 3548 1767 congregatione

1965 1789 2327 1858 contingeret;
2351 1798 2405 1842 et
2432 1791 2499 1841 ab
2527 1788 2656 1841 hora
2690 1803 2828 1842 nona
2854 1805 3025 1858 usque
3069 1790 3133 1842 ad
3166 1790 3289 1842 illud
3342 1802 3550 1857 tempus

1965 1894 2071 1945 quo
2103 1880 2264 1932 frater
2292 1880 2381 1948 qui
2413 1880 2689 1933 nocturnis
2732 1880 3062 1934 orationibus
3105 1889 3333 1948 praeerat
3361 1896 3547 1934 vocem

1968 1971 2226 2033 mitteret,
2260 1982 2314 2025 et
2343 1971 2407 2024 ad
2457 1986 2644 2039 preces
2687 1973 2870 2026 solitas
2913 1975 3189 2036 excitaret,
3242 1974 3548 2028 instantiam

1964 2080 2074 2120 suae
2096 2067 2497 2134 supplicationis
2526 2066 2780 2119 extendit.
2830 2066 3071 2132 Cumque
3119 2077 3425 2134 precaretur
3470 2076 3549 2120 at-

1965 2154 2180 2219 tentius,
2209 2155 2388 2207 subito
2409 2157 2549 2208 circa
2573 2154 2804 2208 mediam
2834 2165 3043 2207 noctem
3070 2156 3327 2208 visionem
3356 2157 3548 2221 cernit,

1965 2259 2084 2313 quae
2115 2261 2236 2299 eum
2263 2245 2418 2314 juxta
2451 2244 2758 2314 petitionem
2792 2246 3059 2314 propriam
3091 2246 3159 2298 de
3189 2254 3329 2299 statu
3371 2259 3549 2314 poste-

1963 2352 2146 2392 rorum
2177 2352 2397 2390 suorum
2424 2337 2629 2403 plenius
2650 2336 2923 2390 edoceret.
2951 2337 3081 2389 Nam
3110 2339 3427 2391 monasteria
3452 2353 3545 2390 sua

1964 2427 2333 2481 vehementius
2365 2426 2667 2491 dilatando,
2698 2428 3086 2495 nonnullosque
3120 2428 3203 2495 pie
3234 2429 3469 2481 victuros
3498 2441 3549 2481 et

1966 2520 2305 2571 continenter
2328 2518 2563 2587 agnovit,
2597 2516 2934 2586 neglecturos
2964 2520 3124 2570 etiam
3157 2517 3414 2584 plurimos
3465 2517 3546 2569 di-

1967 2607 2116 2667 dicit,
2152 2622 2409 2674 suamque
2429 2607 2655 2661 salutem
2682 2607 2890 2676 penitus
2919 2622 3038 2662 esse
3063 2607 3385 2675 perdituros.
3414 2609 3551 2661 Vidit

1968 2714 2122 2767 ergo,
2153 2699 2291 2751 sicut
2321 2699 2435 2765 ipse
2464 2699 2718 2762 narravit,
2743 2697 3136 2752 multitudinem
3169 2698 3550 2751 monachorum

1972 2789 2025 2842 in
2058 2789 2195 2843 valle
2224 2789 2452 2858 quadam
2485 2786 2743 2855 profunda
2774 2790 2904 2842 satis
2932 2798 3093 2857 atque
3115 2788 3401 2856 caliginosa
3425 2802 3550 2841 con-

1969 2883 2160 2934 sistere
2176 2921 2191 2946 ,
2210 2891 2264 2935 et
2287 2880 2423 2935 alios
2444 2880 2636 2934 exinde
2659 2879 2799 2933 velle
2822 2881 3203 2945 conscendere,
3230 2892 3327 2933 nec
3348 2880 3551 2941 valere.

1970 2974 2094 3041 quia
2122 2973 2566 3027 occurrebantex
2613 2971 2839 3024 adverso
2882 2970 3001 3035 sibi,
3052 2985 3151 3024 nec
3200 2968 3425 3023 invicem
3472 2969 3552 3022 die

1971 3075 2231 3128 gnoscere
2263 3070 2529 3128 poterant,
2557 3074 2653 3113 nec
2680 3061 2747 3112 de
2779 3059 3038 3125 profundo
3066 3061 3156 3111 illo
3186 3072 3238 3113 et
3270 3059 3555 3113 tenebroso

1976 3153 2095 3207 loco
2122 3166 2344 3219 prorsus
2372 3165 2649 3219 emergere
2678 3167 2692 3215 ;
2720 3150 2855 3203 alios
2896 3160 3073 3202 autem
3106 3149 3300 3203 frustra
3332 3159 3555 3203 conatos

1977 3258 2085 3309 pra:
2114 3242 2429 3296 lassitudine
2467 3256 2645 3306 ruere,
2676 3251 2834 3311 atque
2882 3241 2946 3294 ad
2996 3241 3194 3295 inferos
3240 3242 3550 3309 pervenire;

1972 3333 2126 3393 alios,
2148 3333 2406 3396 iacentes,
2433 3330 2721 3385 miserabili
2753 3345 2813 3383 ac
2840 3331 3134 3399 lacrymosa
3164 3346 3293 3385 voce
3316 3330 3549 3393 deﬂere;

1980 3422 2265 3475 nvnnullos
2310 3437 2438 3476 vero
2485 3437 2602 3475 cum
2652 3422 2884 3475 maximo
2932 3422 3117 3475 labore
3158 3421 3550 3482 conscendere.

1973 3514 2162 3580 quibus
2191 3512 2243 3566 in
2272 3526 2496 3565 ascensu
2525 3514 2640 3581 ipso
2687 3512 2776 3565 lux
2829 3513 3069 3580 protinus
3117 3513 3449 3574 orcurrebat,
3501 3514 3555 3565 in

1974 3617 2075 3671 qua
2105 3602 2377 3655 constituti
2409 3600 2709 3654 referebant
2740 3603 2848 3654 Deo
2893 3602 3090 3669 gratias
3133 3600 3272 3668 quod
3318 3601 3550 3654 evadere

1976 3694 2290 3761 potuissent.
2327 3692 2398 3745 Ita
2430 3690 2746 3744 Pachomius
2776 3691 3035 3745 intellexit
3079 3706 3199 3758 quae
3245 3692 3555 3745 novissimis

1972 3795 2157 3838 essent
2208 3793 2462 3837 eventura
2515 3781 2879 3848 temporibus;
2921 3781 3322 3849 caecitatemque
3368 3784 3559 3834 ruentis

1976 3890 2160 3929 eorum
2191 3874 2279 3943 qui
2311 3881 2431 3942 post
2458 3872 2621 3925 futuri
2654 3882 2796 3939 sunt,
2828 3883 2881 3926 et
2903 3888 3138 3927 errorem
3167 3874 3365 3938 cordis,
3392 3874 3561 3929 bono-

1979 3980 2204 4033 rumque
2231 3964 2496 4017 defectum
2526 3962 2680 4015 valde
2710 3963 2878 4015 doluit
2904 3980 2918 4028 ;
2952 3964 3181 4016 maxime
3228 3979 3379 4028 vero,
3412 3966 3557 4032 quod

1979 4056 2247 4127 praepositi
2279 4066 2404 4109 tunc
2433 4055 2760 4124 negligentes
2791 4069 2853 4106 ac
2882 4054 3095 4109 desides
3118 4055 3319 4119 forent,
3352 4072 3451 4110 nec
3502 4058 3555 4110 in

1980 4152 2089 4205 Deo
2110 4150 2461 4212 confiderent,
2484 4147 2580 4201 sed
2601 4147 2884 4201 concordia
2908 4147 3235 4201 discordiose
3259 4158 3554 4210 uterentur,

1978 4244 2247 4310 placentes
2278 4241 2453 4294 stulta:
2494 4239 2837 4304 multitudini,
2871 4249 2923 4292 et
2951 4248 3281 4293 ostentantes
3314 4240 3553 4295 habitum

1982 4332 2388 4397 monachorum,
2421 4332 2667 4400 nullaque
2696 4332 2832 4384 bona
2874 4344 3033 4396 opera
3066 4332 3430 4397 przeferentes.
3465 4330 3560 4385 Se-

1984 4427 2088 4478 mel
2118 4434 2298 4479 autem
2345 4424 2586 4491 pessimis
2615 4425 2899 4492 primatum
2931 4423 3253 4485 tenentibus,
3282 4423 3563 4491 ipsumque

288 4529 525 4569 exorans
557 4514 835 4567 Dominum
865 4522 1125 4579 Quatenus
1153 4509 1253 4564 sibi
1285 4511 1470 4576 quales
1515 4518 1698 4563 essent
1748 4524 1877 4576 pan-
1907 4495 1959 4555 Ῑ)
1988 4532 2179 4571 nomen
2209 4527 2407 4570 sancta:
2447 4515 2867 4568 c0nversationis
2916 4513 3302 4581 ignorantibus,
3344 4529 3564 4570 necesse

288 4609 425 4663 dere
466 4607 796 4677 dignaretur.
828 4604 1059 4671 Moxque
1096 4602 1350 4670 cognovit
1399 4601 1541 4669 quod
1590 4602 1876 4669 impietatis

289 4714 484 4756 eorum
515 4700 783 4767 dogmata,
811 4694 1004 4764 quibus
1033 4693 1394 4760 probabantur
1424 4691 1630 4753 imbuti,
1677 4701 1874 4743 tantam

291 4791 592 4861 perniciem
620 4789 688 4843 de
712 4802 893 4842 eorum
923 4784 1176 4839 cordibus
1204 4783 1543 4837 exhalarent.
1569 4781 1678 4836 Nec
1707 4798 1874 4845 mora,

290 4886 442 4940 viros
466 4882 615 4950 ipsos
640 4876 961 4947 insequitur,
980 4887 1034 4930 et
1059 4873 1407 4943 apprehensis
1427 4875 1499 4926 ait
1524 4891 1535 4923 :
1566 4872 1734 4927 Unum
1758 4873 1879 4926 volo

291 4993 393 5033 vos
419 4978 753 5044 interrogare
784 4984 1106 5026 sermonem.
1136 4968 1235 5034 Qui
1260 4968 1515 5021 dixerunt
1545 4987 1559 5020 :
1587 4967 1875 5035 Interroga.

290 5068 587 5139 Numquid,
621 5067 728 5130 ait,
752 5062 997 5131 Origenis
1025 5069 1323 5115 commenta
1370 5058 1607 5126 legistis?
1638 5056 1737 5123 Qui
1784 5071 1878 5110 ne-

291 5171 507 5233 gantes,
539 5159 792 5213 dixerunt
837 5172 849 5205 :
898 5154 1260 5220 Nequaquam.
1310 5149 1516 5213 Quibus
1562 5148 1636 5200 ait
1682 5165 1696 5201 :
1741 5147 1877 5200 Ecce

292 5260 574 5307 contestor
602 5263 697 5303 vos
726 5262 906 5302 coram
941 5243 1184 5304 Domino,
1229 5242 1368 5310 quod
1397 5239 1571 5294 omnis
1600 5239 1757 5291 homo
1786 5238 1876 5305 qui

294 5342 428 5410 legit
456 5342 768 5410 Origenem,
797 5349 852 5391 et
879 5333 1144 5390 consentit
1166 5333 1247 5386 his
1276 5348 1392 5402 quin
1416 5344 1577 5397 prave
1602 5329 1875 5393 disseruit,

260 5436 349 5489 .in
386 5432 638 5501 profunda
672 5427 945 5497 perveniet
988 5423 1297 5486 inferorum,
1332 5421 1717 5487 lnereditasque
1765 5417 1885 5487 ejus

291 5532 457 5575 erunt
486 5536 696 5576 vermes
727 5527 780 5571 et
808 5518 1101 5572 exteriores
1141 5514 1395 5573 tenebrae,
1425 5510 1614 5578 quibus
1666 5507 1881 5577 iniquo-

296 5626 425 5665 rum
452 5610 646 5664 anima:
675 5609 793 5662 sine
824 5608 927 5660 line
955 5604 1253 5673 punientur.
1286 5602 1361 5654 En
1390 5612 1491 5665 ego
1512 5640 1524 5660 ,
1558 5599 1698 5663 quod
1753 5599 1882 5652 mihi

298 5703 697 5759 manifestatum
724 5710 805 5753 est
845 5714 873 5751 a
906 5695 1150 5759 Domino,
1182 5693 1332 5749 vobis
1361 5690 1589 5747 sollicite
1617 5690 1876 5746 nuntiavi.

1983 4618 2064 4661 est
2088 4607 2454 4659 aemulationes
2482 4619 2544 4656 ac
2568 4603 2742 4672 jurgia
2772 4605 3035 4671 generari,
3067 4613 3121 4657 et
3150 4605 3267 4672 quis
3296 4606 3475 4672 praesit
3502 4622 3563 4660 ac

1984 4696 2154 4764 major
2191 4697 2278 4758 sit,
2312 4694 2594 4747 ambitiosa
2644 4693 2736 4747 lite
2781 4695 3132 4759 contendere;
3183 4705 3237 4748 et
3284 4699 3560 4763 reproltari

1985 4787 2198 4855 quidem
2227 4786 2417 4849 bonos,
2446 4798 2507 4837 ac
2535 4784 2706 4837 malos
2732 4784 2887 4851 eligi;
2920 4799 3018 4837 nec
3046 4786 3305 4851 probitate
3329 4803 3557 4851 morum,

1985 4880 2080 4934 sed
2112 4876 2425 4946 antiquitate
2458 4876 2540 4928 vel
2568 4876 2754 4928 ordine
2786 4891 3214 4944 unumquemque
3242 4878 3378 4930 velle
3405 4888 3564 4931 (aete-

1986 4971 2063 5023 ris
2090 4968 2365 5023 anteferri.
2393 4966 2544 5021 Unde
2575 4979 2746 5031 neque
2777 4965 2949 5033 aliqua
2981 4967 3131 5019 bonis
3159 4966 3287 5020 viris
3316 4967 3565 5036 loquendi

1985 5060 2175 5114 ﬁducia
2207 5058 2407 5111 suberit
2440 5071 2534 5124 pro
2564 5055 2789 5108 utilitate
2837 5056 3124 5117 communi,
3177 5057 3270 5111 sed
3315 5072 3471 5112 erunt
3514 5060 3566 5112 in

1987 5152 2201 5206 silentio
2245 5159 2299 5204 et
2328 5149 2538 5217 quiete,
2586 5154 2679 5199 aut
2715 5159 2862 5199 certe
2902 5144 3003 5199 sub
3051 5147 3232 5199 colore
3277 5150 3570 5202 honertatis

1988 5243 2193 5310 magnis
2221 5238 2689 5309 persecutionibus
2725 5237 3048 5306 al'lligentur.
3082 5239 3146 5291 Et
3171 5242 3294 5307 quid
3326 5251 3402 5292 est
3436 5257 3570 5309 opus

1987 5335 2193 5402 singula
2222 5345 2530 5395 recensere,
2563 5312 2679 5383 cum
2711 5330 2887 5382 omnia
2915 5344 3050 5396 pene
3080 5344 3200 5397 quae
3226 5340 3347 5383 sunt
3378 5334 3520 5397 regul
3547 5347 3571 5385 s

1991 5423 2217 5477 subnixa
2248 5420 2463 5487 divinis,
2498 5419 2745 5472 humanis
2772 5423 3238 5473 commutahuntur
3267 5420 3572 5473 illecebris?

1990 5513 2140 5565 Tunc
2176 5509 2492 5562 Pachomius
2522 5510 2834 5562 exclamavit
2865 5510 2929 5561 ad
2979 5510 3289 5573 Dominum,
3323 5524 3445 5562 cum
3493 5509 3570 5560 la—

1992 5602 2193 5671 crymis
2222 5600 2406 5652 dicens
2434 5613 2449 5650 2
2473 5598 2819 5665 Omnipotens
2845 5599 3003 5661 Deus,
3037 5601 3083 5653 si
3110 5602 3187 5653 sic
3215 5602 3338 5665 erit,
3372 5608 3427 5650 ut
3448 5600 3572 5664 quid

1990 5688 2283 5757 permisisti
2313 5687 2557 5744 cceuobia
2588 5689 2685 5743 ista
2716 5690 2998 5743 constitui?
3032 5691 3085 5743 Si
3118 5692 3256 5743 enim
3289 5687 3341 5738 in
3371 5696 3573 5749 tempo-
