4016 6254
425 295 527 350 2(ὶό

1406 299 1495 353 DE
1536 301 1714 358 VITIS
1754 301 2040 359 PATRUM
2080 301 2281 357 LIBER
2323 303 2591 360 PRIMUS.

3589 319 3702 375 26-5

422 425 478 461 re
511 409 821 471 novissimo,
849 408 1152 477 quicunque
1180 407 1430 463 fratribus
1461 424 1731 479 prmerunt
1762 416 1996 482 perversi
2026 420 2077 475 Α
2107 430 2262 468 mona
2300 417 2351 469 hi
2399 417 2547 484 juxta
2595 419 3034 474 conSnetudinem
3084 438 3265 477 coram
3312 441 3441 482 sene
3491 433 3558 484 ad
3605 449 3705 486 au-

419 499 575 551 futuri
603 508 746 563 sunt,
780 500 963 566 quales
994 509 1150 552 erunt
1179 499 1252 552 illi
1283 501 1371 567 qui
1403 502 1504 554 sub
1534 518 1720 557 eorum
1745 506 2004 574 regimine

417 589 804 642 versabuntur?
833 589 1020 642 Ctecus
1043 590 1183 642 enim
1213 591 1256 642 si
1298 605 1444 644 caeco
1481 592 1730 647 ducatum
1779 596 2001 663 prrebet,

417 689 644 748 uterque
675 682 725 733 in
768 681 971 733 foveam
1003 682 1144 734 cadit
1173 680 1388 750 (Matth.
1423 683 1534 752 xv).
1575 685 1685 739 Heu
1729 689 1846 741 me!
1881 691 2004 757 quia

417 767 615 822 frustra
649 779 702 824 et
733 786 1060 838 supervacue
1109 772 1370 825 laboravi.
1421 773 1709 834 Memento.
1759 779 2002 841 Domine,

417 864 714 917 studiorum
745 879 1008 926 meorum,
1033 879 1150 932 qua:
1181 873 1272 916 tuo
1300 880 1520 919 munere
1552 867 1858 933 perfecisti;
1892 887 2004 924 me-

416 969 596 1010 mento
629 955 948 1010 famulorum
982 965 1215 1017 tuorum,
1241 956 1327 1023 qui
1362 957 1455 1010 tibi
1482 966 1592 1010 tcta
1616 967 1796 1013 mente
1820 960 2005 1015 deser-

420 1049 606 1112 viunt;
639 1057 906 1102 memento
936 1049 1237 1100 testamenti
1270 1047 1340 1099 tui
1366 1087 1379 1111 ,
1413 1049 1550 1115 quod
1583 1064 1748 1118 usque
1777 1051 1843 1104 ad
1875 1066 2005 1105 con-

415 1142 827 1193 summationem
850 1141 1029 1193 s;cculi
1053 1156 1080 1191 a
1104 1139 1205 1191 tuis
1231 1140 1520 1206 promisisti
1551 1142 1804 1194 custodiri
1831 1144 2003 1196 culto-

415 1231 585 1285 ribus.
619 1230 695 1283 Ttt
730 1231 891 1291 nosti,
921 1229 1172 1292 Domine,
1201 1228 1324 1296 quia
1355 1244 1419 1281 ex
1454 1246 1559 1298 quo
1603 1234 1816 1299 suscepi
1863 1232 2005 1288 hunc

413 1322 652 1376 habitum
679 1321 945 1385 monachi,
973 1322 1130 1374 nimis
1158 1321 1462 1374 humiliatus
1491 1337 1607 1375 sunt
1638 1325 1689 1377 in
1716 1339 2004 1395 conspectu

413 1424 529 1477 tuo,
561 1428 828 1480 nunquam
858 1412 1083 1465 satiatus
1110 1427 1226 1464 sum
1265 1426 1422 1479 pane,
1454 1422 1509 1466 et
1534 1428 1694 1483 aqua,
1727 1417 1806 1470 vel
1834 1418 2004 1486 quali-

411 1506 503 1559 bet
531 1514 775 1560 creatura
803 1504 906 1556 alia
939 1518 1094 1570 quam
1124 1501 1324 1556 fecisti.

484 1598 610 1651 Haec
635 1611 701 1651 eo
725 1597 959 1660 dicente,
993 1611 1091 1648 vox
1118 1597 1183 1648 ad
1211 1610 1332 1648 eum
1367 1594 1502 1648 facta
1534 1605 1635 1662 est,
1668 1597 1855 1652 dicens
1890 1600 2005 1655 :Ne

411 1687 678 1756 glorieris,
710 1687 986 1749 Pachomi,
1021 1700 1140 1738 cum
1169 1686 1242 1738 sis
1267 1685 1446 1751 homo,
1481 1695 1537 1740 et
1567 1687 1807 1755 indigeas
1842 1691 2004 1743 mise-

2106 505 2358 557 diendum
2392 506 2613 560 verbum
2645 507 2738 560 Dei
2769 511 3147 565 constiterunt.
3195 512 3297 577 Qui
3345 519 3596 583 aperiens
3640 536 3705 575 os

2106 611 2294 660 suum,
2319 595 2544 650 docebat
2572 612 2696 658 eos,
2729 597 2915 652 dicens
2942 616 2956 652 :
2986 601 3160 654 Filioli
3194 604 3334 668 mei,
3367 619 3707 675 quantacun-

2106 703 2209 754 que
2238 688 2393 740 vobis
2435 698 2520 742 est
2561 689 2730 744 virtus
2772 703 2932 758 atque
2983 693 3328 760 possibilitas,
3383 713 3480 766 pro
3527 703 3704 757 salute

2107 791 2282 834 vestra
2313 791 2520 834 certate
2550 779 2782 847 fortiter,
2813 790 2869 836 et
2895 783 3155 838 adversus
3195 798 3460 842 armatum
3491 791 3699 846 hostem

2107 872 2329 925 viriliter
2356 872 2653 926 dimicate:
2702 875 2849 941 prius
2895 891 3051 941 quam
3096 880 3269 932 veniat
3317 890 3545 950 tempus,
3594 901 3702 950 quo

2106 964 2488 1031 nosmetipsos,
2532 965 2578 1017 si
2617 975 2790 1019 tamen
2829 967 3028 1021 inertes
3066 968 3321 1024 fuerimus
3359 986 3420 1025 ac
3458 975 3698 1042 desides,

2110 1053 2400 1106 miserabili
2431 1054 2813 1108 lamentatione
2863 1058 3195 1126 plangamus.
3227 1062 3341 1114 Non
3369 1064 3702 1133 negligamus

2106 1143 2222 1196 dies
2260 1155 2503 1206 nostros,
2533 1159 2668 1212 quos
2715 1146 2940 1214 largitus
2970 1159 3050 1201 est
3092 1151 3245 1203 nobis
3276 1152 3565 1218 Dominus;
3602 1159 3697 1212 sed

2108 1250 2396 1304 operemur
2426 1238 2475 1288 in
2513 1239 2592 1290 eis
2619 1252 2740 1291 cum
2779 1240 2924 1292 omni
2956 1241 3232 1297 alacritate
3259 1244 3530 1300 virtutem.
3568 1248 3696 1304 Dico

2107 1327 2250 1378 enim
2299 1326 2471 1392 vobis,
2515 1330 2765 1395 quoniam
2815 1329 2862 1382 si
2904 1331 3114 1385 sciretis
3153 1328 3348 1401 quanta
3398 1341 3596 1392 sanctis
3642 1343 3695 1396 in

2107 1415 2412 1469 ρωΙεειιιιιιε
2451 1417 2587 1470 bona
2632 1432 2815 1484 parata
2860 1429 3012 1483 sunt,
3045 1431 3098 1474 et
3123 1436 3243 1490 qua:
3277 1432 3543 1479 lortttenla
3576 1418 3694 1482 ma-

2109 1513 2272 1559 neant
2299 1521 2411 1569 eos,
2445 1507 2534 1574 qui
2565 1521 2595 1559 a
2628 1508 2839 1561 virtutis
2883 1509 3074 1565 itinere
3105 1512 3478 1582 deviaverunt,
3509 1521 3694 1588 cogni-

2109 1605 2267 1664 taque
2297 1598 2537 1660 veritate,
2571 1614 2675 1652 non
2716 1601 2766 1653 in
2798 1615 2858 1654 ea
2888 1601 3049 1669 digne
3073 1606 3269 1658 versati
3296 1619 3442 1673 sunt,
3471 1613 3696 1666 summis

2109 1689 2290 1756 utique
2322 1689 2522 1743 viribus
2563 1700 2760 1744 (ειμι-[ιιι
2807 1693 3066 1758 supplicia
3109 1695 3370 1762 vitantes,
3414 1697 3697 1754 hrereditao

412 1776 666 1845 ricordia,
704 1777 825 1847 quia
852 1785 1039 1830 cuncta
1082 1791 1200 1844 quae
1230 1776 1465 1836 condidi,
1501 1791 1617 1830 mea
1649 1779 1995 1833 miseratione
2028 1767 2075 1826 Β
2103 1789 2208 1834 tem
2256 1781 2398 1834 illam
2440 1783 2673 1847 beatam,
2727 1799 2844 1853 qua
2877 1785 2970 1838 Dei
3020 1785 3232 1841 famulis
3280 1791 3538 1856 promis~a
3590 1802 3694 1857 est,

411 1871 732 1924 subsistunt.
759 1870 858 1934 Qui
889 1868 1168 1922 confestim
1193 1880 1489 1936 prostratus
1518 1871 1568 1923 in
1601 1879 1760 1935 terra,
1792 1873 2003 1926 miseri-

410 1960 646 2013 cordiam
707 1958 916 2012 Domini
969 1958 1302 2024 postulabat,
1351 1957 1537 2012 dicens
1584 1977 1596 2012 :
1647 1961 2001 2028 Omnipotens

411 2049 594 2116 Dens,
653 2051 874 2103 veniant
923 2049 1050 2102 mihi
1109 2049 1482 2104 miserationes
1533 2063 1673 2115 tute,
1723 2061 1778 2107 et
1827 2053 1999 2106 vivam

409 2139 583 2212 (Psal.
610 2139 826 2204 cxvnt);
852 2149 904 2193 et
932 2154 998 2192 ne
1029 2139 1243 2192 auferas
1263 2139 1665 2195 misericordias
1696 2150 1814 2195 tuas
1840 2158 1869 2195 a
1894 2159 1998 2206 me,

409 2230 528 2300 quia
560 2230 926 2285 misericordia
955 2239 1009 2283 et
1040 2230 1234 2284 veritas
1274 2239 1362 2284 tua
1393 2246 1610 2299 semper
1647 2243 2002 2300 susceperunt

409 2337 496 2376 me
525 2321 699 2385 (Psal.
727 2323 921 2389 χχχιι).
945 2320 1069 2376 Scio
1090 2322 1232 2374 enim
1263 2335 1380 2388 ego,
1416 2322 1658 2387 Domine,
1690 2323 1812 2391 quia
1846 2323 2000 2392 133

409 2425 596 2466 nutant
627 2421 680 2466 et
710 2412 1009 2466 claudicant
1037 2411 1289 2465 universa
1329 2411 1448 2466 sine
1491 2414 1842 2480 protectionis
1897 2423 1999 2468 tua:

407 2503 624 2556 auxilio.
656 2503 780 2557 Haec
808 2517 928 2556 eum
959 2503 1205 2568 dixisset,
1233 2504 1516 2557 astiterunt
1543 2520 1706 2573 super
1753 2521 1875 2560 eum
1904 2521 2000 2560 an-

408 2594 514 2662 geli
546 2594 707 2658 lucis;
740 2601 795 2647 et
815 2593 1026 2661 juvenis
1058 2595 1112 2646 in
1142 2594 1321 2648 medlo
1347 2609 1531 2648 eorum
1552 2635 1567 2660 ,
1601 2596 1854 2650 ineffabili
1885 2598 2000 2665 pul-

409 2684 712 2738 chritudine
740 2694 901 2752 atque
928 2684 1171 2739 claritate
1197 2686 1566 2753 resplendens,
1589 2688 1678 2755 qui
1711 2687 1881 2743 instar
1909 2702 1999 2743 so-

410 2777 476 2831 lis
525 2792 591 2830 ex
640 2792 701 2831 se
746 2777 967 2847 fulgoris
1013 2779 1191 2833 radios
1237 2781 1550 2847 emittebat,
1584 2781 1786 2836 habens
1837 2798 1999 2852 super

407 2878 568 2937 caput
589 2883 841 2924 coronam
874 2869 1138 2937 spineam.
1171 2871 1238 2924 Et
1277 2871 1516 2924 levantes
1543 2887 1573 2924 a
1618 2881 1757 2926 terra
1791 2874 1996 2927 Paclto-

407 2961 571 3015 mium
601 2963 795 3030 angeli,
829 2963 1012 3017 dicunt
1038 2963 1086 3016 ei
1121 2979 1136 3016 :
1166 2961 1427 3028 Quoniam
1459 2965 1632 3032 petisti
1678 2979 1710 3020 a
1765 2966 1990 3022 Domino

406 3055 852 3121 miserleordiam,
878 3070 1009 3110 ecce
1031 3055 1175 3109 venit
1199 3056 1292 3110 tibi
1323 3055 1685 3111 misericordia
1716 3067 1821 3122 tua,
1852 3059 1992 3114 Deus

2102 1871 2425 1928 festinaretis
2473 1875 2691 1942 adipisci
2735 1891 2748 1928 :
2799 1892 2954 1943 quam
3006 1891 3200 1940 nemo,
3253 1880 3352 1933 nisi
3403 1882 3573 1936 malus
3623 1898 3689 1938 ac

2106 1965 2367 2032 perditus,
2403 1965 2530 2034 fugit
2572 1982 2635 2020 ac
2665 1968 2916 2035 negligit;
2959 1971 3082 2038 quia
3120 1971 3243 2038 quid
3272 1975 3499 2038 amittat,
3534 1978 3689 2042 peni.

2105 2066 2189 2110 tus
2221 2058 2425 2121 nescit;
2479 2073 2636 2126 quem
2681 2059 2788 2127 jam
2834 2059 3053 2128 jamque
3085 2063 3400 2129 resipiscere
3450 2074 3692 2133 oportet,

2102 2161 2154 2202 et
2188 2150 2419 2202 terrenis
2459 2150 2661 2202 absolvi
2707 2152 3116 2218 cupiditatibus,
3157 2161 3216 2206 ut
3254 2154 3390 2206 mala
3421 2157 3694 2222 prieterita

2102 2239 2348 2294 deﬂendo
2393 2239 2614 2311 jugiter,
2649 2242 3029 2311 indulgentiam
3058 2242 3264 2296 Domini
3312 2255 3693 2316 causequatur,

2101 2343 2154 2385 et
2181 2333 2258 2385 sic
2288 2333 2350 2384 ad
2383 2335 2602 2386 meliora
2642 2349 2952 2397 conversus,
2984 2335 3084 2389 iter
3111 2350 3263 2388 suum
3296 2337 3515 2406 dirigat,
3552 2355 3691 2408 qna-

2106 2430 2262 2474 tenus
2299 2421 2348 2473 in
2381 2423 2523 2475 exitu
2555 2424 2678 2475 vita;
2709 2423 2863 2476 laetus
2893 2425 3151 2487 existens,
3181 2426 3246 2477 ad
3277 2427 3552 2480 etelestem
3585 2429 3691 2482 Re-

2102 2528 2220 2583 gem
2257 2528 2376 2567 cum
2415 2530 2603 2583 magna
2647 2516 2802 2569 laude
2831 2517 3134 2583 perveniat;
3177 2515 3393 2584 quando
3437 2524 3692 2572 terrestre

2103 2607 2204 2660 hoc
2247 2606 2608 2661 habitaculum
2657 2610 2915 2663 deserens
2963 2609 3163 2671 anima,
3216 2609 3280 2662 ad
3329 2609 3689 2678 cognitionem

2100 2711 2213 2753 sua:
2241 2699 2552 2753 substantia:
2581 2710 2864 2769 properat;
2899 2702 3111 2769 quando
3142 2702 3450 2756 cmlestibus
3492 2704 3689 2756 sociata

2101 2787 2408 2850 virtutibus,
2456 2788 2522 2839 ad
2552 2787 2764 2842 Patrem
2813 2789 3068 2842 luminum
3119 2789 3402 2856 pervenire
3449 2789 3687 2845 festinat.

2099 2876 2237 2942 Quid
2267 2877 2538 2930 extollitur
2565 2877 2724 2929 homo
2753 2892 2847 2945 per
2874 2893 3066 2931 vanam
3100 2879 3321 2946 gloriam
3347 2880 3370 2932 τ
3409 2879 3546 2944 Quid
3579 2881 3692 2934 eri-

2100 2968 2242 3038 gitur
2268 2969 2480 3035 pulvis?
2509 2970 2644 3036 Quid
2677 2969 2917 3037 superbit
2959 2978 3099 3023 lerra
3133 2977 3186 3022 et
3215 2969 3347 3023 cinis
3375 2971 3567 3034 (Ecrlt'.
3601 2972 3692 3040 x)!

2103 3059 2420 3128 Plangamus
2468 3075 2566 3113 nos
2612 3062 2757 3128 ipsos
2783 3060 2960 3128 potius
2999 3059 3124 3113 dum
3172 3070 3379 3127 tempus
3407 3061 3685 3123 habemus,

406 3147 592 3215 gloriae
618 3147 772 3201 Jesus
800 3148 1046 3202 Christus
1095 3148 1260 3201 Filius
1303 3149 1396 3203 Dei
1445 3148 1622 3205 Patris
1664 3152 1986 3219 unigenitua,
2019 3134 2066 3196 Ο
2101 3166 2166 3205 ne
2207 3166 2326 3204 cum
2375 3151 2534 3205 fuerit
2589 3153 2802 3220 expleta
2868 3150 3093 3220 singulis
3141 3153 3422 3204 terminata
3479 3151 3688 3218 dilatio,

406 3239 495 3305 qui
525 3239 721 3293 missus
742 3248 823 3294 est
849 3239 900 3293 in
931 3241 1069 3294 hunc
1101 3241 1376 3307 mundum,
1401 3252 1456 3296 et
1475 3257 1572 3310 pro
1593 3245 1762 3298 salute
1783 3247 1993 3314 generis

407 3329 628 3384 humani
658 3332 940 3385 crucifixus
965 3342 1066 3399 est,
1092 3334 1330 3400 spineam
1358 3333 1536 3389 ferens
1565 3337 1615 3390 in
1644 3338 1817 3404 capite
1836 3353 1992 3391 coro-

404 3434 550 3475 nam.
581 3421 645 3474 Et
681 3422 996 3477 Pacltomius
1027 3425 1100 3476 ait
1129 3440 1143 3475 :
1173 3425 1306 3489 Dro,
1338 3425 1593 3490 Domine,
1625 3428 1858 3497 nunquid
1892 3443 1991 3496 ego

403 3518 458 3565 te
481 3511 764 3566 crucifixi?
791 3513 856 3566 Et
886 3513 1139 3568 Dominus
1167 3515 1425 3584 placidior
1448 3518 1524 3572 ait
1566 3519 1631 3572 ad
1678 3534 1799 3574 eum
1829 3537 1842 3573 :
1871 3521 1987 3575 Non

405 3612 460 3654 tu
491 3602 708 3671 quidem
737 3604 1046 3658 crucifixisti
1078 3619 1186 3671 me,
1231 3608 1324 3662 sed
1365 3618 1612 3676 parentes
1641 3612 1736 3666 tui.
1770 3613 1993 3666 Verum-

406 3704 584 3749 tamen
635 3695 984 3768 animrequior
1029 3709 1147 3753 esto
1173 3741 1189 3766 ,
1239 3708 1295 3755 et
1336 3703 1668 3759 confortetur
1693 3722 1788 3761 cor
1816 3714 1988 3770 tuum,

406 3790 529 3857 quia
559 3792 844 3858 posteritas
871 3801 954 3845 tua
987 3792 1224 3848 manebit
1261 3795 1312 3848 in
1360 3797 1638 3862 saaculum,
1684 3812 1783 3850 nec
1823 3812 1992 3865 usque

403 3881 458 3934 in
492 3882 648 3935 finem
690 3883 873 3936 mundi
905 3883 1149 3946 deficiet;
1185 3885 1391 3952 ipsique
1434 3886 1520 3952 qui
1571 3895 1690 3951 post
1733 3894 1785 3940 te
1827 3884 1990 3939 futuri

400 3983 546 4039 sunt,
576 3973 644 4026 de
685 3971 946 4041 profunda
997 3974 1084 4027 illa
1127 3975 1357 4043 caligine
1405 3976 1792 4041 liberabuntur,
1836 3986 1993 4046 quot-

401 4075 531 4133 quot
560 4065 792 4119 vixerint
823 4066 1176 4130 abstinenter,
1208 4077 1264 4121 et
1310 4083 1493 4122 curam
1523 4068 1716 4124 salutis
1759 4069 1991 4138 propriae

402 4155 683 4224 gesserint.
717 4154 873 4208 Modo
899 4169 1131 4225 namque
1157 4157 1245 4224 qui
1276 4157 1558 4226 praesentia
1590 4167 1676 4212 tua
1719 4174 1780 4214 se
1819 4158 1991 4214 conti-

402 4255 568 4308 nent,
600 4253 806 4298 tuarum
839 4255 1126 4313 sequentes
1154 4248 1398 4318 exempla
1430 4248 1684 4302 virtutum
1708 4291 1724 4316 ,
1755 4252 1990 4304 maxima

402 4336 585 4404 gratia:
617 4336 737 4391 luce
767 4338 1138 4405 reSplendent;
1173 4350 1292 4406 post
1332 4348 1382 4394 te
1416 4355 1563 4403 vero,
1590 4341 1680 4409 qtti
1729 4341 1780 4394 in
1832 4341 1990 4410 hujus

403 4427 586 4480 saeculi
615 4425 840 4494 caligine
871 4426 1070 4480 fuerint
1097 4430 1384 4494 immorati,
1417 4431 1538 4496 quia
1583 4434 1878 4498 prudenter
1907 4432 1991 4485 in-

2100 3249 2225 3296 tnnc
2287 3242 2620 3297 inveniamur
2685 3253 2894 3311 tempus
2957 3241 3287 3309 paenitentiae
3345 3256 3686 3306 exposcere,

2097 3334 2310 3402 quando
2353 3334 2464 3403 jam
2511 3334 2755 3401 accipere
2803 3349 2906 3387 non
2957 3347 3250 3387 meremur.
3300 3334 3354 3386 in
3404 3335 3503 3387 hac
3542 3334 3687 3388 enim

2097 3428 2201 3480 vita
2233 3428 2390 3480 nobis
2421 3437 2636 3496 peccata
2666 3426 2866 3480 deﬂere
2889 3427 3208 3494 permissum
3240 3433 3356 3490 est;
3392 3425 3442 3478 in
3473 3424 3687 3479 inferno

2095 3527 2304 3584 autem,
2358 3519 2500 3572 sicut
2552 3531 2582 3570 a
2623 3526 2808 3571 sancto
2851 3515 3015 3568 David
3068 3515 3325 3582 propheta
3376 3513 3681 3576 didicimus,

2097 3607 2217 3677 quis
2264 3606 2608 3661 confitebitur
2637 3607 2746 3662 Deo
2783 3605 2960 3669 (Psal.
2989 3603 3109 3672 vt)?
3156 3604 3325 3658 Nimis
3372 3606 3546 3658 anima
3594 3605 3701 3659 illa-

2100 3700 2356 3768 probatur
2403 3699 2606 3760 infelix,
2649 3707 2703 3752 et
2740 3697 2886 3751 omni
2941 3697 3295 3764 lacrymarum
3338 3694 3483 3748 fonte
3530 3695 3683 3761 plan-

2093 3790 2288 3858 genda,
2319 3805 2438 3858 quae
2480 3790 2678 3842 steculo
2725 3788 3054 3850 reuuntians,
3094 3786 3288 3840 iterum
3337 3787 3519 3839 surculi
3549 3787 3682 3837 acti-

2096 3881 2195 3933 bus
2244 3881 2570 3948 implicatur,
2623 3888 2678 3932 et
2731 3879 3006 3936 inutilibus
3052 3881 3253 3935 dudum
3303 3880 3449 3934 curis
3497 3888 3681 3943 exuta,

2095 3987 2306 4025 rursum
2337 3971 2479 4025 redit
2517 3972 2585 4024 ad
2620 3974 2768 4025 durae
2812 3973 3089 4027 servitutis
3135 3973 3410 4039 obsequia.
3447 3971 3510 4025 Et
3537 3971 3682 4038 ideo,

2094 4063 2396 4117 cbarissimi
2437 4062 2664 4124 fratres,
2696 4062 2764 4115 ab
2796 4062 2897 4116 hoc
2928 4063 3164 4116 instabili
3209 4063 3432 4126 mundo,
3471 4071 3524 4116 et
3565 4069 3683 4127 post

2094 4153 2365 4223 paululum
2404 4154 2732 4216 transiture,
2773 4159 3110 4220 perpetuam,
3151 4151 3472 4220 beatamque
3519 4150 3681 4203 vitam

2095 4244 2251 4298 nobis
2281 4259 2385 4298 non
2418 4244 2685 4311 patiamur
2719 4241 2942 4296 auferri.
2975 4241 3182 4296 Vereor
3223 4252 3427 4302 autem,
3460 4250 3513 4294 et
3543 4249 3682 4292 totus

2096 4336 2307 4405 penitus
2355 4334 2683 4399 intremiseo,
2733 4349 2798 4387 ne
2839 4334 3016 4388 carnis
3052 4343 3249 4388 nostrze
3300 4342 3546 4401 parentes
3593 4333 3676 4385 usi

2093 4428 2276 4482 saeculi
2323 4427 2506 4488 rebus,
2545 4435 2600 4479 et
2646 4425 2768 4476 vita:
2807 4426 3085 4492 prazsentis
3127 4425 3373 4490 occupati
3426 4422 3678 4490 negotiis,

405 4518 642 4584 telligettt
668 4533 787 4587 qna:
815 4520 1042 4585 petenda
1073 4529 1219 4584 sunt,
1248 4537 1434 4588 quzeve
1460 4522 1729 4591 fugienda,
1753 4533 1808 4578 et
1829 4541 1989 4595 spon-
2015 4512 2068 4572 ι)
2094 4522 2183 4589 qui
2220 4520 2470 4588 putabant
2502 4533 2601 4572 nos
2629 4517 2937 4572 deseruisse
2966 4516 3144 4569 mundi
3175 4516 3336 4576 mala,
3368 4522 3423 4569 et
3461 4513 3528 4567 ab
3557 4512 3680 4565 hinc

405 4618 559 4664 tanea
584 4609 859 4663 voluntate
889 4609 1036 4664 nullo
1066 4610 1370 4665 humanitus
1396 4620 1602 4666 utentes
1625 4616 1894 4682 exemplo,
1922 4615 1990 4671 de

405 4702 567 4756 tantis
600 4700 902 4755 exsilierint
947 4702 1206 4767 tenebris,
1233 4717 1556 4773 omnemque
1580 4704 1840 4773 justitiam
1870 4721 1989 4761 ser-

401 4803 612 4856 vantes,
644 4801 899 4846 aeternam
928 4792 1090 4846 vitam
1122 4802 1237 4847 toto
1281 4794 1444 4849 corde
1488 4795 1800 4860 dilexerint;
1829 4812 1988 4852 amen

401 4885 521 4939 dico
546 4885 639 4939 tibi
663 4886 782 4952 quia
806 4900 928 4940 cum
959 4887 1074 4940 istis
1095 4895 1252 4940 erunt
1279 4887 1366 4955 qui
1394 4903 1535 4942 nunc
1565 4897 1738 4942 tecum
1767 4891 1818 4943 in
1843 4905 1990 4943 sum-

403 4991 486 5028 ma
517 4978 846 5031 continentia
872 4988 928 5032 et
949 4978 1232 5034 sanctitate
1263 4981 1508 5046 prteclari
1539 4991 1684 5048 sunt,
1717 4983 1991 5036 eamdem-

401 5082 504 5132 que
531 5067 754 5122 salutem
788 5083 850 5122 ac
888 5070 1126 5138 requiem
1155 5071 1467 5123 sortientur.
1503 5070 1626 5124 llaec
1665 5071 1849 5125 dicens
1891 5072 1991 5125 Do-

409 5161 606 5223 minus,
638 5161 878 5215 ascendit
906 5163 956 5215 in
997 5163 1213 5216 caelum.
1246 5162 1336 5216 Sic
1365 5171 1541 5214 autem
1575 5161 1870 5217 illustratus
1898 5176 1990 5217 aer

400 5257 502 5310 est,
535 5258 591 5300 ut
631 5249 882 5316 splendor
909 5251 1038 5304 lucis
1069 5251 1211 5304 illius
1241 5266 1345 5305 non
1393 5253 1561 5319 possit
1605 5250 1851 5304 humanis
1881 5265 1992 5304 ser-

401 5337 646 5391 monibus
675 5339 947 5405 explicari.

472 5427 601 5483 Car.
644 5428 822 5484 XLVI.
848 5461 920 5472 —
940 5431 1092 5485 Tunc
1119 5439 1336 5482 sanctus
1364 5430 1680 5484 Pacltomius
1710 5446 1872 5496 super
1900 5430 1984 5485 his

404 5531 523 5586 qua:
569 5520 668 5575 sibi
716 5531 931 5577 ostensa
978 5531 1123 5582 sunt,
1182 5520 1529 5574 vehementer
1576 5521 1868 5590 admirans,
1919 5524 1986 5575 ad

402 5625 716 5669 nocturnam
759 5615 1007 5686 synaxim
1055 5627 1176 5667 cum
1211 5612 1458 5666 universa
1491 5613 1824 5668 fraternieate
1855 5628 1986 5667 con-

401 5706 563 5762 venit.
594 5707 660 5764 Et
687 5707 867 5763 officio
907 5713 1096 5761 sancto
1137 5704 1446 5761 solemniter
1468 5704 1776 5775 adimpleto,
1809 5705 1990 5763 cuncti

2093 4612 2203 4681 jam
2230 4615 2334 4664 vita
2367 4610 2465 4664 frui
2497 4617 2772 4679 perpetua,
2804 4623 2902 4662 suo
2933 4622 3029 4661 nos
3064 4605 3270 4674 judicio
3299 4606 3680 4666 condemnem,

2098 4703 2341 4756 dicentes
2383 4701 2536 4756 nobis
2574 4719 2587 4753 :
2637 4700 2916 4767 Quomodo
2967 4699 3146 4752 lassati
3199 4698 3332 4751 estis
3380 4698 3433 4750 in
3478 4693 3680 4750 semitis

2098 4797 2289 4869 vestris
2315 4793 2471 4865 (Sep.
2497 4794 2574 4863 v),
2627 4793 2791 4847 tantis
2833 4793 3041 4846 obsessi
3087 4789 3364 4844 miseriis?
3399 4789 3476 4842 Ex
3509 4796 3680 4840 vestra

2099 4903 2330 4954 namque
2375 4897 2479 4940 tam
2525 4900 2714 4953 magna
2776 4885 3023 4948 tristitia,
3071 4883 3224 4937 nobis
3271 4883 3433 4937 etiam
3484 4893 3679 4934 maeror

2097 4978 2344 5039 accessit,
2376 4985 2429 5030 et
2459 4977 2632 5044 ptenis
2661 4975 2858 5028 nostris
2899 4985 3077 5028 vester
3117 4973 3254 5041 ignis
3296 4973 3537 5040 adjectus
3573 4978 3674 5023 est.

2097 5067 2250 5120 Rarni
2287 5066 2482 5134 quippe
2511 5069 2675 5119 nostri
2727 5065 2847 5118 facti
2880 5073 3004 5116 Sttltl
3047 5062 3283 5124 inutiles,
3328 5075 3430 5116 nec
3477 5061 3677 5114 fructus

2095 5174 2232 5229 quos
2260 5160 2309 5212 in
2337 5158 2466 5212 flore
2494 5164 2927 5210 monstraverunt
2972 5154 3278 5208 ediderunt.
3325 5153 3430 5206 Sed
3477 5163 3528 5203 et
3556 5151 3677 5202 illud

2096 5252 2464 5322 propheticum
2497 5263 2566 5303 ne
2602 5247 2756 5301 nobis
2788 5247 3051 5317 ingerant.
3084 5259 3390 5313 expavesco
3425 5263 3435 5294 :
3475 5243 3596 5295 Ideo
3628 5241 3676 5293 in

2097 5341 2549 5408 depraadationem
2580 5348 2843 5393 venerunt
2881 5337 3086 5400 dilecti,
3141 5337 3261 5390 facti
3308 5345 3434 5388 sunt
3477 5332 3676 5386 abomi-

2091 5431 2322 5495 nabiles,
2351 5443 2404 5485 et
2433 5445 2630 5483 corona
2680 5430 2870 5498 capitis
2898 5445 3082 5483 eorum
3115 5429 3316 5481 sublata
3345 5434 3447 5480 est.
3483 5425 3676 5479 Civita-

2093 5533 2174 5578 tes
2204 5524 2270 5577 ad
2302 5525 2554 5578 Austrum
2601 5522 2739 5585 sitae,
2767 5521 2968 5574 clausa)
3007 5529 3153 5584 sunt,
3186 5533 3286 5572 nec
3313 5526 3396 5572 est
3431 5517 3520 5585 qui
3551 5529 3675 5581 ape-

2095 5615 2198 5668 riat
2226 5628 2317 5666 eas
2344 5612 2554 5685 (larem.
2587 5614 2732 5681 χιιι).
2765 5610 3008 5664 Tollatnr
3044 5609 3188 5664 enim
3232 5607 3449 5676 impius,
3491 5620 3560 5660 ne
3598 5605 3674 5654 vi-

2097 5707 2218 5761 deat
2261 5705 2482 5772 gloriam
2527 5705 2622 5760 Dei
2664 5701 2798 5772 (lsa.
2836 5716 3008 5769 xxvr,
3053 5702 3330 5757 secundum
3374 5699 3672 5768 Septuag.).
