4016 6222
274 319 380 375 265

1077 318 1234 375 VITA
1273 320 1519 376 SANCTI
1557 319 1884 376 PACIIOMII
1923 320 2212 378 ABBATIS
2253 320 2741 383 TABENLVENSlS.

3451 321 3555 379 235

270 438 403 493 Ilaec
442 437 765 505 cogitantes,
797 435 990 489 fratres
1027 433 1151 497 mei,
1186 433 1310 488 totis
1352 443 1618 488 certemus
1646 434 1868 499 viribus,
1901 439 1943 495 Λ
1977 448 2251 503 cogamus,
2280 436 2417 489 hunc
2465 436 2749 489 terminum
2794 435 3129 489 sermonibus
3160 436 3357 492 nostris
3387 437 3561 507 impo-

275 546 349 586 ne
374 530 443 584 ab
467 529 625 583 hoste
651 532 991 599 superemur.
1024 526 1114 581 Ille
1139 542 1355 596 semper
1394 528 1590 581 insistit
1635 536 1693 581 ut
1722 528 1866 597 peric

277 632 415 683 mat,
460 634 561 674 nos
607 620 837 673 sollicite
885 619 1183 688 vigilemus,
1232 634 1298 672 ne
1344 618 1508 687 (quod
1552 620 1714 689 absit)
1755 620 1871 689 ejus

278 711 471 767 fraude
508 710 856 778 perimantur.

354 808 495 857 Ante
569 801 754 856 omnia
828 815 939 868 pra:
1012 800 1184 853 oculis
1258 798 1553 854 habeamus
1628 801 1871 854 ultimum

284 894 446 966 135
468 895 633 958 diem,
678 902 734 948 et
774 892 1060 947 momentis
1099 891 1321 961 singulis
1351 901 1673 947 retentorum
1724 892 1871 947 dolo-

278 1001 401 1040 rum
431 986 691 1054 supplicia
725 983 1089 1038 formidemus.
1116 982 1209 1036 llis
1238 984 1382 1037 enim
1405 982 1581 1037 causis
1610 982 1786 1037 anima
1816 997 1874 1039 se

279 1079 569 1132 consuevit
617 1090 931 1144 agnoscere,
982 1087 1287 1142 corpusque
1334 1073 1609 1143 proprium
1654 1073 1874 1143 jejuniis

277 1183 347 1222 ac
372 1167 573 1237 vigiliis
599 1167 929 1236 deprimens,
958 1165 1071 1233 ipsa
1102 1164 1156 1218 in
1190 1178 1423 1219 maerore
1461 1163 1707 1234 luctuque
1740 1178 1872 1220 con-

281 1263 438 1315 tinuo
469 1268 799 1328 perseverat,
845 1258 1017 1312 donec
1045 1256 1281 1326 Spiritus
1311 1256 1481 1311 sancti
1526 1257 1709 1312 calore
1754 1271 1875 1312 suc-

277 1367 465 1417 censa,
497 1366 751 1419 superna:
798 1347 1268 1413 contemplationis
1298 1356 1565 1403 mereatur
1590 1347 1872 1412 auxilium,

277 1454 339 1498 et
370 1459 399 1496 a
432 1442 694 1512 contagiis
724 1441 962 1497 exsoluta
994 1440 1244 1503 terrenis,
1271 1439 1467 1494 divinis
1492 1439 1694 1509 jugiter
1722 1455 1879 1495 exsa-

280 1535 443 1588 tietur
468 1533 740 1601 alloquiis.
772 1531 919 1586 Alias
954 1532 1113 1585 etiam
1142 1531 1230 1598 qui
1259 1546 1473 1600 semper
1500 1531 1614 1586 htec
1653 1532 1872 1601 cogitat,

281 1625 571 1692 puritatem
603 1621 797 1675 mentis
826 1620 1052 1683 obtinet,
1080 1620 1434 1675 humilitatem
1478 1620 1656 1675 cordis
1685 1623 1875 1692 aequi-

280 1714 379 1778 rit;
410 1729 602 1767 vanam
634 1712 859 1782 gloriam
888 1712 1123 1781 respuit;
1154 1713 1299 1766 omni
1328 1713 1573 1767 saeculari
1597 1714 1874 1782 prudentia

1976 527 2171 580 nimus.
2224 527 2359 581 Deus
2407 525 2550 594 pacis
2597 535 2651 580 et
2693 526 2881 594 gratia:
2927 525 3207 579 confirmet
3258 542 3353 580 vos
3400 540 3558 596 atque

1973 616 2285 669 corroboret
2333 614 2388 669 in
2433 616 2625 670 timore
2650 630 2768 680 suo,
2816 615 3029 670 fratres.
3070 617 3263 671 Amen.
3310 618 3435 671 Ilaec
3479 620 3562 673 di-

1975 718 2124 772 cens,
2174 706 2290 759 sine
2336 720 2483 761 mora
2530 707 2783 770 surrexit,
2833 716 2888 762 et
2930 708 3312 763 commendans
3336 724 3431 765 eos
3459 711 3564 766 Do-

1976 795 2142 865 mino,
2174 796 2441 864 profectus
2468 806 2567 852 est.

2050 884 2178 941 Car.
2209 885 2415 942 XLVII.
2433 917 2504 929 —
2524 889 2764 959 Cumque
2791 901 3037 961 pergeret
3062 892 3128 947 ad
3157 894 3562 957 monasterium,

1978 977 2063 1030 eoi
2112 991 2406 1047 cognomen
2457 988 2574 1034 erat
2602 981 2973 1048 Tabennense,
3024 998 3145 1038 cum
3177 985 3463 1041 Theodoro
3511 1000 3566 1040 et

1978 1068 2259 1137 Cornelio,
2289 1073 2606 1142 exterisque
2630 1089 2787 1143 quam
2827 1076 3072 1145 plurimis
3125 1078 3398 1143 fratribus,
3428 1080 3562 1134 sub-

1978 1161 2114 1216 stitit
2141 1177 2426 1232 parumper
2456 1165 2507 1218 in
2542 1166 2751 1231 itinere,
2782 1167 2929 1222 velut
2958 1168 3293 1235 interrogans
3327 1170 3561 1237 aliquem

1979 1252 2049 1307 de
2075 1255 2305 1323 quodam
2345 1266 2557 1311 secreto
2599 1256 2841 1328 negotio;
2888 1270 2943 1314 et
2988 1263 3237 1329 cognovit
3281 1261 3331 1313 in
3372 1263 3565 1329 spiritu

1980 1360 2144 1399 unum
2188 1345 2256 1401 de
2297 1350 2560 1403 mandatis
2601 1365 2720 1419 quae
2769 1351 3072 1420 praefixerat
3114 1352 3166 1406 in
3218 1353 3565 1417 monasterio,

1980 1438 2146 1493 fuisse
2180 1441 2503 1511 neglectum.
2540 1441 2874 1512 Praeceperat
2911 1444 3054 1498 enim
3102 1446 3355 1499 fratribus
3383 1446 3471 1512 qui
3512 1447 3566 1499 in

1981 1529 2200 1597 pistoria
2232 1542 2346 1585 arte
2376 1532 2705 1600 laborabant,
2737 1544 2793 1588 ut
2832 1534 2877 1588 si
2903 1535 3113 1603 quando
3143 1535 3384 1592 ﬁcerent
3412 1539 3566 1593 obla-

1982 1621 2175 1685 tiones,
2228 1622 2358 1676 nihil
2407 1624 2751 1692 laquerentur
2796 1639 3223 1694 supervacuum,
3281 1628 3376 1683 sed
3428 1631 3569 1699 apud

1983 1713 2302 1778 semetipsos
2347 1713 2600 1768 salutaria
2648 1715 3034 1771 meditarentur
3082 1717 3314 1788 eloquia.
3349 1719 3570 1776 Vocavit

280 1824 467 1863 carere
494 1807 793 1862 contendit.
824 1805 1235 1875 Philosophetur
1264 1820 1410 1875 ergo,
1439 1807 1740 1861 charissimi
1768 1807 1874 1861 fra-
1906 1814 1955 1873 B
1982 1815 2111 1868 ergo
2142 1800 2504 1870 Th60d0rum.
2536 1804 2625 1874 qui
2654 1805 2819 1874 ipSius
2861 1808 3169 1862 monasterii
3199 1824 3379 1863 curam
3410 1826 3570 1880 sere-

284 1908 435 1961 tres,
486 1900 670 1953 anima
717 1897 973 1967 spiritalis
1022 1896 1260 1966 quotidie
1318 1897 1577 1952 adversus
1641 1912 1881 1952 crassam

282 1991 465 2043 carnis
492 2006 605 2045 sua:
630 1988 940 2053 materiam;
971 1987 1222 2056 omnique
1249 1987 1733 2054 circumspectione
1760 2003 1881 2042 eum

284 2096 354 2135 ea
385 2081 562 2135 taliter
594 2091 740 2148 agat,
780 2089 1043 2149 quatenus
1072 2080 1138 2133 ad
1172 2078 1393 2133 meliora
1426 2079 1528 2133 sibi
1559 2084 1879 2134 consentiat.

290 2172 370 2226 Et
414 2188 534 2226 cum
581 2187 796 2240 vespere
845 2172 1154 2240 pervenitur
1216 2169 1284 2223 ad
1336 2178 1561 2224 stratum
1590 2212 1605 2237 ,
1660 2173 1884 2241 singulis

289 2264 557 2319 membris
602 2262 832 2330 corporis
874 2261 957 2315 sui
1001 2262 1148 2315 dicat
1188 2277 1201 2312 :
1245 2260 1423 2314 Donec
1462 2260 1625 2314 simul
1673 2276 1881 2325 sumus,

287 2354 510 2410 obedite
552 2354 679 2407 mihi
723 2353 969 2407 suadenti
1014 2367 1134 2421 qua:
1178 2360 1325 2407 recta
1376 2361 1521 2421 sunt,
1566 2368 1885 2423 mecumque

286 2447 518 2501 Domino
545 2460 666 2499 cum
696 2445 971 2499 alacritate
1000 2444 1219 2498 servile.
1257 2443 1501 2498 Manibus
1529 2459 1741 2513 qucque
1770 2444 1881 2500 suis

288 2538 434 2591 dicat
459 2554 473 2590 :
500 2535 691 2599 Veniet
721 2544 931 2602 tempus
981 2534 1194 2604 quando
1214 2533 1469 2604 jactantia
1500 2543 1676 2589 vestra
1707 2549 1886 2590 cessa-

288 2630 395 2694 bit,
439 2629 657 2699 quando
703 2628 931 2697 pugillus
986 2627 1389 2682 administrator
1434 2628 1724 2682 iracundia:
1776 2644 1884 2684 non

288 2726 414 2788 erit,
448 2723 663 2789 quando
710 2722 923 2791 palmae,
952 2736 1069 2791 qua:
1103 2721 1170 2776 ad
1202 2721 1417 2789 rapinas
1457 2729 1693 2778 extensae
1735 2732 1879 2790 sunt,

286 2816 692 2885 conquiescent.
739 2814 973 2869 Pedibus
1011 2813 1198 2868 dicat:
1233 2813 1349 2869 Erit
1394 2814 1609 2885 quando
1655 2814 1721 2868 ad
1773 2814 1877 2867 ini-

285 2909 548 2977 quitatem
602 2922 709 2962 non
760 2906 1003 2961 valebitis
1051 2921 1271 2975 prorsus
1302 2922 1622 2972 excurrere,
1666 2907 1881 2977 quando

286 3002 575 3069 pravitatis
612 3000 805 3054 itinera
847 3014 953 3053 non
986 3000 1229 3068 poteritis
1259 3000 1478 3056 intrare.
1513 2998 1714 3055 Cuncta
1746 3014 1880 3069 quo.

285 3110 397 3164 que
424 3095 668 3148 membra
698 3108 793 3148 sua
837 3094 1088 3148 similiter
1125 3093 1446 3162 alloquatur,
1488 3103 1543 3148 et
1585 3094 1724 3148 dicat
1765 3094 1879 3149 eis:

1985 1890 2096 1955 bat,
2130 1902 2183 1946 et
2211 1893 2339 1948 dicit
2367 1894 2417 1949 ei
2444 1912 2456 1947 :
2504 1895 2653 1951 Vade
2681 1905 2911 1963 secreto,
2942 1907 2995 1953 et
3026 1899 3310 1955 sollicitius
3337 1903 3569 1972 inquire,

1985 1983 2113 2052 quid
2137 1982 2329 2041 fratres
2357 2000 2501 2052 sero,
2533 2002 2653 2042 cum
2692 1987 2991 2044 oblationes
3022 1990 3282 2054 facerent,
3328 2002 3454 2048 sunt
3484 1995 3568 2048 lu-

1986 2076 2127 2141 cuti;
2157 2085 2211 2131 et
2239 2077 2497 2147 quidquid
2527 2079 2969 2148 deprehenderis,
3002 2083 3066 2137 ad
3098 2099 3184 2138 me
3225 2083 3428 2141 referre
3476 2102 3570 2141 cu-

1986 2165 2150 2221 rabis.
2198 2167 2300 2233 Qui
2332 2182 2580 2238 pergens,
2612 2170 2896 2242 diligenter
2926 2173 3261 2243 investigavit
3285 2176 3486 2241 omnia,
3517 2188 3570 2233 et

1992 2270 2055 2310 ea
2083 2272 2202 2325 qua:
2231 2258 2421 2314 didicit
2448 2270 2632 2316 sancto
2657 2262 2945 2316 Pacbomio
2972 2265 3250 2319 nuntiavit.
3282 2267 3381 2332 Qui
3406 2268 3569 2322 dixit:

1986 2348 2123 2403 Num
2147 2350 2456 2405 existimant
2479 2351 2670 2408 fratres
2690 2354 2832 2421 quod
2864 2354 3176 2410 traditiones
3206 2372 3338 2426 quas
3369 2358 3447 2413 eis
3475 2359 3570 2414 de-

1986 2440 2163 2496 dimus
2193 2443 2481 2499 servandas
2511 2446 2758 2498 humanae
2786 2446 2915 2511 sint,
2945 2454 2999 2501 et
3030 2448 3273 2502 nesciunt
3301 2451 3440 2518 quod
3475 2467 3570 2520 pro

1985 2540 2295 2605 contemptu
2342 2534 2503 2589 etiam
2552 2536 2758 2589 minimi
2807 2536 3041 2591 mandati
3103 2554 3291 2609 magna
3335 2542 3569 2609 pericula

1987 2624 2321 2695 negligentes
2350 2627 2644 2681 maneant?
2686 2627 2874 2685 Nonne
2901 2645 2971 2683 vn
3001 2630 3191 2685 diebus
3217 2631 3375 2687 Israel
3402 2634 3568 2688 silen-

1987 2715 2119 2770 tium
2158 2719 2297 2772 circa
2328 2718 2747 2773 Jerichuntinam
2790 2720 3061 2774 civitatem
3109 2724 3447 2778 concorditer
3492 2734 3568 2779 te-

1986 2806 2121 2872 nuit,
2154 2806 2348 2863 deinde
2376 2817 2617 2879 tempore
2644 2811 2933 2865 constituto
2971 2820 3109 2866 totus
3136 2814 3359 2881 populus
3388 2818 3566 2870 excla-

1986 2912 2139 2953 mans
2185 2898 2456 2954 civitatem
2501 2900 2744 2968 protinus
2793 2900 2972 2970 cepit;
3023 2910 3077 2955 et
3123 2906 3191 2956 ita
3243 2919 3568 2974 praeceptum

1987 2986 2105 3055 Dei,
2147 3004 2445 3058 quanquam
2489 2991 2669 3045 datum
2700 3005 2795 3060 per
2823 2991 3114 3057 hominem,
3147 2993 3290 3046 nulla
3317 2994 3567 3048 dissimu-

1987 3078 2187 3133 latione
2215 3080 2575 3147 contempsit?
2610 3080 2761 3134 Nune
2808 3095 2937 3150 ergo
2970 3081 3047 3136 vel
3077 3082 3329 3152 deinceps
3376 3100 3566 3138 mona-

286 3190 592 3257 Amequmu
627 3201 773 3241 mors
816 3201 913 3241 nos
950 3186 1017 3240 ab
1061 3188 1287 3240 invicem
1318 3186 1554 3253 dirimat,
1587 3196 1640 3241 ει
1668 3204 1882 3257 separa-
1910 3188 1957 3251 ο
1988 3170 2073 3225 ehi
2102 3179 2367 3240 praecepta
2408 3181 2589 3226 nostra
2618 3172 2939 3239 custodiant,
2971 3182 3030 3227 ut
3059 3173 3158 3227 boc
3187 3173 3265 3228 eis
3291 3186 3564 3243 peccatum

285 3277 364 3331 tio
387 3293 504 3346 quae
530 3292 627 3347 per
654 3286 929 3346 peccatum
967 3278 1121 3345 primi
1151 3277 1381 3332 hominis
1417 3278 1629 3346 accidit,
1659 3280 1880 3349 implea-

286 3378 397 3434 tur,
428 3380 698 3427 certemus
722 3371 951 3438 fortiter,
980 3382 1184 3427 stemus
1201 3383 1627 3443 perseveranter,
1657 3374 1881 3429 viriliter

286 3465 629 3529 dimicemus,
659 3466 774 3520 sine
819 3476 1036 3534 torpore
1059 3472 1220 3535 atque
1260 3464 1469 3536 pigritia
1504 3466 1730 3522 Domino
1757 3481 1877 3523 ser-

287 3558 522 3622 viamus,
556 3571 727 3626 usque
760 3556 886 3609 dum
910 3571 1105 3619 rursus
1146 3557 1427 3623 adveniat,
1458 3567 1514 3613 et
1557 3559 1880 3626 temporales

284 3646 605 3715 abstergens
632 3646 854 3700 sudores
890 3654 1123 3711 nostros,
1151 3646 1215 3699 ad
1244 3646 1564 3701 immortalia
1594 3664 1691 3718 nos
1720 3662 1879 3717 regna

288 3740 570 3810 perducat.
604 3739 831 3795 Fundite
861 3739 1147 3809 lacrymas,
1170 3738 1335 3807 oeuli,
1363 3740 1689 3803 demonstra,
1731 3755 1872 3808 caro,

290 3842 442 3886 tuam
476 3831 712 3887 nobilem
742 3831 1078 3897 servitutem,
1109 3831 1377 3885 eollabora
1411 3846 1619 3885 mecum
1671 3833 1722 3884 in
1754 3847 1881 3900 pre-

287 3925 461 3987 cibus,
491 3924 687 3993 quibus
711 3924 821 3978 Deo
845 3922 1129 3991 confiteor,
1162 3937 1249 3990 ne,
1282 3939 1402 3978 eum
1437 3924 1774 3994 requiescere
1804 3927 1881 3978 vis

292 4026 459 4085 atque
487 4016 747 4079 dormire,
780 4024 1035 4085 perpetua
1082 4015 1238 4071 nobis
1267 4016 1629 4070 cruciamenta
1658 4017 1881 4083 conqui-

290 4123 404 4162 ras.
435 4106 503 4160 Et
542 4106 663 4161 ideo
692 4107 847 4174 vigila
887 4121 1103 4175 semper
1148 4106 1203 4160 in
1232 4106 1485 4175 operibus
1516 4108 1644 4172 tuis,
1674 4107 1799 4176 quia
1836 4106 1881 4159 si

293 4204 348 4250 te
376 4195 559 4250 sobrie
582 4196 836 4265 gesseris,
880 4195 1144 4249 bonorum
1192 4196 1288 4249 tibi
1337 4196 1619 4251 retributio
1663 4198 1879 4265 copiosa

292 4285 591 4355 proveniet.
624 4284 775 4351 Quod
819 4288 863 4339 si
906 4286 1228 4355 neglexeris,
1262 4294 1651 4341 tormentorum
1683 4301 1881 4357 genera

291 4375 601 4432 miseranda
650 4384 703 4431 te
751 4376 1162 4439 suecident;-.et
1206 4383 1333 4430 tunc
1378 4377 1622 4431 audietur
1651 4377 1883 4431 ululatus

293 4468 485 4522 anima:
522 4466 772 4521 deﬂentis
813 4466 880 4521 ad
919 4464 1114 4537 corpus
1139 4485 1153 4521 :
1181 4466 1295 4522 Heu
1324 4470 1443 4522 me!
1488 4467 1611 4537 quia
1639 4460 1880 4537 colligata

1986 3262 2323 3333 negligentiae
2368 3263 2689 3330 remittatur,
2735 3263 2996 3333 siquiden
3057 3276 3112 3319 et
3161 3280 3258 3319 nos
3300 3265 3400 3336 ipsi
3449 3284 3568 3336 qua:

1983 3352 2105 3409 aliis
2131 3352 2413 3408 indicimus
2437 3354 2581 3408 omni
2610 3353 2968 3409 sollicitudine
2996 3356 3345 3410 custodimus.

2056 3447 2205 3501 Tune
2253 3447 2527 3516 ingressus
2570 3447 2975 3517 monasterium,
3010 3458 3130 3518 post
3155 3451 3450 3505 orationem
3478 3468 3565 3506 ve-

1984 3537 2063 3591 nit
2102 3538 2169 3592 ad
2206 3536 2419 3602 fratres,
2466 3536 2557 3606 qui
2587 3536 2826 3606 psiathos
2850 3538 3223 3605 operabantur,
3264 3538 3567 3609 sedensque

1984 3642 2105 3683 cum
2152 3629 2264 3696 eis,
2314 3626 2478 3696 coepit
2527 3638 2582 3681 et
2633 3629 2749 3696 ipse
2797 3636 2999 3683 texere.
3049 3629 3337 3685 Transiens
3389 3643 3567 3686 autem

1988 3721 2241 3789 puerulus
2262 3721 2351 3790 qui
2372 3721 2694 3776 constitutus
2714 3729 2831 3774 erat
2872 3722 2937 3773 ad
2966 3722 3277 3790 obsequium
3310 3724 3445 3791 ejus,
3478 3728 3569 3792 qui

1987 3813 2347 3881 septimanam
2379 3812 2605 3867 faciebat
2634 3810 2768 3881 (II),
2793 3811 3020 3865 intendit
3058 3820 3323 3866 texentem
3355 3814 3566 3867 beatum

1985 3902 2352 3967 Pachomium,
2385 3910 2441 3956 et
2477 3901 2609 3955 dicit
2646 3902 2693 3956 ei
2725 3918 2739 3954 :
2770 3902 2887 3956 Non
2910 3902 3067 3970 bene,
3102 3903 3275 3968 Pater,
3303 3907 3567 3972 operaris,

1986 3995 2094 4049 alio
2120 3996 2280 4049 modo
2320 3995 2485 4049 abbas
2515 3992 2828 4048 Theodorus
2859 3993 3066 4049 intexit.
3105 3996 3170 4049 Et
3196 4012 3318 4050 mox
3348 4012 3571 4064 surgens

1985 4087 2061 4142 ait
2088 4090 2155 4143 ad
2192 4104 2414 4158 puerum
2453 4106 2465 4141 :
2495 4089 2729 4144 Ostende
2768 4088 2920 4154 mihi,
2954 4090 3050 4155 fili,
3077 4091 3344 4160 quomodo
3391 4101 3573 4157 texere

1984 4177 2234 4233 debeam.
2283 4177 2351 4231 Et
2396 4192 2518 4233 cum
2566 4177 2841 4233 didicisset
2875 4179 2943 4233 ab
2971 4194 3057 4245 eo,
3089 4181 3231 4236 sedit
3273 4198 3456 4237 rursus
3503 4187 3569 4237 ad

1986 4284 2122 4340 opus
2148 4286 2324 4337 suum,
2357 4280 2536 4326 mente
2566 4272 2900 4341 tranquillus,
2933 4283 2986 4328 et
3033 4273 3088 4327 in
3120 4276 3217 4329 hoc
3249 4277 3403 4349 135
3429 4277 3571 4331 facto

1985 4362 2252 4431 superbia:
2295 4362 2544 4432 spiritum
2594 4365 2976 4433 comprimens.
3031 4365 3162 4420 Nam
3202 4366 3247 4419 si
3274 4369 3568 4422 secundum

1985 4469 2203 4511 carnem
2232 4458 2761 4526 quantulumcunque
2798 4466 3031 4527 saperet,
3060 4474 3393 4527 nequaquam
3424 4464 3571 4529 pueri

294 4572 413 4613 sum
446 4558 566 4625 tibi,
605 4566 659 4611 et
686 4567 905 4628 propter
936 4568 986 4613 te
1014 4573 1225 4626 pronam
1256 4569 1524 4627 perpetua:
1552 4558 1879 4613 condemna-
1912 4566 1960 4624 ι)
1989 4549 2205 4603 m‘onitis
2252 4550 2648 4619 acquiesceret;
2700 4550 2793 4604 sed
2837 4551 3016 4619 potius
3066 4552 3393 4619 increpasset
3423 4568 3569 4614 eum.

297 4648 455 4705 tionis
481 4650 713 4718 excipio.
756 4649 814 4706 Si
838 4648 953 4705 haec
982 4650 1119 4704 intra
1147 4666 1244 4705 nos
1270 4651 1483 4706 assidue
1511 4660 1881 4718 retractemus,

296 4740 595 4796 elﬁciemur
627 4755 755 4796 vere
794 4740 1047 4809 templum
1077 4740 1306 4807 Domini,
1336 4751 1391 4796 et
1411 4741 1641 4811 Spiritus
1668 4752 1884 4796 sanctus

295 4830 559 4886 habitabit
598 4829 650 4884 in
683 4830 859 4897 nobis,
890 4846 991 4886 nec
1019 4832 1127 4885 ulla
1157 4846 1253 4886 nos
1272 4832 1482 4887 Satanm
1516 4832 1712 4901 poterit
1742 4832 1881 4887 ulte-

296 4923 410 4977 rius
435 4922 825 4977 circumvenire
850 4926 1081 4977 versutia
1111 4921 1163 4993 (I
1184 4922 1302 4978 Cor.
1334 4924 1431 4994 tv).
1482 4923 1655 4993 Super
1697 4924 1880 4978 decem

297 5012 466 5068 millia
494 5028 706 5083 quoque
736 5012 1142 5084 paedagogorum
1175 5015 1656 5084 magistrorumque
1683 5015 1885 5071 doctri-

298 5120 443 5169 nam,
471 5105 629 5160 timor
655 5106 864 5160 Domini
892 5121 986 5176 per
1014 5108 1365 5175 cogitationes
1395 5108 1760 5176 hujuscemodi
1789 5122 1887 5161 nos

297 5197 529 5262 erudiet,
560 5196 958 5268 prudentesque
984 5201 1286 5254 custodiet:
1320 5209 1373 5254 et
1407 5215 1753 5269 quaecumque
1780 5200 1887 5254 for-

294 5288 438 5342 sitan
470 5288 706 5343 humano
731 5303 894 5343 sensu
926 5304 1028 5344 non
1061 5289 1298 5344 valemus
1328 5290 1613 5360 attingere,
1648 5291 1763 5345 haec
1792 5307 1887 5347 no-

295 5378 383 5433 bis
407 5377 638 5445 Spiritus
684 5387 902 5435 sanctus
950 5380 1248 5450 inspirabit.
1297 5379 1428 5434 Nam
1473 5380 1597 5449 quid
1648 5395 1883 5448 oremus,

300 5480 361 5525 ut
404 5470 595 5525 beatus
641 5471 717 5525 ait
757 5473 1071 5539 Apostolus,
1119 5473 1257 5527 sicut
1304 5479 1537 5541 oportet,
1588 5472 1883 5539 nescimus;

297 5562 399 5616 sed
444 5562 559 5629 ipse
585 5561 814 5628 Spiritus
862 5565 1096 5630 postulat
1139 5579 1233 5633 pro
1280 5563 1435 5618 nobis
1478 5564 1759 5633 gemitibus
1808 5566 1889 5617 in-

300 5651 692 5707 enarrabilibus
719 5652 897 5721 (Rom.
925 5652 1066 5723 vtn).
1113 5654 1281 5709 Erant
1307 5655 1523 5725 quidem
1556 5664 1609 5710 et
1638 5656 1739 5708 alia
1776 5655 1889 5723 plu-

303 5742 441 5797 rima
473 5756 589 5813 qua:
616 5741 941 5808 diceremus;
981 5744 1073 5797 sed
1124 5761 1189 5800 ne
1235 5763 1328 5804 vos
1373 5748 1595 5804 multum
1645 5746 1890 5804 laborare

591 5857 856 5919 Panos.
903 5857 1187 5920 LXXIII.

1987 4646 2129 4715 quod
2160 4645 2297 4700 ultra
2327 4654 2541 4701 :etatem
2566 4661 2716 4701 suam
2745 4645 2887 4715 loqui
2918 4655 3285 4715 praesumeret.

2063 4734 2191 4789 CAP.
2230 4734 2465 4790 XLVIII.
2497 4765 2569 4775 -——
2599 4736 2717 4813 A_lio
2755 4751 2883 4789 vero
2931 4746 3190 4805 tempore,
3220 4752 3340 4790 eum
3384 4750 3446 4792 se
3493 4753 3570 4792 re-

1992 4829 2254 4883 movisset
2299 4829 2368 4883 ab
2415 4829 2561 4883 omni
2618 4838 2938 4897 conspectu,
3008 4840 3061 4883 et
3109 4830 3160 4883 in
3213 4838 3426 4883 secreto
3472 4846 3572 4886 suo

1994 4930 2312 4987 moraretur,
2338 4922 2577 4975 introivit
2597 4921 2664 4975 ad
2682 4936 2802 4975 eum
2826 4922 3067 4977 diabolus
3090 4921 3274 4976 habitu
3295 4922 3568 4991 simulato,

1993 5020 2049 5065 et
2093 5028 2159 5066 ex
2204 5014 2437 5069 adverso
2488 5013 2791 5068 consistens
2819 5030 2834 5067 :
2865 5014 2998 5078 Ave,
3052 5013 3239 5083 inquit,
3289 5015 3570 5071 Pachomi.

1992 5104 2105 5175 Ego
2132 5118 2248 5158 sum
2295 5104 2539 5159 Christus
2562 5103 2703 5174 (ιῖ),
2729 5112 2784 5158 et
2805 5104 2963 5158 venio
3002 5104 3067 5158 ad
3098 5114 3149 5160 te
3196 5104 3407 5163 hdelem
3439 5108 3573 5161 ami-

1992 5208 2113 5248 cum
2145 5208 2345 5249 meum.
2378 5194 2529 5249 Tunc
2549 5194 2687 5262 ipse,
2712 5194 2987 5251 revelante
3008 5197 3108 5252 sibi
3136 5197 3338 5266 Spiritu
3359 5209 3571 5265 saneto,

1992 5286 2255 5341 visionem
2288 5301 2521 5341 renuens
2553 5285 2779 5350 inimici,
2827 5286 3094 5355 cogitabat
3138 5291 3272 5344 intra
3301 5305 3381 5356 se,
3413 5298 3575 5360 atque

1991 5379 2205 5434 dicebat
2233 5397 2245 5432 :
2278 5380 2554 5435 Adventus
2605 5379 2803 5435 Christi
2843 5382 3156 5451 tranquillus
3195 5393 3300 5447 est,
3348 5392 3402 5438 et
3437 5382 3575 5436 visio

1992 5471 2109 5541 ejus
2137 5472 2283 5527 omni
2316 5472 2508 5528 timore
2536 5474 2728 5543 libera,
2753 5488 2807 5533 et
2836 5477 3026 5548 gaudio
3056 5476 3211 5546 plena
3253 5485 3369 5543 est;
3403 5476 3574 5543 proti-

1992 5580 2093 5619 nus
2122 5564 2265 5618 enint
2295 5573 2350 5619 et
2382 5565 2629 5622 humana:
2659 5572 3008 5639 cogitationes
3036 5568 3257 5633 abeunt,
3280 5579 3333 5622 et
3355 5568 3571 5622 deside-

1992 5655 2069 5709 ria
2123 5665 2324 5710 acterna
2366 5657 2697 5726 succedunt;
2747 5676 2847 5730 ego
2893 5670 3069 5715 autem
3128 5674 3268 5713 nunc
3309 5660 3568 5721 turbatus,

1995 5747 2155 5804 variis
2177 5750 2593 5819 cogitationibus
2624 5760 2811 5809 aestuo.
2844 5753 2908 5808 Et
2946 5754 3203 5808 continuo
3239 5764 3484 5817 surgens,
3517 5757 3572 5803 et

3142 5869 3182 5928 9
