4016 6242
421 331 523 385 267

1430 321 1518 377 DE
1564 317 1738 376 VITIS
1776 312 2057 373 PATRUM
2093 312 2294 367 LIBER
2334 310 2604 368 PRIMUS.

3590 311 3699 371 268

422 443 621 500 Christi
667 455 819 512 signo
854 456 915 498 se
959 438 1229 505 muniens,
1263 435 1502 492 extendit
1548 447 1738 490 manus
1777 443 1902 487 suas
1942 437 2002 483 ut
2030 427 2214 487 Anon
2258 436 2440 493 posset
2481 425 2535 479 id
2590 438 2772 494 agere,
2828 425 3105 496 respondit
3135 426 3237 482 :‘Si
3286 428 3560 484 vobiscum
3601 447 3701 501 pu-

424 538 597 606 ipsum
631 532 1143 604 comprehenderet.
1176 528 1246 583 Et
1282 525 1575 583 exsufﬂans
1605 524 1660 579 in
1681 536 1801 578 eum
1830 517 2001 575 dixit:

424 628 650 684 Discede
674 642 703 681 a
733 642 841 694 me,
865 625 1095 687 diabole,
1118 636 1241 692 quia
1271 619 1585 675 maledictus
1613 631 1672 672 es
1700 624 1775 679 tu,
1798 623 1853 669 et
1873 610 2007 666 visio

426 729 539 783 tua,
570 725 627 771 et
670 725 812 770 artes
857 712 1172 769 insidiarum
1225 719 1456 774 tuarum,
1500 720 1602 761 nec
1640 704 1805 758 habes
1833 702 2007 756 locum

430 808 571 878 apud
603 805 827 861 famulos
859 803 989 868 Dei;
1040 810 1094 856 et
1141 800 1316 854 factus
1346 797 1507 853 veluti
1538 795 1732 866 pulvis,
1764 791 2009 865 cellulam

427 901 543 970 ejus
594 895 979 954 molestissimo
1028 893 1199 948 fetore
1247 887 1560 956 complevit,
1609 888 1681 941 ita
1734 896 1791 940 ut
1826 884 2009 954 ipsum

430 996 799 1058 corrumperet
827 1001 1033 1051 aerem,
1068 998 1203 1039 voce
1229 996 1422 1053 magna
1453 980 1829 1050 proclamans:
1854 975 2013 1032 Modo

337 1145 341 1149 _
429 1094 484 1139 te
516 1092 748 1139 lucratus
775 1095 977 1147 essem,
1009 1086 1064 1133 et
1089 1076 1191 1131 sub
1220 1089 1391 1129 meam
1424 1079 1748 1142 potestatem
1776 1068 2016 1138 redegis-

432 1191 567 1240 sem,
597 1174 690 1230 sed
725 1171 975 1243 praecelsa
1008 1179 1090 1225 est
1118 1169 1287 1223 virtus
1318 1164 1517 1221 Christi
1543 1181 1558 1219 :
1592 1163 1713 1219 ideo
1738 1160 1963 1218 deludor
1984 1174 2015 1214 a

433 1268 583 1322 vobis
631 1266 683 1319 iu
727 1263 999 1319 omnibus.
1050 1260 1432 1314 Verumtamen
1481 1262 1737 1326 quantum
1770 1267 2013 1323 possum,

431 1374 527 1414 vos
556 1359 868 1429 impugnare
896 1368 1003 1408 non
1030 1352 1308 1416 desinam;
1339 1356 1553 1418 oportet
1584 1347 1725 1403 enim
1755 1361 1841 1401 me
1880 1358 2017 1413 opus

435 1466 611 1505 meum
640 1450 757 1504 sine
786 1446 1192 1503 intermissione
1221 1442 1514 1511 complere.
1539 1438 1860 1494 Pachomius
1881 1451 2015 1504 ergo

433 1544 766 1598 confortatus
829 1538 1032 1609 Spiritu
1079 1543 1301 1604 sancto,
1342 1532 1697 1589 confitebatur
1747 1527 2011 1593 Domino,

433 1632 634 1705 gratias
677 1633 726 1687 ei
784 1645 948 1702 agens
991 1629 1058 1686 de
1088 1627 1239 1684 miris
1266 1640 1390 1698 erga
1436 1640 1496 1681 se
1538 1622 1816 1679 beneficiis
1844 1631 2017 1692 atque

432 1727 763 1785 muneribus.

2114 531 2370 587 gnavero,
2426 531 2531 570 non
2557 530 2726 584 parva
2758 516 2911 571 vobis
2954 518 3247 574 utilitatum
3276 522 3560 576 commoda
3610 524 3718 579 tui--

2111 609 2373 677 nistrabo,
2410 608 2646 663 maxime
2696 608 2810 675 tibi,
2852 623 2886 663 ο
2934 608 3214 675 Pachomi,
3246 611 3338 682 qui
3381 613 3449 667 ad
3495 622 3699 670 tantam

2110 699 2483 754 celsitudinem
2515 699 2829 769 pervenisti,
2864 708 2924 754 ut
2960 703 3238 770 corporeis
3274 702 3447 759 oculis
3475 706 3700 775 gloriam

2114 789 2327 845 Domini
2357 790 2552 859 dignus
2592 790 2667 845 sis
2710 790 2923 845 habitus
2953 792 3167 847 intueri.
3197 792 3303 849 Sed
3344 796 3604 866 numquid
3648 799 3701 852 in

2117 893 2434 955 perpetuum
2463 900 2586 940 cum
2616 885 2721 940 tuis
2764 885 3044 940 monachis
3072 885 3359 954 habitabis,
3391 903 3524 957 quos
3559 905 3704 946 nunc

2114 985 2173 1031 et
2200 977 2530 1032 orationibus
2561 976 2817 1046 protegis,
2851 985 2906 1032 et
2936 975 3310 1032 exhortatione
3338 979 3701 1035 corroborans?

2118 1069 2232 1123 Erit
2273 1078 2482 1137 tempus
2512 1042 2633 1137 post
2680 1042 2882 1123 obitum
2933 1078 3104 1133 tuum,
3153 1068 3367 1138 quando
3398 1070 3538 1125 inter
3584 1042 3717 1137 eos;

2119 1170 2275 1230 prout
2302 1160 2539 1224 libuerit,
2579 1159 2972 1225 debaccbabor,
3024 1168 3079 1214 et
3107 1175 3258 1230 agam
3288 1159 3356 1214 de
3409 1161 3494 1217 his
3549 1178 3701 1232 qure-

2118 1266 2329 1321 cunque
2368 1250 2667 1320 placuerint
2695 1250 2845 1305 mihi.
2874 1249 2954 1305 Tu
2987 1265 3218 1321 namque
3244 1248 3376 1307 facis
3403 1261 3460 1306 ut
3496 1267 3637 1307 nunc
3670 1266 3701 1307 a

2123 1352 2267 1398 tanta
2297 1341 2684 1396 monachorum
2714 1342 3127 1411 congregatione
3151 1343 3457 1398 conculcer.
3493 1344 3561 1397 Et
3580 1358 3701 1396 san-

2120 1444 2238 1490 ctus
2267 1435 2388 1488 vir:
2416 1433 2604 1488 Nonne
2633 1434 2763 1501 scis,
2813 1434 3006 1503 inquit,
3038 1433 3244 1501 infelix,
3290 1434 3435 1504 quod
3478 1432 3701 1488 forsitan

2123 1534 2244 1596 post
2272 1538 2371 1580 uos
2401 1523 2649 1579 meliores
2692 1532 2870 1592 erunt,
2906 1522 2993 1592 qui
3033 1522 3248 1579 Christo
3275 1526 3485 1579 sincera
3513 1524 3703 1578 volun-

2121 1628 2230 1674 tate
2251 1618 2571 1686 servientes,
2604 1631 2697 1672 eos
2727 1616 2818 1686 qui
2863 1615 2929 1669 ad
2958 1615 3294 1685 disciplinam
3339 1617 3546 1671 Domini
3576 1630 3703 1670 con-

2121 1708 2372 1779 fugerint,
2403 1715 2460 1764 et
2507 1706 2765 1762 doctrinis
2806 1704 3138 1773 spiritalibus
3185 1703 3449 1767 imbuant,
3494 1713 3548 1760 et
3596 1703 3722 1772 piis‘

502 1820 633 1874 Car.
676 1814 933 1872 XLIX.—
960 1813 1016 1869 ln
1072 1812 1177 1869 hoc
1216 1812 1380 1868 etiam
1420 1808 1750 1866 monasterio
1783 1804 2010 1877 quadam
2045 1806 2092 1867 B
2120 1802 2380 1872 exemplis
2401 1800 2687 1856 aediﬁcent.
2717 1797 2873 1863 Novi,
2906 1797 2975 1850 ait
3009 1797 3121 1866 illa,
3148 1797 3290 1865 quod
3324 1806 3512 1853 contra
3542 1804 3704 1866 caput

433 1917 592 1965 nocte
644 1922 763 1962 cum
812 1902 1099 1960 Theodoro
1147 1901 1538 1968 deambulans,
1592 1898 1770 1954 subito
1825 1896 2012 1967 procul

431 2002 654 2058 intuitus
677 2007 761 2057 est
799 1998 1054 2071 grandem
1089 1996 1446 2067 phantasiam,
1480 1993 1646 2048 multa
1694 1991 2012 2048 seductione

433 2094 808 2164 compositam.
834 2091 967 2146 Erat
990 2089 1135 2146 enim
1163 2090 1215 2144 in
1242 2087 1428 2143 habitu
1454 2087 1718 2149 mulieris,
1742 2084 2013 2139 excedens

431 2201 647 2241 onmem
678 2184 963 2257 humanam
990 2178 1460 2251 pulchritudinem,
1492 2178 1564 2232 ita
1597 2183 1654 2231 ut
1682 2174 1867 2229 formae
1893 2173 2012 2243 ejus

431 2277 695 2347 expositio
733 2285 787 2329 et
826 2274 973 2329 visus
1023 2271 1217 2341 exponi
1263 2285 1368 2324 non
1400 2275 1601 2338 posset.
1635 2266 1784 2320 lianc
1827 2263 2015 2317 videns

432 2370 594 2424 etiam
622 2365 959 2428 Theodorus,
994 2364 1241 2418 turbatus
1284 2368 1367 2416 est
1395 2358 1567 2424 valde,
1602 2365 1656 2412 et
1686 2357 1860 2411 vultus
1899 2354 2017 2424 ejus

434 2463 745 2513 immutatus
794 2463 896 2509 est.
948 2454 1115 2520 Quem
1153 2449 1475 2506 venerabilis
1513 2462 1678 2502 senex
1708 2445 1897 2501 videns
1938 2443 2016 2498 ni-

435 2549 599 2604 mium
645 2542 1216 2602 formidare:Confide
1264 2540 1318 2595 in
1367 2540 1611 2603 Domino,
1663 2537 1757 2603 ait,
1790 2552 1823 2590 o
1852 2536 2019 2592 Theo-

437 2642 591 2705 dore,
625 2652 724 2692 nec
752 2635 1085 2705 aliquatenus
1115 2644 1458 2702 expavescas.
1494 2628 1620 2683 Haec
1643 2626 1849 2692 dicens,
1871 2625 2019 2679 stetit

350 2788 351 2791 η
431 2734 490 2786 in
516 2730 780 2793 oratione,
838 2724 1148 2796 supplicans
1197 2722 1455 2787 Domino',
1513 2729 1570 2775 ut
1616 2717 1875 2789 stupenda
1928 2717 2017 2771 illa

328 2884 335 2890 ,
432 2824 715 2895 phantasia
763 2820 958 2876 divina;
1010 2815 1305 2887 majestatis
1358 2810 1641 2883 praesentia
1693 2810 2017 2865 solveretur.

439 2917 677 2985 Cumque
723 2911 882 2968 simul
932 2917 1173 2975 orarent,
1234 2906 1397 2975 cmpit
1450 2903 1538 2958 illa
1594 2902 1835 2973 proxima
1880 2901 2017 2969 ﬁeri,

437 3025 597 3079 quam
622 3004 1209 3078 prteccdebataplurima
1230 3000 1535 3055 daemonum
1560 2997 1864 3052 multitudo.
1888 2996 2019 3051 Cum

440 3117 575 3177 ergo
592 3114 777 3172 preces
799 3112 924 3153 suas
954 3094 1272 3150 Pachomius
1294 3092 1634 3161 explicasset,
1668 3089 1753 3143 illa
1778 3088 2018 3151 veniens,

2121 1902 2266 1948 tuum
2300 1891 2464 1946 modo
2494 1888 2752 1944 mentitus
2794 1888 2891 1942 sis.
2924 1886 3074 1942 Tunc
3123 1886 3442 1941 Pachomius
3470 1886 3545 1942 ait
3573 1905 3586 1941 :
3619 1885 3700 1941 'l'n

2113 1981 2382 2039 mendacii
2452 1980 2806 2050 principatum
2851 1978 3034 2049 geris,
3091 1993 3212 2033 nam
3272 1980 3518 2048 praescire
3564 1978 3701 2033 nihil

2123 2074 2347 2130 omnino
2374 2072 2654 2144 praevales.
2681 2071 2793 2125 [loc
2821 2072 2962 2125 enim
3010 2070 3176 2126 solius
3207 2070 3295 2125 Dei
3317 2079 3417 2135 est,
3449 2079 3505 2126 et
3534 2069 3703 2139 maje-

2111 2165 2274 2224 statis
2298 2164 2415 2233 ejus
2435 2178 2498 2217 ac
2521 2162 2772 2232 potentia:
2799 2161 3095 2231 proprium,
3124 2170 3315 2216 cuncta
3339 2174 3699 2231 praenoscere.

2120 2258 2249 2325 Quae
2271 2255 2546 2325 respondit
2568 2271 2583 2309 :
2604 2253 2917 2310 Secundum
2952 2252 3345 2322 prmscientiam
3373 2250 3616 2321 quidem,
3646 2261 3703 2305 ut

2121 2351 2278 2417 dicis,
2325 2348 2538 2417 penitus
2590 2345 2722 2399 nihil
2771 2345 2917 2410 novi,
2963 2342 3300 2413 eonjiciendo
3338 2352 3515 2397 tamen
3549 2342 3705 2413 133

2123 2442 2350 2511 plurima
2398 2451 2685 2509 cognosco.
2720 2436 2786 2490 Et
2815 2442 3002 2490 sancto
3040 2434 3330 2490 Pachomio
3374 2432 3701 2499 sciscitante,

2122 2531 2391 2601 quomodo
2418 2528 2690 2599 conjiciat,
2727 2527 2802 2581 ait
2841 2526 2929 2581 illa
2962 2544 2976 2583 :
3009 2526 3090 2580 Ex
3126 2525 3554 2595 praecedentibus
3586 2537 3707 2595 qua

2123 2620 2248 2678 sunt
2277 2629 2520 2688 ventura,
2556 2618 2865 2674 considero.
2892 2619 2959 2672 Et
2987 2618 3065 2672 vir
3092 2626 3310 2672 sanctus
3333 2618 3409 2672 ait
3436 2617 3503 2672 ad
3541 2631 3659 2671 eam
3684 2632 3701 2671 :

2125 2711 2407 2781 Quomodo
2436 2710 2706 2779 conjicere
2736 2708 2930 2778 possis,
2966 2708 3226 2777 exprime.
3256 2707 3324 2761 Et
3350 2707 3437 2762 illa
3461 2723 3479 2766 ς
3500 2705 3706 2774 Omnis,

2124 2810 2322 2879 inquit,
2354 2806 2429 2862 rei
2466 2805 3069 2876 principium’processu
3110 2803 3370 2873 temporis
3402 2802 3468 2858 ad
3501 2804 3707 2858 consti-

2125 2908 2299 2955 tutum
2348 2898 2534 2983 tendit‘
2554 2905 2922 2965 augmentum,
2964 2895 3160 2950 deinde
3205 2894 3271 2949 ad
3322 2878 3706 2949 detrimentum

2127 2991 2379 3065 divergit.
2412 2988 2501 3045 Sic
2531 3003 2659 3057 ergo
2704 2996 2757 3042 et
2787 2987 2839 3041 in
2869 2990 2967 3041 hac
3014 2986 3193 3041 divina
3236 2988 3517 3043 vocatione
3545 2986 3714 3057 conji-

2128 3085 2237 3149 cio,
2269 3097 2386 3152 quae
2431 3081 2569 3135 inter
2600 3078 2751 3134 initia
2781 3092 2871 3132 sua
2912 3077 3119 3133 caelesti
3151 3076 3400 3132 roborata
3442 3076 3714 3147 praesidio,

442 3171 524 3248 ait
537 3171 605 3247 ad
631 3206 726 3248 eos
755 3188 779 3246 ε’
795 3184 933 3255 Quid
960 3187 1230 3257 superﬂue
1260 3183 1535 3245 laboratis,
1567 3181 1693 3235 dum
1719 3189 1905 3236 contra
1938 3194 2025 3235 me
2055 3183 2101 3246 C
2130 3178 2298 3246 signis
2326 3183 2381 3230 et
2424 3173 2707 3245 prodigiis,
2737 3172 3006 3241 variisque
3046 3171 3331 3226 virtutibus
3361 3171 3549 3225 crevit.
3580 3171 3715 3227 Cum

445 3285 578 3340 nihil
609 3297 766 3353 agere
799 3280 1060 3351 potestis?
1091 3279 1203 3347 Ego
1233 3289 1463 3346 namque
1493 3282 1813 3344 potestatem
1846 3274 2025 3342 accepi

443 3394 473 3431 a
504 3376 729 3431 Domino
781 3382 989 3428 tentare
1033 3385 1163 3439 quos
1202 3369 1345 3423 volo.
1401 3368 1467 3421 Et
1513 3367 1860 3436 interrogavit
1908 3382 2025 3422 eam

445 3467 793 3535 Pachumius,
822 3466 1005 3520 dicens
1036 3460 1213 3529 :Quid
1254 3461 1335 3515 vis
1379 3473 1523 3522 esse,
1553 3458 1638 3513 vel
1686 3458 1826 3513 unde
1852 3459 2025 3525 venis,

443 3568 537 3615 aut
580 3572 739 3629 quem
799 3562 1003 3611 tentare
1053 3564 1107 3608 tu
1159 3550 1394 3622 quaeris?
1438 3550 1568 3617 Quae
1610 3539 1731 3603 ait:
1757 3550 1868 3619 Ego
1910 3564 2025 3603 sum

440 3650 641 3705 diaboli
691 3649 885 3713 virtus,
930 3654 987 3701 et
1029 3643 1159 3699 mihi
1188 3650 1271 3698 est
1309 3648 1527 3696 caterva
1577 3640 1882 3695 daemonum
1917 3648 2028 3694 tota

436 3740 712 3809 subjecta.
764 3737 883 3806 Ego,
918 3751 1039 3789 sum
1085 3748 1204 3804 qua:
1250 3740 1434 3791 sancta
1486 3730 1686 3785 lumina
1737 3730 1789 3784 in
1831 3740 2028 3785 terram

443 3830 742 3901 praecipito,
773 3837 829 3882 et
856 3825 1085 3895 caligine
1133 3820 1428 3879 mortifera:
1456 3821 1744 3892 voluptatis
1790 3820 2024 3875 involvo.

442 3924 557 3995 Ego
586 3922 777 3978 Judam
806 3933 1019 3989 quoque
1047 3916 1255 3985 decepi,
1285 3925 1343 3971 et
1385 3915 1453 3970 ab
1480 3914 1813 3984 apostolatus
1853 3911 2027 3982 dejeci

444 4014 682 4083 faStigio.
712 4011 777 4066 Et
806 4018 859 4065 te
889 4009 1071 4079 igitur,
1102 4023 1135 4062 o
1158 4007 1435 4075 Pachomi,
1464 4006 1695 4078 expetivi
1718 4022 1749 4061 a
1775 4007 2026 4074 Domino,

447 4114 502 4158 et
544 4104 860 4172 impugnare
907 4112 1232 4163 noneesso;
1276 4108 1376 4154 nec
1423 4113 1638 4169 possum
1669 4098 1900 4165 amplius
1929 4111 2029 4164 op-

450 4194 666 4267 probria
696 4195 998 4247 daemonum
1039 4192 1323 4257 sustinere,
1371 4191 1512 4259 quod
1563 4190 1825 4244 universis
1853 4189 2030 4258 impu-

445 4286 788 4358 gnationibus
816 4299 879 4339 ac
911 4283 1106 4353 praeliis
1148 4283 1286 4337 meis
1337 4282 1666 4351 superiorem
1697 4292 1748 4337 te
1788 4296 1909 4337 esse
1935 4280 2028 4335 de-

450 4379 863 4437 monstraveris.
892 4376 1079 4433 Nullus
1106 4376 1248 4430 enim
1275 4389 1380 4442 me,
1414 4374 1555 4429 sicut
1585 4381 1662 4439 tu,
1693 4375 1811 4429 sine
1831 4374 2031 4429 viribus

447 4472 701 4530 reddidit.
727 4470 857 4528 Nam
875 4469 1159 4541 juvenibus
1185 4478 1237 4523 et
1264 4466 1502 4531 senibus,
1533 4480 1740 4521 necnon
1769 4474 1823 4519 et
1852 4467 2031 4534 pueris

2137 3267 2298 3336 igitur
2331 3277 2613 3318 senescere
2642 3261 2889 3331 cmperit,
2915 3276 2945 3314 a
2977 3262 3211 3330 propriis
3241 3260 3510 3316 minuetur
3540 3261 3717 3315 incre-

2136 3359 2353 3426 mentis,
2405 3365 2497 3411 aut
2540 3358 2801 3423 temporis
2849 3354 3199 3409 diuturnitate
3247 3353 3567 3418 lassescens,
3620 3364 3719 3407 aut

2131 3442 2473 3522 negligentiae
2500 3458 2715 3517 torpore
2732 3446 3010 3513 deficiens,
3038 3456 3163 3501 tunc
3187 3446 3445 3501 adversus
3467 3445 3720 3515 hujusce-

2133 3545 2277 3617 modi
2310 3553 2499 3614 p0tero
2524 3541 2841 3610 praevalere.
2871 3540 2977 3596 Sed
3008 3549 3062 3595 et
3092 3555 3234 3596 nunc
3254 3553 3387 3608 opus
3410 3554 3588 3595 meum
3611 3548 3719 3602 est,

2132 3635 2484 3707 supplantare
2511 3647 2650 3702 quos
2687 3645 2930 3699 possum,
2980 3644 3307 3700 magnosque
3336 3628 3482 3685 viros
3512 3638 3720 3685 tentare

2132 3743 2239 3783 non
2270 3727 2477 3783 desino.
2514 3724 2610 3779 Cui
2641 3720 2963 3777 Pachomius
2984 3720 3058 3775 ait
3082 3739 3095 3774 :
3118 3720 3196 3787 Si,
3232 3730 3288 3775 ut
3314 3720 3472 3785 dicis,
3496 3735 3721 3791 magnos

2134 3819 2280 3873 viros
2311 3825 2521 3872 tentare
2555 3830 2659 3869 non
2710 3813 2935 3879 desinis,
2960 3813 3351 3883 .pr0priumque
3389 3826 3524 3881 opus
3563 3820 3719 3866 tuum

2134 3910 2432 3964 animarum
2465 3906 2817 3976 perditionem
2848 3918 2968 3963 esse
2992 3905 3235 3973 proiessa
3266 3918 3346 3971 es,
3379 3911 3567 3974 utpote
3594 3918 3721 3973 quae

2135 4006 2353 4054 cunctos
2396 3997 2617 4052 excellis
2648 3997 2701 4050 in
2735 3993 2936 4049 malitia
2985 3994 3282 4058 daemones,
3314 3994 3403 4050 dic
3450 3994 3721 4065 quomodo

2135 4108 2278 4148 nunc
2318 4091 2574 4146 adversus
2606 4089 2702 4143 Dei
2731 4086 2958 4142 famulos
2983 4102 3089 4142 non
3119 4096 3270 4157 potes
3298 4086 3624 4156 praevalere?
3654 4085 3725 4138 Et

2135 4186 2225 4240 illa
2256 4202 2269 4237 :
2295 4184 2410 4239 Jam
2443 4182 2559 4249 tibi,
2596 4182 2787 4251 inquit,
2814 4190 2939 4236 ante
2970 4179 3212 4249 praedixi,
3237 4195 3300 4233 ex
3326 4193 3435 4247 quo
3465 4178 3725 4233 mirabilis

2134 4276 2434 4333 iucarnatio
2454 4274 2654 4330 Christi
2684 4274 2823 4328 facta
2853 4281 2935 4328 est
2961 4274 3012 4326 in
3042 4274 3217 4336 terris,
3244 4284 3343 4325 nos
3370 4271 3488 4325 sine
3516 4267 3726 4324 viribus

2134 4382 2360 4439 prorsus
2386 4367 2621 4423 existere
2648 4365 2908 4433 coepimus
2936 4380 2949 4430 ;
2981 4362 3053 4417 ita
3084 4371 3138 4417 ut
3168 4362 3237 4416 ab
3264 4362 3344 4417 his
3371 4361 3459 4431 qui
3491 4359 3728 4415 credunt

2136 4459 2189 4514 in
2223 4459 2440 4514 nomine
2465 4456 2581 4528 ejus
2609 4456 2897 4512 illudamur
2940 4462 3000 4508 ut
3049 4468 3296 4523 passeres
3322 4452 3459 4524 (45).
3496 4452 3726 4506 Verum-

449 4566 693 4621 doctrina
723 4574 809 4618 tua
846 4577 933 4616 me
962 4559 1233 4626 subdidit,
1259 4568 1314 4614 et
1342 4567 1400 4614 ut
1442 4559 1509 4613 ab
1548 4558 1628 4612 eis
1656 4558 1868 4627 penitus
1897 4571 2025 4611 con-
2054 4546 2104 4607 Ι)
2135 4562 2313 4608 tamen
2358 4560 2458 4606 etsi
2497 4550 2693 4606 infirmi
2736 4564 2924 4604 sumus
2965 4548 3183 4611 redditi,
3235 4563 3338 4602 non
3384 4560 3551 4615 usque
3581 4545 3726 4602 adeo

443 4658 649 4726 culcer,
681 4653 861 4711 eﬂecit
882 4670 897 4709 :
922 4661 1126 4707 tantum
1156 4664 1488 4720 congregans
1518 4658 1703 4704 contra
1754 4662 1840 4702 me
1878 4664 2033 4702 exer-

447 4752 612 4805 citum
662 4747 1089 4809 monachorum,
1148 4751 1204 4798 et
1252 4756 1407 4818 muro
1467 4739 1863 4809 inexpugnabili
1924 4739 2018 4793 Dei

449 4843 642 4898 timore
671 4837 1013 4895 circutndans
1044 4836 1139 4903 ita,
1172 4842 1233 4888 ut
1267 4832 1496 4887 ministri
1532 4832 1634 4886 mei
1681 4846 1788 4885 non
1814 4831 2029 4885 valeant

446 4948 513 4987 ex
544 4931 695 4987 vobis
725 4943 1046 4999 quemquam
1076 4940 1171 4981 sua
1203 4923 1480 4993 multiplici
1526 4922 1713 4978 fraude
1743 4923 2027 4977 seducere.

452 5025 579 5079 llaec
604 5030 780 5079 autem
811 5021 967 5077 nobis
993 5018 1171 5076 omnia
1211 5019 1524 5087 contingunt
1552 5024 1771 5085 propter
1799 5015 2028 5070 Verbum

454 5115 572 5183 Dei,
603 5111 801 5169 factum
848 5114 1143 5175 hominem,
1175 5111 1265 5181 qui
1312 5109 1466 5164 vobis
1498 5117 1817 5178 potestatem
1848 5107 2033 5163 tribuit

446 5221 686 5267 nostram
740 5208 1053 5277 proculcare
1094 5207 1374 5263 virtutem.
1427 5205 1495 5259 Et
1541 5203 1861 5259 Pachomius
1909 5203 2029 5258 ait:

449 5302 587 5370 Quid
615 5301 811 5371 igitur?
836 5299 918 5354 Me
946 5299 1143 5362 solum,
1174 5299 1313 5352 sicut
1346 5295 1553 5362 dixisti,
1585 5304 1793 5351 tentare
1815 5294 2029 5360 venisti,

448 5411 516 5450 an
545 5407 651 5448 non
693 5390 866 5445 alios?
898 5388 965 5443 Et
989 5398 1061 5453 te,
1090 5387 1184 5454 ait,
1216 5395 1272 5443 et
1302 5386 1391 5455 qui
1425 5391 1497 5442 tui
1528 5396 1652 5442 sunt
1680 5387 1905 5441 similes.
1929 5387 2034 5441 lte-

450 5500 569 5540 rmn
605 5490 821 5536 sanctus
872 5481 952 5535 vir
982 5480 1331 5547 interrogavit
1375 5493 1515 5544 eam,
1548 5479 1733 5534 dicens
1760 5496 1771 5531 :
1802 5479 1943 5548 Ergo
1976 5486 2031 5534 et

449 5573 828 5631 Theodorum?
857 5572 951 5627 Illa
976 5572 1287 5639 respondit:
1311 5569 1380 5625 Et
1398 5571 1743 5626 Theodorum
1773 5571 2027 5639 expetivi,

454 5679 500 5719 et
529 5675 844 5736 potestatem
872 5666 1053 5736 accepi
1086 5673 1294 5720 tentare
1319 5678 1437 5730 vos,
1473 5663 1567 5717 sed
1599 5664 2031 5733 appmpinquare

448 5759 594 5813 vobis
621 5759 833 5829 penitus
887 5772 1114 5827 nequeo.
1165 5756 1229 5811 Et
1279 5754 1739 5823 interrogantibus
1778 5768 1899 5810 eam
1933 5767 2029 5809 cur

2135 4643 2373 4713 gerimus
2402 4643 2531 4706 otia,
2563 4650 2621 4694 ut
2652 4655 2759 4695 non
2787 4653 2919 4710 quos
2949 4651 3231 4706 possumus
3259 4636 3505 4707 decipere
3534 4635 3729 4691 molia~

2140 4749 2283 4788 mur.
2314 4734 2596 4800 Nunquam
2634 4732 2832 4801 quippe
2874 4730 3197 4800 quiescimus
3240 4729 3511 4785 adversari
3540 4730 3730 4799 generi

2140 4834 2342 4890 vestro,
2403 4833 2644 4878 serentes
2706 4821 2875 4876 maias
2922 4821 3273 4892 cogitationes
3335 4819 3389 4875 in
3447 4819 3730 4877 animabus

2146 4931 2332 4975 eorum
2372 4916 2465 4987 qui
2504 4926 2695 4970 contra
2737 4930 2836 4970 nos
2884 4915 3163 4970 decertare
3195 4913 3549 4970 contendunt.
3584 4914 3650 4967 Et
3669 4914 3730 4969 si

2142 5011 2299 5066 nobis
2331 5008 2667 5062 titillantibus
2698 5022 2937 5061 annuere
2957 5021 3053 5062 eos
3081 5020 3147 5062 ex
3178 5018 3331 5076 parte
3366 5005 3568 5077 aliquid
3599 5019 3732 5060 sen-

2140 5103 2414 5169 serimus,
2479 5110 2608 5155 tunc
2666 5100 2895 5171 amplius
2963 5098 3320 5169 aequissimas
3378 5097 3732 5168 cogitationes

2140 5195 2498 5260 immittimus,
2528 5201 2583 5248 et
2610 5192 2942 5248 diversarum
2972 5192 3303 5261 voluptatum
3348 5190 3593 5246 incendia
3628 5186 3733 5243 mi-

2143 5292 2470 5353 nistramus;
2500 5293 2556 5341 et
2584 5284 2656 5339 ita
2697 5285 3001 5355 praeliantcs
3028 5282 3317 5347 acerrime,
3359 5280 3735 5335 subintramus

2143 5395 2260 5448 eos,
2293 5386 2599 5446 nostrasque
2627 5376 2836 5446 plenius
2862 5374 3115 5445 potestati
3144 5372 3484 5443 subjicimus.
3515 5371 3569 5426 Si
3596 5384 3735 5423 vero

2144 5474 2435 5528 viderimus
2459 5484 2521 5523 ea
2548 5482 2668 5539 quae
2692 5474 3050 5536 suggeruntur
3071 5479 3103 5519 a
3126 5463 3310 5529 nobis,
3336 5477 3432 5518 eos
3456 5477 3487 5517 e
3511 5469 3733 5516 eontra-

2137 5567 2219 5621 rio
2266 5577 2372 5618 non
2404 5561 2578 5617 solum
2629 5574 2736 5614 non
2788 5557 3084 5627 suscipere,
3140 5570 3324 5610 verum
3356 5567 3455 5609 nec
3498 5552 3736 5606 libenter

2141 5655 2439 5718 attendere,
2472 5651 2683 5718 fideque
2709 5664 2834 5720 quae
2874 5650 2929 5703 in
2969 5645 3188 5703 Christo
3228 5655 3331 5712 est,
3361 5644 3644 5715 vigilanter
3676 5650 3738 5696 et

2141 5748 2321 5805 sobrie
2346 5762 2405 5803 se
2437 5744 2670 5810 munire,
2702 5742 2840 5798 sicut
2868 5740 3047 5796 fumus
3079 5740 3369 5809 dissipatur
3395 5738 3447 5793 in
3480 5750 3631 5801 aere,
3654 5730 3738 5789 sic
