4016 6244
262 315 353 373 9.69

1029 304 1186 359 VITA
1227 304 1471 361 SANCTI
1515 305 1843 361 PACHOMII
1884 305 2173 361 ABBATIS
2214 304 2703 363 TABENNENSIS.

3403 309 3508 364 2ῗο

259 432 319 488 ab
339 439 516 484 eorum
543 421 795 478 cordibus
827 419 1072 489 pellimur
1097 428 1151 475 et
1192 417 1459 489 fugamur.
1492 416 1605 473 Non
1648 417 1822 471 ontni-
1856 422 1900 476 Α
1933 416 2073 470 thios
2118 417 2479 485 operabatur;
2513 426 2822 487 tantamque
2865 418 3239 475 contritionem
3290 430 3510 491 propter

260 523 349 577 bus
393 518 545 572 etiam
600 514 805 569 viribus
858 512 1055 566 nostris
1092 512 1454 580 permittimur
1499 525 1618 564 cum
1675 509 1821 562 omni

262 610 461 665 homine
501 604 790 673 congredi;
821 604 947 670 quia
991 617 1096 655 non
1140 616 1329 656 omnes
1359 610 1583 670 possunt
1612 608 1824 653 nostros

260 706 466 771 impetus
489 696 776 750 suStinere.
805 694 936 747 Nam
965 693 1009 747 si
1031 693 1420 747 concederetur
1443 693 1598 746 nobis
1622 692 1823 760 pass'm

262 802 425 851 contra
455 800 642 842 omnes
690 795 873 840 nostra
914 783 1229 839 fortitudine
1257 783 1580 851 depugnare,
1628 780 1826 834 multos

265 894 540 952 possemus,
583 877 678 947 qui
712 890 853 930 nunc
898 884 989 929 tuo
1018 876 1262 929 leventur
1309 874 1518 936 labore,
1550 871 1822 941 decipere.

263 974 353 1031 Sed
400 972 520 1043 quid
574 969 817 1039 agimus?
864 968 991 1036 quia
1033 966 1291 1037 juvantur
1330 964 1579 1034 precibus
1610 960 1730 1026 tuis,
1773 970 1827 1015 et

264 1068 439 1121 virtute
485 1071 649 1131 atque
700 1060 942 1131 potentia
993 1057 1245 1117 Cruciﬁxi
1290 1059 1627 1111 muniuntur.
1676 1055 1827 1109 Tunc

265 1164 456 1211 sanctus
484 1151 807 1206 Pachomius
828 1163 963 1204 voce
994 1162 1188 1218 magna
1219 1161 1339 1200 cum
1371 1147 1569 1215 gemitu
1595 1142 1729 1199 dixit
1759 1144 1825 1198 ad

262 1261 363 1301 eam
399 1243 477 1298 :0
523 1240 936 1299 indortnitabilis
984 1237 1219 1308 nequitia
1266 1247 1467 1302 vestra,
1521 1251 1638 1306 quae
1688 1251 1827 1288 nun-

265 1353 403 1406 quam
445 1334 703 1389 adversus
756 1347 926 1398 genus
974 1331 1268 1383 humanum
1327 1329 1522 1383 szevire
1570 1328 1825 1394 desistit,

264 1430 413 1482 donec
450 1428 643 1480 iterum
695 1426 874 1480 divina
931 1430 1125 1488 virtus,
1157 1423 1207 1477 id
1249 1431 1349 1488 est,
1398 1423 1488 1475 Dei
1547 1421 1713 1475 Filius
1760 1421 1828 1475 de

266 1521 397 1575 malis
424 1519 738 1580 adveniens,
772 1533 837 1571 ex
867 1518 1077 1586 integro
1110 1531 1202 1568 vos
1230 1525 1507 1569 consumat
1540 1524 1593 1568 et
1618 1514 1823 1583 perdat.

266 1612 374 1666 llrc
418 1612 600 1663 dicens
631 1653 645 1676 ,
699 1610 992 1677 increpavit
1042 1616 1311 1661 catervam
1372 1606 1672 1660 dmtnonutn
1727 1607 1828 1660 sub

268 1703 459 1755 nomine
485 1701 707 1755 Christi.
757 1700 887 1767 Qua:
934 1715 1055 1754 mox
1090 1699 1344 1768 dissipata
1377 1708 1479 1763 est,
1511 1708 1564 1753 et
1598 1698 1664 1751 ad
1693 1698 1824 1752 nihi-

269 1794 359 1848 lum
381 1793 657 1847 dissoluta.

328 1886 467 1939 Mane
507 1894 684 1938 autem
730 1884 889 1948 facto,
940 1898 1241 1938 convocans
1284 1883 1605 1938 Pacltomius
1635 1898 1826 1939 omnes

268 1977 461 2044 fratres,
485 1976 578 2047 qui
614 1976 697 2030 vel
722 1976 1009 2030 sanctitate
1038 1976 1186 2039 vitae,
1227 1976 1307 2029 vel
1348 1977 1664 2043 antiquitate
1695 1985 1828 2029 tem-

267 2066 399 2136 poris
418 2063 808 2134 prtecedebant,
858 2063 1108 2129 exposuit
1135 2062 1214 2116 eis
1240 2073 1428 2116 cuncta
1461 2079 1579 2133 qua:
1623 2064 1828 2118 viderat

270 2166 423 2226 atque
442 2157 672 2211 audierat
692 2171 722 2209 a
752 2155 998 2224 malignis
1023 2154 1321 2223 spiritibus.
1346 2154 1635 2209 insinuavit
1665 2156 1826 2210 etiatn

269 2264 363 2319 per
387 2249 629 2318 epistolas
666 2262 786 2302 Suas
829 2247 1163 2313 absentibus,
1198 2247 1448 2302 muniens
1489 2263 1583 2302 eos
1610 2247 1827 2302 indisci-

265 2339 401 2408 plina
430 2348 580 2406 atqne
605 2339 791 2393 timore
815 2338 1050 2402 Domini,
1083 2346 1137 2392 et
1156 2337 1432 2392 instruens
1457 2338 1824 2407 providenter,

264 2436 317 2482 ut
345 2428 393 2481 in
420 2428 565 2481 nullo
595 2442 813 2496 prorsus
836 2428 1132 2498 phantasiis
1154 2428 1458 2483 daemonum
1491 2429 1705 2491 cedant,
1732 2442 1830 2484 nec

266 2518 561 2573 insidiarum
589 2519 996 2574 multiformium
1028 2519 1299 2589 prazstigia
1325 2520 1699 2574 extimescant.
1727 2520 1829 2585 Qtti

264 2608 486 2664 videntes
511 2619 571 2664 et
595 2611 880 2664 audientes
900 2626 1018 2680 qua:
1046 2626 1142 2679 per
1169 2610 1401 2665 divinam
1429 2612 1651 2680 gratiam
1677 2612 1745 2666 ab
1765 2627 1830 2668 eo

265 2700 495 2755 miracula
527 2702 874 2771 gerebantur,
906 2701 1238 2754 corroborati
1270 2714 1429 2772 atque
1459 2701 1670 2757 solidati
1702 2703 1826 2769 fide,

260 2806 365 2846 eum
416 2793 563 2846 omni
603 2794 886 2847 alacritate
931 2793 1170 2847 laborem
1220 2793 1567 2848 continentia:
1616 2793 1831 2850 suffere-

263 2882 389 2936 bant.
1542 2870 1551 2878 ’

318 2977 437 3030 CAP.
472 2976 860 3031 L.—lnterea
907 2974 1131 3045 alicujus
1175 2975 1373 3042 fratris,
1423 2978 1510 3047 qui
1557 2977 1832 3046 patientia:

260 3070 386 3122 senis
414 3069 643 3123 tumulus
671 3077 723 3121 et
756 3070 989 3121 imitator
1013 3078 1147 3134 erat,
1182 3083 1301 3122 cum
1331 3077 1500 3122 staret
1532 3068 1596 3122 ad
1637 3069 1835 3124 oratio-

1927 507 2212 561 Dominum
2241 507 2557 573 sustinebat,
2584 516 2641 561 ut
2666 522 3036 577 saepenumero
3059 511 3322 569 funiculus
3352 515 3505 587 137

1927 598 2264 667 intorquens,
2294 610 2781 667 compungerentur
2808 614 2999 654 manus
3023 598 3162 670 ejus,
3208 613 3260 656 et
3292 607 3509 674 sangui-

1928 689 2012 743 nis
2055 697 2220 757 guttae
2267 686 2569 753 effluerent,
2627 688 2914 757 intentum,
2965 698 3025 742 ut
3071 706 3136 744 ex
3186 691 3305 760 ipso
3349 708 3514 762 opere

1930 792 2119 846 magna
2142 777 2241 831 viri
2300 775 2585 831 tolerantia
2627 786 3038 834 monstraretur.
3083 779 3140 833 In
3174 790 3313 835 tanta
3354 783 3513 852 igitur

1930 866 2242 927 infirmitate
2286 874 2526 942 corporis
2571 875 2912 940 constitutus,
2966 892 3235 947 nunquam
3282 878 3509 935 fratrum

1929 960 2209 1015 collectam
2240 954 2497 1029 deseruit,
2528 964 2623 1018 sed
2654 965 2719 1018 ad
2749 966 3041 1034 explendas
3068 982 3255 1023 omnes
3291 969 3513 1025 diurnas

1930 1055 2223 1119 orationes,
2274 1054 2499 1109 sollicite
2553 1055 2895 1122 convolavit,
2950 1058 3084 1112 adeo
3135 1068 3193 1113 ut
3237 1075 3512 1129 nunquam

1931 1139 2193 1198 dormiret
2221 1142 2478 1200 interdiu.
2521 1143 2889 1202 Consueverat
2916 1156 3094 1203 autem
3136 1165 3231 1218 per
3273 1152 3512 1221 singulas

1932 1246 2147 1301 noctes,
2200 1235 2505 1305 priusquam
2550 1246 2767 1306 caperet
2817 1253 3106 1306 somnum,
3152 1242 3396 1310 quaedam
3443 1243 3514 1297 de

1930 1325 2219 1394 Sci-ipturis
2275 1329 2475 1383 sanctis
2525 1330 2814 1396 meditari;
2867 1340 3081 1400 totaque
3130 1335 3365 1389 membra
3413 1352 3509 1394 sua

1930 1414 2132 1471 Christi
2182 1418 2457 1487 signaculo
2502 1422 2773 1485 muniens,
2815 1421 3370 1493 glorificabatjugiter
3405 1427 3510 1481 Do-

1932 1510 2157 1575 minum,
2211 1520 2265 1563 et
2307 1511 2376 1565 ita
2426 1512 2698 1580 paululum
2748 1511 3079 1581 quiescebat.
3124 1515 3325 1570 Deinde
3369 1516 3512 1573 circa

1934 1600 2106 1654 noctis
2132 1601 2366 1654 medium
2395 1617 2641 1670 surgens,
2672 1618 2839 1672 usque
2889 1603 2954 1657 ad
2986 1606 3270 1659 matutinas
3312 1609 3514 1664 oratio-

1936 1706 2033 1747 nes
2063 1692 2239 1746 alacer
2264 1693 2629 1760 permanebat.
2671 1694 2836 1762 llujus
2864 1694 3151 1764 aliquando
3180 1712 3367 1754 manus
3394 1702 3512 1769 qui-

1865 1782 1911 1841 B
1939 1786 2061 1841 dam
2101 1784 2266 1840 frater
2292 1785 2595 1853 inspiciens,
2623 1786 2799 1856 operis
2823 1786 3097 1843 nimietate
3123 1799 3281 1859 atque.
3310 1791 3512 1848 violen-

1933 1877 2003 1930 tia
2034 1876 2243 1930 fortiter
2262 1877 2549 1939 sauciatas,
2582 1884 2637 1930 et
2655 1892 2928 1945 respersas
2954 1878 3233 1949 sanguine,
3266 1882 3397 1937 dicit
3419 1884 3466 1939 ei
3492 1903 3508 1939 :

1930 1963 2845 2035 Quidita,pater,durissimolabore
2870 1978 2919 2021 te
2939 1968 3252 2036 discrucias,
3279 1976 3510 2030 maxime

1932 2059 2024 2113 tali
2056 2057 2365 2113 infirmitate
2393 2058 2719 2129 depressus?
2758 2063 2837 2113 An
2862 2055 3002 2115 forte
3031 2062 3221 2115 metuis
3262 2078 3327 2118 ne
3368 2067 3509 2135 apud

1933 2152 2101 2208 Deum
2133 2151 2420 2208 contrahas
2448 2153 2730 2217 offensam,
2762 2153 2847 2206 vel
2886 2154 2980 2207 otii
3009 2154 3209 2210 crimen
3244 2162 3506 2223 incurras,

1934 2243 1978 2297 si
2010 2259 2114 2296 non
2166 2241 2355 2297 sedulo
2383 2239 2547 2295 fueris
2593 2244 2889 2311 operatus?
2929 2244 3042 2301 Scit
3086 2245 3343 2302 Dominus
3382 2250 3509 2319 quid

1934 2333 2151 2402 pateris,
2182 2342 2234 2384 et
2261 2332 2382 2401 quia
2421 2347 2577 2385 nemo
2611 2332 2771 2385 tantis
2805 2334 3232 2390 tribulationibus
3262 2337 3510 2405 afﬂictus,

1932 2427 2095 2481 ullum
2124 2426 2266 2480 valet
2313 2439 2450 2491 Opus
2494 2426 2778 2494 attingere,
2826 2426 3093 2495 pracipue
3118 2437 3186 2483 tu.
3229 2431 3317 2497 qui
3366 2433 3509 2485 nulla

1934 2521 2256 2575 necessitate
2310 2519 2709 2589 constringeris.
2759 2520 2891 2573 Nam
2950 2521 2994 2574 si
3044 2522 3334 2592 peregrinis
3392 2538 3507 2592 post

1935 2611 2104 2665 Deum
2133 2610 2502 2665 sufﬁcientiam
2538 2610 2969 2680 pauperibusque
3012 2610 3289 2680 largimur,
3312 2624 3511 2683 quanto

1936 2703 2105 2771 magis
2149 2702 2242 2757 tibi
2283 2709 2434 2756 tanto
2465 2701 2604 2772 patri
2647 2717 2766 2755 cum
2798 2702 3081 2757 devotione
3112 2704 3342 2758 maxima
3391 2721 3510 2761 ser-

1943 2795 2194 2849 viemus?
2234 2793 2317 2847 Ad
2364 2809 2522 2861 quem
2576 2793 2664 2847 ille
2712 2793 3025 2861 reapondit:
3058 2794 3386 2862 lmpossibile
3435 2806 3518 2851 est

1936 2886 2066 2941 mihi
2110 2900 2215 2940 non
2247 2884 2479 2954 operari.
2512 2885 2579 2938 Et
2608 2884 2772 2939 frater
2811 2885 2881 2937 ait
2906 2900 2920 2937 :
2945 2883 3000 2939 Si
3043 2884 3164 2951 hoc,
3199 2886 3389 2955 inquit,
3421 2887 3514 2941 tibi

1939 2980 2133 3050 placet,
2164 2978 2351 3033 saltem
2381 2993 2569 3031 manus
2612 2988 2726 3030 tuas
2770 2977 2892 3031 oleo
2922 2991 3175 3047 perunge,
3209 2993 3273 3032 ne
3314 2988 3517 3034 tantum

1937 3072 2251 3141 sanguinem
2284 3070 2607 3139 profluentes
2632 3069 2682 3122 in
2706 3069 2886 3123 labore
2917 3068 3185 3122 deficiant.
3215 3069 3312 3135 Qui
3342 3070 3520 3123 censi-

260 3177 390 3225 nem,
422 3160 693 3231 percussit
737 3160 979 3227 scorpius
1010 3160 1236 3228 pedem;
1266 3168 1320 3214 et
1364 3160 1502 3214 adeo
1530 3160 1673 3214 virus
1706 3160 1831 3213 infu-
1862 3156 1909 3218 C
1945 3166 2013 3219 lio
2035 3164 2151 3234 ejus
2180 3164 2547 3233 acquiescens,
2580 3161 2701 3216 fecit
2723 3161 2863 3231 quod
2896 3162 3145 3215 hortatus
3178 3172 3259 3216 est
3280 3176 3399 3217 cum
3430 3170 3523 3227 ;et

261 3253 349 3316 dit,
383 3263 435 3305 ut
462 3266 639 3319 usque
669 3251 733 3303 ad
766 3266 857 3303 cor
883 3250 999 3317 ejus
1026 3249 1181 3304 dolor
1228 3257 1557 3313 excurreret,
1590 3260 1645 3304 et
1680 3250 1837 3318 spiri-

262 3354 360 3397 tum
407 3344 569 3411 paulo
620 3342 797 3395 minus
846 3342 1137 3395 exhalaret.
1174 3340 1275 3407 Qui
1332 3341 1458 3395 licet
1502 3342 1571 3395 sit
1617 3341 1836 3397 affectus

260 3444 486 3489 extremo
511 3434 777 3498 cruciatu,
799 3448 902 3486 non
928 3445 1103 3487 tamen
1124 3446 1181 3486 se
1206 3434 1497 3486 commovit
1519 3448 1550 3486 a
1580 3433 1696 3487 loco
1717 3447 1836 3497 suo,

260 3526 419 3581 donec
473 3526 722 3579 finiretur
774 3524 947 3577 oratio
980 3539 994 3577 :
1024 3538 1119 3592 pro
1149 3538 1254 3591 quo
1300 3522 1477 3577 statim
1523 3523 1840 3580 Pachomius

258 3633 434 3688 preces
462 3617 688 3672 Christo
717 3617 869 3683 fudit,
903 3624 958 3671 et
987 3616 1224 3686 pristina:
1266 3616 1479 3671 sanitati
1516 3617 1767 3672 restituit.

320 3731 445 3785 CAP.
482 3731 572 3786 LL
598 3760 667 3770 —
690 3729 975 3785 Theodoro
1001 3744 1212 3800 quoque
1241 3730 1423 3801 gravis
1452 3730 1628 3798 passio
1651 3730 1843 3799 capitis

257 3823 469 3888 inﬂicta,
494 3823 716 3879 dolores
741 3823 1034 3877 acerrimos
1056 3821 1345 3877 excitabat.
1372 3821 1614 3889 Quicum
1636 3829 1845 3891 rogaret

257 3916 628 3982 f’achomium,
656 3923 710 3968 ut
737 3930 858 3968 eum
885 3912 995 3968 suis
1016 3914 1281 3967 relevaret
1300 3914 1654 3977 orationibus,
1684 3914 1758 3967 ait
1777 3914 1845 3968 a'd

260 4024 371 4063 eum
397 4026 410 4061 :
438 4010 703 4071 Putasne,
734 4005 832 4070 frti,
872 4006 1012 4076 quod
1044 4004 1199 4058 alicui
1243 4004 1518 4075 contingat
1546 4005 1720 4073 dolor,
1754 4015 1847 4058 aut

259 4101 452 4169 passio,
488 4108 585 4152 aut
611 4098 814 4169 aliquid
848 4096 1153 4168 hujusmodi
1184 4096 1301 4149 sine
1333 4095 1686 4164 permissione
1716 4095 1846 4150 Dei?

258 4192 459 4246 idcirco
491 4193 546 4246 in
597 4190 785 4245 dolore
833 4190 1058 4257 sustine,
1109 4197 1163 4242 ct
1193 4188 1244 4243 in
1285 4187 1586 4243 humilitate
1638 4199 1722 4241 tua
1769 4203 1853 4257 pa-

261 4285 503 4339 tientiam
531 4284 701 4346 habe;
732 4292 785 4335 et
815 4280 1027 4349 quando
1051 4279 1279 4333 voluerit
1308 4278 1582 4344 Dominus,
1607 4277 1851 4334 conferet

260 4376 350 4431 tibi
371 4377 711 4446 sospitatem.
744 4372 898 4441 Quod
944 4371 990 4425 si
1023 4380 1073 4425 te
1100 4370 1298 4425 diutius
1321 4369 1549 4437 probare
1580 4369 1850 4437 dignatur,

264 4478 378 4523 esto
400 4480 613 4539 gratus,
658 4475 714 4520 ut
744 4465 842 4519 fuit
884 4461 1307 4532 perfectissimus
1347 4469 1402 4514 et
1433 4458 1852 4528 patientissimus

1944 3259 2204 3312 intantutn
2260 3256 2548 3310 vulnerata:
2602 3270 2792 3307 manus
2840 3254 2954 3324 ejus
2996 3266 3230 3323 gravata:
3278 3263 3422 3319 sunt,
3464 3264 3523 3309 ut

1942 3362 2277 3417 nequaquam
2310 3358 2490 3415 posset
2532 3346 2671 3400 ferre
2700 3345 2991 3399 cruciatus.
3036 3344 3117 3399 Ad
3148 3360 3304 3413 quem
3346 3348 3524 3401 visen-

1944 3440 2068 3496 dum
2099 3442 2287 3495 beatus
2331 3439 2650 3493 Pachomius
2680 3436 2920 3504 veniens,
2968 3451 3291 3506 causamque
3321 3452 3512 3507 cognoo

1944 3549 2125 3601 scens,
2155 3534 2228 3585 ait
2254 3533 2301 3585 ei
2332 3532 2618 3593 :Putabas,
2666 3529 2852 3593 frater,
2895 3528 3033 3598 quod
3060 3536 3111 3581 te
3136 3529 3312 3582 oleum
3345 3540 3527 3598 posset

1942 3625 2171 3695 juvarc?
2201 3624 2330 3691 Quis
2370 3621 2512 3677 enim
2547 3631 2600 3676 te
2634 3622 2809 3689 coegit
2834 3618 2905 3675 ita
2939 3619 3129 3673 sedulo
3158 3619 3423 3685 laborare,
3466 3633 3526 3676 ut

1947 3718 2048 3775 sub
2074 3724 2333 3786 praetextu
2365 3713 2562 3783 operis,
2591 3713 2643 3766 in
2675 3712 2774 3765 hoe
2798 3710 2993 3765 visibili
3032 3711 3153 3765 oleo
3182 3711 3349 3780 magis
3366 3727 3525 3780 quam

1949 3810 2003 3864 in
2040 3810 2147 3863 Deo
2168 3822 2317 3876 spem
2342 3818 2483 3859 tuam
2509 3804 2774 3874 poneres?
2805 3806 2908 3857 Aut
2931 3803 3165 3871 nunquid
3198 3802 3527 3871 impossibile

1950 3912 2031 3959 est
2067 3901 2173 3955 Deo
2201 3915 2394 3954 sanare
2421 3896 2514 3954 te?
2543 3897 2652 3951 Aut
2672 3896 2879 3965 ignorat
2903 3895 3249 3965 aegritudines
3290 3896 3530 3965 singulo-

1952 4010 2093 4060 rum,
2121 3994 2425 4060 nostrisque
2454 3988 2957 4062 commonitionibus
2980 3986 3216 4056 indiget?
3249 3986 3332 4040 vel
3354 3987 3527 4055 despi-

1952 4090 2027 4142 cit
2076 4100 2175 4140 nos
2216 4086 2306 4154 qui
2353 4092 2437 4139 est
2491 4090 2680 4135 natura
2732 4078 3219 4147 misericors‘lSed
3248 4078 3532 4133 utilitatem

1954 4180 2303 4236 considerans
2332 4178 2629 4231 animarum
2680 4183 3007 4233 nostrarum.
3035 4172 3164 4227 sinit
3209 4174 3273 4227 ad
3306 4186 3535 4226 momen-

1959 4281 2069 4327 tum
2131 4286 2230 4325 nos
2292 4271 2400 4338 pati
2461 4266 2763 4357 tristitiatn',
2823 4275 2879 4319 ut
2927 4265 3222 4318 tolerantiae
3281 4275 3537 4333 perpetua

1964 4362 2187 4432 prxetnia
2215 4362 2487 4430 largiatur.
2527 4356 2699 4426 Super
2723 4358 2894 4424 ipsum
2938 4356 3096 4424 igitur
3115 4370 3327 4408 omnem
3352 4370 3534 4408 curam

1964 4464 2199 4508 nostram
2247 4447 3097 4520 sollicitudinemqnejactetnus;
3126 4452 3180 4498 et
3200 4445 3412 4514 quando
3451 4459 3535 4496 vo-

264 4534 510 4629 Σοὶ),ᾖυὶ
556 4559 753 4613 multas
778 4556 1178 4611 tribulationum
1206 4565 1260 4609 et
1307 4552 1633 4608 cruciatuum
1674 4562 1849 4607 tenta-
1881 4534 2161 4609 Dluerit,
2225 4544 2311 4598 vel
2352 4540 2621 4611 quomodo
2673 4539 3032 4607 judicaverit,
3086 4550 3200 4602 ipse
3251 4535 3537 4588 terminum

268 4653 440 4705 tiones
456 4652 759 4720 excipiens,
783 4650 1064 4703 Dominum
1092 4644 1460 4701 benedicebat.
1491 4644 1556 4697 Et
1579 4644 1717 4697 Sit'lﬂ
1742 4644 1850 4710 ille,

265 4751 318 4793 tu
360 4756 578 4811 quoque
608 4756 706 4810 pro
749 4730 1033 4793 doloribus~
1076 4738 1179 4790 tuis
1231 4735 1488 4802 majorem
1535 4735 1771 4803 requiem
1824 4749 1853 4785 a

267 4832 487 4888 Christo
519 4833 802 4902 percipies.
834 4832 977 4886 Bona
1004 4831 1217 4899 quidem
1242 4835 1325 4881 est
1350 4827 1689 4892 absnnentia,
1722 4835 1776 4880 et
1804 4826 1856 4881 in

267 4928 512 4982 oratione
543 4924 980 4996 perseverantia;
1014 4934 1190 4976 tamen
1232 4920 1474 4973 infirmus
1527 4917 1694 4987 magis
1721 4933 1857 4986 prae-

268 5022 438 5076 mium
469 5021 806 5090 adipiscitur,
838 5034 956 5073 cum
986 5016 1299 5085 longanimis
1337 5023 1389 5066 et
1418 5014 1621 5081 patiens
1650 5012 1824 5065 inveni
1846 5042 1863 5050 ο

268 5124 375 5167 tur.
442 5113 509 5167 Et
570 5125 695 5182 qma
754 5112 906 5163 nobis
957 5108 1024 5162 de
1092 5103 1443 5174 magnanimis
1497 5104 1624 5155 viris
1678 5115 1858 5155 sermo

266 5204 560 5271 processit,
592 5202 960 5257 necessarium
1005 5214 1153 5261 reor,
1197 5198 1352 5252 unius
1391 5195 1565 5249 adhuc
1595 5194 1693 5247 viri
1727 5194 1861 5245 tole-

268 5298 524 5359 rantiam,
548 5311 665 5364 quae
689 5306 935 5348 cunctam
965 5291 1177 5346 laudem
1198 5286 1522 5342 transcendit
1546 5286 1855 5346 humanam,

269 5388 519 5456 proferre
543 5388 595 5441 in
621 5385 854 5440 medium
885 5398 979 5453 pro
1003 5383 1226 5435 utilitate
1250 5380 1555 5432 multorum.

342 5477 481 5533 CAP.
510 5477 703 5531 l.ll.—
719 5476 974 5530 Zachazus
995 5472 1207 5543 quidam
1234 5468 1547 5534 monachus,
1572 5475 1691 5535 post
1712 5464 1864 5534 longa

271 5570 626 5624 continentiae
660 5580 921 5636 tempora,
950 5567 1098 5633 regio
1128 5564 1316 5617 morbo
1346 5570 1644 5629 correptus,
1680 5572 1868 5628 seque-

273 5668 507 5713 stratam
540 5674 569 5711 a
621 5657 874 5713 fratribus
928 5653 1113 5708 habuit
1162 5652 1430 5715 cellulam,
1466 5659 1576 5704 tota
1623 5648 1728 5701 vita
1772 5661 1866 5700 sua

277 5765 431 5815 pane
460 5760 658 5808 tantum
698 5760 748 5805 et
776 5748 886 5804 sale
914 5755 1218 5803 contentus.
1262 5745 1486 5814 Semper
1515 5749 1691 5797 autem
1726 5739 1868 5810 psia-

1964 4638 2243 4694 doloribus
2272 4637 2470 4691 nostris
2494 4635 2754 4702 benignus
2778 4633 3033 4701 imponet.
3063 4630 3161 4696 Qui
3186 4630 3537 4698 respondens,

1965 4732 2077 4785 ait:
2111 4707 2327 4797 Ignosce
2358 4726 2510 4791 mihi,
2536 4725 2853 4779 venerabilis
2891 4732 3060 4791 pater,
3105 4730 3159 4775 et
3201 4736 3294 4773 ora
3332 4736 3427 4789 pro
3459 4736 3545 4773 me

1970 4820 2276 4886 Dominum,
2304 4828 2362 4872 ut
2385 4819 2559 4873 ethoc
2592 4817 2722 4873 mihi
2749 4816 3000 4870 delictum
3035 4813 3304 4867 remittere
3336 4827 3433 4881 pro
3449 4828 3542 4867 sua

1967 4916 2166 4983 pietate
2189 4912 2459 4981 dignetur.

2040 5033 2430 5088 Asseverabant
2460 5029 2619 5085 etiam
2643 5027 2857 5096 plurimi
2888 5026 2955 5081 de
2982 5025 3080 5078 hoc
3107 5039 3259 5092 sene,
3284 5026 3421 5093 quod
3448 5040 3546 5094 per

1967 5156 2164 5195 annum
2195 5138 2457 5205 integrum
2479 5147 2538 5186 se
2559 5129 2797 5193 dellevit,
2824 5137 2943 5197 post
2969 5125 3257 5180 biduanum
3286 5124 3549 5193 jejunium

1966 5254 2152 5311 parum
2184 5237 2289 5291 cibi
2319 5231 2638 5304 percipiens.
2671 5228 2820 5281 Hunc
2850 5235 3065 5280 sanctus
3096 5226 3415 5279 Pacltomius
3436 5241 3552 5279 mo-

1968 5339 2152 5396 nachis
2195 5334 2552 5403 proponebat,
2595 5329 2741 5384 velut
2784 5328 3085 5395 exemplum
3134 5326 3397 5380 bonorum
3428 5342 3554 5397 ope~

1968 5457 2110 5506 rum,
2142 5439 2635 5502 firmamentumque
2666 5430 2939 5484 virtutum.
2970 5429 3051 5484 .\d
3085 5444 3240 5495 quem
3271 5429 3430 5482 etiam
3460 5442 3554 5483 eos

1972 5543 2061 5612 qui
2104 5548 2258 5593 erant
2287 5537 2340 5590 in
2370 5548 2601 5588 mmrore
2628 5532 2818 5600 positi,
2853 5530 3135 5599 dirigebat,
3168 5530 3292 5598 quia
3323 5528 3553 5583 habebat

1973 5653 2027 5699 et
2070 5636 2486 5696 consolatorium
2537 5634 2792 5698 verbum,
2840 5629 2976 5685 sicut
3018 5629 3194 5682 nullus
3236 5628 3393 5681 alius.
3453 5626 3552 5688 Qui

1978 5756 2140 5816 usque
2169 5740 2232 5797 ad
2266 5738 2421 5793 linem
2448 5734 2649 5790 fortiter
2671 5732 2949 5788 decertans
2971 5727 3025 5783 in
3051 5733 3327 5785 senectute
3345 5732 3551 5784 saneta.
