4016 6230
447 329 549 383 2η

1446 325 1532 379 DE
1573 322 1748 380 VITIS
1789 322 2070 379 PATRUM
2111 320 2317 378 LIBER
2358 320 2629 379 PRIMUS.

3622 319 3730 377 2'2

445 456 557 511 pro
593 439 865 495 doloribus
907 438 1069 495 tantis
1116 444 1309 493 (eterna
1358 436 1545 491 solatia
1596 446 1941 505 recepturus,
1965 436 2031 491 ad
2062 434 2113 495 A
2141 434 2275 489 mius
2302 434 2453 499 fudit,
2488 434 2609 505 quia
2634 444 2687 489 et
2714 432 2884 503 ipsum
2911 433 2963 489 in
2994 434 3344 500 monasterio,
3368 447 3736 508 cognomento

451 532 693 590 coelestia
723 547 885 604 regna
917 531 1182 587 transivit.

520 623 649 678 CAP.
690 622 820 678 LIll.
845 648 915 662 -—
945 621 1137 677 Certus
1182 621 1360 692 itaque
1404 620 1739 688 Pachomius,
1770 620 1912 691 quod
1958 630 2036 675 ta-

344 756 353 762 .
452 714 655 769 lentum
685 714 783 768 sibi
812 713 1075 768 creditum
1107 726 1374 781 nunquam
1414 726 1632 780 prorsus
1662 712 2033 775 absconderat,

451 805 546 860 sed
576 804 825 860 omnibus
849 818 1179 873 praerogans,
1202 812 1255 857 et
1285 806 1427 857 hunc
1447 812 1501 857 et
1529 801 1660 857 alios
1689 803 2036 873 quamplures

452 895 703 966 perfectae
733 894 1158 949 conversationis
1185 893 1252 947 ad
1283 893 1553 965 Christum
1599 900 1725 948 ante
1751 893 2034 962 praemise-

450 997 557 1056 rat,
587 988 726 1042 diem
757 986 945 1042 festum
979 986 1098 1040 Irata
1132 993 1309 1040 mente
1350 984 1660 1041 celebrabat
1687 999 1851 1055 super
1876 984 2036 1039 tantis

450 1093 514 1133 ac
543 1078 731 1132 talibus
763 1076 1023 1131 fructibus
1050 1090 1081 1128 a
1113 1075 1339 1130 Domino
1368 1075 1471 1129 sibi
1495 1074 1790 1141 concessis,
1822 1074 1889 1129 de
1914 1072 2036 1143 qui-

452 1170 552 1225 bus
581 1178 766 1224 noster
795 1168 884 1223 hic
912 1182 1091 1222 sermo
1121 1166 1213 1222 diu
1241 1166 1532 1235 productus
1561 1176 1662 1231 est,
1694 1168 1806 1223 Deo
1836 1168 2037 1237 gratias

451 1258 707 1314 referens.
726 1258 855 1312 Post
875 1255 1239 1312 beatissimum
1262 1271 1388 1312 vero
1405 1256 1685 1312 Paschalis
1716 1257 1840 1312 festi
1869 1257 2034 1323 diem,

452 1349 633 1404 multis
664 1348 912 1403 fratribus
939 1347 1005 1401 ad
1038 1347 1321 1404 Dominum
1365 1347 1656 1416 praemissis
1682 1388 1697 1411 ,
1731 1347 1800 1402 ad
1831 1356 2039 1417 postre-

454 1457 596 1495 mum
627 1442 741 1510 ipse
768 1454 981 1510 quoque
1001 1447 1216 1494 sanctus
1238 1438 1560 1493 Pachumius
1589 1438 1890 1494 inﬁrmatus
1920 1446 2033 1504 est;

453 1540 509 1587 et
537 1533 869 1587 ministrabat
898 1531 947 1586 ei
968 1530 1303 1596 Theodorus,
1323 1530 1475 1599 cujus
1502 1545 1645 1600 saepe
1667 1530 2033 1586 meminimus.

454 1623 521 1676 Et
549 1620 791 1689 quamvis
820 1628 965 1675 esset
1005 1628 1117 1675 toto
1157 1634 1383 1690 corpore
1427 1621 1587 1675 nimis
1631 1628 1940 1676 attenuatus
1978 1635 2040 1676 ac

453 1712 664 1777 debilis,
698 1712 884 1767 faciem
919 1721 1093 1768 tamen
1127 1711 1358 1767 habebat
1384 1712 1610 1767 hilarem
1640 1720 1798 1783 atque
1827 1713 2035 1783 fulgen-

2137 528 2609 582 Chinobosciorum
2637 536 2899 597 aegrotare
2927 536 3285 595 compererat.
3326 526 3448 595 Cui,
3476 529 3601 584 licet
3632 529 3731 582 ab-

2138 619 2298 682 senti,
2337 618 2497 689 138
2524 626 2771 671 cunctam
2823 616 3211 673 fraternitatem
3256 619 3652 672 commendavit
3682 620 3734 674 in

2140 710 2382 775 Domino,
2416 709 2634 763 mittens
2663 709 2729 762 ad
2756 723 2877 762 eum
2923 710 3167 778 protinus
3196 717 3255 763 ut
3281 708 3511 764 veniret.
3566 710 3631 764 Et
3660 710 3738 765 si-

2135 800 2363 870 gnaculo
2392 798 2593 854 Christi
2617 812 2677 853 se
2699 799 2967 868 muniens,
2999 809 3160 869 atque
3189 799 3436 869 angelum
3470 799 3605 854 lucis
3636 801 3734 869 qui

2137 893 2310 948 fuerat
2335 891 2399 946 ad
2425 906 2482 945 se
2514 892 2769 961 directus,
2790 901 3011 960 aspeCtu
3044 891 3256 947 intuens
3281 891 3460 961 hilari,
3489 901 3734 946 sanctam

2136 984 2367 1041 reddidit
2394 984 2652 1049 animam,
2684 992 2876 1053 quarto
2898 982 3106 1038 decimo
3134 984 3223 1038 die
3250 985 3454 1039 mensis
3485 965 3755 1052 Pacttou,‘

2139 1075 2445 1141 secundum
2476 1074 2779 1145 Egyptios,
2829 1075 2971 1143 quod
3012 1084 3097 1129 est
3134 1073 3291 1145 juxta
3336 1074 3632 1141 Romanos,
3665 1075 3734 1129 ad

2139 1169 2425 1240 septimum
2452 1167 2594 1224 diem
2620 1167 2809 1222 Iduum
2840 1167 3095 1223 Maiarum
3131 1167 3271 1239 (44).

2212 1260 2376 1329 Cujus
2400 1259 2708 1315 venerabile
2734 1260 3114 1329 corpusculum
3146 1256 3397 1329 discipuli
3428 1261 3571 1331 ejus,
3594 1260 3738 1315 sicut

2142 1354 2370 1411 decebat
2424 1368 2523 1424 pro
2575 1368 2727 1410 more
2774 1361 3044 1420 curantes,
3098 1362 3261 1408 totam
3314 1362 3528 1409 noctem
3573 1369 3738 1424 super

2140 1445 2272 1500 illud
2301 1445 2502 1500 duxere
2534 1442 2876 1515 pervigilem,
2905 1443 3137 1513 psalmos
3164 1443 3497 1515 hymnosque
3540 1459 3738 1499 canen-

2145 1546 2244 1601 tes,
2276 1537 2520 1607 sequenti
2548 1550 2677 1591 vero
2704 1535 2794 1591 die
2823 1535 3147 1605 sepelierunt
3177 1550 3300 1590 eum
3321 1536 3373 1589 in
3407 1543 3606 1601 monte,
3639 1534 3734 1590 ubi

2143 1627 2317 1684 fuerat
2344 1628 2707 1683 constitutum.
2736 1625 2817 1681 Illi
2843 1634 3019 1683 autem
3044 1626 3132 1694 qui
3156 1625 3303 1681 missi
3333 1636 3487 1682 erant
3515 1627 3580 1680 ad
3611 1641 3739 1681 san-

2144 1726 2287 1773 ctum
2317 1718 2646 1784 Petronium,
2679 1732 2798 1772 eum
2826 1716 3190 1783 deduxerunt,
3213 1718 3386 1772 adhuc
3427 1717 3741 1771 inﬁrmitate

453 1812 591 1869 teut,
622 1804 695 1860 ita
724 1813 781 1859 ut
809 1818 876 1859 ex
905 1804 1007 1860 hoc
1034 1818 1244 1874 quoque
1282 1804 1586 1859 videntibus
1616 1805 1715 1874 piae
1746 1805 1943 1859 mentis
1971 1818 2034 1858 ac
2069 1819 2115 1879 Β
2144 1809 2259 1878 ipsa
2292 1810 2640 1866 laborantem.
2672 1808 2773 1876 Qui
2802 1809 2984 1879 paucis
3011 1809 3199 1864 diebus
3240 1816 3403 1864 totam
3431 1804 3741 1865 fraternita-

454 1897 828 1954 sincerissitnte
878 1898 1220 1955 conscientia:
1274 1897 1387 1953 sua:
1440 1908 1763 1953 monstraret
1814 1898 2035 1954 indicia.

430 1992 591 2053 .‘Ante
612 1990 745 2046 duos
771 2005 900 2062 ergo
924 1989 1037 2045 dies
1067 1997 1264 2045 sancta:
1308 1988 1648 2044 dormitionis
1675 2004 1806 2056 suae,
1840 2004 2039 2044 convo-

453 2097 579 2139 cans
604 2082 884 2138 universos
912 2081 1120 2146 fratres,
1151 2079 1226 2134 ait
1252 2079 1319 2134 ad
1347 2093 1442 2134 eos
1468 2097 1480 2133 :
1509 2080 1621 2150 Ego
1646 2080 1883 2150 quidem,
1909 2080 2040 2135 cha-

451 2173 650 2229 rissimi
671 2214 686 2238 ,
708 2174 847 2228 viam
876 2180 1089 2242 patrum
1141 2184 1363 2225 securus
1402 2169 1691 2240 ingredior,
1724 2184 1847 2225 nam
1877 2169 2036 2225 video

452 2280 541 2321 me
567 2280 596 2321 a
622 2265 851 2321 Domino
878 2263 1131 2334 protinus.
1150 2263 1383 2319 evocari.
1418 2262 1526 2318 Vos
1553 2274 1683 2333 ergo
1712 2272 2039 2319 mementote

451 2356 737 2413 verborum
762 2369 880 2426 qua:
898 2371 926 2409 a
949 2370 1034 2409 me
1058 2354 1366 2424 frequenter
1391 2353 1638 2420 audistis,
1673 2362 1729 2409 et
1761 2353 2039 2424 vigilantes

450 2449 507 2502 in
536 2447 800 2518 precibus,
827 2446 993 2500 sobrii
1036 2451 1209 2499 estote
1234 2444 1286 2498 in
1319 2444 1573 2512 operibus
1616 2445 1830 2499 vestris.
1878 2443 2035 2499 Nulla

437 2539 525 2593 sit
570 2537 722 2593 vobis
771 2536 1076 2604 conjunctio
1125 2548 1245 2593 cum
1287 2534 1644 2590 sectatoribus
1690 2534 1910 2603 Meletii,
1951 2535 2037 2590 vel

454 2629 589 2694 Arii,
621 2629 704 2683 vel
733 2627 996 2697 Origenis,
1030 2640 1122 2681 seu
1154 2627 1364 2681 caeteris
1388 2624 1586 2682 Christi
1630 2628 1911 2698 praeceptis
1942 2628 2036 2683 ad-

440 2719 818 2775 versantibus.
848 2718 987 2771 Cum
1016 2718 1121 2771 illis
1148 2725 1328 2771 autem
1359 2718 1748 2773 conversamini
1767 2760 1779 2784 ,
1809 2719 1897 2788 qui
1933 2718 2037 2773 Do-

437 2827 661 2867 minum
684 2819 947 2875 metuunt,
972 2818 1027 2865 et
1054 2819 1275 2878 possunt
1299 2809 1554 2879 prodesse
1576 2810 1728 2865 vobis
1756 2824 2038 2865 conversa-

459 2906 603 2959 tione
631 2912 839 2970 sancta,
859 2911 912 2957 et
931 2902 1212 2956 animabus
1241 2903 1433 2957 vestris
1455 2902 1750 2972 spiritualia
1784 2912 2038 2971 prteSIare

457 2994 666 3049 solatia.
714 2992 826 3064 Ego
872 3007 1103 3062 namque
1144 2993 1254 3059 jam
1298 2992 1528 3057 delibor,
1562 3001 1618 3048 et
1662 3001 1873 3062 tempus
1903 3008 2037 3048 mea:

457 3084 798 3142 resolutionis
825 3085 982 3138 instat
1024 3082 1107 3153 (Η
1144 3082 1275 3136 Tim.
1307 3081 1404 3153 iv).
1443 3082 1638 3153 Eligite
1665 3083 1825 3152 igitur
1850 3097 1917 3138 ex
1944 3096 2039 3137 vo-

2146 1909 2254 1956 tem
2286 1903 2610 1971 gubernans,
2640 1908 2696 1955 et
2726 1899 2810 1955 hic
2862 1902 2915 1955 in
2963 1914 3094 1969 pace
3133 1898 3413 1956 defunctus
3441 1907 3544 1969 est,
3572 1899 3740 1955 relin-

2143 2007 2311 2063 quens
2341 2001 2461 2062 post
2491 2007 2550 2047 se
2579 1991 2750 2046 virum
2791 1991 2997 2061 justum
3020 1998 3075 2046 et
3105 1997 3380 2060 acceptum
3409 1989 3539 2058 Deo,
3570 1989 3740 2046 Orse-

2143 2080 2280 2137 siutn
2311 2083 2526 2138 nomine
2549 2080 2685 2152 (45).

2213 2175 2340 2229 CAP.
2367 2173 2498 2229 LIV.
2524 2203 2593 2212 —
2614 2173 2738 2227 Haec
2765 2172 2925 2243 igitur
2952 2186 3050 2227 nos
3076 2187 3144 2227 ex
3194 2172 3376 2228 multis
3404 2186 3589 2228 eorum
3618 2186 3740 2225 mc-

2146 2264 2260 2319 ritis
2280 2264 2663 2334 descripsimus
2689 2278 2878 2333 pauca,
2905 2272 2960 2318 et
2987 2279 3051 2317 ex
3083 2264 3288 2333 magnis
3314 2278 3476 2335 parva
3506 2262 3738 2332 digessi-

2142 2370 2296 2420 mus,
2329 2371 2437 2411 ttou
2489 2365 2551 2409 ut
2596 2355 2702 2410 illis
2754 2354 2927 2410 honor
2977 2354 3171 2423 aliquis
3220 2361 3607 2423 praestaretur;
3638 2367 3742 2408 nec

2144 2446 2287 2502 enim
2320 2446 2399 2501 fas
2424 2455 2505 2501 est
2533 2461 2626 2502 eos
2652 2446 2891 2523 indigere
2912 2444 3215 2515 praeconiis,
3242 2444 3434 2514 quibus
3460 2444 3741 2501 sufficiens

2141 2544 2225 2590 est
2275 2543 2473 2590 aeterna
2521 2535 2640 2590 laus
2669 2545 2722 2591 et
2750 2534 3061 2589 indeﬁciens
3107 2534 3312 2604 gloria,
3343 2548 3503 2604 quam
3551 2548 3739 2588 coram

2140 2628 2353 2686 Christo
2371 2636 2424 2684 et
2453 2627 2653 2683 sanctis
2679 2627 2886 2698 angelis
2908 2626 3026 2697 ejus
3057 2626 3235 2696 adepti
3262 2635 3417 2695 sunt,
3448 2634 3502 2680 et
3529 2624 3744 2695 plenius

2141 2741 2263 2782 cum
2298 2726 2410 2781 suis
2440 2724 2753 2794 corporibus
2783 2723 2835 2778 in
2867 2721 3263 2777 resurrectione
3283 2720 3519 2776 omnium
3548 2732 3744 2774 consea

2140 2829 2389 2891 quentur.
2412 2819 2708 2887 Fulgebunt
2731 2817 2873 2872 enim
2897 2815 3035 2870 sicut
3052 2815 3131 2871 sol
3158 2815 3211 2869 in
3230 2829 3394 2884 regno
3412 2810 3506 2869 Dei
3522 2810 3741 2884 (Matth.

2140 2912 2301 2979 xm),
2356 2910 2451 2979 qui
2503 2906 2864 2978 glorificantes
2918 2920 2978 2961 se
3030 2904 3328 2975 glorificare
3383 2912 3610 2959 teSIatus
3655 2913 3747 2957 est.

2147 3004 2197 3076 (ι
2231 3004 2358 3074 Reg.
2389 3001 2451 3072 ιι)
2477 3018 2490 3056 :
2514 3001 2607 3056 sed
2636 3008 2691 3055 et
2712 3013 2810 3054 nos
2834 2999 3171 3053 aemulatores
3198 3012 3383 3052 eorum
3414 3012 3512 3067 pro
3538 2996 3746 3051 nostris

2144 3093 2446 3150 efficiamur
2475 3090 2680 3147 viribus
2707 3132 2722 3154 ,
2759 3105 2879 3145 cum
2909 3089 3045 3143 vitas
3073 3104 3257 3143 eorum
3305 3087 3747 3157 praeclarissimas

458 3177 544 3232 bis
588 3177 843 3240 fratrem,
878 3189 965 3230 me
1016 3184 1315 3239 praesente,
1345 3174 1435 3243 qui
1483 3182 1604 3243 post
1652 3174 1817 3228 Deum
1860 3174 2042 3243 praesit

2153 3192 2521 3256 agnoscentes,
2553 3197 2643 3237 eas
2688 3181 2886 3235 imitari
2928 3178 3144 3235 Christo
3191 3178 3425 3233 donante
3464 3176 3748 3233 contendi~

458 3267 745 3332 omnibus,
800 3280 1091 3334 curamque
1144 3272 1444 3319 vestrarum
1499 3275 1651 3333 gerat
1719 3266 2040 3321 animarum.

458 3361 728 3427 Quantum
756 3371 882 3413 vero
913 3371 1028 3410 mea
1053 3354 1376 3410 discretione
1406 3355 1699 3424 perpendo,
1727 3354 2037 3410 Petronium

460 3467 561 3524 ego
590 3451 656 3507 ad
687 3451 789 3506 hoc
818 3465 951 3519 opus
982 3450 1231 3504 idoneum
1260 3448 1461 3517 judico,
1489 3458 1722 3504 vestrum
1755 3460 1932 3506 autem
1964 3460 2046 3505 est

461 3546 603 3617 quod
629 3543 845 3612 expedit
870 3542 1024 3597 vobis
1039 3542 1255 3612 eligere.
1281 3540 1616 3609 Receperunt
1638 3554 1765 3609 ergo
1790 3552 1841 3595 et
1862 3541 1912 3595 in
1945 3540 2047 3595 hoc

458 3636 878 3693 obedientissimi
911 3635 1003 3689 ﬁlii
1034 3633 1317 3690 consilium
1367 3634 1558 3703 patris.
1610 3634 1741 3689 Erat
1771 3634 1910 3690 enim
1942 3634 2046 3691 Pe-

458 3729 663 3785 tronius
692 3734 881 3797 potens
908 3726 961 3781 in
991 3725 1114 3793 ﬁde,
1145 3725 1359 3780 humilis
1405 3726 1457 3779 in
1497 3727 1928 3791 conversatione,
1962 3727 2046 3781 in-

458 3820 674 3877 tellectu
720 3818 1186 3888 prudentissimus,
1230 3816 1385 3872 bonis
1426 3819 1689 3885 moribus,
1718 3820 2043 3875 discretione

459 3911 748 3982 perfectus.
782 3910 886 3964 Pro
930 3922 1036 3977 quo
1080 3921 1292 3977 precem
1321 3907 1551 3964 Domino
1586 3921 1803 3966 sanctus
1846 3910 2052 3967 Pachu-

2156 3290 2296 3343 ntus,
2328 3276 2575 3345 precibus
2618 3288 2834 3342 semper
2876 3271 3042 3343 adjuti
3084 3272 3361 3327 beatorum
3396 3278 3622 3339 patrum,
3650 3282 3749 3338 pa-

2149 3367 2522 3430 triarcharum,
2550 3364 2931 3434 pr0phetarurn
2952 3405 2967 3427 ,
3000 3363 3388 3432 apostolorum,
3421 3374 3747 3433 martyrum,

2150 3458 2496 3527 omniumque
2525 3465 2831 3511 sanctorum
2852 3495 2867 3521 ,
2899 3470 2995 3524 per
3019 3468 3155 3525 quos
3183 3452 3524 3522 omnipotens
3549 3462 3603 3507 et
3632 3451 3746 3505 cle-

2151 3563 2303 3604 mens
2334 3549 2474 3603 Detts
2503 3556 2708 3612 noster,
2734 3546 2888 3600 beata
2919 3551 2975 3600 et
3003 3553 3269 3600 coact-.irna
3307 3555 3358 3599 et
3389 3542 3748 3599 consubstan~

2154 3642 2296 3697 tialis
2344 3649 2401 3696 et
2445 3638 2819 3708 inseparabilis
2865 3637 3120 3702 Trinitas,
3169 3636 3346 3703 Pater,
3380 3646 3432 3691 et
3474 3636 3660 3700 Filius,
3690 3649 3746 3695 er

2156 3730 2386 3801 Spiritus
2426 3738 2678 3795 sanctus,
2708 3728 3039 3799 gloriﬁcatur
3061 3726 3263 3797 jugiter
3302 3736 3353 3782 et
3388 3726 3744 3793 collaudatur,

2157 3823 2281 3892 quia
2309 3820 2412 3891 ipsi
2450 3820 2675 3876 debetur
2703 3820 2877 3876 omnis
2902 3818 3018 3876 laus
3049 3825 3105 3875 et
3136 3818 3304 3889 gloria
3336 3818 3389 3874 in
3421 3817 3613 3875 saecula
3641 3832 3744 3875 sae.

2160 3907 2423 3969 culorum.
2453 3913 2645 3966 Amen.

1716 4042 2095 4102 BOSWEYDI
2132 4044 2452 4103 NOTATIO.

530 4137 613 4211 (l7)
644 4131 922 4211 Domina]
950 4134 1258 4211 To_tus__lt_ic
1289 4137 1875 4211 prologusintcrpretis
1899 4138 2052 4211 deest

462 4205 683 4264 editioni
731 4205 1061 4261 Coloniensi.
1122 4205 1359 4260 llabetur
1403 4205 1465 4260 in
1508 4208 1632 4262 Mss.
1682 4205 1737 4262 et
1780 4209 2051 4265 veteribus

460 4276 807 4336 editiooibus.
840 4276 944 4330 Sed
977 4278 1028 4329 in
1050 4275 1372 4332 editiouibus
1394 4293 1497 4331 non
1523 4286 1670 4332 recte
1699 4286 1783 4335 est
1806 4278 2046 4346 Domine,

460 4361 715 4417 tanquam
737 4350 781 4401 si
804 4347 920 4400 viro
950 4346 1103 4417 alicui
1131 4347 1386 4417 primario
1413 4348 1528 4401 hare
1551 4346 1669 4401 Vita
1698 4346 2045 4403 inscribatur.

460 4415 586 4475 luto
605 4431 732 4473 vero
764 4417 851 4471 vel
891 4418 1005 4485 ipsa
1047 4415 1309 4471 dedicatio
1352 4427 1406 4471 et
1433 4418 1763 4471 constructio
1807 4417 2046 4473 Dominae

462 4487 780 4561 legendum_
803 4487 1029 4561 suadent
1054 4528 1096 4561 ,_
1122 4496 1207 4561 ut_
1232 4486 1442 4561 habent
1488 4488 1835 4557 manuscripti
1880 4489 2051 4544 sancti

459 4556 732 4618 Laurentii
761 4556 948 4611 Leodii
975 4566 1030 4612 et
1057 4556 1480 4612 Gemblacensis.

530 4630 639 4687 Sed
683 4641 805 4699 quae
836 4626 1216 4699 Ιιῳοηῡοηιὶηᾳ
1236 4630 1261 4680 ?
1292 4628 1518 4699 Difﬁcile
1541 4636 1627 4684 est
1653 4628 1911 4685 divinare.
1950 4629 2047 4687 Su-

460 4696 842 4771 spicorita’men
873 4696 1078 4771 Gallam
1110 4697 1354 4762 indicari,
1382 4699 1692 4771 Symmachi
1732 4700 1969 4755 consulis
1997 4709 2053 4756 et

464 4767 680 4844 patricii
736 4767 922 4832 ﬁliam,
949 4770 1111 4844 claris
1157 4777 1326 4844 ortam
1359 4767 1660 4844 natalibus,
1692 4779 1752 4844 et
1791 4772 2051 4839 religione

415 4882 420 4889 .
458 4837 848 4919 praestantem,
882 4852 1000 4907 quae
1054 4837 1293 4919 Dionysii
1331 4839 1542 4919 .ltujusj
1566 4840 1755 4919 Exigui
1808 4837 2051 4919 tempore

461 4908 598 4965 vixit
625 4909 810 4963 Romae
838 4911 889 4962 in
921 4908 1248 4963 monasterio
1278 4908 1343 4963 ad
1373 4910 1543 4964 sancti
1576 4908 1717 4964 Petri
1742 4908 2047 4965 ecclesiam.

418 4990 421 4997 ‘
462 4982 639 5036 Ducor
682 4980 889 5033 duobus
929 4979 1266 5049 sequentium
1313 4995 1654 5035 numerorum
1698 4982 2046 5049 argumentis,

463 5051 656 5121 quibus
699 5049 1007 5121 Symmachi
1055 5050 1343 5121 delatores,
1385 5058 1439 5103 et
1468 5049 1707 5120 ejusdem
1758 5051 2050 5121 gloriosum

464 5118 575 5191 pro
585 5118 800 5191 Christo
829 5121 1147 5191 martyrium
1178 5118 1546 5189 designantur.
1694 5158 1695 5161 η
1764 5118 1783 5121 ⁷
1850 5130 1858 5138 '

537 5188 703 5244 Gallae
756 5188 916 5263 hujus
960 5188 1223 5263 celebris
1256 5188 1512 5245 memoria
1560 5191 1616 5246 in
1654 5190 2052 5263 Abfartyrologio

464 5258 729 5323 Romano,
760 5259 793 5313 5
821 5258 1105 5312 Octobris:
1138 5278 1157 5310 t
1194 5260 1376 5314 Romae
1407 5269 1610 5315 sanctre
1640 5258 1826 5317 Gallae
1853 5258 2048 5325 viduae,

463 5330 589 5408 ﬁliae
617 5327 926 5408 Symmachi
951 5330 1209 5408 consulis,
1218 5345 1340 5408 quae
1361 5331 1476 5408 viro
1497 5346 1595 5386 suo
1617 5332 1888 5408 defuncto,
1912 5332 2054 5402 apud

465 5398 748 5457 ecclesiam
778 5398 921 5452 beati
952 5398 1097 5453 Petri
1122 5401 1304 5454 multis
1333 5402 1509 5467 annis,
1535 5403 1789 5465 orationi,
1820 5398 2053 5458 eleemo-

466 5471 638 5542 synis,
665 5468 928 5542 jejuniis,_
945 5469 1168 5542 aliisque
1194 5471 1395 5525 sanctis
1421 5473 1673 5541 operibus
1697 5472 1903 5527 intenta
1930 5488 2054 5541 per-

466 5536 702 5615 mansit:
721 5536 877 5615 cujus
907 5536 1268 5615 felicissimum
1301 5536 1825 5615 transitumsanctus
1849 5536 2052 5615 Grego-

464 5611 579 5669 rius
602 5625 736 5680 papa
754 5609 1054 5678 descripsit.
1073 5627 1095 5666 ι
1122 5611 1434 5679 Quanquam
1458 5613 1525 5666 de
1546 5613 1634 5668 die
1654 5615 1833 5670 obitus
1853 5609 2054 5669 sancite

467 5683 635 5754 Galla:
682 5682 943 5754 disceptat
980 5681 1261 5754 Arnoldus
1292 5682 1446 5736 Wiou
1480 5683 1633 5754 Ligni
1663 5686 1787 5739 vitae
1817 5694 1965 5754 parte
1991 5699 2051 5749 tt,

468 5753 607 5811 libro
648 5766 727 5824 ut,
761 5750 826 5805 ad
866 5750 1005 5807 diem
1038 5753 1068 5807 6
1098 5753 1297 5824 Aprilis
1321 5795 1335 5820 ,
1365 5767 1471 5823 quo
1498 5750 1614 5823 ejus
1643 5750 1847 5812 obitum
1877 5755 2053 5813 conti-

2155 4141 2296 4208 gisse
2320 4155 2387 4195 ex
2408 4146 2599 4209 sancto
2621 4137 2880 4208 Gregorio
2906 4137 3114 4209 probat.
3142 4137 3211 4192 Et
3235 4138 3268 4193 5
3292 4136 3539 4193 Octobris
3568 4138 3752 4209 potius

2157 4207 2296 4265 diem
2340 4207 2749 4292 Translationis’
2779 4208 2862 4263 vel
2906 4207 3440 4264 Commemorationis
3471 4207 3586 4279 ejus
3625 4224 3748 4266 esse

2159 4281 2447 4351 pertendit.

2230 4351 2305 4406 De
2332 4366 2395 4406 ea
2425 4358 2643 4405 sanctus
2687 4348 2977 4418 Gregorius
3003 4389 3019 4413 ,
3050 4349 3188 4403 libro
3209 4363 3270 4418 iv
3299 4348 3456 4412 Dial.,
3488 4362 3606 4416 cap.
3637 4349 3704 4403 15
3730 4368 3746 4406 :

2162 4440 2181 4473 ι
2216 4419 2510 4476 Gothorum
2551 4417 3159 4489 namque’tcmporibus
3191 4417 3376 4484 Galla,
3411 4418 3567 4486 hujus
3599 4420 3757 4474 urbis

2154 4492 2487 4546 nobilissima
2518 4492 2714 4558 puella,
2750 4489 3056 4560 Symmachi
3079 4489 3314 4543 consulis
3340 4500 3497 4557 atque
3523 4491 3751 4560 patricii

2077 4581 2131 4641 ι)
2158 4562 2285 4641 ﬁlia,
2328 4563 2470 4641 intra
2516 4559 3392 4641 adolescentiaetemporamarito
3422 4559 3652 4641 tradita“,
3693 4562 3755 4641 in

2158 4632 2314 4686 unius
2343 4632 2469 4685 anni
2498 4631 2671 4699 spatio
2697 4629 2815 4698 ejus
2841 4639 2924 4685 est
2955 4641 3128 4685 morte
3154 4629 3365 4684 viduata
3385 4669 3400 4693 ,
3428 4637 3482 4683 et
3504 4631 3569 4683 ad
3594 4628 3753 4687 Petri

2157 4701 2387 4771 apostoli
2417 4700 2722 4771 ecclesiam,
2749 4702 3077 4756 monasterio
3117 4715 3178 4755 se
3209 4699 3497 4771 tradidit,»
3526 4710 3632 4755 etc.
3668 4702 3755 4757 Ex

2156 4770 2258 4827 hoc
2294 4772 2477 4827 caeteri
2523 4770 2852 4826 recentiores
2893 4784 2988 4825 sua
3039 4771 3423 4840 desumpsere,
3460 4770 3649 4825 Petrus
3699 4774 3755 4826 in

2156 4842 2398 4912 catalogo
2450 4851 2755 4896 sanctorum
2781 4881 2796 4906 ,
2829 4841 2919 4912 lib.
2952 4856 3002 4894 ix
3022 4881 3038 4903 ,
3069 4855 3119 4895 c.
3147 4840 3252 4905 25;
3282 4840 3613 4912 Trithemius
3636 4882 3651 4907 ,
3683 4843 3755 4897 de

2156 4912 2298 4967 Viris
2328 4910 2494 4967 illust.
2525 4912 2646 4966 0rd.
2672 4911 2841 4966 sancti
2875 4912 3168 4973 Benedicti,
3201 4912 3293 4967 lib.
3322 4926 3405 4975 tu,
3437 4926 3487 4967 c.
3514 4910 3617 4965 15.-

2227 4983 2457 5052 Scripsit
2483 4995 2695 5051 quoque
2722 4982 3031 5050 Fulgentius
3057 4986 3323 5053 egregiam
3355 4984 3421 5036 ad
3450 4982 3658 5037 Gallam
3681 4981 3756 5037 de

2157 5052 2525 5108 consolatione
2554 5067 2716 5122 super
2752 5062 2927 5122 morte
2959 5053 3138 5107 mariti
3160 5092 3177 5117 ,
3196 5052 3263 5109 ’et
3291 5061 3433 5107 statu
3461 5052 3749 5106 viduarum

2157 5123 2435 5191 epistolam
2460 5162 2476 5187 ,
2520 5123 2591 5193 in
2625 5121 2733 5191 qua
2784 5121 2925 5177 inter
2964 5135 3195 5178 caetera:
3232 5142 3250 5174 t
3306 5123 3463 5177 Disce
3508 5123 3667 5193 igitur
3696 5134 3754 5175 tu

2158 5208 2373 5262 quoque
2402 5192 2534 5247 nihil
2562 5191 2629 5246 de
2658 5192 2935 5248 nobilitate
2960 5195 3172 5263 generis
3203 5195 3500 5263 assignare.
3535 5191 3600 5246 Et
3620 5192 3755 5247 licet

2159 5278 2281 5327 avo,
2315 5272 2490 5333 patre,
2522 5276 2734 5333 socero,
2763 5265 2954 5320 marito
3001 5264 3307 5319 consulibus
3337 5263 3541 5332 pridem
3586 5263 3756 5318 fueris

2159 5333 2299 5389 inter
2322 5332 2609 5389 Saeculares
2634 5332 2879 5401 illustris,
2909 5348 3049 5392 nunc
3075 5335 3129 5390 in
3170 5351 3234 5389 eo
3260 5344 3313 5389 te
3342 5335 3603 5389 illustrem
3637 5335 3755 5388 fieri

2160 5418 2445 5475 cognosce,
2477 5404 2529 5458 in
2578 5418 2685 5475 quo
2727 5404 2824 5458 tibi
2854 5405 3021 5459 virtus
3061 5405 3376 5460 humilitatis
3414 5404 3691 5475 accrescit.
3729 5424 3751 5454 ι

2163 5474 2263 5529 Ubi
2292 5476 2452 5530 etiam
2476 5488 2535 5529 se
2564 5475 2629 5529 ad
2661 5474 2890 5545 Probum
2921 5488 3161 5529 sororem
3183 5475 3298 5544 ejus
3325 5475 3469 5545 (quia
3498 5474 3759 5545 videlicet

2161 5545 2217 5598 itt
2247 5546 2439 5599 eodem
2485 5544 2812 5599 monasterio
2840 5546 2913 5599 uti
2946 5560 3161 5601 sorores
3201 5544 3479 5611 vivebant)
3509 5544 3754 5612 scriptu-

2160 5630 2280 5686 rum
2323 5614 2521 5686 asserit
2546 5631 2603 5686 τι
2642 5614 3016 5686 Disposuitnus
3061 5617 3220 5671 etiam
3252 5617 3318 5686 (si
3350 5616 3609 5670 Dominus
3656 5630 3758 5665 vo-

2162 5684 2345 5749 luerit,
2373 5693 2429 5741 et
2470 5684 2514 5737 si
2550 5684 2870 5753 vixerimus)
2912 5686 2976 5740 ad
3025 5684 3268 5741 sororem
3309 5694 3477 5750 tuam,
3511 5693 3756 5741 sant-tam

2165 5755 2363 5812 Christi
2414 5754 2675 5824 virginem
2722 5754 2973 5826 Probum,
3003 5770 3164 5826 quam
3193 5757 3453 5814 Dominus
3486 5756 3588 5811 hoc
3619 5763 3758 5809 tetu-
