4016 6222
491 362 596 389 ρει-

494 382 599 418 Ξιο

1523 365 1608 422 DE
1650 367 1827 423 V'lTlS
1866 366 2145 426 PATRUM
2186 365 2392 423 LIBER
2432 365 2711 426 PRIMUS.

3638 361 3741 415 2'76

502 510 519 539 ε
554 488 650 544 llic
670 486 778 553 ille,
812 486 1003 555 inquit,
1035 486 1190 554 plane
1216 499 1386 539 annus
1415 499 1535 539 es~c
1558 484 1785 555 videtur,
1815 484 1925 552 qui,
1945 483 2068 535 dum
2101 487 2147 546 Α
2175 485 2508 552 cogitaverit,
2533 498 2758 554 eamque
2778 479 3169 538 existimaverit
3198 480 3465 537 civitatem
3493 479 3562 535 ad
3596 494 3748 549 quam

495 560 560 611 ad
590 572 819 625 sequens
843 554 1084 624 praelium
1119 555 1350 609 Licinius
1375 556 1571 625 ubique
1600 554 1863 607 delectum
1889 554 2069 625 haberi

494 624 723 699 iuberet,
752 637 813 699 et
854 627 1053 699 tirones
1096 626 1348 699 describi.
1396 625 1728 699 in__A!1gypl_o
1753 625 1910 699 inter
1938 624 2073 699 alios

498 692 722 767 magnus
748 698 834 751 ille
885 696 1228 756 Pachomius.
1258 704 1382 750 tunc
1416 692 1592 749 adhuc
1618 694 1887 758 ethnicus,
1922 692 2069 747 mili-

496 770 582 822 tia:
612 768 875 831 ascriptus
901 775 1001 820 est.
1038 786 1057 820 ι
1786 770 1792 777 ”

570 838 757 892 Posset
803 852 870 889 ex
927 836 1137 891 Baronii
1187 844 1384 899 mente,
1433 834 1519 903 qui
1571 832 1913 903 Pachominm
1957 845 2074 903 me:

495 909 674 962 ruisse
707 906 865 977 140
890 907 1004 960 vult
1032 921 1136 959 tera
1184 905 1285 960 sub
1313 901 1538 977 Licinio,
1569 903 1677 977 huc
1702 902 1907 977 referri
1936 901 2074 977 quod

499 978 659 1031 habet
687 971 929 1031 Ζῖιδῖιὶιιιε
960 977 1094 1031 libro
1119 992 1155 1029 ll
1185 976 1431 1029 Historia:
1462 990 1594 1038 suae,
1627 972 1714 1026 ubi
1743 973 1849 1040 agit
1876 971 1947 1040 de,
1967 971 2079 1023 bel-

500 1047 601 1101 lico
613 1047 799 1101 Licinii
821 1056 1075 1114 apparatu
1094 1064 1106 1098 :
1123 1046 1412 1116 Διέπιμπεν
1433 1044 1677 1116 air/ﬂow;
1698 1039 1830 1098 κατὰ
1849 1044 1913 1097 τὰ
1928 1039 2075 1100 ἕθνηε

505 1136 523 1168 t
556 1116 764 1171 Dimisit
788 1116 853 1169 ad
881 1116 1121 1170 nationes
1152 1114 1429 1169 hinc'inde
1460 1114 1693 1167 nuntios.
1731 1131 1750 1166 ι

572 1187 675 1241 Sed
729 1200 836 1240 non
894 1194 1043 1239 recte
1098 1185 1383 1240 Baronium
1435 1182 1729 1251 colligere,
1790 1183 1907 1251 ipse
1968 1190 2083 1234 tex-

501 1269 585 1311 tus
614 1256 846 1316 evincit,
914 1256 1006 1323 qui
1068 1256 1211 1309 clare
1267 1256 1500 1311 insinuat
1543 1253 1881 1323 Constantini
1938 1266 2080 1321 prae-

498 1336 651 1393 Cepta
698 1325 895 1394 regalia
936 1322 1265 1394 cucurrisse,
1316 1340 1544 1392 eumque
1584 1326 1807 1394 iussisse
1851 1322 2080 1394 tironum

499 1391 900 1463 delectum'agi.
953 1393 1026 1447 lta
1056 1395 1199 1448 enim
1229 1396 1389 1451 habet
1418 1412 1435 1451 :
1464 1391 1491 1446 re
1528 1391 1709 1463 Itaque
1734 1391 2084 1449 Constantino

503 1477 621 1531 post
650 1464 1081 1533 persecutionem
1112 1465 1165 1517 in
1195 1465 1418 1532 imperio
1447 1468 1794 1533 perdurante,
1827 1472 1880 1517 et
1899 1474 2085 1514 contra

500 1547 788 1617 tyrannum
813 1540 1031 1617 gerente
1062 1533 1321 1614 praelium,
1360 1546 1632 1617 pracepta
1666 1535 2088 1617 regaliacttcut-

500 1601 705 1669 rerunt,
737 1613 796 1656 ut
818 1604 1093 1659 lectissimi
1124 1604 1320 1671 quique
1355 1601 1609 1674 iuvenum
1642 1605 1707 1657 ad
1732 1602 1965 1674 tirocinii
1990 1601 2088 1674 mi-

502 1676 672 1729 litiam
715 1674 910 1740 ubique
950 1681 1282 1727 tenerentur.
1322 1671 1501 1728 {Nec
1548 1676 1689 1729 enim
1741 1675 1826 1728 hic
1855 1671 2090 1727 Licinius

504 1746 712 1815 tyranni
738 1744 893 1815 titulo
922 1744 1247 1811 alliceretur,
1274 1752 1329 1798 et
1358 1745 1551 1799 ibidem
1601 1752 1921 1798 vocarentur
1945 1745 2089 1814 ejus-

502 1814 624 1871 dem
654 1814 850 1882 regalia
870 1822 1143 1882 prlecepm.

578 1885 675 1938 Vix
709 1881 913 1947 dubito,
969 1881 1192 1937 Ba’ronio
1220 1883 1555 1940 occasionem
1599 1886 1764 1940 fuisse
1813 1881 2082 1939 referendi

504 1956 645 2009 hunc
676 1955 909 2008 tironum
958 1954 1220 2007 delectum
1268 1956 1333 2006 ad
1367 1955 1657 2021 Licinium,
1709 1956 1849 2021 quod
1882 1953 2084 2008 Licinio

502 2024 763 2094 Egyptus
815 2022 1058 2094 parebat,
1102 2031 1160 2076 ut
1205 2025 1438 2078 insinuat
1486 2027 1818 2081 Sozomenus
1862 2024 1999 2094 libr_o
2043 2038 2080 2087 ι,

503 2092 621 2163 αιρζ
648 2092 744 2157 Η,
777 2102 832 2147 et
877 2092 1119 2146 Zosimus
1169 2093 1304 2148 libro
1344 2111 1401 2148 ιι.
1447 2095 1728 2162 Quomodo
1775 2097 1917 2147 enim
1947 2092 2086 2145 Con-

503 2165 768 2218 stantinus
812 2163 1077 2215 delectum
1118 2163 1375 2229 jussisset
1406 2170 1485 2231 agi
1517 2167 1569 2219 in
1601 2165 1868 2230 provincia
1900 2163 2087 2216 adver-

509 2234 776 2288 sariisui?
820 2231 982 2285 Recte
1026 2233 1241 2299 quidem
1294 2234 1365 2287 ita
1415 2235 1675 2289 Baronius
1724 2233 2084 2296 subduxisset,

505 2305 663 2358 modo
710 2304 795 2358 hic
836 2313 1088 2370 ageretur
1114 2305 1181 2357 de
1228 2303 1368 2357 bello
1411 2304 1687 2359 Liciniano
1730 2312 1913 2358 contra
1942 2302 2084 2355 Con-

504 2375 818 2427 stautinum.
868 2372 975 2442 sed
1024 2387 1146 2425 cum
1174 2373 1285 2438 jam
1333 2374 1739 2439 probaverimus
1770 2373 1852 2442 agi
1899 2372 1992 2442 hic
2021 2372 2087 2424 de

506 2443 649 2497 bello
670 2450 855 2497 contra
892 2441 1240 2507 Maxentium,
1268 2450 1324 2496 et
1348 2445 1506 2497 verba
1532 2443 1598 2497 de
1625 2441 1853 2497 tironum
1877 2441 2086 2495 delectu

507 2513 665 2566 modo
694 2513 817 2566 data
846 2526 875 2564 a
920 2510 1270 2565 Constantino
1298 2527 1419 2566 eum
1449 2513 1702 2567 indictum
1750 2516 1893 2565 clare
1924 2510 2091 2580 signi-

507 2585 699 2648 ticent;
745 2582 844 2636 etsi
896 2580 1159 2648 Egyptus
1210 2583 1417 2637 Licinio
1465 2586 1717 2637 cessisset
1762 2590 1818 2636 et
1854 2590 2086 2649 pareret,

507 2652 631 2717 quia
682 2664 857 2705 tamen
904 2652 1046 2705 bello
1076 2661 1261 2705 contra
1305 2652 1632 2706 Maxentium
1684 2652 1919 2706 Licinius
1966 2664 2086 2704 cum

508 2720 1254 2791 ConstantinoiconSpirabat,
1304 2724 1475 2789 potuit
1527 2722 1765 2777 delectus
1813 2723 2090 2791 utriusque

510 2792 729 2845 nomine
757 2793 809 2844 in
842 2790 1075 2860 Egypto
1107 2790 1368 2859 profuisse
1395 2792 1649 2848 indictus.

578 2888 681 2959 (8)7
712 2886 794 2940 Ad
843 2888 1065 2942 tirocinii
1109 2888 1344 2941 militiam
1388 2884 1953 2959 ubiqueftenerenturJr
1982 2884 2079 2959 _lta

510 2956 829 3026 quandoque
857 2972 990 3026 opus
1017 2960 1134 3023 luit,
1167 2968 1223 3012 ut
1252 2960 1449 3013 milites
1470 2956 1526 3013 et
1569 2958 1768 3012 tirones
1796 2960 1846 3011 in
1877 2956 2082 3011 sn‘bita-

509 3030 587 3079 rio
613 3028 846 3092 delectu,
886 3044 952 3083 ne
972 3034 1295 3096 refugerent,
1328 3030 1497 3083 teneri
1525 3039 1578 3083 et
1598 3028 1854 3097 prehendi
1877 3027 2079 3097 debue-

508 3097 638 3162 rint,
689 3099 892 3164 Livius,
937 3098 1071 3153 libro
1111 3114 1171 3153 ιιι
1204 3119 1217 3152 :
1276 3117 1294 3149 ι
1324 3096 1704 3165 Quemcunque
1735 3099 1889 3152 lictor
1923 3096 2074 3166 jussu

508 3169 741 3238 consulis
768 3168 1159 3237 prebendisset,
1192 3168 1433 3223 tribunus
1464 3170 1600 3222 mitti
1620 3167 1860 3238 jubebat.
1893 3185 1912 3217 ι
1950 3166 2080 3221 Vide

512 3237 770 3306 Lipsium,
798 3239 864 3293 de
891 3239 1075 3292 Militia
1104 3238 1363 3304 Romana,
1395 3239 1530 3293 libro
1554 3255 1592 3303 ι,
1620 3237 1816 3309 dialog.
1844 3239 1901 3292 4.

581 3327 665 3400 (9)
697 3326 777 3381 Ad
817 3326 1427 3400 civitatem_quamdam.]
1466 3327 1852 3397 Metapbrastes
1891 3326 2084 3394 habet,

510 3398 753 3468 oppidum
775 3400 1033 3468 quoddam
1061 3398 1365 3452 Thebarum.

584 3490 866 3558 Baronius,
889 3504 1030 3544 anno
1055 3491 1253 3545 Christi
1275 3489 1400 3555 516,
1430 3491 1669 3547 Silvestri
1698 3506 1845 3560 papae
1874 3491 1928 3555 '5,
1953 3489 2094 3546 Con-

512 3562 732 3616 stantini
761 3561 887 3629 imp.
923 3563 1012 3616 tl.
1052 3579 1071 3612 ι
1102 3561 1250 3614 Haud
1279 3561 1530 3627 otiosum,
1560 3562 1752 3631 inquit,
1783 3563 1885 3616 erit
1914 3563 2091 3616 locum

514 3633 859 3700 perscrutari,
918 3633 969 3685 in
1016 3647 1123 3700 quo
1174 3631 1512 3697 Pacliomius,
1543 3630 1964 3685 Christianorum
2019 3631 2092 3685 ibi

512 3700 780 3772 agentium
828 3702 1123 3772 admiratus
1150 3702 1402 3756 collatam
1433 3704 1485 3755 in
1527 3702 1754 3772 gentiles
1782 3702 1943 3772 etiam
1996 3702 2092 3754 ho-

514 3770 686 3825 mines
714 3770 1030 3824 charitatem
1059 3773 1258 3838 pariter
1287 3786 1349 3825 ac
1376 3774 1648 3839 pietatem,
1672 3770 1988 3824 Christiana;
2010 3785 2093 3825 re-

512 3841 725 3911 ligionis
752 3842 997 3911 concepit
1039 3840 1310 3908 allectum,
1344 3842 1434 3909 qui
1465 3843 1611 3894 velut
1648 3856 1832 3895 semen
1869 3842 2094 3910 diligen-

510 3910 594 3963 ter
622 3911 918 3975 excultum,
939 3910 992 3961 in
1018 3911 1285 3975 ingentem
1314 3912 1561 3965 arborem
1585 3912 1842 3965 excrevit.

589 3996 608 4029 ι
639 3978 942 4032 Thebarum
971 3979 1243 4033 civitatem
1269 3994 1426 4032 unam
1453 3982 1595 4033 illam
1624 3981 1790 4035 fuisse
1810 3995 1930 4035 cum
1959 3981 2094 4036 scri-

510 4048 604 4103 bat
635 4056 824 4102 auctor
865 4046 1301 4117 (Metaphrastes)
1343 4049 1397 4103 in
1432 4060 1663 4102 mentem
1697 4065 1913 4114 revoco,
1946 4066 2092 4104 eam-

512 4132 620 4186 que
642 4117 930 4190 _civitatem
960 4121 1230 4183 existimo,
1279 4135 1396 4186 quae
1425 4120 1777 4190 Oxyrynchus
1805 4120 1967 4184 dicta,
2006 4121 2089 4174 di-

511 4187 685 4257 versis
714 4198 1019 4257 sanctorum
1053 4190 1285 4240 virorum
1334 4203 1396 4242 ac
1427 4187 1737 4253 mulierum,
1795 4204 1891 4257 pro
1920 4202 2091 4243 status

511 4256 1134 4327 cujt‘iAsqueAdive_rsitate,
1164 4258 1424 4312 classibus
1452 4259 1753 4312 abundabat
1782 4258 2088 4327 (Euagrius,

512 4322 735 4379 in’Vit’is
759 4324 865 4380 SS.
896 4324 1135 4389 Patrum,
1160 4342 1273 4393 cap.
1307 4329 1395 4396 5),;
1427 4342 1651 4396 qumque
1679 4322 1799 4382 erat
1818 4322 2091 4383 sanctissié

510 4410 723 4448 murum
749 4397 983 4449 virorum
1026 4397 1257 4467 asylum,
1304 4408 1358 4451 et
1400 4398 1648 4451 collectio
1678 4398 1872 4451 civium
1906 4398 2090 4452 beato-

510 4480 664 4531 rum;
693 4480 916 4533 quorum
949 4468 1360 4534 praeclarissime
1404 4467 1645 4529 virtutes,
1688 4482 1806 4521 cum
1834 4468 1883 4520 in
1916 4471 2087 4521 omni—

508 4534 610 4587 bus
626 4535 922 4590 actionibus
938 4537 1231 4599 elucerent,
1262 4540 1314 4590 in
1337 4538 1689 4604 suspiciendis
1708 4545 1883 4591 tamen
1906 4537 2087 4606 hOSpi-

510 4606 677 4668 tibus,
700 4606 831 4676 solis
854 4611 1018 4660 instar
1038 4606 1308 4661 radiorum
1323 4608 1458 4660 adeo
1480 4607 1822 4676 effulgebant,
1850 4610 2081 4661 utetiam

507 4678 739 4742 gentiles
769 4675 1013 4730 homines
1058 4678 1109 4729 in
1142 4680 1425 4731 maximam
1458 4677 1539 4730 sui
1561 4675 1964 4731 admirationem
1993 4678 2087 4730 ad-

508 4746 790 4805 ducerent,
830 4755 884 4798 et
910 4746 973 4797 ad
1005 4748 1387 4813 capessendum
1418 4747 1771 4800 Christianam
1805 4748 1962 4801 tidem
1995 4762 2086 4801 eo-

508 4829 627 4866 rum
656 4816 861 4868 animos
890 4824 1262 4884 provocarent.
1300 4836 1318 4867 ι

584 4884 655 4955 ita
687 4885 901 4954 quidem
926 4886 1206 4955 Bagonius,
1238 4890 1323 4955 qui
1348 4886 1639 4939 Thebarum
1669 4887 1919 4939 civitatem
1943 4886 2082 4941 idem

509 4954 777 5007 existimat
806 4966 966 5023 atqtte
989 4954 1263 5009 Thebaidis
1293 4957 1580 5018 civitatem;
1608 4956 1749 5022 qttod
1796 4959 1979 5009 nescio
2018 4972 2084 5010 an

506 5024 726 5095 omnino
756 5024 840 5078 hic
869 5024 1256 5080 admittendum
1302 5028 1390 5079 sit.
1423 5025 1686 5093 Quidquid
1724 5026 1815 5089 sit,
1842 5025 2086 5095 Oxyryn-

508 5092 667 5145 chum
699 5108 802 5147 non
829 5109 949 5148 esse
966 5112 1081 5149 eam
1104 5097 1374 5149 civitatem
1399 5099 1465 5148 ad
1488 5092 1644 5163 quam
1670 5092 1885 5149 venerit
1899 5092 2087 5163 quam-

507 5176 613 5233 que
642 5164 909 5233 transierit
937 5164 1273 5226 Pachomius,
1305 5168 1387 5218 vel
1422 5167 1542 5217 inde
1575 5166 1781 5233 probari
1806 5175 2014 5232 potest:

583 5229 782 5297 Primo,
810 5233 954 5301 quod
980 5235 1186 5303 dicatur
1207 5235 1342 5299 navi,
1374 5229 1586 5303 vesperd
1613 5229 1842 5303 urgente,
1869 5237 1938 5286 ad
1965 5235 2088 5288 civi-

511 5304 935 5372 tatemdelatus;
963 5305 1106 5370 atqui
1134 5302 1487 5372 Oxyrynchus
1519 5307 1700 5371 procul
1731 5320 1758 5357 a
1804 5308 1936 5358 mari
1978 5315 2031 5359 et
2054 5320 2083 5356 a

511 5320 665 5353 tatem
694 5320 895 5354 aetatus
917 5320 935 5354 :
963 5320 1106 5370 atqui
1134 5320 1207 5357 υιι
1253 5320 1487 5359 rvncnus
1519 5320 1700 5371 procu:
1731 5320 1758 5357 a
1804 5320 1936 5358 mari
1978 5320 2031 5359 et
2054 5320 2083 5356 a

509 5368 630 5444 Nilo
659 5370 854 5444 distat;
885 5369 1184 5444 diciturque
1212 5320 1501 5426 lxtolommo
1538 5373 1915 5444 Oxyryncbitis
1941 5375 2086 5429 nomi

509 5442 665 5512 514'qu
692 5441 997 5510 μητρόπολις
1027 5443 1393 5512 mediterranea
1423 5441 1734 5512 metrOpblis.

584 5509 849 5583 Secundo,
904 5511 1061 5583 quod,
1092 5512 1415 5583 dienturﬂad
1457 5509 1723 5583 peregrina
1776 5523 2085 5568 transvectus

510 5578 921 5654 pervenissead
966 5581 1232 5654 civitatem
1278 5578 1621 5635 Tlieha'runi':
1655 5586 1796 5652 atqui
1839 5584 2081 5654 Oxyryn-

510 5648 644 5721 ch‘us
684 5648 745 5721 _in
777 5648 1049 5705 Thebaide
1089 5658 1193 5715 est,
1221 5666 1289 5705 ex
1322 5668 1422 5719 qua
1456 5648 1738 5721 provincia
1770 5648 2084 5709 Paclioniius

509 5717 782 5791 oriundus,
808 5730 868 5791 et
892 5721 1090 5783 militiae
1119 5717 1380 5791 ascriptus
1400 5717 1500 5777 est.

588 5788 812 5844 Baronio
840 5790 955 5846 dum
987 5804 1160 5845 causa:
1206 5788 1376 5861 luere,
1412 5793 1480 5846 ob
1510 5808 1640 5861 quas
1673 5794 1739 5849 de
1764 5794 2082 5864 Oxyryncho

2116 4579 2164 4637 D

2178 556 2493 610 Pachomius
2522 554 2805 625 appulerit.

2248 626 2445 689 Primo,
2492 620 2632 691 quod
2685 623 3071 690 Metaphrastes
3102 622 3245 676 dicat
3293 620 3455 676 fuisse
3498 621 3752 689 oppidum

2176 698 2432 761 quoddam
2464 696 2764 749 Thebarum.
2799 694 2903 750 Sed
2936 694 3059 748 inde
3088 709 3194 747 non
3224 707 3381 761 posse
3409 692 3589 761 colligi
3614 695 3751 761 Oxy-

2178 767 2460 836 rynchum.
2487 765 2597 833 iam
2627 766 2758 836 dixi.

2249 830 2517 899 Sccnndd,
2550 836 2687 903 quod
2724 834 2998 900 Evagrius,
3032 834 3139 886 imo
3167 832 3409 886 Ruffinus
3435 832 3628 903 (Ra/72,
3652 830 3753 903 hic,

2181 905 2270 959 lib.
2300 921 2361 968 tt,
2386 922 2432 958 c.
2464 903 2519 970 5,
2551 902 2612 958 de
2643 905 2749 959 l'it.
2782 904 2950 973 PP.),
2981 912 3040 957 ut
3069 904 3121 957 in
3158 903 3551 973 prolegomenis
3578 902 3756 965 doetii,

2180 977 2234 1029 in
2265 976 2397 1030 Vitis
2440 985 2745 1030 sanctorum
2795 976 3025 1038 Patrum,
3072 989 3193 1038 cap.
3237 974 3292 1037 5,
3340 972 3486 1039 paria
3518 973 3759 1039 quaedam

2182 1046 2379 1101 habeat
2405 1046 2472 1099 de
2498 1046 2923 1100 Christianorum
2944 1044 3271 1112 benignitate
3295 1053 3348 1097 et
3376 1042 3759 1109 hospitalitate,

2184 1133 2304 1184 qua:
2336 1117 2463 1170 dicit
2490 1131 2547 1170 se
2575 1130 2673 1169 suo
2706 1125 2943 1183 tempore
2987 1113 3301 1184 Oxyrynchi
3332 1123 3613 1184 expertum
3638 1127 3761 1184 cum

2182 1180 2250 1240 iis
2278 1201 2397 1255 quae
2439 1187 2567 1240 olim
2598 1180 2918 1255 Pachomius
2949 1185 3023 1238 ait
3068 1180 3442 1255 se'invenisse
3471 1184 3522 1236 in
3548 1180 3763 1255 Theba-

2184 1252 2306 1309 rum
2334 1257 2561 1322 quadam
2587 1254 2819 1310 civitate.
2852 1256 2956 1309 Sed
2987 1269 3090 1307 non
3122 1253 3372 1307 inferiora
3398 1252 3765 1322 beneficentia:

2184 1321 2360 1379 ollicia
2392 1340 2421 1378 a
2450 1326 2768 1379 Christianis
2798 1327 2957 1380 etiam
2990 1324 3108 1377 aliis
3132 1323 3265 1376 locis
3294 1321 3551 1390 prmstita,
3579 1332 3634 1376 et
3656 1322 3765 1390 qui-

2185 1396 2307 1449 dem
2366 1396 2637 1449 Pachomii
2691 1405 2890 1459 aetate,
2947 1403 3128 1447 narrat
3180 1394 3440 1447 Eusebius
3483 1393 3620 1446 libro
3671 1408 3763 1453 ix,

2186 1480 2305 1529 cap.
2336 1467 2392 1529 7,
2424 1475 2482 1518 ut
2520 1481 2622 1519 non
2655 1466 2829 1530 potior
2857 1465 2991 1517 ratio
3022 1464 3110 1535 psit
3136 1463 3203 1518 de
3247 1463 3575 1535 Oxyryncho
3603 1477 3765 1531 quam

2187 1536 2288 1588 a'ia
2322 1536 2496 1603 aliqua
2528 1537 2740 1590 civitate
2766 1534 3053 1601 cogitandi.

2260 1607 2433 1672 Quare
2479 1606 2750 1671 existimo,
2797 1620 2917 1659 cum
2967 1604 3147 1658 multa:
3177 1603 3375 1658 Theba:
3426 1604 3551 1663 sint,
3603 1618 3766 1657 unam

2190 1676 2494 1729 Thebarum
2524 1676 2794 1730 civitatem
2827 1676 3023 1737 fuisse,
3055 1674 3123 1727 ad
3168 1689 3328 1743 quam
3382 1688 3449 1727 cx
3489 1674 3767 1728 Thebaide

2192 1755 2243 1799 et
2291 1745 2525 1815 Egypto
2569 1748 2784 1800 solvens
2828 1760 2948 1798 cum
2996 1744 3243 1815 reliquis,
3275 1744 3570 1815 tironibus,
3606 1751 3663 1796 et
3699 1743 3764 1795 ad

2193 1814 2595 1869 Constantinum
2642 1829 2932 1884 properans
2973 1814 3668 1884 perveneritil’achomius,
3715 1822 3768 1868 et

2189 1899 2305 1939 eam
2336 1883 2756 1939 Christianorum
2787 1895 3038 1951 expertus
3067 1883 3230 1938 fuerit
3257 1883 3594 1937 charitatem.

2256 1955 2371 2026 (lO)
2415 1954 2657 2026 Yidentes
2681 1957 2870 2009 tirones
2894 1956 3088 2008 arctius
3116 1952 3401 2021 custodiri]
3431 1954 3767 2021 Metaphras-

2190 2024 2274 2081 tes'
2300 2043 2312 2077 :
2353 2043 2370 2075 ι
2401 2024 2530 2078 Cum
2560 2027 2708 2079 cives
2732 2027 2989 2079 vidissent
3015 2040 3107 2077 eos
3133 2026 3184 2077 in
3213 2026 3340 2076 satis
3370 2031 3475 2077 tuta
3498 2038 3615 2077 esse
3636 2038 3771 2077 cus.

2191 2095 2355 2156 todia,
2395 2113 2416 2148 ι
2448 2111 2516 2149 ex
2544 2099 2709 2149 veteri
2740 2096 2981 2150 Romano
3006 2095 3128 2154 ritu,
3162 2109 3269 2163 quo
3299 2093 3557 2147 tironibus
3583 2102 3769 2163 custo-

2190 2164 2286 2217 des
2311 2165 2440 2218 dati.
2482 2166 2700 2221 Servius
2730 2168 2794 2219 ad
2838 2166 2929 2217 lib.
2958 2180 3029 2217 vlt
3073 2162 3287 2218 Aineid.
3336 2180 3355 2213 ι
3392 2166 3529 2217 Ante
3572 2162 3765 2217 urbem

2192 2236 2339 2302 pueri
2386 2236 2610 2289 Romani
2641 2250 2783 2288 anno
2831 2235 2893 2288 l7
2942 2234 3259 2297 militabant,
3290 2248 3411 2302 quo
3441 2235 3611 2302 etiam,
3646 2236 3767 2287 solo

2190 2301 2289 2356 sub
2317 2305 2626 2375 custodibus
2647 2306 2893 2375 agebant.
2919 2324 2937 2356 ι
2960 2304 3166 2368 Cicero,
3197 2305 3247 2356 in
3272 2301 3531 2375 Caeliana:
3556 2321 3573 2352 ι
3601 2301 3769 2358 Nobis

2190 2375 2403 2440 quidem
2435 2374 2563 2427 olim
2594 2373 2765 2428 annus
2809 2386 2923 2430 erat
2954 2390 3089 2429 unus
3118 2376 3182 2427 ad
3228 2373 3584 2428 cohibendum
3635 2375 3766 2425 bra-

2190 2444 2368 2497 chium
2423 2454 2540 2512 toga
2593 2446 2947 2510 constitutus,
2998 2456 3052 2497 ut
3108 2444 3490 2499 exercitatione
3536 2443 3771 2510 ludoque

2191 2516 2481 2583 campestri
2510 2515 2724 2568 tunicati
2776 2526 3078 2580 uteremur;
3110 2514 3401 2581 eademque
3431 2521 3565 2575 erat,
3590 2515 3634 2566 si
3657 2527 3774 2565 sta-

2195 2584 2284 2635 tim
2315 2586 2505 2638 mereri
2540 2586 2797 2655 stipendia
2837 2600 3193 2655 coeperamus,
3222 2586 3512 2638 castrensis
3537 2586 3673 2655 ratio
3710 2598 3771 2637 ac

2194 2655 2462 2708 militaris.
2501 2672 2520 2705 ι
2554 2654 2792 2721 Plautus,
2828 2654 3164 2720 Mostellaria,
3189 2663 3298 2708 act.
3321 2655 3374 2719 t,
3406 2668 3556 2707 scen.
3584 2654 3659 2707 2:

2284 2744 2357 2807 Ad
2383 2744 2628 2807 legionem
2652 2759 2759 2795 cum
2785 2748 2925 2807 itant,
2953 2745 3294 2795 adminiculum
3320 2746 3393 2795 eis
3414 2745 3601 2799 danunt

2283 2806 2405 2870 Tum
2428 2806 2638 2869 aliquem
2658 2806 2917 2870 cognatum
2933 2821 3087 2857 suum.

2288 2868 2519 2916 Eatenus
2535 2868 2771 2918 abeunt'a
2797 2868 2961 2918 fabris.

2294 2930 2449 2977 L’num
2476 2930 2557 2977 tibi
2587 2932 2848 2979 emeritum
2872 2939 2947 2979 est
2968 2931 3281 2990 stipendium,
3311 2931 3459 2989 igitur
3484 2937 3586 2979 tum

2288 2992 2552 3050 Spectmen
2574 2994 2807 3051 cernitur,
2836 3004 2931 3052 quo
2956 2995 3151 3040 eveniat
3175 2993 3446 3041 aediﬁcatio.

2266 3070 2382 3140 (tl)
2418 3069 3014 3141 ChinoltesciumJHNon
3062 3082 3205 3127 recte
3236 3074 3284 3126 in
3324 3075 3492 3128 veteri
3534 3074 3779 3128 editione

2195 3142 2574 3210 Cynobostium.
2606 3140 2674 3195 Et
2698 3140 2945 3209 “p.755,
2991 3142 3415 3211 Tltynobostium.
3451 3145 3563 3204 llic.
3610 3145 3778 3207 infra,

2105 3204 2151 3266 C
2183 3204 2303 3278 cavp.
2337 3212 2405 3265 40
2433 3222 2462 3262 :‘
2496 3231 2515 3263 ι
2542 3212 2728 3265 Frater
2753 3204 2965 3280 quidam
2996 3204 3559 3268 de'Chinobosciorum
3586 3204 3779 3266 monaé

2193 3283 2377 3336 Sterio.
2408 3300 2427 3333 ι
2459 3282 2521 3335 Ει
2546 3297 2665 3352 cap.
2695 3281 2802 3352 55;
2840 3300 2857 3331 ι
2887 3282 3020 3346 Quia
3049 3292 3101 3336 et
3130 3284 3300 3352 ipsum
3335 3286 3385 3336 in
3417 3288 3777 3351 monasterio,

2192 3362 2548 3421 cognomento
2614 3350 3086 3405 Chinobosciorum
3117 3350 3438 3421 ,‘tegrOtare
3492 3369 3779 3420 compere-

2193 3434 2294 3475 rat.
2333 3441 2352 3473 ι
2397 3424 2703 3481 Χηνοϐοσκία
2756 3422 3097 3476 Chenoboscia
3137 3424 3261 3477 urbs
3312 3434 3393 3477 est
3421 3425 3735 3478 Thebaidos
3762 3466 3778 3490 ,

2192 3493 2263 3546 ita
2295 3492 2431 3546 forte
2453 3495 2613 3561 dicta,
2645 3492 2787 3563 quod
2812 3493 2880 3547 ibi
2909 3509 3114 3547 anseres
3153 3505 3432 3564 poscerent.
3467 3495 3595 3548 Vide
3627 3496 3779 3548 Ono-

2196 3564 2481 3617 masticon.

2264 3631 2378 3705 (η)
2422 3633 2488 3687 Et
2516 3635 2569 3687 in
2599 3632 2808 3705 mellis.]
2830 3633 2904 3688 lta
2933 3633 2986 3687 in
3024 3634 3289 3703 primitiva
3323 3635 3559 3689 Ecclesia
3585 3636 3773 3698 bapti-

2193 3704 2295 3757 sati
2320 3705 2494 3758 mellis
2516 3714 2569 3757 et
2588 3706 2741 3758 lactis
2765 3704 3099 3759 dulcedinem
3130 3707 3432 3771 gustabant.
3477 3707 3775 3759 Tertullia-

2194 3788 2315 3836 nus,
2361 3774 2429 3828 de
2464 3774 2679 3846 ACorona
2712 3774 2916 3839 militis,
2948 3789 3065 3842 cap.
3114 3774 3168 3838 5,
3201 3790 3361 3846 agens
3403 3778 3469 3829 de
3518 3776 3775 3846 baptismi

2193 3844 2570 3909 cmremoniis,
2634 3854 2914 3913 postquam
2987 3846 3095 3913 jam
3162 3844 3253 3900 de'
3315 3844 3599 3911 baptismo
3648 3846 3773 3905 ipso

2192 3916 2319 3979 egit.
2381 3931 2401 3964 ι
2436 3916 2559 3967 Inde
2609 3916 2842 3981 suscepti
2891 3916 3042 3970 lactis
3093 3926 3145 3971 et
3197 3917 3370 3969 mellis
3421 3917 3772 3970 concordiam

2195 3992 2600 4052 prmgustamus.
2638 4004 2656 4035 ι
2714 3985 2853 4037 Idem
2908 3986 3043 4038 libro
3090 4003 3103 4039 ι
3158 3998 3342 4039 contra
3400 3986 3773 4051 Marcionetn,

2193 4068 2312 4119 cap.
2339 4055 2455 4125 de,
2486 4069 2647 4120 agens
2676 4053 2741 4107 de
2770 4053 2869 4109 dco
2917 4054 3221 4123 Marcionis,
3258 4058 3345 4125 qui
3377 4055 3507 4111 alias
3551 4067 3773 4110 creatu-

2194 4136 2307 4174 ratn
2339 4122 2431 4175 Dei
2481 4139 2756 4189 re~pucns,
2793 4126 2845 4177 in
2895 4127 3007 4177 suis
3037 4122 3381 4180 sacramentis
3428 4136 3601 4181 tamen
3647 4143 3773 4180 t-am

2193 4207 2298 4243 non
2358 4194 2658 4260 respuebat,
2713 4193 2805 4247 sed
2857 4194 3111 4249 Ecclesiae
3171 4198 3303 4249 ritus
3358 4198 3771 4251 :emulabatur:

2200 4280 2227 4335 ιΔ
2254 4263 2355 4315 Sed
2390 4264 2476 4335 ille
2504 4263 2717 4329 quidem
2745 4279 2909 4330 usque
2936 4280 3076 4319 nunc
3101 4281 3198 4319 nec
3225 4280 3416 4335 aquam
3462 4267 3774 4334 reprobavit

2192 4333 2481 4405 creatoris,
2515 4348 2613 4405 qua
2644 4347 2768 4405 suos
2799 4335 2992 4405 abluit;
3025 4350 3121 4390 nec
3154 4333 3353 4397 oleum,
3384 4352 3490 4405 quo
3513 4333 3638 4391 sitos
3660 4353 3769 4390 nn~

2191 4400 2296 4469 git;
2331 4417 2427 4474 nec
2457 4402 2626 4474 mellis
2653 4412 2707 4456 et
2737 4403 2886 4457 lactis
2933 4406 3262 4469 societatem,
3295 4400 3416 4474 qua'
3441 4422 3563 4461 suos
3590 4408 3775 4460 inlan-

2193 4480 2288 4541 tat.
2322 4489 2341 4522 ι
2372 4472 2528 4541 Beata
2554 4473 2752 4540 Agnes,
2786 4482 2920 4529 teste
2951 4476 3253 4540 Ambrosio,
3304 4472 3464 4530 st-rm.
3500 4477 3589 4541 90,
3615 4479 3772 4534 dice-

2193 4540 2321 4613 bat;
2359 4559 2377 4590 ι
2412 4539 2518 4594 Lac
2546 4539 2728 4613 et’mel
2756 4559 2819 4595 ex
2850 4560 2943 4599 ore
2972 4544 3087 4612 ejus
3118 4539 3347 4613 suscepi.
3388 4566 3406 4598 ι

2263 4610 2636 4679 Hieronymus,
2664 4611 2917 4668 adversus
2961 4610 3348 4680 L‘uciferianos,
3378 4632 3428 4669 c.
3454 4616 3507 4680 4,
3535 4631 3600 4670 ex
3632 4616 3777 4672 Tra-

2189 4679 2410 4755 ditione_
2438 4682 2488 4733 in
2540 4680 2791 4755 Ecclesiis
2836 4683 2938 4738 hoc
2965 4685 3236 4755 observari
3277 4679 3451 4750 docet,
3497 4679 3774 4755 simulque

2192 4750 2504 4823 mysterium
2529 4750 2776 4823 explicat,
2814 4764 2871 4823 ut
2908 4754 3113 4807 scilicet
3143 4771 3330 4809 recens
3377 4757 3621 4823 baltlillli
3654 4750 3773 4811 tne-

2191 4819 2528 4891 inmerintsc
2572 4820 2739 4873 instar
2783 4820 3039 4875 infantum
3084 4840 3221 4877 esse.
3253 4844 3270 4873 ι
3303 4819 3534 4879 Nam-et
3574 4830 3767 4891 multa,

2189 4888 2378 4955 inquit,
2411 4890 2533 4951 alia,
2566 4906 2680 4957 qu;e
2714 4906 2805 4957 per
2838 4892 3178 4947 traditionem
3209 4897 3259 4947 in
3290 4896 3542 4952 Ecclesiis
3578 4888 3770 4951 obser-l

2188 4970 2401 5021 vantur,
2438 4959 2589 5029 ιίιι
2622 4961 2989 5033 auctoritatem
3038 4964 3135 5015 sibi
3168 4967 3381 5032 scriptm
3429 4966 3563 5033 legis
3608 4983 3768 5020 usur-

2188 5033 2630 5103 paverunt,vclnt
2652 5031 2702 5082 in
2723 5032 2937 5103 lavacro
2960 5041 3041 5085 ter
3062 5044 3219 5102 caput
3248 5031 3550 5103 mergitare,
3571 5035 3769 5091 deinde

2191 5112 2435 5168 egressos
2466 5098 2614 5150 lactis
2641 5110 2693 5152 et
2720 5102 2896 5155 mellis
2945 5098 3269 5168 prmguStare
3316 5098 3657 5159 co'ttcordiam
3696 5108 3767 5160 ad

2190 5166 2424 5243 infantia:
2474 5166 2986 5243 signiﬁcationem.)
3030 5172 3292 5227 Infanlum
3324 5186 3499 5230 autem
3552 5178 3769 5243 propria

2189 5247 2266 5289 est
2300 5238 2623 5292 innocentia.
2659 5239 2808 5293 Unde
2835 5240 3085 5294 Clemens
3114 5243 3529 5307 Alexandrinus,
3552 5238 3709 5299 ilibro
3752 5263 3768 5300 ι

2194 5307 2428 5382 l_'tedag.,
2446 5322 2566 5374 cap.
2598 5308 2651 5382 l5,
2671 5309 2815 5382 viros
2840 5311 3152 5365 innocentes
3179 5323 3232 5367 et
3254 5315 3429 5382 justus
3450 5318 3516 5368 ab
3534 5316 3771 5370 llomcro

2191 5376 2297 5450 dici
2326 5379 2758 5450 γαλακτοφάγονς,
2783 5380 2913 5433 lacte
2946 5391 3211 5448 vescentes,
3242 5376 3490 5439 advertit.

2261 5447 2526 5516 Originum
2553 5447 2707 5516 hujus
2747 5451 2821 5502 rei
2855 5451 3101 5503 existimo
3128 5447 3376 5508 manasse
3404 5472 3464 5509 ex
3508 5454 3595 5509 illo
3623 5454 3773 5509 Exo-

2188 5516 2239 5592 di
2268 5533 2320 5569 ιιι
2355 5537 2367 5571 :
2404 5518 2630 5592 Eduram
2657 5519 2719 5571 de
2746 5530 2875 5572 terra
2906 5520 3009 5592 illa
3038 5522 3089 5573 iu
3138 5532 3324 5575 terram
3358 5525 3537 5577 bonam
3568 5538 3612 5579 et
3642 5544 3771 5592 spa-

2189 5590 2394 5652 tiosant,
2417 5590 2467 5639 in
2492 5600 2813 5661 terramque:
2840 5592 2953 5658 ﬂuit
2991 5590 3119 5645 lacte
3156 5604 3204 5645 et
3246 5597 3414 5648 melle.
3461 5597 3609 5661 Quod
3642 5590 3771 5650 Cle-

2184 5671 2339 5779 Pc'ns
2377 5659 2665 5725 Alexand.,
2709 5675 2852 5729 sup.,
2904 5662 2969 5713 ad
3016 5663 3317 5718 catecbesin
3355 5659 3643 5733 perfeCIam
3674 5683 3769 5722 re-

2206 5742 2263 5779 er
2291 5765 2305 5779 .

2206 5737 2305 5781 (ξι-ι.

2259 5798 2429 5854 Aliam
2463 5816 2558 5857 nec
2601 5801 2751 5857 valde
2789 5801 3074 5857 tbsim‘ilem
3120 5806 3559 5862 consuetudinem
3617 5818 3767 5865 notat
