4016 6222
403 326 508 384 270

1434 326 1519 381 DE
1557 325 1733 382 VlTlS
1770 323 2051 381 PATRUM
2094 322 2296 378 LIBER
2337 322 2617 379 PRIMUS.

3562 324 3680 379 281)

404 458 615 521 sam,et
640 451 907 521 appositas
936 450 987 505 in
1010 465 1070 507 ea
1094 450 1175 507 vel
1206 464 1338 521 quos
1364 464 1416 505 in
1447 464 1510 505 ea
1537 450 1753 521 capiunt
1781 447 1946 521 cibos.
1965 465 1983 498 ι
2018 447 2066 507 Α
2094 455 2314 521 cunctos
2338 444 2594 521 Οτίςτιηίε⁸
2613 445 2778 521 libros
2805 443 2860 499 in
2890 444 3087 501 flumen
3118 444 3365 515 mergite,
3388 459 3456 501 ne
3485 444 3552 501 ab
3575 446 3687 502 illis

481 520 596 592 (28)
638 520 854 594 Necnon
909 526 972 576 ob
1026 520 1235 594 angelo,
1280 531 1402 594 eici,
1452 530 1508 594 ut
1554 520 1752 594 diurna:
1793 520 1991 594 oralio-

407 589 499 663 ηεξ
523 589 623 663 xu,
652 589 785 663 etc.]
811 589 1116 658 Cassianus,
1145 593 1278 646 libro
1300 606 1336 644 ιι
1363 590 1554 663 Instit.,
1579 591 1751 663 capite
1779 591 1832 653 4,
1878 604 1992 641 me-

413 661 568 732 minit
598 661 910 732 duode'narii
945 665 1268 732 psalmorum
1299 662 1665 732 numeri,rtam
1692 661 1744 714 in
1768 673 1991 732 vesper-

415 731 563 793 tinis,
607 748 764 802 quam
815 731 866 786 in
910 728 1185 788 nocturnis
1223 731 1650 786 solemnitatibus
1690 728 1990 802 custoditi:

420 819 439 852 ι
474 803 596 870 Qui,
622 799 812 872 inquit,
840 804 1187 858 intemeratus
1216 817 1355 856 nunc
1376 816 1544 869 usque
1574 801 1847 869 perdurat,
1870 799 1992 872 quia

418 888 525 926 non
558 870 788 927 humana
816 874 1192 928 adinventioue
1215 881 1440 927 statutus
1468 887 1496 922 a
1525 872 1825 926 senioribus
1845 870 1996 922 allir-

416 952 614 1007 matur,
642 945 734 997 sed
759 944 971 997 caelitus
998 944 1171 1012 angeli
1213 942 1518 1011 magisterio
1556 940 1797 1012 patribus
1833 940 1997 993 fuisse

417 1012 650 1068 delatus.
683 1031 702 1065 ι
737 1014 891 1077 Vide,
923 1009 1093 1075 infra,
1117 1009 1412 1068 Palladium
1443 1009 1614 1079 capite
1648 1009 1739 1064 58.

489 1082 606 1155 (29)
650 1082 1007 1154 Praepositae]
1040 1085 1416 1155 llieronymlis,
1437 1081 1752 1151 praefatione
1772 1081 1823 1134 in
1847 1095 2000 1155 rogus

416 1151 520 1205 lam
543 1151 714 1208 sancti
747 1151 1017 1208 Pacbomii
1049 1171 1064 1207 :
1104 1173 1122 1205 ι
1162 1151 1261 1220 Qui
1291 1153 1699 1217 (Tabenuenses
1730 1151 2000 1220 monachi)

418 1224 617 1277 habent
648 1239 742 1293 per
769 1225 973 1292 singula
1011 1223 1336 1278 monasteria
1368 1233 1546 1290 patres
1573 1231 1629 1277 et
1664 1221 2001 1293 dispensato-

418 1302 527 1358 res,
578 1291 1148 1361 ct’hebdomadarios,
1179 1310 1241 1350 ac
1266 1294 1561 1358 ministros,
1591 1301 1644 1347 et
1672 1291 1999 1360 singularum

419 1363 695 1417 domorum
722 1366 1058 1432 prmpositos.
1102 1384 1119 1417 ι
1493 1431 1499 1432 ί
1532 1396 1533 1399 η

489 1432 606 1503 (50)
647 1431 867 1497 Aprione
883 1431 1511 1505 Teutyrorumepiscopo.]
1531 1432 1865 1505 Coloniensis
1885 1432 2001 1505 edi,-

417 1502 493 1575 tio
508 1517 606 1571 pro
617 1505 841 1575 Aprioue
855 1502 1268 1575 habet'Pycerio.
1296 1502 1553 1558 Nometh
1564 1504 1758 1570 prionis
1776 1504 2007 1575 occurrit

417 1574 470 1627 in
495 1574 927 1643 inscriptionibus
945 1572 1175 1645 antiquis
1204 1575 1341 1644 apud
1371 1575 1676 1641 Gruterum,
1714 1587 1835 1643 pag.
1876 1572 2000 1628 695'.

948 1662 997 1699 Ρ.
1041 1660 1180 1699 ιινιο
1219 1658 1482 1700 Λιιτιενιο

880 1731 1035 1771 APRIO
1075 1731 1245 1770 PATER
1285 1732 1338 1770 ι..
1381 1732 1431 1769 Β.
1476 1731 1541 1768 AB

1057 1801 1369 1841 BEREDIBUS-

420 1855 666 1911 Occurrit
694 1854 850 1911 etiam
874 1856 927 1911 in
957 1858 1020 1913 iis
1046 1858 1257 1925 Aprius.
1290 1855 1440 1923 Apud
1464 1853 1832 1917 Athanasium,
1860 1854 2005 1921 Apo-

420 1928 524 1995 log.
556 1925 590 1976 2
621 1927 687 1982 de
716 1925 834 1993 fuga
875 1942 991 1991 sua,
1024 1924 1144 1995 pag.
1178 1925 1303 1988 bl8,
1332 1934 1416 1978 est
1446 1924 1668 1993 Saprion
1698 1925 2002 1995 episcopus.

420 1994 493 2048 Et
518 1996 735 2059 ibidem,
780 2010 899 2064 pag.
937 1998 1063 2059 596,
1118 2004 1200 2049 est
1237 1996 1496 2061 Apriauus
1525 1996 1664 2048 inter
1702 1994 2002 2063 episcopos,

419 2067 913 2134 quiﬂsubscripsere
937 2065 1241 2122 Sardicensi
1273 2065 1521 2119 concilio.

494 2133 609 2205 (51)
649 2133 916 2206 Ρβιίὶᾱεηι
957 2134 1199 2206 tempus]
1243 2134 1523 2206 Duronius,
1572 2144 1717 2206 touzo
1748 2134 1834 2206 lli,
1866 2150 2007 2188 anno

421 2203 618 2259 Christi
650 2205 773 2267 ⁸528,
806 2203 1067 2262 εἱινθεῑγῖ
1090 2203 1236 2275 ρπρξε
1268 2206 1358 2269 15,
1384 2203 1718 2258 Constantini
1748 2204 1881 2272 imp.
1911 2206 2004 2258 ‘25.

428 2293 449 2326 ι
484 2276 618 2340 Hoc,
647 2276 839 2345 inquit,
866 2293 1005 2331 anno
1031 2276 1376 2337 Athanasius,
1404 2275 1491 2343 qui
1522 2283 1647 2327 ante
1669 2276 2004 2343 superiorem

424 2362 625 2399 annum
658 2357 867 2400 creatus
896 2349 1180 2415 episcopus
1210 2345 1623 2406 Alexandrinus,
1670 2360 1796 2415 mox
1839 2346 2007 2399 laces-

424 2417 561 2469 situs
588 2413 995 2471 Meletianoru’m
1022 2415 1326 2478 calumniis,
1354 2413 1793 2468 convenientibus
1838 2415 2009 2469 Euse-

423 2485 619 2556 bianis,
651 2501 793 2540 anno
818 2489 1061 2554 proximo
1091 2487 1283 2556 elapso
1306 2485 1389 2556 (ut
1418 2482 1673 2556 vidimus)
1696 2484 2005 2556 laboranti-

425 2555 525 2609 bus
553 2556 617 2608 iis
646 2571 741 2625 pro
761 2558 1100 2612 restitutione
1127 2555 1237 2608 Arii
1260 2554 1659 2620 Alexandriam,
1692 2554 1745 2607 in
1771 2569 2007 2621 prtesen-

423 2636 530 2678 tem
564 2641 728 2693 usque
772 2644 968 2681 annum
1014 2627 1128 2681 dire
1168 2627 1463 2693 exagitatus
1490 2633 1599 2688 est;
1634 2625 1865 2693 repulsis
1902 2626 2005 2690 his,

423 2710 789 2763 persuasoque
812 2697 1185 2761 Constantino,
1216 2695 1427 2749 tandem
1460 2696 1682 2763 quievit,
1714 2705 2007 2763 nactusque

424 2780 565 2817 nunc
587 2764 813 2832 primum
843 2768 1003 2822 hosce
1027 2766 1425 2833 tranquillitatis
1448 2765 1561 2819 dies
1581 2766 1870 2835 Alcyonios
1890 2765 2009 2818 diu-

420 2836 530 2888 tius
560 2846 921 2904 exspcctatos,
956 2847 1012 2890 ut
1039 2847 1344 2905 susceptum
1367 2835 1669 2903 episcopale
1692 2849 1903 2899 munus,
1931 2835 2009 2889 uti

424 2920 523 2972 par
551 2915 684 2970 erat,
716 2908 919 2973 obiret;
949 2908 1087 2976 quod
1117 2907 1286 2975 magis
1313 2905 1413 2960 sibi
1442 2906 1802 2960 necessarium
1834 2908 2006 2959 visum

424 2983 531 3041 est,
561 2992 695 3045 opus
726 2980 1051 3047 aggreditur,
1081 2977 1393 3047 perdifficile
1446 2976 1684 3043 quidem,
1730 2990 1923 3045 nempe
1953 2985 2011 3031 ut

423 3048 726 3117 universam
749 3046 1097 3117 eamdemque
1122 3047 1502 3116 amplissimam
1521 3046 1892 3117 Alexandrinae
1908 3047 2009 3100 Ec-

421 3115 602 3197 clesia:
624 3119 918 3197 subiectam
952 3115 1321 3197 perlustrando
1345 3117 1643 3197 dimcesim,
1660 3116 1814 3197 .quod
1838 3118 2010 3197 hatre-

2095 530 2188 570 vos
2215 517 2314 584 ipsi
2341 516 2707 586 mergamini.»

2167 586 2444 652 Baronius,
2466 585 2618 642 anno
2648 586 2841 641 Christi
2871 585 2994 651 402,
3028 586 3292 641 Anastasii
3324 601 3475 655 papa:
3493 589 3547 652 5,
3573 586 3688 641 Ar-

2097 657 2232 712 cadii
2260 666 2313 711 et
2342 658 2559 711 Honorii
2588 660 2750 725 impp.
2781 657 2834 711 8.
2861 656 2937 712 De
2960 657 3152 712 eodem
3181 672 3410 726 quoque.
3441 656 3537 722 ait,
3561 656 3691 713 Ori-

2096 727 2245 803 genis
2267 732 2386 799 περὶ
2412 730 2616 803 affixas,
2645 742 2888 803 errorum
2913 729 3078 803 fo_nt_e,
3104 738 3229 803 puto
3246 726 3690 803 intelligendum,

2098 798 2241 866 quod
2268 797 2534 867 reperitur
2560 800 2612 851 iu
2642 799 2807 867 gestis
2836 798 2978 852 beati
3007 797 3301 859 Pachomii.
3329 799 3500 866 ipsmn
3530 813 3693 853 exse-

2099 877 2302 924 cratum
2333 882 2454 922 esse
2478 869 2768 927 monachos
2801 868 3033 935 legentes
3063 868 3229 922 libros
3272 867 3536 937 Origenis.
3568 867 3693 923 Cir-

2099 938 2703 1019 cumferebanturenim
2734 937 3103 1019 libri_illigr_epi
3131 941 3316 1019 ᾁρχῶν
3345 938 3692 1019 βενᾼίςιριί

2097 1010 2444 1080 monasteria,
2474 1007 2563 1078 qui
2589 1006 2904 1080 auctoritate
2933 1006 3141 1080 Didj'mi
3166 1006 3280 1064 “eos
3327 1006 3694 1064 natationibus

2101 1079 2415 1149 illustrantis
2453 1079 2590 1147 apud
2632 1078 2916 1149 nonnullos
2956 1078 3153 1149 magno
3194 1088 3346 1133 erant
3388 1081 3440 1133 in
3490 1081 3687 1148 pretio.

2102 1148 2255 1204 Unde
2281 1160 2337 1203 et
2367 1149 2563 1203 factum
2595 1158 2699 1211 est,
2725 1160 2779 1203 ut
2810 1147 2950 1203 idem
2974 1147 3316 1214 Pachomius,
3344 1165 3408 1205 ex
3449 1147 3548 1205 hac
3574 1152 3691 1204 vita

2103 1219 2447 1302 migraturus,
2477 1219 2627 1302 quasi
2644 1228 2977 1302 "testamento
3013 1217 3260 1302 Drigenis
3295 1235 3510 1302 errores
3538 1222 3693 1302 dant-

2103 1299 2258 1371 natos
2301 1290 2594 1415 ggliquerit.
2638 1290 2789 1356 Quod
2831 1291 3095 1360 posterius
3122 1290 3177 1345 in
3206 1292 3306 1345 hac
3336 1290 3455 1345 Vita
3497 1291 3687 1360 habes,

2104 1370 2277 1415 capite
2379 1401 2392 1413 .

2104 1360 2277 1416 capite
2301 1361 2392 1416 5'5.

2170 1375 2679 1501 igffﬁeodorusq
2714 1430 2786 1485 De
2808 1445 2872 1485 eo
2892 1429 3197 1486 Gennadius
3224 1431 3275 1501 in
3298 1432 3539 1501 catalogo
3566 1431 3693 1486 illo-

2105 1501 2291 1554 strium
2335 1502 2595 1556 Ecclesiae
2634 1500 2983 1569 Scriptorum,
3013 1501 3186 1569 capiie
3212 1500 3285 1553 8:
3323 1520 3344 1553 ς
3372 1500 3693 1557 Theodorus

2107 1572 2405 1639 presbyter,
2438 1585 2718 1627 successor
2744 1573 2931 1641 gratia:
2970 1582 3023 1625 et
3056 1571 3415 1640 pratpositurae
3442 1573 3691 1641 supradi-

2107 1641 2177 1694 cti
2208 1641 2414 1695 abbatis
2444 1642 2746 1707 Pachumii,
2772 1641 2987 1710 scripsit
3006 1644 3071 1696 ad
3102 1642 3204 1696 alia
3227 1644 3546 1697 monasteria
3565 1657 3694 1695 san-

2107 1721 2311 1765 ctarum
2350 1712 2745 1780 Scripturarum
2792 1726 3040 1767 sermone
3085 1713 3342 1781 digestas,
3396 1713 3453 1767 in
3497 1713 3696 1777 quibus

2033 1810 2083 1871 Β
2111 1790 2285 1871 tamen
2314 1781 3239 1871 frequenter-meminitmagistri_et
3265 1783 3585 1871 institutoris
3605 1783 3694 1871 sui

2108 1851 2405 1919 Pachumii,
2432 1867 2494 1905 ac
2515 1854 2770 1907 doctrina:
2790 1853 2907 1921 ejus
2936 1867 2999 1906 ac
3011 1854 3132 1907 vita:
3155 1855 3402 1922 proponit
3422 1856 3693 1922 exempla,

2108 1936 2227 1989 qua:
2260 1923 2345 1976 ille
2373 1931 2431 1975 ut
2456 1923 2675 1977 doceret
2712 1922 2902 1991 angelo
2940 1923 3343 1978 administrante
3378 1924 3637 1979 didicerat
3672 1941 3691 1977 :

2109 1992 2266 2046 simul
2300 2003 2363 2064 et
2405 1993 2651 2064 hortatur
2676 1994 3094 2064 permanendum
3126 1994 3176 2047 in
3207 1994 3476 2064 proposito
3506 1994 3691 2048 cordis

2109 2073 2163 2116 et
2190 2063 2373 2135 studii,
2417 2072 2470 2117 et
2499 2063 2674 2135 redire
2709 2063 2864 2135 143
2897 2063 2947 2116 in
2977 2063 3400 2135 concordiamet
3427 2065 3692 2119 uni-atem

2110 2147 2203 2186 eos
2232 2134 2319 2197 qui
2349 2144 2469 2201 post
2496 2134 2704 2187 abbatis
2730 2134 2932 2187 obitum
2964 2134 3290 2189 discessione
3315 2133 3469 2199 facta,
3493 2150 3523 2188 a
3545 2145 3696 2192 cmtu

2111 2205 2428 2276 semetipsos
2453 2204 2811 2276 absciderant
2856 2203 3071 2260 unitatis
3103 2221 3117 2259 :
3149 2214 3275 2259 sunt
3308 2217 3486 2260 autem
3528 2205 3691 2276 hujus

2109 2273 2495 2329 exhortationis
2517 2274 2755 2340 cpistola:
2783 2283 2910 2327 tres.
2927 2291 2947 2325 ι

2183 2343 2449 2397 Theodori
2472 2344 2625 2411 hujus
2652 2345 2907 2399 memoria
2935 2344 3109 2413 agitur
3148 2344 3201 2399 in
3231 2346 3414 2401 Graeca
3447 2346 3685 2401 Ecclesia

2112 2415 2179 2470 l3
2226 2413 2381 2479 Maii,
2415 2423 2471 2467 ut
2521 2415 2680 2469 habet
2720 2415 3072 2482 Mcnologium
3121 2416 3407 2470 Graecum:
3440 2436 3458 2468 ι
3491 2417 3691 2471 Eodem

2110 2486 2198 2540 die
2225 2483 2491 2540 Theodori
2522 2484 2859 2539 sanctificati.
2888 2485 2983 2540 Hic
3014 2485 3198 2541 beatus
3223 2487 3540 2541 Theodorus
3568 2504 3691 2541 eum

2111 2556 2208 2610 Dei
2240 2553 2411 2624 legem
2465 2554 2753 2615 meditatus
2780 2564 2958 2618 esset,
2990 2557 3291 2611 castissima
3319 2557 3498 2611 animo
3545 2567 3689 2611 totos

2113 2639 2277 2693 purus
2300 2625 2541 2688 ellectns,
2573 2634 2627 2678 et
2647 2640 2739 2681 vas
2761 2626 2889 2679 utile
2915 2640 2978 2680 ac
3004 2627 3390 2682 sanctiﬁcatum
3414 2636 3687 2682 ostensum

2111 2706 2211 2761 est,
2259 2695 2673 2765 supergrediens
2719 2695 3006 2750 visibilium
3053 2712 3232 2752 rerum
3282 2713 3521 2763 sensum,
3566 2714 3691 2752 cum

2112 2776 2301 2821 sancto
2348 2764 2657 2831 Pachomio,
2699 2775 2753 2821 et
2794 2766 3143 2822 contubernio
3185 2777 3241 2823 et
3288 2770 3524 2823 moribus
3566 2785 3689 2822 con.

2107 2834 2354 2906 junctus;
2379 2846 2433 2909 et
2452 2850 2576 2909 vere
2598 2836 2789 2909 dignus
2811 2838 2898 2906 qui
2924 2838 3285 2893 sanctifiCatus
3310 2841 3691 2909 appellaretur,

2111 2909 2307 2975 quippe
2333 2907 2421 2974 qui
2451 2908 2826 2961 miraculorum
2858 2909 3172 2975 operatione
3212 2907 3362 2965 dives
3388 2908 3558 2964 factus
3584 2920 3689 2965 est.

2113 2977 2246 3030 Cum
2286 2978 2449 3048 igitur
2471 2986 2577 3048 tam
2608 2977 2744 3032 bene
2770 2979 2931 3031 vitam
2973 2980 3192 3048 egisset,
3222 2979 3275 3033 in
3306 2995 3512 3035 summa
3538 2995 3689 3034 sene~

2113 3056 2257 3119 ctute
2277 3046 2608 3119 migravitad
2634 3048 2939 3119 Dominum.
2971 3067 2990 3101 ι
3028 3050 3157 3117 Qua:
3179 3046 3341 3106 etiam
3368 3051 3553 3112 habes,
3582 3053 3692 3119 qui.

2112 3117 2335 3171 busdam
2381 3116 2598 3185 additis,
2629 3118 2681 3172 in
2712 3120 3019 3173 Griecorum
3056 3116 3305 3186 Menaeis,
3338 3122 3427 3176 ubi
3460 3122 3529 3177 16
3572 3116 3695 3176 Μειἰί

423 3186 499 3239 sis
527 3197 579 3241 et
607 3180 861 3255 schisma,
893 3180 1149 3258 pravique
1179 3202 1357 3242 mores
1384 3188 1435 3240 in
1470 3180 1707 3242 Ecclesia
1736 3188 2007 3255 corrupis-
2035 3180 2082 3242 Ο
2114 3187 2230 3242 dies
2259 3187 2376 3256 ejus
2404 3180 2832 3259 festus’notatur.
2889 3191 2955 3246 Ut
2976 3205 3126 3244 error
3151 3191 3209 3245 in
3235 3180 3589 3259 Menologium
3622 3195 3692 3245 ir-

424 3266 565 3321 sent,
592 3260 993 3323 vigilantissimo
1018 3259 1194 3313 studio
1217 3268 1566 3320 restauraret,
1600 3258 2007 3325 restitneretque

423 3326 478 3398 in
512 3330 591 3382 eis
628 3330 785 3383 fidem
815 3340 866 3385 et
909 3344 1094 3398 pacem
1121 3329 1381 3393 exsulem,
1414 3342 1702 3398 moresque,
1723 3339 2007 3397 corruptos

423 3397 805 3468 Ecclesiastica
837 3397 1119 3468 disciplina
1146 3406 1512 3467 componeret,
1550 3408 1652 3451 etc.
1685 3397 1853 3467 llujus
1884 3399 2006 3468 qui-

425 3467 548 3540 dem
586 3467 1028 3540 peregrinationis
1064 3487 1127 3524 ex
1169 3468 1456 3539 episcopali
1497 3480 1756 3539 suscepta:
1784 3467 2007 3525 munere

423 3537 539 3607 ipse
561 3537 821 3610 meminit,
851 3550 956 3595 etc.
1205 3537 1218 3539 _
1346 3592 1349 3593 ν

501 3628 519 3659 ί
543 3610 673 3663 Cum
697 3608 853 3681 igitur
873 3620 1088 3668 sanctus
1112 3610 1432 3666 Athanasius
1453 3609 1752 3678 (Al/tana8.,
1782 3609 1923 3676 apol.
1947 3608 2008 3681 2)

423 3689 643 3736 cunctas
672 3680 737 3736 ei
769 3680 945 3738 officio
973 3684 1211 3737 visitaret
1239 3681 1525 3742 Ecclesias,
1559 3695 1665 3734 non
1698 3683 1747 3734 in
1779 3680 2007 3735 civitati-

426 3750 526 3822 bus
559 3761 785 3818 tantum,
817 3754 1028 3822 oppidis
1056 3762 1216 3821 atque
1243 3751 1375 3806 vicis
1403 3752 1624 3820 positas,
1666 3751 1758 3804 sed
1798 3760 1853 3804 et
1890 3767 2008 3820 qua:

422 3820 479 3875 in
506 3820 1239 3892 solitudinibusdesertisque
1264 3822 1397 3892 locis
1427 3836 1604 3892 penes
1631 3831 1846 3875 sanctos
1887 3838 2005 3876 mo-

423 3894 628 3947 nachos
652 3902 826 3961 erant,
860 3894 1068 3961 invisit;
1099 3890 1484 3946 etvisitatioue
1510 3890 1696 3946 eadem
1726 3891 1791 3945 ad
1824 3906 2009 3944 mona-

424 3962 646 4015 sterium
673 3963 843 4016 sancti
874 3960 1148 4017 Pachomii
1177 3964 1435 4031 pervenit.

492 4047 512 4079 ε
556 4032 654 4095 Qui
684 4035 843 4102 igitur
869 4048 1010 4086 anno
1041 4033 1213 4102 primo
1244 4031 1365 4086 belli
1399 4031 1653 4087 Liciniani
1686 4031 2007 4088 Paebomius

428 4110 586 4153 natus
610 4112 727 4155 erat
749 4117 917 4156 annos
938 4119 1035 4166 xx,
1064 4118 1128 4157 co
1157 4118 1297 4155 anno
1324 4104 1531 4156 scilicet
1559 4103 1650 4169 qui
1684 4102 1886 4155 Domini
1912 4119 2007 4156 nu-

427 4180 665 4225 literatur
696 4174 853 4239 (sicut
894 4175 1091 4227 dictum
1131 4182 1215 4226 cst
1258 4174 1527 4241 superius)
1575 4172 1698 4233 516.
1748 4183 1863 4226 erat
1906 4174 2007 4228 hoc

427 4255 569 4294 anno
599 4246 771 4298 aetatis
798 4259 1057 4298 annorum
1090 4258 1262 4303 xxxrt,
1292 4243 1491 4297 habens
1518 4247 1827 4296 monasticae
1858 4243 2011 4298 iusti-

426 4313 649 4367 tutionis
668 4329 837 4370 annos
858 4331 949 4369 xu.
974 4313 1328 4382 Quamobrem
1356 4313 1494 4380 quod
1518 4313 1633 4380 ipse
1660 4316 1710 4365 in
1736 4315 1879 4367 Actis
1904 4314 2009 4368 illis

421 4398 579 4436 senex
604 4386 673 4437 sit
703 4386 894 4451 dictus,
929 4383 1270 4439 veneratione
1310 4384 1484 4450 potius
1520 4397 1679 4451 quam
1729 4394 1885 4437 actate
1930 4386 2011 4439 sic

422 4455 732 4533 nominatus
754 4466 995 4533 apparet,
1023 4467 1079 4509 ut
1102 4453 1387 4533 pote‘quod
1414 4454 1567 4533 [fater
1588 4452 1871 4533 multorum
1898 4470 2011 4507 mo-

2114 3259 2346 3330 repsisse
2376 3256 2636 3325 videatur,
2687 3260 2779 3330 ubi
2824 3260 2939 3316 dies
2968 3262 3036 3315 16
3080 3263 3202 3315 Maii
3252 3256 3552 3326 ounttitnr;
3602 3263 3692 3330 qui

2111 3328 2403 3401 signandns
2431 3338 2585 3401 erat,
2609 3339 2665 3401 et
2693 3329 2976 3385 Theodoro
3004 3331 3406 3387 adscribendus.
3443 3328 3697 3401 Ejusdem

2112 3399 2314 3454 mentio
2356 3406 2438 3452 est
2467 3398 2521 3451 in
2572 3400 2820 3463 Menzeis,
2865 3402 2918 3455 in
2951 3401 3067 3456 Vita
3098 3402 3264 3456 sancti
3309 3398 3579 3458 Pachomii
3628 3405 3697 3459 l5

2114 3468 2379 3546 Ma_i_i,__ub_i_
2406 3467 2605 3546 dicitur
2630 3470 2790 3546 etiam
2821 3470 3187 3546 ὁὴγιαεμέγρς,
3203 3473 3593 3546 sanctificante.

2180 3538 2295 3609 (55)
2339 3539 2619 3610 Undecimo
2655 3541 2737 3594 die
2776 3538 2962 3595 triensi:
2992 3542 3139 3610 Tybi,
3171 3544 3226 3596 id
3249 3552 3344 3607 est,
3389 3557 3563 3597 octavo
3602 3541 3693 3597 Id.

2108 3608 2358 3683 JgnuorJ
2389 3609 2467 3664 Ne
2512 3611 2711 3666 mirere
2733 3608 3097 3683 ‘undecimu'tn
3127 3612 3268 3666 diem
3300 3614 3438 3683 Tybi
3492 3613 3694 3683 mensis

2112 3679 2487 3751 Egyptiorum
2510 3679 2842 3751 respondere
2887 3681 2994 3735 diei
3036 3692 3192 3736 sexto
3234 3679 3469 3737 Januarii
3500 3682 3717 3736 Rome»

2110 3750 2301 3805 norum
2350 3750 2583 3815 mensis,
2634 3764 2728 3805 seu
2759 3766 2851 3803 vin
2898 3751 3080 3805 Iduum
3121 3751 3516 3808 Januariarum.
3558 3754 3691 3808 Nam

2111 3820 2351 3892 Egyptii
2408 3835 2649 3892 mensem
2702 3835 2856 3873 suum
2904 3822 3038 3892 Tybi
3085 3823 3497 3891 auspicabantur
3540 3834 3695 3877 sexto

2111 3890 2469 3946 Kalendarum
2499 3890 2897 3958 Januariarum,
2945 3890 3040 3946 seu
3088 3892 3153 3943 27
3209 3893 3537 3947 DeCemhris.
3570 3894 3689 3948 iam

2111 3978 2239 4016 vero
2269 3977 2300 4014 a
2328 3962 2395 4014 27
2427 3960 2733 4015 Decembris
2773 3962 2839 4014 ad
2883 3974 3094 4017 sextum
3138 3961 3372 4017 Januarii
3420 3964 3584 4019 habes
3628 3966 3689 4019 11

2111 4032 2249 4087 dies.
2279 4031 2414 4085 Vide
2433 4031 2486 4084 in
2514 4031 2855 4084 Onomastico
2881 4034 3139 4087 Mensium
3173 4034 3424 4088 tabulam.

2184 4101 2298 4172 (56)
2344 4101 2408 4154 Et
2448 4100 2598 4153 credo
2644 4101 2768 4173 quia
2791 4105 2919 4156 tanti
2947 4104 3044 4157 viri
3085 4106 3381 4158 recordatus
3429 4102 3691 4173 sum.]lta

2112 4169 2441 4226 Athanasius
2472 4169 2750 4225 memoriae
2780 4174 2949 4227 sancti
2974 4176 3191 4228 Antonii
3220 4177 3445 4228 multum
3476 4169 3686 4228 tribuit.

2111 4242 2282 4310 Supra
2313 4242 2365 4295 in
2399 4242 2708 4309 przefatione
2749 4244 2815 4295 ad
2846 4243 2963 4313 ejus
2993 4244 3164 4300 Vitam
3199 4262 3213 4298 :
3247 4262 3267 4296 ι
3304 4246 3512 4299 E;euim
3561 4245 3697 4302 mihi

2112 4316 2299 4382 ingens
2327 4313 2648 4383 lucrumest
2675 4322 2833 4382 atque
2860 4314 3060 4369 uti'itas
3091 4316 3191 4369 hoc
3227 4315 3400 4383 ipsum
3429 4315 3568 4383 quod
3595 4332 3693 4371 re-

2113 4383 2309 4439 cordor
2335 4382 2574 4436 Antonii.
2610 4401 2629 4433 ι
2667 4383 2739 4435 Ex
2774 4393 3080 4438 sanctorum
3118 4382 3377 4439 memoria
3423 4382 3604 4452 triplex
3638 4386 3695 4441 in

2114 4470 2173 4509 se
2195 4454 2519 4507 desiderium
2550 4454 2792 4518 agnoscit
2835 4455 3154 4515 Bernardus,
3202 4472 3366 4510 serm.
3398 4455 3431 4507 5
3473 4457 3523 4507 in
3552 4453 3698 4509 festo

424 4526 718 4604 nachorum
746 4522 967 4604 ellectus
994 4522 1127 4604 erat",
1156 4525 1243 4593 qui
1266 4538 1318 4604 et
1343 4524 1439 4592 ipsi
1468 4524 1681 4593 egregia
1714 4522 2008 4579 floruerunt
2039 4545 2085 4604 ι)
2114 4526 2351 4580 omnium
2380 4534 2684 4604 sanctorum
2716 4541 2782 4604 :_¢
2808 4526 2976 4604 Plane
2995 4527 3139 4595 quod
3162 4541 3346 4604 eorum
3372 4526 3690 4604 memoriam

421 4597 756 4653 sanctitate.»
794 4598 1059 4652 llacteuus
1090 4595 1367 4648 Baronius.

494 4667 601 4722 Sed
634 4668 904 4722 Pacbomii
936 4668 1059 4720 anni
1090 4664 1414 4720 reformandi
1440 4673 1566 4718 sunt
1605 4664 1669 4718 ad
1711 4662 1819 4732 jam
1863 4663 2002 4719 dicta

421 4738 688 4809 superius,
716 4755 834 4806 cap,
868 4738 922 4803 4,
953 4754 1019 4809 n._
1039 4737 1091 4800 6,
1144 4736 1230 4789 ubi
1277 4735 1616 4809 probavimus
1659 4735 2003 4809 l’achomium

419 4806 912 4866 helloMaxentiano
935 4807 1213 4867 militasse,
1229 4806 1366 4875 quod
1386 4818 1592 4875 gestum
1605 4806 2006 4859 estannotlhri-

420 4881 487 4933 sti
508 4879 633 4935 512.
663 4881 812 4937 Unde
839 4882 940 4935 hoc
968 4895 1109 4933 anno
1135 4876 1241 4929 528
1261 4880 1391 4947 (quo
1411 4891 1532 4930 eum
1555 4876 1824 4931 existimat
1843 4875 2006 4931 Baro-

419 4950 543 5004 nius
570 4952 640 5004 ab
670 4951 963 5006 Athanasio
992 4950 1289 5017 visitatum)
1319 4947 1477 5003 fuerit
1516 4961 1773 5000 annorum
1820 4962 2000 5000 xxxvi.

491 5020 606 5090 (52)
650 5022 918 5090 Πεναεια.)
950 5021 1071 5076 Fuit
1101 5021 1186 5074 hic
1214 5018 1586 5090 Alexandriam
1615 5018 1847 5090 civitatis
1886 5017 2002 5085 epi-

419 5088 635 5161 scopus,
663 5093 731 5147 de
751 5109 856 5161 quo
878 5088 1137 5147 Eusebius
1170 5090 1220 5143 in
1242 5088 1529 5161 Chronico,
1555 5089 1753 5161 an_no‘8
1776 5088 2007 5140 Alexan-

418 5159 501 5213 dri
519 5157 655 5229 imp.
689 5178 703 5215 :
732 5157 1163 5218 {Alexandrinae
1196 5158 1445 5213 Ecclesia:
1491 5157 1842 5229 duodecimus
1892 5162 2005 5226 epi-

417 5228 614 5297 scOpus
645 5232 921 5286 ordinatur
970 5232 1222 5287 lleraclas
1264 5230 1418 5283 annis
1460 5244 1573 5283 xvi.
1610 5228 1863 5297 Ejusdem
1895 5242 2006 5281 me-

416 5300 572 5353 miuit
621 5302 902 5370 Eusebius,
962 5302 1100 5356 libro
1146 5316 1219 5367 vi,
1276 5302 1448 5370 capite
1481 5300 1548 5351 12
1573 5340 1587 5363 ,
1620 5297 1709 5363 14,
1740 5299 1808 5353 24
1837 5306 1885 5370 et
1937 5297 2008 5350 28

414 5370 718 5425 ecclesiast.
751 5368 951 5426 llistor.
991 5373 1181 5424 Exstat
1220 5369 1377 5436 hujus
1422 5371 1678 5424 memoria
1727 5371 1778 5421 in
1810 5368 2009 5437 Marty-

417 5439 624 5510 rologio
653 5442 893 5498 Romano
917 5442 985 5495 M
1011 5440 1137 5499 Julii
1174 5459 1187 5495 :
1225 5459 1243 5492 ι
1275 5440 1613 5494 Alexandria:
1642 5441 1810 5494 sancti
1831 5439 2008 5510 illera-

416 5510 517 5581 cla:
544 5509 818 5567 antistitis
852 5552 867 5577 ,
918 5513 988 5567 ob
1036 5511 1189 5581 cujus
1238 5510 1642 5565 celeberrimam
1676 5509 2003 5581 ropiuioneut

417 5580 701 5655 Africanus
733 5578 1192 5655 historiographns
1219 5589 1480 5636 memorat
1527 5596 1585 5635 se
1624 5578 2005 5635 Alexandriam

416 5652 482 5704 ad
507 5667 626 5705 cum
651 5654 926 5723 visendum
954 5652 1322 5723 pronerassea

486 5724 601 5791 (33)
648 5722 883 5791 Origem's
910 5718 1255 5847 cominenlaﬁ
1282 5720 1440 5788 Infra,
1486 5736 1605 5789 cap.
1656 5719 1724 5773 «15
1755 5737 1769 5773 ;
1806 5739 1825 5772 ‹
1855 5718 2005 5800 Quod

486 5793 615 5847 mihi
644 5796 799 5847 vultis
822 5797 1183 5847 acquiescere.
1260 5807 1425 5847 cooue
1456 5794 1665 5847 placere
1688 5806 1783 5847 ner
1805 5806 2003 5847 omnia.

417 5791 457 5844 si
486 5790 615 5850 mihi
644 5790 799 5851 vultis
822 5797 1183 5867 acquiescere,
1213 5790 1425 5862 Dcoqne
1452 5794 1665 5863 placere
1688 5806 1783 5861 per
1805 5790 2003 5857 omnia,

2112 4609 2454 4659 veneramur,
2511 4602 2691 4665 nostra
2743 4596 2983 4661 interest,
3044 4611 3149 4665 non
3206 4599 3461 4665 ipsorum.
3515 4595 3698 4651 Vultis

2113 4667 2252 4720 scire
2281 4674 2534 4734 quantum
2566 4663 2789 4718 interest
2819 4666 3033 4719 nostra?
3059 4664 3168 4735 Ego
3194 4663 3247 4722 in
3274 4682 3384 4733 me,
3413 4666 3600 4730 fateor,
3623 4682 3696 4721 ex

2114 4738 2214 4790 hac
2236 4735 2603 4791 recordatione
2626 4736 2800 4788 sentio
2821 4736 3143 4791 desiderium
3167 4738 3458 4791 vehemens
3486 4737 3723 4789 inflam-

2111 4806 2269 4873 mari,
2313 4815 2368 4859 et
2413 4804 2740 4861 desiderium
2790 4805 3005 4876 triplex.
3036 4825 3055 4859 ›
3110 4807 3331 4877 Reliqua
3380 4808 3519 4875 apud
3566 4823 3695 4861 eum

2112 4878 2252 4931 vide.

2185 4947 2301 5019 (57)
2344 4945 2619 5019 Diabolum
2638 4945 2868 5001 t'inxt'stis
2886 4956 2937 5001 ut
2960 4947 3267 5018 passerem.j
3286 4947 3403 5016 lpse
3429 4947 3696 5012 diabolus,

2114 5017 2290 5084 infra,
2322 5033 2442 5086 cap.
2490 5017 2591 5083 49,
2624 5031 2775 5069 suam
2831 5018 3197 5073 inﬁrmitatem
3228 5017 3282 5072 et
3329 5020 3695 5086 captivitatem

2110 5088 2344 5143 fatetur:
2376 5108 2393 5138 ι
2431 5086 2506 5141 Ex
2537 5102 2641 5153 quo
2683 5087 2942 5142 mirabilis
2973 5089 3272 5142 incarnatio
3313 5088 3513 5142 Christi
3555 5089 3698 5142 facta

2110 5169 2193 5213 est
2221 5160 2271 5213 in
2304 5159 2482 5221 terris,
2507 5172 2605 5210 nos
2634 5155 2751 5211 sine
2780 5158 2979 5212 viribus
3005 5173 3227 5227 prorsus
3256 5160 3494 5213 existere
3522 5162 3700 5227 caepi-

2111 5245 2259 5292 ntus;
2289 5227 2360 5282 ita
2393 5235 2451 5280 ut
2482 5230 2548 5279 ab
2579 5227 2660 5280 bis
2689 5228 2777 5297 qui
2796 5229 3030 5299 credunt
3076 5231 3129 5282 in
3161 5229 3377 5283 nomine
3410 5227 3542 5299 _ejus
3573 5231 3702 5282 illit-

2110 5301 2300 5352 damur
2325 5308 2383 5352 ut;
2408 5312 2669 5367 passeres.
2706 5317 2723 5348 ι
2753 5297 2940 5353 Simile
2970 5299 3126 5353 habet
3155 5313 3316 5368 supra
3336 5297 3693 5367 Athanasius,

2112 5372 2165 5422 in
2200 5369 2317 5422 Vita
2348 5368 2517 5423 sancti
2549 5369 2765 5422 Antonii
2796 5384 2916 5437 cap.
2962 5369 3050 5423 16.
3084 5370 3262 5424 Aliam
3290 5379 3345 5423 et
3369 5370 3700 5423 contrariam

2111 5438 2180 5495 de
2209 5440 2454 5493 illusione
2485 5439 2748 5507 passeris,
2781 5455 2887 5506 qua
2913 5440 3159 5495 diabolus
3191 5450 3503 5509 peccatores
3530 5455 3703 5505 prava

2114 5509 2505 5565 eoiisuetudine
2529 5509 2737 5579 vinctos
2762 5518 2907 5563 tenet
2932 5510 3103 5579 iisque
3131 5510 3326 5573 illudit,
3357 5510 3700 5565 historiolatu

2111 5591 2166 5633 et
2205 5579 2610 5633 similitudinem
2641 5578 2799 5632 habet
2841 5580 3102 5635 Edinerus
3139 5583 3191 5635 in
3224 5580 3336 5634 Vita
3381 5581 3553 5633 sancti
3587 5583 3704 5633 An-

2113 5650 2290 5715 sl'lmi,
2322 5650 2461 5705 libro
2492 5663 2549 5711 ιι,
2583 5648 2734 5715 cujus
2762 5648 2879 5703 dies
2908 5650 3073 5704 festus
3098 5653 3332 5705 occurrit
3352 5650 3421 5704 21
3455 5649 3652 5716 Aprilis
3684 5670 3697 5701 :

2117 5738 2137 5770 ι
2167 5721 2284 5774 Alia
2316 5722 2433 5773 vice
2462 5721 2745 5785 conspexit
2775 5736 2993 5786 puerum
3024 5737 3145 5775 cum
3174 5721 3378 5774 avicula
3405 5722 3455 5774 in
3489 5722 3572 5773 via
3604 5721 3698 5773 lu-

2114 5791 2349 5859 dentem,
2379 5806 2494 5860 qua:
2520 5790 2630 5844 avis
2655 5788 2846 5858 pedem
2870 5792 2956 5847 filo
2977 5806 3243 5847 annexam
3269 5792 3495 5857 habens,
3524 5806 3699 5862 sa'pe,
