4016 6260
345 333 440 388 29.]

1431 332 1587 389 VITA
1632 330 1876 389 SA'NCTI
1919 335 2225 391 ΑΒΒΑιιίΕ
2266 337 2618 397 ΕΒΕΜΙΤιΕ.

3515 348 3619 406 262

346 466 467 525 cum
516 448 693 502 laxius
726 449 806 525 ire
858 446 1310 525 permittebatur._
1338 448 1454 518 fuga
1507 449 1935 525 sibi__consulere
1968 454 2013 511 A
2042 453 2162 506 vide
2190 468 2259 525 ea
2288 462 2582 523 quzesttone
2609 454 2823 524 egregie
2848 455 3207 525 disputantem
3242 466 3418 514 utrum
3449 464 3624 518 cultus

346 524 604 591 cupiens,
665 522 887 574 avolare
945 520 1230 591 nitebatur.
1285 519 1538 591 Atupuer
1584 520 1732 574 filum
1778 536 1936 575 manu

349 588 564 655 tenens,
597 599 886 645 retractum
927 603 1099 655 usque
1127 590 1190 640 ad
1222 603 1282 643 se
1310 588 1612 658 dejieii-bat,
1646 601 1700 645 et
1734 593 1833 645 hoc
1858 593 1940 645 in—

344 679 481 731 gens
508 661 767 730 gaudium
813 660 893 716 illi
922 668 1057 714 erat.
1110 659 1326 713 Factum
1355 670 1449 731 est,
1487 659 1537 713 id
1587 660 1934 730 frequentius.

344 730 503 801 Quod
535 740 690 801 pater
728 734 1025 801 aspiciens,
1062 731 1273 784 misera:
1317 730 1591 785 condoluit
1631 734 1734 795 avi,
1788 747 1850 787 ac
1882 740 1939 787 ιιι

344 800 655 871 τιιιιιοιὶιο
695 800 927 857 libertati
998 800 1336 865 redderetur,
1400 806 1623 869 optavit.
1687 803 1756 856 Et
1810 818 1937 858 ecce

350 877 500 929 ﬁlum
533 873 820 940 rumpitur,
866 872 981 928 avis
1009 871 1218 936 avolat,
1250 887 1381 937 puer
1408 873 1610 939 plorat,
1644 880 1797 940 pater
1839 889 1940 930 ev-

346 947 535 1000 soltat.
609 943 676 999 Et
739 947 941 998 vocatis
1016 940 1653 1006 nobis:Considerastis,
1727 944 1934 1012 inquit,

344 1019 533 1085 jncnm
568 1015 757 1083 pueri?
796 1026 851 1068 et
895 1012 1159 1085 confessis
1188 1012 1586 1085 considerasse,
1616 1012 1735 1085 ait:
1762 1015 1937 1069 Simili

342 1082 784 1141 consideratione
806 1085 1018 1153 joeatnr
1045 1082 1290 1137 diabolus
1318 1097 1439 1137 cum
1484 1086 1665 1138 multis
1696 1084 1933 1140 homini-

348 1157 476 1220 bus,
507 1171 644 1226 quos
673 1157 783 1210 suis
810 1154 1014 1226 laqueis
1058 1153 1291 1226 irretitos
1320 1168 1417 1226 pro
1446 1168 1549 1226 sua
1568 1153 1843 1211 voluntate
1883 1158 1935 1210 in

348 1223 564 1281 diversa
592 1227 718 1281 vitia
748 1224 1029 1296 pertrahit.
1071 1224 1206 1296 Sunt
1244 1225 1385 1296 enim
1427 1223 1665 1296 quidam,
1708 1234 1765 1279 ut
1791 1227 1937 1283 verbi

347 1300 520 1363 gratia
548 1294 761 1361 dicam,
780 1306 873 1351 aut
900 1294 1154 1360 avaritiae,
1202 1306 1294 1349 aut
1320 1294 1572 1362 luxuriae,
1602 1305 1656 1349 et
1682 1297 1935 1352 similium

350 1366 590 1423 ﬂammis
640 1366 909 1432 succensi,
960 1376 1013 1420 et
1068 1380 1134 1418 ex
1187 1380 1378 1435 magna
1417 1367 1804 1422 consuetudine
1833 1368 1937 1425 illis

346 1437 570 1492 addicti.
616 1438 712 1492 llis
739 1436 1002 1505 contingit
1030 1436 1316 1504 aliquando
1360 1445 1417 1489 ut
1446 1450 1539 1489 sita
1584 1435 1719 1492 facta
1752 1440 1935 1492 consi-

346 1507 566 1573 derent,
600 1508 870 1574 defleant,
902 1522 1065 1576 seque
1091 1506 1288 1560 amudo
1335 1520 1365 1559 a
1393 1506 1587 1560 talibus
1633 1518 1937 1563 cessatores

347 1579 452 1632 sibi
483 1581 822 1647 promittant.
857 1579 935 1632 En
976 1575 1125 1631 more
1152 1575 1264 1629 avis
1307 1591 1367 1631 se
1394 1577 1576 1647 volare
1618 1576 1815 1633 liberos
1844 1595 1936 1633 au-

348 1646 581 1704 tumant.
614 1648 723 1704 Sed
753 1650 875 1717 quia
906 1662 1071 1717 pravo
1101 1659 1200 1700 usu
1232 1647 1418 1717 irretiti
1449 1646 1518 1700 ab
1549 1647 1704 1702 hoste
1752 1657 1938 1705 tenen-

346 1725 437 1771 tur
461 1719 731 1783 volantes,
777 1720 829 1773 in
860 1716 1047 1773 eadem
1075 1716 1201 1770 vitia
1231 1716 1572 1787 dejiciuntur.
1615 1718 1804 1786 Fitque
1835 1720 1936 1775 hoc

345 1789 568 1858 saepius.
602 1805 701 1844 nec
732 1788 1055 1842 omnimodis
1084 1787 1397 1854 liberantur,
1430 1787 1532 1842 nisi
1561 1803 1751 1856 magno
1769 1805 1935 1844 cona-

346 1868 403 1910 tu
421 1875 514 1927 per
534 1868 836 1927 reSpcetnm
851 1860 1034 1928 gratiae
1050 1858 1164 1925 Dei,
1185 1858 1329 1911 filum
1347 1872 1522 1926 pravae
1536 1861 1936 1915 consuetudinis

344 1930 708 1998 ilirumpatur.
744 1947 761 1981 ι
815 1927 966 1997 Quod
998 1929 1157 1983 etiam
1192 1927 1357 1982 habes
1401 1928 1541 1997 apttd
1586 1928 1896 1984 Anselmum
1920 1972 1936 1996 ,

349 2000 447 2054 lib.
470 2001 539 2055 de
564 2000 1034 2065 Similitudinibus,
1050 2014 1167 2065 cap.
1185 1998 1310 2064 189,
1335 1999 1753 2062 etAntoninum,
1771 2010 1880 2057 tom
1898 2002 1940 2057 ll

347 2070 633 2133 Chronic,
667 2072 747 2126 tit.
781 2087 889 2135 xvi,
921 2085 1040 2137 cap.
1072 2071 1160 2135 11,
1194 2069 1221 2140 §
1251 2068 1307 2132 2,
1339 2071 1495 2140 paulo
1524 2071 1862 2138 explicatius.

433 2140 550 2213 (58)
591 2141 763 2195 Panos
817 2142 1035 2194 civitatis
1096 2139 1620 2213 episcopushl’arus
1689 2140 1937 2213 nomine.]

354 2210 517 2279 Apud
550 2213 950 2280 Metaphrastem
992 2218 1095 2275 est,
1132 2225 1249 2277 cap.
1270 2209 1369 2273 62,
1402 2209 1634 2265 Civitatis
1663 2209 1935 2281 epzscopu§

353 2283 571 2352 nomine
620 2282 934 2348 Panuarius,
978 2281 1118 2352 quod
1162 2283 1302 2334 haud
1349 2282 1507 2336 dubie
1552 2296 1616 2336 ex
1673 2282 1843 2336 Panos
1880 2292 1937 2339 ct

360 2349 535 2404 Varus
561 2354 927 2420 depravatum.

423 2423 540 2492 (59)
583 2423 691 2492 Ego
730 2433 897 2493 autem
945 2425 1462 2493 quantulumcumque
1504 2423 1548 2476 ei
1592 2423 1814 2489 requiem
1859 2425 1935 2478 vel

344 2492 800 2566 satisfactionem]
836 2497 984 2562 Apud
1009 2497 1184 2566 divum
1210 2492 1546 2563 Gregorium,
1575 2492 1788 2566 librotv
1816 2494 1936 2566 Dia-

346 2561 480 2631 log.,
534 2579 654 2631 cap.
702 2561 800 2629 50,
849 2561 1073 2633 inquirit
1106 2566 1292 2619 Petrus
1324 2561 1391 2617 an
1443 2564 1613 2631 prosit
1652 2563 1935 2619 animabus

346 2642 723 2696 mortuorum,
755 2637 800 2687 si
831 2650 1055 2703 corpora
1092 2636 1143 2690 in
1173 2636 1397 2689 ecclesia
1421 2638 1529 2687 sint
1555 2634 1799 2701 sepulta?
1830 2635 1935 2689 Re-

343 2705 577 2776 spondet
607 2707 767 2759 divus
796 2704 1088 2776 Gregorius
1115 2725 1125 2758 :
1158 2724 1176 2756 ι
1213 2706 1359 2772 Quos
1382 2704 1562 2774 gravia
1590 2714 1803 2776 peccata
1828 2721 1930 2758 non

344 2773 679 2844 deprimunt,
714 2776 814 2830 hoc
842 2773 1060 2844 prodest
1087 2788 1333 2841 mortuis,
1363 2773 1406 2829 st
1437 2779 1486 2827 in
1519 2775 1743 2829 ecclesia
1773 2790 1931 2843 sepe-

346 2841 573 2910 liantur,
606 2847 749 2915 quod
773 2841 958 2901 eorum
984 2848 1237 2915 proximi,
1267 2847 1480 2914 quoties
1504 2846 1569 2897 ad
1601 2844 1783 2899 eadem
1816 2841 1931 2899 Iaca

343 2926 500 2969 sacra
532 2919 894 2983 conveniunt,
930 2934 1146 2972 suorum
1178 2932 1405 2986 quorum
1439 2916 1682 2986 sepulcra
1716 2916 1934 2983 conspi-

343 2997 518 3057 ciunt,
571 2989 947 3052 recordamur,
976 2999 1031 3042 et
1060 3004 1156 3057 pro
1188 2985 1275 3057 eis
1316 3001 1503 3055 preces
1536 2985 1759 3041 Domino
1807 2987 1931 3057 fune

344 3054 504 3127 dunt.
538 3056 674 3111 Nam
725 3073 863 3127 quos
895 3054 1104 3125 peccata
1136 3056 1316 3127 gravia
1360 3057 1689 3127 deprimunt,
1726 3072 1831 3127 non
1863 3056 1931 3109 ad

342 3126 755 3182 absolutionem
776 3128 953 3197 potius
979 3126 1153 3197 quam
1183 3128 1249 3181 ad
1280 3126 1537 3195 majorem
1570 3126 1927 3181 damnationis

342 3197 644 3275 cumulum,
702 3214 888 3275 eorum
939 3213 1165 3275 corpora
1213 3199 1268 3275 in
1298 3198 1538 3252 ecclesiis
1581 3206 1866 3275 ponuntur.
1890 3215 1921 3275 _i
1960 3210 2006 3275 ρ

344 3266 499 3331 Quod
534 3269 803 3335 posterius
851 3270 1149 3324 tnembrum
1188 3269 1354 3323 tribus
1396 3267 1744 3337 sequentibus
1786 3268 1933 3335 capi-

342 3338 487 3390 tibus
519 3353 614 3407 per
640 3340 881 3408 exempla
908 3341 1116 3406 probat.
1142 3339 1331 3393 Totum
1355 3354 1476 3393 eum
1507 3344 1681 3392 locum
1708 3353 1932 3405 expres-

342 3420 464 3460 sum
525 3410 690 3464 habes
738 3413 789 3463 in
849 3414 1197 3478 responsione
1245 3409 1498 3463 Nicolail
1547 3408 1814 3478 ροιιιὶῐίοιε
1864 3408 1931 3461 ad

341 3480 591 3551 consulta
622 3480 973 3550 Bulgarornm
996 3522 1009 3545 ,
1037 3495 1158 3551 cap.
1198 3480 1291 3535 99.

421 3547 536 3615 Quo
570 3547 938 3606 modu'autem
966 3547 1116 3605 obsit
1136 3551 1291 3605 malis
1336 3564 1486 3606 sacra
1516 3548 1809 3619 sepultura,
1838 3563 1932 3604 ex-

340 3616 506 3685 plicat
534 3620 675 3675 idem
707 3621 1018 3690 Gregorius,
1065 3637 1183 3690 cap.
1235 3622 1325 3685 55,
1380 3616 1609 3676 άὶθυιιςὶ
1649 3639 1667 3671 ι
1694 3619 1773 3672 Ex
1827 3635 1929 3688 qua

341 3703 430 3763 re,
465 3690 645 3757 l’etre,
680 3692 891 3760 collige,
928 3694 1048 3761 quia
1082 3692 1185 3759 his,
1217 3707 1350 3763 quos
1381 3700 1599 3763 peccata
1626 3690 1806 3760 gravia
1827 3694 1925 3744 de-

340 3760 600 3828 primunt,
632 3765 674 3816 si
722 3764 772 3816 in
805 3760 958 3817 sacro
990 3764 1106 3817 loco
1148 3760 1365 3832 sepeliri
1396 3778 1457 3817 se
1506 3761 1723 3821 faciant,
1755 3768 1925 3815 restat

344 3840 409 3883 ut
448 3831 610 3886 etiam
642 3836 709 3887 de
737 3848 830 3886 sua
864 3831 1281 3902 praesumptione
1308 3834 1631 3903 judicentur,
1663 3840 1924 3901 quatenus

343 3916 440 3955 ens
467 3918 619 3957 sacra
650 3905 766 3957 loca
794 3919 901 3958 non
936 3904 1178 3973 liberent,
1215 3906 1309 3960 sed
1330 3905 1492 3959 etiam
1521 3904 1675 3973 culpa
1705 3904 1923 3956 temeric

343 3974 469 4027 tatis
495 3984 730 4030 accuset.
764 3993 783 4025 ι

419 4047 532 4109 Quo
560 4045 720 4099 modo
748 4044 908 4097 etiam
936 4044 1091 4099 divus
1116 4045 1350 4099 Thomas
1369 4086 1385 4111 ,
1433 4046 1484 4098 in
1514 4043 1920 4113 Supplemento,

344 4128 403 4181 q.
436 4116 522 4178 7t,
551 4122 654 4167 art.
694 4116 778 4177 ll,
800 4119 865 4168 ad
888 4116 945 4183 5,
972 4118 1306 4183 respondens
1331 4117 1492 4184 priori
1523 4116 1643 4168 loco
1669 4114 1919 4184 Gregorii

346 4188 429 4237 ait
457 4201 471 4239 :
507 4203 525 4236 ι
566 4187 709 4253 quod
738 4188 1018 4251 sepultura
1045 4186 1096 4239 in
1130 4202 1283 4239 sat-ro
1310 4183 1448 4250 luco,
1481 4186 1643 4254 impio
1674 4183 1925 4237 defuncto

346 4270 453 4308 non
479 4265 654 4325 nocet,
686 4258 786 4310 nisi
814 4269 1078 4325 quatenus
1109 4256 1244 4309 hanc
1291 4257 1617 4324 sepulturam
1649 4255 1749 4308 sibi
1786 4254 1926 4306 indi-

345 4336 502 4393 gnam
550 4335 771 4395 prOpter
803 4328 1084 4380 humanam
1118 4328 1341 4396 gloriam
1394 4327 1717 4395 procuravit.
1752 4327 1921 4391 Quem

347 4503 619 4517 ~—

1968 1829 2016 1889 B

2042 524 2417 590 exsequiarum
2445 525 2713 579 defunctis
2739 524 2967 594 prosint.

2118 596 2292 662 Atque
2333 595 2397 648 ad
2451 595 2642 669 borum
2684 606 2989 669 sanctorum
3035 596 3325 669 doctorum
3362 610 3622 669 mentem,

2042 677 2195 717 mens
2240 679 2451 733 quoque
2489 665 2759 720 Pacbomii
2806 667 3108 721 revocanda
3131 675 3233 723 est.
3289 668 3403 724 Huc
3453 665 3617 726 etiam

2042 733 2229 807 referri
2283 745 2473 807 potest,
2506 736 2644 803 quod
2678 737 2837 791 habet
2876 736 3134 799 Joannes,
3168 737 3328 801 infra,
3371 738 3551 796 libello
3584 758 3625 807 ῐ,

2016 804 2131 873 qui
2158 812 2240 858 est
2268 803 2335 877 de
2359 805 2729 870 Praevidentia,
2764 823 2819 860 η.
2855 808 2943 874 15,
2968 808 3058 861 ιιΙή
3088 807 3319 877 Nilopoli
3347 809 3500 865 dives
3528 803 3625 865 da;

2042 884 2253 947 mnatns
2306 875 2599 931 honorifice
2645 878 2919 945 sepelitur,
2968 886 3025 931 ut
3054 878 3143 947 qui
3173 875 3356 947 parum
3392 880 3513 934 boni
3544 882 3626 935 vi-

2042 959 2171 1016 vens
2201 944 2253 999 in
2290 946 2389 1000 hoc
2431 949 2628 1002 smculo
2677 947 2895 1013 fecerat,
2933 944 3116 1015 parum
3163 944 3376 1016 quoque
3408 950 3535 1004 boni
3564 950 3618 1005 in

2044 1014 2146 1069 huc
2192 1017 2387 1070 saeculo
2416 1018 2697 1086 reciperet.
2730 1014 2942 1073 Contra
2959 1034 3087 1073 vero
3134 1014 3357 1073 eremita
3406 1031 3623 1075 sanctus

2042 1100 2073 1138 a
2105 1086 2294 1140 helluis
2322 1086 2643 1151 comeditur,
2695 1090 2815 1156 quia
2847 1104 3035 1156 parum
3080 1088 3252 1159 culpa:
3300 1091 3351 1143 in
3384 1090 3484 1145 hac
3513 1093 3622 1146 vita

2041 1166 2402 1228 contraxerat,
2430 1172 2555 1228 qua;
2580 1159 2651 1213 ita
2678 1160 3015 1228 expiabatur.

2114 1225 2557 1299 (40)‘Psialh08.]
2581 1225 2894 1298 Infra,'eap.
2926 1229 2999 1299 ιζ
3027 1246 3039 1281 :
3073 1246 3093 1280 ι
3124 1228 3283 1284 Venit
3310 1229 3378 1284 ad
3406 1228 3619 1296 fratres,

2042 1299 2133 1365 qui
2179 1297 2457 1369 psiathios
2487 1297 2866 1369 operabantur.
2898 1319 2918 1353 ι
2963 1298 3031 1353 Ει
3056 1314 3175 1368 cap.
3203 1300 3272 1355 52
3302 1317 3317 1353 :
3352 1318 3373 1353 ι
3399 1299 3625 1369 Semper

2040 1368 2527 1440 aiitemqpsiatbios
2570 1370 2911 1438 operabatur.
2942 1390 2960 1423 ι
2995 1370 3129 1425 Sunt
3178 1378 3359 1425 autem
3411 1368 3623 1440 psiailii,

2042 1437 2284 1509 psiathii,
2306 1449 2361 1494 et
2407 1437 2631 1507 psiathia
2676 1442 2935 1495 mattulaz.
2968 1440 3212 1495 Ridicule
3242 1437 3484 1509 quaedam
3514 1441 3628 1495 edi—

2044 1508 2214 1580 tiones
2236 1510 2429 1580 cini/tos
2460 1510 2675 1580 habent.
2707 1512 2951 1565 Occurrit
2972 1525 3116 1580 saepe
3147 1508 3273 1565 hate
3308 1525 3407 1565 vox
3441 1513 3496 1565 in
3544 1512 3626 1567 bis

2041 1576 2260 1631 Patrum
2292 1579 2452 1634 Vitis.
2485 1579 2618 1636 Vide
2645 1581 3046 1635 Onomasticon.

2113 1648 2231 1722 (il)
2274 1649 2376 1716 Qui
2404 1650 2739 1722 septimanam
2769 1650 3031 1722 faciebat]
3060 1648 3351 1722 Dicebatur
3380 1649 3467 1722 hic
3495 1650 3620 1704 heb-

2041 1720 2396 1784 domadarius,
2430 1720 2792 1786 cui‘minister,
2841 1723 2913 1775 uti
2960 1720 3030 1775 et
3056 1720 3164 1787 hic,
3214 1720 3621 1789 adjungebatur.

2046 1791 2418 1862 Hieronymus,
2468 1792 2781 1859 praafatione
2809 1793 2863 1846 in
2909 1791 3166 1862 Regulam
3193 1792 3370 1862 sancti
3411 1790 3623 1845 Pacho-

2043 1860 2181 1932 inii:
2220 1879 2238 1912 ι
2269 1862 2476 1917 [labent
2506 1877 2599 1928 per
2627 1862 2838 1932 singula
2869 1860 3193 1918 monasteria
3228 1860 3385 1931 144
3413 1871 3623 1929 patres,

2041 1940 2097 1986 et
2124 1931 2543 1999 dispensatores,
2576 1942 2628 1986 et
2660 1932 3144 1996 hebdomadarios,
3177 1945 3239 1984 ac
3272 1932 3563 1984 ministros.
3602 1949 3621 1983 ι

2114 2002 2228 2071 (l2)
2270 2002 2384 2073 Ego
2437 2018 2549 2056 sum
2599 2002 2876 2072 Christum]
2928 2002 3097 2073 Simili
3148 2001 3350 2073 fraude,
3381 2002 3623 2073 apparuit

2042 2070 2230 2127 sancto
2256 2070 2502 2136 lllartino,
2556 2082 2612 2127 ut
2641 2082 2725 2128 est
2748 2070 2889 2141 apud
2919 2072 3177 2129 Severum
3209 2070 3521 2140 Sulpicium,
3554 2071 3624 2125 de

2045 2142 2161 2195 Vita
2192 2144 2364 2196 sancti
2392 2143 2625 2209 Martini,
2660 2159 2780 2211 cap.
2811 2144 2904 2198 ‘25.

2111 2212 2227 2282 (45)
2267 2213 2564 2267 llludamur
2588 2223 2642 2267 ut
2690 2211 2961 2285 passeres.]
2996 2211 3125 2268 Vide
3171 2211 3315 2267 dicta
3344 2228 3503 2281 supra
3549 2216 3617 2266 ad

2043 2282 2216 2338 Vitam
2248 2285 2417 2339 sancti
2442 2282 2836 2352 Antonii,'cap.
2865 2282 2959 2347 16,
2990 2299 3043 2336 n.
3076 2286 3166 2337 41.

2114 2355 2228 2423 (44)
2274 2356 2473 2419 Quarto
2530 2355 2729 2410 deciate
2778 2358 2860 2407 die
2912 2354 3098 2407 mensis
3156 2352 3395 2416 Paclion,
3446 2368 3623 2405 secuit.

2038 2423 2160 2477 dum
2213 2423 2528 2495 Egyptios,
2584 2427 2671 2495 qui
2719 2435 2791 2478 est
2827 2426 2985 2495 λιιι-ια
3038 2423 3414 2495 Ιιοιιιαηοδηαά
3471 2424 3622 2491 ,ςερεὶ-

2039 2511 2177 2565 mum
2203 2493 2338 2549 diem
2360 2493 2567 2547 Vlduum
2620 2493 2926 2565 Maiarum]
2962 2496 3015 2547 In
3050 2496 3219 2565 veteri
3260 2494 3494 2548 editione
3526 2507 3621 2559 pro

2038 2562 2254 2618 Pachon
2283 2575 2365 2618 est
2394 2565 2561 2620 Chon.
2592 2566 2695 2620 Sed
2724 2562 2927 2620 rectum
2953 2574 3035 2619 cst
3066 2564 3300 2626 Par/ton,
3331 2573 3387 2615 ιιι
3430 2564 3622 2617 habent

2039 2634 2412 2705 manuscripti,
2461 2638 2551 2704 qui
2580 2646 2738 2691 notus
2784 2647 2868 2691 est
2901 2635 3101 2689 mensis
3146 2635 3287 2702 apud
3318 2633 3620 2703 A'Zgyptios.

2038 2705 2206 2777 flecte
2235 2722 2410 2760 autem
2436 2707 2549 2761 dies
2571 2705 2807 2777 IEgyptii
2841 2707 3041 2760 mensis
3064 2708 3630 2777 assignatusrespon-

2036 2775 2126 2830 det
2146 2778 2248 2831 diei
2274 2777 2474 2831 mensis
2504 2773 2726 2831 Rornnni
2760 2777 2954 2831 ibidem
2989 2776 3168 2843 positi.
3204 2773 3479 2843 Siquidem
3509 2774 3621 2840 pri-

2036 2862 2154 2901 mus
2184 2849 2298 2901 dies
2327 2846 2540 2901 Paclion
2573 2848 2757 2916 incipit
2778 2847 2928 2916 juxta
2956 2842 3223 2900 Romanos
3246 2847 3333 2899 die
3360 2842 3431 2897 26
3466 2856 3620 2916 meno

2034 2918 2110 2970 sis
2142 2918 2373 2987 Aprilis;
2405 2933 2571 2987 quare
2598 2908 2710 2971 dies
2762 2908 2828 2973 f4
2856 2918 3054 2971 mensis
3084 2916 3297 2970 Pachon
3331 2908 3627 2987 respondet

2037 2981 2270 3057 septimo
2300 2981 2483 3042 liluu'm
2517 2990 2803 3054 Maiarum,
2836 3003 2932 3042 seu
2980 2988 3098 3039 .‘llaii
3141 2988 3211 3050 9;
3246 3000 3364 3039 nam
3394 2981 3535 3057 a'die
3555 2981 3624 3034 ‘25

2034 3056 2237 3126 Aprilis
2269 3074 2437 3128 usque
2462 3059 2529 3112 ad
2577 3063 2608 3113 9
2637 3059 2755 3112 Maii
2784 3069 2907 3112 sunt
2934 3057 3048 3112 dies
3071 3073 3179 3110 xw.
3241 3057 3367 3110 Vide
3397 3056 3452 3109 in
3485 3056 3624 3107 Un0~

2035 3131 2259 3183 mastico
2290 3129 2523 3182 tabulam
2555 3131 2839 3183 mensium.

2111 3198 2227 3270 (45)
2253 3199 2536 3270 Drmiam
2566 3200 2814 3269 nomine.|
2839 3198 2922 3270 ille
2951 3211 3017 3252 eo
3045 3195 3351 3252 Gennadius
3382 3195 3433 3270 in
3475 3201 3623 3247 cati-

2038 3269 2159 3335 ιοδο
2208 3268 2495 3325 illustrium
2540 3268 3188 3337 Ecclesize'Scriptornm,
3236 3282 3356 3335 cap.
3390 3268 3422 3320 9
3466 3279 3624 3332 quem

2037 3340 2153 3414 ipse
2197 3342 2511 3414 Uriesiesini
2552 3350 2705 3414 vocat
2727 3357 2792 3414 _:_i
2830 3338 3115 3414 Uriesiesis
3147 3339 3471 3414 monachus,
3495 3351 3620 3414 am-

2037 3408 2250 3477 borum,
2279 3412 2329 3464 id
2355 3420 2440 3466 est
2486 3411 2762 3466 Pachumii
2794 3420 2849 3466 et
2892 3410 3171 3481 Theodori.
3191 3408 3422 3478 collega,
3457 3408 3535 3457 vir
3569 3408 3620 3456 in

2037 3483 2235 3536 sanctis
2265 3481 2557 3550 Scripturis
2586 3482 2653 3535 ad
2701 3481 2997 3550 perfectum
3030 3480 3342 3542 instructus,
3393 3488 3617 3542 compo-

2036 3553 2146 3605 suit
2192 3550 2383 3606 librum
2426 3552 2609 3606 divino
2637 3552 2914 3607 conditum
2945 3551 3080 3615 sale,
3126 3552 3393 3617 totiusque
3439 3559 3622 3600 molia-

2038 3624 2191 3675 sticze
2251 3622 2555 3692 disciplina:
2605 3622 2977 3677 instrumentis
3023 3630 3425 3692 constructum;
3481 3631 3535 3692 ei
3565 3627 3620 3667 ut

2035 3692 2350 3766 simpliciter
2394 3688 2588 3757 dicant,
2624 3698 2675 3745 in
2724 3707 2830 3761 quo
2861 3701 3026 3766 totum
3060 3705 3196 3766 pene
3231 3689 3392 3766 Vetus
3425 3688 3619 3766 etho-

2032 3756 2160 3835 vuin
2209 3756 2607 3817 Testamentum
2643 3756 3075 3835 compendiosis
3100 3756 3577 3835 dissertationibus
3598 3794 3616 3821 ,

2026 3832 2178 3901 juxta
2211 3835 2594 3889 monachorum
2624 3831 2877 3888 duntaxat
2907 3832 3279 3887 necessitatem
3304 3870 3318 3895 ,
3348 3831 3613 3901 invenitur

2030 3897 2331 3971 expositum
2353 3946 2369 3969 ,
2398 3919 2568 3976 quem
2589 3913 2764 3976 tamen
2796 3905 2910 3958 vice
2941 3901 3247 3976 testamenti
3268 3897 3618 3976 propediem

2035 3968 2211 4029 obitus
2276 3976 2356 4029 soi
2403 3968 2656 4029 fratribus
2709 3975 2923 4028 obtulit.
2959 3991 2977 4024 ι
3014 3974 3066 4026 ln
3115 3968 3315 4040 Regula
3350 3968 3627 4023 l'achotnii

2031 4060 2127 4113 per
2160 4045 2443 4116 Achillem
2475 4048 2703 4099 Statium
2735 4045 2876 4098 edita
2910 4052 3141 4116 vocatur
3193 4042 3487 4116 Ursieaius;
3536 4050 3623 4116 u_(_:~

2028 4108 2198 4189 curiit
2223 4117 2360 4184 apud
2390 4116 2693 4189 Pelagium,
2715 4114 3085 4189 itifra,Alibello
3138 4129 3213 4189 xi,
3267 4130 3321 4189 n_.
3355 4112 3449 4189 1’37.
3480 4116 3536 4189 ρι

2033 4187 2178 4240 bello
2210 4181 2299 4251 xv,
2327 4203 2381 4239 ιι.
2413 4185 2501 4250 51,
2522 4181 2775 4240 Ὀνεὶδὶιιε.
2813 4186 3015 4239 Oriesis
3036 4187 3248 4255 regulas
3275 4183 3344 4238 de
3368 4181 3627 4235 institutis

2029 4260 2336 4312 monasticis
2360 4258 2525 4311 habes
2552 4268 2695 4312 tumo
2729 4256 2765 4311 V
2797 4256 2933 4311 Bibl.
2967 4257 3207 4310 Patrum.

623 4490 3111 4499 __________M_____________________________________4‘4H

1776 4630 2004 4675 MARTJ
2052 4633 2185 4679 XVL

734 4777 1213 4930 VITA.
1313 4777 2029 4925 SANCTI
2127 4776 3022 4963 ABRAHAE
3098 4842 3255 4964 (η,

1682 5046 2203 5121 ΕΒΕΜΙΤΑΞ
2240 5103 2264 5144 ,

562 5229 933 5293 AUCTORE
982 5227 1294 5290 SANCTO
1346 5225 1695 5289 EPHBJEM
1740 5202 1826 5305 (‘2)
1872 5222 2254 5298 DlACONO,
2296 5218 2798 5282 INTERPRETE
2844 5215 3242 5279 ANONYMO
3290 5213 3400 5294 (3).

1787 5399 2147 5414 ———‘

1295 5476 1963 5652 aptataque
2040 5468 2651 5616 auctoris.

411 5716 622 5770 Fratres
653 5715 754 5769 mei
776 5756 790 5780 ,
822 5714 980 5783 cupio
1014 5713 1165 5767 vobis
1190 5727 1442 5769 enarrare
1470 5714 1932 5769 conversationem
1964 5714 2157 5768 bonam
2192 5714 2408 5783 perfecti
2442 5723 2601 5784 atque
2642 5714 2970 5769 admirabilis
2999 5712 3099 5768 viri
3133 5712 3363 5767 Abrahae
3387 5751 3402 5776 ,
3442 5720 3605 5773 quam

340 5807 419 5859 sic
446 5805 745 5873 inchoavit,
776 5813 834 5860 ut
860 5806 913 5860 in
944 5804 1403 5862 consummatione
1438 5804 1551 5873 cjus’
1578 5805 1799 5875 gloriam
1847 5812 2158 5876 perpetuam
2188 5816 2505 5862 mereretur-
2542 5804 2645 5863 Scd
2679 5819 2844 5875 paveo
2876 5801 3243 5861 admirandam
3268 5810 3319 5855 ct
3350 5792 3593 5854 luottlcn-
