4016 6274
1475 328 1564 385 DE
1609 329 1783 385 VlTlS
1825 325 2107 384 PATRUM
2152 324 2354 379 LIBER
2394 319 2663 377 PRIMUS.

403 630 614 684 colores
641 640 821 685 autem
848 630 1137 685 verborum
1169 629 1364 699 quibus
1391 625 1729 695 depingenda
1756 635 1860 693 εει,
1890 623 2175 676 admodum
2211 620 2390 674 tristes
2419 635 2481 673 ae
2511 619 2634 674 tetri
2666 627 2811 673 sunt.
2842 620 3095 672 Attamen
3121 617 3247 672 licet
3274 619 3567 689 imperitus,
3594 622 3681 675 vel

411 737 477 775 ex
506 734 655 788 parte
686 721 927 785 tentabo,
959 734 1260 790 quanquam
1291 716 1781 784 comprehendere,
1815 714 2052 783 perfecte
2082 726 2185 765 non
2217 712 2442 775 valeam,
2490 709 2757 764 enarrabo
2790 717 2991 775 tamen,
3025 708 3340 778 inquantum
3370 708 3579 765 sufﬁcio
3606 711 3681 766 de

405 812 597 866 eodem
644 812 763 866 viro
812 819 1110 875 disserere;
1152 810 1401 880 quoniam
1453 808 1539 878 qui
1576 810 1841 863 secundus
1871 807 2136 861 Abraham
2168 805 2363 859 meruit
2402 805 2719 875 nuncupari,
2752 818 2857 857 non
2906 802 3060 858 facile
3105 810 3338 858 humano
3383 817 3478 857 ore
3507 809 3686 871 potest

407 902 619 959 referri.
655 903 870 957 Exstitit
912 901 1052 957 enim
1084 901 1281 956 nostris
1312 899 1657 966 temporibus,
1709 898 2004 968 angelicam
2038 897 2198 962 vitam
2245 896 2298 950 in
2332 895 2489 949 terris
2536 907 2720 963 agens.
2773 892 3071 962 Acquisivit
3108 888 3284 948 autem
3336 895 3683 965 patientiam,

408 998 557 1066 quasi
601 996 815 1050 adamas
850 995 1205 1059 fortissimus,
1240 1009 1335 1061 per
1361 1007 1517 1062 quam
1552 992 1825 1047 caelestem
1855 991 2078 1061 gloriam
2109 991 2332 1059 adipisci
2364 988 2582 1043 meruit.
2639 986 2704 1041 Et
2754 987 2876 1055 quia
2932 1003 2962 1041 a
2985 986 3267 1057 iuventute
3296 987 3559 1043 castitatis
3588 1003 3690 1057 pu-

421 1088 656 1142 dicitiam
685 1087 1048 1149 conservavit,
1082 1084 1336 1154 templum
1368 1084 1533 1138 sancti
1565 1082 1796 1152 Spiritus
1824 1081 1995 1136 factus
2022 1089 2134 1146 est,
2171 1090 2420 1149 tauquam
2451 1077 2839 1133 sanctificatum
2869 1090 2991 1143 vas;
3023 1084 3077 1132 et
3106 1077 3179 1132 ita
3210 1077 3557 1147 semetipsum
3583 1093 3688 1133 ex-

411 1183 584 1238 hibuit
614 1183 744 1248 lico,
775 1189 834 1236 ut
855 1196 976 1237 eum
1002 1178 1360 1235 habitatorem
1392 1178 1445 1233 in
1476 1177 1672 1233 mentis
1701 1191 1811 1232 suae
1838 1174 2069 1246 hospitio
2100 1174 2343 1228 haberet.

1811 1425 2303 1555 VITA.

485 1637 667 1693 Carm
702 1650 929 1691 parauit.
958 1663 1027 1675 —
1068 1633 1166 1689 llic
1193 1632 1375 1703 itaque
1405 1631 1593 1686 beatus
1619 1629 1885 1686 Abraham
1919 1627 2012 1682 ha-
2042 1609 2094 1667 Α
2191 1633 2374 1704 itaque
2404 1642 2636 1690 mentem
2665 1636 2780 1704 ejus
2812 1643 3069 1691 remotam
3109 1648 3139 1688 a
3176 1634 3498 1690 turbulentis
3528 1635 3698 1690 inter-

416 1730 527 1785 buit
557 1737 802 1798 parentes
831 1727 989 1782 valde
1031 1726 1354 1795 locupletes,
1402 1724 1491 1793 qui
1536 1737 1656 1776 eum
1702 1732 1893 1777 tenere
1941 1734 2005 1775 ac

414 1834 571 1889 supra
595 1819 808 1873 modum
834 1818 1136 1888 diligentes,
1169 1817 1239 1870 ita
1270 1822 1327 1869 ut
1348 1814 1506 1869 etiam
1534 1812 1783 1867 allectum
1817 1812 2007 1865 huma-

419 1926 539 1965 num
574 1925 758 1965 eorum
805 1908 1021 1964 dilectio
1067 1906 1499 1972 transcenderet,
1553 1904 2010 1973 desponsaverunt

420 2003 467 2057 ei
497 2002 723 2071 puellam
770 2001 943 2054 adhuc
988 2003 1038 2053 in
1094 1999 1319 2069 pueritia
1351 1998 1643 2051 constituto
1671 1993 1786 2067 (4),
1819 2008 2010 2063 exspe-

420 2100 625 2147 ctantes
651 2106 715 2145 ac
743 2091 1110 2146 desiderantes
1154 2090 1207 2143 in
1254 2088 1429 2157 aliqua
1460 2102 1583 2141 eum
1630 2085 1886 2155 dignitate
1911 2099 2012 2139 saa-

421 2183 579 2237 culari
612 2183 889 2251 proficere.
915 2181 1019 2237 Sed
1049 2181 1133 2235 hic
1162 2180 1316 2249 longe
1338 2180 1493 2233 aliter
1518 2177 1779 2241 sentiens,
1811 2175 1862 2229 in
1889 2176 2012 2243 ipso

421 2275 591 2342 primo
631 2274 1006 2339 adolescentiae
1033 2271 1199 2342 gradu
1239 2271 1591 2326 ecclesiarum
1639 2266 2013 2322 conventicula

422 2367 611 2436 iugiter
657 2364 1057 2435 frequentabat;
1108 2371 1163 2417 et
1214 2375 1549 2432 quaecunque
1581 2359 1653 2414 ibi
1683 2374 1747 2413 ex
1795 2358 1991 2412 divinis

423 2458 710 2524 Scripturis
735 2455 1117 2519 recitabantur,
1139 2468 1320 2509 aurem
1348 2453 1576 2506 libenter
1598 2449 2014 2505 accommodans

426 2548 705 2613 audiebat,
751 2554 806 2600 et
830 2546 882 2599 in
906 2545 1084 2600 cordis
1111 2545 1192 2598 sui
1218 2543 1532 2598 memoriam
1558 2543 1630 2596 ita
1668 2541 2013 2607 recondebat,

427 2639 584 2711 145
629 2637 870 2694 utetiam
918 2653 1039 2692 cum
1073 2638 1267 2692 absens
1295 2647 1437 2690 esset
1486 2650 1548 2690 ea
1597 2650 1715 2704 qua:
1759 2634 2017 2690 didicerat

427 2730 772 2785 meditatione
801 2729 1156 2785 intentissima
1197 2730 1512 2783 ruminaret.
1535 2725 1773 2796 Cumque
1802 2740 2011 2780 memo-

430 2824 527 2876 rati
575 2833 826 2891 parentes
872 2822 988 2893 ejus
1020 2833 1229 2889 tempus
1274 2820 1576 2890 nuptiarum
1609 2818 2019 2889 propinquabile

430 2915 511 2986 (5)
535 2914 867 2985 iudicarent,
897 2914 1289 2984 compellebant
1317 2927 1440 2968 eum
1472 2911 1794 2967 matrimonii
1825 2911 2019 2965 vincu-

432 3008 495 3063 lis
520 3007 768 3079 obligari.
796 3007 901 3063 Sed
944 3022 1062 3062 eum
1098 3008 1212 3063 hac
1242 3008 1331 3062 ille
1354 3007 1527 3076 primo
1556 3013 1834 3070 renueret,
1876 3012 2022 3074 post—
2050 2997 2096 3058 B

435 3099 647 3153 modum
699 3097 997 3154 molestiam
1048 3113 1232 3153 eorum
1275 3097 1457 3168 jugem
1514 3096 1861 3165 sedulamque
1914 3111 2018 3149 non

436 3193 645 3259 ferens,
691 3197 911 3262 pudoris
943 3191 1262 3247 verecundia
1313 3200 1630 3260 superatus,
1680 3189 2022 3259 acquiescere

437 3293 765 3353 perurgetur.
794 3282 924 3339 Cum
956 3283 1168 3354 itaque,
1217 3282 1501 3337 celebratis
1552 3280 1770 3350 nuptiis,
1825 3295 2023 3351 sponsa

437 3376 523 3431 die
551 3379 780 3444 septimo
821 3374 899 3449 (ti)
926 3377 980 3431 in
1032 3375 1264 3429 thalamo
1297 3373 1581 3438 resideret,
1621 3380 1838 3441 repente
1874 3371 2025 3442 quasi

437 3466 523 3520 lux
547 3466 789 3536 quaedam
813 3468 864 3520 in
882 3464 1046 3521 corde
1066 3464 1182 3532 ejus
1206 3464 1383 3519 divina
1406 3462 1571 3533 gratia
1596 3462 1803 3517 refulsit
1819 3502 1837 3528 ,
1865 3477 2023 3532 quant

437 3560 600 3615 veluti
656 3561 842 3615 ducem
889 3559 1173 3629 quemdam
1226 3540 1308 3613 sui
1357 3558 1463 3612 voti
1521 3557 1836 3622 inveniens,
1884 3558 2026 3612 illico

439 3652 688 3720 exsiluit,
736 3662 789 3707 et
819 3662 1034 3708 secutus
1064 3661 1141 3707 est
1163 3691 1179 3716 .
1210 3659 1266 3706 et
1292 3650 1359 3706 ab
1385 3650 1514 3706 urbe
1537 3651 1826 3719 egreditur.

510 3745 640 3800 CAP.
683 3743 747 3799 ll.
779 3774 851 3785 —
878 3744 1098 3799 Duobus
1141 3754 1318 3798 autem
1359 3744 1471 3799 fere
1511 3743 1746 3798 millibus
1778 3743 1966 3814 procul
1995 3758 2026 3798 a

441 3838 605 3893 domo
644 3853 740 3893 sua
771 3839 1014 3894 cellulam
1045 3847 1322 3893 vacantem
1346 3837 1548 3907 reperit
1580 3854 1595 3892 :
1622 3836 1713 3892 ubi
1744 3852 1802 3891 se
1823 3837 2027 3892 consti-

444 3941 632 3998 tuens,
672 3940 723 3987 et
766 3930 1074 4000 glorificans
1105 3929 1273 3983 Deum
1301 3943 1421 3981 cum
1461 3927 1663 3997 ingenti
1695 3927 1878 3982 laetitia
1909 3942 2029 3994 per-

446 4022 726 4087 manebat;
757 4030 1033 4089 stuporem
1065 4034 1192 4075 vero
1222 4019 1534 4085 maximum,
1579 4027 1686 4073 tam
1719 4020 2029 4088 parentibus

450 4112 565 4166 suis
615 4126 774 4181 quam
822 4111 1033 4176 vicinis,
1092 4111 1160 4165 de
1209 4110 1310 4165 hoe
1363 4110 1500 4165 facto
1552 4110 1870 4165 incusserat.
1928 4109 2029 4178 Qui

453 4211 733 4266 exeuntes,
772 4203 824 4280 iu
857 4204 1068 4259 diversa
1098 4202 1327 4273 dispersi
1354 4244 1370 4270 ,
1398 4204 1596 4273 ubique
1628 4203 1721 4258 Dei
1753 4202 2024 4258 hominem

451 4295 817 4365 requirebant.
852 4295 977 4349 Post
1014 4292 1129 4350 dies
1179 4302 1357 4349 autem
1403 4292 1591 4348 decem
1641 4299 1697 4347 et
1743 4301 1948 4361 septem
1978 4294 2030 4347 in

452 4391 748 4441 memorata
795 4385 987 4441 cellula
1042 4400 1163 4440 eum
1218 4394 1463 4439 orantem
1504 4382 1799 4452 reperiunt.
1840 4383 2033 4437 Beatus

452 4487 629 4532 autem
657 4475 757 4541 vir,
786 4489 907 4531 cum
939 4490 1006 4531 eo
1034 4486 1255 4545 stupore
1277 4477 1553 4545 perculsos
1575 4476 1838 4545 aspiceret
1862 4492 1875 4527 :
1899 4475 2035 4541 Quid

452 4585 580 4634 me,
639 4569 844 4639 inquit,
902 4583 1000 4623 vos
1049 4568 1380 4623 admirantes
1424 4566 2038 4638 aspicitisiGlorilicate

452 4665 636 4735 potius
681 4663 1243 4719 misericordissimum
1282 4662 1449 4717 Deum
1475 4706 1490 4731 ,
1542 4662 1631 4733 qui
1668 4676 1755 4718 me
1783 4676 1848 4717 ex
1878 4674 2037 4716 emno

453 4756 793 4826 iniquitatem
842 4770 1083 4810 mearum
1114 4755 1426 4822 eripuit;et
1453 4763 1608 4809 orate
1661 4768 1758 4823 pro
1799 4767 1926 4817 me,
1980 4757 2040 4806 ut

454 4848 639 4919 jugum
667 4849 772 4905 hoc
796 4847 1171 4904 suavissimum
1194 4838 1225 4909 ,’
1249 4847 1350 4901 sub
1386 4862 1494 4917 quo
1534 4860 1621 4901 me
1648 4845 1919 4914 indignum
1949 4858 2040 4899 su-

456 4940 663 5009 scipere
700 4938 947 5008 dignatus
982 4946 1067 4994 est
1108 4937 1405 5005 Dominus,
1452 4951 1623 5006 usque
1659 4937 1710 4991 in
1744 4936 1902 4991 finem
1950 4950 2043 4988 va-

464 5034 602 5089 leam
634 5034 896 5103 bajulare,
928 5033 1502 5101 conversationemque
1524 5045 1699 5086 meam
1730 5028 2041 5098 beneplaci-

464 5134 574 5181 tam
607 5127 899 5182 secundum
928 5128 1254 5183 voluntatem
1300 5126 1417 5195 ejus
1463 5124 1664 5194 possim
1709 5123 1762 5177 in
1791 5121 2044 5177 omnibus

460 5225 731 5286 coaptare.
764 5217 866 5284 Qui
915 5233 1036 5272 eum
1084 5232 1275 5273 omnes
1326 5232 1448 5272 eum
1488 5214 1792 5281 audientes,
1818 5226 2045 5282 respon-

459 5308 664 5364 dissent
689 5312 876 5374 Amen,
901 5310 1221 5378 deprecatus
1271 5319 1353 5364 est
1398 5323 1494 5364 eos
1528 5323 1595 5362 ne
1619 5308 1667 5363 ei
1700 5306 1900 5362 vellent
1929 5320 2047 5360 cre-

462 5400 563 5455 bro
611 5399 909 5454 molestiam
964 5401 1188 5455 obtentu
1231 5400 1554 5454 visitationis
1587 5398 1805 5454 inferre.
1838 5396 2045 5464 Quibus

462 5489 861 5557 recedentibus,
892 5488 1092 5544 aditum
1136 5489 1341 5545 cellulae
1371 5504 1481 5545 sua)
1511 5489 1777 5544 obstruxit
1803 5504 1819 5543 :
1844 5495 1897 5542 et
1919 5500 2047 5542 con-

462 5581 685 5636 eludens
739 5580 1081 5650 semetipsum
1134 5582 1455 5636 intrinsecus
1486 5620 1503 5647 ,
1560 5578 1933 5650 parvissimum
1964 5575 2046 5631 fe-

472 5683 671 5729 nestra:
701 5673 939 5727 foramen
970 5671 1201 5745 reliquit,
1228 5689 1322 5744 per
1344 5672 1484 5744 quod
1512 5671 1765 5727 alimenta
1795 5668 1881 5726 die
1910 5682 2043 5725 con-

388 5824 391 5827 ,
460 5771 613 5820 sueta
653 5763 933 5836 reciperet.

2059 4344 2105 4408 C

2108 1726 2507 1797 pellatiooibus,
2531 1727 2714 1782 divina
2742 1728 2911 1798 gratia
2944 1726 3276 1792 illustrabat;
3303 1726 3699 1797 proficiensque

2109 1818 2349 1886 quotidie
2408 1819 2462 1874 in
2517 1820 2718 1889 optima
2779 1820 3210 1881 conversatione,
3267 1819 3492 1887 primum
3538 1821 3698 1888 quasi

2111 1910 2517 1967 fundamentum
2575 1913 2698 1965 vita:
2741 1925 2851 1966 sua:
2906 1910 3291 1966 continentiam
3339 1910 3695 1980 possidebat;

2113 2018 2322 2057 necnon
2354 2003 2549 2072 vigiliis
2580 2011 2635 2057 et
2657 2003 3009 2067 orationibus,
3039 2017 3160 2056 cum
3182 2001 3307 2056 fletu
3323 2000 3700 2055 ethumilitate

2114 2102 2272 2164 atque
2297 2094 2860 2163 charitate,studcbat.
2891 2096 3131 2165 Cumque
3154 2110 3250 2165 per
3274 2110 3484 2150 omnem
3514 2094 3699 2150 locum

2116 2187 2183 2243 de
2204 2202 2268 2243 eo
2298 2194 2483 2242 sancta
2512 2187 2695 2256 opinio
2723 2187 3114 2256 divulgaretur,
3157 2188 3334 2242 cuncti
3365 2186 3653 2243 audientes
3683 2226 3704 2253 ,

2114 2279 2181 2333 ad
2222 2278 2507 2334 videndum
2538 2294 2658 2333 eum
2690 2321 2705 2345 ,
2743 2287 2801 2334 et
2827 2286 2886 2333 ut
2910 2278 3304 2334 aedilicareutur
3328 2279 3396 2333 ab
3422 2293 3519 2344 eo,
3548 2279 3707 2331 undi-

2117 2384 2220 2438 que
2269 2368 2627 2424 eoulluebant.
2681 2369 2873 2425 Sermo
2924 2385 3137 2439 quoque
3188 2369 3237 2423 ei
3301 2369 3578 2438 sapientia:
3640 2384 3706 2423 ac

2117 2460 2354 2516 scientiae
2381 2470 2435 2515 et
2462 2461 2847 2516 consolationis
2876 2477 2904 2515 a
2937 2462 3045 2515 Deo
3074 2462 3358 2517 affluenter
3386 2463 3542 2517 datus
3571 2472 3659 2517 est
3690 2502 3709 2527 .

2118 2555 2209 2622 qui
2240 2554 2292 2608 in
2323 2554 2593 2608 mentibus
2620 2555 2949 2611 audientium
2973 2556 3125 2625 quasi
3182 2555 3443 2610 luminare
3488 2554 3710 2609 lucidis-

2120 2647 2311 2700 simum
2343 2644 2604 2700 radiabat.

2190 2737 2319 2793 Car.
2354 2737 2788 2807 lll.—-Contigit
2831 2746 3008 2792 autem
3050 2753 3191 2793 anno
3244 2738 3564 2794 duodecimo
3618 2754 3714 2794 re-

2121 2828 2469 2883 nuntiationis
2495 2828 2611 2898 ejus
2640 2870 2656 2895 ,
2690 2839 2743 2882 ut
2776 2839 3028 2896 parentes
3051 2828 3168 2898 ejus
3197 2845 3264 2884 ex
3292 2833 3393 2885 hac
3420 2831 3525 2885 vita
3557 2843 3718 2885 rece-

2122 2922 2332 2986 dentes,
2357 2936 2545 2975 aurum
2574 2921 2623 2975 ei
2646 2922 2919 2990 copiosum
2952 2921 3259 2992 prmdiaque
3306 2938 3491 2993 magna
3538 2922 3718 2978 relin-

2126 3022 2372 3081 querent.
2424 3011 2522 3079 Qui
2568 3026 2763 3080 rogans
2813 3011 3044 3066 amicum
3083 3012 3371 3081 quemdam
3420 3012 3717 3068 admodum

2126 3103 2226 3157 sibi
2258 3103 2509 3165 charum,
2540 3102 2607 3157 ad
2634 3104 3001 3158 distribuenda
3050 3101 3300 3158 universa
3349 3103 3718 3172 indigentibus

2126 3209 2190 3248 ac
2218 3192 2431 3263 pupillis
2458 3192 2690 3248 officium
2723 3193 3035 3263 religiosum
3070 3194 3142 3247 illi
3173 3193 3422 3262 injnngit,
3445 3207 3510 3247 ne
3535 3192 3717 3262 ipsius

2128 3284 2464 3341 orationibus
2494 3284 2935 3354 impedimentum
2969 3283 3124 3352 hujus
3152 3285 3228 3339 rei
3263 3284 3431 3350 gratia
3461 3283 3722 3354 gignere-

2130 3388 2234 3433 tur.
2266 3378 2479 3433 Etcum
2514 3376 2618 3431 hoc
2653 3376 2890 3439 fecisset.
2930 3391 3153 3432 securus
3204 3377 3383 3431 animo
3431 3386 3485 3431 et
3533 3387 3724 3432 mente

2128 3471 2308 3540 quieta
2366 3469 2675 3538 permansit.
2729 3468 2839 3523 lloc
2890 3468 3031 3523 enim
3073 3469 3215 3523 bono
3252 3470 3370 3524 viro
3416 3469 3723 3522 maximum

2131 3561 2362 3615 studium
2401 3572 2552 3625 erat,
2605 3568 2661 3614 ut
2716 3575 2810 3615 cor
2856 3558 2974 3630 ejus
3018 3560 3180 3615 nullis
3217 3560 3445 3616 terrenis
3484 3562 3725 3631 negotiis

2132 3654 2467 3719 vinciretur;
2501 3661 2554 3708 et
2584 3652 2785 3708 idcirco
2815 3668 2977 3722 super
3004 3662 3205 3708 terram
3237 3652 3369 3707 nihil
3409 3653 3550 3707 aliud
3599 3668 3726 3722 pos-

2132 3746 2379 3812 sidebat,
2415 3754 2649 3815 excepto
2681 3760 2786 3800 uno
2815 3760 2943 3816 sago
2969 3786 2984 3811 ,
3016 3761 3226 3817 unaque
3255 3745 3603 3800 nihilominus
3635 3753 3726 3800 tu-

2134 3839 2252 3894 nica
2281 3839 2489 3893 cilicina
2520 3853 2623 3906 qua
2653 3837 3165 3893 utebatur.Caucum
3212 3836 3293 3909 (7)
3339 3850 3551 3906 quoque
3605 3850 3725 3904 per-

2136 3930 2404 3984 modicum
2436 3970 2452 3998 ,
2506 3930 2558 3983 in
2615 3944 2723 4000 quo
2771 3928 2935 3985 edere
2984 3943 3079 3984 seu
3118 3928 3305 3985 bibere
3332 3930 3522 3984 solitus
3550 3937 3670 3983 erat
3704 3970 3724 3997 ,

2135 4027 2400 4092 habebat;
2444 4040 2651 4082 necnon
2692 4034 2749 4080 et
2784 4039 2947 4079 unum
3002 4023 3292 4094 psiathium
3346 4021 3463 4093 (8),
3518 4022 3570 4076 in
3610 4037 3724 4091 quo

2134 4119 2379 4175 cubitare
2407 4126 2786 4173 consueverat.
2831 4115 2965 4170 Cum
2998 4114 3083 4168 his
3126 4124 3304 4169 autem
3333 4111 3580 4166 omnibus
3626 4112 3725 4166 hu-

2134 4211 2416 4267 tuilitatem
2455 4223 2615 4276 supra
2668 4205 2883 4261 modum
2940 4214 2997 4261 et
3041 4203 3357 4259 charitatem
3413 4202 3478 4256 ad
3531 4216 3726 4255 omnes

2137 4300 2419 4371 mqttaliter
2449 4296 2791 4368 possidebat;
2832 4310 2932 4350 nec
2958 4294 3294 4365 praeponebat
3324 4294 3375 4347 iu
3406 4293 3610 4347 honore
3640 4292 3725 4345 lo-

2141 4392 2410 4461 cupletum
2441 4390 2682 4458 pauperi,
2717 4400 2816 4440 nec
2846 4384 3135 4454 principem
3165 4384 3429 4453 subjecto,
3455 4383 3536 4437 vel
3560 4381 3722 4436 nobi-

2140 4484 2246 4540 lem
2293 4481 2513 4552 iguobili
2547 4478 2900 4548 praeferebat;
2942 4478 3034 4533 sed
3066 4492 3254 4533 omnes
3303 4476 3545 4532 similiter
3591 4475 3722 4529 dili—

2138 4589 2293 4646 gens,
2311 4572 2611 4628 honorabat
2628 4572 2925 4633 universos,
2939 4568 3057 4623 sine
3068 4567 3382 4639 cujusquam
3410 4564 3724 4635 acceptione

2141 4681 2405 4737 persooze.
2459 4664 2570 4719 Nec
2606 4660 2890 4730 aliquando
2938 4674 3260 4729 quemquam
3303 4659 3603 4729 procaciter
3646 4657 3725 4713 in-

2140 4758 2417 4828 crepabat,
2448 4755 2543 4811 sed
2573 4761 2691 4810 erat
2721 4768 2899 4808 sermo
2926 4747 3051 4823 ejus
3073 4753 3336 4807 cliaritate
3364 4761 3420 4806 et
3458 4753 3727 4806 suavitate

2143 4850 2415 4908 conditus.
2449 4848 2580 4916 Quis
2609 4846 2835 4902 audiens
2868 4846 2986 4913 ejus
3010 4844 3303 4915 eloquium,
3338 4843 3521 4898 satiari
3554 4845 3728 4911 potuit

2144 4942 2431 5011 aliquando
2462 4940 2530 4995 de
2560 4939 2643 4994 his
2671 4952 2791 5008 quae
2831 4934 3119 5005 aliquando
3153 4948 3221 4989 ex
3278 4933 3544 4988 sermonis
3599 4933 3723 5001 ejus

2146 5032 2434 5089 dulcedine
2484 5026 2934 5099 proferebantur?
2980 5025 3063 5081 vel
3106 5024 3226 5094 quis
3276 5023 3481 5078 vultum
3537 5022 3725 5088 illius,

2147 5122 2448 5179 sanctitatis
2497 5119 2783 5188 imaginem
2815 5117 3191 5187 praeferentem
3223 5154 3239 5179 ,
3271 5112 3588 5182 reSpiciens,
3618 5127 3728 5167 non

2149 5214 2319 5284 magis
2345 5212 2561 5268 videndi
2591 5225 2715 5265 eum
2753 5209 2951 5278 saepius
2983 5205 3310 5262 desiderium
3361 5204 3633 5274 sumpsit?
3669 5203 3725 5257 lu

2149 5306 2298 5362 omni
2337 5314 2601 5373 tempore,
2626 5300 2965 5354 abstinentia:
2986 5313 3098 5352 suae
3118 5298 3356 5366 regulam
3379 5310 3538 5364 quam
3558 5293 3727 5348 semel

2151 5394 2402 5464 arripuit,
2434 5407 2541 5448 non
2566 5390 2792 5445 mulavit
2813 5389 2893 5458 (9)
2927 5405 2941 5442 :
2978 5387 3357 5456 quinquaginta
3388 5399 3556 5437 annos
3580 5383 3729 5437 insti-

2156 5493 2328 5542 tutum
2364 5484 2638 5554 proprium
2665 5520 2681 5548 ,
2712 5480 2857 5537 omni
2904 5477 3185 5533 alacritate
3214 5474 3501 5545 complevit
3530 5513 3545 5538 ,
3576 5482 3629 5530 et
3658 5473 3730 5529 ob

2153 5578 2376 5633 nimium
2427 5589 2665 5630 amorem
2720 5587 2785 5628 ac
2826 5569 3148 5627 desiderium
3194 5570 3337 5638 quod
3391 5566 3622 5621 habebat
3675 5565 3730 5620 iu

2156 5669 2394 5738 Christo,
2426 5680 2587 5723 omne
2613 5678 2785 5722 terum
2814 5660 3071 5732 temporis
3094 5658 3237 5715 illius
3268 5658 3417 5720 quasi
3454 5655 3571 5713 dies
3604 5667 3729 5727 pau-
