4016 6210
304 311 410 367 985

1382 305 1541 361 VlTA
1571 302 1818 360 SANCTI
1860 300 2166 357 ABRAIIAS
2210 300 2571 358 ΕΒΕΜΙΤΑΞ.
2662 320 2663 323 ‘

3467 296 3573 351 236

297 435 473 490 cimus
501 430 822 499 reputabat;
873 436 926 480 et
965 432 1108 479 totus
1140 436 1285 491 rigor
1308 421 1582 475 acerrimae
1609 427 1887 471 conversa-
1916 416 1961 471 Α
1996 427 2317 483 paganorum
2373 418 2490 473 sine
2530 432 2675 471 mora
2720 415 2987 485 dirigitur.
3039 412 3153 479 Quo
3195 410 3320 465 dum
3361 420 3577 463 sanctus

298 524 464 579 tionis
489 524 610 593 ejus
634 519 779 590 apud
809 533 929 573 eum
955 531 1055 582 pro
1082 513 1253 568 nihilo
1283 511 1590 566 videbatur.

371 619 506 674 Car.
548 614 639 669 IV.
661 642 736 654 —-
760 611 890 666 Erat
918 620 1095 663 autem
1140 605 1283 661 haud
1330 602 1515 673 procul
1547 600 1615 654 ab
1646 597 1775 651 urbe
1804 595 1890 650 illa

296 712 458 767 vicus
480 706 772 763 admodum
801 701 1079 771 spatiosus
1104 714 1169 754 ac
1191 710 1436 767 magnus,
1454 694 1506 748 iu
1529 706 1637 761 quo
1656 688 1892 743 universi

302 801 510 868 pariter
540 815 571 852 a
601 794 827 851 minimo
846 806 1018 862 usque
1045 789 1113 844 ad
1152 787 1443 842 maximum
1484 782 1673 853 pagani
1702 778 1895 835 crude-

304 893 499 948 lissimi
533 890 861 950 existebant,
906 898 1042 954 quos
1091 882 1159 934 ab
1208 879 1473 934 idolorum
1515 875 1659 929 cultu
1716 869 1894 924 nullus

307 987 538 1039 omnino
559 981 771 1036 valebat
796 987 1062 1031 avertere.
1089 970 1337 1027 Nonnulli
1361 965 1576 1037 quidem
1597 958 1893 1032 presbyteri

304 1088 366 1132 et
392 1074 606 1132 diaconi
634 1114 649 1138 ,
680 1073 734 1127 in
766 1073 869 1126 hoc
896 1071 1069 1139 ipsum
1101 1066 1212 1120 illic
1240 1062 1469 1118 ordinati
1515 1067 1571 1113 et
1598 1054 1786 1110 directi
1826 1051 1896 1105 ab

309 1168 594 1236 episcopo,
620 1164 736 1219 sine
761 1163 873 1217 ullo
900 1160 1089 1215 salutis
1122 1170 1307 1211 eorum
1331 1153 1505 1207 fructu
1526 1145 1892 1207 recedebant,

310 1274 655 1329 nequaquam
686 1254 997 1310 afﬂictionis
1045 1250 1282 1307 ferentes
1314 1246 1551 1300 laborem
1584 1258 1597 1295 :
1631 1240 1757 1310 quia
1786 1249 1897 1291 non

307 1352 490 1406 solum
520 1365 629 1403 non
671 1347 886 1404 suaderi
913 1352 968 1399 et
1005 1344 1072 1397 ad
1123 1351 1445 1395 consensum
1475 1333 1687 1388 animus
1708 1340 1896 1384 eorum

310 1446 464 1499 ferox
491 1458 599 1498 non
630 1449 845 1511 poterat
872 1437 1051 1499 ﬂecti,
1088 1447 1273 1489 verum
1303 1430 1465 1485 etiam
1498 1424 1899 1495 persecutiones

316 1538 374 1591 in
402 1550 498 1590 eos
522 1536 613 1604 qui
647 1549 706 1587 se
737 1530 1032 1584 monebant
1060 1540 1124 1580 ac
1165 1522 1455 1578 seditiones
1492 1512 1902 1573 vehementissi-

312 1644 431 1682 mas
456 1626 824 1681 concitabant.
874 1620 981 1676 Sed
1036 1619 1187 1672 turba
1232 1612 1579 1671 nihilominus
1610 1606 1901 1662 monacho-

312 1734 432 1775 rum
459 1717 635 1773 semel
663 1724 826 1783 atque
853 1714 1044 1767 iterum
1072 1708 1221 1763 adire
1249 1706 1504 1763 nitentes.
1531 1700 1661 1756 nihil
1694 1697 1901 1767 penitus

1995 507 2263 562 Abraham
2293 519 2559 579 pergeret,
2603 507 2919 578 precabatur
2960 504 3242 559 Dominum
3267 542 3282 567 ,
3332 500 3523 554 dicens
3555 516 3571 550 :

1994 599 2430 656 Clementissime
2477 615 2541 655 ac
2583 596 2959 671 benignissime
2989 594 3148 657 Deus,
3186 590 3392 660 respice
3422 588 3575 642 inﬂr—

2000 695 2242 748 mitatem
2264 709 2461 758 meam,
2483 692 2818 763 gratiamque
2844 697 2986 743 tuam
3016 685 3291 741 caelestem
3310 681 3375 734 ad
3396 694 3576 734 meum

1996 783 2301 851 prasidium
2314 784 2505 852 dirige,
2521 791 2575 837 ut
2592 779 2921 852 glorificetur
2936 791 3127 832 nomen
3144 783 3292 829 tuum
3306 778 3576 826 sanctum.

1994 873 2318 929 Perveniens
2365 885 2540 928 autem
2588 873 2653 927 ad
2703 871 2879 926 vicum
2907 913 2922 935 ,
2958 867 3256 935 vidensque
3306 874 3495 917 omnes
3526 860 3579 912 in

2008 961 2219 1017 insania
2241 958 2563 1013 idololatriae
2578 957 2937 1012 vehementer
2954 967 3075 1006 esse
3094 950 3375 1010 detentus,
3386 960 3454 999 ex
3472 943 3543 996 im
3554 956 3587 994 o

2005 1062 2227 1125 pectore
2253 1052 2641 1124 ingemiscens,
2667 1049 2911 1121 graviter
2923 1043 3104 1109 ﬂevit;
3130 1049 3187 1095 et.
3206 1041 3431 1095 elevans
3451 1050 3587 1089 ocuc

1998 1145 2081 1199 los
2100 1155 2226 1196 suos
2250 1142 2317 1195 ad
2341 1139 2536 1195 coelum
2561 1179 2576 1204 ,
2608 1137 2744 1192 dixit
2775 1154 2789 1190 :
2820 1134 2902 1188 Tu
2931 1130 3076 1187 solus
3101 1130 3189 1199 qui
3221 1128 3339 1181 sine
3361 1129 3583 1194 peccato

1998 1248 2080 1303 es,
2109 1232 2273 1299 Deus,
2297 1247 2364 1287 ne
2383 1229 2651 1299 despicias
2675 1241 2837 1297 opera
2877 1237 3127 1279 manuum
3156 1230 3385 1275 tuarum.
3414 1212 3585 1268 Festi-

2000 1338 2305 1397 nanterque
2352 1326 2555 1380 direxit
2581 1322 2822 1377 nuntium
2862 1319 2916 1373 in
2957 1316 3227 1372 civitatem
3258 1311 3324 1365 ad
3354 1308 3584 1362 amicum

2000 1420 2149 1475 illum
2191 1416 2565 1473 charissimum
2606 1412 2733 1477 sibi,
2789 1418 2847 1463 ut
2896 1406 3176 1476 pecuniam
3232 1416 3297 1456 ex
3344 1395 3585 1466 reliquiis

2007 1510 2318 1582 patrimonii
2348 1506 2429 1564 sui
2459 1506 2691 1561 aﬂ‘erret.
2724 1502 2893 1570 Quam
2917 1513 3040 1554 cum
3084 1492 3381 1563 accepisset
3402 1530 3417 1557 ,
3447 1489 3588 1543 inter

2006 1617 2208 1673 paucos
2237 1601 2357 1656 dies
2395 1596 2699 1654 construxit
2726 1590 3037 1649 ecclesiam.
3064 1587 3132 1643 Et
3150 1585 3297 1640 velut
3330 1592 3586 1651 sponsam

2004 1696 2263 1763 optimam
2290 1733 2304 1759 ,
2355 1690 2525 1745 multo
2564 1702 2681 1743 eam
2713 1684 3049 1751 mirificeque
3077 1674 3351 1732 decoravit
3375 1681 3589 1727 ornatu.

314 1828 416 1881 pro
444 1809 803 1864 conversione
842 1817 1029 1859 eorum
1059 1814 1219 1869 agere
1254 1802 1564 1867 potuerunt.
1599 1792 1766 1845 Porro
1796 1801 1899 1840 una
1930 1786 1980 1847 B
2006 1788 2254 1841 Attamen
2303 1782 2429 1837 dum
2482 1778 2860 1841 aedificaretur,
2889 1770 3127 1844 quotidie
3156 1768 3320 1823 homo
3348 1763 3444 1819 Dei
3495 1775 3591 1829 per

1816 1879 1823 1881 λ
1890 1878 1901 1881 ‘
2114 1876 2148 1881 -λ
2255 1876 2264 1881 -
2367 1874 2377 1881 ·
2642 1868 2714 1881 Λιι·
2854 1874 2865 1881 -
2950 1862 3119 1881 ημΔ-
3202 1856 3330 1881 _:t.:l
3380 1852 3589 1881 nnn:.llﬂ

316 1906 407 1959 die
432 1902 684 1958 residens
713 1912 836 1952 cum
866 1895 1080 1949 clericis
1109 1890 1222 1945 suis
1250 1887 1567 1958 episcopus,
1610 1878 1905 1937 beatissimi

319 1996 481 2065 huius
513 1993 610 2047 viri
636 1989 821 2044 habuit
855 1985 1217 2046 mentionem,
1251 1981 1494 2049 dixitque
1524 1976 1591 2031 ad
1623 1989 1721 2030 eos
1755 1974 1907 2042 :Ego

322 2063 673 2142 talemvirum
692 2079 1026 2146 temporibus
1056 2074 1216 2146 146
1237 2074 1372 2129 meis
1393 2069 1577 2124 videre
1602 2083 1706 2121 non
1738 2063 1906 2135 potui,

329 2181 410 2236 ita
437 2181 491 2233 in
522 2192 663 2231 Ollllll
688 2188 853 2244 opere
880 2170 1138 2225 bonitatis
1161 2165 1480 2237 perfectum,
1510 2172 1565 2218 et
1591 2162 1670 2216 sic
1696 2168 1907 2214 cunctis

328 2269 620 2326 virtutibus
644 2267 959 2321 adornatum
980 2303 995 2327 ,
1028 2262 1081 2315 in
1122 2274 1227 2328 quo
1254 2256 1417 2326 elegit
1454 2256 1598 2309 Deus
1640 2253 1905 2317 habitare,

324 2374 390 2419 ut
410 2362 636 2417 habetur
651 2373 791 2414 nunc
806 2355 1177 2413 sanctissimus
1192 2352 1484 2407 Abraham.
1498 2347 1910 2418 Respondentes

322 2466 507 2509 autem
536 2450 723 2506 clerici
752 2463 941 2503 verum
987 2461 1107 2500 esse
1154 2458 1275 2498 eum
1311 2442 1406 2495 Dei
1435 2440 1688 2493 famulum
1732 2452 1914 2491 mona-

323 2548 595 2615 chumque
627 2542 920 2613 perlectum
945 2536 1303 2592 affirmabant.
1330 2534 1395 2587 Et
1417 2532 1730 2601 episcopus:
1756 2528 1913 2597 Volo,

323 2640 523 2710 inquit,
566 2653 691 2693 eum
724 2637 779 2689 in
823 2634 943 2688 vico
974 2632 1064 2687 illo
1094 2628 1378 2700 gentilium
1409 2625 1664 2680 ordinare
1694 2621 1917 2691 presby-

327 2740 508 2787 terum
536 2745 552 2794 ;
586 2733 768 2798 potest
792 2723 933 2780 enim
956 2737 1051 2778 eos
1083 2719 1335 2790 patientia
1368 2732 1429 2770 ac
1464 2717 1626 2771 nimia
1656 2713 1917 2767 charitate

328 2823 399 2876 ad
428 2823 597 2877 Deum
630 2826 970 2874 convertere.
1024 2813 1092 2867 Et
1142 2822 1476 2879 consurgens
1526 2803 1791 2874 protinus,
1847 2802 1916 2855 ad

327 2914 585 2970 cellulam
624 2909 798 2966 sancti
838 2906 937 2961 viri
975 2919 1097 2960 cum
1133 2902 1244 2957 suis
1293 2898 1646 2970 proficiscitur
1684 2894 1919 2950 clericis.

329 3008 581 3077 Cumque
617 3004 901 3057 salutasset
925 3012 1073 3062 eum,
1105 2995 1390 3063 statimque
1413 2992 1479 3046 de
1499 2988 1790 3059 gentilibus
1819 2986 1919 3041 vici

331 3102 480 3157 illius
506 3099 770 3161 insinuat,
804 3103 864 3147 ut
887 3091 951 3146 ad
983 3104 1080 3145 eos
1104 3088 1173 3143 ob
1199 3086 1426 3140 salutem
1458 3096 1646 3137 eorum
1680 3085 1925 3149 pergeret

333 3209 558 3265 rogans.
574 3192 811 3258 Quicum
830 3184 1087 3245 audisset,
1119 3179 1286 3234 tristis
1306 3176 1655 3231 vehementer
1682 3172 1925 3235 effectus,

335 3264 423 3341 ait
439 3285 506 3339 ad
538 3284 853 3353 episcopum
886 3293 900 3330 :
935 3276 1150 3342 Quaeso,
1172 3269 1365 3339 inquit,
1396 3268 1552 3321 Pater
1572 3264 1925 3325 sanctissime,

337 3376 592 3446 permitte
650 3371 783 3426 mihi
829 3377 889 3422 ut
935 3379 1085 3420 meas
1127 3361 1435 3430 iniquitates
1479 3357 1728 3420 deﬂeam,
1761 3368 1933 3423 neque

339 3466 651 3539 bujusmodi
680 3461 950 3532 negotium
982 3460 1197 3513 infirmo
1224 3464 1279 3508 et
1325 3460 1520 3522 exiguo
1562 3450 1811 3505 existenti
1851 3446 1933 3500 in—

341 3566 555 3636 iungas.
600 3559 683 3615 Ad
723 3571 883 3628 quem
925 3566 1111 3610 rursus
1153 3550 1438 3619 episeOpns
1473 3543 1608 3599 dixit
1644 3560 1657 3596 :
1694 3542 1800 3596 Per
1838 3540 1932 3595 Dei

342 3634 596 3729 gratiam,
619 3651 811 3720 inquit,
838 3656 1025 3717 potens
1053 3658 1142 3709 es;
1177 3656 1244 3696 ne
1271 3638 1405 3694 velis
1433 3652 1560 3707 ergo
1590 3635 1644 3688 in
1674 3634 1774 3689 hac
1794 3634 1933 3687 bona

346 3728 658 3804 obedientia
683 3744 798 3799 ﬂeri
832 3734 1259 3795 cunctabundus.
1291 3731 1388 3788 Cui
1421 3731 1502 3784 vir
1528 3731 1712 3784 beatus
1744 3728 1935 3782 iterum

348 3838 703 3909 respondens“
729 3832 866 3888 dixit
896 3845 911 3883 :
946 3829 1181 3884 Obsecro
1210 3822 1549 3880 sanctitatem
1592 3828 1735 3875 tuam
1769 3827 1826 3872 ut
1854 3833 1940 3872 me

349 3934 490 3990 mala
519 3945 640 3986 mea
664 3929 915 3998 plangere
942 3919 1243 3991 permittas.
1275 3917 1341 3970 Et
1368 3913 1444 3968 ait
1471 3912 1538 3967 ad
1569 3926 1690 3966 eum
1730 3910 1940 3979 episco-

352 4048 454 4101 pus
488 4047 504 4084 :
533 4029 673 4083 Ecce
703 4033 869 4077 totum
903 4017 1157 4073 mundum
1185 4022 1241 4068 et
1281 4026 1402 4082 quae
1450 4011 1503 4062 in
1548 4024 1613 4063 eo
1661 4015 1784 4061 sunt
1813 4006 1942 4060 reli-

354 4121 545 4194 quisti,
597 4128 652 4173 et
687 4116 849 4170 vitam
880 4110 1188 4168 crucifixam
1221 4104 1556 4175 amplexatus
1584 4116 1678 4164 es;
1710 4110 1943 4153 attamen

356 4232 478 4273 eum
504 4214 622 4269 haec
654 4212 901 4265 universa
930 4199 1288 4270 compleveris
1306 4238 1320 4263 ,
1347 4210 1579 4267 agnosce
1607 4202 1659 4248 te
1684 4191 1945 4247 obedien-

364 4314 491 4368 tiam
527 4353 542 4377 ,
594 4322 711 4377 quae
763 4305 967 4361 cunctis
998 4299 1287 4355 virtutibus
1334 4295 1555 4357 eminet,
1589 4304 1694 4343 non
1726 4286 1944 4339 habere.

364 4405 489 4459 ηερε
518 4404 611 4457 ille
638 4415 761 4455 cum
786 4395 1043 4457 audisset,
1075 4390 1237 4460 coepit
1270 4387 1398 4442 ﬂere
1422 4396 1625 4448 amare,
1670 4379 1853 4434 dicens
1884 4375 1949 4429 ad

364 4515 487 4553 eum
522 4514 535 4547 :
567 4494 704 4562 Quid
752 4507 868 4545 sum
913 4502 1034 4559 ego,
1067 4483 1217 4539 canis
1245 4488 1485 4535 mortuus
1516 4473 1569 4545 (ι
1602 4473 1730 4543 Reg.
1760 4468 1951 4539 xxiv)?

364 4601 424 4644 ct
451 4606 567 4660 qum
593 4597 676 4642 est
704 4586 807 4639 vita
842 4597 980 4645 mea,
1012 4575 1261 4647 quoniam
1286 4572 1408 4626 talia
1438 4570 1503 4623 de
1530 4582 1637 4631 me,
1665 4580 1698 4619 ο
1719 4561 1950 4618 sanctis-

366 4685 503 4740 sime
534 4682 714 4745 Pater,
744 4671 990 4746 jndicasti
1012 4671 1036 4724 ἲ
1061 4667 1155 4724 Cui
1189 4665 1264 4720 ait
1292 4663 1576 4733 episcopus
1621 4675 1634 4711 :
1678 4657 1815 4711 Ecce
1866 4653 1951 4706 hic

370 4775 654 4837 residens,
713 4780 855 4823 tuam
913 4758 1250 4819 solummodo
1299 4755 1525 4810 salutem
1578 4742 1954 4818 acquiris;ibi

370 4876 548 4922 autem
584 4861 795 4933 plurimi
846 4873 937 4927 per
977 4864 1028 4910 te
1052 4893 1067 4917 ,
1118 4851 1297 4905 divina
1340 4842 1505 4915 gratia
1536 4849 1817 4911 operante,
1850 4836 1958 4891 sal-

338 4996 346 5013 .
372 4960 529 5012 vandi
562 4964 706 5017 sunt,
732 4961 1099 5021 quoscumque
1125 4945 1191 4997 ad
1224 4939 1501 4995 Dominum
1535 4935 1701 4989 Deum
1730 4943 1959 4986 conver-

377 5051 526 5104 teris.
559 5046 849 5101 Considera
893 5048 1070 5109 itaque
1111 5035 1253 5091 unde
1292 5030 1605 5098 ampliorem
1647 5024 1954 5082 mercedem

379 5141 597 5204 habeas,
629 5148 805 5191 utrum
837 5134 882 5188 si
912 5132 1138 5200 teipsum
1195 5124 1486 5181 salvaveris
1531 5120 1740 5183 solum,
1790 5131 1860 5170 an
1914 5114 1961 5169 si

379 5231 641 5299 plurimos
670 5235 846 5280 tecum
879 5222 946 5276 ad
974 5221 1197 5274 salutem
1228 5213 1537 5270 adduxeris.
1583 5209 1735 5263 Tune
1773 5207 1966 5263 beatus

381 5320 464 5374 vir
491 5321 579 5373 Dei
611 5318 769 5379 ﬂens,
820 5315 937 5368 ait:
972 5311 1089 5366 Fiat
1130 5308 1372 5363 voluntas
1448 5300 1688 5366 Domini;
1745 5312 1968 5352 verum-

384 5426 560 5468 tamen
607 5418 826 5482 propter
869 5404 1230 5463 obedientiam
1263 5443 1278 5468 ,
1322 5410 1642 5470 quocunque
1692 5390 1919 5463 jusseris
1952 5432 1966 5455 ,

385 5521 626 5580 pergam.

462 5598 591 5653 CAP.
629 5595 697 5652 γ.
742 5622 813 5636 --
841 5592 1090 5647 Educens
1121 5602 1248 5657 ergo
1268 5601 1392 5641 eum
1424 5583 1490 5638 de
1515 5581 1707 5638 cellula
1744 5578 1796 5633 in
1840 5579 1975 5632 civn-

392 5700 555 5747 tatem
611 5689 757 5744 illico
814 5682 1147 5747 introduxit;
1198 5682 1375 5749 ibique
1432 5692 1526 5748 per
1574 5671 1972 5744 impositionem

394 5798 583 5839 manus
630 5778 908 5849 presbyter
946 5774 1221 5833 ordinatus
1261 5770 1374 5842 (10)
1405 5810 1418 5833 .
1473 5766 1653 5823 statim
1688 5764 1752 5820 ad
1801 5762 1973 5819 vicum

2008 1876 2184 1931 media
2223 1874 2505 1936 simulacra
2534 1868 2810 1941 gentilium
2853 1862 3158 1927 transiens,
3202 1856 3334 1912 nihil
3380 1852 3592 1922 penitus

2011 1969 2361 2038 loquebatur,
2388 1966 2486 2019 nisi
2538 1965 2590 2016 in
2638 1961 2802 2016 corde
2846 1972 2944 2011 suo
2991 1953 3182 2008 orabat
3231 1943 3589 2007 solummodo,

2009 2033 2343 2129 gemitusque
2372 2069 2493 2109 cum
2526 2053 2652 2106 ﬂetu
2704 2047 2950 2104 mittebat
2996 2043 3061 2096 ad
3103 2040 3406 2095 Dominum.
3436 2033 3595 2087 Post-

2011 2166 2167 2222 quam
2198 2164 2324 2204 vero
2355 2146 2578 2201 ecclesia
2625 2151 2708 2198 est
2752 2143 3145 2196 consummata,
3192 2128 3344 2200 quasi
3394 2139 3590 2179 munus

2012 2217 2278 2315 quoddam
2306 2256 2425 2296 cum
2458 2236 2640 2291 multis
2680 2232 2932 2303 lacrymis
2976 2226 3169 2282 obtulit
3214 2224 3324 2277 Deo
3356 2237 3371 2286 ;
3401 2217 3471 2272 ibi
3500 2232 3595 2287 ge-

2015 2337 2189 2393 nubus
2214 2332 2402 2403 positis
2428 2371 2444 2395 ,
2472 2329 2568 2381 has
2596 2340 2781 2395 preces
2812 2319 3125 2390 suppliciter
3153 2318 3203 2368 in
3234 2328 3325 2366 sua
3354 2310 3599 2364 oratione

2017 2397 2254 2499 profudit
2285 2443 2297 2478 :
2324 2423 2423 2488 Tu,
2451 2420 2726 2485 inquiens.
2748 2413 3086 2480 omnipotens
3110 2407 3210 2461 Fili
3239 2404 3331 2458 Dei
3361 2401 3488 2467 vivi,
3510 2397 3598 2466 qui

2018 2529 2190 2575 totum
2219 2515 2475 2571 mundum
2508 2510 2709 2566 erroris
2738 2507 3049 2575 depressum
3074 2493 3401 2566 caligine,ad
3419 2489 3603 2561 cogni-

2027 2614 2226 2668 tionem
2268 2605 2483 2662 luminis
2512 2604 2585 2657 tui
2619 2616 2714 2671 per
2740 2583 2882 2652 tuam
2915 2590 3253 2660 praesentiam
3281 2582 3553 2640 deduxisti
3583 2621 3600 2646 ,

2020 2709 2163 2762 hunc
2204 2714 2414 2772 quoque
2459 2696 2709 2767 populum
2739 2700 2884 2746 tuum
2916 2688 3217 2755 dispersum
3253 2689 3517 2747 congrega
3548 2672 3604 2726 in

2024 2800 2204 2855 sinum
2249 2791 2505 2850 Ecclesiae
2540 2799 2663 2855 tuas,
2691 2794 2744 2840 et
2775 2781 3011 2839 illumina
3041 2776 3228 2833 oculos
3277 2769 3474 2827 mentis
3519 2780 3607 2822 eo-

2024 2903 2163 2951 rum,
2190 2894 2246 2940 ut
2274 2889 2590 2953 respuentes
2614 2874 3025 2932 simulacrorum
3048 2867 3336 2929 culturam,
3361 2870 3411 2916 te
3431 2859 3606 2914 solum

2027 2990 2321 3037 amatorem
2349 2975 2627 3030 hominum
2652 2984 2715 3024 ac
2743 2968 3027 3036 benignum
3058 2962 3228 3016 Deum
3258 2959 3606 3028 cognoscant.

2104 3070 2350 3138 Cumque
2380 3068 2517 3119 hanc
2543 3062 2843 3117 orationem
2887 3056 3115 3114 ﬂnisset,
3153 3048 3410 3106 continuo
3431 3056 3611 3113 egres-
3679 3032 3700 3051 '

1954 3159 2000 3221 C
2034 3177 2132 3220 sus
2161 3163 2228 3216 ab
2257 3136 2483 3215 ecclesia
2520 3196 2535 3221 ,
2584 3152 2817 3224 perrexit
2864 3148 2929 3203 ad
2981 3144 3236 3213 templum
3284 3136 3565 3209 gentilium
3590 3172 3607 3197 ,

2036 3262 2264 3323 arasque
2285 3263 2469 3306 eorum
2499 3253 2555 3303 et
2581 3242 2869 3299 simulacra
2897 3235 3140 3292 manibus
3168 3231 3281 3285 suis
3310 3225 3501 3283 evertit
3528 3229 3610 3276 at-

2034 3363 2139 3418 que
2171 3320 2458 3402 destruxit.
2480 3338 2633 3406 Quod
2664 3336 2859 3390 factum
2885 3345 3007 3386 cum
3028 3332 3280 3383 cerneret
3303 3320 3453 3375 turba
3483 3329 3617 3386 gen-

2037 3441 2233 3505 tilium,
2256 3436 2409 3507 quasi
2435 3440 2671 3504 agrestes
2705 3428 2833 3483 ferze
2863 3423 3104 3480 insiliunt
3122 3464 3137 3488 ,
3159 3428 3390 3485 eumque
3416 3412 3617 3466 lacera-

2038 3543 2150 3587 tum
2192 3527 2373 3584 multis
2402 3500 2714 3578 verberibus
2750 3518 3087 3588 fugaverunt.
3121 3508 3241 3578 Ipse
3270 3514 3448 3559 autem
3478 3500 3615 3554 clam

2043 3632 2202 3680 nocte
2227 3621 2280 3675 in
2313 3617 2540 3674 ecclesia
2574 3612 2839 3675 residens,
2871 3608 3148 3677 plagarum
3171 3612 3385 3653 suarum
3413 3596 3621 3649 lacera-

2042 3718 2240 3771 tionem
2276 3726 2382 3767 non
2410 3721 2626 3771 curans,
2657 3703 2750 3758 sed
2773 3694 3143 3755 tantummodo
3174 3705 3292 3745 cum
3326 3686 3538 3741 ﬂetibus
3561 3697 3623 3737 ac

2041 3808 2349 3881 gemitibus,
2380 3812 2438 3858 ut
2481 3798 2613 3854 salvi
2656 3797 2849 3852 ﬂerent
2875 3837 2891 3861 ,
2943 3788 3224 3844 Dominum
3282 3780 3622 3851 precabatur.

2045 3905 2209 3958 Facto
2239 3907 2420 3953 autem
2443 3906 2601 3948 mane
2623 3887 2969 3944 advenientes
2992 3879 3205 3951 pagani,
3229 3872 3501 3930 inveniunt
3526 3869 3628 3924 ho-

2052 3996 2250 4050 minem
2302 3988 2397 4043 Dei
2449 3992 2725 4047 orantem;
2777 3986 2832 4032 et
2875 3974 3040 4030 nimio
3088 3978 3309 4035 stupore
3349 3960 3630 4034 perculsi,

2047 4087 2197 4159 quasi
2228 4083 2347 4139 enei
2392 4076 2506 4147 (ll)
2548 4072 2763 4145 quidam
2793 4066 2968 4123 eﬂ‘ecti
2999 4070 3146 4119 sunt.
3176 4057 3330 4115 Unde
3358 4062 3415 4109 et
3438 4052 3503 4105 ad
3538 4065 3633 4105 ec-

2048 4142 2269 4235 clesiam
2324 4169 2566 4242 quotidie
2618 4160 2938 4224 veniebant,
2989 4170 3097 4210 non
3147 4159 3327 4206 tamen
3377 4142 3635 4199 orationis

2051 4267 2240 4339 gratia,
2273 4238 2366 4318 sed
2389 4268 2447 4315 ut
2473 4256 2643 4313 oculis
2682 4252 2793 4308 suis
2822 4247 3070 4305 ecclesiae
3100 4238 3528 4309 contemplantes
3550 4248 3637 4286 or-

2055 4325 2239 4416 natum
2276 4369 2339 4409 ac
2372 4344 2866 4424 pulchritudinem,
2892 4338 3307 4394 delectarentur.
3338 4326 3516 4395 Cmpit
3539 4325 3636 4378 ita-

2056 4466 2160 4521 que
2189 4419 2416 4518 quadam
2449 4442 2535 4497 die
2564 4441 2647 4493 vir
2676 4437 2867 4494 beatus
2910 4428 3179 4487 Abraham
3203 4419 3481 4491 deprecari
3502 4432 3597 4471 eos
3622 4456 3640 4479 ,

1978 4534 2033 4594 D
2059 4506 2487 4609 utagnoscerent
2507 4530 2701 4585 Deum.
2732 4525 2808 4579 Illi
2839 4536 2965 4576 vero
2987 4518 3240 4573 suaviores
3261 4510 3457 4573 effecti,
3490 4506 3641 4560 fusti-

2059 4598 2321 4688 busveum
2354 4623 2508 4691 quasi
2540 4619 2769 4689 lapidem
2802 4610 3087 4684 quemdam
3134 4617 3294 4676 atque
3340 4598 3640 4655 exanimem

2059 4724 2409 4785 ceciderunt;
2433 4724 2489 4772 et
2513 4706 2966 4777 deinde,pedibus
2988 4702 3106 4772 ejus
3132 4698 3256 4752 fune
3280 4692 3645 4761 Iigatis,extra

2062 4817 2243 4870 vicum
2277 4813 2578 4869 traxerunt,
2612 4799 2876 4870 lapidibus
2904 4796 3227 4853 obruentes;
3270 4792 3648 4848 mortuumque

2064 4921 2191 4963 eum
2216 4903 2563 4965 arbitrantes,
2590 4893 2914 4951 seminecem
2937 4886 3286 4953 reliquerunt.

2141 5019 2313 5078 Media
2338 5024 2516 5072 autem
2546 5019 2703 5066 nocte
2728 5007 2782 5061 in
2811 5000 3162 5067 semetipsum
3188 5004 3459 5051 reversus,
3485 4984 3654 5054 coepit

2076 5116 2210 5171 ﬂere
2236 5090 2725 5166 vehementissime,
2753 5112 2816 5151 ac
2848 5093 3030 5149 dicere
3062 5107 3075 5141 :
3107 5087 3178 5143 Ut
3208 5083 3361 5153 quid.
3389 5080 3614 5135 Domine
3638 5116 3654 5140 ,

2077 5201 2369 5273 despexisti
2395 5194 2751 5252 humilitatem
2778 5199 2980 5247 meam,
3004 5190 3058 5236 et
3089 5191 3255 5248 quare
3280 5174 3469 5228 faciem
3511 5178 3656 5223 tuam

2071 5293 2273 5351 avertis
2304 5305 2333 5344 a
2361 5286 2481 5343 me?
2510 5295 2563 5339 et
2590 5297 2686 5337 cur
2710 5277 2929 5348 repellis
2954 5272 3187 5329 animam
3234 5280 3432 5327 meam,
3474 5271 3527 5317 et
3556 5261 3655 5314 de-

2075 5383 2294 5458 spexiSti
2327 5423 2343 5448 ,
2373 5378 2618 5442 Domine,
2649 5388 2809 5443 opera
2841 5382 3091 5423 manuum
3119 5359 3366 5417 tuarum?
3396 5356 3464 5411 Et
3488 5368 3661 5417 nunc,

2082 5476 2331 5537 Domine,
2360 5469 2567 5539 respice
2604 5480 2766 5534 super
2805 5474 3020 5516 servum
3052 5463 3200 5510 tuum
3228 5491 3245 5520 ,
3273 5460 3329 5505 et
3350 5445 3541 5504 exaudi
3573 5444 3667 5497 de-

2080 5570 2443 5643 precationem
2473 5575 2671 5626 meam,
2714 5563 2771 5612 et
2812 5551 3104 5610 corrobora
3134 5562 3220 5600 me
3252 5561 3266 5609 ;
3305 5538 3457 5613 147
3492 5544 3545 5590 et
3571 5535 3667 5586 ab—

2081 5626 2233 5723 solve
2262 5672 2452 5717 servos
2484 5664 2602 5710 tuos
2631 5667 2661 5705 a
2691 5648 2919 5704 vinculis
2942 5640 3138 5697 diaboli
3159 5679 3176 5703 ,
3209 5646 3264 5691 et
3287 5636 3478 5702 praesta
3502 5626 3581 5679 eis
3613 5629 3667 5677 ut

2084 5757 2407 5825 cognoscant
2431 5758 2481 5802 te
2509 5742 2757 5815 quoniam
2786 5749 2840 5794 tu
2871 5751 2932 5791 es
2960 5731 3137 5788 solus.
3161 5734 3216 5781 ct
3238 5729 3429 5795 praeter
3458 5724 3510 5768 te
3558 5725 3666 5765 non
