4016 6258
439 346 542 402 ξδ’]

1517 337 1607 391 DE
1649 333 1830 391 VITIS
1870 326 2154 384 PATRUM
2199 325 2398 381 LIBER
2442 323 2718 381 PRIMUS.

3603 319 3707 372 288

438 457 677 513 estalius
701 456 861 509 Deus.
896 451 1099 507 Deinde
1128 462 1457 520 consurgens
1483 449 1550 502 ab
1570 448 1830 510 oratione,
1857 446 2016 500 intra-
2045 443 2092 499 A
2122 439 2404 494 admodum
2461 439 2745 495 denuntias
2798 436 2950 491 nobis
2980 444 3034 491 et
3086 435 3273 502 doces,
3326 434 3399 488 ita
3426 437 3708 516 “credimus

440 553 516 606 vit
545 551 597 604 in
622 550 830 611 vicum;
862 546 1239 614 ingressusque
1267 545 1569 607 ecclesiam,
1604 541 1826 596 Domino
1876 540 2014 607 psal-

440 658 558 697 mos
588 640 837 696 canebat.
863 636 1069 691 Rursus
1093 643 1271 690 autem
1296 634 1436 689 facto
1458 633 1710 700 diluculo,
1745 635 2021 688 venientes

441 734 698 789 viderunt
719 745 864 785 eum.
886 728 952 784 Et
977 726 1257 796 stupefacti
1285 734 1444 794 atque
1466 724 1518 779 in
1544 725 1803 779 insaniam
1835 724 1975 778 versi
2002 763 2018 789 ,

440 824 581 879 nulla
606 822 862 876 habentes
891 820 1098 873 viscera
1130 814 1537 881 misericordiae,
1561 813 1838 868 acerrimis
1871 814 2019 867 illum

438 913 719 969 tormentis
762 910 1153 977 crudeliterque
1196 905 1517 971 conﬁciunt;
1546 913 1603 960 et
1623 904 1783 959 solito
1805 904 2022 959 funibus

439 1006 734 1073 alligatum,
764 1010 913 1057 extra
941 1000 1117 1055 vicum
1152 1006 1454 1054 traxerunt.

509 1094 641 1150 CAP.
684 1093 769 1149 Vl.
801 1123 872 1133 —
901 1091 1027 1146 Haec
1050 1099 1228 1145 autem
1270 1105 1390 1145 cum
1422 1104 1517 1158 per
1558 1085 1846 1142 triennium
1878 1094 2024 1156 pate-

438 1195 604 1251 retur,
636 1184 785 1255 quasi
817 1197 978 1237 verus
1001 1181 1222 1236 adamas
1266 1178 1622 1235 tolerabiliter
1650 1176 1973 1246 perdurabat
2004 1192 2018 1242 ;

439 1291 541 1332 nec
564 1286 642 1331 tot
664 1273 937 1343 tantisque
959 1272 1371 1328 insectationum
1389 1268 1821 1325 tribulationibus
1832 1268 2018 1333 cessit;

438 1367 534 1421 sed
578 1381 696 1421 cum
729 1363 1048 1432 cmderetur,
1080 1378 1200 1418 cum
1234 1362 1555 1427 traheretur,
1600 1377 1723 1417 cum
1772 1374 2023 1430 persecu-

436 1458 608 1511 tiones
641 1465 940 1525 pateretur,
985 1469 1106 1509 cum
1148 1454 1499 1524 lapidaretur,
1540 1470 1659 1509 cum
1692 1453 1834 1508 fame
1861 1464 1914 1508 et
1934 1453 2020 1508 siti

437 1547 725 1611 laboraret,
758 1544 811 1599 in
842 1545 1091 1598 omnibus
1116 1544 1199 1599 his
1241 1560 1359 1613 quae
1403 1545 1452 1599 ei
1504 1543 1845 1606 acciderant,
1880 1558 2020 1598 nun-

436 1655 597 1708 quam
626 1639 690 1692 ad
724 1636 1052 1691 iracundiam
1098 1645 1455 1705 provocatus,
1511 1651 1778 1705 nunquam
1825 1636 1893 1689 ad
1942 1636 2022 1691 iu-

433 1730 798 1799 dignationem
823 1736 1125 1783 commotus
1148 1736 1261 1795 est;
1287 1743 1555 1798 nunquam
1580 1727 2020 1798 pusillanimitate

434 1821 726 1887 distabuit,
780 1834 1049 1888 nunquam
1093 1819 1251 1874 tmdio
1292 1820 1542 1889 fatigatus
1590 1829 1706 1885 est;
1759 1821 1853 1875 sed
1899 1835 2020 1873 cum

434 1926 622 1980 aspera
648 1911 823 1964 omnia
857 1918 1151 1980 pateretur,
1180 1912 1349 1980 magis
1378 1927 1441 1965 ac
1491 1910 1661 1981 magis
1710 1925 1861 1965 amor
1902 1911 2020 1980 ejus

432 2005 485 2058 in
510 2019 604 2059 eos
627 2013 682 2058 et
705 2002 937 2058 cbaritas
960 2002 1272 2071 augebatur.
1300 2000 1457 2055 Modo
1486 2001 1833 2069 admonebat,
1859 2002 2017 2055 modo

433 2094 805 2149 “audiebatur
831 2135 845 2160 ,
879 2094 1039 2148 modo
1065 2092 1442 2147 blandimentis
1485 2092 1789 2147 suavissimi
1820 2094 2019 2160 eloquii

431 2185 675 2241 iiniebat.
710 2186 772 2239 Et
799 2184 1012 2255 quidem
1045 2187 1309 2250 seniores,
1352 2184 1516 2239 veluti
1546 2195 1724 2254 patres
1755 2186 2014 2256 rogabat;

430 2279 653 2352 juvenes
684 2288 741 2333 ut
772 2278 982 2343 fratres,
1008 2279 1377 2333 adolescentes
1403 2288 1460 2332 ut
1500 2279 1669 2345 filios;
1704 2294 1824 2334 cum
1852 2294 2017 2333 econ-

431 2372 596 2425 trario
622 2370 689 2424 ab
726 2370 805 2424 eis
831 2373 1270 2438 subsannaretur,
1304 2368 1653 2438 irrideretur,
1683 2379 1841 2440 atque
1871 2369 2019 2424 mille

434 2462 721 2532 opprobria
756 2468 1047 2531 pateretur.

498 2550 627 2605 Car.
671 2551 779 2604 νη.
822 2580 892 2590 --
929 2550 1167 2617 Quadam
1211 2550 1367 2618 igitur
1411 2550 1497 2607 die
1545 2551 1869 2608 habitatores
1913 2552 2016 2608 vici

432 2643 577 2699 illius
603 2642 927 2712 congregati,
962 2640 1238 2709 nimioque
1267 2651 1484 2708 stupore
1518 2644 1774 2697 mirantes
1802 2656 1865 2697 ac
1900 2658 2019 2711 per-

431 2735 625 2798 territi,
659 2735 724 2788 ad
747 2735 971 2789 invicem
1003 2734 1367 2803 colloquentes
1407 2733 1701 2799 :Ccrnitis,
1748 2735 2013 2803 inquiunt,

430 2837 534 2881 tam
561 2841 803 2896 magnam
833 2826 1141 2895 patientiam
1174 2826 1294 2893 viri,
1324 2826 1717 2881 ctinellabilem
1745 2829 1885 2882 circa
1918 2842 2016 2883 nos

428 2920 771 2983 charitatem,
820 2918 1091 2988 quomodo
1120 2918 1173 2972 in
1208 2918 1367 2973 tantis
1412 2918 1841 2974 tribulationibus
1885 2934 2016 2989 quas

427 3010 476 3065 ei
505 3010 780 3066 intulimus
809 3025 1141 3080 nequaquam
1171 3025 1238 3065 ex
1284 3011 1389 3089 hoc
1423 3011 1541 3065 loco
1568 3009 1895 3077 discesserit,
1925 3026 2017 3065 ne-

426 3118 529 3173 que
558 3100 714 3157 alicui
736 3110 972 3157 nostrum
1004 3102 1201 3156 malum
1230 3103 1449 3156 verbum
1488 3101 1695 3155 locutus
1725 3101 1815 3167 sit,
1840 3116 2012 3171 neque

2128 539 2182 585 ct
2209 530 2482 586 faciemus.
2509 531 2571 584 Et
2593 528 2872 585 confessim
2897 538 3115 584 sanctus
3135 528 3404 583 Abraham
3432 543 3709 585 assumens

2125 634 2335 675 sacrum
2370 620 2646 689 baptisma,
2698 619 2984 689 baptizavit
3025 634 3122 676 eos
3153 620 3205 674 in
3255 621 3471 675 nomine
3518 621 3707 687 Patris,

2126 720 2181 767 et
2211 712 2358 779 Filii,
2388 722 2443 765 et
2469 714 2699 782 Spiritus
2727 713 2918 778 saneti,
2947 728 2975 765 a
3002 713 3223 768 minimo
3252 726 3422 783 usque
3448 714 3513 767 ad
3542 716 3706 768 maxi-

2125 825 2293 866 mum.
2327 812 2497 866 Erant
2548 820 2724 865 autem
2765 824 2936 878 usque
2960 808 3026 864 ad
3066 808 3212 864 mille
3253 809 3481 865 animas.
3513 810 3711 865 Deinde

2126 922 2221 977 per
2246 906 2486 976 singulos
2514 905 2629 959 dies
2671 904 2880 959 divinas
2911 903 3217 973 Scripturas
3244 905 3324 958 eis
3352 902 3582 971 legebat,
3613 903 3708 956 do-

2126 996 2283 1051 cebat
2309 1010 2403 1050 eos
2428 995 2494 1050 de
2515 1009 2681 1066 regno
2712 994 2837 1060 Dei,
2891 993 2960 1049 de
2991 993 3224 1063 paradisi
3255 993 3484 1058 deliciis,
3525 992 3593 1047 de
3621 1008 3711 1063 ge-

2129 1087 2321 1143 hennae
2350 1088 2646 1157 suppliciis,
2696 1087 2765 1143 de
2804 1086 3030 1156 justitia,
3059 1085 3128 1141 de
3175 1086 3279 1141 fide
3329 1094 3385 1141 et
3430 1087 3707 1143 cbaritate.

2129 1178 2202 1234 Illi
2235 1194 2382 1244 vero,
2414 1179 2553 1233 sicut
2581 1178 2717 1233 bona
2746 1188 2890 1234 terra
2930 1179 3155 1248 percipit
3182 1192 3366 1235 semen
3412 1178 3630 1245 bonum,
3659 1191 3711 1236 et

2125 1271 2280 1326 affert
2328 1270 2576 1337 fructum,
2625 1269 2771 1325 aliud
2821 1271 3190 1338 centesimum,
3245 1270 3388 1325 aliud
3442 1273 3707 1341 sexagesi-

2127 1380 2294 1432 mum,
2325 1365 2467 1419 aliud
2499 1366 2829 1434 trigesimum
2866 1364 3079 1433 (Matth.
3110 1365 3259 1434 xm);
3311 1364 3382 1419 ita
3413 1365 3571 1420 verba
3600 1366 3712 1433 ejus

2127 1458 2483 1514 libentissime
2507 1458 2811 1525 audientes,
2835 1468 2994 1529 atque
3022 1459 3075 1513 in
3135 1459 3328 1514 timore
3355 1458 3570 1512 Domini
3596 1474 3713 1528 pro-

2128 1549 2389 1615 licicntes,
2423 1548 2977 1619 fructuslargissimos
2997 1548 3309 1604 afferebant.
3342 1549 3398 1603 lu
3422 1559 3713 1620 conspectu

2126 1650 2304 1693 autem
2335 1654 2520 1693 eorum
2543 1641 2691 1707 quasi
2742 1639 2961 1708 angelus
3015 1638 3110 1693 Dei
3141 1638 3438 1704 videbatur,
3478 1649 3535 1694 et
3565 1643 3712 1707 quasi

2128 1728 2372 1798 qumdam
2402 1729 2610 1785 aediﬁcii
2663 1730 2911 1800 ligatura.
2945 1728 3035 1785 Sic
3080 1730 3222 1786 enim
3265 1730 3497 1785 charitas
3527 1744 3715 1786 eorum

2056 1802 2104 1862 Β
2132 1821 2276 1876 circa
2306 1823 2480 1890 ipsum
2509 1830 2628 1876 erat
2659 1836 2754 1891 per
2780 1821 3079 1877 doctrinam
3107 1822 3372 1878 sermonis
3394 1822 3713 1893 dulcissimi,

2125 1925 2182 1971 ut
2208 1930 2277 1971 ex
2308 1917 2408 1971 hoc
2434 1917 2599 1971 Deum
2628 1916 2848 1971 credere
2878 1916 3207 1971 viderentur.

2195 2009 2325 2062 Car.
2372 2007 2459 2062 IX.
2500 2038 2570 2048 —
2609 2008 2889 2077 Completo
2952 2008 3111 2077 igitur
3176 2022 3357 2073 anno,
3428 2018 3710 2079 postquam

2122 2099 2487 2166 crediderunt,
2516 2100 2595 2153 vir
2620 2099 2803 2155 beatus
2824 2096 3092 2153 Abraham
3113 2114 3218 2154 nou
3245 2099 3489 2154 cessabat
3515 2100 3712 2155 diebus

2122 2190 2345 2261 singulis
2376 2190 2597 2245 verbum
2627 2190 2706 2245 eis
2730 2190 2940 2244 Domini
2967 2190 3276 2259 praedicare.
3310 2192 3379 2246 At
3407 2192 3497 2246 ubi
3523 2207 3711 2247 eorum

2123 2282 2357 2336 studium
2386 2281 2529 2337 circa
2561 2281 2727 2336 Deum
2759 2282 3025 2351 fidemque
3078 2281 3445 2338 firmissimam
3474 2283 3631 2349 vidit,
3662 2294 3711 2339 et

2121 2372 2261 2439 quod
2292 2386 2417 2441 erga
2450 2387 2573 2426 eum
2626 2373 2788 2426 nimia
2845 2382 3026 2427 essent
3076 2372 3339 2428 charitate
3384 2376 3634 2441 connexi,
3662 2386 3711 2430 et

2121 2460 2377 2516 honorem
2408 2462 2509 2517 sibi
2537 2464 2827 2517 maximum
2845 2463 3183 2527 exhiberem,
3209 2478 3402 2519 verens
3431 2481 3498 2520 ne
3526 2466 3711 2519 obten-

2121 2561 2176 2606 tu
2200 2567 2386 2607 eorum
2412 2552 2751 2609 abstinentia:
2772 2568 2883 2609 suae
2914 2556 3148 2624 regulam
3174 2555 3451 2612 destruere
3482 2572 3709 2625 cogere-

2121 2654 2227 2714 tur,
2276 2654 2329 2700 et
2373 2660 2692 2715 quocunque
2727 2645 2885 2700 modo
2936 2660 3089 2701 mens
3137 2647 3255 2716 ejus
3306 2650 3537 2703 terrenis
3568 2651 3711 2703 curis

2119 2736 2527 2806 astringeretur,
2559 2751 2889 2809 consurgens
2916 2738 2968 2793 in
2998 2738 3177 2794 medio
3206 2742 3397 2805 noctis,
3426 2742 3568 2797 hanc
3592 2757 3711 2796 ora-

2120 2826 2318 2881 tionem
2375 2826 2573 2882 fudisse
2604 2818 2771 2882 fertur
2815 2828 2881 2882 ad
2910 2830 3239 2884 Dominum:
3283 2830 3363 2884 Tu
3404 2831 3552 2885 solus
3596 2831 3713 2887 sine

2120 2927 2359 2986 peccato,
2394 2917 2557 2985 Deus,
2604 2919 2714 2989 qui,
2744 2934 2864 2975 cum
2896 2921 2970 2976 sis
3020 2932 3262 2990 sanctus,
3312 2922 3615 2993 requiescis
3662 2925 3712 2980 in

2118 3009 2334 3075 sanctis,
2366 3009 2458 3079 qui
2481 3010 2630 3065 solus
2659 3021 2867 3066 amator
2895 3027 2955 3067 es
2993 3012 3264 3068 hominum
3297 3028 3360 3067 ac
3397 3014 3712 3070 misericors

2121 3103 2398 3171 Dominus,
2429 3104 2519 3174 qui
2547 3105 2744 3159 mentis
2787 3107 2973 3161 oculos
3003 3105 3162 3175 hujus
3204 3106 3562 3162 multitudinis
3596 3109 3712 3163 illu-

425 3210 642 3251 aversas
663 3204 747 3251 est
771 3211 798 3249 a
821 3196 995 3262 nobis,
1022 3194 1114 3249 sed
1138 3210 1259 3249 cum
1291 3194 1485 3264 gaudio
1520 3208 1712 3263 magno
1739 3194 2009 3248 sustinue-
2039 3165 2084 3228 ο
2121 3195 2357 3262 minasti,
2379 3195 2581 3266 quieos
2606 3196 2674 3252 ab
2708 3195 2997 3252 adversarii
3027 3197 3253 3253 vinculis
3282 3198 3588 3267 absolvisti,
3623 3199 3711 3269 qui

427 3287 494 3343 rit
523 3288 791 3343 universa.
822 3285 975 3343 Unde
1000 3285 1100 3340 nisi
1132 3295 1275 3341 esset
1300 3287 1381 3357 (ut
1424 3287 1638 3353 asserit)
1669 3285 1808 3341 Deus
1851 3300 2011 3340 verus

426 3396 583 3450 quem
629 3380 905 3449 prmdicat,
935 3388 989 3434 et
1015 3394 1235 3449 regnum
1289 3388 1343 3435 et
1394 3378 1694 3448 paradisus,
1728 3379 1861 3433 ultio
1885 3394 2015 3447 quo-

425 3491 526 3545 que
554 3475 837 3539 malorum,
867 3489 970 3527 non
1000 3472 1140 3527 hanc
1179 3471 1571 3526 tribulationem
1601 3481 1871 3541 pateretur
1901 3471 2014 3524 ina-

423 3569 583 3622 niter.
652 3566 782 3623 Illud
836 3566 997 3620 ctiam
1048 3564 1494 3621 considerandum
1523 3605 1537 3629 ,
1584 3563 1835 3634 quoniam
1882 3563 2012 3619 deos

421 3667 658 3722 nostros,
689 3673 808 3711 cum
851 3666 997 3711 e~set
1042 3657 1212 3721 solus,
1265 3654 1479 3723 evertit,
1519 3664 1573 3711 et
1618 3655 1671 3709 in
1702 3654 1846 3711 nullo
1889 3669 2010 3711 eum

419 3751 618 3804 laudere
649 3750 945 3803 valuerunt.
987 3747 1124 3803 Vere
1153 3760 1341 3803 servus
1393 3746 1487 3801 Dei
1513 3753 1596 3801 est
1627 3748 1786 3800 homo
1818 3745 1923 3811 hic,
1955 3755 2011 3800 et

420 3850 612 3895 cuncta
637 3854 763 3895 vera
796 3850 921 3894 sunt
946 3856 1065 3909 qua:
1109 3838 1178 3893 de
1220 3852 1287 3892 eo
1331 3837 1472 3892 fama
1519 3837 1791 3906 dispersit.
1820 3835 2012 3892 Venite

419 3930 619 4001 itaque,
652 3934 933 3985 credamus
981 3931 1035 3984 in
1093 3931 1257 3983 Deum
1288 3944 1444 3999 quem
1474 3929 1750 3998 praedicat.
1800 3926 1866 3982 Et
1898 3928 2014 3984 hmc

419 4024 558 4078 inter
607 4040 667 4078 se
708 4024 1092 4091 colloquentes,
1146 4023 1347 4092 pariter
1391 4036 1579 4077 omnes
1626 4024 1678 4077 in
1724 4022 2007 4077 ecclesiam

419 4124 668 4185 pergunt,
702 4116 995 4169 clamantes
1023 4124 1184 4183 atque
1233 4114 1504 4169 dicentes:
1536 4113 1715 4175 Gloria
1747 4115 1856 4168 Deo
1901 4128 2010 4170 cce-

416 4206 561 4275 lesti,
589 4208 679 4279 qui
710 4206 853 4261 misit
873 4206 1127 4261 famulum
1146 4222 1297 4261 suum
1318 4249 1333 4273 ,
1367 4215 1426 4260 ut
1455 4222 1550 4261 nos
1579 4206 1646 4261 ab
1677 4220 1863 4262 errore
1907 4208 2011 4261 sal-

417 4308 591 4355 νεπει.

486 4394 615 4447 CAP.
661 4391 795 4447 Vlll.
833 4421 905 4433 —
943 4391 1090 4447 Tunc
1112 4392 1300 4446 beatus
1332 4392 1492 4447 homo
1520 4391 1614 4447 Dei
1658 4390 1771 4446 haec
1798 4391 2006 4456 videns,

416 4482 597 4538 latitia
628 4483 827 4555 ingenti
859 4483 1095 4553 repletus
1123 4492 1227 4549 est,
1275 4491 1330 4537 et
1379 4481 1543 4537 facies
1592 4480 1709 4551 ejus
1735 4482 1883 4551 quasi
1915 4495 2002 4535 ros

2118 3286 2418 3355 implicatos
2447 3301 2543 3341 eos
2571 3285 2639 3340 ab
2684 3286 3089 3342 simulacrorum
3136 3287 3410 3343 erroribus
3431 3290 3705 3343 converti-

2116 3377 2205 3441 sti,
2229 3385 2283 3430 et
2311 3386 2411 3432 tute
2440 3376 2757 3446 cognitionis
2783 3377 3150 3435 eisscientiam
3196 3379 3465 3445 tribuisti;
3496 3394 3711 3449 quaeso,

2117 3467 2365 3536 Domine,
2389 3477 2448 3524 ut
2476 3484 2648 3536 usque
2672 3470 2723 3524 in
2752 3468 2911 3525 linem
2937 3485 3127 3541 regere
3146 3485 3240 3527 eos
3282 3481 3339 3527 et
3382 3488 3712 3528 conservare

2117 3560 2376 3631 digneris,
2398 3572 2452 3617 et
2479 3562 2735 3617 auxilium
2777 3572 2928 3619 tuum
2958 3565 3103 3635 gregi
3134 3563 3259 3620 huic
3291 3565 3514 3635 optimo,
3546 3582 3710 3636 quem

2116 3652 2391 3722 possidere
2413 3654 2649 3723 voluisti,
2675 3666 2991 3727 perpetuum
3011 3658 3396 3727 copiosumque
3412 3659 3710 3715 clementer

2116 3747 2393 3816 impertias
2420 3764 2433 3814 ;
2464 3755 2520 3803 et
2559 3750 2707 3818 quasi
2738 3764 2893 3804 muro
2915 3749 3243 3804 validissimo
3288 3764 3381 3805 eos
3409 3752 3582 3822 gratia
3619 3751 3711 3806 bo-

2113 3837 2299 3892 nitatis
2329 3846 2433 3893 tute
2470 3838 2795 3904 circumdes,
2845 3849 2900 3895 et
2928 3854 3020 3894 cor
3049 3855 3235 3894 eorum
3266 3854 3478 3909 semper
3505 3840 3710 3895 illumi-

2115 3943 2231 3993 nes,
2262 3938 2316 3983 ut
2344 3943 2405 3982 ea
2438 3944 2558 3999 quae
2587 3939 2711 3985 sunt
2742 3929 2834 3984 tibi
2892 3931 3052 4002 148
3099 3931 3289 3999 placita
3340 3931 3706 4000 perficientes,
3790 4008 3791 4011 η

2114 4032 2371 4076 aeternam
2403 4022 2569 4076 vitam
2619 4023 2897 4091 percipere
2940 4033 3281 4089 mereantur;
3314 4024 3443 4077 mihi
3491 4037 3708 4093 quoque

2114 4112 2478 4168 infirmissimo
2521 4112 2900 4168 adminiculum
2930 4114 3151 4179 tribuas,
3181 4129 3355 4184 neque
3383 4125 3604 4183 reputes
3656 4117 3706 4169 iu

2116 4211 2391 4272 peccatum
2422 4203 2561 4273 quod
2615 4204 2684 4259 ab
2726 4205 2805 4259 eis
2851 4204 3045 4259 festino
3094 4203 3391 4260 discedere.
3421 4205 3502 4259 Tu
3556 4207 3705 4260 enim

2114 4294 2279 4361 nosti,
2323 4295 2691 4352 universorum
2741 4297 3002 4365 cognitor,
3049 4297 3189 4365 quod
3241 4305 3293 4351 te
3337 4295 3512 4351 solum
3553 4296 3703 4352 desi-

2112 4387 2263 4451 dero,
2294 4397 2348 4443 et
2393 4397 2444 4442 te
2470 4387 2601 4443 mihi
2630 4386 2913 4443 Dominum
2956 4401 3077 4442 esse
3118 4401 3401 4457 cognosco.
3436 4386 3703 4442 Consum-

2113 4488 2363 4549 mataque
2386 4479 2630 4534 oratione
2651 4477 2953 4546 discedens,
2985 4478 3143 4532 tertio
3165 4477 3497 4546 consignavit
3518 4480 3699 4531 vicum

416 4543 715 4630 matutinus
737 4583 938 4629 mutata
968 4583 1069 4629 est.
1113 4573 1478 4644 Aperiensque
1503 4587 1564 4628 os
1610 4587 1787 4637 suum,
1825 4573 1898 4627 ait
1936 4573 2003 4626 ad
2036 4543 2089 4602 D
2111 4573 2310 4628 Christi
2341 4572 2647 4642 signaculo;
2690 4573 2927 4642 abiitque
2958 4572 3190 4627 latenter
3218 4572 3272 4627 in
3311 4571 3470 4627 alium
3493 4570 3697 4639 locum,

411 4681 507 4722 eos
535 4686 547 4721 :
578 4666 763 4721 Patres
792 4667 919 4733 mei,
949 4664 1144 4721 fratres
1172 4680 1236 4721 ac
1290 4666 1403 4730 lilii,
1435 4664 1631 4733 venite,
1675 4666 1864 4721 demus
1890 4666 1997 4735 glo-

414 4759 548 4812 riam
570 4757 706 4826 Deo,
762 4756 852 4827 qui
880 4756 1185 4812 illuminare
1218 4755 1468 4827 dignatus
1489 4766 1572 4811 est
1596 4758 1782 4811 oculos
1810 4758 2006 4813 mentis

414 4860 632 4918 vestrae,
660 4859 718 4905 ut
744 4865 865 4906 eum
890 4850 1105 4920 possitis
1126 4865 1450 4920 agnoscere;
1475 4859 1528 4905 et
1546 4850 1802 4920 percipite
1832 4850 2005 4920 signa-

416 4941 595 4996 culum
622 4941 746 4996 vita:
774 4949 830 4995 ut
859 4941 1215 5011 puriﬁcemini
1244 4941 1313 4996 ab
1336 4941 1667 4996 immunditia
1696 4942 1958 4996 idolorum
1986 4959 2001 4996 :

416 5039 471 5085 et
510 5030 710 5085 credite
754 5046 820 5085 ex
870 5042 981 5088 toto
1010 5032 1175 5089 corde
1224 5042 1278 5087 et
1327 5032 1529 5098 animo,
1576 5032 1717 5103 quod
1770 5046 1907 5086 unus
1933 5034 2003 5089 sit

413 5118 557 5175 Deus
576 5120 696 5175 coeli
725 5130 779 5175 et
809 5132 964 5177 terrae
992 5132 1048 5178 et
1085 5122 1324 5178 omnium
1354 5137 1475 5191 qua:
1506 5121 1558 5176 in
1604 5114 1685 5176 eis
1711 5131 1854 5186 sttnt,
1885 5122 2001 5177 sine

413 5209 591 5279 initio,
638 5212 1009 5270 inenarrabilis
1039 5224 1093 5271 et
1121 5213 1697 5284 incomprehensibilis,
1727 5214 1881 5267 dator
1924 5215 2004 5269 lu-

413 5305 595 5372 minis,
625 5315 679 5360 et
729 5314 935 5360 amator
965 5320 1029 5360 ac
1063 5308 1372 5375 redemptor
1401 5305 1698 5373 hominum,
1750 5304 2000 5361 terribilis

410 5411 475 5452 ac
502 5400 714 5463 suavis;
746 5407 803 5453 et
848 5398 902 5453 in
933 5393 1125 5452 Filium
1148 5398 1265 5468 ejus
1291 5399 1644 5470 unigenitum,
1670 5400 1757 5469 qui
1798 5408 1880 5453 est
1906 5414 1995 5452 sa-

412 5486 609 5556 pientia
653 5486 799 5557 ejus;
850 5496 905 5542 et
933 5489 986 5543 in
1036 5488 1291 5557 Spiritum
1329 5500 1594 5556 sanctum,
1624 5490 1711 5558 qui
1763 5489 1997 5544 vivificat

409 5579 615 5646 omnia,
646 5589 705 5635 ut
747 5579 996 5635 etelestes
1019 5595 1090 5635 ex
1123 5583 1352 5637 terrenis
1378 5582 1574 5647 effecti,
1627 5584 1786 5637 vitam
1834 5582 1997 5638 coale-

413 5681 549 5724 stem
580 5670 798 5741 possitis
826 5672 1069 5743 adipisci.
1098 5673 1507 5743 Respondentcs
1534 5684 1710 5730 autem
1737 5674 1989 5742 universi,

413 5765 692 5825 dixerunt:
714 5771 787 5828 lta
808 5777 956 5834 pater
984 5778 1184 5835 noster,
1206 5771 1272 5826 ita
1301 5771 1402 5828 dux
1430 5772 1547 5826 vStcc
1581 5778 1992 5838 unumquem-

2109 4675 2165 4722 et
2192 4666 2385 4734 quibus
2417 4666 2588 4733 potuit
2615 4665 2833 4721 latebris
2855 4664 3163 4720 occultavit.

2180 4754 2308 4810 Car.
2351 4755 2421 4812 X.
2461 4785 2533 4797 —-
2569 4755 2724 4811 Mane
2753 4764 2930 4810 autem
2961 4755 3118 4811 solito
3141 4769 3289 4811 more
3309 4754 3375 4809 ad
3410 4755 3697 4811 ecclesiam

2111 4850 2282 4903 turba:
2312 4848 2658 4904 conveniunt.
2692 4848 2933 4916 Cumque
2956 4863 3077 4903 eum
3102 4847 3321 4901 minime
3340 4847 3693 4916 reperissent,

2109 4940 2345 4995 maximo
2394 4948 2611 5008 stupore
2662 4939 2921 5008 percussi,
2955 4948 3009 4993 et
3056 4937 3208 5007 quasi
3246 4949 3487 4993 errantes
3533 4951 3691 5001 oves,

2106 5030 2335 5085 diversis
2380 5029 2512 5084 locis
2541 5037 2816 5099 pastorem
2859 5030 3134 5101 proprium
3174 5029 3573 5098 perquirebant,
3597 5044 3695 5083 no-

2107 5136 2337 5191 menque
2363 5120 2626 5175 ululantes
2649 5134 2773 5175 cum
2803 5120 3058 5191 lacrymis
3080 5120 3389 5176 inclamant.
3423 5119 3556 5175 Cum
3596 5134 3691 5173 auo

2107 5225 2212 5269 tem
2239 5212 2543 5269 diutissime
2594 5213 2955 5282 perquirendo
2983 5227 3107 5268 eum
3160 5212 3404 5268 invenire
3430 5226 3539 5267 non
3570 5225 3692 5280 pos-

2101 5322 2162 5363 se
2186 5316 2243 5372 ιι,
2273 5306 2442 5362 nimio
2468 5320 2699 5361 maerore
2735 5305 2951 5374 dejecti,
2975 5305 3282 5374 confestim,
3305 5303 3445 5375 quod
3475 5305 3555 5359 eis
3600 5317 3693 5356 ac-

2104 5400 2325 5465 ciderat,
2354 5409 2637 5469 pergentes
2685 5399 2937 5468 episcopo
2986 5398 3380 5453 nuntiaverunt.
3412 5396 3516 5465 Qui
3564 5412 3686 5451 cum

2107 5494 2206 5549 hoc
2228 5494 2554 5564 agnovisset,
2581 5492 2694 5561 ipse
2708 5506 2921 5562 quoque
2943 5490 3229 5544 admodum
3254 5490 3419 5545 tristis
3439 5489 3684 5550 eﬂ‘ectus,

2103 5587 2279 5641 statim
2313 5585 2569 5655 pluritnos
2594 5584 2660 5638 ad
2690 5582 3063 5653 requirendum
3095 5582 3188 5637 Dei
3214 5581 3481 5636 hominem
3522 5579 3685 5636 deali-

2103 5679 2266 5741 navit,
2292 5677 2526 5732 maxime
2548 5674 2619 5731 ob
2638 5675 3061 5730 consolationem
3085 5672 3262 5743 gregis
3290 5672 3427 5741 ejus,
3454 5685 3520 5725 co
3540 5668 3682 5740 quod

2104 5778 2351 5827 cerneret
2379 5781 2471 5825 eos
2498 5765 2745 5823 flebiliter
2793 5764 3120 5822 contristari.
3174 5764 3416 5834 Cumque
3469 5761 3538 5818 ab
3566 5774 3677 5816 om-
