4016 6228
272 327 364 385 289

1310 324 1462 381 VlTA
1502 322 1745 381 SANCTI
1786 321 2092 379 ΑΒΒΑΗᾸΞ
2136 324 2488 381 ΕῐῖΕΜΙΤᾹΞ.

3429 332 3534 390 290

272 444 416 501 nibus
440 448 687 507 tanquam
739 432 879 507 lapis
923 436 1348 510 pretiosissimas
1391 447 1741 509 quaereretur,
1793 447 1848 493 et
1876 444 1924 500 Α
1954 440 2080 503 mei,
2140 439 2388 495 festinate
2441 440 2710 505 celeriter,
2766 450 2925 512 atque
2975 443 3323 511 introcuntes,
3370 448 3533 502 vitam

270 545 475 604 prorsus
497 527 722 583 inveniri
754 542 861 585 non
888 538 1087 600 posset,
1124 530 1304 585 ha‘hito
1333 531 1559 585 consilio
1587 545 1706 584 cum
1730 528 1840 585 cle-

269 626 382 681 ricis
408 623 537 686 suis,
567 622 851 693 episc0pus
897 636 1254 679 memoratum
1306 625 1481 678 vicum
1528 624 1842 692 ingreditur.

266 714 528 786 Cmpitque
549 716 619 772 ad
646 730 742 773 eos
773 717 1192 773 consolatoriam
1224 716 1465 786 proferre
1511 730 1841 782 sermonem,

266 817 312 863 et
336 806 570 863 dolorem
602 809 916 872 maximum,
942 822 1100 877 quem
1133 807 1200 863 de
1221 809 1461 863 discessu
1492 807 1723 861 hominis
1749 805 1843 860 Dei

265 910 639 970 conceperant,
698 898 893 952 blanda
948 892 1343 968 prmdicatione
1383 898 1570 953 lenire.
1605 896 1845 952 Cernens

267 1004 427 1048 autem
457 994 508 1046 in
537 990 644 1045 fide
673 989 869 1046 Christi
908 1005 1004 1047 eos
1034 991 1389 1054 firmissimos,
1434 990 1595 1059 elegit
1648 1004 1716 1043 ex
1764 988 1843 1043 eis

267 1088 396 1143 viros
425 1085 749 1155 probabiles,
798 1100 933 1155 quos
965 1085 1309 1156 presbyteros
1356 1098 1418 1139 ac
1471 1083 1724 1138 diaconos
1767 1082 1843 1137 le-

268 1190 532 1248 ctoresque
564 1177 866 1232 constituit.
899 1176 1139 1232 Audiens
1168 1190 1293 1230 vero
1330 1174 1432 1230 hoc
1469 1173 1841 1229 sanctissimus

268 1272 539 1332 Abraham,
602 1271 947 1326 vehementer
996 1270 1208 1341 gavisus
1256 1277 1375 1335 est;
1429 1276 1485 1323 et
1534 1267 1841 1337 glorificans

272 1365 442 1426 Deum,
472 1360 652 1414 dixit:
701 1360 839 1426 Quid
893 1359 1185 1414 retribuam
1240 1358 1358 1423 tibi,
1417 1356 1640 1412 Domine
1699 1357 1839 1412 Deus

271 1468 424 1519 meus,
454 1450 841 1521 benignissime
888 1450 1064 1514 Pater,
1114 1458 1274 1519 atque
1320 1457 1532 1502 amator
1560 1447 1840 1502 hominum

270 1544 589 1608 suavissime,
620 1556 718 1611 pro
743 1543 999 1597 omnibus
1026 1556 1146 1611 qua:
1175 1540 1471 1597 retribuisti
1502 1540 1633 1594 mihi
1663 1542 1687 1592 7
1734 1539 1841 1595 llo—

271 1638 471 1692 norilico
497 1643 556 1692 et
584 1635 830 1705 glorifico
854 1634 1308 1705 dispensationem
1340 1644 1506 1689 tuam.
1536 1633 1685 1689 Tune
1708 1647 1839 1689 con-

271 1729 402 1781 tinuo
424 1725 489 1781 ad
540 1726 827 1795 pristinam
857 1724 1104 1780 cellulam
1150 1725 1454 1780 revertitur.
1503 1723 1652 1778 Fecit
1680 1724 1839 1791 igitur

1948 529 2065 598 ejus
2094 530 2354 585 violenter
2379 532 2594 598 eripite.
2623 533 2709 586 Ait
2737 541 2912 586 autem
2964 542 3150 587 eontra
3179 550 3301 589 eum
3347 536 3536 593 beatus

1948 621 2220 675 Abraham
2250 637 2263 675 :
2292 622 2493 676 Omnes
2522 632 2708 692 gentes
2761 622 3229 679 circumdederunt
3256 640 3359 691 me,
3394 638 3447 679 et
3478 628 3535 680 in

1949 714 2164 768 nomine
2194 714 2402 768 Domini
2432 715 2739 770 vindicabor
2768 715 2820 768 in
2846 716 2923 769 eis
2953 714 3125 779 (Paul.
3149 718 3335 785 cxvii).
3360 716 3539 773 Atille

1948 807 2197 875 protinus
2235 821 2355 860 cum
2405 806 2542 860 hanc
2574 822 2758 861 vocem
2807 809 3062 875 audisset,
3118 809 3353 871 evanuit,
3402 811 3535 864 cella

1945 906 2125 953 autem
2156 898 2297 951 beati
2329 897 2429 952 viri
2460 897 2663 968 integra
2694 909 2852 969 atque
2884 898 3045 953 illaesa
3077 901 3387 967 permansit.

2015 986 2147 1042 CAP.
2192 986 2327 1042 XlV.
2369 1018 2438 1029 ——
2480 988 2608 1043 Item
2650 997 2771 1057 post
2811 1003 3005 1058 paucos
3027 990 3141 1043 dies
3188 1004 3308 1044 cum
3362 992 3536 1047 tnealia

1944 1087 2105 1135 nocte
2145 1080 2419 1150 psalleret,
2462 1080 2753 1150 psiathium
2806 1095 2984 1146 suum,
3034 1096 3192 1150 super
3216 1082 3355 1151 quod
3405 1097 3535 1137 con-

1945 1169 2191 1233 sistehat,
2220 1169 2703 1239 cmpitvehemens
2749 1170 2961 1224 flamma
3004 1171 3339 1227 comburere.
3383 1168 3534 1227 Tunc

1945 1262 2037 1316 ille
2077 1262 2371 1331 intrepidus
2415 1263 2589 1330 ignem
2643 1263 2986 1326 conculcans,
3047 1263 3303 1319 dicebat:
3360 1268 3532 1333 Super

1944 1352 2184 1421 aspidem
2214 1360 2269 1407 et
2294 1352 2537 1421 regulum
2564 1352 2866 1418 ambulabo,
2901 1354 3109 1407 leonem
3151 1365 3204 1408 et
3242 1356 3528 1409 draconem

1942 1444 2270 1500 conculcabo
2301 1443 2478 1515 (Psal.
2526 1444 2646 1514 xc);
2675 1453 2731 1499 et
2761 1460 2974 1500 omnem
3017 1447 3266 1500 virtutem
3308 1445 3528 1511 inimici,

1942 1535 1998 1590 in
2029 1537 2242 1592 nomine
2266 1535 2472 1591 Domini
2504 1536 2609 1591 mei
2631 1537 2760 1592 Jesu
2788 1537 3014 1603 Christi,
3045 1539 3133 1608 qui
3165 1538 3295 1593 mihi
3323 1540 3529 1608 praebet

1942 1627 2223 1691 auxilium,
2246 1627 2536 1695 superabo.
2566 1626 2855 1697 Dill‘ugiens
2904 1628 3083 1697 itaque
3121 1628 3367 1694 Satanas,
3396 1643 3528 1683 voco

1942 1734 2132 1790 magna
2162 1719 2537 1788 proclamabat
2565 1736 2576 1771 :
2611 1719 2723 1789 Ego
2754 1729 2825 1785 te,
2858 1720 3124 1789 inquiens,
3167 1721 3303 1789 mala
3353 1730 3526 1775 morte

272 1823 471 1875 alteram
498 1820 841 1875 extrinsecus
871 1818 1140 1883 cellulam,
1171 1826 1226 1872 et
1268 1816 1613 1886 semetipsum
1645 1830 1835 1885 magna
1870 1825 1912 1883 Β
1940 1812 2239 1877 devincam,
2270 1808 2648 1881 inveniamque
2677 1820 2840 1878 artes,
2890 1812 3083 1881 quibus
3127 1820 3178 1868 te
3226 1823 3524 1880 conteram,

270 1928 379 1967 cum
403 1912 582 1967 laetitia
609 1912 662 1966 in
696 1911 948 1966 interiore
971 1911 1248 1966 conclusit.
1276 1911 1321 1965 0
1344 1910 1678 1976 miraculum,
1703 1908 1832 1963 cha-

269 2002 472 2071 rissimi,
503 2002 750 2057 laudibus
782 2002 993 2070 plenum
1039 2011 1094 2057 et
1140 2003 1322 2072 gloriae
1365 2000 1744 2070 sempiternae!
1779 2000 1836 2053 In

273 2097 426 2150 tantis
447 2109 671 2165 namque
693 2094 1088 2157 afﬂictionibus,
1122 2108 1256 2163 quas
1302 2094 1355 2147 in
1387 2108 1531 2160 saepe
1556 2093 1697 2147 dicto
1720 2091 1837 2147 vico

272 2200 548 2253 perpessus
574 2194 676 2250 est,
722 2199 996 2254 nunquam
1038 2184 1377 2239 abstinentia:
1430 2198 1542 2238 sua:
1596 2182 1836 2252 regulam

270 2274 443 2347 fregit,
472 2292 638 2347 neque
684 2276 735 2331 in
766 2278 1037 2332 dexteram
1081 2277 1165 2332 vel
1218 2277 1488 2331 sinistram
1534 2276 1602 2331 ab
1645 2291 1707 2330 ea
1750 2274 1836 2330 di-

266 2370 435 2424 vertit.
465 2368 639 2424 Gloria
670 2377 725 2424 et
748 2368 1141 2439 magnificentia
1185 2368 1312 2436 Deo,
1336 2368 1425 2438 qui
1467 2369 1516 2423 ei
1543 2368 1700 2423 talem
1758 2375 1839 2422 to-

267 2458 528 2514 lerantiam
553 2458 759 2527 tribuit,
792 2475 893 2530 qua
924 2470 977 2515 et
1026 2459 1161 2514 alios
1209 2461 1377 2529 possit
1406 2466 1746 2523 convertere,
1781 2466 1837 2514 et

263 2551 337 2606 sui
364 2551 623 2621 propositi
652 2552 876 2621 gratiam
906 2551 1200 2607 custodire.

323 2639 446 2697 Car.
487 2642 588 2697 XI.
629 2673 699 2682 —
735 2642 975 2698 Cernens
1021 2653 1198 2699 autem
1244 2644 1527 2710 diabolus,
1574 2642 1835 2698 honorum

262 2731 524 2788 hominum
557 2735 805 2802 mmulus,
837 2735 977 2805 quod
1006 2742 1179 2789 tantas
1201 2736 1254 2789 in
1285 2749 1408 2789 eum
1433 2734 1835 2789 tribulationum

261 2826 522 2882 molestias
564 2825 824 2895 excitans,
858 2841 965 2882 non
1018 2828 1072 2881 in
1117 2827 1378 2882 desidiam
1421 2825 1514 2881 Dei
1564 2825 1835 2881 hominem

258 2915 484 2983 trahere,
521 2931 630 2970 non
660 2916 713 2970 in
741 2918 919 2986 aliquo
948 2928 1186 2973 mentem
1218 2919 1316 2972 viri
1363 2918 1455 2973 Dei
1501 2918 1756 2973 valuisset
1804 2934 1835 2972 a

254 3010 469 3065 Domino
502 3024 794 3079 separare;
817 3017 891 3075 et,
920 3010 1059 3081 quod
1090 3011 1262 3079 majus
1281 3018 1382 3075 est,
1408 3012 1547 3066 sicut
1570 3026 1756 3065 aurum
1781 3011 1833 3065 in

254 3103 455 3157 fornace
486 3103 758 3172 pressuris
787 3102 1073 3173 fulgentior
1102 3103 1419 3159 redderetur
1448 3114 1608 3173 atque
1635 3105 1689 3158 in
1721 3120 1833 3157 tna-

1939 1917 2027 1985 qui
2050 1932 2135 1972 me
2164 1933 2305 1972 nunc
2334 1919 2482 1988 quasi
2516 1919 2970 1989 contemptibilem
3000 1930 3238 1990 reputas.

2009 2007 2139 2061 Car.
2181 2006 2296 2061 XV.
2326 2038 2391 2048 —
2420 2009 2657 2075 Quadam
2678 2009 2765 2064 die
2795 2009 2956 2080 igitur
2976 2011 3153 2065 cibum
3173 2025 3237 2065 eo
3258 2022 3524 2081 sumente,

1938 2098 2346 2166 transfiguratus
2367 2099 2573 2153 daemon
2596 2100 2648 2155 in
2679 2099 2860 2154 habitu
2882 2100 3259 2167 adolescentis,
3275 2104 3523 2159 cellulam

1944 2186 2060 2255 ejus
2101 2186 2423 2257 ingreditur,
2476 2199 2531 2243 et
2578 2190 3030 2260 appropinquans,
3092 2192 3252 2264 149
3298 2208 3521 2249 cauctnn

1939 2274 2055 2345 ejus
2080 2276 2350 2331 nitebatur
2399 2288 2665 2334 cvert~-re.
2716 2279 2809 2334 Vir
2838 2289 3015 2335 autem
3049 2282 3142 2337 Dei
3189 2298 3347 2338 manu
3390 2285 3522 2339 illud

1937 2364 2196 2430 retinens,
2229 2368 2582 2422 manducabat
2618 2370 2930 2439 intrepidus.
2955 2371 3105 2428 Tunc
3130 2374 3383 2430 exsiliens
3411 2377 3523 2429 dia-

1938 2456 2117 2523 bolus,
2144 2456 2303 2513 aliam
2337 2459 2669 2527 phantasiam
2717 2470 2937 2531 repente
2977 2464 3267 2534 confingit;
3297 2473 3352 2521 et
3395 2480 3523 2521 ecce

1938 2548 2087 2616 quasi
2115 2549 2492 2605 candelabrum
2542 2560 2784 2606 statuens
2833 2567 2963 2608 ante
2996 2569 3139 2624 eum,
3171 2566 3226 2611 et
3254 2558 3522 2611 lucernam

1938 2637 2175 2708 desuper
2223 2640 2523 2709 ardentem,
2579 2656 2674 2696 ore
2728 2643 2930 2709 polluto
2974 2659 3036 2699 ac
3092 2644 3251 2701 fetido
3283 2647 3520 2715 psalmos

1937 2731 2191 2784 cantabat
2221 2746 2350 2787 voce
2381 2746 2571 2802 magna
2600 2748 2614 2786 :
2644 2732 2809 2800 Beati,
2837 2734 3104 2804 inquiens,
3136 2736 3186 2791 in
3230 2737 3313 2791 via
3344 2738 3524 2793 imma-

1938 2819 2124 2887 culati,
2172 2823 2263 2891 qui
2314 2823 2591 2877 ambulant
2636 2824 2688 2877 in
2740 2825 2858 2895 lege
2889 2826 3098 2882 Domini
3149 2829 3320 2901 (Psal.
3351 2836 3526 2900 cui).

1937 2910 2179 2981 Cumque
2216 2928 2281 2967 ex
2310 2914 2497 2969 eodem
2528 2915 2733 2985 psalmo
2762 2917 2923 2972 verba
2970 2920 3195 2988 plurima
3228 2923 3529 2992 cecinisset,

1938 3002 2143 3055 nullum
2167 3003 2216 3057 ei
2242 3018 2543 3058 sermonem
2571 3017 2787 3062 sanctus
2813 3009 2901 3063 ille
2931 3011 3229 3079 respondit,
3259 3013 3429 3069 donec
3456 3018 3523 3069 ci-

1948 3090 2075 3146 bum
2107 3093 2320 3148 solitum
2354 3096 2703 3165 percepisset.
2738 3098 3024 3169 Postquam
3074 3116 3204 3157 vero
3251 3103 3318 3159 de
3346 3120 3528 3160 mensa

254 3193 410 3261 iorem
438 3193 758 3262 patientiam
784 3204 838 3249 et
857 3194 1188 3250 alacritatem
1209 3196 1484 3249 charitatis
1518 3195 1837 3264 proficeret;
1868 3183 1915 3246 C
1944 3188 2196 3255 surrexit,
2229 3205 2351 3244 cum
2382 3194 2527 3246 omni
2570 3196 2867 3249 constantia
2916 3195 2991 3249 ait
3039 3197 3105 3251 ad
3151 3212 3273 3252 eum
3304 3216 3317 3250 :
3370 3198 3530 3253 Canis

252 3283 605 3339 vehementer
658 3285 897 3339 irritatus
943 3293 998 3340 et
1042 3286 1239 3341 acriter
1280 3285 1555 3353 efferatus,
1580 3288 1837 3342 adversus

252 3390 362 3430 eum
390 3392 520 3431 cum
573 3391 764 3446 magna
815 3376 1090 3446 phantasia
1119 3376 1235 3447 (12)
1276 3377 1514 3444 advenit,
1563 3388 1619 3432 ut
1646 3379 1837 3433 saltem

250 3471 321 3525 sic
345 3470 393 3525 ei
438 3484 705 3540 pavorem
759 3470 1047 3536 incutiens,
1092 3469 1338 3540 decipere
1383 3486 1504 3525 eum
1553 3479 1735 3539 posset
1776 3486 1840 3527 ac

252 3559 444 3617 fallere.
546 3562 565 3594 ⁸

312 3652 439 3707 Car.
487 3651 611 3707 ΧΠ.
652 3682 725 3693 —
760 3651 921 3721 Igitur
941 3666 1062 3706 cum
1094 3660 1263 3707 staret
1288 3652 1341 3706 in
1369 3651 1549 3707 medio
1579 3652 1751 3708 noctis
1777 3668 1841 3707 ac

250 3744 527 3812 psalleret,
554 3753 773 3813 repente
813 3745 901 3797 lux
931 3746 1146 3812 c0piosa
1170 3782 1185 3807 ,
1238 3743 1398 3798 veluti
1438 3744 1589 3810 solis,
1624 3744 1675 3797 in
1706 3743 1839 3798 cella

256 3834 368 3905 ejus
397 3836 637 3903 refulsit,
661 3844 717 3890 et
745 3850 844 3889 vox
876 3836 1026 3904 quasi
1057 3834 1333 3904 cujusdam
1363 3834 1718 3889 multitudinis
1746 3848 1842 3889 au-

250 3928 353 3981 dita
379 3937 492 3995 est,
543 3928 770 3981 dicens:
815 3927 1006 3981 Beatus
1033 3941 1116 3995 es,
1147 3926 1435 3991 Abraham,
1479 3941 1607 3981 vere
1652 3926 1842 3981 beatus

250 4032 305 4072 es
329 4027 384 4074 et
414 4019 615 4083 fidelis,
647 4019 930 4085 nullusque
952 4018 1090 4072 sicut
1114 4026 1170 4071 tu
1192 4018 1243 4071 in
1265 4018 1409 4072 omni
1432 4019 1840 4073 conversatione

247 4108 498 4164 inventus
528 4119 631 4175 est,
687 4109 773 4178 qui
822 4122 1011 4163 omnes
1056 4110 1355 4164 voluntates
1399 4123 1549 4164 meas
1591 4108 1837 4178 explestl.

249 4198 499 4255 Protinus
523 4210 701 4255 autem
756 4202 836 4254 vir
882 4209 1100 4255 sanctus
1150 4200 1337 4255 dolum
1384 4200 1601 4271 maligni
1649 4216 1843 4269 cogno-

246 4310 427 4362 scens,
461 4295 716 4352 exaltavit
758 4309 944 4350 vocem
995 4309 1169 4360 suam,
1201 4310 1265 4349 ac
1306 4293 1486 4350 dixit:
1536 4294 1842 4350 Obscuritas

251 4398 335 4445 tua
369 4400 559 4446 tecum
606 4387 675 4443 sit
704 4388 757 4443 in
814 4388 1193 4457 perditionem,
1242 4404 1276 4443 ο
1327 4389 1480 4458 plene
1508 4388 1633 4444 dolo
1684 4398 1843 4458 atque

247 4480 480 4538 fallacia.
518 4481 629 4552 Ego
656 4480 799 4536 enim
831 4482 994 4535 homo
1040 4489 1289 4549 peccator
1316 4494 1457 4547 sum,
1511 4479 1715 4534 habens
1765 4492 1844 4533 ta-

247 4592 364 4631 men
417 4576 533 4646 spei
576 4574 844 4645 praasidia,
892 4588 987 4642 per
1028 4574 1254 4643 gratiam
1302 4572 1396 4627 Dei
1439 4574 1492 4625 in
1539 4572 1684 4627 nullo
1730 4582 1845 4629 tuas

245 4672 471 4726 insidias
490 4670 886 4739 pertimescam.
912 4668 1093 4736 Neque
1116 4667 1257 4721 enim
1285 4666 1527 4737 plurimm
1550 4666 1843 4737 phantasia‘.

244 4776 503 4831 pavorem
555 4759 684 4815 mihi
732 4760 1016 4814 incutiunt.
1070 4757 1277 4813 Nomen
1327 4757 1591 4827 siquidem
1632 4760 1843 4814 Domini

244 4854 349 4908 mei
375 4862 433 4909 et
463 4850 757 4909 Salvatoris
788 4849 916 4904 Jesu
945 4848 1165 4914 Christi,
1196 4864 1352 4919 quem
1382 4849 1541 4904 dilexi
1571 4859 1625 4905 et
1657 4850 1842 4920 diligo,

244 4946 380 5001 mihi
411 4943 775 4999 validissimus
805 4957 988 4996 murus
1019 4950 1120 5005 cst,
1165 4944 1217 4995 in
1245 4955 1350 5011 quo
1390 4950 1441 4996 te
1469 4942 1707 5012 increpo,
1741 4942 1841 4996 im-

243 5037 448 5092 munde
471 5037 641 5101 canis,
673 5049 738 5090 ac
775 5044 855 5090 ter
884 5032 1207 5088 miserande.
1240 5032 1308 5087 Et
1357 5032 1570 5089 dicente
1608 5048 1674 5088 eo
1700 5033 1836 5101 ham,

247 5129 531 5185 confestim
562 5136 623 5183 ut
658 5126 836 5182 fumus
860 5124 929 5180 ab
957 5125 1125 5180 oculis
1164 5124 1283 5194 ejus
1326 5125 1559 5179 evanuit.
1612 5124 1841 5182 Sanctus

242 5230 428 5277 autem
459 5221 553 5275 Dei
584 5220 815 5274 famulus
866 5231 985 5272 cum
1014 5218 1178 5272 multa
1208 5215 1487 5271 alacritate
1530 5218 1841 5278 tranquillo-

240 5330 351 5385 que
378 5315 558 5369 animo
585 5310 941 5369 benedicebat
982 5310 1291 5378 Dominum,
1338 5309 1490 5380 quasi
1520 5310 1608 5380 qui
1638 5311 1834 5367 nullam

242 5406 585 5476 phantasiam
610 5404 851 5461 vidisset.

317 5496 452 5551 Car.
491 5495 632 5550 Xlll.
672 5524 744 5536 —-
781 5495 989 5549 Rursus
1005 5508 1134 5549 vero
1156 5503 1274 5563 post
1294 5493 1408 5550 dies
1433 5510 1626 5561 paucos
1646 5506 1832 5553 orante

243 5600 313 5641 eo
342 5595 525 5651 noctu,
555 5594 745 5641 tenens
772 5585 1003 5640 securim
1032 5585 1297 5652 diabolus,
1319 5586 1562 5642 cellulam
1601 5587 1719 5657 ejus
1745 5604 1835 5644 co-

248 5680 483 5734 nabatur
505 5687 762 5735 evertere.
800 5678 868 5734 Et
918 5693 1039 5733 cum
1086 5679 1195 5748 jam
1226 5688 1501 5749 putaretur
1531 5681 1833 5750 perforasse

248 5787 401 5841 eam,
430 5789 557 5831 voco
583 5788 772 5844 magna
793 5772 1041 5830 clamavit
1069 5782 1122 5830 et
1147 5774 1313 5830 dixit:
1350 5773 1640 5844 Festinate,
1673 5774 1826 5831 amici

1941 3277 2217 3335 immunde
2245 3290 2300 3335 et
2351 3292 2430 3337 ter
2480 3285 2807 3351 miserande,
2859 3301 3019 3355 aquo
3070 3287 3433 3344 infirtnissime
3476 3303 3530 3345 et

1942 3370 2376 3437 mendacissime,
2406 3378 2451 3428 si
2484 3376 2625 3429 nosti
2656 3376 2796 3447 quod
2829 3376 2971 3431 beati
3001 3387 3144 3443 sunt,
3186 3394 3281 3433 cur
3310 3380 3388 3434 eis
3418 3396 3530 3434 nn.-

1940 3458 2107 3514 lestus
2134 3476 2193 3516 es
2219 3462 2243 3516 ἲ
2287 3463 2417 3517 Nam
2445 3465 2587 3519 beati
2616 3475 2739 3520 sunt
2759 3482 2944 3522 revera
2976 3484 3188 3534 omnes,
3216 3471 3304 3539 qui
3332 3486 3399 3526 ex
3423 3480 3530 3525 toto

1941 3553 2107 3609 corde
2144 3555 2371 3625 diligunt
2410 3558 2597 3613 Deum.
2648 3559 2998 3628 Respondeas
3044 3573 3222 3617 autem
3269 3563 3531 3625 diabolus,

1941 3644 2014 3695 ait
2045 3661 2057 3694 :
2094 3643 2295 3699 Idcirco
2321 3646 2424 3701 illis
2445 3646 2669 3704 infestus
2698 3664 2838 3715 sum,
2874 3664 2929 3705 ut
2957 3667 3204 3721 superem
3233 3668 3345 3718 eos,
3375 3663 3434 3709 ut
3464 3658 3529 3707 ah

1940 3733 2084 3788 omni
2132 3748 2296 3803 opere
2334 3728 2490 3791 'hono
2526 3739 2830 3808 praepediti,
2885 3742 3021 3795 meis
3073 3742 3392 3798 facinoribus
3445 3760 3532 3799 so-

1940 3822 2169 3897 ciantur.
2200 3822 2296 3879 Cui
2329 3827 2410 3880 vir
2441 3827 2627 3883 beatus
2679 3832 2748 3882 ita
2780 3832 3055 3899 respondit
3085 3848 3099 3883 :
3131 3832 3245 3887 Non
3277 3833 3368 3887 tibi
3396 3835 3532 3890 bene

1941 3914 2034 3979 sit,
2060 3915 2360 3984 maledicte,
2391 3926 2448 3971 ut
2475 3920 2776 3989 quempiam
2828 3921 3127 3976 timentium
3179 3923 3349 3978 Deum‘
3376 3938 3532 3994 supc-

1942 4022 2065 4062 rare
2094 4008 2175 4062 vel
2201 4009 2463 4077 impedire
2515 4012 2826 4080 praevaleas,
2860 4014 2958 4067 nisi
2991 4015 3126 4070 forte
3170 4030 3263 4069 eos
3292 4017 3379 4087 qui
3435 4018 3528 4070 tibi

1944 4097 2152 4153 similes
2179 4101 2469 4156 existentes
2492 4117 2520 4155 a
2554 4103 2664 4158 Deo
2692 4105 2907 4173 propria
2931 4106 3201 4163 voluntate
3224 4107 3530 4164 discedunt.

1945 4189 2073 4244 Illos
2102 4190 2273 4245 vincis
2299 4206 2365 4246 ac
2392 4191 2557 4259 fallis,
2581 4196 2829 4263 quoniam
2861 4195 3003 4251 Deus
3025 4212 3129 4251 non
3149 4212 3228 4252 est
3251 4198 3304 4253 in
3328 4200 3427 4253 e78.
3452 4200 3532 4253 Ah

1945 4279 2030 4335 bis
2075 4289 2251 4335 autem
2309 4283 2397 4352 qui
2440 4283 2665 4353 diligunt
2719 4284 2907 4349 Deum,
2969 4297 3219 4357 tanquam
3273 4287 3450 4343 funms
3502 4308 3530 4343 a

1944 4382 2128 4440 vento,
2172 4373 2471 4429 exhalescis
2504 4390 2566 4429 ac
2609 4377 2818 4433 deficis.
2867 4378 2985 4433 Una
3031 4380 3293 4449 siquidem
3344 4396 3531 4437 eorum

1947 4467 2119 4521 oratio
2146 4466 2227 4523 sic
2256 4478 2307 4523 te
2337 4470 2678 4539 persequitur
2703 4485 2765 4525 ac
2787 4471 3056 4538 deturbat,
3081 4475 3531 4543 quemadmodum

1872 4535 1921 4592 Ῑ)
1950 4560 2123 4629 pulvis
2168 4576 2199 4615 a
2252 4535 2415 4617 vento
2453 4535 2743 4618 insectatus
2798 4535 3144 4637 dispergitur.
3187 4567 3328 4621 Vivit
3354 4578 3532 4621 autem

1948 4651 2090 4706 Deus
2130 4665 2301 4717 meus,
2334 4654 2426 4721 qui
2476 4663 2559 4707 est
2590 4653 2899 4709 benedictus
2930 4655 2980 4707 in
3038 4656 3257 4720 saecula,
3310 4655 3401 4725 qui
3452 4667 3532 4711 est

1947 4741 2196 4810 gloriatio
2226 4757 2364 4809 mea,
2411 4742 2536 4811 quia
2584 4758 2691 4797 non
2738 4752 2792 4799 te
2845 4745 3429 4814 pertimescam,etiam
3486 4746 3532 4801 si

1948 4834 2095 4887 omni
2129 4840 2370 4903 tempore
2408 4834 2495 4889 hic
2522 4837 2847 4891 constiteris.
2902 4838 2994 4893 Sic
3020 4848 3196 4892 autem
3237 4852 3337 4907 pro
3365 4837 3532 4892 nihilo

1949 4929 2002 4977 te
2031 4936 2303 4992 spernam,
2328 4925 2489 4979 veluti
2520 4926 2566 4979 si
2588 4939 2723 4980 unus
2749 4928 2957 4981 catulus
2976 4925 3237 4981 contritus
3265 4927 3331 4982 ab
3353 4928 3532 4998 aliquo

1947 5024 2343 5071 contemnatur.
2375 5015 2504 5071 Haec
2530 5030 2597 5073 eo
2621 5017 2856 5086 dicente,
2879 5016 3164 5073 confestim
3196 5017 3287 5074 ille
3320 5019 3399 5089 (ut
3435 5034 3529 5075 so-

1945 5106 2112 5175 lebat)
2141 5108 2374 5164 evanuit.

2012 5224 2142 5278 Car.
2174 5222 2314 5277 XVI.
2342 5252 2413 5263 —
2438 5221 2642 5279 Rursus
2673 5230 2794 5294 post
2819 5222 2932 5279 dies
2963 5223 3214 5294 quinque,
3238 5239 3358 5281 cum
3386 5225 3527 5296 psal-

1940 5317 2172 5372 modiam
2202 5330 2353 5369 suam
2381 5316 2554 5371 noctis
2600 5326 2841 5385 tempore
2888 5326 3355 5382 consummasset,
3386 5316 3528 5371 aliud

1942 5408 2244 5479 phantasia:
2281 5414 2651 5476 argumentum
2683 5407 2750 5462 ab
2778 5405 2993 5462 inimico
3019 5409 3362 5478 contingitur.
3393 5407 3532 5460 Ecce

1943 5500 2087 5555 enim
2117 5496 2269 5569 quasi
2300 5498 2453 5551 turba
2494 5498 2721 5566 plurima
2750 5497 2988 5553 cernitur
3016 5497 3333 5564 advenisse;
3362 5502 3417 5551 et
3439 5510 3529 5548 ve-

1942 5589 2023 5645 lut
2070 5588 2341 5643 trahentes
2389 5587 2654 5653 invicem,
2698 5601 2819 5642 cum
2867 5586 3191 5641 clamoribus
3235 5600 3296 5640 se
3344 5592 3529 5636 mutuo

1942 5684 2311 5747 cohortantur,
2351 5688 2412 5734 ut
2453 5679 2615 5734 homo
2658 5680 2751 5734 Dei
2799 5680 2852 5733 in
2898 5676 3107 5732 foveam
3149 5676 3526 5745 projiceretur.

1942 5774 2085 5841 Quos
2116 5771 2552 5844 circumspiciens
2577 5770 2657 5825 vir
2680 5770 2896 5827 beatus:
2920 5767 3202 5822 Circumde
3222 5768 3394 5819 lerunt
3417 5778 3527 5830 me,
