4016 6278
465 298 571 355 29¹ῑ
1480 308 1565 362 ΟΕ
1605 302 1781 363 VITIS
1828 306 2055 362 PATRU

2166 305 2351 361 LIBER
2396 302 2668 361 PRIMUS.
3610 304 3710 363 296

454 435 508 488 in
537 443 642 500 quo
670 427 864 483 merito
901 426 1016 496 ipse
1065 440 1149 479 me
1200 421 1543 492 reprehendi.
1570 424 1936 493 Nunquiduam
1963 422 2083 491 quia
2115 422 2445 490 Scripturam
2485 431 2693 473 sacrazn
2725 415 2939 486 quidam
2975 414 3315 483 interpretati
3340 423 3485 480 sunt.
3516 412 3711 477 ideirco

454 523 780 595 posteriores
810 521 1131 588 interpretes
1163 517 1299 571 hanc
1330 519 1504 570 minus
1536 515 1870 585 interpretati
1912 514 2071 568 sunt?
2095 515 2148 568 Si
2178 515 2278 567 hoc
2300 522 2468 575 esset,
2495 509 2736 565 eamdem
2760 521 2967 561 sacram
3003 505 3331 575 Scripturam
3359 508 3609 564 Latinitas
3648 526 3711 569 ex

450 623 571 689 ipso
621 614 881 670 Hebraico
931 610 1076 667 fonte
1104 626 1198 680 per
1241 610 1452 665 beatum
1504 610 1887 680 Hieronymum
1951 609 2207 665 Ecclesia:
2247 607 2503 660 Romana:
2537 604 2905 674 presbyterum
2939 600 3039 673 (4),
3071 609 3127 657 et
3149 602 3347 658 divina:
3376 602 3713 665 Bibliotheca;

453 714 737 778 cultorem,
769 709 1027 763 hactenus
1056 720 1160 759 non
1207 704 1490 757 hausisset.

531 804 727 858 Verum
758 795 1360 867 diligenterinquirens,
1390 792 1518 846 nihil
1544 792 1800 859 scriptum
1833 792 1900 845 de
1932 790 2047 843 Vita
2071 788 2226 857 hujus
2257 786 2428 841 sancti
2448 783 2582 853 apud
2610 782 2826 838 Latinos
2850 782 3047 847 inveni,
3081 783 3181 837 nisi
3211 782 3320 839 duo
3347 784 3719 843 miraculorum

454 895 571 965 ejus
597 895 697 966 (5),
728 891 780 945 id
809 898 912 957 est,
943 888 1010 943 de
1034 900 1199 957 puero
1227 883 1427 939 Christi
1460 893 1711 956 ncgatore
1742 883 1988 945 liberato,
2022 891 2075 937 et
2106 879 2329 934 muliere
2358 895 2387 933 a
2409 878 2640 948 peccatis
2671 886 2884 946 erepta;
2919 891 3040 946 quae
3070 885 3249 933 tamen
3277 877 3414 934 adeo
3439 878 3718 949 depravata

456 985 653 1054 reperi,
686 992 741 1037 ut
765 995 951 1036 rursus
980 995 1043 1034 ea
1063 975 1402 1047 interpretari
1430 990 1587 1043 quam
1610 973 1897 1027 emendare
1926 972 2253 1026 maluissem.

535 1078 679 1132 Sane
734 1072 1025 1128 notandum
1071 1068 1346 1139 est,quia
1398 1083 1520 1122 cum
1575 1065 1789 1135 quidam
1849 1064 2030 1129 legunt
2088 1062 2140 1115 in
2198 1061 2280 1115 his
2336 1062 2559 1117 Actibus
2611 1076 2731 1131 quas
2762 1070 2977 1115 sanctus
3030 1060 3443 1130 Amphilochius
3492 1063 3717 1133 scripsit,

462 1169 799 1237 discrepasse
849 1168 1128 1217 autumant
1181 1160 1247 1212 ab
1318 1157 1403 1213 his
1453 1171 1572 1226 qua:
1622 1162 1838 1208 sanctus
1892 1153 2179 1222 Gregorius
2234 1150 2597 1206 Nazianzenus
2645 1151 2695 1205 in
2746 1151 3016 1221 epitaphio
3066 1150 3146 1223 (6)
3201 1151 3361 1222 huius
3410 1158 3580 1223 magni
3629 1158 3719 1213 viri

458 1265 883 1321 commemorat,
936 1269 1053 1308 cum
1103 1252 1240 1305 alter
1299 1251 1431 1305 forte
1478 1249 1703 1304 tacuerit
1750 1246 1892 1318 quod
1944 1247 2080 1301 alter
2128 1260 2233 1300 non
2294 1245 2501 1311 tacuit,
2563 1244 2794 1313 idipsum
2846 1245 3002 1300 nobis
3048 1246 3185 1300 inter
3235 1245 3602 1316 Evangelistas
3641 1264 3721 1305 re-
3779 1274 3785 1281 ι

456 1351 805 1423 perientibus.
847 1349 1153 1403 Praesertim
1185 1361 1303 1401 cum
1342 1355 1397 1401 et
1434 1345 1573 1400 idem
1606 1343 2037 1412 Amphilochius,
2065 1342 2158 1411 qui
2197 1355 2359 1410 super
2388 1340 2520 1394 tanti
2548 1340 2647 1395 viri
2688 1340 2799 1394 vita
2844 1340 3198 1410 scripserint,
3242 1341 3361 1396 haec
3398 1344 3723 1411 expositurus

457 1451 579 1511 apte
601 1441 865 1510 designet.

457 1530 3725 1559 Μ

1423 1603 2094 1779 ἧβτοιυςςιιβ
2172 1593 2776 1738 auctoris.

536 1825 871 1893 Charissimi,
895 1840 1000 1880 non
1016 1822 1398 1879 inconveniens
1424 1827 1559 1884 erat,
1594 1816 1922 1885 sedjustum,
1938 1814 2159 1870 devotos
2181 1814 2322 1869 ﬁlios
2340 1827 2502 1882 super
2525 1815 2675 1870 obitu
2691 1816 2862 1883 patrio
2884 1817 3212 1883 contristari,
3243 1828 3299 1874 et
3326 1819 3375 1875 ei
3398 1819 3534 1875 dona
3563 1820 3728 1892 lacry-

463 1935 670 1976 marum
724 1920 939 1985 oﬂ'erre,
969 1917 1111 1989 quod
1163 1917 1421 1971 hactenus
1461 1913 1850 1982 compatienter
1906 1910 2137 1979 egimus.
2160 1909 2231 1963 At
2282 1922 2411 1962 vero
2439 1914 2718 1976 postquam
2750 1910 2924 1964 luctus
2956 1910 3246 1978 turbinem,
3274 1911 3561 1967 secundum
3590 1916 3723 1984 quod

464 2013 720 2083 scriptum
760 1990 862 2075 est,
886 2011 1250 2080 deposuimus,
1280 2008 1345 2061 ad
1402 2006 1695 2076 gratilicam
1746 2003 2186 2071 supplicationem
2216 2000 2452 2055 omnium
2482 2001 2708 2058 Domino
2732 2002 2947 2058 Christo
2977 2004 3088 2060 Deo
3135 2014 3323 2059 nostro
3347 2008 3723 2075 rependeudam

464 2101 714 2159 commoti
735 2116 951 2164 sumus;
987 2114 1167 2169 operas
1195 2098 1421 2168 pretium
1444 2095 1594 2162 duxi,
1625 2103 1732 2148 tam
1756 2093 2159 2149 memorabilem
2184 2093 2560 2162 Vitam,quam
2589 2109 2715 2148 vera
2748 2094 3002 2149 miracula
3032 2097 3266 2164 pastoris
3300 2105 3354 2152 et
3384 2100 3615 2168 magistri
3636 2117 3728 2156 no-

465 2195 561 2250 stri
592 2192 772 2248 Basilii
809 2232 823 2258 ,
858 2205 927 2246 ne
978 2188 1186 2244 diutino
1228 2194 1538 2241 transcursu
1592 2184 1848 2253 temporis
1895 2183 2151 2239 oblivioni
2201 2179 2478 2253 profundae
2527 2183 2828 2251 tradantur,
2850 2186 3129 2255 scripturas
3157 2184 3276 2243 fore
3309 2190 3626 2245 mandanda.

535 2284 730 2338 Tribus
752 2281 893 2337 enim
922 2278 1299 2335 sacratissimis
1327 2286 1382 2332 et
1403 2275 1629 2346 egregiis
1650 2276 1799 2342 viris,
1824 2274 2085 2345 Gregorio
2115 2274 2386 2341 videlicet,
2417 2277 2505 2346 qui
2531 2276 2583 2329 in
2610 2276 2875 2345 theologia
2904 2278 3097 2332 claruit
3131 2280 3240 2351 (7),
3264 2290 3320 2335 et
3341 2281 3594 2353 Gregorio
3623 2300 3727 2339 me—

468 2374 717 2430 morabili
772 2372 1098 2445 Nysseorum
1150 2367 1229 2440 (8)
1260 2367 1491 2423 civitatis
1539 2367 1813 2436 episcopo,
1852 2366 1946 2423 sed
1975 2374 2029 2421 et
2067 2366 2226 2421 beato
2270 2366 2520 2435 Ephraam
2548 2365 2658 2438 (9),
2688 2366 2807 2421 aliis
2838 2376 2997 2438 atque
3023 2370 3181 2424 aliter
3199 2373 3545 2429 sermonibus
3573 2376 3732 2445 epita-

469 2466 645 2536 phieis
670 2475 875 2519 tantum
905 2464 1077 2518 virum
1102 2461 1357 2531 fulgidum
1381 2459 1777 2526 exhibentibus,
1804 2460 1974 2513 visum
2008 2468 2163 2514 estet
2189 2458 2322 2513 mihi
2350 2468 2602 2529 tanquam
2619 2458 2881 2525 abortivo,
2900 2470 2959 2515 ut
2982 2476 3104 2515 cum
3130 2464 3398 2532 Apostolo
3417 2465 3731 2533 dicam,cum

469 2573 583 2628 prae
632 2556 882 2610 manibus
922 2554 1251 2620 accepissem
1288 2552 1624 2605 narrationes
1662 2565 1781 2619 qua:
1828 2549 1897 2602 ab
1960 2551 2200 2619 utrisque
2242 2548 2571 2604 admirandis
2592 2551 2723 2606 viris
2768 2551 2927 2606 editae
2977 2563 3124 2619 sunt,
3155 2569 3217 2610 ea
3266 2556 3508 2625 quaehis
3555 2558 3733 2613 deesse

468 2646 785 2703 videbantur
813 2644 1081 2713 supplevi,
1105 2656 1253 2697 more
1283 2640 1488 2696 scilicet
1514 2640 1692 2696 devoti
1732 2639 1826 2693 ﬁlii
1849 2640 2083 2694 debitum
2112 2641 2250 2710 patri
2286 2643 2747 2711 reprasentantis,
2787 2645 2855 2699 de
2879 2659 3093 2700 sursum
3115 2648 3393 2715 quaedam,
3419 2659 3472 2705 ut
3495 2655 3730 2707 aestimari

470 2744 667 2805 potest,
689 2733 1041 2805 assequentis,
1073 2741 1129 2787 et
1154 2740 1354 2787 certam
1387 2731 1663 2786 scientiam
1694 2731 2056 2800 percipientis.
2083 2732 2237 2786 Novit
2256 2735 2424 2799 enim,
2454 2735 2601 2790 novit
2624 2735 2797 2791 nubes
2818 2737 3149 2795 abscondere
3177 2741 3382 2810 solem,
3417 2753 3470 2799 et
3500 2760 3727 2802 morosus

474 2828 737 2881 bonarum
763 2824 1127 2878 narrationum
1156 2830 1498 2875 transcursus
1520 2819 1676 2875 facile
1709 2820 2001 2875 introducit
2023 2821 2363 2877 oblivionem.

436 2969 447 2983 ,
544 2918 765 2986 ll-lagnus
805 2916 964 2988 igitur
992 2915 1197 2970 exstitit
1249 2923 1431 2982 pastor
1459 2922 1662 2979 noster,
1694 2920 1749 2967 et
1797 2914 2033 2967 famosus
2082 2914 2282 2967 mundo
2332 2913 2558 2968 Basilius
2590 2914 2889 2973 caelestium
2922 2929 3171 2976 vrrtutum
3222 2925 3730 2990 consermocinator,

481 3008 794 3078 angelorum
816 3006 1062 3061 ordinum
1080 3004 1468 3067 comminister,
1485 3002 1841 3074 praadieabilis
1864 3002 2113 3057 Etclesia:
2135 3003 2344 3071 doctor,
2364 3006 2665 3073 incorrupta
2689 3007 2993 3076 dogmatum
3013 3013 3439 3071 orthodoxorum
3463 3017 3730 3085 columna;

473 3102 565 3171 qui
594 3110 836 3154 naturam
867 3097 1211 3152 existentium
1240 3095 1573 3150 enucleatius
1624 3093 1956 3162 explanavit,
1987 3094 2079 3163 qui
2102 3095 2391 3162 pessimum
2421 3095 2697 3152 Trinitatis
2720 3109 3015 3167 apostatam
3039 3103 3304 3159 Julianum
3344 3107 3456 3176 (to)
3480 3107 3732 3176 deposuit,

474 3193 561 3261 qui
589 3191 827 3246 Valentis
855 3191 1055 3260 05(11)
1086 3189 1457 3259 blasphemum
1485 3186 1771 3253 obstruxit,
1806 3188 1895 3257 qui
1932 3187 2255 3242 Arianorum
2280 3203 2535 3257 expresse
2577 3191 2961 3261 nequissimum
3003 3210 3244 3252 errorem
3290 3200 3615 3266 devastavit,
3647 3206 3728 3268 qui

474 3284 901 3342 Christianorum
938 3284 1134 3353 liquido
1178 3281 1436 3337 stabilivit
1462 3289 1663 3335 rectam
1690 3279 2020 3350 opinionem.
2045 3281 2232 3335 Pastor
2286 3282 2628 3350 acceptabilis
2673 3284 2928 3340 Ecclesia:
2982 3287 3186 3356 pepuli,
3220 3290 3423 3357 regalis
3452 3292 3730 3347 sacerdotii

475 3393 721 3444 consors,
748 3378 1181 3432 circumamictus
1226 3374 1449 3428 veritate
1497 3371 1717 3438 Christi,
1742 3372 1917 3427 ovium
1943 3374 2103 3440 aries,
2128 3376 2322 3430 divinae
2376 3377 2495 3431 tidei
2528 3379 2782 3447 magister
2831 3379 3091 3449 inclytus;
3123 3384 3210 3450 qui
3242 3392 3297 3437 et
3331 3385 3518 3439 vivens
3536 3396 3585 3438 et
3617 3396 3731 3454 post

475 3471 676 3527 obitum
724 3470 929 3539 magnis
969 3468 1272 3524 coruscavit
1300 3466 1590 3530 miraculis,
1614 3466 1703 3535 qui
1745 3466 1858 3521 Deo
1885 3466 2098 3521 odibilis
2141 3468 2358 3532 Juliani,
2388 3478 2445 3524 ut
2471 3470 2673 3525 dictum
2705 3481 2807 3535 est,
2832 3473 3141 3528 extollentis
3162 3474 3213 3527 in
3245 3475 3420 3531 altum
3471 3492 3649 3542 cornu,
3682 3488 3732 3532 et

476 3566 739 3637 loquentis
780 3564 1039 3619 adversus
1087 3563 1253 3618 Deum
1284 3559 1642 3630 iniquitatem,
1666 3560 2062 3629 corruptionem
2113 3561 2355 3617 oratione
2392 3576 2489 3617 sua
2532 3564 2975 3632 paravit.lnterea
2997 3566 3189 3621 Valens
3210 3570 3487 3639 accipiens
3532 3571 3735 3640 indigne

474 3659 809 3730 lmperialem
840 3671 1149 3726 purpuram,
1175 3664 1232 3709 et
1277 3654 1592 3709 Arianorum
1639 3667 1865 3720 nequam
1923 3654 2101 3708 sensui
2144 3655 2498 3723 patrocinium
2530 3666 2811 3725 praestans,
2843 3659 2988 3713 venit
3022 3660 3086 3714 ad
3116 3660 3413 3728 illustrem,
3438 3680 3555 3734 qua:
3597 3664 3722 3734 apud

477 3768 576 3808 nos
626 3761 730 3818 est,
782 3749 1013 3805 Caesaris
1065 3750 1270 3803 urbem.
1298 3748 1496 3802 Verum
1528 3746 1773 3815 qualiter,
1799 3747 1883 3801 vel
1929 3762 2030 3814 qua
2058 3760 2251 3811 causa,
2295 3763 2399 3801 non
2445 3758 2529 3804 est
2570 3752 2850 3818 praesentis
2902 3756 3158 3817 temporis
3185 3760 3484 3812 enarratio.
3528 3759 3627 3813 Sed
3667 3758 3725 3812 ad

479 3844 809 3915 propositum
837 3841 1155 3906 redeamus;
1183 3840 1408 3893 virtutes
1438 3838 1598 3901 illius,
1630 3853 1763 3906 quas
1793 3853 1823 3892 a
1852 3840 2013 3892 vulva
2051 3851 2218 3908 usque
2244 3839 2310 3893 ad
2339 3839 2496 3894 tinem
2525 3842 3028 3905 habuit,narraturi.

1871 4005 2346 4133 VITA.

546 4176 724 4230 Caeur
748 4169 1274 4227 partium—Basilius
1304 4173 1449 4226 Solus
1477 4186 1638 4240 super
1668 4181 1863 4227 terram
1882 4186 2061 4241 aequa-
2088 4178 2136 4235 Α
2167 4173 2382 4231 deratus
2427 4186 2510 4232 est
2556 4192 2744 4247 annos,
2803 4182 3065 4249 Julianus,
3095 4183 3183 4253 qui
3223 4182 3287 4236 ad
3338 4183 3502 4239 breve
3542 4190 3735 4247 tempus

483 4268 689 4324 litatem
721 4264 1158 4331 ostendit,vitam
1185 4263 1433 4318 videlicet
1452 4264 1708 4333 operibus
1729 4264 2058 4328 decoratam,
2166 4261 2498 4321 Christianus
2530 4267 2646 4336 fuit,
2678 4280 2839 4341 atque
2867 4273 3117 4329 Libanius
3144 4274 3279 4343 (16).
3311 4273 3413 4329 llic
3434 4283 3606 4327 autem
3638 4287 3736 4340 pne

477 4370 534 4416 et
568 4361 901 4415 sermonibus
926 4358 1119 4413 divinas
1166 4357 1441 4425 sapientia:
1489 4358 1811 4411 illustratam
1839 4398 1853 4422 ,
1884 4359 2063 4412 omnia
2165 4360 2414 4414 omnibus
2462 4362 2790 4419 admirabilis
2838 4367 2920 4421 vir
2970 4367 3147 4435 posuit
3195 4367 3248 4420 in
3280 4368 3447 4421 corde
3488 4381 3583 4420 suo
3639 4379 3734 4416 utut

476 4453 692 4508 Christo
741 4451 900 4516 dans,
928 4453 1157 4503 animam
1197 4458 1252 4503 et
1294 4463 1487 4517 corpus
1508 4490 1524 4515 ,
1548 4447 1833 4501 verborum
1863 4447 2063 4515 palmas

479 4544 617 4616 (η).
652 4550 869 4613 propter
894 4540 1035 4610 quod
1058 4548 1112 4595 et
1130 4539 1380 4609 gentilem
1402 4552 1642 4592 errorem
1667 4547 1723 4591 ut
1745 4553 2061 4593 araneorum

479 4638 608 4691 telas
640 4634 860 4702 dirupit.
893 4633 990 4687 llic
1013 4642 1218 4701 septem
1240 4645 1502 4686 annorum
1535 4629 1725 4696 factus,
1754 4630 1818 4684 ad
1853 4631 2060 4686 litteras

478 4729 703 4784 traditur
723 4742 755 4781 a
785 4725 1125 4797 parentibus:
1152 4738 1350 4778 vacans
1374 4733 1553 4779 autem
1586 4725 1639 4778 in
1668 4724 2062 4789 mathematicis

478 4824 873 4894 quinquennio,
928 4818 1284 4874 fructiﬁcabat
1342 4817 1627 4887 plurimum
1701 4819 1755 4873 in
1831 4819 2065 4887 philoso-

478 4912 632 4982 phica
705 4909 1023 4979 disciplina,
1084 4918 1294 4962 natura:
1366 4908 1792 4962 mansuetudine.
1860 4909 2063 4963 Rursus

485 5003 672 5058 relicta
744 5003 899 5074 153
962 5001 1177 5069 patria,
1229 5000 1514 5070 Cappadox
1587 5000 1728 5054 enim
1795 5009 1910 5053 erat
1973 5015 2065 5070 ge-

479 5109 648 5160 nere,
707 5094 949 5162 pervenit
1017 5094 1084 5147 ad
1142 5103 1367 5148 matrem
1437 5107 1788 5156 sermonum,
1840 5093 1890 5146 id
1958 5105 2060 5159 est,

479 5185 717 5240 Athenas
745 5184 884 5254 (15),
912 5195 969 5239 et
1016 5188 1263 5243 castitate
1315 5201 1409 5242 seu
1438 5187 1603 5240 multa
1652 5185 1978 5240 continentia
2009 5194 2065 5241 et

481 5277 830 5345 temperantia
873 5279 1125 5331 decenter
1176 5288 1431 5342 ornatus,
1464 5277 1703 5332 adhaeret
1752 5279 2059 5346 pra-cepturi

478 5366 789 5423 Graecorum
815 5367 1113 5437 sapientius,
1135 5368 1339 5423 Eubulo
1363 5367 1479 5437 (14)
1507 5368 1741 5431 nomine,
1770 5380 1821 5422 et
1844 5367 1912 5420 ita
1940 5382 2062 5422 sese

478 5456 775 5526 disciplinis
817 5456 1068 5522 tradidit,
1096 5466 1150 5509 ut
1195 5472 1317 5510 eum
1374 5466 1480 5512 tam
1512 5468 1869 5527 praeceptores
1899 5474 2057 5527 quam

480 5550 830 5619 condiscipuli
853 5550 1208 5605 imitarentur.
1245 5550 1411 5604 Erant
1437 5552 1577 5605 enim
1610 5552 1764 5618 hujus
1800 5565 2063 5618 coopera-

485 5649 652 5705 tores,
672 5654 895 5710 magnus
924 5638 1217 5709 Gregorius
1246 5640 1612 5694 Nazianzenus
1638 5642 1942 5711 episc0pus,
1969 5641 2058 5709 qui

483 5738 961 5811 throuiApostolici
984 5737 1340 5809 gubernacula
1367 5756 1461 5811 per
1486 5739 1761 5797 duodecim
1797 5739 1911 5809 (l5)
1947 5756 2060 5797 mo-

2166 4449 2469 4519 participari
2490 4453 2612 4521 pani
2636 4454 2718 4508 vel
2748 4456 3078 4524 vino,donec
3098 4471 3163 4511 ex
3195 4470 3425 4525 superna
3449 4454 3737 4525 provisione

2167 4541 2444 4609 sapientiae
2476 4555 2784 4612 penetraret
2807 4563 3021 4602 arcana.
3056 4548 3288 4603 Moratus
3315 4559 3492 4603 autem
3523 4549 3574 4601 in
3622 4561 3737 4601 eru-

2165 4627 2461 4686 ditionibus
2516 4635 2818 4703 quindecim
2862 4653 3071 4704 annos,
3122 4650 3178 4692 et
3221 4653 3440 4693 omnem
3496 4636 3736 4709 gentilem

2170 4720 2561 4793 philosOphiam
2618 4736 3037 4797 transcurrens,
3087 4730 3139 4784 in
3194 4730 3302 4785 ﬁne
3363 4729 3736 4785 astronomiam

2165 4829 2376 4885 quoque
2404 4832 2466 4871 ac
2503 4820 2874 4887 geometriam,
2908 4829 2963 4876 et
3009 4822 3208 4890 optima
3257 4838 3490 4891 qumque
3541 4823 3734 4890 legens.

2166 4922 2286 4962 cum
2319 4911 2466 4965 nullo
2512 4914 2672 4967 modo
2721 4915 2975 4969 Valuisset
3004 4932 3097 4983 per
3150 4932 3211 4969 ea
3242 4917 3480 4970 invenire
3509 4916 3737 4969 omnium

2169 5000 2525 5067 conditorem,
2558 5003 2785 5070 quadam
2840 5014 2997 5059 nocte
3041 5005 3294 5076 vigilante
3346 5005 3482 5071 illo,
3533 5003 3737 5058 divinus

2168 5087 2385 5157 quidam
2414 5090 2667 5159 splendor
2697 5093 2814 5148 intit
2835 5104 2891 5148 ut
2913 5103 3301 5151 transcurreret
3322 5103 3519 5151 nostra:
3536 5093 3663 5161 relig
3683 5105 3736 5143 o-

2165 5180 2247 5234 nis
2273 5182 2611 5251 scripturam.

2237 5271 2471 5342 Surgens
2500 5289 2629 5345 ergo
2675 5276 2979 5345 properavit
3009 5276 3297 5347 ZEgyptum
3330 5276 3468 5347 (t7),
3499 5286 3551 5330 et
3588 5287 3737 5327 acce-

2164 5368 2295 5423 dens
2323 5367 2388 5421 ad
2419 5366 2703 5429 quemdam
2733 5367 3286 5422 Archimandritarum
3307 5411 3321 5434 ,
3370 5365 3581 5422 nomine
3610 5364 3736 5419 Por-

2166 5463 2410 5532 phyrium
2436 5461 2574 5532 (l8),
2621 5462 2807 5529 petivit
2838 5461 2951 5515 dari
2983 5462 3083 5516 sibi
3126 5476 3311 5516 sacros
3339 5461 3501 5516 libros
3528 5458 3593 5513 ad
3625 5472 3737 5525 per-

2171 5555 2472 5623 ceptionem
2523 5553 2823 5607 divinorum
2868 5553 3201 5622 dogmatum.
3253 5552 3320 5605 Et
3368 5552 3464 5603 hoc
3495 5556 3738 5616 percepto

2167 5645 2362 5700 mansit
2410 5647 2551 5711 illic,
2602 5647 2733 5699 dans
2779 5659 2996 5714 cperam
3044 5643 3378 5698 meditationi
3442 5639 3736 5693 divinorum

2164 5741 2493 5813 eloquiurum
2520 5782 2536 5806 ,
2581 5755 2714 5806 aqua
2756 5750 2811 5795 et
2837 5738 3069 5795 oleribus
3096 5739 3370 5796 educatus.
3421 5736 3576 5792 Anno
3617 5744 3737 5787 vero
