4016 6248
305 344 389 398 £97

787 334 941 388 VlTA
987 333 1229 389 sanan
1270 335 1507 388 msth
1542 375 1557 399 ,
1597 313 1968 390 CAESARE/IS
2009 311 2467 390 CAPPADOCl/E
2494 313 3049 396 anetttsmscort.

3438 338 3548 396 298

302 462 487 525 integro
532 451 730 505 ibidem
778 458 1045 515 moratus,
1096 457 1148 502 et
1179 449 1414 501 verna'is
1451 447 1710 501 rationem
1756 450 1857 500 nde
1889 449 1936 505 Α
1966 445 2104 499 enim
2132 461 2338 512 omnes,
2376 450 2426 501 hi
2459 450 2510 501 in
2540 452 2699 502 vitam
2731 465 3007 516 aeternam,
3040 453 3090 506 hi
3122 452 3174 505 in
3204 454 3548 523 opprobrium

296 544 645 604 Considerans,
674 539 1033 608 perseveravit
1052 546 1318 591 scrutatus
1348 538 1567 591 verbum
1597 538 1860 601 veritatis,

298 648 345 692 et
371 634 540 702 petivit
568 646 626 685 se
652 627 844 684 dimitti
873 628 1258 697 Jerosolymam
1288 642 1443 681 causa
1469 629 1723 681 orationis
1748 628 1861 697 (l9)

298 731 502 787 iturum,
536 733 590 776 et
628 723 738 777 illic
774 721 1026 774 miracula
1074 720 1460 786 inspecturum,
1495 719 1581 787 qui
1611 728 1861 775 exoratus

292 815 474 870 dimisit
501 827 643 865 eum.

354 908 472 960 (λιι.
507 904 567 957 ΙΙ.
599 934 670 943 —
694 902 927 957 Rediens
954 911 1129 955 autem
1180 902 1292 966 illo,
1326 902 1415 956 ubi
1444 901 1749 956 Grmcorum
1782 903 1857 955 in-

290 998 487 1050 stitutus
529 1004 612 1047 est
670 992 1009 1061 philosophia
1037 1033 1051 1056 ,
1100 993 1261 1060 ccepit
1308 993 1629 1059 persuadere
1680 992 1859 1046 multis

292 1084 605 1154 phil050phis
633 1092 689 1138 et
719 1083 1044 1137 multitudini
1076 1083 1349 1152 gentilium
1384 1085 1669 1141 ostendere
1708 1084 1861 1136 libri-

289 1188 445 1240 stum,
490 1174 871 1227 demonstrans
918 1174 1026 1227 illis
1089 1174 1228 1227 viam
1277 1173 1483 1227 salutis.
1542 1174 1861 1243 Requirebat

289 1283 404 1322 vero
444 1275 493 1318 et
534 1273 920 1334 prmeeptorem
950 1280 1105 1318 suum
1140 1266 1401 1319 Eubulum
1447 1266 1569 1336 (qui
1600 1276 1714 1320 erat
1752 1268 1860 1322 dux

290 1359 446 1425 verbi)
487 1357 543 1411 in
583 1340 1006 1411 vicissitudinem
1036 1357 1362 1421 studiorum,
1412 1357 1602 1425 quibus
1630 1359 1698 1411 ab
1744 1358 1860 1426 ipso

290 1451 442 1505 fuerat
470 1450 769 1514 institutus,
802 1450 870 1501 ad
913 1447 1229 1503 trahendum
1263 1463 1384 1502 eum
1416 1457 1468 1504 et
1497 1449 1859 1503 inclinandum

289 1540 628 1595 immaculata:
654 1539 799 1607 ﬁdei,
833 1546 1017 1608 utpote
1058 1540 1171 1607 ipse
1202 1538 1338 1594 bene
1374 1555 1595 1593 currens
1624 1540 1687 1593 ad
1718 1553 1857 1594 eam.

287 1639 575 1700 Danaesque
617 1633 881 1695 docebat,
927 1631 1018 1702 qui
1063 1632 1394 1701 philosophia
1427 1633 1615 1686 imbuti
1661 1640 1856 1695 erant,

286 1728 415 1781 illum
443 1726 597 1792 sequi
628 1724 781 1793 quasi
826 1726 1158 1792 magistrum.
1197 1724 1491 1792 Requirens
1533 1734 1712 1776 autem
1736 1737 1858 1777 eum

1966 546 2020 591 et
2061 538 2427 595 confusionem
2480 555 2790 611 perpetuam
2820 558 2834 597 :
2863 552 2917 596 et
2954 544 3247 599 astahimus
3290 556 3415 601 ante
3448 550 3549 601 tri-

1965 629 2125 683 bunal
2154 630 2351 684 Christi
2382 628 2468 698 (II
2497 629 2617 683 Cor.
2648 630 2723 699 v),
2754 632 3199 697 quemadmodum
3231 634 3426 689 docent
3452 619 3550 692 nos

1964 723 2286 792 magniloqui
2340 724 2650 791 protnltetze,
2703 725 2862 777 Isaias
2889 765 2901 785 ,
2934 722 3194 779 Jeremias
3220 765 3233 786 ,
3281 724 3549 792 Ezechiel,

1966 812 2170 876 Daniel,
2201 822 2255 865 et
2286 813 2447 865 David
2475 830 2589 874 rex,
2624 817 2943 882 etegregius
2963 814 3175 868 Paulus.
3206 815 3271 869 Et
3302 826 3420 885 pOsl
3453 821 3550 872 hns

1966 904 2081 970 ipse
2114 905 2372 958 Dominus
2402 904 2723 970 pceniteutize
2755 906 2938 968 dator,
2970 917 3024 959 et
3052 905 3208 975 hujus
3236 921 3550 973 recompen-

1962 1002 2137 1057 sator,
2187 994 2275 1063 qui
2310 1010 2462 1049 ovem
2508 983 2765 1065 perditam
2809 996 3321 1067 requisivit(Mattlt.
3359 998 3547 1067 xvnt),

1965 1086 2049 1153 qui
2084 1085 2419 1140 recedentem
2450 1102 2479 1139 a
2517 1088 2751 1153 paternis
2790 1087 2994 1142 sinibus
3021 1104 3139 1143 cum
3189 1090 3367 1143 multis
3409 1090 3553 1144 divi-

1964 1177 2050 1229 liis
2089 1193 2348 1243 puerum,
2387 1185 2441 1231 et
2468 1178 2549 1231 his
2574 1178 2843 1233 luxuriose
2886 1180 3218 1247 consumptis
3248 1190 3429 1249 postea
3462 1198 3553 1236 re-

1962 1267 2244 1332 deuntem,
2300 1268 2440 1323 fame
2470 1268 2817 1335 tabefactum,
2849 1285 3104 1341 germane
3136 1272 3412 1339 amplexus
3448 1281 3550 1339 est,

1963 1369 2016 1413 et
2043 1361 2312 1413 adornans
2364 1361 2553 1429 fulgida
2588 1364 2733 1431 stola
2756 1369 2810 1415 et
2840 1363 3037 1416 annulo
3069 1377 3132 1418 ac
3163 1364 3398 1419 vestibus
3432 1381 3557 1435 pre-

1962 1451 2135 1514 tiosis,
2178 1450 2368 1505 suadet
2399 1451 2526 1504 nihil
2564 1467 2727 1520 puero
2759 1453 3032 1520 peccanti,
3066 1469 3170 1506 non
3212 1453 3424 1521 smvire,
3458 1455 3552 1510 sed

1963 1541 2123 1596 veluti
2171 1542 2318 1596 fratri
2349 1543 2553 1597 veniam
2581 1545 2708 1597 dare
2736 1544 2910 1610 (Luca:
2939 1542 3081 1614 xtv);
3122 1546 3201 1599 sic
3230 1547 3435 1615 absque
3476 1548 3557 1602 in-

1961 1633 2104 1687 vidia
2138 1632 2394 1687 Dominus
2422 1634 2691 1688 excellens
2719 1633 3012 1689 bonitatem
3037 1635 3293 1702 mqualem
3327 1636 3430 1701 his,
3460 1626 3553 1706 qui

1962 1725 2099 1779 circa
2140 1727 2297 1797 155
2321 1726 2656 1779 undecimam
2707 1728 2891 1779 horam
2937 1736 3214 1792 venerunt,
3247 1728 3548 1783 mercedem

285 1818 331 1869 in
354 1818 598 1870 otnnilms
626 1816 848 1881 scholis,
872 1816 1076 1869 invenit
1106 1815 1158 1868 in
1189 1815 1425 1884 proastio
1452 1814 1565 1884 (ΞΟ)
1595 1828 1714 1867 cum
1750 1814 1862 1881 phi-
1895 1808 1945 1869 B
1971 1818 2060 1866 dat
2090 1813 2303 1881 (Matth.
2339 1817 2449 1881 xx).
2478 1813 2493 1867 l
2536 1829 2594 1868 se
2633 1822 2686 1867 et
2714 1816 2868 1868 nobis
2898 1816 3297 1881 paenitentibus,
3340 1828 3395 1871 et
3424 1820 3557 1872 resi-

286 1907 527 1975 lost»phis.
553 1906 693 1960 Nihil
716 1896 832 1960 erat
851 1907 989 1960 enim
1011 1905 1151 1974 apud
1175 1921 1267 1959 eos
1287 1905 1443 1959 studii
1467 1921 1624 1974 quam
1650 1903 1859 1959 dicendi

285 2001 400 2066 quid
430 2014 491 2051 ac
522 1998 771 2052 audiendi
819 2013 1037 2052 novum.
1076 1998 1390 2065 Disputante
1419 2008 1595 2051 autem
1629 1997 1740 2063 illo,
1778 1980 1862 2049 re;

286 2088 560 2154 prehendit
613 2102 735 2141 cum
778 2098 959 2140 astans
999 2087 1270 2140 Basilius.
1306 2088 1369 2140 Et
1408 2088 1620 2155 quidam
1676 2101 1858 2140 eorum

286 2177 375 2244 qui
419 2192 535 2230 cum
565 2178 689 2246 ipsis
733 2185 887 2231 erant
924 2177 1094 2230 dixit:
1138 2177 1508 2245 Reprehendit
1549 2185 1602 2230 te
1646 2177 1795 2244 quis,
1828 2192 1861 2230 ο

290 2267 629 2335 philosnphe?
652 2266 747 2332 Qui
772 2268 848 2320 ait
872 2285 885 2319 :
914 2267 1016 2320 Aut
1050 2267 1189 2320 Deus
1209 2310 1223 2332 ,
1273 2276 1364 2320 aut
1392 2267 1639 2320 Basilius.
1694 2267 1863 2321 Reco-

280 2374 539 2426 guoscens
580 2373 701 2427 ergo
741 2374 862 2412 eum
884 2398 896 2422 ,
946 2366 1000 2427 et
1032 2358 1127 2411 hos
1155 2357 1247 2426 qui
1280 2372 1462 2412 secum
1494 2367 1645 2411 erant
1677 2356 1861 2411 dimit-

280 2459 412 2514 tens,
442 2450 625 2503 aderat
647 2464 769 2503 cum
805 2450 1019 2513 Basilio,
1048 2458 1101 2502 et
1130 2449 1300 2503 tribus
1330 2448 1518 2502 diebus
1544 2447 1713 2516 jejuni
1746 2462 1864 2515 per-

277 2552 597 2606 severantes,
642 2542 964 2611 quaestiones
1003 2542 1229 2595 invicem
1279 2540 1666 2609 proponebant.
1699 2538 1863 2592 Inter-

277 2636 472 2703 rogavit
504 2636 686 2702 itaque
720 2634 953 2687 Enbulus
1001 2633 1252 2686 Basilium
1293 2649 1306 2685 :
1337 2632 1467 2697 Qua:
1496 2640 1580 2685 est
1620 2629 1863 2685 definitio

273 2727 663 2795 philosophiae,
713 2726 905 2780 Basili?
934 2726 1033 2792 Qui
1065 2726 1177 2779 ait:
1213 2724 1388 2778 Prima
1425 2724 1661 2778 definitio
1695 2724 1865 2791 philo-

272 2819 473 2884 50phite
493 2861 509 2881 ,
544 2817 822 2872 meditatio
851 2818 1060 2871 mortis.
1108 2817 1199 2870 llle
1224 2830 1354 2870 vero
1382 2816 1654 2869 admirans
1674 2856 1687 2877 ,
1740 2818 1814 2867 ait
1846 2830 1860 2867 :

270 2909 395 2973 Quis
430 2918 515 2963 est
570 2908 835 2962 mundus?
862 2908 951 2961 Ait
980 2925 992 2959 :
1024 2908 1122 2974 Qui
1155 2917 1234 2960 est
1265 2922 1426 2973 super
1474 2906 1748 2959 mundum.
1799 2905 1864 2959 Et

269 3001 450 3055 dulces
476 3000 697 3068 quidem
728 3008 851 3052 sunt
872 2999 1052 3052 mundi
1082 3013 1377 3061 sermones,
1414 2998 1527 3065 ipse
1558 3013 1683 3051 vero
1709 3013 1864 3069 mun-

270 3089 363 3142 dus
409 3092 767 3143 vehementer
818 3102 1030 3140 amarus
1052 3128 1065 3151 ,
1098 3088 1141 3141 si
1192 3088 1311 3156 quis
1344 3087 1483 3141 hunc
1512 3088 1703 3141 vitiose
1734 3086 1860 3141 reti-

1966 1903 2315 1973 piscentibns,
2342 1921 2411 1960 ex
2431 1922 2567 1973 aqua
2590 1915 2643 1960 et
2667 1906 2868 1973 Spiritu
2893 1917 3078 1962 sancto
3096 1909 3552 1976 regenerationem

1963 1994 2202 2061 donabit,
2237 1996 2361 2063 quia
2388 2010 2486 2049 nec
2509 1997 2691 2049 oculus
2716 1997 2862 2061 vidit,
2900 2012 3001 2051 nec
3031 1998 3173 2052 auris
3202 1998 3426 2062 audivit,
3456 2014 3555 2053 nec

1962 2083 2016 2137 in
2062 2099 2155 2138 cor
2205 2084 2437 2139 hominis
2479 2085 2716 2138 ascendit
2768 2102 2888 2153 quae
2934 2088 3253 2153 praeparavit
3302 2087 3556 2142 Dominus

1962 2173 2303 2240 diligentibus
2332 2189 2389 2228 se
2420 2171 2474 2241 (Ι
2506 2176 2621 2227 Cor.
2672 2175 2752 2243 ll).
2802 2175 2997 2228 florum
3028 2191 3156 2245 ergo
3187 2191 3349 2230 sensu
3392 2175 3550 2231 intel-

1963 2265 2123 2328 lecto,
2154 2265 2387 2318 Eubulus
2408 2264 2481 2319 ait
2509 2282 2520 2317 :
2547 2264 2589 2319 Ο
2615 2265 2793 2328 Basili,
2820 2267 3055 2320 caelestis
3076 2266 3347 2320 Trinitatis
3375 2280 3551 2321 asser-

1964 2363 2069 2423 tor,
2102 2371 2195 2424 per
2226 2362 2278 2408 te
2306 2356 2468 2409 credo
2501 2356 2551 2408 in
2582 2371 2744 2409 unum
2777 2355 2939 2409 Deum
2970 2358 3179 2411 Patrem
3205 2359 3546 2426 omnipoten—

1966 2459 2091 2513 tem,
2127 2458 2180 2502 et
2211 2461 2437 2514 caetera;
2482 2459 2803 2517 exspectans
2837 2453 3281 2507 resurrectionem
3313 2462 3554 2509 mortuo-

1965 2558 2080 2597 rum
2102 2580 2117 2606 ,
2165 2551 2218 2595 et
2246 2541 2406 2595 vitam
2458 2540 2664 2595 venturi
2693 2542 2873 2596 saeculi
2900 2586 2913 2606 ,
2962 2559 3139 2597 amen.
3173 2545 3347 2613 Opere
3376 2556 3552 2600 autem

1966 2630 2243 2686 ostendam
2280 2630 2373 2684 tibi
2418 2630 2573 2683 fidem
2602 2646 2719 2698 qua:
2761 2630 2816 2683 in
2862 2646 2946 2686 me
2977 2639 3096 2686 est:
3132 2635 3414 2700 quoniam,
3443 2650 3559 2689 om-

1966 2722 2120 2777 nibus
2151 2738 2268 2788 qute
2291 2721 2419 2774 mihi
2445 2723 2639 2775 adsunt
2667 2721 2719 2773 in
2750 2720 2995 2777 manibus
3025 2722 3129 2777 tuis
3152 2723 3313 2790 datis,
3341 2726 3558 2780 residuo

1967 2816 2093 2869 vitae
2139 2831 2273 2869 mem
2322 2826 2595 2884 tempore,
2647 2815 2690 2869 si
2736 2817 2987 2883 placitum
3040 2817 3094 2871 in
3126 2829 3415 2887 conspectu
3461 2817 3558 2874 Dei

1969 2906 2150 2967 fuerit,
2183 2916 2357 2958 tecum
2386 2921 2500 2969 ero,
2535 2913 2781 2972 suscepta
2814 2920 2880 2959 ex
2913 2915 3093 2959 sancta
3124 2922 3257 2976 aqua
3304 2923 3399 2962 seu
3439 2908 3559 2975 Spi-

1967 2995 2071 3048 ritu
2117 2994 2547 3064 regeneratione.
2580 2992 2667 3045 Ait
2713 3002 2889 3045 autem
2932 2993 3157 3048 Basilius
3191 3012 3203 3047 :
3236 2994 3559 3052 Benedictus

1970 3086 2228 3141 Dominus
2260 3086 2402 3140 Deus
2435 3094 2636 3149 noster,
2685 3101 2749 3137 ex
2780 3084 2881 3138 hoc
2911 3100 3051 3139 nunc
3096 3094 3150 3140 et
3179 3100 3349 3156 usque
3380 3088 3430 3141 in
3460 3102 3561 3141 sa:-

268 3190 406 3240 ueat.
436 3182 508 3234 Et
537 3182 639 3233 alia
685 3190 766 3233 est
796 3179 1038 3247 voluptas
1076 3180 1349 3245 corporis,
1399 3186 1453 3231 et
1483 3178 1583 3231 alia
1619 3179 1865 3245 incorpo-
1894 3172 1939 3234 C
1970 3177 2168 3242 culum,
2193 3192 2225 3229 o
2252 3176 2475 3239 Eubule,
2498 3175 2585 3244 qui
2610 3174 3084 3228 illustravitlumen
3110 3176 3359 3231 verumin
3381 3185 3563 3233 mente

268 3271 391 3325 ralis
424 3280 662 3324 naturm.
702 3269 766 3322 Et
794 3270 994 3338 pariter
1024 3271 1137 3321 haec
1167 3269 1411 3335 cuiquam
1463 3270 1638 3324 inesse
1669 3270 1867 3337 impos-

266 3360 423 3415 sibile
470 3369 710 3415 c0nstat.
754 3360 921 3413 Nemo
966 3360 1109 3413 enim
1157 3368 1331 3427 potest
1378 3358 1586 3412 duobus
1633 3359 1868 3413 dominis

267 3455 481 3508 servire
506 3453 721 3525 (Matth.
756 3454 850 3521 η).
887 3452 1107 3517 Verum,
1136 3463 1388 3521 quantum
1425 3452 1592 3505 virtus
1619 3452 1871 3520 suppedi-

264 3552 363 3609 tat,
401 3544 708 3612 frangimus
752 3541 1114 3595 esurientibus
1147 3556 1335 3609 panem
1384 3543 1645 3604 scientite,
1680 3550 1735 3594 et
1775 3556 1869 3596 eos

266 3637 357 3703 qui
406 3652 510 3702 per
538 3635 794 3689 malitiam
842 3631 1191 3701 quorumdam
1230 3632 1349 3685 sine
1393 3640 1533 3686 tecto
1587 3640 1739 3693 sunt.
1773 3646 1871 3699 per

264 3727 531 3778 virtutem
562 3724 807 3777 ducimus
848 3723 947 3774 sub
984 3731 1206 3776 teetum.
1256 3721 1312 3774 Si
1343 3736 1470 3774 vero
1499 3735 1619 3773 eum
1671 3720 1869 3773 nudum

266 3813 547 3874 videmus,
572 3814 768 3866 amictu
791 3812 1208 3876 circutndamus,
1233 3823 1285 3865 et
1307 3812 1631 3865 domesticos
1652 3812 1871 3865 seminis

264 3921 374 3960 non
409 3906 765 3973 despicimus.
796 3904 1038 3973 Cumque
1068 3904 1292 3958 dixisset
1322 3904 1455 3966 haec,
1500 3904 1798 3973 imaginans
1820 3903 1869 3956 ei

269 3996 590 4062 parabolice
634 3994 928 4050 Salvatoris
976 3993 1145 4047 nostri
1194 3992 1654 4056 misericordiam,
1712 4007 1870 4062 quam

262 4087 419 4140 circa
457 4099 561 4148 nos
582 4099 677 4152 per
702 4083 1066 4151 paenitentiam
1090 4092 1359 4151 operatur,
1395 4093 1503 4136 tres
1526 4081 1729 4135 tabulas
1754 4081 1873 4151 (21)

264 4178 484 4244 sensim
516 4176 768 4251 proponit
796 4174 847 4227 in
876 4173 1183 4243 proforibus
1211 4174 1428 4237 mentis,
1472 4187 1629 4226 unam
1658 4173 1873 4241 quidem

262 4270 323 4324 in
352 4268 738 4338 superioribus
766 4276 1035 4334 portarum
1062 4267 1286 4321 virtutes
1316 4265 1595 4331 ferentem,
1635 4265 1873 4333 pruden-

263 4361 411 4427 tiam.
441 4360 713 4427 videlicet,
745 4358 1136 4423 fortitudinem,
1170 4357 1600 4426 temperantiam,
1645 4367 1700 4412 et
1723 4359 1875 4428 justi-

268 4451 432 4505 tiam.
466 4450 524 4504 In
556 4452 774 4504 sinistra
804 4464 930 4503 vero
959 4460 1111 4519 parte
1138 4448 1527 4503 seductionem.
1555 4449 1722 4504 Porro
1750 4450 1874 4503 hinc

1972 3276 2093 3331 tua,
2139 3276 2193 3320 et
2222 3264 2490 3318 transtulit
2523 3273 2573 3317 te
2616 3279 2644 3316 a
2683 3264 2970 3317 multorum
3023 3278 3207 3319 errore
3253 3264 3473 3320 deorum
3505 3266 3561 3321 in

1972 3356 2295 3424 agnitionem
2327 3354 2708 3410 misericordiae
2751 3367 2883 3408 sum.
2910 3354 3076 3409 Porro
3104 3355 3169 3419 si,
3194 3364 3253 3410 ut
3283 3354 3456 3411 fassus
3478 3370 3559 3424 es,

1974 3462 2185 3501 mecum
2212 3445 2409 3515 pariter
2437 3459 2556 3500 esse
2583 3444 2685 3512 vis,
2719 3447 2998 3500 ostendam
3035 3446 3126 3500 tibi
3152 3459 3256 3513 quo
3280 3446 3437 3501 saluti
3466 3463 3564 3501 tto-

1974 3549 2099 3592 strae
2140 3539 2300 3592 modo
2333 3538 2740 3602 provideamus,
2768 3552 2798 3590 a
2839 3538 3068 3592 vinculis
3106 3536 3261 3591 istius
3287 3538 3471 3593 saeculi
3506 3536 3565 3591 ti-

1976 3630 2217 3684 berandi.
2264 3629 2641 3681 Venuudemus
2685 3628 2863 3680 omnia
2918 3643 3035 3697 quas
3086 3628 3238 3681 nobis
3269 3628 3477 3690 insunt,
3510 3637 3566 3684 et

1979 3721 2271 3774 tribuamus
2294 3719 2477 3787 ego-nis
2500 3761 2512 3783 ,
2555 3720 2740 3785 sicque
2769 3719 2984 3773 demum
3013 3719 3080 3771 ad
3110 3729 3347 3773 sanctam
3375 3717 3565 3775 civita-

1979 3822 2083 3866 tem
2118 3827 2417 3880 pergamus,
2454 3812 2782 3879 inspectores
2832 3826 2925 3879 per
2955 3825 3052 3865 nos
3083 3806 3348 3865 efficiendi
3382 3820 3563 3876 patra-

1979 3912 2151 3957 torum
2185 3903 2377 3955 ibidem
2411 3901 2788 3955 miraculorum
2811 3941 2827 3968 ,
2859 3908 2914 3955 et
2944 3902 3282 3971 acquiramus
3314 3901 3564 3957 fiduciam

1978 3996 2117 4062 apud
2169 3994 2356 4047 Deum.
2388 3993 2591 4059 Taliter
2620 3992 2797 4061 itaque
2827 3992 2986 4046 ambo
3028 3991 3187 4046 rebus
3215 3990 3328 4046 suis
3376 3992 3460 4060 pie
3487 3992 3567 4046 di-

1977 4084 2244 4150 stributis,
2280 4084 2390 4138 sola
2423 4098 2489 4137 ex
2520 4081 2602 4137 his
2643 4081 2974 4148 indumenta,
3007 4099 3128 4151 quas
3154 4090 3339 4138 sancto
3366 4083 3567 4153 baptis-

1979 4178 2106 4232 mati
2146 4175 2434 4245 praeparari
2481 4173 2681 4231 solent.
2729 4183 2999 4239 ementes,
3032 4174 3420 4233 Jerosolvmam
3452 4184 3567 4229 ten-

1979 4268 2140 4331 dunt,
2173 4275 2547 4321 convertentcs
2589 4266 2657 4320 ad
2692 4264 2974 4319 Dominum
3018 4265 3293 4334 gentilium
3321 4267 3567 4321 multitu-

1979 4357 2157 4412 dinem
2189 4356 2480 4426 copiosam.

2052 4466 2179 4523 Car.
2214 4467 2300 4521 ΙΙΙ.
2328 4496 2397 4509 —-
2424 4464 2803 4521 Pervenientes
2835 4478 2962 4519 vero
2984 4464 3050 4517 ad
3076 4464 3325 4520 Antiochi
3358 4465 3567 4528 urbem,

266 4551 328 4596 et
360 4543 503 4597 inde
552 4542 1036 4610 intemperantiam,
1083 4541 1534 4609 profanationem,
1567 4542 1867 4610 linguosita-

1980 4558 2313 4614 diverterunt
2343 4557 2408 4611 ad
2435 4557 2832 4625 receptaculum
2864 4554 3149 4624 quoddam.
3183 4555 3347 4611 Filius
3387 4566 3564 4612 autem

268 4641 411 4695 tem,
452 4633 782 4697 suasionem,
815 4640 870 4685 et
914 4630 1283 4700 hujuscemodi
1322 4646 1546 4685 examen
1590 4634 1874 4687 malorum.

265 4723 669 4777 Paenitentiam
712 4733 890 4776 autem
936 4723 1187 4776 decenter
1215 4733 1477 4778 astantem
1530 4725 1875 4791 intrepidam,

265 4814 534 4881 hilarem,
574 4815 784 4879 lenem,
815 4824 872 4867 et
899 4815 1183 4867 contrariis
1234 4815 1447 4882 quidem
1475 4816 1875 4890 adversantem,

261 4906 486 4975 populo
537 4921 665 4960 vero
716 4905 853 4959 bona
900 4905 1078 4958 omnia
1141 4905 1549 4973 imprecantem.
1609 4907 1876 4961 Praeterea

258 4997 437 5065 juxta
497 4997 656 5061 hanc,
690 4996 1088 5062 abstinentiam,
1121 4999 1483 5063 Sagaeitatem,
1515 4998 1876 5063 clementiam,

262 5086 634 5151 pudicitiam,
683 5087 970 5151 pudorem,
1012 5086 1435 5151 humanitatem,
1487 5098 1540 5142 et
1587 5090 1878 5143 multorum

262 5176 554 5236 bonorum
585 5177 813 5244 plebem.
848 5179 1048 5232 Sensus
1078 5193 1205 5233 vero
1250 5178 1407 5248 hujus
1437 5179 1674 5233 historia:
1706 5181 1881 5234 viden-

261 5268 438 5320 tibus
481 5268 694 5336 quidem
726 5278 809 5322 est
857 5271 1084 5323 monitio
1111 5311 1125 5333 ,
1181 5272 1518 5327 audientibus
1546 5283 1723 5327 autem
1778 5275 1878 5327 zeli

263 5357 520 5424 potioris
564 5359 797 5413 occasio.
830 5360 952 5414 lltec
998 5370 1052 5415 et
1094 5362 1211 5430 ipse
1241 5377 1339 5430 ego
1364 5364 1551 5418 videns
1584 5364 1879 5420 delectatus

258 5462 413 5503 sum
436 5492 450 5517 ,
496 5457 551 5504 et
595 5454 647 5503 in
678 5450 779 5504 hoc
808 5451 999 5505 ductus
1025 5468 1165 5517 sum,
1197 5468 1229 5507 ο
1257 5451 1488 5508 Eubule.
1522 5455 1658 5508 Sunt
1685 5456 1881 5523 quippe

262 5540 328 5593 in
369 5539 535 5594 nobis
562 5556 667 5595 non
696 5542 955 5611 imagines
1004 5557 1179 5612 neque
1208 5544 1511 5614 aenigmata,
1547 5545 1642 5598 sed
1671 5546 1786 5611 ipsa
1816 5545 1884 5598 li-

261 5630 463 5699 quido
510 5634 705 5685 veritas
772 5635 835 5705 ad
888 5634 1113 5687 salutem
1171 5636 1461 5690 adducens.
1520 5637 1884 5708 liesurgemus

366 5741 393 5760 ⁸
444 5745 551 5799 lloc
576 5757 735 5803 caput
762 5747 906 5815 deest
936 5748 986 5799 in
1025 5748 1154 5803 Vitis
1187 5748 1421 5805 l'atrum.

589 5837 852 5896 PATROL.
901 5839 1009 5898 LX
1022 5840 1069 5897 Χ
1084 5839 1167 5898 lll

1982 4649 2226 4717 hOSpitis,
2266 4648 2482 4702 nomine
2507 4646 2851 4710 Philoxenus,
2889 4646 3110 4701 sedebat
3140 4661 3248 4715 prze
3278 4645 3480 4699 foribus
3513 4647 3565 4699 in

1982 4739 2327 4794 meditatione
2374 4737 2542 4791 multa
2570 4754 2582 4788 :
2608 4746 2723 4790 erat
2752 4745 2930 4790 autem
2958 4735 3047 4790 hic
3090 4736 3382 4804 discipulus
3409 4733 3568 4789 Liba-

1981 4830 2054 4885 nii
2080 4830 2355 4898 suphistte,
2383 4844 2413 4883 a
2442 4842 2549 4898 quo
2579 4836 2888 4895 susceperat
2922 4842 3111 4881 versus
3161 4825 3469 4880 Homericos
3499 4825 3566 4881 ad

1985 4920 2407 4974 transferendum
2453 4933 2551 4973 eos
2596 4920 2646 4972 in
2679 4918 2994 4973 rhetoricos.
3051 4918 3113 4971 Et
3157 4932 3276 4970 cum
3320 4919 3371 4971 in
3402 4920 3566 4973 mul'a

1986 5008 2328 5061 tribulatione
2359 5006 2697 5069 consisteret,
2728 5007 3019 5060 laborando
3056 5005 3366 5075 deﬁciebat;
3408 5023 3568 5078 quem

1984 5098 2248 5168 aspiciens
2280 5098 2505 5151 Basilius
2533 5098 2671 5151 dixit
2697 5098 2758 5148 ad
2791 5111 2912 5151 eum
2939 5114 2951 5148 :
2977 5096 3157 5161 Quare
3187 5098 3257 5150 ita
3289 5096 3455 5152 tristis
3482 5115 3566 5163 es,

1984 5188 2335 5242 adolescens?
2363 5187 2451 5240 Ait
2482 5205 2495 5241 :
2528 5188 2658 5252 Quae
2701 5185 2831 5240 mihi
2881 5187 3080 5242 utilitas
3129 5191 3262 5252 erit,
3308 5188 3353 5242 si
3381 5189 3570 5243 dixero

1987 5277 2114 5331 tibi?
2147 5277 2530 5331 Perseverante
2557 5285 2733 5330 autem
2764 5277 2981 5345 Βθεὶιίο,
3011 5288 3063 5332 et
3091 5278 3139 5332 ei
3173 5279 3428 5347 prodesse
3456 5285 3571 5349 pol-

1984 5368 2203 5434 licente,
2235 5368 2369 5422 dixit
2401 5368 2449 5421 ei
2484 5376 2589 5421 tam
2620 5368 2936 5435 sophistam,
2980 5385 3137 5439 quam
3170 5371 3329 5425 etiam
3359 5387 3565 5441 versus,

1984 5472 2039 5517 et
2074 5464 2196 5529 quia
2242 5468 2458 5529 propter
2493 5460 2593 5513 hoc
2634 5459 2839 5514 laboro.
2873 5461 2972 5527 Qui
3019 5464 3282 5529 susceptis
3325 5464 3569 5516 versibus

1985 5556 2147 5622 cmpit
2190 5554 2372 5607 dicere
2418 5551 2607 5604 horum
2657 5553 3079 5606 translationem.
3123 5556 3191 5606 At
3219 5569 3346 5606 vero
3386 5553 3570 5603 adole-

1987 5660 2139 5701 scens
2189 5642 2520 5713 stupefactus
2563 5642 2759 5711 pariter
2796 5653 2849 5697 et
2876 5646 3109 5713 gavisus,
3142 5643 3193 5696 in
3226 5641 3437 5710 scriptis
3475 5653 3570 5693 ex-

3015 5836 3087 5897 10
