4016 6230
1505 290 1594 348 DE
1636 291 1813 348 VITIS
1853 285 2142 345 PATBUM
2181 284 2383 342 LIBER
2427 286 2695 344 PRIMUS.

3615 309 3756 366 ὄρθ’

483 416 609 488 poni
635 426 758 470 eam
787 408 1013 482 rogavit.
1043 408 1144 476 Qui
1172 405 1387 478 scripsit
1443 406 1632 461 borum
1660 404 1979 460 solutionem
2012 401 2065 454 in
2091 402 2145 461 Α
2168 413 2234 453 eo
2260 399 2476 478 veniens
2505 400 2779 456 descendit
2809 417 2861 456 tn
2889 416 3099 471 aquam.
3129 411 3184 458 et
3215 405 3411 464 turbata
3438 425 3562 482 aqua
3587 431 3709 475 ου..-

479 509 648 562 tribus
671 501 1002 559 editionibus
1028 518 1040 555 :
1069 514 1200 570 puer
1222 505 1400 553 autem
1428 498 1665 565 suscepit
1691 510 1784 551 eos
1807 492 2062 565 gaudens,

479 607 535 652 et
570 594 810 649 diluculo
850 591 1022 662 pergit
1049 589 1115 645 ad
1163 588 1476 655 Libanium,
1525 597 1580 643 et
1604 587 1698 642 dat
1726 585 1776 641 ei
1814 598 2064 640 versuum

480 687 924 745 enucleationem.
971 682 1254 750 Accipiens
1299 689 1473 734 autem
1507 677 1797 744 Libanius,
1837 686 1891 732 et
1935 690 2063 730 con-

481 785 748 832 sternatus
768 788 928 843 super
952 763 1323 837 translatione;
1351 768 1518 822 dixit:
1547 767 1649 822 Per
1678 767 1911 820 divinam
1935 764 2066 818 Pro-

483 868 772 923 videntiam
831 864 1004 919 nullus
1052 860 1396 931 praesentium
1438 861 1738 929 sapientum
1783 858 1889 912 tale
1937 855 2063 926 quid

483 968 658 1029 potest
688 954 1047 1025 interpretari.
1079 948 1233 1008 Unde
1261 966 1388 1021 ergo
1415 959 1496 1006 est
1527 951 1716 1003 horum
1747 947 2066 1002 innovator?

481 1052 557 1105 sit
597 1063 764 1119 puer:
795 1046 1114 1114 Peregrinus
1152 1043 1366 1113 quidam
1407 1043 1627 1096 veniens
1667 1041 1733 1094 ad
1776 1038 2062 1108 hospitium

482 1155 682 1204 meum,
717 1136 1050 1208 paratissime
1087 1133 1339 1189 disseruit
1370 1132 1500 1187 mihi
1533 1133 1720 1186 horum
1753 1131 2064 1186 dissolutio-

481 1247 628 1286 nem.
657 1227 794 1282 Nihil
818 1239 948 1294 ergo
969 1225 1240 1294 negligens
1271 1223 1542 1288 Libanius,
1572 1224 1774 1278 cursim
1792 1221 1862 1276 ad
1883 1221 2063 1289 hospi-

481 1324 614 1377 tium
645 1320 821 1384 venit,
858 1325 913 1372 et
955 1317 1141 1371 videns
1173 1314 1423 1370 Basilimn
1457 1330 1558 1369 una
1588 1330 1708 1369 cum
1749 1314 1978 1378 Eubulo,
2011 1320 2064 1366 et

481 1421 870 1481 recognoscens
911 1421 1045 1472 eos,
1077 1405 1481 1475 obstupefactus
1525 1415 1611 1460 est
1657 1420 1754 1475 pro
1791 1404 2064 1472 insperato

482 1507 760 1572 utriusque
800 1499 1054 1554 adventu.
1099 1496 1328 1567 Rogavit
1368 1503 1547 1552 autem
1577 1511 1672 1551 eos
1700 1496 1969 1550 divertere
2008 1494 2062 1548 in

481 1597 697 1650 domum
726 1607 912 1657 suam;
944 1599 998 1646 et
1047 1589 1149 1644 hoc
1177 1600 1497 1644 consecutus
1517 1625 1531 1649 ,
1581 1588 1787 1656 rogavit
1815 1586 1976 1641 etiam
2008 1595 2065 1639 ut

481 1701 703 1744 suavem
742 1699 836 1739 seu
865 1682 1132 1737 conditam
1161 1687 1435 1735 sumerent
1461 1692 1658 1732 eseam.
1690 1676 1790 1744 Qui
1837 1691 1972 1743 pane
2010 1685 2065 1730 et

2167 489 2371 543 volavit
2410 491 2462 545 in
2509 491 2734 555 emlum;
2782 490 2835 545 lti
2867 507 2994 546 vero
3042 494 3132 562 qui
3163 496 3399 553 amabant
3441 507 3711 564 tremefacti

2163 581 2594 651 glorificaverunt
2615 583 2780 638 Deum
2800 600 2814 648 ;
2834 582 3129 650 baptizatus
3146 595 3318 640 autem
3339 589 3549 647 Basilius
3563 599 3713 652 exivit

2164 672 2233 725 ab
2259 687 2417 740 aqua.
2448 672 2738 727 Admirans
2761 682 2939 728 autem
2969 675 3284 730 Maximinus
3303 677 3469 734 Basilii
3496 684 3714 740 dilectio-

2164 777 2286 818 nem
2316 779 2470 833 qttant
2503 766 2555 819 in
2588 765 2752 819 Deum
2783 764 3030 832 hab‘ebat,
3070 775 3126 821 et
3149 769 3387 825 oratione
3430 769 3541 826 fusa
3569 789 3716 844 super

2166 870 2287 912 eum
2311 857 2481 912 induit
2510 857 2746 912 vestibus
2771 858 3182 913 resurrectionis
3210 861 3418 916 Christi.
3449 863 3718 933 fhptizavit

2163 959 2338 1004 autem
2383 959 2438 1005 et
2485 950 2781 1015 Eubulum,
2835 959 2890 1004 et
2917 965 3121 1020 ungens
3153 954 3309 1005 etiam
3339 963 3519 1008 sancto
3558 959 3717 1012 chris-

2164 1049 2305 1095 mate
2334 1039 2454 1109 (23)
2477 1079 2492 1104 ,
2529 1040 2747 1095 tradidit
2774 1039 3034 1096 vivificant
3065 1047 3517 1109 communionem,
3565 1057 3614 1100 et
3643 1064 3720 1100 ro-

2163 1131 2310 1201 gavit
2339 1130 2588 1185 Basilium
2639 1129 2729 1185 Dei
2760 1131 3016 1185 sacerdos
3063 1147 3130 1200 po
3163 1142 3182 1186 t
3211 1135 3506 1188 orationem
3527 1152 3722 1192 sumere

2163 1222 2372 1286 cibum,
2420 1221 2560 1291 quod
2603 1232 2657 1276 et
2687 1221 3021 1276 fecitdit-ens
3050 1240 3063 1274 :
3097 1222 3318 1276 Domine
3361 1225 3482 1277 Jesu
3528 1226 3722 1282 Christe

2168 1311 2307 1366 Deus
2329 1321 2535 1378 noster,
2568 1313 2635 1367 ita
2667 1310 2830 1367 credo
2853 1313 3180 1382 evangelica:
3206 1314 3321 1368 voci
3353 1324 3476 1381 tuas,
3504 1328 3553 1369 et
3579 1333 3725 1386 spero

2165 1399 2219 1454 in
2253 1400 2578 1468 benignitate
2610 1410 2720 1470 tua,
2752 1401 2847 1469 ait,
2869 1402 3199 1458 manducans
3219 1413 3271 1458 et
3303 1406 3504 1470 bibens,
3530 1409 3722 1466 vincam

2163 1491 2505 1546 resistentem
2555 1493 2713 1546 nobis
2766 1492 3034 1548 diabolunt
3090 1497 3464 1565 cooperatioue
3512 1499 3724 1567 Spiritus

2164 1582 2333 1637 sancti
2371 1583 2466 1637 tui.
2515 1582 2856 1652 Stupefactus
2904 1595 3084 1639 autem
3115 1585 3366 1641 sacerdos
3410 1587 3497 1641 Dei
3538 1588 3586 1642 in
3630 1592 3728 1644 title

2167 1672 2331 1741 illius,
2361 1689 2608 1730 reversus
2635 1685 2716 1729 est
2738 1688 2858 1729 cum
2883 1676 3036 1730 eisin
3063 1687 3304 1731 sanctam
3327 1677 3612 1732 civitatem.
3630 1681 3726 1732 Au-

482 1795 653 1850 aqua,
696 1774 989 1834 secundum
1019 1771 1457 1840 consequentiam
1499 1785 1617 1840 quae
1661 1766 1728 1822 ab
1757 1766 1886 1837 ipsis
1916 1777 2064 1821 tene—
2095 1754 2140 1813 Β
2167 1766 2461 1822 niversario
2490 1782 2618 1822 vero
2664 1776 2910 1837 tempore
2939 1770 3046 1826 illic
3073 1772 3435 1837 demorantes,
3474 1771 3728 1825 eouununi

483 1874 667 1937 batur,
713 1876 1022 1926 mensurate
1053 1867 1341 1936 perceptis,
1383 1867 1581 1936 gratias
1604 1872 1828 1932 egerunt
1855 1862 1983 1927 Deo,
2010 1869 2065 1916 et

482 1961 721 2016 omnium
742 1959 918 2015 datori
939 1958 1224 2012 bonorum.
1250 1956 1592 2011 Paratissime
1613 1954 1791 2024 itaque
1811 1951 2066 2008 Libanius

483 2052 650 2123 erepit
675 2066 798 2107 cum
844 2050 910 2105 iis
949 2062 1218 2120 quaerere,
1251 2062 1314 2103 ac
1354 2045 1674 2117 protendere
1718 2043 2066 2099 verbositates

485 2144 806 2199 rhetoricas.
847 2141 929 2197 Illi
969 2149 1148 2195 autem
1182 2145 1579 2208 pronosuerunt
1621 2136 1670 2190 ei
1700 2135 1768 2190 de
1806 2133 1910 2189 fide
1953 2149 2067 2190 ser-

486 2251 725 2291 monem.
749 2235 819 2289 At
853 2248 984 2289 vero
1014 2232 1264 2286 Libanius
1288 2231 1524 2285 sentiens
1563 2242 1682 2298 quae
1711 2227 2064 2282 dicebantur:

485 2327 732 2382 Nondum
755 2334 860 2389 est,
908 2323 1100 2393 inquit,
1127 2330 1336 2389 tempus
1366 2319 1522 2388 hujus
1549 2317 1911 2388 operationis;
1944 2330 2067 2370 cum

486 2430 664 2474 autent
699 2416 920 2487 jusserit
948 2428 1179 2484 superna
1207 2411 1573 2476 Providentia,
1607 2425 1716 2464 non
1742 2417 1824 2464 est
1852 2409 1940 2477 qui
1982 2423 2068 2464 re-

485 2512 660 2566 sistat.
691 2507 798 2565 Sed
838 2506 963 2576 quia
991 2505 1043 2558 in
1075 2505 1320 2558 maximis
1345 2502 1475 2556 mihi
1513 2500 1791 2570 profuisti,
1818 2516 1851 2554 ο
1882 2498 2068 2567 Basili,

484 2603 756 2671 tli~putare
801 2612 1013 2669 quoque
1059 2598 1124 2651 ad
1165 2595 1397 2651 novitios
1437 2608 1586 2649 meos
1628 2607 1694 2648 ne
1738 2592 2067 2662 dedigneris.

485 2692 585 2757 Qui
641 2689 893 2745 celeriter
943 2687 1277 2757 congregatis
1319 2684 1645 2754 juvenibus,
1698 2682 1925 2738 docebat
1974 2698 2069 2740 eos

487 2781 801 2837 munditiam
829 2780 1022 2834 anima:
1043 2787 1097 2834 et
1125 2776 1604 2846 impassibilitatem
1628 2773 1896 2843 corporis,
1921 2787 2070 2843 gres-

489 2886 609 2925 sum
637 2869 820 2924 milem
840 2907 857 2930 ,
898 2882 1085 2922 vocem
1120 2874 1499 2934 temperatam,
1530 2878 1833 2920 sermonem
1862 2864 2071 2918 ordina-

490 2972 623 3027 tum,
655 2958 834 3014 cibum
862 2966 916 3013 et
942 2967 1124 3027 potum
1149 2955 1664 3025 imperturbabilem.
1689 2968 1872 3008 coram
1894 2953 2073 3009 senio.

486 3052 630 3108 ribus
657 3051 950 3117 silentium,
981 3058 1106 3104 ante
1149 3049 1503 3118 sapientiores
1530 3046 1856 3102 auditionem
1877 3084 1898 3110 ,
1928 3047 2070 3100 circa

2164 1857 2390 1912 consilio
2437 1867 2702 1915 venerunt
2751 1859 3124 1927 Antiochiam,
3173 1871 3226 1916 et
3259 1861 3475 1916 Basilius
3503 1876 3532 1914 a
3571 1860 3727 1914 Male-

2167 1947 2241 2004 tio
2271 1947 2386 2018 (26)
2419 1949 2659 2019 ejusdem
2692 1951 2841 2007 urbis
2866 1953 3123 2022 episcopo
3146 1953 3212 2008 ad
3244 1953 3469 2009 diacenii
3497 1952 3587 2006 ord
3611 1967 3728 2006 nem

2169 2048 2473 2111 promotus,
2494 2052 2548 2097 et
2576 2040 2994 2098 Proverbiorum
3013 2044 3131 2114 (27)
3153 2059 3457 2099 sermonem
3483 2043 3729 2112 interpre-

2168 2140 2333 2198 tatus,
2359 2131 2532 2187 multa
2554 2139 2638 2187 est
2664 2133 3016 2188 admiratione
3058 2146 3359 2204 provectus.

2239 2223 2368 2278 Car.
2414 2223 2474 2277 ν.
2517 2252 2586 2264 --
2625 2223 2751 2278 Post
2789 2239 2897 2278 non
2946 2226 3114 2279 multo
3159 2233 3401 2295 tempore
3440 2232 3729 2286 transacto,

2169 2315 2472 2383 properavit
2501 2328 2604 2368 una
2630 2328 2752 2368 cum
2785 2313 2999 2369 Eubulo
3026 2315 3092 2370 ad
3119 2315 3607 2386 Cappadocensiuut
3651 2330 3726 2368 re-

2167 2403 2381 2474 gionem
2408 2421 2423 2470 ;
2455 2412 2654 2459 etcum
2677 2404 2788 2473 jam
2823 2404 3040 2476 jamque
3084 2406 3385 2477 ingressuri
3422 2415 3596 2461 essent
3623 2406 3734 2458 Ca:-

2169 2493 2487 2548 sariensium
2519 2494 2791 2549 civitatem
2810 2536 2825 2562 ,
2858 2496 2910 2548 in
2940 2495 3144 2551 visione
3173 2497 3358 2552 nectis
3384 2498 3636 2552 revelatus
3660 2504 3736 2549 est

2173 2593 2299 2641 tunc
2326 2585 2580 2656 episeopo
2608 2586 2774 2655 ipsius
2817 2585 2966 2642 urbis
2992 2625 3015 2654 ,
3061 2588 3292 2644 Eusebio
3345 2589 3461 2660 (28)
3501 2588 3738 2649 nomine,

2173 2679 2362 2732 horum
2392 2677 2683 2742 adventus,
2712 2686 2764 2732 et
2795 2677 2938 2748 quod
2968 2678 3200 2733 Basilius
3225 2681 3354 2748 ejus
3378 2689 3517 2735 esset
3546 2678 3739 2732 futurus

2173 2783 2478 2824 successor.
2511 2768 2611 2838 Qui
2640 2770 3051 2838 expergefactus
3078 2770 3287 2825 vocavit
3341 2771 3621 2840 principem
3659 2785 3737 2822 ec-

2173 2862 2490 2918 clesiastica
2517 2862 3027 2929 administrationis,
3076 2871 3130 2917 et
3170 2863 3437 2932 quosdam
3479 2860 3740 2918 venerabi«

2175 2954 2300 3009 lium
2338 2952 2654 3010 clericorum
2672 2993 2690 3021 ,
2718 2963 2773 3009 et
2802 2954 2950 3009 misit
2974 2969 3068 3010 eos
3097 2954 3164 3009 ad
3188 2956 3516 3010 orientalem
3546 2965 3738 3025 portam

2175 3037 2352 3114 urbi's,
2395 3045 2580 3100 dicens
2609 3046 2710 3113 eis,
2734 3045 2994 3101 visionem
3024 3063 3041 3112 ;
3079 3061 3307 3116 cumque
3365 3048 3500 3103 irent
3525 3045 3587 3101 ad
3629 3061 3746 3115 por-

487 3143 736 3212 praelatos
779 3115 1392 3210 subjectionempcirca
1421 3139 1656 3206 atquales
1702 3154 1795 3193 seu
1835 3139 2070 3192 minores
2098 3115 2144 3179 α
2175 3144 2320 3201 tam,
2369 3137 2512 3192 obvii
2559 3136 2779 3192 fuerunt
2819 3141 2930 3206 eis,
2970 3153 3093 3194 cum
3135 3115 3571 3210 ingrederentur.
3610 3139 3746 3205 Quos

487 3231 803 3286 cbaritatem
834 3246 939 3285 non
971 3229 1150 3284 fictam
1173 3272 1188 3297 ,
1222 3244 1385 3299 pauca
1414 3229 1594 3296 eﬂ'ari,
1643 3228 1792 3298 plura
1831 3244 1959 3284 vero
1990 3231 2072 3284 itt-

491 3320 771 3391 telligere;
799 3334 905 3375 non
934 3320 1238 3389 exasperari
1271 3335 1558 3386 sermone,
1591 3335 1698 3375 non
1735 3319 2069 3389 superabun-

489 3412 618 3466 dare
647 3409 902 3480 loquelis,
942 3425 1050 3465 nou
1076 3425 1197 3465 esse
1226 3420 1501 3481 promptos
1531 3410 1600 3465 ad
1645 3410 1835 3475 risum,
1869 3410 2072 3479 pudore

489 3500 692 3566 ornari,
714 3515 836 3555 cum
865 3499 1177 3555 mulieribus
1209 3499 1492 3570 impudicis
1514 3514 1618 3554 non
1648 3500 1899 3570 colloqui,
1921 3500 2074 3555 deor-

488 3608 606 3646 sum
648 3593 819 3648 visum
848 3591 1066 3661 habere,
1098 3606 1307 3647 sursum
1340 3592 1605 3656 animam;
1639 3590 1822 3662 fugere
1858 3602 2068 3648 contra-

487 3684 779 3755 dictiones,
829 3699 935 3740 non
960 3683 1335 3738 didascalicam
1383 3684 1532 3754 sequi
1561 3683 1896 3754 dignitatem,
1937 3684 2069 3739 nihil

489 3774 756 3829 mstimare
783 3789 812 3828 a
845 3777 1248 3845 quibuscunque
1278 3775 1498 3830 collatos
1542 3775 1796 3831 honores.
1841 3776 1992 3843 Quod
2022 3778 2068 3832 sl

489 3864 764 3935 quisquam
798 3877 1031 3918 vestrum
1063 3865 1180 3919 aliis
1207 3865 1368 3918 etiam
1399 3865 1654 3934 prodesse
1683 3874 1880 3934 potest,
1903 3881 1934 3920 a
1959 3865 2069 3920 Deo

489 3953 790 4009 mercedem
818 3965 1128 4022 exspectet,
1180 3964 1233 4009 et
1263 3966 1586 4010 aeternorum
1616 3956 1878 4011 bonorum
1911 3958 2070 4013 vicis-

489 4043 776 4100 situdinem
799 4057 829 4097 a
858 4044 1071 4098 Christo
1097 4044 1222 4100 Jesu
1265 4045 1494 4100 Domino
1534 4056 1741 4103 nostro.
1771 4047 1864 4102 llis
1887 4048 2067 4116 dictis,

489 4135 716 4189 Basilius
758 4135 825 4189 ad
853 4132 1146 4202 discipulos
1191 4135 1426 4200 Libanii,
1458 4147 1516 4192 et
1545 4139 1694 4193 miris
1715 4140 1782 4194 ab
1821 4141 2066 4195 omnibus

489 4225 733 4281 laudibus
758 4226 1089 4290 cumulatus,
1118 4242 1219 4280 una
1262 4242 1382 4282 cum
1414 4228 1621 4284 Eubulo
1663 4230 1916 4298 carpebat
1941 4230 2064 4287 iter.

557 4319 684 4372 Car.
715 4316 802 4372 IV.
825 4345 897 4358 —
920 4317 1158 4388 Cumque
1179 4318 1572 4391 Jerosolymam
1598 4323 1985 4389 pervenissent,
2011 4333 2068 4379 et

485 4424 700 4464 onmem
722 4409 898 4464 locum
925 4420 1328 4464 sacrosanctum
1353 4411 1457 4465 fide
1482 4420 1533 4465 et
1554 4426 1739 4468 amore
1759 4413 2066 4481 perlustras-

2173 3228 2418 3284 videutes
2468 3239 2523 3284 et
2571 3237 2954 3299 agnoscentes,
3002 3241 3329 3302 rogaverunt
3393 3243 3450 3288 ut
3495 3232 3744 3288 ascende-

2173 3331 2294 3376 rent
2330 3323 2394 3376 ad
2427 3323 2762 3392 episcopum.
2799 3323 3041 3394 Cumque
3079 3325 3383 3392 intrarent,
3416 3327 3630 3381 intuitus
3659 3337 3751 3379 eos

2172 3415 2541 3470 sanctissimus
2579 3417 2897 3485 episcopus,
2941 3425 2996 3471 et
3035 3419 3376 3486 stupefactus
3419 3419 3469 3473 in
3508 3416 3746 3471 similitu-

2172 3506 2297 3561 dine
2330 3506 2586 3572 visionis,
2635 3506 2744 3562 Deo
2776 3507 2974 3577 gratias
3014 3511 3151 3578 egit.
3182 3510 3540 3580 Interrogavit
3580 3518 3750 3562 autem

2173 3597 2318 3652 unde
2345 3597 2622 3662 venirent,
2654 3607 2708 3652 et
2733 3614 2840 3668 quo
2871 3599 3109 3664 abirent,
3132 3608 3188 3655 et
3214 3616 3334 3670 quae
3368 3616 3550 3656 eorum
3579 3606 3750 3654 essent

2172 3686 2463 3754 vocabula,
2496 3696 2550 3743 et
2578 3688 2823 3753 discens,
2854 3688 2986 3743 dixit
3014 3689 3328 3744 diaconibus
3361 3691 3601 3760 prmberc
3633 3701 3747 3756 quae

2173 3777 2239 3833 ad
2270 3778 2509 3847 requiem
2544 3793 2732 3832 eorum
2764 3789 3159 3848 congruerent:
3188 3781 3280 3851 qui
3307 3782 3634 3835 adducentes
3660 3791 3748 3832 eos

2171 3868 2240 3924 ad
2279 3869 2486 3939 insigne
2523 3868 2882 3924 habitaculum
2925 3869 3075 3942 (29),
3119 3871 3297 3926 omnia
3338 3872 3651 3927 obtulerunt
3687 3869 3754 3924 ad

2171 3963 2488 4017 suavitatem
2545 3976 2758 4017 eorum.
2815 3961 3015 4018 Eadem
3065 3973 3244 4018 autem
3301 3963 3439 4018 hora
3489 3962 3752 4017 advocuns

2170 4054 2540 4109 sanctissimus
2565 4053 2648 4109 vir
2676 4053 3000 4110 lectissimos
3025 4056 3155 4110 cleri
3194 4064 3250 4111 et
3287 4057 3526 4112 civitatis
3549 4099 3563 4120 ,
3603 4070 3753 4111 enar-

2171 4147 2312 4202 ravit
2354 4146 2434 4202 eis
2477 4161 2540 4202 ea
2589 4162 2710 4218 quae
2755 4162 2785 4201 a
2835 4147 2944 4202 Deo
2979 4146 3189 4203 fuerant
3217 4149 3316 4202 sibi
3359 4151 3615 4204 revelata.
3657 4147 3756 4214 Qui

2171 4251 2277 4292 una
2301 4251 2433 4294 voce
2456 4237 2702 4294 dixerunt
2726 4257 2738 4292 :
2767 4238 3038 4296 Veraciter
3062 4239 3242 4295 ethoc
3270 4240 3434 4309 digna
3457 4251 3539 4297 est
3563 4241 3756 4296 munda

2169 4325 2275 4382 vita
2306 4335 2394 4382 tua
2412 4367 2430 4392 ,
2462 4338 2522 4382 ut
2546 4328 2803 4384 divinitus
2831 4329 2898 4384 de
2925 4330 3064 4386 coelo
3095 4330 3427 4388 revelaretur
3451 4333 3496 4387 is
3516 4334 3603 4403 qui
3632 4340 3750 4401 post

2172 4424 2226 4472 te
2271 4417 2484 4473 futurus
2528 4428 2611 4474 est
2652 4420 3010 4487 pontificalem
3054 4421 3304 4476 thronum
3344 4437 3563 4482 ornare.
3604 4422 3759 4477 Unde

484 4513 636 4569 seut,
671 4512 727 4558 et
754 4505 806 4557 in
836 4504 916 4558 eis
948 4503 1115 4558 Deum
1137 4544 1153 4570 ,
1183 4503 1272 4572 qui
1313 4518 1475 4574 super
1502 4505 1680 4560 omnia
1710 4514 1821 4571 est,
1852 4506 2070 4562 adoras-
2097 4483 2152 4544 Ῑ)
2175 4509 2308 4564 nihil
2337 4512 2591 4566 haesitans
2622 4483 2707 4567 fac
2736 4513 2880 4582 quod
2920 4513 3013 4568 tibi
3052 4515 3281 4569 videtur.
3327 4516 3624 4585 Episcopus
3661 4529 3755 4567 au-

481 4603 623 4658 sent,
652 4592 918 4646 manifesti
949 4593 1074 4649 facti
1120 4601 1246 4648 sunt
1273 4592 1525 4664 episcOpo
1553 4595 1784 4650 civitatis
1805 4634 1821 4661 ,
1856 4597 2071 4655 nomine

483 4683 777 4738 fllaximino
811 4682 951 4754 (22).
984 4683 1049 4738 Et
1093 4684 1216 4740 huic
1255 4685 1633 4756 procidentes,
1668 4689 2070 4757 postulaverunt

481 4775 702 4845 adipisci
761 4774 995 4832 divinam
1042 4780 1504 4849 regenerationem
1567 4784 1620 4837 in
1669 4782 1903 4839 Jordune
1949 4784 2067 4856 (25)

480 4868 720 4924 flumine.
769 4868 914 4935 Quos
963 4872 1178 4927 intuens
1230 4885 1448 4930 sanctus
1496 4873 1585 4930 hic
1617 4877 1700 4932 vir
1729 4877 1852 4943 Dei,
1889 4879 2061 4948 gratia

481 4957 690 5026 plenus,
723 4959 1031 5031 adimplevit
1075 4964 1384 5033 petitionem
1424 4967 1694 5038 ipsorum,
1724 4978 1779 5025 et
1810 4985 1912 5025 una
1939 4988 2060 5028 cum

479 5049 728 5106 ﬁdelibus
757 5053 888 5109 viris
917 5057 1065 5110 venit
1103 5057 1169 5112 ad
1195 5057 1506 5116 Jordanem.
1537 5060 1672 5116 Cum
1695 5070 1874 5117 autem
1916 5065 2066 5120 Basi-

479 5141 583 5197 lius
610 5145 932 5201 accessisset
957 5148 1024 5202 ad
1065 5149 1254 5219 ripam,
1289 5152 1516 5221 projeeit
1540 5167 1601 5208 se
1628 5166 1791 5222 super
1817 5154 2060 5226 humum,

473 5244 682 5290 etcum
728 5235 980 5306 lacrymis
1019 5249 1076 5294 et
1101 5242 1337 5298 clamore
1385 5244 1559 5300 valido
1606 5245 1824 5316 petebat
1851 5251 2060 5319 signum

475 5337 589 5377 suae
620 5323 741 5378 fidei
769 5325 1016 5381 revelari.
1049 5328 1118 5384 Et
1146 5346 1270 5385 mox
1301 5347 1425 5388 cum
1470 5345 1702 5392 tremore
1731 5352 2060 5409 consurgens

481 5412 636 5483 155
666 5413 884 5483 deponit
912 5419 1230 5475 vestimenta
1256 5437 1373 5492 sua,
1403 5434 1457 5480 et
1485 5441 1604 5482 cum
1635 5429 1714 5483 eis
1748 5430 1933 5498 procul
1963 5431 2061 5486 du-

473 5503 562 5559 bio
613 5515 850 5562 veterem
895 5507 1200 5578 hominem,
1244 5515 1322 5570 sic
1364 5517 1578 5574 demum
1623 5519 1961 5577 descendens
2006 5524 2058 5580 in

471 5609 665 5663 aquam
695 5598 902 5666 orabat,
949 5608 1003 5656 et
1030 5604 1292 5660 accedens
1318 5607 1570 5664 sacerdos
1593 5609 1888 5680 baptizavit
1911 5629 2057 5670 eum.

477 5686 540 5741 Et
569 5702 697 5742 ecce
723 5687 899 5756 fulgur
926 5689 1062 5758 ignis
1084 5693 1347 5762 pratfulsit
1371 5695 1471 5763 eis,
1502 5707 1555 5754 et
1582 5700 1827 5757 columba
1858 5703 1974 5775 (24)
1993 5721 2058 5762 ex

2176 4609 2283 4656 tem
2312 4601 2574 4657 advocato
2602 4603 2800 4659 Basilio
2827 4619 2927 4659 una
2956 4619 3078 4660 cum
3120 4605 3361 4673 Eubulo,
3406 4607 3570 4677 caspit
3606 4620 3755 4661 seru-

2174 4693 2275 4748 tari
2305 4708 2426 4748 cum
2457 4695 2536 4750 eis
2564 4709 2746 4750 sacras
2774 4697 3078 4767 Seripturas
3105 4714 3120 4762 ;
3152 4706 3206 4752 et
3235 4697 3511 4754 admirans
3535 4701 3757 4768 pelagus

2172 4783 2453 4850 sapientia:
2481 4800 2604 4854 qua:
2629 4786 2809 4841 inerat
2837 4785 2942 4840 illis
2963 4826 2978 4848 ,
3010 4793 3063 4839 et
3094 4785 3291 4842 habitis
3318 4788 3400 4843 eis
3431 4787 3640 4842 idoneis
3666 4801 3754 4838 as-

2169 4870 2450 4926 sistoribus
2470 4911 2488 4940 ,
2519 4887 2624 4928 non
2657 4882 2779 4942 post
2803 4874 3025 4929 multum
3057 4878 3312 4946 temporis
3341 4878 3496 4934 obiit.
3539 4875 3749 4932 Conve-

2165 4961 2371 5016 nientes
2411 4976 2541 5032 ergo
2578 4963 2816 5033 episcopi
2844 4965 2910 5018 ad
2942 4967 3204 5036 synodum
3238 4967 3373 5041 (30),
3405 4984 3529 5024 eum
3558 4984 3754 5040 opera-

2168 5049 2380 5105 ratione
2408 5053 2642 5120 Spiritus
2665 5055 2836 5109 sancti
2863 5055 3064 5125 eligunt
3091 5057 3348 5114 Basilium
3379 5061 3448 5115 ad
3497 5062 3747 5116 thronum

2165 5141 2553 5211 episcopalem.
2599 5144 2700 5211 Qui
2747 5145 2998 5203 videlicet
3035 5159 3377 5205 consecratus
3413 5150 3750 5221 gubernabat

2163 5229 2458 5288 Ecclesiam
2489 5233 2582 5288 Dei
2611 5236 2965 5303 providentia.

2237 5340 2369 5398 Car.
2399 5342 2492 5398 Vl.
2520 5371 2592 5384 —
2621 5345 2746 5401 Post
2773 5347 2983 5416 aliquod
3007 5364 3134 5405 vero
3164 5359 3376 5419 tempus
3402 5353 3692 5422 postulavit
3718 5367 3750 5406 a

2171 5431 2282 5489 Deo
2312 5449 2419 5504 quo
2446 5436 2772 5493 concederet
2800 5441 2898 5494 sibi
2927 5443 3150 5510 gratiam
3177 5442 3453 5513 sapientia:
3495 5453 3553 5499 et
3595 5444 3750 5498 inte!-

2165 5525 2365 5591 lectus,
2400 5538 2459 5582 ut
2481 5528 2702 5585 oﬂ’erret
2730 5544 2825 5600 per
2854 5533 3073 5600 pr0pria
3099 5533 3258 5588 verba
3287 5548 3380 5588 sua
3410 5537 3746 5588 incruentum

2167 5618 2279 5675 Deo
2327 5621 2690 5687 sacrificium,
2737 5632 2792 5677 et
2840 5623 3044 5680 veniret
3092 5625 3144 5679 itt
3188 5626 3525 5695 praesentiam
3572 5625 3748 5678 sancti

2166 5710 2440 5780 Spiritus;
2474 5725 2526 5771 cl
2557 5724 2678 5784 post
2705 5729 2798 5773 sex
2827 5714 2976 5785 dies,
3009 5715 3151 5775 velut
3191 5716 3245 5774 is
3283 5729 3508 5777 excessu
3549 5713 3754 5770 mentis
