4016 6240
323 309 417 365 801

826 313 983 372 VITA
1023 315 1268 374 SANCTI
1309 316 1574 383 BASILII,
1614 318 1981 378 CAESAREAS
2018 326 2481 396 CAPPADOCIE
2518 343 3059 410 ARCHlEPlSCOPl.

3487 364 3590 419 302

319 423 549 479 adventu
599 423 832 494 Spiritus
882 427 1051 481 sancti
1097 427 1301 495 factus,
1346 431 1575 498 septimo
1614 431 1701 487 die
1746 433 1908 501 coepit
1934 435 1983 494 Α
2012 436 2434 502 Christianorum
2476 456 2820 523 mysterium,
2864 459 2918 514 in
2957 469 3246 524 crastinum
3287 471 3396 528 adit
3439 475 3585 532 Basi-

318 516 628 571 ntinistrare
674 518 788 574 Deo
833 535 927 588 per
962 521 1202 590 singulos
1243 524 1388 588 dies,
1430 533 1485 578 et
1529 535 1648 593 post
1683 526 1900 594 aliquod

318 617 529 676 tempus
578 609 684 665 fide
729 625 792 664 ac
831 611 1081 667 oratione
1137 614 1333 678 multa,
1377 614 1646 670 inchoavit
1687 619 1901 686 propria

318 715 475 754 manu
529 702 770 758 scribere
810 702 989 758 missa:
1032 706 1305 775 mysteria.
1354 707 1421 762 Et
1465 709 1693 777 quadam
1743 719 1902 767 nocte

313 802 499 847 astans
532 793 584 848 ei
619 793 877 850 Dominus
907 794 960 848 in
993 796 1109 850 visu
1135 812 1256 851 cum
1287 798 1546 866 apostolis
1578 803 1900 870 propositio-

314 900 433 940 nem
467 885 626 955 panis
657 888 858 943 faciens
891 891 942 944 in
973 901 1161 945 sancto
1186 893 1375 959 altari,
1405 895 1580 950 erexit
1608 897 1859 953 Basilium
1879 938 1895 968 ,

311 976 497 1032 dicens
525 977 574 1034 ei
604 997 618 1032 :
658 981 966 1036 Secundum
997 984 1304 1052 petitionem
1343 995 1488 1042 tuam
1536 989 1808 1059 repleatur
1835 1006 1898 1047 os

312 1078 461 1122 tuum
505 1070 694 1133 laude,
738 1081 795 1126 nt
841 1084 934 1141 per
978 1077 1192 1144 propria
1237 1078 1396 1133 verba
1436 1088 1523 1134 tua
1555 1083 1895 1140 incruentum

307 1157 509 1212 oﬁ’eras
537 1161 882 1217 sacriﬁcium.
917 1164 1017 1231 Qui
1051 1181 1154 1220 non
1187 1166 1365 1224 ferens
1392 1171 1566 1226 oculis
1592 1173 1852 1232 visionem
1873 1217 1892 1243 ,

308 1249 538 1303 surrexit
572 1255 914 1309 tremefactus
936 1300 950 1322 ,
979 1265 1036 1310 et
1062 1257 1324 1315 accedens
1353 1262 1418 1315 ad
1450 1274 1694 1319 sanctum
1722 1268 1895 1324 altare

308 1343 474 1411 rtepit
501 1344 685 1400 dicere
711 1360 776 1401 ac
804 1348 1044 1405 scribere
1081 1352 1133 1405 in
1175 1353 1360 1408 charta
1381 1392 1398 1418 ,
1445 1355 1518 1410 ita
1549 1373 1563 1410 :
1597 1375 1618 1409 ι
1641 1357 1806 1429 chle
1831 1375 1894 1416 os

310 1448 488 1488 meum
529 1434 686 1491 laude
730 1438 881 1510 (51),
935 1451 992 1494 ut
1039 1440 1249 1497 laudem
1293 1444 1517 1512 gloriam
1566 1454 1739 1515 tuam,
1788 1449 1895 1506 Do-

310 1525 452 1580 mine
482 1525 626 1582 Deus
647 1569 664 1593 ,
697 1530 790 1599 qui
818 1532 1013 1587 creasti
1045 1547 1175 1600 nos,
1217 1543 1269 1590 et
1316 1536 1582 1592 adduxisti
1631 1539 1699 1594 ad
1726 1539 1888 1597 vitam

308 1617 509 1679 hancu
540 1627 599 1674 et
621 1621 856 1691 reliquas
881 1633 1080 1678 sancta:
1110 1626 1290 1680 missa:
1329 1629 1626 1684 orationes.-
1673 1632 1738 1686 Et
1769 1644 1891 1701 post

307 1708 460 1764 ﬁnem
488 1711 798 1766 orationum
825 1714 1077 1770 exaltavit
1102 1731 1292 1783 panem
1321 1716 1434 1788 (52)
1453 1760 1466 1782 ,
1494 1720 1701 1789 prolixe
1725 1738 1885 1781 orans

2007 533 2135 587 lium
2182 540 2491 609 supplicans
2530 545 2581 600 ei
2620 563 2727 615 quo
2772 552 2888 604 sine
2931 553 3188 613 dilatione
3225 566 3487 632 acciperet
3531 572 3582 624 in

2003 622 2218 727 Christo
2244 631 2601 699 signaculum.
2632 638 2731 705 Qui
2761 641 2894 697 nihil
2923 646 3232 716 negligens,
3257 622 3440 712 solitas
3465 622 3588 727 gra-

2005 726 2086 770 tes
2112 719 2198 786 ei,
2229 724 2317 790 qui
2346 739 2536 781 omnes
2568 729 2680 784 vult
2709 732 2935 799 salvari,
2981 739 3252 808 referens,
3299 719 3582 815 baptizavit

2001 823 2122 863 eum
2149 826 2269 867 cum
2298 817 2445 871 omni
2472 818 2634 876 domo
2664 838 2758 877 sua
2788 826 3092 884 credentem
3121 833 3170 886 in
3206 833 3507 894 Dominum.

2070 899 2202 958 CAP.
2249 904 2384 961 Vlll.
2415 937 2486 950 -
2525 911 2796 971 llelladins
2827 917 2944 987 (57)
2971 931 3147 980 autem
3179 940 3375 984 sancta!
3404 947 3583 988 recor-

1999 991 2264 1062 dationis,
2296 999 2385 1066 qui
2417 1000 2682 1071 inspector
2711 1015 2764 1062 et
2795 1009 3041 1067 minister
3068 1013 3158 1068 fuit
3199 1021 3577 1077 miraculorum

1998 1099 2119 1154 qua:
2141 1086 2295 1180 abeo
2321 1101 2524 1159 patrata
2554 1105 2710 1160 sunt,
2738 1099 2936 1169 quique
2963 1112 3084 1171 post
3107 1106 3312 1165 obitum
3337 1111 3577 1180 ejusdem

1997 1177 2308 1243 apostolicae
2355 1185 2631 1239 memoria:
2681 1187 2858 1244 Basilii
2898 1193 3082 1249 sedem
3125 1195 3264 1254 illius
3303 1177 3579 1272 suscipere

2001 1267 2224 1334 meruit,
2253 1269 2337 1326 vir
2363 1281 2416 1326 et
2456 1274 2727 1334 miraculis
2759 1278 2963 1346 clarus,
2996 1292 3158 1355 atque
3197 1291 3340 1346 omni
3380 1267 3579 1350 virtute

1995 1367 2214 1414 ornatus
2233 1399 2248 1424 ,
2288 1364 2468 1419 retulit
2498 1367 2625 1422 mihi
2653 1369 2773 1439 quia
2804 1386 2922 1428 cum
2953 1387 3172 1433 senator
3198 1384 3411 1450 quidam
3445 1386 3578 1442 ﬁde-

1995 1448 2091 1515 lis,
2138 1452 2353 1510 nomine
2397 1455 2672 1515 Proterius
2713 1461 2861 1532 (58),
2911 1448 3258 1539 pergeretad
3292 1486 3473 1530 sancta
3518 1489 3574 1534 et

1995 1541 2314 1609 percolenda
2343 1544 2458 1601 loca
2478 1586 2495 1613 ,
2523 1559 2575 1602 et
2601 1549 2797 1607 ibidem
2827 1555 2986 1610 ﬁliam
3013 1574 3161 1614 suam
3191 1564 3411 1621 tondere
3433 1569 3570 1639 (59),

1992 1640 2047 1684 et
2077 1632 2128 1686 in
2161 1649 2322 1688 unum
2357 1639 2740 1697 venerabilium
2771 1650 3212 1707 monasteriorum
3245 1632 3486 1721 mittere,

1992 1721 2310 1776 sacriﬁcium
2346 1724 2456 1780 Deo
2483 1727 2677 1785 offerre
2719 1733 3008 1804 voluisset,
3052 1739 3458 1815 diabolus,,qui
3501 1750 3570 1802 ab

303 1815 352 1858 et
377 1802 606 1859 dicens:
638 1807 900 1870 Attende,
933 1806 1158 1864 Domine
1186 1809 1312 1864 Iesu
1342 1809 1575 1878 Christe,
1605 1813 1742 1868 Deus
1785 1831 1868 1871 no-

1988 1809 2137 1866 initio
2180 1814 2445 1872 homicida
2487 1827 2603 1886 est,
2647 1822 2895 1882 invidens
2932 1800 3048 1897 ejus
3087 1800 3335 1903 religioso
3374 1800 3569 1906 propu—

304 1902 430 1961 ater,
460 1894 533 1949 de
560 1905 749 1950 sancto
777 1895 1081 1952 habitacqu
1109 1908 1220 1965 tuo,
1238 1910 1292 1955 et
1315 1901 1434 1956 veni
1455 1901 1520 1956 ad
1541 1904 1881 1960 sanctiﬁcan-

304 1984 425 2040 dum
456 1999 576 2051 nos,
606 1986 697 2054 qui
727 1997 939 2042 sursum
966 2004 1087 2044 cum
1113 1989 1269 2046 Patre
1299 1993 1475 2058 sedes,
1506 2003 1560 2049 et
1587 1995 1674 2051 hic
1702 1995 1884 2053 nobis-

303 2089 420 2131 cum
462 2072 802 2132 invisibiliter
826 2077 990 2144 ades,
1021 2087 1076 2136 et
1105 2080 1323 2151 dignare
1357 2084 1559 2152 potenti
1599 2100 1761 2142 manu
1791 2096 1879 2146 tua

306 2167 542 2224 tribuere
571 2170 718 2225 nobis
756 2178 813 2226 et
841 2185 937 2241 per
965 2187 1063 2228 nos
1103 2173 1252 2228 omni
1294 2176 1488 2246 populo
1527 2186 1710 2232 sancta
1748 2192 1878 2234 san-

303 2261 454 2316 ctis.»
482 2260 707 2330 Populus
725 2264 1037 2332 respondit:
1067 2283 1087 2317 ι
1113 2265 1257 2320 Unus
1277 2277 1513 2333 sanctus,
1538 2285 1673 2325 unus
1697 2269 1879 2326 Domi-

301 2365 398 2406 nus
421 2351 582 2406 Jesus
608 2350 857 2408 Christus
885 2368 1006 2409 cum
1035 2364 1223 2411 sancto
1252 2356 1450 2424 Spiritu
1491 2358 1544 2413 in
1583 2360 1747 2429 gloria
1779 2362 1875 2417 Dei

295 2441 482 2496 Patris.
510 2444 706 2500 Amen.
733 2463 752 2497 ι
779 2445 846 2500 Et
869 2445 1112 2503 dividens
1137 2463 1328 2518 panem
1354 2449 1409 2504 in
1441 2459 1548 2507 tres
1575 2454 1871 2522 portiones,

293 2550 440 2588 unam
470 2536 688 2606 quidem
717 2541 958 2610 suscepit
977 2555 1098 2595 cum
1123 2541 1314 2597 timore
1340 2544 1526 2611 multo,
1554 2546 1714 2601 aliam
1739 2562 1870 2605 vero

290 2628 522 2682 servavit
547 2627 615 2682 ad
642 2631 1114 2700 consepeliendum
1137 2631 1238 2687 sibi
1266 2632 1382 2703 (55)
1400 2674 1418 2701 ,
1448 2635 1660 2691 tertiam
1688 2646 1867 2693 autem

287 2719 512 2787 positam
569 2717 684 2790 (34)
732 2735 894 2790 super
940 2722 1241 2778 columbam
1282 2738 1542 2791 auream,
1589 2728 1871 2796 suspendit

283 2821 438 2876 super
477 2809 672 2864 altare.
715 2811 952 2868 Eubulus
979 2821 1158 2869 autem
1187 2822 1243 2869 et
1269 2814 1400 2870 cleri
1430 2815 1678 2887 princeps
1704 2817 1866 2875 simul

282 2913 385 2967 prae
425 2899 639 2954 foribus
679 2901 860 2972 templi
901 2912 1134 2970 stantes,
1167 2904 1420 2961 videbant
1459 2907 1638 2963 lumen
1668 2908 1871 2966 intellio'

277 2989 436 3059 gibile
463 2991 519 3046 in
551 2993 779 3062 templo,
809 3003 866 3049 et
894 2994 1140 3052 homines
1168 2996 1473 3055 clarissime
1511 3000 1826 3057 candidatos
1845 3043 1860 3068 ,

1988 1902 2128 1972 sito,
2177 1911 2467 1967 commovit
2509 1927 2672 1969 unum
2718 1931 2785 1972 ex
2833 1922 3004 1977 servis
3043 1902 3202 1994 ejus,
3229 1936 3284 1983 et
3323 1902 3463 1984 hunc
3499 1933 3564 1985 ad

1985 1996 2178 2064 puellas
2229 2002 2508 2060 succendit
2553 2021 2815 2065 amorem.
2870 2012 2968 2070 Hic
3014 2015 3195 2088 itaque
3245 2032 3366 2077 cum
3416 2034 3565 2080 tanto

1982 2095 2110 2142 voto
2156 2099 2300 2147 esset
2348 2093 2632 2165 indignus.
2687 2109 2742 2155 et
2797 2117 2902 2159 non
2956 2107 3179 2166 auderet
3234 2118 3560 2183 propositum

1979 2178 2171 2233 saltem
2214 2182 2561 2254 contingere,
2603 2189 2892 2258 alloquitur
2921 2210 3084 2252 unum
3119 2214 3186 2255 ex
3233 2178 3565 2263 detestandis

1981 2269 2271 2339 maleﬁcis,
2305 2275 2680 2344 repromittens
2707 2280 2782 2336 illi
2811 2292 2867 2338 ut
2895 2286 2941 2340 si
2967 2286 3108 2345 forte
3146 2300 3262 2348 arte
3301 2310 3398 2350 sua
3433 2313 3558 2365 pos-

1979 2364 2064 2413 set
2117 2359 2262 2415 illam
2310 2375 2693 2435 commovere,
2743 2372 2966 2429 multam
3015 2377 3065 2432 ei
3125 2384 3242 2436 auri
3302 2359 3562 2443 tribueret

1976 2450 2348 2518 quantitatem.
2401 2454 2471 2509 At
2513 2467 2644 2512 vero
2691 2463 2961 2520 veneﬁcus
3006 2467 3143 2523 dixit
3188 2473 3255 2525 ad
3301 2489 3472 2530 eum:
3515 2479 3562 2534 Ο

1975 2539 2172 2631 homo,
2205 2556 2306 2613 ego
2341 2544 2410 2599 ad
2451 2545 2553 2603 hoc
2595 2549 2766 2620 itnpos
2804 2555 3014 2623 existo;
3059 2560 3155 2615 sed
3186 2561 3233 2617 si
3262 2564 3376 2631 vis,
3408 2567 3561 2623 mitto

1974 2634 2028 2683 te
2055 2627 2122 2683 ad
2152 2631 2484 2699 provisoretn
2516 2651 2694 2694 meum
2721 2640 3024 2712 diabolum,
3053 2656 3109 2703 et
3148 2650 3240 2707 ille
3279 2627 3436 2710 faciet
3462 2672 3556 2713 vo-

1972 2716 2229 2798 luntatem
2275 2730 2456 2792 tuam,
2501 2725 2546 2781 si
2589 2737 2646 2784 tu
2686 2731 2946 2790 duntaxat
2989 2736 3184 2795 feceris
3227 2744 3558 2805 voluntatem

1968 2806 2107 2905 ejus.
2137 2810 2412 2905 Quidixit
2447 2816 2516 2872 ad
2559 2833 2720 2876 eum:
2765 2823 3108 2900 Qtnecunque
3145 2831 3343 2890 dixerit
3387 2839 3552 2905 mihi,

1969 2899 2181 2957 faciam.
2229 2904 2321 2988 Ait
2364 2897 2494 2964 ille:
2541 2909 2931 2987 Abrenuntias,
2985 2897 3195 2991 inquit,
3237 2925 3454 2985 Christo
3498 2897 3553 2988 in

1966 2993 2226 3090 scriptis?
2267 2995 2408 3090 Dicit
2449 3001 2498 3056 ei
2527 3016 2543 3055 :
2577 3001 2772 3060 Etiam.
2818 3007 2984 3064 Porro
3024 3011 3321 3084 iniquitatis
3361 3035 3554 3090 opera-

277 3089 329 3136 et
359 3097 557 3139 vocem
589 3084 768 3152 populi
795 3085 1143 3156 gloriﬁcantia
1174 3088 1455 3144 Dominum
1474 3131 1489 3155 ,
1521 3099 1578 3146 et
1607 3092 1859 3150 Basiliam

1973 3082 2238 3176 riusdicit
2264 3086 2313 3142 ei
2341 3104 2355 3141 :
2386 3089 2443 3146 Si
2472 3091 2539 3147 ad
2569 3091 2672 3149 hoc
2701 3106 2918 3165 paratus
2957 3115 3055 3170 es,
3098 3082 3417 3176 cooperator
3454 3114 3549 3168 tibi

273 3173 424 3228 ,ιωτί
456 3184 754 3242 astantem;
778 3187 831 3232 ει
854 3179 1181 3235 consternati
1209 3189 1371 3250 super
1397 3182 1621 3248 νίείοηθ,
1649 3185 1858 3242 mide.
1883 3163 1932 3226 Ο
1965 3172 2192 3230 efﬁciar.
2227 3175 2320 3234 Ille
2349 3188 2527 3237 autem
2555 3183 2622 3239 ad
2653 3163 2826 3255 ipsum
2853 3204 2868 3242 :
2899 3163 3124 3249 Paratus
3149 3163 3269 3252 sum
3291 3240 3308 3266 ,
3341 3211 3546 3260 tantum

273 3272 390 3317 runt
422 3265 477 3318 in
505 3265 726 3330 faciem,
754 3280 875 3322 cum
901 3269 1150 3340 lacrymis
1174 3271 1528 3340 glorificantes
1554 3275 1858 3332 Dominttm.

270 3354 396 3410 Cum
444 3371 627 3413 autem
669 3370 871 3416 exisset
910 3361 1168 3429 Basilius,
1216 3365 1526 3422 ceciderunt
1565 3367 1633 3423 ad
1674 3369 1856 3438 pedes.

269 3446 364 3511 Qui
414 3447 774 3518 interrogavit
817 3465 1034 3508 causam
1083 3453 1414 3512 adorationis
1462 3465 1518 3512 et
1564 3457 1858 3517 adventum

267 3551 480 3594 eorum.
521 3540 602 3595 Illi
632 3552 764 3598 vero
791 3543 1042 3600 dixerunt
1069 3545 1514 3615 gloriosissimum
1544 3553 1857 3610 miraculum

266 3630 407 3697 quod
470 3631 728 3688 viderunt
783 3633 838 3689 in
871 3636 1086 3706 templo.
1145 3637 1299 3692 Tunc
1353 3638 1582 3695 Basilius
1636 3652 1858 3700 extenso

265 3723 474 3790 gratias
512 3725 672 3796 156
695 3741 857 3796 agens
888 3726 1136 3795 Domino,
1156 3731 1426 3786 enarravit
1449 3732 1854 3803 gloriosissima.

266 3814 330 3870 Et
357 3819 630 3874 advocato
659 3821 910 3892 auriﬁce,
953 3822 1081 3879 fecit
1117 3823 1420 3881 columbam
1446 3826 1515 3882 de
1538 3842 1672 3884 auro
1699 3844 1856 3884 mun-

262 3907 515 3974 dissimo,
536 3920 591 3964 et
620 3911 673 3964 in
696 3926 759 3967 ea
781 3915 958 3980 posuit
978 3915 1296 3982 portionem,
1329 3917 1667 3986 suspendens
1693 3934 1856 3990 super

262 4009 509 4054 sanctam
543 4015 784 4057 mensam
803 4043 820 4069 ,
854 4004 1023 4059 instar
1048 4013 1250 4062 sancta:
1278 4005 1422 4063 illius
1445 4008 1708 4065 columba:
1731 4025 1854 4080 quas

261 4093 518 4162 apparuit
559 4094 612 4148 in
652 4093 888 4151 Iordane
927 4096 1155 4153 Domino
1193 4098 1480 4169 baptizato.
1523 4100 1635 4157 Hoc
1670 4109 1849 4158 autem

261 4181 400 4238 facit)
421 4225 438 4247 ,
475 4186 788 4254 repromisit
820 4200 1127 4243 sermonem
1166 4189 1556 4246 exhortationis
1585 4204 1646 4246 se
1673 4191 1851 4248 dicere

256 4276 321 4326 ad
366 4274 671 4341 pepulum;
715 4283 772 4330 et
810 4274 1074 4332 collocata
1113 4286 1197 4333 est
1236 4277 1440 4333 inﬁnita
1480 4279 1766 4336 multitudo
1795 4283 1848 4335 in

255 4364 521 4432 ecclesia,
576 4365 717 4420 inter
761 4381 897 4435 quos
925 4376 1041 4422 erat
1088 4368 1172 4423 vir
1217 4383 1478 4439 magnus,
1531 4369 1626 4426 Dei
1673 4373 1849 4428 cultor

255 4451 512 4522 Ephrem
564 4454 678 4526 (55)
709 4498 726 4524 ,
778 4457 846 4512 de
891 4472 998 4526 quo
1044 4460 1385 4528 postmodum
1437 4463 1843 4529 enarrabimus,

1966 3275 2025 3322 nt
2053 3281 2350 3361 consequar
2373 3272 2721 3334 desiderium.
2751 3270 2819 3335 Et
2843 3281 2981 3339 facta
3007 3287 3234 3357 epistola
3253 3331 3269 3356 ,
3299 3295 3548 3361 pessima:

1963 3360 2293 3450 operationis
2335 3364 2579 3422 minister
2618 3368 2689 3423 ad
2740 3370 3013 3429 diabolunt
3059 3360 3350 3436 destinavit
3390 3397 3544 3450 eam.

1966 3449 2250 3510 habentem
2292 3456 2550 3515 dictatum
2591 3459 2894 3530 huiusmodi
2925 3481 2940 3520 :
2973 3483 2996 3520 r
3027 3467 3286 3535 Quoniam
3326 3449 3546 3529 domino

1962 3553 2016 3599 et
2060 3546 2326 3615 provisori
2375 3564 2496 3606 meo
2541 3562 2753 3620 oportet
2793 3570 2880 3612 me
2918 3556 3046 3615 dare
3078 3574 3330 3630 operam,
3369 3581 3474 3634 quo
3513 3583 3542 3619 a
3621 3557 3628 3562 ’

1962 3635 2390 3693 Christianorum
2421 3640 2676 3712 religione
2704 3643 3015 3714 discedant,
3059 3658 3115 3704 et
3152 3651 3219 3706 ad
3261 3661 3405 3710 tuam
3446 3672 3540 3712 so-

1958 3727 2212 3784 cietatem
2239 3730 2529 3798 accedant,
2565 3741 2622 3787 ut
2660 3735 2992 3804 compleatur
3033 3741 3206 3809 portio
3252 3753 3376 3813 tua,
3419 3748 3540 3806 miti

1959 3820 2054 3876 tibi
2100 3831 2454 3890 praesentem,
2500 3837 2648 3879 meas
2677 3824 3008 3883 deferentem
3046 3830 3342 3901 litterulas,
3384 3841 3532 3908 cupi-

1957 3910 2085 3966 dine
2134 3912 2324 3982 puella:
2368 3915 2686 3969 sauciatum.
2737 3915 2803 3971 Et
2849 3919 3076 3976 obsecro
3123 3931 3182 3977 ut
3229 3923 3384 3994 hujus
3431 3931 3539 3984 voti

1955 4015 2176 4072 compos
2202 4004 2429 4069 existat,-
2454 4015 2508 4059 ut
2535 4015 2590 4061 et
2619 4007 2671 4061 in
2704 4006 2804 4063 hoc
2830 4009 3050 4079 glorier,
3077 4023 3130 4068 et
3159 4029 3281 4070 cum
3315 4017 3537 4074 afﬂuen-

1956 4096 2082 4150 tiori
2119 4095 2396 4152 alacritate
2426 4097 2671 4168 colligam
2701 4111 2973 4158 amatores
3003 4112 3140 4160 tuos.
3175 4125 3196 4160 ι
3231 4109 3293 4162 Ει
3324 4111 3445 4164 data
3487 4112 3536 4166 ei

1954 4186 2177 4254 epistola
2197 4229 2212 4253 ,
2246 4186 2379 4241 dixit
2407 4203 2421 4241 :
2454 4188 2601 4243 Vade
2633 4190 2721 4243 tali
2755 4191 2884 4246 hora
2914 4196 3086 4250 noctis
3106 4235 3121 4262 ,
3152 4207 3208 4252 et
3247 4208 3330 4255 sta
3371 4219 3532 4274 supra

1953 4287 2361 4334 monumentum
2403 4279 2628 4348 alicujus
2659 4283 2883 4351 pagani,
2917 4295 2973 4338 et
3011 4287 3158 4357 erige
3193 4289 3434 4347 chartam
3481 4296 3534 4349 in

1951 4384 2076 4426 aera
2103 4411 2118 4436 ,
2149 4379 2204 4426 et
2242 4373 2493 4427 astabant
2521 4373 2614 4428 tibi
2641 4373 2731 4444 qui
2765 4383 2816 4430 te
2842 4375 3042 4432 debent
3071 4379 3271 4437 ducere
3308 4385 3374 4437 ad
3419 4386 3535 4439 dia-

1952 4459 2155 4516 bolum.
2185 4461 2286 4528 Qui
2329 4461 2431 4517 hoc
2470 4463 2717 4518 alacriter
2754 4476 2938 4535 gesto,
2971 4468 3143 4524 emisit
3177 4473 3531 4528 miserrimam

252 4545 489 4614 qualiter
514 4560 585 4601 ex
617 4547 1157 4616 apparitione'divina
1187 4550 1459 4620 inspector
1485 4551 1655 4608 factus
1684 4553 1843 4610 fuerit
1871 4536 1926 4600 Ῐ)
1949 4552 2094 4607 illam
2126 4567 2310 4608 vocem
2331 4595 2347 4621 ,
2393 4554 2646 4607 invocans
2677 4550 2872 4612 diaboli
2903 4558 3226 4626 adjutorium
3252 4578 3266 4626 ;
3319 4574 3373 4617 et
3402 4578 3532 4618 cons

251 4636 590 4691 memorandi
619 4626 822 4692 Basilii.

1952 4643 2099 4697 tinuo
2128 4645 2414 4698 astiterunt
2441 4643 2490 4700 ei
2520 4645 2790 4716 principes
2829 4650 3110 4717 potestatis
3151 4652 3488 4707 tenebrarum
3510 4691 3527 4718 ,

317 4727 453 4782 Car.
509 4727 624 4784 VII.
663 4757 734 4770 -
774 4729 956 4799 Itaque
1009 4744 1128 4786 cum
1185 4731 1426 4786 divinum
1479 4733 1840 4788 celebraretur
1947 4735 2167 4803 spiritus
2193 4733 2444 4804 nequitias
2473 4732 2705 4807 (Ephes.
2737 4737 2848 4804 vt),
2878 4748 2932 4793 et
2961 4750 3210 4808 suscepto
3237 4744 3325 4810 qui
3356 4740 3531 4798 fuerat

248 4816 526 4886 officium,
561 4820 818 4876 Hebrazus
860 4821 976 4894 ('56)
1014 4824 1260 4894 quidam,
1290 4833 1348 4881 ut
1379 4825 1748 4892 Christianus,
1780 4839 1840 4880 se

248 4912 452 4978 populo
497 4911 740 4978 miscuit,
770 4911 1014 4969 ordinem
1054 4915 1218 4971 ofﬁcii
1261 4927 1316 4972 et
1354 4917 1551 4972 donum
1593 4931 1838 4971 commu-

246 5004 429 5059 nionis
468 5005 752 5073 explorare
790 5007 1004 5073 volens,
1044 5016 1101 5063 et
1137 5010 1282 5064 videt
1311 5009 1628 5066 infantulum
1661 5024 1833 5065 mem-

243 5093 444 5147 bratim
487 5095 650 5149 incidi
692 5095 745 5150 in
787 5097 1036 5153 manibus
1072 5098 1297 5164 Basilii;
1340 5108 1397 5155 et
1438 5103 1832 5161 communicano

1947 4826 2206 4896 deceptus
2234 4867 2251 4893 ,
2299 4842 2421 4883 cum
2463 4829 2660 4899 gaudio
2710 4840 2901 4899 magno
2948 4831 3222 4886 duxerunt
3267 4849 3389 4887 eum
3437 4833 3526 4890 ubi

1946 4927 2062 4974 erat
2081 4918 2352 4987 diabolus,
2376 4934 2535 4989 quem
2563 4932 2619 4976 et
2641 4930 3071 4978 monstraverunt
3091 4923 3140 4978 ei
3167 4939 3328 4992 super
3348 4928 3532 4982 excel-

1947 5025 2068 5066 sum
2099 5011 2290 5067 solium
2320 5012 2597 5068 sedentem
2620 5053 2637 5078 ,
2667 5024 2720 5067 et
2750 5015 2801 5068 in
2831 5028 2965 5084 gyro
2990 5011 3106 5083 ejus
3137 5019 3389 5086 nequitia:
3418 5022 3530 5089 spi-

1943 5105 2081 5158 ritus
2125 5104 2574 5167 circumstantes;
2618 5112 2672 5157 et
2709 5106 2973 5171 susceptis
3018 5107 3241 5163 veneﬁci
3291 5110 3525 5173 litteris.

242 5186 390 5240 tibus
419 5186 671 5241 omnibus
695 5189 842 5243 venit
864 5199 920 5244 et
945 5189 1088 5259 ipse,
1113 5198 1166 5245 et
1191 5189 1313 5245 data
1343 5199 1428 5246 est
1455 5191 1506 5246 ei
1535 5191 1588 5245 in
1616 5194 1839 5255 veritate
1942 5195 2077 5250 dixit
2104 5194 2171 5249 ad
2207 5194 2482 5250 infelicem
2527 5193 2676 5248 illum
2704 5209 2718 5247 :
2756 5193 2950 5248 Credis
2976 5196 3026 5250 in
3058 5198 3188 5254 me?
3215 5199 3316 5267 Qui
3347 5201 3480 5256 dixit
3511 5219 3525 5254 :

237 5291 374 5333 caro
399 5293 418 5343 ;
459 5278 659 5334 deinde
687 5280 838 5335 adest
867 5289 923 5335 et
951 5280 1102 5336 calici
1123 5321 1140 5346 ,
1170 5283 1260 5350 qui
1290 5291 1403 5337 erat
1431 5284 1692 5353 sanguine
1721 5287 1838 5355 ple-

239 5383 384 5432 nus,
414 5378 470 5425 et
497 5370 670 5440 ipsius
699 5372 965 5443 particeps
993 5383 1079 5429 est
1107 5372 1348 5429 eﬂectus.
1381 5378 1560 5446 Atque
1587 5391 1653 5431 ex
1682 5386 1838 5435 utro-

236 5477 350 5532 que
380 5473 729 5519 conservatas
757 5465 1031 5536 reliquias,
1061 5480 1289 5536 pergens
1317 5467 1370 5521 in
1400 5466 1620 5524 domum
1648 5483 1798 5524 suam
1819 5509 1835 5536 ,

1941 5285 2141 5340 Credo.
2173 5285 2317 5340 Dixit
2347 5285 2396 5340 ei
2425 5284 2676 5340 diabolus
2706 5300 2720 5339 :
2761 5284 3223 5355 Tergiversatores
3263 5292 3394 5346 estis
3434 5305 3530 5346 vos

1941 5375 2270 5441 Christiani,
2300 5385 2355 5430 et
2382 5373 2597 5444 quidem
2627 5376 2843 5443 quando
2877 5391 2965 5432 me
2991 5393 3130 5449 opus
3158 5380 3365 5436 habetis
3388 5421 3404 5445 ,
3435 5398 3527 5437 ve-

1942 5467 2067 5524 nitis
2095 5467 2161 5523 ad
2193 5481 2317 5532 me;
2343 5481 2466 5522 cum
2491 5475 2666 5521 autem
2698 5469 2970 5525 consecuti
3000 5468 3206 5527 fueritis
3233 5472 3483 5528 effectum
3503 5513 3520 5537 ,

237 5556 486 5610 ostendit
511 5556 676 5611 uxori
702 5571 815 5612 sua:
832 5597 847 5624 ,
877 5558 942 5612 ad
985 5557 1452 5614 conﬁrmationem
1494 5575 1681 5615 eorum
1719 5575 1840 5631 quas
1940 5560 2218 5633 abnegatis
2241 5573 2330 5615 tne
2355 5566 2412 5614 et
2433 5557 2685 5613 acceditis
2707 5559 2772 5613 ad
2799 5560 3072 5616 Christum
3099 5573 3336 5618 vestrum
3356 5603 3371 5628 ,
3401 5564 3524 5629 qui,

235 5645 864 5712 dicebantur,enarrans
885 5664 1004 5719 qua
1021 5649 1254 5719 propriis
1275 5649 1482 5705 viderat
1503 5649 1842 5716 oculis._Cre-
1940 5667 2064 5709 cum
2105 5651 2176 5705 sit
2215 5651 2386 5706 bonus
2421 5657 2582 5718 atque
2623 5649 2960 5715 misericors.
3003 5651 3226 5721 suscipit
3257 5666 3373 5706 vos.
3417 5649 3523 5705 Sed

236 5737 383 5795 dens
416 5754 543 5810 ergo
571 5741 714 5811 quod
743 5756 924 5800 revera
964 5742 1290 5800 horrendum
1331 5742 1405 5800 sit
1443 5753 1498 5800 et
1539 5743 1836 5814 gloriosum
1944 5741 2027 5797 iac
2061 5737 2191 5797 tnihi
2225 5737 2278 5794 in
2309 5738 2525 5810 scriptis
2559 5747 2666 5796 tam
2694 5738 2899 5798 Christi
2940 5741 3013 5795 tui
3056 5748 3112 5795 et
3151 5741 3318 5795 sancti
3362 5739 3512 5808 bapti
