4016 6230
440 346 543 401 5(δό

1475 341 1558 395 DE
1594 337 1768 392 VITIS
1809 330 2086 388 PATR'JM
2126 326 2327 384 LIBER
2369 324 2631 381 PRIMUS.

3594 315 3695 372 5οι

439 458 625 511 sinatis
656 455 1005 511 voluntariam
1038 453 1551 510 abrenuntiatinnem
1574 492 1589 517 ,
1634 464 1791 517 quam
1834 447 1884 499 in
1910 458 2013 497 -mc
2041 443 2086 500 A
2116 437 2369 495 suasoriis
2390 438 2507 500 ejus
2539 433 2713 488 verbis
2742 432 3053 494 devenieus,
3083 428 3225 483 dixit
3255 427 3320 482 ad
3343 441 3465 483 eum
3495 443 3510 481 :
3536 427 3591 482 Si
3617 429 3693 482 vis

444 564 544 617 per
581 551 776 604 smcula
831 560 1178 617 spontaneam
1230 547 1739 614 repromissionem,
1790 553 1843 594 ct
1888 540 2011 607 quia

442 654 649 693 mecum
697 640 803 692 eris
850 640 903 690 in
943 638 1031 692 die
1066 638 1249 706 iudicii
1280 636 1435 690 simul
1479 635 1828 705 perfruitnrus
1858 640 2013 685 aeter—

445 731 526 782 nis
548 728 875 799 "suppliciis,
923 744 1043 798 qua:
1085 728 1212 781 mihi
1266 736 1390 781 sunt
1437 735 1747 795 prmparata.
1808 725 1874 777 At
1926 723 2015 776 illc

364 858 369 863 -
442 824 695 891 exposuit
740 821 965 888 prepriae
1011 834 1200 873 manus
1240 821 1530 887 scriptum,
1564 815 2013 885 quemadmodum

444 917 613 968 fuerat
654 913 939 981 expetitus.
993 911 1298 980 Rursusque
1348 910 1436 964 ille
1482 916 1764 975 corruptor
1810 907 2017 959 anima-

454 1021 568 1060 rum
595 1005 757 1059 draco
782 1004 1014 1060 destinat
1042 1002 1315 1057 daemOnes
1355 1002 1689 1056 fornicationi
1762 997 2018 1067 prmposi-

446 1108 526 1152 tos
558 1096 701 1167 (40),
733 1105 787 1149 et
815 1095 1164 1150 exardescere
1194 1093 1388 1147 faciunt
1417 1093 1646 1161 puellam
1678 1090 1745 1143 ad
1775 1103 2014 1144 amorem

444 1186 589 1254 pueri
616 1226 633 1253 ,
682 1200 801 1254 qua:
841 1185 1065 1253 proiecit
1111 1199 1169 1238 se
1211 1185 1263 1236 in
1314 1182 1709 1250 pavimentum,
1754 1190 1809 1236 et
1853 1181 2019 1249 coepit

444 1280 676 1333 clamare
700 1278 765 1331 ad
803 1285 1004 1346 patrem
1033 1295 1047 1331 :
1077 1276 1329 1331 Miserere
1369 1275 1507 1337 mei,
1552 1275 1815 1327 miserere
1839 1312 1852 1336 ,
1895 1273 2016 1339 quia

446 1370 982 1439 atrociterrtorqneor
1026 1377 1246 1438 propter
1287 1367 1443 1421 talem
1485 1379 1707 1433 puerum
1752 1372 2015 1417 nostrum.

446 1464 767 1530 Compatcre
824 1462 1121 1515 visceribus
1181 1460 1325 1524 tuis,
1377 1456 1600 1511 ostende
1653 1456 1705 1509 in
1759 1469 1846 1508 me
1897 1457 2016 1507 uui-

446 1552 678 1620 genitam
730 1557 875 1605 tua’m
925 1561 1203 1619 paternum
1256 1548 1503 1603 affectum
1535 1587 1550 1611 ,
1609 1558 1661 1601 et
1715 1547 1878 1615 iunge
1936 1558 2021 1599 me

448 1657 650 1711 puero,
683 1657 841 1712 quem
882 1642 1040 1711 elegi.
1071 1640 1222 1708 Quod
1275 1640 1319 1694 si
1371 1639 1485 1693 lucc
1532 1654 1690 1707 agere
1740 1638 2015 1701 nolueris,

444 1734 650 1788 videbis
698 1730 789 1789 m‘e'
818 1728 999 1803 amara
1030 1743 1203 1787 morte
1248 1740 1366 1800 post
1413 1732 1684 1801 paululum
1719 1738 2014 1795 mortuam,

2118 533 2245 586 mihi
2276 529 2605 595 satisfacere,
2634 536 2687 580 et
2713 525 2977 579 infelicem
3009 522 3245 575 animam
3276 534 3448 575 meam
3498 521 3688 574 certiti-

2117 638 2262 688 care,
2293 637 2412 677 cras
2444 635 2540 688 ego
2567 628 2620 673 et
2647 627 2698 671 tu
2729 630 3007 684 pergemus
3046 612 3369 668 unanimiter
3412 611 3478 665 ad
3527 613 3695 665 cccle-

2116 716 2273 781 siam,
2303 721 2358 768 et
2397 726 2577 766 coram
2628 724 2714 763 me
2771 721 2930 762 sume
2980 709 3297 761 intemerata
3347 704 3617 773 mysteria,
3647 712 3696 757 et

2118 806 2294 859 taliter
2322 803 2449 857 mihi
2480 802 2679 868 poteris
2727 800 3056 854 satisfacere.
3108 797 3260 851 Tunc
3309 805 3529 849 coactus
3572 793 3700 848 dixit

2117 900 2165 955 ei
2194 896 2509 954 sententiam
2536 894 2775 963 capituli.
2802 892 3052 947 Protinus
3090 902 3218 957 ergo
3268 888 3440 956 puclla
3469 883 3700 940 feminea

2119 991 2427 1046 infirmitate
2457 986 2717 1056 deposita,
2742 994 2795 1040 et
2813 982 3039 1038 consilio
3067 981 3208 1035 bono
3237 987 3461 1047 accepto
3483 1020 3499 1044 ,
3530 979 3704 1032 currit

2119 1082 2185 1136 ad
2217 1089 2484 1151 pastorem
2508 1087 2563 1133 et
2582 1075 2900 1145 discipulum
2921 1072 3117 1128 Christi
3146 1071 3418 1137 Basiliam,
3443 1070 3702 1123 adversus

2122 1181 2322 1226 tantam
2377 1171 2615 1225 damnas
2663 1168 2986 1236 impietatem
3039 1182 3052 1216 :
3108 1164 3523 1218 Misericordiam
3575 1162 3704 1213 mihi

2122 1263 2329 1318 miserae
2360 1269 2575 1329 praesta,
2605 1267 2789 1314 sancte
2833 1258 2949 1323 Dei,
2981 1257 3239 1310 miserere
3285 1256 3411 1317 mei,
3444 1253 3707 1321 discipule

2123 1354 2355 1419 Domini,
2381 1369 2499 1422 qua:
2528 1357 2861 1407 contractum
2892 1362 3013 1402 cum
3036 1348 3371 1401 dtcmonibus
3401 1348 3522 1401 feci.
3549 1346 3707 1399 Mise-

2122 1462 2242 1503 rere
2275 1446 2397 1513 mei,
2429 1461 2545 1514 qua:
2576 1443 2793 1513 proprio
2824 1442 2955 1510 patri
3011 1442 3144 1493 facta
3196 1455 3312 1494 Sum
3366 1439 3709 1491 iuoliedio'ns.

2126 1539 2190 1591 Et
2216 1537 2426 1604 cognita
2454 1534 2530 1588 illi
2562 1533 2688 1589 fecit
2719 1533 2795 1588 rei
2827 1542 2991 1600 gesta:
3026 1531 3261 1599 negotia.
3296 1530 3465 1583 Porro
3492 1541 3713 1582 sanctus

2124 1626 2238 1691 Dei,
2267 1635 2563 1680 convocato
2598 1637 2783 1691 puero,
2808 1621 3179 1676 sciscitabatur
3200 1621 3266 1671 ah
3292 1634 3357 1672 en
3382 1617 3425 1671 si
3452 1618 3566 1671 lucc
3618 1620 3714 1670 lm-

2120 1716 2360 1786 iusmodi
2403 1723 2608 1771 essent.
2656 1713 2759 1780 Qui
2788 1713 3123 1767 ad‘sauctum
3152 1726 3272 1765 cum
3305 1710 3558 1776 lacrymis
3589 1710 3665 1761 ait
3698 1726 3711 1761 :

447 1836 500 1880 ει
559 1827 819 1880 “nionem
1104 1826 1211 1879 Dee
1272 1841 1367 1890 ριιυ
1426 1839 1510 1877 me
1567 1825 1618 1877 in
1811 1823 2017 1891 jud'uoii.
2054 1804 2098 1862 Β
2348 1817 2532 1863 sancte
2563 1807 2676 1860 Dei.
2702 1806 2833 1860 Nam
2859 1808 2962 1859 etsi
2992 1819 3094 1872 ego
3125 1812 3360 1866 tricuero,
3393 1816 3558 1870 opera
3594 1815 3719 1855 mea

448 1917 603 1989 I57
636 1918 794 1972 Pater
819 1910 994 1971 autem
1025 1932 1146 1971 cum
1178 1915 1427 1985 lacrymis
1453 1914 1660 1969 dicebat
1690 1931 1704 1967 :
1740 1914 1853 1969 iieu
1895 1913 2026 1967 mihi

446 2008 742 2078 peccatoril
775 2008 898 2077 quid
926 2015 1009 2065 est
1039 2005 1177 2075 quod
1209 2006 1430 2074 contigit
1460 2007 1671 2059 miserm
1702 2004 1825 2058 tilize
1853 2005 2027 2058 meas?

445 2099 565 2167 quis
596 2098 903 2152 thesaurum
935 2111 1112 2151 meum
1152 2096 1355 2151 furatus
1389 2097 1512 2150 est?
1558 2096 1677 2165 quis
1726 2097 1848 2150 filia:
1894 2110 2028 2150 mete

448 2187 693 2255 iniuriam
718 2187 927 2241 intulit?
956 2185 1075 2256 quis
1094 2185 1248 2241 dulce
1271 2186 1545 2239 oculorum
1577 2182 1818 2239 meorum
1847 2184 2025 2239 lumen

446 2276 734 2331 exstinxit?
762 2291 862 2345 ego
891 2286 944 2333 te
970 2290 1185 2344 semper
1211 2275 1581 2343 supercmlesti
1612 2290 1809 2343 sponso
1836 2277 2019 2330 consi-

449 2371 606 2425 liatus
632 2385 749 2425 sum
780 2371 1108 2439 desponsare
1136 2368 1373 2433 Christo,
1401 2377 1453 2423 et
1484 2368 1808 2436 Angelorum
1841 2378 2030 2422 contu-

450 2460 637 2514 bernio
665 2461 862 2515 sociam
892 2460 1243 2525 constituere,
1272 2470 1325 2512 et
1353 2458 1407 2511 in
1455 2457 1675 2525 psalmis
1720 2467 1773 2511 et
1816 2458 2031 2527 hymnis

461 2561 515 2605 et
540 2551 769 2606 canticis
797 2551 1159 2622 spiritualibus
1206 2566 1396 2626 canere
1427 2552 1532 2605 Deo
1560 2551 1942 2613 accelerabam,
1974 2560 2026 2605 tu

452 2650 631 2696 autem
661 2641 716 2695 in
747 2641 1015 2696 lasciviam
1044 2641 1350 2711 petulantiae
1372 2641 1633 2696 insanisti.
1666 2641 1881 2696 Dimitte
1920 2657 2026 2705 me,

452 2735 589 2790 sicut
612 2735 736 2788 volo
756 2774 771 2799 ,
800 2748 919 2788 cum
952 2734 1062 2789 Deo
1086 2742 1413 2789 contractum
1462 2732 1653 2797 facere,
1688 2748 1755 2789 ne
1800 2732 2031 2788 deducas

454 2831 784 2878 senectutem
815 2838 987 2878 meam
1011 2838 1131 2879 cum
1163 2839 1392 2888 maerore
1420 2824 1474 2879 in
1522 2824 1787 2879 infernum
1812 2865 1828 2889 ,
1859 2838 2032 2893 neque

456 2914 770 2970 confusione
824 2916 1151 2971 nobilitatem
1203 2924 1481 2984 parentum
1537 2925 1743 2971 tuarum
1796 2917 2029 2985 operias.

457 3006 587 3073 Quae
608 3007 659 3061 in
690 3007 913 3062 nihilum
941 3017 1192 3076 reputans
1214 3022 1330 3075 quae
1350 3023 1379 3061 a
1404 3015 1553 3076 patre
1575 3008 1671 3061 sibi
1695 3004 2027 3073 dicebautur,

456 3096 834 3164 perseverabat
859 3096 1100 3153 clamans
1130 3113 1143 3149 :
1175 3096 1330 3150 Pater
1352 3098 1444 3163 mi,
1477 3106 1566 3151 aut
1596 3095 1680 3151 fac
1707 3096 2029 3151 desiderium

2129 1903 2450 1957 clamabunt.
2484 1899 2552 1954 Et
2578 1899 2849 1953 enarravit
2875 1898 2924 1951 ei
2954 1908 3006 1950 et
3034 1896 3150 1963 ipse
3188 1894 3473 1964 malignam
3505 1893 3709 1949 diaboli

2129 1993 2525 2063 operationem,
2557 1991 2786 2059 qualiter
2835 1988 2902 2043 ab
2950 1987 3173 2042 exordio
3226 2001 3392 2055 usque
3437 1985 3502 2039 ad
3553 1987 3717 2039 finem

2132 2085 2289 2139 fuerit
2315 2085 2657 2139 subsecutus.
2685 2082 2837 2136 Tunc
2885 2081 3016 2136 dicit
3056 2083 3102 2135 ei
3151 2098 3164 2132 :
3219 2080 3308 2135 \‘is
3362 2080 3602 2133 converti
3653 2079 3723 2132 ad

2133 2178 2416 2231 Dominum
2464 2176 2629 2230 Deum
2674 2174 3085 2238 nostrum?Qui
3117 2173 3256 2226 dixit
3289 2189 3302 2223 :
3349 2172 3519 2226 Etiam
3574 2173 3724 2235 volo,

2133 2269 2226 2323 sed
2275 2282 2381 2322 non
2429 2280 2671 2335 possum.
2724 2265 2863 2317 Dicit
2908 2265 2955 2319 ei
3012 2281 3025 2318 :
3070 2262 3212 2317 Cur?
3259 2260 3547 2330 Respondit
3594 2276 3609 2312 :
3666 2259 3724 2312 In

2134 2361 2349 2430 scriptis
2376 2358 2747 2412 abrenuntiavi
2772 2356 3006 2420 Christo,
3054 2365 3107 2409 et
3157 2354 3330 2411 fcedus
3376 2354 3548 2422 pepigi
3599 2366 3723 2405 cum

2133 2449 2370 2504 diabolo.
2408 2448 2543 2503 Dicit
2570 2447 2621 2502 ei
2649 2457 2866 2502 sanctus
2888 2463 2903 2500 :
2925 2446 3035 2500 Non
3060 2445 3151 2499 tibi
3171 2445 3239 2499 sit
3259 2459 3405 2498 cura:
3427 2460 3442 2498 :
3462 2444 3731 2512 benignus

2131 2550 2217 2594 est
2246 2541 2384 2595 Deus
2406 2551 2606 2605 neSter,
2630 2550 2685 2594 et
2708 2539 2963 2609 suscipiet
2984 2552 3035 2592 te
3060 2535 3424 2603 imoitemiam
3449 2543 3730 2604 agentem.

2134 2633 2397 2701 Benignus
2426 2631 2567 2686 enim
2598 2639 2681 2686 est
2708 2645 2869 2698 super
2914 2629 3131 2684 malitiis
3171 2626 3388 2682 nostris.
3439 2625 3507 2679 Et
3547 2626 3730 2695 proii-

2144 2726 2294 2780 ciens
2326 2739 2386 2780 se
2437 2724 2610 2791 puella
2649 2723 2715 2777 ad
2762 2724 2923 2792 pedes
2965 2723 3102 2790 ejus,
3146 2720 3455 2791 evangelice
3506 2718 3733 2787 rogabat

2132 2830 2277 2876 eum.
2312 2814 2499 2869 dicens
2536 2833 2549 2869 :
2586 2814 2853 2882 Discipule
2881 2810 3081 2867 Christi
3131 2812 3225 2865 Dei
3278 2811 3467 2875 nostri,
3502 2812 3545 2864 si
3595 2810 3737 2878 quid

2132 2915 2311 2976 potes,
2340 2904 2531 2974 adiuva
2558 2920 2676 2959 uos.
2713 2904 2849 2958 Dicit
2877 2914 3099 2958 sanctus
3128 2904 3196 2957 ad
3241 2917 3462 2970 puerum
3494 2918 3507 2956 :
3535 2900 3739 2955 Credis

2132 3012 2292 3069 posse
2312 2998 2544 3052 salvari?
2568 3000 2634 3053 At
2664 2998 2753 3052 ille
2782 2991 2915 3051 dixit
2947 3012 2961 3049 :
2995 2996 3189 3061 Credo,
3220 2994 3445 3048 Domine
3478 3011 3492 3061 ;
3528 2994 3738 3062 adiuva

2135 3090 2562 3147 incredulitatem
2595 3106 2767 3146 meam
2797 3089 2992 3159 (Marci
3021 3090 3125 3156 ix).
3177 3089 3245 3143 Et
3293 3089 3575 3142 confestim
3628 3101 3739 3155 ap-

460 3203 660 3255 uteum,
694 3198 784 3243 aut
828 3190 976 3258 prius
1020 3189 1312 3258 pauxillum
1360 3200 1622 3243 mortuam
1669 3204 1756 3244 me
1802 3188 2030 3244 videbis.
2063 3157 2109 3221 Ο
2140 3184 2402 3252 prehensa
2431 3198 2590 3237 manu
2612 3182 2749 3251 eius,
2776 3176 2829 3236 et
2856 3181 2997 3235 facto
3022 3193 3183 3248 super
3203 3194 3325 3232 eum
3348 3176 3546 3231 Christi
3573 3177 3741 3247 signo

459 3278 619 3333 Pater
640 3280 817 3349 itaque
840 3280 955 3350 eius
976 3280 1027 3333 in
1055 3295 1244 3349 magna
1268 3281 1664 3337 dementatione
1686 3281 2027 3350 constitutus,

461 3378 569 3422 tam
588 3369 945 3425 immensitate
956 3372 1220 3426 maestitia
1239 3372 1538 3439 absorptus,
1565 3386 1721 3440 quam
1739 3373 2033 3427 amicorum

461 3458 697 3513 consiliis
712 3460 1053 3528 acquiescens
1067 3476 1124 3514 sc
1143 3460 1540 3515 adnionentium
1554 3477 1617 3516 ac
1634 3462 1917 3517 dicentium
1935 3478 2032 3518 ex-

460 3550 644 3619 pedire
663 3552 835 3619 ponus
852 3551 1177 3607 voluntatem
1198 3552 1386 3622 puella:
1404 3554 1542 3619 fieri,
1557 3569 1713 3621 quam
1732 3569 1855 3610 sese
1873 3556 2037 3609 mani-

459 3642 560 3695 bus
584 3642 898 3709 interficere,
921 3643 1212 3709 consensit,
1233 3652 1287 3698 et
1308 3647 1555 3712 praecepit
1577 3645 1687 3699 fieri
1709 3645 2033 3702 desiderium

458 3733 651 3798 puella
679 3735 872 3802 potius,
903 3748 1059 3803 quam
1091 3748 1209 3790 eam
1237 3734 1493 3790 exitiabili
1523 3736 1734 3790 tradere
1760 3737 1940 3790 morti.
1970 3736 2036 3794 Et

458 3838 581 3877 mox
618 3825 836 3891 protulit
865 3838 1088 3893 puerum
1118 3828 1204 3892 qui
1237 3826 1605 3893 quaerebatur,
1636 3826 1791 3881 simul
1817 3838 1871 3882 et
1912 3844 2034 3895 pro-

458 3914 626 3978 priam
650 3914 903 3981 genitam,
930 3923 985 3968 et
1011 3913 1143 3968 dans
1173 3914 1250 3968 eis
1280 3916 1454 3969 omnii
1506 3916 1644 3969 bona
1693 3932 1809 3984 sua,
1852 3920 1985 3973 dixit
2019 3936 2034 3971 :

458 4003 770 4072 Salve,nata
818 4020 942 4060 vere
991 4010 1222 4070 misera;
1253 4007 1477 4061 multum
1530 4008 1903 4063 lamentaberis
1945 4026 2031 4064 re-

460 4096 801 4165 pwnitensiu
850 4098 1181 4163 novissimis,
1207 4100 1416 4167 quando
1463 4099 1595 4154 nihil
1637 4100 1729 4154 tibi
1775 4101 2031 4169 proderit.

460 4185 628 4240 Porro
656 4185 866 4239 nefandi
892 4187 1213 4241 matrimonii
1235 4189 1479 4257 coniugio
1501 4191 1660 4256 facto,
1680 4199 1735 4245 et
1756 4192 2035 4246 diabolicae

459 4276 784 4342 operationis
830 4277 1100 4344 completo
1142 4276 1416 4346 facinore,
1465 4289 1519 4334 et
1578 4295 1746 4348 pauco
1796 4293 2035 4353 tempore

460 4373 846 4433 prmtereunte,
877 4376 1088 4421 notatus
1127 4377 1208 4423 est
1262 4384 1392 4436 puer
1435 4386 1462 4424 a
1514 4373 1847 4441 quibusdam,
1893 4376 2032 4445 quod

462 4475 565 4513 non
614 4458 984 4527 ingrederetur
1027 4457 1329 4526 ecclesiam,
1374 4478 1544 4530 neque
1589 4474 1895 4520 attrectaret
1934 4467 2033 4520 im-

459 4549 703 4604 mortalia
730 4558 785 4603 et
810 4550 1017 4604 vivifica
1042 4562 1393 4617 sacramenta,
1427 4564 1479 4607 et
1505 4553 1689 4608 dicunt
1718 4557 2035 4611 miseranda:

459 4638 611 4694 uxori
632 4638 749 4707 eius
775 4656 789 4692 :
815 4638 1033 4695 Noveris
1060 4640 1184 4711 quia
1210 4644 1434 4697 maritus
1459 4651 1598 4705 tuus,
1623 4660 1777 4714 quem
1803 4645 2033 4716 elegisti,

462 4749 566 4788 non
592 4744 676 4789 est
698 4733 1052 4801 Christianus,
1081 4735 1174 4791 sed
1201 4745 1484 4790 extraneus
1508 4746 1590 4791 est
1615 4752 1642 4789 a
1675 4737 1777 4791 fide
1796 4774 1813 4803 ,
1845 4746 1899 4791 et
1944 4754 2037 4805 pe-

462 4826 605 4879 nitus
630 4834 713 4880 est
739 4824 962 4880 alienus.
996 4824 1124 4892 Quae
1150 4826 1386 4881 tenebris
1411 4837 1464 4881 et
1491 4828 1604 4881 dira
1632 4829 1781 4897 plaga
1810 4830 2029 4895 referta,

462 4917 682 4985 proiecit
708 4932 768 4973 se
796 4919 848 4973 in
878 4919 1256 4987 pavimentum,
1285 4928 1338 4974 et
1367 4924 1529 4988 cepit
1575 4921 1784 4990 ungulis
1834 4930 2034 4976 semet-

460 5007 628 5074 ipsam
651 5005 974 5075 discerpere,
996 5017 1050 5064 et
1076 5018 1352 5079 percutere
1374 5020 1555 5078 pectus
1579 5021 1734 5079 atque
1756 5010 1987 5064 clamare
2012 5029 2026 5063 ε

460 5096 625 5152 Nemo
664 5113 899 5167 unquam
921 5099 1008 5168 qui
1033 5102 1338 5167 parentibus
1359 5101 1681 5155 iuobeiliens
1701 5100 1818 5164 fuit,
1850 5101 2032 5154 salvus

461 5184 634 5240 iactus
662 5196 764 5241 est.
797 5187 927 5251 Quis
954 5189 1290 5242 annuntiahit
1320 5190 1450 5256 patri
1501 5200 1620 5243 meo
1663 5189 2028 5244 confusionem

461 5281 668 5335 meatu?
701 5279 813 5334 Heu
843 5280 967 5332 mihi
998 5280 1223 5335 infelici!
1262 5282 1314 5334 in
1360 5281 1501 5349 quod
1550 5284 1857 5349 perditionis
1907 5294 2041 5350 pro-‘

459 5369 679 5423 fundum
709 5370 991 5424 descendi!
1025 5385 1189 5438 quare
1220 5380 1339 5424 nata
1366 5373 1518 5425 sum?
1563 5375 1643 5427 vel
1694 5386 1813 5426 nata
1860 5389 2030 5442 quare

462 5474 567 5512 non
610 5460 789 5512 statim
835 5452 1205 5525 indireptibilis
1234 5461 1347 5533 [ατ.
1376 5464 1728 5537 ἀπξρπαστος.
1772 5462 2042 5534 abrepta]

457 5546 597 5601 facta
627 5550 784 5602 smn?
813 5547 1121 5616 Huiusmodi
1151 5566 1278 5619 ergo
1319 5566 1434 5605 eam
1481 5554 1903 5619 complorantem
1949 5568 2037 5608 so—

456 5641 646 5693 duetus
674 5641 751 5694 vir
778 5641 892 5709 ejus
920 5656 1236 5709 agnoscens,
1264 5647 1408 5697 venit
1435 5645 1500 5696 ad
1545 5658 2033 5708 e;un,»asseverans

462 5745 573 5786 Ion
597 5746 655 5787 se
683 5733 751 5788 ita
781 5733 858 5787 rei
887 5734 1162 5789 veritatem
1194 5735 1423 5791 habere:
1457 5750 1573 5805 qum
1601 5738 1651 5790 iu
1696 5736 2033 5806 refrigerium

2135 3274 2293 3330 simul
2320 3284 2373 3328 et
2400 3275 2666 3339 oratione,
2702 3272 2927 3327 retrusit
2954 3271 3102 3326 illum
3153 3271 3204 3324 in
3257 3283 3363 3323 uno
3412 3269 3548 3336 loco,
3584 3268 3739 3321 intra

2136 3382 2294 3438 quem
2322 3367 2457 3420 sacri
2489 3364 2817 3419 habebantur
2844 3367 3072 3417 amictus
3102 3362 3243 3430 (il).
3280 3361 3343 3414 Et
3376 3361 3498 3413 data
3527 3361 3575 3415 ei
3628 3374 3737 3415 rc-

2134 3460 2256 3528 gula
2277 3459 2454 3512 oravit
2478 3467 2529 3511 et
2560 3457 2672 3525 ipse
2699 3470 2796 3523 pro
2823 3452 2913 3508 ill’o
2943 3469 3041 3523 per
3068 3461 3176 3507 tres
3227 3453 3363 3506 dies.
3420 3452 3546 3505 [‘ost
3587 3465 3742 3519 quos

2137 3550 2549 3612 visitaviteum,
2580 3559 2634 3602 et
2681 3548 2816 3602 dixit
2862 3562 2879 3600 :
2924 3544 3204 3611 Quomodo
3254 3554 3305 3599 te
3354 3544 3555 3606 habes,
3607 3543 3739 3596 fili‘.‘

2138 3644 2273 3697 Dicit
2299 3644 2346 3697 ei
2375 3640 2635 3711 puerrln
2681 3654 2867 3709 magna
2915 3653 3065 3701 sum,
3113 3636 3353 3701 domine,
3399 3632 3741 3690 defectione.

2138 3735 2335 3791 Sancte
2359 3733 2473 3794 Dei.
2494 3746 2600 3786 non
2625 3732 2825 3787 suffero
2853 3732 3141 3793 clamores,
3173 3742 3421 3797 pavores,
3444 3726 3640 3794 iacula,
3683 3737 3737 3779 et

2137 3826 2487 3895 lapidationes
2511 3825 2770 3892 ipsorum.
2801 3823 3070 3878 Tenentes
3098 3823 3239 3877 enim
3274 3820 3505 3891 proprie
3532 3834 3743 3873 manus

2137 3932 2272 3971 mere
2320 3917 2636 3978 scripturam
2658 3957 2671 3981 ,
2721 3914 3073 3983 obiurgentur
3101 3914 3150 3967 in
3185 3928 3290 3976 me,
3323 3912 3565 3966 dicentes
3596 3925 3611 3962 :
3641 3909 3740 3962 Tu

2138 4009 2326 4063 venisti
2356 4009 2421 4061 ad
2454 4022 2572 4073 nos,
2603 4023 2709 4061 non
2744 4021 2841 4061 nos
2875 4006 2939 4058 ad
2968 4016 3037 4059 te.
3070 4006 3132 4058 Et
3182 4004 3313 4058 dicit
3354 4004 3401 4056 ei
3442 4010 3659 4056 sanctus
3716 4018 3733 4053 :

2138 4101 2254 4155 Noli
2278 4101 2488 4160 timere.
2520 4098 2592 4151 fili
2623 4098 2729 4165 mi,
2763 4095 3131 4151 tantummodo
3158 4094 3336 4148 crede.
3390 4093 3456 4146 Et
3502 4093 3626 4145 data
3681 4093 3738 4146 ei

2137 4191 2343 4245 modica
2368 4204 2513 4252 esca,
2547 4196 2601 4243 et
2624 4189 2760 4242 facto
2787 4202 2951 4255 super
2978 4201 3098 4240 eum
3128 4186 3325 4238 Christi
3359 4183 3538 4237 denuo
3568 4184 3741 4250 signo

2136 4293 2189 4339 et
2213 4284 2487 4347 oratione,
2521 4282 2736 4337 inclusit
2764 4296 2886 4336 eum
2915 4297 2935 4345 ;
2960 4292 3009 4336 et
3044 4289 3163 4349 post
3191 4290 3389 4348 paucos
3436 4278 3553 4333 dies
3597 4278 3740 4332 visi-

2138 4376 2265 4429 tavit
2310 4376 2481 4440 illttm,
2508 4383 2563 4429 et
2606 4374 2746 4428 dixit
2778 4391 2791 4425 :
2826 4372 3108 4439 Quomodo
3140 4382 3190 4425 te
3222 4372 3408 4434 habes,
3440 4370 3557 4424 fili?
3583 4371 3677 4425 Ait
3713 4388 3731 4424 ε

2140 4463 2297 4518 Pater
2316 4474 2524 4525 sancte,
2553 4479 2583 4517 a
2609 4464 3056 4531 longe'clamores
3080 4478 3265 4517 eorum
3293 4462 3451 4515 audio
3477 4461 3634 4516 simul
3664 4469 3732 4516 et

2140 4558 2342 4621 minas;
2372 4570 2495 4609 nam
2526 4570 2631 4609 non
2659 4554 2817 4609 video
2846 4555 2984 4609 illos.
3018 4551 3083 4607 Et
3116 4568 3300 4607 rursus
3325 4556 3455 4607 dato
3478 4552 3525 4605 ei
3569 4550 3733 4615 cibo,

2139 4646 2368 4702 eteﬂ‘usa
2388 4646 2629 4701 oratione
2650 4645 2839 4700 clausit
2860 4645 3077 4710 ostium,
3096 4654 3151 4700 et
3172 4643 3439 4699 discessit.
3456 4643 3736 4698 Praeterea

2136 4739 2545 4809 quadragesimo
2571 4738 2658 4792 die
2685 4737 2815 4791 abiit
2838 4737 2903 4791 ad
2926 4752 3073 4795 eum.
3096 4745 3149 4791 et
3173 4736 3301 4790 dicit
3331 4736 3405 4789 illi
3440 4753 3454 4789 :
3485 4736 3726 4800 Quomo-

2138 4828 2206 4883 do
2237 4839 2288 4883 te
2308 4830 2489 4894 habes,
2511 4829 2713 4882 frater?
2745 4827 3036 4896 Respondit
3055 4838 3108 4882 et
3133 4829 3263 4881 dicit
3283 4831 3330 4881 ei
3361 4842 3375 4880 :
3407 4827 3572 4891 Bene,
3596 4843 3729 4881 san-

2136 4930 2222 4976 cte
2249 4920 2367 4974 Dei.
2402 4919 2519 4973 Vidi
2564 4921 2706 4974 enim
2752 4926 2804 4973 te
2844 4919 3005 4973 hodie
3046 4918 3098 4972 in
3144 4918 3345 4972 somnis
3397 4927 3729 4987 pugnantem

2142 5024 2237 5078 pro
2264 5024 2371 5073 me,
2401 5017 2454 5062 et
2483 5007 2783 5063 vincentem
2813 5008 3101 5062 diabolum.
3127 5007 3245 5061 Mox
3266 5020 3395 5075 ergo
3418 5006 3721 5061 secundum

2138 5100 2578 5155 consuetudinem
2604 5101 2737 5153 facta
2763 5100 3008 5153 oratione
3036 5099 3226 5154 eduxit
3270 5098 3443 5161 illum,
3468 5107 3522 5151 et
3566 5096 3723 5151 duxit

2138 5191 2285 5245 illum
2313 5192 2378 5245 ad
2407 5189 2713 5245 cubiculum
2733 5204 2908 5244 suum.
2939 5189 3098 5260 158
3124 5189 3276 5243 Mane
3322 5199 3500 5241 autem
3552 5186 3715 5247 facto,

2137 5294 2427 5338 convocato
2454 5291 2564 5337 tam
2593 5282 2885 5336 venerabili
2914 5283 3063 5337 clero
3090 5296 3250 5349 quam
3291 5278 3632 5333 monasteriis
3658 5286 3720 5331 et

2136 5375 2280 5430 omni
2309 5375 2522 5430 Christo
2549 5374 2765 5427 amabili
2795 5374 3012 5442 populo,
3038 5372 3165 5427 dixit
3198 5388 3230 5426 e
3252 5388 3279 5427 s
3312 5390 3322 5423 :
3362 5370 3478 5425 Filii
3507 5384 3610 5425 met
3633 5369 3720 5423 (li-

2138 5465 2282 5531 lecti,
2313 5463 2542 5517 universi
2573 5463 2769 5533 gratias
2811 5476 3032 5530 agamus
3083 5461 3350 5523 Domino;
3400 5473 3528 5515 ecce
3568 5457 3714 5512 enim

2138 5554 2368 5608 futurum
2396 5562 2475 5607 est
2505 5562 2562 5606 ut
2590 5567 2747 5606 ovem
2796 5550 3052 5619 perditam
3109 5560 3291 5619 pastor
3339 5551 3508 5604 bonus
3552 5563 3717 5617 super

2141 5646 2393 5699 humeros
2417 5660 2543 5699 suos
2569 5645 2807 5713 imponat
2832 5643 3012 5712 (Luca
3039 5642 3127 5712 xv)
3152 5683 3166 5704 ,
3196 5651 3253 5697 et
3278 5644 3499 5698 reducat
3524 5642 3717 5696 Eccle-

2138 5735 2271 5800 siae;
2299 5746 2353 5791 ct
2397 5752 2492 5793 nos
2531 5746 2742 5803 oportet
2791 5733 3100 5805 pervigilem
3149 5734 3351 5791 ducere
3393 5742 3626 5799 noctem,
3656 5740 3716 5786 es
