  <div class='ocr_page' id='page_1' title='image "/cluster/home/n/w/nwhite01/storage/ocr_20150623/73/uva.x000827085/160.png"; bbox 0 0 4016 6236; ppageno 0'>
   <div class='ocr_carea' id='block_1_1' title="bbox 289 343 383 399">
    <p class='ocr_par' dir='ltr' id='par_1_1' title="bbox 289 343 383 399">
     <span class='ocr_line' id='line_1_1' title="bbox 289 343 383 399; baseline -0.021 0"><span class='ocrx_word' id='word_1_1' title='bbox 289 343 383 399; x_wconf 74' lang='grc'><strong>505</strong></span> 
     </span>
    </p>
   </div>
   <div class='ocr_carea' id='block_1_2' title="bbox 786 339 1868 405">
    <p class='ocr_par' dir='ltr' id='par_1_2' title="bbox 786 341 1868 405">
     <span class='ocr_line' id='line_1_2' title="bbox 786 341 1868 405; baseline -0.003 -8"><span class='ocrx_word' id='word_1_2' title='bbox 786 344 944 399; x_wconf 74' lang='lat' dir='ltr'><strong>VITA</strong></span> <span class='ocrx_word' id='word_1_3' title='bbox 990 342 1234 399; x_wconf 69' lang='lat' dir='ltr'><strong>SANCTI</strong></span> <span class='ocrx_word' id='word_1_4' title='bbox 1275 342 1540 405; x_wconf 78' lang='lat' dir='ltr'><strong>BASlLll,</strong></span> <span class='ocrx_word' id='word_1_5' title='bbox 1580 341 1868 396; x_wconf 66' lang='lat' dir='ltr'><strong>CAESARE</strong></span> 
     </span>
    </p>
   </div>
   <div class='ocr_carea' id='block_1_3' title="bbox 1974 339 3021 405">
    <p class='ocr_par' dir='ltr' id='par_1_3' title="bbox 1982 339 3021 395">
     <span class='ocr_line' id='line_1_3' title="bbox 1982 339 3021 395; baseline -0.004 0"><span class='ocrx_word' id='word_1_6' title='bbox 1982 339 2365 395; x_wconf 73' lang='lat' dir='ltr'><strong>CAI’l‘ADOCl</strong></span> <span class='ocrx_word' id='word_1_7' title='bbox 2382 339 2442 392; x_wconf 59' lang='grc' dir='ltr'><strong>ΑΞ</strong></span> <span class='ocrx_word' id='word_1_8' title='bbox 2488 340 2575 391; x_wconf 78' lang='lat' dir='ltr'><strong>All</strong></span> <span class='ocrx_word' id='word_1_9' title='bbox 2606 339 3021 394; x_wconf 45' lang='lat' dir='ltr'><strong>‘llllil‘lSlOl’l.</strong></span> 
     </span>
    </p>
   </div>
   <div class='ocr_carea' id='block_1_4' title="bbox 3439 341 3545 397">
    <p class='ocr_par' dir='ltr' id='par_1_4' title="bbox 3439 341 3545 397">
     <span class='ocr_line' id='line_1_4' title="bbox 3439 341 3545 397; baseline 0.047 -6"><span class='ocrx_word' id='word_1_10' title='bbox 3439 341 3545 397; x_wconf 62' lang='lat' dir='ltr'><strong>3H)</strong></span> 
     </span>
    </p>
   </div>
   <div class='ocr_carea' id='block_1_5' title="bbox 286 452 3542 525">
    <p class='ocr_par' dir='ltr' id='par_1_5' title="bbox 286 452 3542 525">
     <span class='ocr_line' id='line_1_5' title="bbox 286 452 3542 525; baseline -0.001 -16"><span class='ocrx_word' id='word_1_11' title='bbox 286 457 555 525; x_wconf 76' lang='lat' dir='ltr'><strong>deprecari</strong></span> <span class='ocrx_word' id='word_1_12' title='bbox 586 457 915 512; x_wconf 71' lang='lat' dir='ltr'><strong>voluntatem</strong></span> <span class='ocrx_word' id='word_1_13' title='bbox 945 457 1130 524; x_wconf 82' lang='lat' dir='ltr'><strong>Ipsius,</strong></span> <span class='ocrx_word' id='word_1_14' title='bbox 1164 466 1347 510; x_wconf 88' lang='lat' dir='ltr'><strong>utnon</strong></span> <span class='ocrx_word' id='word_1_15' title='bbox 1377 467 1556 511; x_wconf 82' lang='lat' dir='ltr'><strong>vincat</strong></span> <span class='ocrx_word' id='word_1_16' title='bbox 1582 464 1861 523; x_wconf 72' lang='lat' dir='ltr'><strong>(crruptor</strong></span> <span class='ocrx_word' id='word_1_17' title='bbox 1896 460 1937 514; x_wconf 75' lang='grc' dir='ltr'><strong>Α</strong></span> <span class='ocrx_word' id='word_1_18' title='bbox 1969 452 2039 505; x_wconf 91' lang='lat' dir='ltr'><strong>mi</strong></span> <span class='ocrx_word' id='word_1_19' title='bbox 2094 467 2267 516; x_wconf 86' lang='lat' dir='ltr'><strong>soror,</strong></span> <span class='ocrx_word' id='word_1_20' title='bbox 2297 452 2388 505; x_wconf 90' lang='lat' dir='ltr'><strong>scd</strong></span> <span class='ocrx_word' id='word_1_21' title='bbox 2417 466 2575 519; x_wconf 80' lang='lat' dir='ltr'><strong>surge</strong></span> <span class='ocrx_word' id='word_1_22' title='bbox 2603 462 2657 504; x_wconf 92' lang='lat' dir='ltr'><strong>et</strong></span> <span class='ocrx_word' id='word_1_23' title='bbox 2700 468 2826 505; x_wconf 88' lang='lat' dir='ltr'><strong>orna</strong></span> <span class='ocrx_word' id='word_1_24' title='bbox 2859 455 3071 505; x_wconf 87' lang='lat' dir='ltr'><strong>dommn</strong></span> <span class='ocrx_word' id='word_1_25' title='bbox 3121 464 3281 515; x_wconf 90' lang='lat' dir='ltr'><strong>tuatn,</strong></span> <span class='ocrx_word' id='word_1_26' title='bbox 3312 461 3364 506; x_wconf 92' lang='lat' dir='ltr'><strong>et</strong></span> <span class='ocrx_word' id='word_1_27' title='bbox 3402 455 3542 508; x_wconf 86' lang='lat' dir='ltr'><strong>circa</strong></span> 
     </span>
    </p>
   </div>
   <div class='ocr_carea' id='block_1_6' title="bbox 286 547 1859 617">
    <p class='ocr_par' dir='ltr' id='par_1_6' title="bbox 286 547 1859 617">
     <span class='ocr_line' id='line_1_6' title="bbox 286 547 1859 617; baseline -0.002 -17"><span class='ocrx_word' id='word_1_28' title='bbox 286 548 601 603; x_wconf 86' lang='lat' dir='ltr'><strong>animarum.</strong></span> <span class='ocrx_word' id='word_1_29' title='bbox 632 551 750 615; x_wconf 89' lang='lat' dir='ltr'><strong>Quo</strong></span> <span class='ocrx_word' id='word_1_30' title='bbox 776 549 1019 616; x_wconf 75' lang='lat' dir='ltr'><strong>protinus</strong></span> <span class='ocrx_word' id='word_1_31' title='bbox 1048 558 1167 600; x_wconf 88' lang='lat' dir='ltr'><strong>aeto</strong></span> <span class='ocrx_word' id='word_1_32' title='bbox 1187 589 1203 611; x_wconf 90' lang='lat'><strong>,</strong></span> <span class='ocrx_word' id='word_1_33' title='bbox 1227 558 1282 601; x_wconf 88' lang='lat' dir='ltr'><strong>et</strong></span> <span class='ocrx_word' id='word_1_34' title='bbox 1331 547 1727 617; x_wconf 75' lang='lat' dir='ltr'><strong>promptissime</strong></span> <span class='ocrx_word' id='word_1_35' title='bbox 1766 561 1859 614; x_wconf 86' lang='lat' dir='ltr'><strong>po-</strong></span> 
     </span>
    </p>
   </div>
   <div class='ocr_carea' id='block_1_7' title="bbox 287 640 1861 711">
    <p class='ocr_par' dir='ltr' id='par_1_7' title="bbox 287 640 1861 711">
     <span class='ocr_line' id='line_1_7' title="bbox 287 640 1861 711; baseline -0.001 -18"><span class='ocrx_word' id='word_1_36' title='bbox 287 642 404 711; x_wconf 92' lang='lat' dir='ltr'><strong>pulo</strong></span> <span class='ocrx_word' id='word_1_37' title='bbox 427 649 755 709; x_wconf 86' lang='lat' dir='ltr'><strong>congregato</strong></span> <span class='ocrx_word' id='word_1_38' title='bbox 776 681 791 703; x_wconf 93' lang='lat'><strong>,</strong></span> <span class='ocrx_word' id='word_1_39' title='bbox 821 655 917 708; x_wconf 88' lang='lat' dir='ltr'><strong>per</strong></span> <span class='ocrx_word' id='word_1_40' title='bbox 948 649 1112 694; x_wconf 88' lang='lat' dir='ltr'><strong>totam</strong></span> <span class='ocrx_word' id='word_1_41' title='bbox 1143 651 1353 695; x_wconf 89' lang='lat' dir='ltr'><strong>noctem</strong></span> <span class='ocrx_word' id='word_1_42' title='bbox 1404 655 1505 693; x_wconf 91' lang='lat' dir='ltr'><strong>una</strong></span> <span class='ocrx_word' id='word_1_43' title='bbox 1552 654 1675 693; x_wconf 86' lang='lat' dir='ltr'><strong>cum</strong></span> <span class='ocrx_word' id='word_1_44' title='bbox 1720 640 1861 693; x_wconf 86' lang='lat' dir='ltr'><strong>bono</strong></span> 
     </span>
    </p>
   </div>
   <div class='ocr_carea' id='block_1_8' title="bbox 284 731 1862 803">
    <p class='ocr_par' dir='ltr' id='par_1_8' title="bbox 284 731 1862 803">
     <span class='ocr_line' id='line_1_8' title="bbox 284 731 1862 803; baseline -0.003 -17"><span class='ocrx_word' id='word_1_45' title='bbox 284 742 492 803; x_wconf 76' lang='lat' dir='ltr'><strong>pastore</strong></span> <span class='ocrx_word' id='word_1_46' title='bbox 516 733 793 801; x_wconf 81' lang='lat' dir='ltr'><strong>deprecati</strong></span> <span class='ocrx_word' id='word_1_47' title='bbox 825 739 949 785; x_wconf 91' lang='lat' dir='ltr'><strong>sunt</strong></span> <span class='ocrx_word' id='word_1_48' title='bbox 974 731 1160 799; x_wconf 90' lang='lat' dir='ltr'><strong>Deum,</strong></span> <span class='ocrx_word' id='word_1_49' title='bbox 1190 747 1310 785; x_wconf 89' lang='lat' dir='ltr'><strong>cum</strong></span> <span class='ocrx_word' id='word_1_50' title='bbox 1343 731 1594 801; x_wconf 84' lang='lat' dir='ltr'><strong>Iacrymis</strong></span> <span class='ocrx_word' id='word_1_51' title='bbox 1620 745 1716 799; x_wconf 90' lang='lat' dir='ltr'><strong>pro</strong></span> <span class='ocrx_word' id='word_1_52' title='bbox 1747 731 1862 798; x_wconf 89' lang='lat' dir='ltr'><strong>ipso</strong></span> 
     </span>
    </p>
   </div>
   <div class='ocr_carea' id='block_1_9' title="bbox 280 820 1863 893">
    <p class='ocr_par' dir='ltr' id='par_1_9' title="bbox 280 820 1863 893">
     <span class='ocr_line' id='line_1_9' title="bbox 280 820 1863 893; baseline -0.004 -14"><span class='ocrx_word' id='word_1_53' title='bbox 280 824 597 889; x_wconf 77' lang='lat' dir='ltr'><strong>clamantes,</strong></span> <span class='ocrx_word' id='word_1_54' title='bbox 628 823 791 893; x_wconf 74' lang='lat' dir='ltr'><strong>Kyrie</strong></span> <span class='ocrx_word' id='word_1_55' title='bbox 819 822 1049 877; x_wconf 81' lang='lat' dir='ltr'><strong>eleisou.</strong></span> <span class='ocrx_word' id='word_1_56' title='bbox 1086 822 1153 876; x_wconf 84' lang='lat' dir='ltr'><strong>Et</strong></span> <span class='ocrx_word' id='word_1_57' title='bbox 1181 822 1413 876; x_wconf 87' lang='lat' dir='ltr'><strong>diluculo</strong></span> <span class='ocrx_word' id='word_1_58' title='bbox 1442 835 1543 875; x_wconf 92' lang='lat' dir='ltr'><strong>una</strong></span> <span class='ocrx_word' id='word_1_59' title='bbox 1572 836 1692 873; x_wconf 92' lang='lat' dir='ltr'><strong>cum</strong></span> <span class='ocrx_word' id='word_1_60' title='bbox 1718 820 1863 872; x_wconf 87' lang='lat' dir='ltr'><strong>omni</strong></span> 
     </span>
    </p>
   </div>
   <div class='ocr_carea' id='block_1_10' title="bbox 283 912 1863 983">
    <p class='ocr_par' dir='ltr' id='par_1_10' title="bbox 283 912 1863 983">
     <span class='ocr_line' id='line_1_10' title="bbox 283 912 1863 983; baseline -0.003 -14"><span class='ocrx_word' id='word_1_61' title='bbox 283 914 618 969; x_wconf 78' lang='lat' dir='ltr'><strong>multitudine</strong></span> <span class='ocrx_word' id='word_1_62' title='bbox 646 913 821 983; x_wconf 87' lang='lat' dir='ltr'><strong>populi</strong></span> <span class='ocrx_word' id='word_1_63' title='bbox 875 912 1101 967; x_wconf 88' lang='lat' dir='ltr'><strong>assumit</strong></span> <span class='ocrx_word' id='word_1_64' title='bbox 1126 922 1345 975; x_wconf 85' lang='lat' dir='ltr'><strong>sanctus</strong></span> <span class='ocrx_word' id='word_1_65' title='bbox 1394 927 1640 980; x_wconf 90' lang='lat' dir='ltr'><strong>puerum,</strong></span> <span class='ocrx_word' id='word_1_66' title='bbox 1684 921 1737 965; x_wconf 91' lang='lat' dir='ltr'><strong>et</strong></span> <span class='ocrx_word' id='word_1_67' title='bbox 1786 920 1863 964; x_wconf 90' lang='lat' dir='ltr'><strong>te-</strong></span> 
     </span>
    </p>
   </div>
   <div class='ocr_carea' id='block_1_11' title="bbox 282 1004 1862 1074">
    <p class='ocr_par' dir='ltr' id='par_1_11' title="bbox 282 1004 1862 1074">
     <span class='ocr_line' id='line_1_11' title="bbox 282 1004 1862 1074; baseline -0.002 -13"><span class='ocrx_word' id='word_1_68' title='bbox 282 1022 409 1061; x_wconf 88' lang='lat' dir='ltr'><strong>nens</strong></span> <span class='ocrx_word' id='word_1_69' title='bbox 440 1008 718 1061; x_wconf 78' lang='lat' dir='ltr'><strong>dexteram</strong></span> <span class='ocrx_word' id='word_1_70' title='bbox 749 1021 964 1059; x_wconf 88' lang='lat' dir='ltr'><strong>manum</strong></span> <span class='ocrx_word' id='word_1_71' title='bbox 996 1004 1132 1074; x_wconf 85' lang='lat' dir='ltr'><strong>ejus,</strong></span> <span class='ocrx_word' id='word_1_72' title='bbox 1157 1006 1312 1059; x_wconf 87' lang='lat' dir='ltr'><strong>duxit</strong></span> <span class='ocrx_word' id='word_1_73' title='bbox 1354 1018 1476 1060; x_wconf 88' lang='lat' dir='ltr'><strong>eum</strong></span> <span class='ocrx_word' id='word_1_74' title='bbox 1523 1006 1573 1059; x_wconf 91' lang='lat' dir='ltr'><strong>in</strong></span> <span class='ocrx_word' id='word_1_75' title='bbox 1620 1014 1862 1058; x_wconf 87' lang='lat' dir='ltr'><strong>sanetam</strong></span> 
     </span>
    </p>
   </div>
   <div class='ocr_carea' id='block_1_12' title="bbox 287 1094 1859 1165">
    <p class='ocr_par' dir='ltr' id='par_1_12' title="bbox 287 1094 1859 1165">
     <span class='ocr_line' id='line_1_12' title="bbox 287 1094 1859 1165; baseline -0.003 -14"><span class='ocrx_word' id='word_1_76' title='bbox 287 1094 370 1151; x_wconf 85' lang='lat' dir='ltr'><strong>Dei</strong></span> <span class='ocrx_word' id='word_1_77' title='bbox 396 1097 683 1151; x_wconf 82' lang='lat' dir='ltr'><strong>ecclesiam</strong></span> <span class='ocrx_word' id='word_1_78' title='bbox 711 1111 831 1150; x_wconf 91' lang='lat' dir='ltr'><strong>cum</strong></span> <span class='ocrx_word' id='word_1_79' title='bbox 862 1095 1083 1164; x_wconf 58' lang='lat' dir='ltr'><strong>psalmis</strong></span> <span class='ocrx_word' id='word_1_80' title='bbox 1112 1106 1167 1149; x_wconf 92' lang='lat' dir='ltr'><strong>et</strong></span> <span class='ocrx_word' id='word_1_81' title='bbox 1196 1095 1427 1165; x_wconf 81' lang='lat' dir='ltr'><strong>hymnis.</strong></span> <span class='ocrx_word' id='word_1_82' title='bbox 1469 1096 1533 1149; x_wconf 87' lang='lat' dir='ltr'><strong>Et</strong></span> <span class='ocrx_word' id='word_1_83' title='bbox 1574 1110 1701 1149; x_wconf 89' lang='lat' dir='ltr'><strong>ecce</strong></span> <span class='ocrx_word' id='word_1_84' title='bbox 1745 1095 1859 1147; x_wconf 87' lang='lat' dir='ltr'><strong>dia-</strong></span> 
     </span>
    </p>
   </div>
   <div class='ocr_carea' id='block_1_13' title="bbox 284 1185 1864 1254">
    <p class='ocr_par' dir='ltr' id='par_1_13' title="bbox 284 1185 1864 1254">
     <span class='ocr_line' id='line_1_13' title="bbox 284 1185 1864 1254; baseline -0.002 -12"><span class='ocrx_word' id='word_1_85' title='bbox 284 1187 473 1252; x_wconf 87' lang='lat' dir='ltr'><strong>bolus,</strong></span> <span class='ocrx_word' id='word_1_86' title='bbox 528 1189 620 1254; x_wconf 87' lang='lat' dir='ltr'><strong>qui</strong></span> <span class='ocrx_word' id='word_1_87' title='bbox 668 1188 792 1240; x_wconf 72' lang='lat' dir='ltr'><strong>vita:</strong></span> <span class='ocrx_word' id='word_1_88' title='bbox 845 1194 1043 1241; x_wconf 64' lang='lat' dir='ltr'><strong>nostra:</strong></span> <span class='ocrx_word' id='word_1_89' title='bbox 1094 1200 1309 1253; x_wconf 82' lang='lat' dir='ltr'><strong>semper</strong></span> <span class='ocrx_word' id='word_1_90' title='bbox 1354 1185 1596 1251; x_wconf 84' lang='lat' dir='ltr'><strong>invidet,</strong></span> <span class='ocrx_word' id='word_1_91' title='bbox 1629 1187 1673 1239; x_wconf 89' lang='lat' dir='ltr'><strong>si</strong></span> <span class='ocrx_word' id='word_1_92' title='bbox 1727 1185 1864 1239; x_wconf 83' lang='lat' dir='ltr'><strong>lianc</strong></span> 
     </span>
    </p>
   </div>
   <div class='ocr_carea' id='block_1_14' title="bbox 282 1274 1863 1343">
    <p class='ocr_par' dir='ltr' id='par_1_14' title="bbox 282 1274 1863 1343">
     <span class='ocr_line' id='line_1_14' title="bbox 282 1274 1863 1343; baseline -0.003 -11"><span class='ocrx_word' id='word_1_93' title='bbox 282 1278 396 1332; x_wconf 83' lang='lat' dir='ltr'><strong>sine</strong></span> <span class='ocrx_word' id='word_1_94' title='bbox 439 1276 657 1330; x_wconf 78' lang='lat' dir='ltr'><strong>tristitia</strong></span> <span class='ocrx_word' id='word_1_95' title='bbox 710 1274 947 1341; x_wconf 85' lang='lat' dir='ltr'><strong>viderit,</strong></span> <span class='ocrx_word' id='word_1_96' title='bbox 994 1290 1115 1330; x_wconf 88' lang='lat' dir='ltr'><strong>cum</strong></span> <span class='ocrx_word' id='word_1_97' title='bbox 1164 1284 1273 1330; x_wconf 83' lang='lat' dir='ltr'><strong>tota</strong></span> <span class='ocrx_word' id='word_1_98' title='bbox 1324 1277 1619 1343; x_wconf 89' lang='lat' dir='ltr'><strong>perniciosa</strong></span> <span class='ocrx_word' id='word_1_99' title='bbox 1669 1276 1863 1328; x_wconf 89' lang='lat' dir='ltr'><strong>virtute</strong></span> 
     </span>
    </p>
   </div>
   <div class='ocr_carea' id='block_1_15' title="bbox 283 1366 1862 1434">
    <p class='ocr_par' dir='ltr' id='par_1_15' title="bbox 283 1366 1862 1434">
     <span class='ocr_line' id='line_1_15' title="bbox 283 1366 1862 1434; baseline -0.003 -13"><span class='ocrx_word' id='word_1_100' title='bbox 283 1382 370 1421; x_wconf 83' lang='lat' dir='ltr'><strong>sua</strong></span> <span class='ocrx_word' id='word_1_101' title='bbox 423 1368 607 1432; x_wconf 82' lang='lat' dir='ltr'><strong>venit,</strong></span> <span class='ocrx_word' id='word_1_102' title='bbox 656 1378 711 1421; x_wconf 90' lang='lat' dir='ltr'><strong>et</strong></span> <span class='ocrx_word' id='word_1_103' title='bbox 757 1381 924 1434; x_wconf 90' lang='lat' dir='ltr'><strong>puero</strong></span> <span class='ocrx_word' id='word_1_104' title='bbox 965 1366 1301 1421; x_wconf 77' lang='lat' dir='ltr'><strong>invisibiliter</strong></span> <span class='ocrx_word' id='word_1_105' title='bbox 1326 1367 1739 1434; x_wconf 81' lang='lat' dir='ltr'><strong>comprehenso,</strong></span> <span class='ocrx_word' id='word_1_106' title='bbox 1769 1381 1862 1417; x_wconf 86' lang='lat' dir='ltr'><strong>vo-</strong></span> 
     </span>
    </p>
   </div>
   <div class='ocr_carea' id='block_1_16' title="bbox 288 1458 1862 1527">
    <p class='ocr_par' dir='ltr' id='par_1_16' title="bbox 288 1458 1862 1527">
     <span class='ocr_line' id='line_1_16' title="bbox 288 1458 1862 1527; baseline -0.003 -14"><span class='ocrx_word' id='word_1_107' title='bbox 288 1460 374 1513; x_wconf 91' lang='lat' dir='ltr'><strong>luit</strong></span> <span class='ocrx_word' id='word_1_108' title='bbox 399 1473 591 1527; x_wconf 88' lang='lat' dir='ltr'><strong>rapere</strong></span> <span class='ocrx_word' id='word_1_109' title='bbox 640 1458 790 1512; x_wconf 89' lang='lat' dir='ltr'><strong>illum</strong></span> <span class='ocrx_word' id='word_1_110' title='bbox 836 1458 906 1513; x_wconf 90' lang='lat' dir='ltr'><strong>de</strong></span> <span class='ocrx_word' id='word_1_111' title='bbox 953 1473 1113 1511; x_wconf 90' lang='lat' dir='ltr'><strong>manu</strong></span> <span class='ocrx_word' id='word_1_112' title='bbox 1160 1460 1368 1521; x_wconf 87' lang='lat' dir='ltr'><strong>sancti;</strong></span> <span class='ocrx_word' id='word_1_113' title='bbox 1421 1468 1471 1511; x_wconf 89' lang='lat' dir='ltr'><strong>et</strong></span> <span class='ocrx_word' id='word_1_114' title='bbox 1518 1459 1685 1526; x_wconf 73' lang='lat' dir='ltr'><strong>cmpit</strong></span> <span class='ocrx_word' id='word_1_115' title='bbox 1732 1472 1862 1526; x_wconf 91' lang='lat' dir='ltr'><strong>puer</strong></span> 
     </span>
    </p>
   </div>
   <div class='ocr_carea' id='block_1_17' title="bbox 285 1548 1861 1616">
    <p class='ocr_par' dir='ltr' id='par_1_17' title="bbox 285 1548 1861 1616">
     <span class='ocr_line' id='line_1_17' title="bbox 285 1548 1861 1616; baseline -0.002 -11"><span class='ocrx_word' id='word_1_116' title='bbox 285 1550 516 1605; x_wconf 75' lang='lat' dir='ltr'><strong>clamans</strong></span> <span class='ocrx_word' id='word_1_117' title='bbox 540 1550 724 1604; x_wconf 82' lang='lat' dir='ltr'><strong>dicere</strong></span> <span class='ocrx_word' id='word_1_118' title='bbox 758 1568 771 1604; x_wconf 92' lang='lat'><strong>:</strong></span> <span class='ocrx_word' id='word_1_119' title='bbox 802 1548 999 1604; x_wconf 90' lang='lat' dir='ltr'><strong>Sancte</strong></span> <span class='ocrx_word' id='word_1_120' title='bbox 1033 1550 1146 1614; x_wconf 88' lang='lat' dir='ltr'><strong>Dei,</strong></span> <span class='ocrx_word' id='word_1_121' title='bbox 1176 1548 1436 1604; x_wconf 83' lang='lat' dir='ltr'><strong>auxiliare</strong></span> <span class='ocrx_word' id='word_1_122' title='bbox 1463 1549 1614 1616; x_wconf 88' lang='lat' dir='ltr'><strong>mihi,</strong></span> <span class='ocrx_word' id='word_1_123' title='bbox 1646 1558 1701 1602; x_wconf 90' lang='lat' dir='ltr'><strong>et</strong></span> <span class='ocrx_word' id='word_1_124' title='bbox 1726 1548 1861 1602; x_wconf 87' lang='lat' dir='ltr'><strong>adeo</strong></span> 
     </span>
    </p>
   </div>
   <div class='ocr_carea' id='block_1_18' title="bbox 285 1638 1859 1706">
    <p class='ocr_par' dir='ltr' id='par_1_18' title="bbox 285 1638 1859 1706">
     <span class='ocr_line' id='line_1_18' title="bbox 285 1638 1859 1706; baseline -0.003 -13"><span class='ocrx_word' id='word_1_125' title='bbox 285 1647 460 1693; x_wconf 87' lang='lat' dir='ltr'><strong>contra</strong></span> <span class='ocrx_word' id='word_1_126' title='bbox 511 1638 663 1693; x_wconf 92' lang='lat' dir='ltr'><strong>illum</strong></span> <span class='ocrx_word' id='word_1_127' title='bbox 723 1638 1019 1706; x_wconf 90' lang='lat' dir='ltr'><strong>impudenti</strong></span> <span class='ocrx_word' id='word_1_128' title='bbox 1072 1638 1323 1691; x_wconf 84' lang='lat' dir='ltr'><strong>instantia</strong></span> <span class='ocrx_word' id='word_1_129' title='bbox 1369 1638 1541 1704; x_wconf 80' lang='lat' dir='ltr'><strong>venit,</strong></span> <span class='ocrx_word' id='word_1_130' title='bbox 1584 1647 1642 1691; x_wconf 92' lang='lat' dir='ltr'><strong>ut</strong></span> <span class='ocrx_word' id='word_1_131' title='bbox 1690 1639 1859 1706; x_wconf 89' lang='lat' dir='ltr'><strong>ipsum</strong></span> 
     </span>
    </p>
   </div>
   <div class='ocr_carea' id='block_1_19' title="bbox 290 1728 1860 1798">
    <p class='ocr_par' dir='ltr' id='par_1_19' title="bbox 290 1728 1860 1798">
     <span class='ocr_line' id='line_1_19' title="bbox 290 1728 1860 1798; baseline 0.001 -18"><span class='ocrx_word' id='word_1_132' title='bbox 290 1728 557 1798; x_wconf 70' lang='lat' dir='ltr'><strong>egregium</strong></span> <span class='ocrx_word' id='word_1_133' title='bbox 593 1729 845 1784; x_wconf 84' lang='lat' dir='ltr'><strong>Basilium</strong></span> <span class='ocrx_word' id='word_1_134' title='bbox 874 1728 1029 1783; x_wconf 87' lang='lat' dir='ltr'><strong>simul</strong></span> <span class='ocrx_word' id='word_1_135' title='bbox 1061 1743 1183 1783; x_wconf 90' lang='lat' dir='ltr'><strong>cum</strong></span> <span class='ocrx_word' id='word_1_136' title='bbox 1210 1728 1301 1783; x_wconf 92' lang='lat' dir='ltr'><strong>illo</strong></span> <span class='ocrx_word' id='word_1_137' title='bbox 1327 1728 1624 1796; x_wconf 88' lang='lat' dir='ltr'><strong>impelleret</strong></span> <span class='ocrx_word' id='word_1_138' title='bbox 1652 1737 1706 1782; x_wconf 85' lang='lat' dir='ltr'><strong>et</strong></span> <span class='ocrx_word' id='word_1_139' title='bbox 1731 1728 1860 1781; x_wconf 90' lang='lat' dir='ltr'><strong>sub-</strong></span> 
     </span>
    </p>
   </div>
   <div class='ocr_carea' id='block_1_20' title="bbox 289 1818 3033 1888">
    <p class='ocr_par' dir='ltr' id='par_1_20' title="bbox 289 1818 3033 1888">
     <span class='ocr_line' id='line_1_20' title="bbox 289 1818 3033 1888; baseline 0.001 -15"><span class='ocrx_word' id='word_1_140' title='bbox 289 1828 532 1875; x_wconf 75' lang='lat' dir='ltr'><strong>verteret.</strong></span> <span class='ocrx_word' id='word_1_141' title='bbox 563 1820 869 1875; x_wconf 78' lang='lat' dir='ltr'><strong>Conversus</strong></span> <span class='ocrx_word' id='word_1_142' title='bbox 898 1834 1026 1887; x_wconf 90' lang='lat' dir='ltr'><strong>ergo</strong></span> <span class='ocrx_word' id='word_1_143' title='bbox 1055 1828 1272 1874; x_wconf 85' lang='lat' dir='ltr'><strong>sanelus</strong></span> <span class='ocrx_word' id='word_1_144' title='bbox 1300 1819 1366 1872; x_wconf 88' lang='lat' dir='ltr'><strong>ad</strong></span> <span class='ocrx_word' id='word_1_145' title='bbox 1413 1818 1681 1874; x_wconf 90' lang='lat' dir='ltr'><strong>diabolum</strong></span> <span class='ocrx_word' id='word_1_146' title='bbox 1730 1820 1803 1871; x_wconf 87' lang='lat' dir='ltr'><strong>ait</strong></span> <span class='ocrx_word' id='word_1_147' title='bbox 1844 1835 1854 1870; x_wconf 94' lang='lat'>:</span> <span class='ocrx_word' id='word_1_148' title='bbox 1894 1820 1938 1881; x_wconf 76' lang='grc' dir='ltr'><strong>Β</strong></span> <span class='ocrx_word' id='word_1_149' title='bbox 1967 1818 2057 1872; x_wconf 84' lang='lat' dir='ltr'><strong>ivit</strong></span> <span class='ocrx_word' id='word_1_150' title='bbox 2086 1820 2151 1873; x_wconf 90' lang='lat' dir='ltr'><strong>ad</strong></span> <span class='ocrx_word' id='word_1_151' title='bbox 2182 1820 2459 1875; x_wconf 90' lang='lat' dir='ltr'><strong>colendam</strong></span> <span class='ocrx_word' id='word_1_152' title='bbox 2495 1832 2713 1877; x_wconf 87' lang='lat' dir='ltr'><strong>terram.</strong></span> <span class='ocrx_word' id='word_1_153' title='bbox 2746 1823 2844 1888; x_wconf 87' lang='lat' dir='ltr'><strong>Qui</strong></span> <span class='ocrx_word' id='word_1_154' title='bbox 2897 1824 3033 1878; x_wconf 82' lang='lat' dir='ltr'><strong>dixit</strong></span> 
     </span>
    </p>
   </div>
   <div class='ocr_carea' id='block_1_21' title="bbox 290 1910 1862 1981">
    <p class='ocr_par' dir='ltr' id='par_1_21' title="bbox 290 1910 1862 1981">
     <span class='ocr_line' id='line_1_21' title="bbox 290 1910 1862 1981; baseline -0.001 -14"><span class='ocrx_word' id='word_1_155' title='bbox 290 1912 766 1981; x_wconf 84' lang='lat' dir='ltr'><strong>lmpudentissime.</strong></span> <span class='ocrx_word' id='word_1_156' title='bbox 796 1920 851 1966; x_wconf 90' lang='lat' dir='ltr'><strong>et</strong></span> <span class='ocrx_word' id='word_1_157' title='bbox 875 1910 1170 1965; x_wconf 90' lang='lat' dir='ltr'><strong>animarum</strong></span> <span class='ocrx_word' id='word_1_158' title='bbox 1202 1912 1459 1975; x_wconf 83' lang='lat' dir='ltr'><strong>violator,</strong></span> <span class='ocrx_word' id='word_1_159' title='bbox 1510 1921 1663 1979; x_wconf 89' lang='lat' dir='ltr'><strong>pater</strong></span> <span class='ocrx_word' id='word_1_160' title='bbox 1712 1920 1862 1966; x_wconf 87' lang='lat' dir='ltr'><strong>tene-</strong></span> 
     </span>
    </p>
   </div>
   <div class='ocr_carea' id='block_1_22' title="bbox 291 2003 1862 2074">
    <p class='ocr_par' dir='ltr' id='par_1_22' title="bbox 291 2003 1862 2074">
     <span class='ocr_line' id='line_1_22' title="bbox 291 2003 1862 2074; baseline -0.002 -14"><span class='ocrx_word' id='word_1_161' title='bbox 291 2007 498 2060; x_wconf 78' lang='lat' dir='ltr'><strong>btarum</strong></span> <span class='ocrx_word' id='word_1_162' title='bbox 528 2013 584 2059; x_wconf 85' lang='lat' dir='ltr'><strong>et</strong></span> <span class='ocrx_word' id='word_1_163' title='bbox 612 2005 947 2074; x_wconf 84' lang='lat' dir='ltr'><strong>perditionis,</strong></span> <span class='ocrx_word' id='word_1_164' title='bbox 978 2018 1084 2057; x_wconf 91' lang='lat' dir='ltr'><strong>non</strong></span> <span class='ocrx_word' id='word_1_165' title='bbox 1115 2003 1210 2058; x_wconf 91' lang='lat' dir='ltr'><strong>tibi</strong></span> <span class='ocrx_word' id='word_1_166' title='bbox 1238 2004 1434 2059; x_wconf 91' lang='lat' dir='ltr'><strong>sufficit</strong></span> <span class='ocrx_word' id='word_1_167' title='bbox 1476 2014 1561 2058; x_wconf 90' lang='lat' dir='ltr'><strong>tua</strong></span> <span class='ocrx_word' id='word_1_168' title='bbox 1612 2005 1862 2072; x_wconf 85' lang='lat' dir='ltr'><strong>perditio,</strong></span> 
     </span>
    </p>
   </div>
   <div class='ocr_carea' id='block_1_23' title="bbox 292 2094 1861 2165">
    <p class='ocr_par' dir='ltr' id='par_1_23' title="bbox 292 2094 1861 2165">
     <span class='ocr_line' id='line_1_23' title="bbox 292 2094 1861 2165; baseline 0.001 -17"><span class='ocrx_word' id='word_1_169' title='bbox 292 2110 444 2165; x_wconf 87' lang='lat' dir='ltr'><strong>quam</strong></span> <span class='ocrx_word' id='word_1_170' title='bbox 476 2096 677 2150; x_wconf 84' lang='lat' dir='ltr'><strong>tibimet</strong></span> <span class='ocrx_word' id='word_1_171' title='bbox 712 2095 813 2159; x_wconf 73' lang='lat' dir='ltr'><strong>ipsi</strong></span> <span class='ocrx_word' id='word_1_172' title='bbox 846 2104 897 2146; x_wconf 70' lang='grc' dir='ltr'><strong>ιιι</strong></span> <span class='ocrx_word' id='word_1_173' title='bbox 927 2094 1009 2148; x_wconf 85' lang='lat' dir='ltr'><strong>his</strong></span> <span class='ocrx_word' id='word_1_174' title='bbox 1036 2095 1124 2165; x_wconf 91' lang='lat' dir='ltr'><strong>qui</strong></span> <span class='ocrx_word' id='word_1_175' title='bbox 1155 2096 1255 2149; x_wconf 91' lang='lat' dir='ltr'><strong>sub</strong></span> <span class='ocrx_word' id='word_1_176' title='bbox 1306 2104 1356 2150; x_wconf 90' lang='lat' dir='ltr'><strong>te</strong></span> <span class='ocrx_word' id='word_1_177' title='bbox 1398 2105 1523 2149; x_wconf 89' lang='lat' dir='ltr'><strong>sunt</strong></span> <span class='ocrx_word' id='word_1_178' title='bbox 1571 2096 1861 2165; x_wconf 85' lang='lat' dir='ltr'><strong>acquisisti,</strong></span> 
     </span>
    </p>
   </div>
   <div class='ocr_carea' id='block_1_24' title="bbox 297 2183 1865 2253">
    <p class='ocr_par' dir='ltr' id='par_1_24' title="bbox 297 2183 1865 2253">
     <span class='ocr_line' id='line_1_24' title="bbox 297 2183 1865 2253; baseline 0.001 -16"><span class='ocrx_word' id='word_1_179' title='bbox 297 2186 385 2239; x_wconf 84' lang='lat' dir='ltr'><strong>sed</strong></span> <span class='ocrx_word' id='word_1_180' title='bbox 414 2185 590 2241; x_wconf 87' lang='lat' dir='ltr'><strong>adhuc</strong></span> <span class='ocrx_word' id='word_1_181' title='bbox 613 2200 714 2239; x_wconf 91' lang='lat' dir='ltr'><strong>non</strong></span> <span class='ocrx_word' id='word_1_182' title='bbox 736 2183 986 2253; x_wconf 78' lang='lat' dir='ltr'><strong>quiescis,</strong></span> <span class='ocrx_word' id='word_1_183' title='bbox 1015 2192 1070 2239; x_wconf 90' lang='lat' dir='ltr'><strong>et</strong></span> <span class='ocrx_word' id='word_1_184' title='bbox 1101 2184 1192 2238; x_wconf 87' lang='lat' dir='ltr'><strong>Dei</strong></span> <span class='ocrx_word' id='word_1_185' title='bbox 1223 2184 1325 2238; x_wconf 91' lang='lat' dir='ltr'><strong>mei</strong></span> <span class='ocrx_word' id='word_1_186' title='bbox 1349 2186 1549 2253; x_wconf 84' lang='lat' dir='ltr'><strong>plasma</strong></span> <span class='ocrx_word' id='word_1_187' title='bbox 1574 2186 1865 2239; x_wconf 88' lang='lat' dir='ltr'><strong>tentando?</strong></span> 
     </span>
    </p>
   </div>
   <div class='ocr_carea' id='block_1_25' title="bbox 301 2274 1862 2343">
    <p class='ocr_par' dir='ltr' id='par_1_25' title="bbox 301 2274 1862 2343">
     <span class='ocr_line' id='line_1_25' title="bbox 301 2274 1862 2343; baseline 0 -15"><span class='ocrx_word' id='word_1_188' title='bbox 301 2275 546 2329; x_wconf 80' lang='lat' dir='ltr'><strong>Diabolus</strong></span> <span class='ocrx_word' id='word_1_189' title='bbox 568 2290 689 2328; x_wconf 89' lang='lat' dir='ltr'><strong>vero</strong></span> <span class='ocrx_word' id='word_1_190' title='bbox 711 2275 852 2328; x_wconf 90' lang='lat' dir='ltr'><strong>dixit</strong></span> <span class='ocrx_word' id='word_1_191' title='bbox 874 2275 940 2328; x_wconf 89' lang='lat' dir='ltr'><strong>ad</strong></span> <span class='ocrx_word' id='word_1_192' title='bbox 962 2290 1086 2327; x_wconf 87' lang='lat' dir='ltr'><strong>eum</strong></span> <span class='ocrx_word' id='word_1_193' title='bbox 1113 2293 1125 2328; x_wconf 89' lang='lat'><strong>:</strong></span> <span class='ocrx_word' id='word_1_194' title='bbox 1153 2274 1480 2343; x_wconf 74' lang='lat' dir='ltr'><strong>Prajudicas</strong></span> <span class='ocrx_word' id='word_1_195' title='bbox 1504 2275 1654 2339; x_wconf 87' lang='lat' dir='ltr'><strong>mihi,</strong></span> <span class='ocrx_word' id='word_1_196' title='bbox 1682 2276 1862 2340; x_wconf 83' lang='lat' dir='ltr'><strong>Basili,</strong></span> 
     </span>
    </p>
   </div>
   <div class='ocr_carea' id='block_1_26' title="bbox 291 2366 1867 2435">
    <p class='ocr_par' dir='ltr' id='par_1_26' title="bbox 291 2366 1867 2435">
     <span class='ocr_line' id='line_1_26' title="bbox 291 2366 1867 2435; baseline 0.001 -16"><span class='ocrx_word' id='word_1_197' title='bbox 291 2368 360 2421; x_wconf 87' lang='lat' dir='ltr'><strong>ita</strong></span> <span class='ocrx_word' id='word_1_198' title='bbox 393 2376 453 2421; x_wconf 92' lang='lat' dir='ltr'><strong>ut</strong></span> <span class='ocrx_word' id='word_1_199' title='bbox 482 2368 631 2421; x_wconf 89' lang='lat' dir='ltr'><strong>multi</strong></span> <span class='ocrx_word' id='word_1_200' title='bbox 657 2383 718 2421; x_wconf 91' lang='lat' dir='ltr'><strong>ex</strong></span> <span class='ocrx_word' id='word_1_201' title='bbox 752 2366 908 2421; x_wconf 63' lang='lat' dir='ltr'><strong>nobis</strong></span> <span class='ocrx_word' id='word_1_202' title='bbox 954 2366 1200 2422; x_wconf 89' lang='lat' dir='ltr'><strong>audirent</strong></span> <span class='ocrx_word' id='word_1_203' title='bbox 1238 2383 1397 2421; x_wconf 85' lang='lat' dir='ltr'><strong>voces</strong></span> <span class='ocrx_word' id='word_1_204' title='bbox 1443 2367 1577 2435; x_wconf 82' lang='lat' dir='ltr'><strong>ejus.</strong></span> <span class='ocrx_word' id='word_1_205' title='bbox 1629 2370 1695 2421; x_wconf 83' lang='lat' dir='ltr'><strong>At</strong></span> <span class='ocrx_word' id='word_1_206' title='bbox 1741 2384 1867 2421; x_wconf 78' lang='lat' dir='ltr'><strong>vero</strong></span> 
     </span>
    </p>
   </div>
   <div class='ocr_carea' id='block_1_27' title="bbox 286 2458 1866 2529">
    <p class='ocr_par' dir='ltr' id='par_1_27' title="bbox 286 2458 1866 2529">
     <span class='ocr_line' id='line_1_27' title="bbox 286 2458 1866 2529; baseline 0 -16"><span class='ocrx_word' id='word_1_207' title='bbox 286 2470 501 2513; x_wconf 74' lang='lat' dir='ltr'><strong>sanctus</strong></span> <span class='ocrx_word' id='word_1_208' title='bbox 530 2459 622 2513; x_wconf 89' lang='lat' dir='ltr'><strong>Dei</strong></span> <span class='ocrx_word' id='word_1_209' title='bbox 650 2460 715 2513; x_wconf 90' lang='lat' dir='ltr'><strong>ad</strong></span> <span class='ocrx_word' id='word_1_210' title='bbox 747 2458 898 2513; x_wconf 91' lang='lat' dir='ltr'><strong>illum</strong></span> <span class='ocrx_word' id='word_1_211' title='bbox 930 2476 944 2511; x_wconf 90' lang='lat'><strong>:</strong></span> <span class='ocrx_word' id='word_1_212' title='bbox 979 2459 1240 2529; x_wconf 86' lang='lat' dir='ltr'><strong>Increpat,</strong></span> <span class='ocrx_word' id='word_1_213' title='bbox 1267 2460 1457 2529; x_wconf 86' lang='lat' dir='ltr'><strong>inquit,</strong></span> <span class='ocrx_word' id='word_1_214' title='bbox 1485 2460 1577 2514; x_wconf 82' lang='lat' dir='ltr'><strong>tibi</strong></span> <span class='ocrx_word' id='word_1_215' title='bbox 1608 2460 1866 2513; x_wconf 88' lang='lat' dir='ltr'><strong>Dominus</strong></span> 
     </span>
    </p>
   </div>
   <div class='ocr_carea' id='block_1_28' title="bbox 288 2547 1865 2619">
    <p class='ocr_par' dir='ltr' id='par_1_28' title="bbox 288 2547 1865 2619">
     <span class='ocr_line' id='line_1_28' title="bbox 288 2547 1865 2619; baseline 0.004 -19"><span class='ocrx_word' id='word_1_216' title='bbox 288 2548 456 2618; x_wconf 63' lang='lat' dir='ltr'><strong>(laute</strong></span> <span class='ocrx_word' id='word_1_217' title='bbox 500 2547 701 2619; x_wconf 62' lang='lat' dir='ltr'><strong>epist),</strong></span> <span class='ocrx_word' id='word_1_218' title='bbox 734 2550 955 2604; x_wconf 86' lang='lat' dir='ltr'><strong>diabolc.</strong></span> <span class='ocrx_word' id='word_1_219' title='bbox 994 2551 1065 2605; x_wconf 83' lang='lat' dir='ltr'><strong>At</strong></span> <span class='ocrx_word' id='word_1_220' title='bbox 1110 2550 1243 2606; x_wconf 88' lang='lat' dir='ltr'><strong>ille:</strong></span> <span class='ocrx_word' id='word_1_221' title='bbox 1276 2550 1461 2615; x_wconf 90' lang='lat' dir='ltr'><strong>Basili,</strong></span> <span class='ocrx_word' id='word_1_222' title='bbox 1498 2551 1865 2619; x_wconf 64' lang='lat' dir='ltr'><strong>prmjudicium</strong></span> 
     </span>
    </p>
   </div>
   <div class='ocr_carea' id='block_1_29' title="bbox 288 2638 1865 2709">
    <p class='ocr_par' dir='ltr' id='par_1_29' title="bbox 288 2638 1865 2709">
     <span class='ocr_line' id='line_1_29' title="bbox 288 2638 1865 2709; baseline 0.003 -17"><span class='ocrx_word' id='word_1_223' title='bbox 288 2638 406 2692; x_wconf 71' lang='lat' dir='ltr'><strong>uitii</strong></span> <span class='ocrx_word' id='word_1_224' title='bbox 436 2638 589 2695; x_wconf 86' lang='lat' dir='ltr'><strong>facis.</strong></span> <span class='ocrx_word' id='word_1_225' title='bbox 619 2640 733 2693; x_wconf 85' lang='lat' dir='ltr'><strong>Non</strong></span> <span class='ocrx_word' id='word_1_226' title='bbox 761 2640 827 2693; x_wconf 89' lang='lat' dir='ltr'><strong>ivi</strong></span> <span class='ocrx_word' id='word_1_227' title='bbox 858 2655 959 2709; x_wconf 88' lang='lat' dir='ltr'><strong>ego</strong></span> <span class='ocrx_word' id='word_1_228' title='bbox 985 2640 1050 2694; x_wconf 90' lang='lat' dir='ltr'><strong>ad</strong></span> <span class='ocrx_word' id='word_1_229' title='bbox 1078 2656 1222 2708; x_wconf 91' lang='lat' dir='ltr'><strong>eum,</strong></span> <span class='ocrx_word' id='word_1_230' title='bbox 1255 2642 1347 2695; x_wconf 91' lang='lat' dir='ltr'><strong>sed</strong></span> <span class='ocrx_word' id='word_1_231' title='bbox 1375 2642 1466 2696; x_wconf 90' lang='lat' dir='ltr'><strong>ille</strong></span> <span class='ocrx_word' id='word_1_232' title='bbox 1496 2644 1642 2697; x_wconf 88' lang='lat' dir='ltr'><strong>venit</strong></span> <span class='ocrx_word' id='word_1_233' title='bbox 1664 2643 1728 2696; x_wconf 90' lang='lat' dir='ltr'><strong>ad</strong></span> <span class='ocrx_word' id='word_1_234' title='bbox 1757 2659 1865 2707; x_wconf 90' lang='lat' dir='ltr'><strong>me,</strong></span> 
     </span>
    </p>
   </div>
   <div class='ocr_carea' id='block_1_30' title="bbox 288 2728 1867 2801">
    <p class='ocr_par' dir='ltr' id='par_1_30' title="bbox 288 2728 1867 2801">
     <span class='ocr_line' id='line_1_30' title="bbox 288 2728 1867 2801; baseline 0.006 -21"><span class='ocrx_word' id='word_1_235' title='bbox 288 2729 713 2784; x_wconf 79' lang='lat' dir='ltr'><strong>abrenuntiando</strong></span> <span class='ocrx_word' id='word_1_236' title='bbox 740 2728 1009 2785; x_wconf 73' lang='lat' dir='ltr'><strong>Christum</strong></span> <span class='ocrx_word' id='word_1_237' title='bbox 1036 2771 1052 2797; x_wconf 93' lang='lat'><strong>,</strong></span> <span class='ocrx_word' id='word_1_238' title='bbox 1086 2747 1400 2801; x_wconf 86' lang='lat' dir='ltr'><strong>mecumque</strong></span> <span class='ocrx_word' id='word_1_239' title='bbox 1445 2744 1528 2789; x_wconf 89' lang='lat' dir='ltr'><strong>est</strong></span> <span class='ocrx_word' id='word_1_240' title='bbox 1578 2734 1867 2799; x_wconf 87' lang='lat' dir='ltr'><strong>sponsione</strong></span> 
     </span>
    </p>
   </div>
   <div class='ocr_carea' id='block_1_31' title="bbox 290 2823 1865 2894">
    <p class='ocr_par' dir='ltr' id='par_1_31' title="bbox 290 2823 1865 2894">
     <span class='ocr_line' id='line_1_31' title="bbox 290 2823 1865 2894; baseline 0.004 -19"><span class='ocrx_word' id='word_1_241' title='bbox 290 2829 587 2889; x_wconf 72' lang='lat' dir='ltr'><strong>pactuatus,</strong></span> <span class='ocrx_word' id='word_1_242' title='bbox 617 2832 672 2875; x_wconf 85' lang='lat' dir='ltr'><strong>et</strong></span> <span class='ocrx_word' id='word_1_243' title='bbox 695 2837 821 2875; x_wconf 89' lang='lat' dir='ltr'><strong>ecce</strong></span> <span class='ocrx_word' id='word_1_244' title='bbox 843 2823 1096 2891; x_wconf 89' lang='lat' dir='ltr'><strong>scriptum</strong></span> <span class='ocrx_word' id='word_1_245' title='bbox 1129 2823 1298 2879; x_wconf 89' lang='lat' dir='ltr'><strong>habeo</strong></span> <span class='ocrx_word' id='word_1_246' title='bbox 1349 2835 1403 2880; x_wconf 92' lang='lat' dir='ltr'><strong>et</strong></span> <span class='ocrx_word' id='word_1_247' title='bbox 1451 2826 1503 2880; x_wconf 90' lang='lat' dir='ltr'><strong>in</strong></span> <span class='ocrx_word' id='word_1_248' title='bbox 1553 2826 1640 2880; x_wconf 70' lang='lat' dir='ltr'><strong>die</strong></span> <span class='ocrx_word' id='word_1_249' title='bbox 1682 2828 1865 2894; x_wconf 69' lang='lat' dir='ltr'><strong>judicii</strong></span> 
     </span>
    </p>
   </div>
   <div class='ocr_carea' id='block_1_32' title="bbox 285 2899 1866 2983">
    <p class='ocr_par' dir='ltr' id='par_1_32' title="bbox 285 2899 1866 2983">
     <span class='ocr_line' id='line_1_32' title="bbox 285 2899 1866 2983; baseline 0.004 -17"><span class='ocrx_word' id='word_1_250' title='bbox 285 2926 460 2966; x_wconf 83' lang='lat' dir='ltr'><strong>coram</strong></span> <span class='ocrx_word' id='word_1_251' title='bbox 489 2899 763 2968; x_wconf 85' lang='lat' dir='ltr'><strong>communi</strong></span> <span class='ocrx_word' id='word_1_252' title='bbox 789 2914 970 2983; x_wconf 84' lang='lat' dir='ltr'><strong>judice</strong></span> <span class='ocrx_word' id='word_1_253' title='bbox 1000 2915 1235 2970; x_wconf 79' lang='lat' dir='ltr'><strong>deferam</strong></span> <span class='ocrx_word' id='word_1_254' title='bbox 1260 2917 1410 2971; x_wconf 92' lang='lat' dir='ltr'><strong>illud.</strong></span> <span class='ocrx_word' id='word_1_255' title='bbox 1439 2918 1667 2973; x_wconf 86' lang='lat' dir='ltr'><strong>Sanctus</strong></span> <span class='ocrx_word' id='word_1_256' title='bbox 1690 2928 1866 2973; x_wconf 88' lang='lat' dir='ltr'><strong>autem</strong></span> 
     </span>
    </p>
   </div>
   <div class='ocr_carea' id='block_1_33' title="bbox 292 3001 1868 3075">
    <p class='ocr_par' dir='ltr' id='par_1_33' title="bbox 292 3001 1868 3075">
     <span class='ocr_line' id='line_1_33' title="bbox 292 3001 1868 3075; baseline 0.004 -20"><span class='ocrx_word' id='word_1_257' title='bbox 292 3001 497 3057; x_wconf 89' lang='lat' dir='ltr'><strong>Domini</strong></span> <span class='ocrx_word' id='word_1_258' title='bbox 528 3004 665 3058; x_wconf 88' lang='lat' dir='ltr'><strong>dixit</strong></span> <span class='ocrx_word' id='word_1_259' title='bbox 691 3022 705 3058; x_wconf 90' lang='lat'><strong>:</strong></span> <span class='ocrx_word' id='word_1_260' title='bbox 737 3005 1054 3060; x_wconf 86' lang='lat' dir='ltr'><strong>Benedictus</strong></span> <span class='ocrx_word' id='word_1_261' title='bbox 1084 3006 1340 3062; x_wconf 88' lang='lat' dir='ltr'><strong>Dominus</strong></span> <span class='ocrx_word' id='word_1_262' title='bbox 1372 3008 1512 3062; x_wconf 89' lang='lat' dir='ltr'><strong>Deus</strong></span> <span class='ocrx_word' id='word_1_263' title='bbox 1558 3022 1735 3075; x_wconf 89' lang='lat' dir='ltr'><strong>meus,</strong></span> <span class='ocrx_word' id='word_1_264' title='bbox 1763 3023 1868 3062; x_wconf 91' lang='lat' dir='ltr'><strong>non</strong></span> 
     </span>
    </p>
   </div>
   <div class='ocr_carea' id='block_1_34' title="bbox 290 3091 1868 3165">
    <p class='ocr_par' dir='ltr' id='par_1_34' title="bbox 290 3091 1868 3165">
     <span class='ocr_line' id='line_1_34' title="bbox 290 3091 1868 3165; baseline 0.005 -21"><span class='ocrx_word' id='word_1_265' title='bbox 290 3091 521 3159; x_wconf 86' lang='lat' dir='ltr'><strong>deponet</strong></span> <span class='ocrx_word' id='word_1_266' title='bbox 551 3094 779 3163; x_wconf 86' lang='lat' dir='ltr'><strong>populus</strong></span> <span class='ocrx_word' id='word_1_267' title='bbox 806 3094 907 3149; x_wconf 90' lang='lat' dir='ltr'><strong>iste</strong></span> <span class='ocrx_word' id='word_1_268' title='bbox 951 3110 1140 3150; x_wconf 88' lang='lat' dir='ltr'><strong>manus</strong></span> <span class='ocrx_word' id='word_1_269' title='bbox 1185 3097 1253 3150; x_wconf 86' lang='lat' dir='ltr'><strong>ab</strong></span> <span class='ocrx_word' id='word_1_270' title='bbox 1300 3098 1513 3151; x_wconf 81' lang='lat' dir='ltr'><strong>excelso</strong></span> <span class='ocrx_word' id='word_1_271' title='bbox 1560 3099 1719 3165; x_wconf 73' lang='lat' dir='ltr'><strong>cmli,</strong></span> <span class='ocrx_word' id='word_1_272' title='bbox 1767 3098 1868 3152; x_wconf 85' lang='lat' dir='ltr'><strong>nisi</strong></span> 
     </span>
    </p>
   </div>
   <div class='ocr_carea' id='block_1_35' title="bbox 1966 542 3541 613">
    <p class='ocr_par' dir='ltr' id='par_1_35' title="bbox 1966 542 3541 613">
     <span class='ocr_line' id='line_1_35' title="bbox 1966 542 3541 613; baseline 0.003 -20"><span class='ocrx_word' id='word_1_273' title='bbox 1966 543 2155 596; x_wconf 84' lang='lat' dir='ltr'><strong>horam</strong></span> <span class='ocrx_word' id='word_1_274' title='bbox 2208 557 2400 595; x_wconf 91' lang='lat' dir='ltr'><strong>nonam</strong></span> <span class='ocrx_word' id='word_1_275' title='bbox 2451 544 2576 596; x_wconf 85' lang='lat' dir='ltr'><strong>tolle</strong></span> <span class='ocrx_word' id='word_1_276' title='bbox 2626 542 2949 595; x_wconf 87' lang='lat' dir='ltr'><strong>thuribulum</strong></span> <span class='ocrx_word' id='word_1_277' title='bbox 3002 553 3053 595; x_wconf 88' lang='lat' dir='ltr'><strong>et</strong></span> <span class='ocrx_word' id='word_1_278' title='bbox 3104 557 3290 596; x_wconf 84' lang='lat' dir='ltr'><strong>cereos</strong></span> <span class='ocrx_word' id='word_1_279' title='bbox 3349 542 3541 613; x_wconf 29' lang='lat' dir='ltr'><strong>(illi),</strong></span> 
     </span>
    </p>
   </div>
   <div class='ocr_carea' id='block_1_36' title="bbox 1968 633 3544 703">
    <p class='ocr_par' dir='ltr' id='par_1_36' title="bbox 1968 633 3544 703">
     <span class='ocr_line' id='line_1_36' title="bbox 1968 633 3544 703; baseline -0.001 -14"><span class='ocrx_word' id='word_1_280' title='bbox 1968 636 2179 689; x_wconf 88' lang='lat' dir='ltr'><strong>obviam</strong></span> <span class='ocrx_word' id='word_1_281' title='bbox 2235 635 2371 689; x_wconf 87' lang='lat' dir='ltr'><strong>vade</strong></span> <span class='ocrx_word' id='word_1_282' title='bbox 2420 643 2623 689; x_wconf 84' lang='lat' dir='ltr'><strong>sancto.</strong></span> <span class='ocrx_word' id='word_1_283' title='bbox 2657 634 2852 688; x_wconf 83' lang='lat' dir='ltr'><strong>Basilio</strong></span> <span class='ocrx_word' id='word_1_284' title='bbox 2903 633 3347 703; x_wconf 73' lang='lat' dir='ltr'><strong>archiepiscOpo;</strong></span> <span class='ocrx_word' id='word_1_285' title='bbox 3403 637 3544 688; x_wconf 83' lang='lat' dir='ltr'><strong>venit</strong></span> 
     </span>
    </p>
   </div>
   <div class='ocr_carea' id='block_1_37' title="bbox 1966 728 3541 798">
    <p class='ocr_par' dir='ltr' id='par_1_37' title="bbox 1966 728 3541 798">
     <span class='ocr_line' id='line_1_37' title="bbox 1966 728 3541 798; baseline -0.004 -15"><span class='ocrx_word' id='word_1_286' title='bbox 1966 729 2108 784; x_wconf 83' lang='lat' dir='ltr'><strong>enim</strong></span> <span class='ocrx_word' id='word_1_287' title='bbox 2139 728 2486 798; x_wconf 79' lang='lat' dir='ltr'><strong>applicarein</strong></span> <span class='ocrx_word' id='word_1_288' title='bbox 2516 728 2677 783; x_wconf 90' lang='lat' dir='ltr'><strong>domo</strong></span> <span class='ocrx_word' id='word_1_289' title='bbox 2707 739 2908 782; x_wconf 72' lang='lat' dir='ltr'><strong>mistra.</strong></span> <span class='ocrx_word' id='word_1_290' title='bbox 2944 728 3035 781; x_wconf 86' lang='lat' dir='ltr'><strong>Illa</strong></span> <span class='ocrx_word' id='word_1_291' title='bbox 3067 736 3245 780; x_wconf 90' lang='lat' dir='ltr'><strong>autem</strong></span> <span class='ocrx_word' id='word_1_292' title='bbox 3294 728 3541 780; x_wconf 80' lang='lat' dir='ltr'><strong>tremefa-</strong></span> 
     </span>
    </p>
   </div>
   <div class='ocr_carea' id='block_1_38' title="bbox 1964 820 3541 892">
    <p class='ocr_par' dir='ltr' id='par_1_38' title="bbox 1964 820 3541 892">
     <span class='ocr_line' id='line_1_38' title="bbox 1964 820 3541 892; baseline -0.004 -17"><span class='ocrx_word' id='word_1_293' title='bbox 1964 832 2047 876; x_wconf 88' lang='lat' dir='ltr'><strong>cta</strong></span> <span class='ocrx_word' id='word_1_294' title='bbox 2080 837 2241 891; x_wconf 83' lang='lat' dir='ltr'><strong>super</strong></span> <span class='ocrx_word' id='word_1_295' title='bbox 2272 832 2377 876; x_wconf 89' lang='lat' dir='ltr'><strong>tam</strong></span> <span class='ocrx_word' id='word_1_296' title='bbox 2400 822 2691 892; x_wconf 90' lang='lat' dir='ltr'><strong>gloriosum</strong></span> <span class='ocrx_word' id='word_1_297' title='bbox 2719 821 2939 888; x_wconf 88' lang='lat' dir='ltr'><strong>dictum,</strong></span> <span class='ocrx_word' id='word_1_298' title='bbox 2979 821 3102 876; x_wconf 84' lang='lat' dir='ltr'><strong>fecit</strong></span> <span class='ocrx_word' id='word_1_299' title='bbox 3128 830 3187 875; x_wconf 89' lang='lat' dir='ltr'><strong>ut</strong></span> <span class='ocrx_word' id='word_1_300' title='bbox 3214 820 3398 876; x_wconf 75' lang='lat' dir='ltr'><strong>edot-ta</strong></span> <span class='ocrx_word' id='word_1_301' title='bbox 3430 836 3541 883; x_wconf 66' lang='lat' dir='ltr'><strong>est;</strong></span> 
     </span>
    </p>
   </div>
   <div class='ocr_carea' id='block_1_39' title="bbox 1964 911 3544 981">
    <p class='ocr_par' dir='ltr' id='par_1_39' title="bbox 1964 911 3544 981">
     <span class='ocr_line' id='line_1_39' title="bbox 1964 911 3544 981; baseline -0.001 -16"><span class='ocrx_word' id='word_1_302' title='bbox 1964 921 2080 965; x_wconf 83' lang='lat' dir='ltr'><strong>erat</strong></span> <span class='ocrx_word' id='word_1_303' title='bbox 2097 920 2273 967; x_wconf 82' lang='lat' dir='ltr'><strong>autent</strong></span> <span class='ocrx_word' id='word_1_304' title='bbox 2296 911 2384 966; x_wconf 88' lang='lat' dir='ltr'><strong>illa</strong></span> <span class='ocrx_word' id='word_1_305' title='bbox 2411 913 2560 981; x_wconf 91' lang='lat' dir='ltr'><strong>virgo</strong></span> <span class='ocrx_word' id='word_1_306' title='bbox 2586 911 2776 981; x_wconf 87' lang='lat' dir='ltr'><strong>pudice</strong></span> <span class='ocrx_word' id='word_1_307' title='bbox 2797 914 2980 966; x_wconf 89' lang='lat' dir='ltr'><strong>vivens</strong></span> <span class='ocrx_word' id='word_1_308' title='bbox 2999 911 3345 981; x_wconf 78' lang='lat' dir='ltr'><strong>quadraginta</strong></span> <span class='ocrx_word' id='word_1_309' title='bbox 3370 921 3544 964; x_wconf 78' lang='lat' dir='ltr'><strong>trans-</strong></span> 
     </span>
    </p>
   </div>
   <div class='ocr_carea' id='block_1_40' title="bbox 1966 999 3549 1072">
    <p class='ocr_par' dir='ltr' id='par_1_40' title="bbox 1966 999 3549 1072">
     <span class='ocr_line' id='line_1_40' title="bbox 1966 999 3549 1072; baseline 0.002 -21"><span class='ocrx_word' id='word_1_310' title='bbox 1966 999 2079 1053; x_wconf 85' lang='lat' dir='ltr'><strong>iens</strong></span> <span class='ocrx_word' id='word_1_311' title='bbox 2130 1016 2297 1057; x_wconf 87' lang='lat' dir='ltr'><strong>annos</strong></span> <span class='ocrx_word' id='word_1_312' title='bbox 2321 1017 2445 1057; x_wconf 90' lang='lat' dir='ltr'><strong>cum</strong></span> <span class='ocrx_word' id='word_1_313' title='bbox 2470 1001 2692 1072; x_wconf 85' lang='lat' dir='ltr'><strong>conjuge</strong></span> <span class='ocrx_word' id='word_1_314' title='bbox 2736 1015 2837 1055; x_wconf 91' lang='lat' dir='ltr'><strong>suo</strong></span> <span class='ocrx_word' id='word_1_315' title='bbox 2881 1015 3205 1056; x_wconf 88' lang='lat' dir='ltr'><strong>conservans</strong></span> <span class='ocrx_word' id='word_1_316' title='bbox 3250 1011 3549 1066; x_wconf 79' lang='lat' dir='ltr'><strong>secratum,</strong></span> 
     </span>
    </p>
   </div>
   <div class='ocr_carea' id='block_1_41' title="bbox 1965 1090 3543 1149">
    <p class='ocr_par' dir='ltr' id='par_1_41' title="bbox 1965 1090 3543 1149">
     <span class='ocr_line' id='line_1_41' title="bbox 1965 1090 3543 1149; baseline 0.003 -7"><span class='ocrx_word' id='word_1_317' title='bbox 1965 1090 2113 1143; x_wconf 89' lang='lat' dir='ltr'><strong>steril</strong></span> <span class='ocrx_word' id='word_1_318' title='bbox 2151 1105 2201 1143; x_wconf 93' lang='lat' dir='ltr'><strong>m</strong></span> <span class='ocrx_word' id='word_1_319' title='bbox 2233 1104 2291 1145; x_wconf 90' lang='lat' dir='ltr'><strong>se</strong></span> <span class='ocrx_word' id='word_1_320' title='bbox 2318 1092 2576 1146; x_wconf 77' lang='lat' dir='ltr'><strong>simulans</strong></span> <span class='ocrx_word' id='word_1_321' title='bbox 2608 1092 2931 1149; x_wconf 86' lang='lat' dir='ltr'><strong>hominibus.</strong></span> <span class='ocrx_word' id='word_1_322' title='bbox 2960 1092 3195 1149; x_wconf 87' lang='lat' dir='ltr'><strong>Obvians</strong></span> <span class='ocrx_word' id='word_1_323' title='bbox 3224 1103 3400 1148; x_wconf 87' lang='lat' dir='ltr'><strong>autem</strong></span> <span class='ocrx_word' id='word_1_324' title='bbox 3441 1110 3543 1148; x_wconf 60' lang='lat' dir='ltr'><strong>no»</strong></span> 
     </span>
    </p>
   </div>
   <div class='ocr_carea' id='block_1_42' title="bbox 1967 1180 3536 1253">
    <p class='ocr_par' dir='ltr' id='par_1_42' title="bbox 1967 1180 3536 1253">
     <span class='ocr_line' id='line_1_42' title="bbox 1967 1180 3536 1253; baseline 0.007 -21"><span class='ocrx_word' id='word_1_325' title='bbox 1967 1180 2050 1234; x_wconf 91' lang='lat' dir='ltr'><strong>bis</strong></span> <span class='ocrx_word' id='word_1_326' title='bbox 2077 1195 2197 1235; x_wconf 86' lang='lat' dir='ltr'><strong>cum</strong></span> <span class='ocrx_word' id='word_1_327' title='bbox 2225 1181 2402 1236; x_wconf 86' lang='lat' dir='ltr'><strong>debita</strong></span> <span class='ocrx_word' id='word_1_328' title='bbox 2431 1183 2716 1248; x_wconf 89' lang='lat' dir='ltr'><strong>modestia,</strong></span> <span class='ocrx_word' id='word_1_329' title='bbox 2747 1192 3139 1253; x_wconf 18' lang='lat' dir='ltr'><strong>congruentem,</strong></span> <span class='ocrx_word' id='word_1_330' title='bbox 3163 1185 3536 1243; x_wconf 86' lang='lat' dir='ltr'><strong>salutationem</strong></span> 
     </span>
    </p>
   </div>
   <div class='ocr_carea' id='block_1_43' title="bbox 1968 1270 3539 1343">
    <p class='ocr_par' dir='ltr' id='par_1_43' title="bbox 1968 1270 3539 1343">
     <span class='ocr_line' id='line_1_43' title="bbox 1968 1270 3539 1343; baseline 0.005 -19"><span class='ocrx_word' id='word_1_331' title='bbox 1968 1270 2207 1327; x_wconf 72' lang='lat' dir='ltr'><strong>tribuens</strong></span> <span class='ocrx_word' id='word_1_332' title='bbox 2238 1274 2467 1342; x_wconf 91' lang='lat' dir='ltr'><strong>primum</strong></span> <span class='ocrx_word' id='word_1_333' title='bbox 2500 1274 2713 1343; x_wconf 89' lang='lat' dir='ltr'><strong>quidem</strong></span> <span class='ocrx_word' id='word_1_334' title='bbox 2741 1275 3077 1331; x_wconf 91' lang='lat' dir='ltr'><strong>benedicitur</strong></span> <span class='ocrx_word' id='word_1_335' title='bbox 3106 1290 3134 1329; x_wconf 91' lang='lat' dir='ltr'><strong>a</strong></span> <span class='ocrx_word' id='word_1_336' title='bbox 3166 1284 3351 1330; x_wconf 90' lang='lat' dir='ltr'><strong>sancto</strong></span> <span class='ocrx_word' id='word_1_337' title='bbox 3385 1275 3539 1332; x_wconf 83' lang='lat' dir='ltr'><strong>Patre</strong></span> 
     </span>
    </p>
   </div>
   <div class='ocr_carea' id='block_1_44' title="bbox 1967 1364 3538 1433">
    <p class='ocr_par' dir='ltr' id='par_1_44' title="bbox 1967 1364 3538 1433">
     <span class='ocr_line' id='line_1_44' title="bbox 1967 1364 3538 1433; baseline 0.005 -18"><span class='ocrx_word' id='word_1_338' title='bbox 1967 1374 2188 1429; x_wconf 88' lang='lat' dir='ltr'><strong>nostro;</strong></span> <span class='ocrx_word' id='word_1_339' title='bbox 2220 1364 2413 1419; x_wconf 90' lang='lat' dir='ltr'><strong>deinde</strong></span> <span class='ocrx_word' id='word_1_340' title='bbox 2438 1367 2564 1421; x_wconf 79' lang='lat' dir='ltr'><strong>dicit</strong></span> <span class='ocrx_word' id='word_1_341' title='bbox 2590 1368 2663 1421; x_wconf 93' lang='lat' dir='ltr'><strong>illi</strong></span> <span class='ocrx_word' id='word_1_342' title='bbox 2710 1384 2723 1423; x_wconf 88' lang='lat'><strong>:</strong></span> <span class='ocrx_word' id='word_1_343' title='bbox 2769 1368 3048 1433; x_wconf 85' lang='lat' dir='ltr'><strong>Quomodo</strong></span> <span class='ocrx_word' id='word_1_344' title='bbox 3098 1367 3280 1432; x_wconf 87' lang='lat' dir='ltr'><strong>babes,</strong></span> <span class='ocrx_word' id='word_1_345' title='bbox 3325 1369 3538 1431; x_wconf 84' lang='lat' dir='ltr'><strong>domina</strong></span> 
     </span>
    </p>
   </div>
   <div class='ocr_carea' id='block_1_45' title="bbox 1967 1436 3545 1528">
    <p class='ocr_par' dir='ltr' id='par_1_45' title="bbox 1967 1436 3545 1528">
     <span class='ocr_line' id='line_1_45' title="bbox 1967 1436 3545 1528; baseline 0.006 -20"><span class='ocrx_word' id='word_1_346' title='bbox 1967 1455 2242 1522; x_wconf 82' lang='lat' dir='ltr'><strong>Theognia</strong></span> <span class='ocrx_word' id='word_1_347' title='bbox 2268 1456 2429 1527; x_wconf 70' lang='lat'><strong>(45)?</strong></span> <span class='ocrx_word' id='word_1_348' title='bbox 2480 1458 2569 1511; x_wconf 88' lang='lat' dir='ltr'><strong>Illa</strong></span> <span class='ocrx_word' id='word_1_349' title='bbox 2620 1476 2770 1524; x_wconf 89' lang='lat' dir='ltr'><strong>vero,</strong></span> <span class='ocrx_word' id='word_1_350' title='bbox 2820 1461 3109 1528; x_wconf 87' lang='lat' dir='ltr'><strong>stupefacta</strong></span> <span class='ocrx_word' id='word_1_351' title='bbox 3154 1436 3545 1519; x_wconf 70' lang='lat' dir='ltr'><strong>devocatione</strong></span> 
     </span>
    </p>
   </div>
   <div class='ocr_carea' id='block_1_46' title="bbox 1967 1548 3541 1619">
    <p class='ocr_par' dir='ltr' id='par_1_46' title="bbox 1967 1548 3541 1619">
     <span class='ocr_line' id='line_1_46' title="bbox 1967 1548 3541 1619; baseline 0.006 -19"><span class='ocrx_word' id='word_1_352' title='bbox 1967 1548 2217 1609; x_wconf 88' lang='lat' dir='ltr'><strong>nominis.</strong></span> <span class='ocrx_word' id='word_1_353' title='bbox 2252 1549 2379 1603; x_wconf 89' lang='lat' dir='ltr'><strong>dicit</strong></span> <span class='ocrx_word' id='word_1_354' title='bbox 2406 1550 2456 1604; x_wconf 89' lang='lat' dir='ltr'><strong>ei</strong></span> <span class='ocrx_word' id='word_1_355' title='bbox 2489 1569 2501 1604; x_wconf 93' lang='lat'>:</span> <span class='ocrx_word' id='word_1_356' title='bbox 2536 1553 2698 1619; x_wconf 70' lang='lat' dir='ltr'><strong>liene,</strong></span> <span class='ocrx_word' id='word_1_357' title='bbox 2718 1562 2902 1606; x_wconf 86' lang='lat' dir='ltr'><strong>sancte</strong></span> <span class='ocrx_word' id='word_1_358' title='bbox 2930 1552 3042 1607; x_wconf 89' lang='lat' dir='ltr'><strong>Dei.</strong></span> <span class='ocrx_word' id='word_1_359' title='bbox 3075 1552 3209 1607; x_wconf 86' lang='lat' dir='ltr'><strong>Dicit</strong></span> <span class='ocrx_word' id='word_1_360' title='bbox 3233 1554 3541 1613; x_wconf 79' lang='lat' dir='ltr'><strong>illisanctus</strong></span> 
     </span>
    </p>
   </div>
   <div class='ocr_carea' id='block_1_47' title="bbox 1968 1638 3541 1714">
    <p class='ocr_par' dir='ltr' id='par_1_47' title="bbox 1968 1638 3541 1714">
     <span class='ocr_line' id='line_1_47' title="bbox 1968 1638 3541 1714; baseline 0.003 -23"><span class='ocrx_word' id='word_1_361' title='bbox 1968 1638 2127 1694; x_wconf 87' lang='lat' dir='ltr'><strong>Pater</strong></span> <span class='ocrx_word' id='word_1_362' title='bbox 2154 1648 2376 1695; x_wconf 89' lang='lat' dir='ltr'><strong>noster:</strong></span> <span class='ocrx_word' id='word_1_363' title='bbox 2402 1640 2497 1696; x_wconf 91' lang='lat' dir='ltr'><strong>Ubi</strong></span> <span class='ocrx_word' id='word_1_364' title='bbox 2524 1650 2609 1695; x_wconf 56' lang='lat' dir='ltr'><strong>est</strong></span> <span class='ocrx_word' id='word_1_365' title='bbox 2632 1642 2881 1696; x_wconf 87' lang='lat' dir='ltr'><strong>dominus</strong></span> <span class='ocrx_word' id='word_1_366' title='bbox 2902 1644 3215 1698; x_wconf 86' lang='lat' dir='ltr'><strong>Anastasius</strong></span> <span class='ocrx_word' id='word_1_367' title='bbox 3241 1645 3541 1714; x_wconf 79' lang='lat' dir='ltr'><strong>presbyter,</strong></span> 
     </span>
    </p>
   </div>
   <div class='ocr_carea' id='block_1_48' title="bbox 1967 1727 3546 1800">
    <p class='ocr_par' dir='ltr' id='par_1_48' title="bbox 1967 1727 3546 1800">
     <span class='ocr_line' id='line_1_48' title="bbox 1967 1727 3546 1800; baseline 0.006 -20"><span class='ocrx_word' id='word_1_368' title='bbox 1967 1727 2134 1783; x_wconf 79' lang='lat' dir='ltr'><strong>frater</strong></span> <span class='ocrx_word' id='word_1_369' title='bbox 2162 1732 2322 1785; x_wconf 90' lang='lat' dir='ltr'><strong>tuus?</strong></span> <span class='ocrx_word' id='word_1_370' title='bbox 2352 1731 2488 1785; x_wconf 88' lang='lat' dir='ltr'><strong>Dicit</strong></span> <span class='ocrx_word' id='word_1_371' title='bbox 2514 1733 2563 1785; x_wconf 89' lang='lat' dir='ltr'><strong>ei</strong></span> <span class='ocrx_word' id='word_1_372' title='bbox 2596 1748 2611 1785; x_wconf 74' lang='grc' dir='ltr'><strong>ε</strong></span> <span class='ocrx_word' id='word_1_373' title='bbox 2646 1732 2866 1788; x_wconf 86' lang='lat' dir='ltr'><strong>Maritus</strong></span> <span class='ocrx_word' id='word_1_374' title='bbox 2894 1748 3045 1787; x_wconf 88' lang='lat' dir='ltr'><strong>meus</strong></span> <span class='ocrx_word' id='word_1_375' title='bbox 3075 1743 3177 1799; x_wconf 86' lang='lat' dir='ltr'><strong>est,</strong></span> <span class='ocrx_word' id='word_1_376' title='bbox 3215 1734 3450 1800; x_wconf 85' lang='lat' dir='ltr'><strong>domine,</strong></span> <span class='ocrx_word' id='word_1_377' title='bbox 3492 1746 3546 1789; x_wconf 86' lang='lat' dir='ltr'><strong>et</strong></span> 
     </span>
    </p>
   </div>
   <div class='ocr_carea' id='block_1_49' title="bbox 3080 1825 3545 1879">
    <p class='ocr_par' dir='ltr' id='par_1_49' title="bbox 3080 1825 3545 1879">
     <span class='ocr_line' id='line_1_49' title="bbox 3080 1825 3545 1879; baseline 0.002 -1"><span class='ocrx_word' id='word_1_378' title='bbox 3080 1842 3092 1878; x_wconf 93' lang='lat'>:</span> <span class='ocrx_word' id='word_1_379' title='bbox 3144 1825 3199 1877; x_wconf 89' lang='lat' dir='ltr'><strong>ln</strong></span> <span class='ocrx_word' id='word_1_380' title='bbox 3243 1825 3403 1879; x_wconf 89' lang='lat' dir='ltr'><strong>domo</strong></span> <span class='ocrx_word' id='word_1_381' title='bbox 3456 1835 3545 1879; x_wconf 84' lang='lat' dir='ltr'><strong>tua</strong></span> 
     </span>
    </p>
   </div>
   <div class='ocr_carea' id='block_1_50' title="bbox 1967 1912 3547 1983">
    <p class='ocr_par' dir='ltr' id='par_1_50' title="bbox 1967 1912 3547 1983">
     <span class='ocr_line' id='line_1_50' title="bbox 1967 1912 3547 1983; baseline 0.003 -20"><span class='ocrx_word' id='word_1_382' title='bbox 1967 1917 2070 1974; x_wconf 91' lang='lat' dir='ltr'><strong>est,</strong></span> <span class='ocrx_word' id='word_1_383' title='bbox 2101 1920 2155 1964; x_wconf 89' lang='lat' dir='ltr'><strong>et</strong></span> <span class='ocrx_word' id='word_1_384' title='bbox 2187 1927 2255 1965; x_wconf 91' lang='lat' dir='ltr'><strong>ne</strong></span> <span class='ocrx_word' id='word_1_385' title='bbox 2289 1912 2545 1981; x_wconf 76' lang='lat' dir='ltr'><strong>fatigeris.</strong></span> <span class='ocrx_word' id='word_1_386' title='bbox 2583 1912 2890 1967; x_wconf 86' lang='lat' dir='ltr'><strong>Verecnnda</strong></span> <span class='ocrx_word' id='word_1_387' title='bbox 2922 1928 3049 1983; x_wconf 91' lang='lat' dir='ltr'><strong>ergo</strong></span> <span class='ocrx_word' id='word_1_388' title='bbox 3079 1915 3268 1970; x_wconf 78' lang='lat' dir='ltr'><strong>mulier</strong></span> <span class='ocrx_word' id='word_1_389' title='bbox 3309 1933 3413 1969; x_wconf 87' lang='lat' dir='ltr'><strong>non</strong></span> <span class='ocrx_word' id='word_1_390' title='bbox 3462 1932 3547 1969; x_wconf 83' lang='lat' dir='ltr'><strong>su-</strong></span> 
     </span>
    </p>
   </div>
   <div class='ocr_carea' id='block_1_51' title="bbox 1968 2000 3546 2073">
    <p class='ocr_par' dir='ltr' id='par_1_51' title="bbox 1968 2000 3546 2073">
     <span class='ocr_line' id='line_1_51' title="bbox 1968 2000 3546 2073; baseline 0.005 -20"><span class='ocrx_word' id='word_1_391' title='bbox 1968 2000 2073 2055; x_wconf 92' lang='lat' dir='ltr'><strong>lum</strong></span> <span class='ocrx_word' id='word_1_392' title='bbox 2096 2002 2161 2056; x_wconf 91' lang='lat' dir='ltr'><strong>de</strong></span> <span class='ocrx_word' id='word_1_393' title='bbox 2182 2004 2342 2056; x_wconf 85' lang='lat' dir='ltr'><strong>verbo</strong></span> <span class='ocrx_word' id='word_1_394' title='bbox 2368 2004 2489 2069; x_wconf 89' lang='lat' dir='ltr'><strong>hoc,</strong></span> <span class='ocrx_word' id='word_1_395' title='bbox 2519 2016 2677 2073; x_wconf 88' lang='lat' dir='ltr'><strong>atque</strong></span> <span class='ocrx_word' id='word_1_396' title='bbox 2698 2006 2957 2059; x_wconf 89' lang='lat' dir='ltr'><strong>vocabulo</strong></span> <span class='ocrx_word' id='word_1_397' title='bbox 2980 2007 3212 2060; x_wconf 72' lang='lat' dir='ltr'><strong>non&#39;iin&#39;s</strong></span> <span class='ocrx_word' id='word_1_398' title='bbox 3234 2007 3337 2071; x_wconf 90' lang='lat' dir='ltr'><strong>sui,</strong></span> <span class='ocrx_word' id='word_1_399' title='bbox 3364 2023 3546 2061; x_wconf 86' lang='lat' dir='ltr'><strong>verum</strong></span> 
     </span>
    </p>
   </div>
   <div class='ocr_carea' id='block_1_52' title="bbox 1965 2093 3547 2164">
    <p class='ocr_par' dir='ltr' id='par_1_52' title="bbox 1965 2093 3547 2164">
     <span class='ocr_line' id='line_1_52' title="bbox 1965 2093 3547 2164; baseline 0.002 -18"><span class='ocrx_word' id='word_1_400' title='bbox 1965 2093 2125 2146; x_wconf 79' lang='lat' dir='ltr'><strong>etiam</strong></span> <span class='ocrx_word' id='word_1_401' title='bbox 2154 2094 2294 2162; x_wconf 78' lang='lat' dir='ltr'><strong>quod</strong></span> <span class='ocrx_word' id='word_1_402' title='bbox 2328 2096 2541 2149; x_wconf 80' lang='lat' dir='ltr'><strong>dixerat</strong></span> <span class='ocrx_word' id='word_1_403' title='bbox 2571 2097 2617 2150; x_wconf 92' lang='lat' dir='ltr'><strong>ei</strong></span> <span class='ocrx_word' id='word_1_404' title='bbox 2654 2096 2823 2151; x_wconf 90' lang='lat' dir='ltr'><strong>deifer</strong></span> <span class='ocrx_word' id='word_1_405' title='bbox 2852 2097 3012 2150; x_wconf 83' lang='lat' dir='ltr'><strong>Pater</strong></span> <span class='ocrx_word' id='word_1_406' title='bbox 3054 2108 3267 2162; x_wconf 88' lang='lat' dir='ltr'><strong>noster,</strong></span> <span class='ocrx_word' id='word_1_407' title='bbox 3297 2097 3547 2164; x_wconf 87' lang='lat' dir='ltr'><strong>queniam</strong></span> 
     </span>
    </p>
   </div>
   <div class='ocr_carea' id='block_1_53' title="bbox 1967 2185 3547 2253">
    <p class='ocr_par' dir='ltr' id='par_1_53' title="bbox 1967 2185 3547 2253">
     <span class='ocr_line' id='line_1_53' title="bbox 1967 2185 3547 2253; baseline 0.003 -16"><span class='ocrx_word' id='word_1_408' title='bbox 1967 2185 2180 2251; x_wconf 78' lang='lat' dir='ltr'><strong>quidem</strong></span> <span class='ocrx_word' id='word_1_409' title='bbox 2210 2186 2403 2240; x_wconf 90' lang='lat' dir='ltr'><strong>mulier</strong></span> <span class='ocrx_word' id='word_1_410' title='bbox 2429 2185 2683 2241; x_wconf 66' lang='lat' dir='ltr'><strong>existeret</strong></span> <span class='ocrx_word' id='word_1_411' title='bbox 2711 2188 2950 2251; x_wconf 87' lang='lat' dir='ltr'><strong>nomine,</strong></span> <span class='ocrx_word' id='word_1_412' title='bbox 2980 2203 3135 2242; x_wconf 84' lang='lat' dir='ltr'><strong>soror</strong></span> <span class='ocrx_word' id='word_1_413' title='bbox 3168 2204 3297 2242; x_wconf 83' lang='lat' dir='ltr'><strong>vero</strong></span> <span class='ocrx_word' id='word_1_414' title='bbox 3333 2205 3453 2253; x_wconf 89' lang='lat' dir='ltr'><strong>usu,</strong></span> <span class='ocrx_word' id='word_1_415' title='bbox 3496 2199 3547 2251; x_wconf 55' lang='lat' dir='ltr'><strong>es</strong></span> 
     </span>
    </p>
   </div>
   <div class='ocr_carea' id='block_1_54' title="bbox 1966 2273 3545 2344">
    <p class='ocr_par' dir='ltr' id='par_1_54' title="bbox 1966 2273 3545 2344">
     <span class='ocr_line' id='line_1_54' title="bbox 1966 2273 3545 2344; baseline 0.002 -17"><span class='ocrx_word' id='word_1_416' title='bbox 1966 2273 2261 2342; x_wconf 78' lang='lat' dir='ltr'><strong>Stupefacta</strong></span> <span class='ocrx_word' id='word_1_417' title='bbox 2284 2315 2300 2342; x_wconf 92' lang='lat'><strong>,</strong></span> <span class='ocrx_word' id='word_1_418' title='bbox 2326 2285 2661 2344; x_wconf 87' lang='lat' dir='ltr'><strong>tremoreque</strong></span> <span class='ocrx_word' id='word_1_419' title='bbox 2682 2291 2937 2330; x_wconf 90' lang='lat' dir='ltr'><strong>concussa</strong></span> <span class='ocrx_word' id='word_1_420' title='bbox 2957 2318 2971 2341; x_wconf 94' lang='lat'><strong>,</strong></span> <span class='ocrx_word' id='word_1_421' title='bbox 2994 2278 3184 2331; x_wconf 91' lang='lat' dir='ltr'><strong>cecidit</strong></span> <span class='ocrx_word' id='word_1_422' title='bbox 3215 2278 3265 2331; x_wconf 93' lang='lat' dir='ltr'><strong>iu</strong></span> <span class='ocrx_word' id='word_1_423' title='bbox 3317 2287 3509 2332; x_wconf 88' lang='lat' dir='ltr'><strong>terram</strong></span> <span class='ocrx_word' id='word_1_424' title='bbox 3530 2319 3545 2339; x_wconf 89' lang='lat'><strong>,</strong></span> 
     </span>
    </p>
   </div>
   <div class='ocr_carea' id='block_1_55' title="bbox 1968 2365 3546 2437">
    <p class='ocr_par' dir='ltr' id='par_1_55' title="bbox 1968 2365 3546 2437">
     <span class='ocr_line' id='line_1_55' title="bbox 1968 2365 3546 2437; baseline 0.004 -21"><span class='ocrx_word' id='word_1_425' title='bbox 1968 2366 2205 2419; x_wconf 87' lang='lat' dir='ltr'><strong>clamans</strong></span> <span class='ocrx_word' id='word_1_426' title='bbox 2229 2374 2282 2418; x_wconf 91' lang='lat' dir='ltr'><strong>et</strong></span> <span class='ocrx_word' id='word_1_427' title='bbox 2310 2365 2494 2419; x_wconf 90' lang='lat' dir='ltr'><strong>dicens</strong></span> <span class='ocrx_word' id='word_1_428' title='bbox 2528 2383 2542 2418; x_wconf 91' lang='lat'><strong>:</strong></span> <span class='ocrx_word' id='word_1_429' title='bbox 2578 2368 2772 2421; x_wconf 84' lang='lat' dir='ltr'><strong>Sancte</strong></span> <span class='ocrx_word' id='word_1_430' title='bbox 2804 2368 2919 2430; x_wconf 77' lang='lat' dir='ltr'><strong>Dei,</strong></span> <span class='ocrx_word' id='word_1_431' title='bbox 2946 2384 3036 2422; x_wconf 87' lang='lat' dir='ltr'><strong>ora</strong></span> <span class='ocrx_word' id='word_1_432' title='bbox 3091 2384 3185 2436; x_wconf 91' lang='lat' dir='ltr'><strong>pro</strong></span> <span class='ocrx_word' id='word_1_433' title='bbox 3233 2386 3318 2423; x_wconf 90' lang='lat' dir='ltr'><strong>me</strong></span> <span class='ocrx_word' id='word_1_434' title='bbox 3364 2386 3546 2437; x_wconf 87' lang='lat' dir='ltr'><strong>pecca-</strong></span> 
     </span>
    </p>
   </div>
   <div class='ocr_carea' id='block_1_56' title="bbox 1970 2455 3543 2526">
    <p class='ocr_par' dir='ltr' id='par_1_56' title="bbox 1970 2455 3543 2526">
     <span class='ocr_line' id='line_1_56' title="bbox 1970 2455 3543 2526; baseline 0.004 -19"><span class='ocrx_word' id='word_1_435' title='bbox 1970 2456 2118 2517; x_wconf 87' lang='lat' dir='ltr'><strong>trice,</strong></span> <span class='ocrx_word' id='word_1_436' title='bbox 2155 2455 2276 2521; x_wconf 85' lang='lat' dir='ltr'><strong>quia</strong></span> <span class='ocrx_word' id='word_1_437' title='bbox 2308 2470 2491 2523; x_wconf 86' lang='lat' dir='ltr'><strong>magna</strong></span> <span class='ocrx_word' id='word_1_438' title='bbox 2520 2464 2575 2509; x_wconf 90' lang='lat' dir='ltr'><strong>et</strong></span> <span class='ocrx_word' id='word_1_439' title='bbox 2606 2457 2845 2510; x_wconf 88' lang='lat' dir='ltr'><strong>miranda</strong></span> <span class='ocrx_word' id='word_1_440' title='bbox 2871 2456 3081 2511; x_wconf 90' lang='lat' dir='ltr'><strong>intueor</strong></span> <span class='ocrx_word' id='word_1_441' title='bbox 3103 2473 3285 2526; x_wconf 80' lang='lat' dir='ltr'><strong>opera.</strong></span> <span class='ocrx_word' id='word_1_442' title='bbox 3324 2460 3388 2511; x_wconf 78' lang='lat' dir='ltr'><strong>Et</strong></span> <span class='ocrx_word' id='word_1_443' title='bbox 3413 2460 3543 2513; x_wconf 83' lang='lat' dir='ltr'><strong>facta</strong></span> 
     </span>
    </p>
   </div>
   <div class='ocr_carea' id='block_1_57' title="bbox 1967 2546 3543 2613">
    <p class='ocr_par' dir='ltr' id='par_1_57' title="bbox 1967 2546 3543 2613">
     <span class='ocr_line' id='line_1_57' title="bbox 1967 2546 3543 2613; baseline 0.002 -14"><span class='ocrx_word' id='word_1_444' title='bbox 1967 2560 2130 2613; x_wconf 90' lang='lat' dir='ltr'><strong>super</strong></span> <span class='ocrx_word' id='word_1_445' title='bbox 2160 2546 2304 2599; x_wconf 89' lang='lat' dir='ltr'><strong>illam</strong></span> <span class='ocrx_word' id='word_1_446' title='bbox 2336 2546 2704 2601; x_wconf 87' lang='lat' dir='ltr'><strong>benedictione</strong></span> <span class='ocrx_word' id='word_1_447' title='bbox 2725 2589 2739 2613; x_wconf 97' lang='lat'><strong>,</strong></span> <span class='ocrx_word' id='word_1_448' title='bbox 2772 2563 2950 2603; x_wconf 89' lang='lat' dir='ltr'><strong>coram</strong></span> <span class='ocrx_word' id='word_1_449' title='bbox 2996 2551 3245 2605; x_wconf 79' lang='lat' dir='ltr'><strong>omnibus</strong></span> <span class='ocrx_word' id='word_1_450' title='bbox 3293 2552 3427 2605; x_wconf 80' lang='lat' dir='ltr'><strong>dixit</strong></span> <span class='ocrx_word' id='word_1_451' title='bbox 3451 2552 3543 2606; x_wconf 85' lang='lat' dir='ltr'><strong>ei:</strong></span> 
     </span>
    </p>
   </div>
   <div class='ocr_carea' id='block_1_58' title="bbox 1971 2640 3547 2709">
    <p class='ocr_par' dir='ltr' id='par_1_58' title="bbox 1971 2640 3547 2709">
     <span class='ocr_line' id='line_1_58' title="bbox 1971 2640 3547 2709; baseline 0.002 -15"><span class='ocrx_word' id='word_1_452' title='bbox 1971 2640 2216 2694; x_wconf 85' lang='lat' dir='ltr'><strong>Extende</strong></span> <span class='ocrx_word' id='word_1_453' title='bbox 2245 2655 2478 2709; x_wconf 85' lang='lat' dir='ltr'><strong>pannum</strong></span> <span class='ocrx_word' id='word_1_454' title='bbox 2510 2641 2648 2695; x_wconf 89' lang='lat' dir='ltr'><strong>inter</strong></span> <span class='ocrx_word' id='word_1_455' title='bbox 2683 2642 2896 2695; x_wconf 86' lang='lat' dir='ltr'><strong>brachia</strong></span> <span class='ocrx_word' id='word_1_456' title='bbox 2944 2652 3051 2695; x_wconf 92' lang='lat' dir='ltr'><strong>tua.</strong></span> <span class='ocrx_word' id='word_1_457' title='bbox 3080 2642 3147 2698; x_wconf 82' lang='lat' dir='ltr'><strong>Et</strong></span> <span class='ocrx_word' id='word_1_458' title='bbox 3188 2658 3310 2697; x_wconf 92' lang='lat' dir='ltr'><strong>cum</strong></span> <span class='ocrx_word' id='word_1_459' title='bbox 3360 2656 3547 2699; x_wconf 74' lang='lat' dir='ltr'><strong>extcn~</strong></span> 
     </span>
    </p>
   </div>
   <div class='ocr_carea' id='block_1_59' title="bbox 1969 2732 3545 2802">
    <p class='ocr_par' dir='ltr' id='par_1_59' title="bbox 1969 2732 3545 2802">
     <span class='ocr_line' id='line_1_59' title="bbox 1969 2732 3545 2802; baseline 0.001 -15"><span class='ocrx_word' id='word_1_460' title='bbox 1969 2734 2156 2798; x_wconf 88' lang='lat' dir='ltr'><strong>dissel,</strong></span> <span class='ocrx_word' id='word_1_461' title='bbox 2184 2732 2346 2801; x_wconf 85' lang='lat' dir='ltr'><strong>jussit</strong></span> <span class='ocrx_word' id='word_1_462' title='bbox 2371 2732 2568 2787; x_wconf 84' lang='lat' dir='ltr'><strong>ell‘uadi</strong></span> <span class='ocrx_word' id='word_1_463' title='bbox 2599 2734 2863 2789; x_wconf 91' lang='lat' dir='ltr'><strong>carbones</strong></span> <span class='ocrx_word' id='word_1_464' title='bbox 2894 2734 2962 2789; x_wconf 93' lang='lat' dir='ltr'><strong>de</strong></span> <span class='ocrx_word' id='word_1_465' title='bbox 3004 2735 3275 2788; x_wconf 84' lang='lat' dir='ltr'><strong>tburibalo</strong></span> <span class='ocrx_word' id='word_1_466' title='bbox 3321 2738 3370 2787; x_wconf 90' lang='lat' dir='ltr'><strong>ia</strong></span> <span class='ocrx_word' id='word_1_467' title='bbox 3422 2752 3545 2802; x_wconf 84' lang='lat' dir='ltr'><strong>pan-</strong></span> 
     </span>
    </p>
   </div>
   <div class='ocr_carea' id='block_1_60' title="bbox 1970 2826 3543 2893">
    <p class='ocr_par' dir='ltr' id='par_1_60' title="bbox 1970 2826 3543 2893">
     <span class='ocr_line' id='line_1_60' title="bbox 1970 2826 3543 2893; baseline 0.001 -16"><span class='ocrx_word' id='word_1_468' title='bbox 1970 2840 2132 2890; x_wconf 90' lang='lat' dir='ltr'><strong>nmn,</strong></span> <span class='ocrx_word' id='word_1_469' title='bbox 2163 2838 2532 2893; x_wconf 89' lang='lat' dir='ltr'><strong>superponens</strong></span> <span class='ocrx_word' id='word_1_470' title='bbox 2562 2826 2880 2891; x_wconf 88' lang='lat' dir='ltr'><strong>incensum;</strong></span> <span class='ocrx_word' id='word_1_471' title='bbox 2921 2834 2977 2880; x_wconf 91' lang='lat' dir='ltr'><strong>et</strong></span> <span class='ocrx_word' id='word_1_472' title='bbox 3022 2835 3147 2880; x_wconf 88' lang='lat' dir='ltr'><strong>ante</strong></span> <span class='ocrx_word' id='word_1_473' title='bbox 3175 2842 3362 2881; x_wconf 91' lang='lat' dir='ltr'><strong>omnes</strong></span> <span class='ocrx_word' id='word_1_474' title='bbox 3411 2828 3543 2893; x_wconf 87' lang='lat' dir='ltr'><strong>ibat,</strong></span> 
     </span>
    </p>
   </div>
   <div class='ocr_carea' id='block_1_61' title="bbox 1972 2915 3542 2986">
    <p class='ocr_par' dir='ltr' id='par_1_61' title="bbox 1972 2915 3542 2986">
     <span class='ocr_line' id='line_1_61' title="bbox 1972 2915 3542 2986; baseline -0.001 -16"><span class='ocrx_word' id='word_1_475' title='bbox 1972 2925 2022 2970; x_wconf 91' lang='lat' dir='ltr'><strong>et</strong></span> <span class='ocrx_word' id='word_1_476' title='bbox 2053 2915 2391 2971; x_wconf 90' lang='lat' dir='ltr'><strong>venientibus</strong></span> <span class='ocrx_word' id='word_1_477' title='bbox 2419 2915 2651 2970; x_wconf 89' lang='lat' dir='ltr'><strong>nobisin</strong></span> <span class='ocrx_word' id='word_1_478' title='bbox 2682 2915 2898 2969; x_wconf 90' lang='lat' dir='ltr'><strong>domum</strong></span> <span class='ocrx_word' id='word_1_479' title='bbox 2933 2916 3250 2986; x_wconf 87' lang='lat' dir='ltr'><strong>presbyteri,</strong></span> <span class='ocrx_word' id='word_1_480' title='bbox 3281 2917 3542 2980; x_wconf 75' lang='lat' dir='ltr'><strong>obviavit:</strong></span> 
     </span>
    </p>
   </div>
   <div class='ocr_carea' id='block_1_62' title="bbox 1973 3004 3547 3073">
    <p class='ocr_par' dir='ltr' id='par_1_62' title="bbox 1973 3004 3547 3073">
     <span class='ocr_line' id='line_1_62' title="bbox 1973 3004 3547 3073; baseline -0.001 -13"><span class='ocrx_word' id='word_1_481' title='bbox 1973 3016 2026 3061; x_wconf 88' lang='lat' dir='ltr'><strong>et</strong></span> <span class='ocrx_word' id='word_1_482' title='bbox 2056 3007 2168 3073; x_wconf 87' lang='lat' dir='ltr'><strong>ipse</strong></span> <span class='ocrx_word' id='word_1_483' title='bbox 2196 3004 2513 3059; x_wconf 85' lang='lat' dir='ltr'><strong>deosculans</strong></span> <span class='ocrx_word' id='word_1_484' title='bbox 2570 3004 2911 3059; x_wconf 87' lang='lat' dir='ltr'><strong>honorabiles</strong></span> <span class='ocrx_word' id='word_1_485' title='bbox 2982 3006 3099 3072; x_wconf 85' lang='lat' dir='ltr'><strong>ejus</strong></span> <span class='ocrx_word' id='word_1_486' title='bbox 3145 3004 3327 3071; x_wconf 90' lang='lat' dir='ltr'><strong>pedes,</strong></span> <span class='ocrx_word' id='word_1_487' title='bbox 3397 3005 3547 3059; x_wconf 84' lang='lat' dir='ltr'><strong>dedit</strong></span> 
     </span>
    </p>
   </div>
   <div class='ocr_carea' id='block_1_63' title="bbox 1975 3093 3535 3163">
    <p class='ocr_par' dir='ltr' id='par_1_63' title="bbox 1975 3093 3535 3163">
     <span class='ocr_line' id='line_1_63' title="bbox 1975 3093 3535 3163; baseline -0.002 -14"><span class='ocrx_word' id='word_1_488' title='bbox 1975 3096 2050 3150; x_wconf 90' lang='lat' dir='ltr'><strong>illi</strong></span> <span class='ocrx_word' id='word_1_489' title='bbox 2078 3097 2129 3149; x_wconf 92' lang='lat' dir='ltr'><strong>in</strong></span> <span class='ocrx_word' id='word_1_490' title='bbox 2161 3094 2387 3148; x_wconf 91' lang='lat' dir='ltr'><strong>Domino</strong></span> <span class='ocrx_word' id='word_1_491' title='bbox 2432 3093 2835 3157; x_wconf 85' lang='lat' dir='ltr'><strong>salutationem,</strong></span> <span class='ocrx_word' id='word_1_492' title='bbox 2862 3103 2912 3147; x_wconf 90' lang='lat' dir='ltr'><strong>et</strong></span> <span class='ocrx_word' id='word_1_493' title='bbox 2945 3093 3069 3147; x_wconf 82' lang='lat' dir='ltr'><strong>dicit</strong></span> <span class='ocrx_word' id='word_1_494' title='bbox 3118 3094 3167 3148; x_wconf 91' lang='lat' dir='ltr'><strong>ei</strong></span> <span class='ocrx_word' id='word_1_495' title='bbox 3217 3095 3495 3163; x_wconf 67' lang='lat' dir='ltr'><strong>presbyter</strong></span> <span class='ocrx_word' id='word_1_496' title='bbox 3526 3113 3535 3146; x_wconf 95' lang='lat'>:</span> 
     </span>
    </p>
   </div>
   <div class='ocr_carea' id='block_1_64' title="bbox 286 3182 3552 3259">
    <p class='ocr_par' dir='ltr' id='par_1_64' title="bbox 286 3182 3552 3259">
     <span class='ocr_line' id='line_1_64' title="bbox 286 3182 3552 3259; baseline -0 -22"><span class='ocrx_word' id='word_1_497' title='bbox 286 3184 588 3241; x_wconf 85' lang='lat' dir='ltr'><strong>reddideris</strong></span> <span class='ocrx_word' id='word_1_498' title='bbox 619 3186 895 3256; x_wconf 89' lang='lat' dir='ltr'><strong>scriptum.</strong></span> <span class='ocrx_word' id='word_1_499' title='bbox 930 3188 997 3243; x_wconf 85' lang='lat' dir='ltr'><strong>Et</strong></span> <span class='ocrx_word' id='word_1_500' title='bbox 1021 3202 1317 3242; x_wconf 85' lang='lat' dir='ltr'><strong>conversus</strong></span> <span class='ocrx_word' id='word_1_501' title='bbox 1346 3189 1479 3243; x_wconf 87' lang='lat' dir='ltr'><strong>dixit</strong></span> <span class='ocrx_word' id='word_1_502' title='bbox 1524 3190 1664 3259; x_wconf 89' lang='lat' dir='ltr'><strong>plebi</strong></span> <span class='ocrx_word' id='word_1_503' title='bbox 1691 3207 1707 3244; x_wconf 85' lang='lat'><strong>:</strong></span> <span class='ocrx_word' id='word_1_504' title='bbox 1736 3191 1866 3245; x_wconf 84' lang='lat' dir='ltr'><strong>Tol-</strong></span> <span class='ocrx_word' id='word_1_505' title='bbox 1894 3192 1941 3254; x_wconf 87' lang='lat' dir='ltr'>C</span> <span class='ocrx_word' id='word_1_506' title='bbox 1980 3186 2131 3242; x_wconf 89' lang='lat' dir='ltr'><strong>Unde</strong></span> <span class='ocrx_word' id='word_1_507' title='bbox 2160 3183 2289 3239; x_wconf 91' lang='lat' dir='ltr'><strong>mihi</strong></span> <span class='ocrx_word' id='word_1_508' title='bbox 2324 3185 2424 3239; x_wconf 86' lang='lat' dir='ltr'><strong>hoc</strong></span> <span class='ocrx_word' id='word_1_509' title='bbox 2453 3193 2511 3237; x_wconf 93' lang='lat' dir='ltr'><strong>ut</strong></span> <span class='ocrx_word' id='word_1_510' title='bbox 2531 3184 2707 3237; x_wconf 87' lang='lat' dir='ltr'><strong>veniat</strong></span> <span class='ocrx_word' id='word_1_511' title='bbox 2728 3192 2947 3239; x_wconf 83' lang='lat' dir='ltr'><strong>sanctus</strong></span> <span class='ocrx_word' id='word_1_512' title='bbox 2970 3182 3063 3237; x_wconf 90' lang='lat' dir='ltr'><strong>Dei</strong></span> <span class='ocrx_word' id='word_1_513' title='bbox 3086 3186 3149 3237; x_wconf 74' lang='lat' dir='ltr'><strong>ad</strong></span> <span class='ocrx_word' id='word_1_514' title='bbox 3179 3183 3307 3239; x_wconf 87' lang='lat' dir='ltr'><strong>me?</strong></span> <span class='ocrx_word' id='word_1_515' title='bbox 3339 3183 3404 3236; x_wconf 87' lang='lat' dir='ltr'><strong>Et</strong></span> <span class='ocrx_word' id='word_1_516' title='bbox 3425 3182 3552 3239; x_wconf 85' lang='lat' dir='ltr'><strong>dicit</strong></span> 
     </span>
    </p>
   </div>
   <div class='ocr_carea' id='block_1_65' title="bbox 285 3276 1868 3346">
    <p class='ocr_par' dir='ltr' id='par_1_65' title="bbox 285 3276 1868 3346">
     <span class='ocr_line' id='line_1_65' title="bbox 285 3276 1868 3346; baseline 0.006 -17"><span class='ocrx_word' id='word_1_517' title='bbox 285 3276 377 3331; x_wconf 72' lang='lat' dir='ltr'><strong>lite</strong></span> <span class='ocrx_word' id='word_1_518' title='bbox 402 3292 599 3333; x_wconf 85' lang='lat' dir='ltr'><strong>manus</strong></span> <span class='ocrx_word' id='word_1_519' title='bbox 620 3291 830 3335; x_wconf 81' lang='lat' dir='ltr'><strong>vestras</strong></span> <span class='ocrx_word' id='word_1_520' title='bbox 848 3281 904 3335; x_wconf 90' lang='lat' dir='ltr'><strong>in</strong></span> <span class='ocrx_word' id='word_1_521' title='bbox 926 3280 1142 3346; x_wconf 69' lang='lat' dir='ltr'><strong>etclam,</strong></span> <span class='ocrx_word' id='word_1_522' title='bbox 1169 3283 1398 3337; x_wconf 89' lang='lat' dir='ltr'><strong>universi</strong></span> <span class='ocrx_word' id='word_1_523' title='bbox 1427 3284 1723 3338; x_wconf 89' lang='lat' dir='ltr'><strong>clamantes</strong></span> <span class='ocrx_word' id='word_1_524' title='bbox 1745 3298 1868 3338; x_wconf 92' lang='lat' dir='ltr'><strong>cum</strong></span> 
     </span>
    </p>
   </div>
   <div class='ocr_carea' id='block_1_66' title="bbox 289 3366 1870 3441">
    <p class='ocr_par' dir='ltr' id='par_1_66' title="bbox 289 3366 1870 3441">
     <span class='ocr_line' id='line_1_66' title="bbox 289 3366 1870 3441; baseline 0.006 -21"><span class='ocrx_word' id='word_1_525' title='bbox 289 3366 563 3437; x_wconf 84' lang='lat' dir='ltr'><strong>larrymis,</strong></span> <span class='ocrx_word' id='word_1_526' title='bbox 590 3368 753 3436; x_wconf 82' lang='lat' dir='ltr'><strong>Kyrie</strong></span> <span class='ocrx_word' id='word_1_527' title='bbox 774 3370 1000 3426; x_wconf 82' lang='lat' dir='ltr'><strong>eleison.</strong></span> <span class='ocrx_word' id='word_1_528' title='bbox 1031 3370 1273 3440; x_wconf 89' lang='lat' dir='ltr'><strong>Cumque</strong></span> <span class='ocrx_word' id='word_1_529' title='bbox 1301 3381 1467 3427; x_wconf 88' lang='lat' dir='ltr'><strong>staret</strong></span> <span class='ocrx_word' id='word_1_530' title='bbox 1490 3374 1716 3441; x_wconf 90' lang='lat' dir='ltr'><strong>populus</strong></span> <span class='ocrx_word' id='word_1_531' title='bbox 1740 3374 1870 3429; x_wconf 80' lang='lat' dir='ltr'><strong>liora</strong></span> 
     </span>
    </p>
   </div>
   <div class='ocr_carea' id='block_1_67' title="bbox 289 3456 1872 3527">
    <p class='ocr_par' dir='ltr' id='par_1_67' title="bbox 289 3456 1872 3527">
     <span class='ocr_line' id='line_1_67' title="bbox 289 3456 1872 3527; baseline 0.008 -22"><span class='ocrx_word' id='word_1_532' title='bbox 289 3456 451 3511; x_wconf 85' lang='lat' dir='ltr'><strong>multa</strong></span> <span class='ocrx_word' id='word_1_533' title='bbox 470 3466 722 3514; x_wconf 89' lang='lat' dir='ltr'><strong>extensas</strong></span> <span class='ocrx_word' id='word_1_534' title='bbox 751 3460 1010 3516; x_wconf 84' lang='lat' dir='ltr'><strong>habentes</strong></span> <span class='ocrx_word' id='word_1_535' title='bbox 1036 3476 1225 3516; x_wconf 91' lang='lat' dir='ltr'><strong>manus</strong></span> <span class='ocrx_word' id='word_1_536' title='bbox 1254 3464 1304 3516; x_wconf 93' lang='lat' dir='ltr'><strong>in</strong></span> <span class='ocrx_word' id='word_1_537' title='bbox 1333 3465 1553 3527; x_wconf 68' lang='lat' dir='ltr'><strong>coalum,</strong></span> <span class='ocrx_word' id='word_1_538' title='bbox 1586 3480 1711 3518; x_wconf 80' lang='lat' dir='ltr'><strong>cccc</strong></span> <span class='ocrx_word' id='word_1_539' title='bbox 1736 3466 1872 3519; x_wconf 86' lang='lat' dir='ltr'><strong>scri-</strong></span> 
     </span>
    </p>
   </div>
   <div class='ocr_carea' id='block_1_68' title="bbox 284 3549 1873 3621">
    <p class='ocr_par' dir='ltr' id='par_1_68' title="bbox 284 3549 1873 3621">
     <span class='ocr_line' id='line_1_68' title="bbox 284 3549 1873 3621; baseline 0.007 -22"><span class='ocrx_word' id='word_1_540' title='bbox 284 3556 435 3614; x_wconf 86' lang='lat' dir='ltr'><strong>ptum</strong></span> <span class='ocrx_word' id='word_1_541' title='bbox 462 3550 615 3617; x_wconf 92' lang='lat' dir='ltr'><strong>pueri</strong></span> <span class='ocrx_word' id='word_1_542' title='bbox 644 3549 696 3604; x_wconf 89' lang='lat' dir='ltr'><strong>in</strong></span> <span class='ocrx_word' id='word_1_543' title='bbox 726 3565 907 3606; x_wconf 90' lang='lat' dir='ltr'><strong>aerem</strong></span> <span class='ocrx_word' id='word_1_544' title='bbox 931 3552 1291 3621; x_wconf 78' lang='lat' dir='ltr'><strong>deportatum,</strong></span> <span class='ocrx_word' id='word_1_545' title='bbox 1323 3564 1377 3607; x_wconf 92' lang='lat' dir='ltr'><strong>et</strong></span> <span class='ocrx_word' id='word_1_546' title='bbox 1404 3554 1472 3609; x_wconf 92' lang='lat' dir='ltr'><strong>ab</strong></span> <span class='ocrx_word' id='word_1_547' title='bbox 1500 3556 1747 3609; x_wconf 80' lang='lat' dir='ltr'><strong>omnibus</strong></span> <span class='ocrx_word' id='word_1_548' title='bbox 1794 3556 1873 3609; x_wconf 83' lang='lat' dir='ltr'><strong>vi-</strong></span> 
     </span>
    </p>
   </div>
   <div class='ocr_carea' id='block_1_69' title="bbox 283 3640 1872 3714">
    <p class='ocr_par' dir='ltr' id='par_1_69' title="bbox 283 3640 1872 3714">
     <span class='ocr_line' id='line_1_69' title="bbox 283 3640 1872 3714; baseline 0.006 -23"><span class='ocrx_word' id='word_1_549' title='bbox 283 3652 401 3692; x_wconf 87' lang='lat' dir='ltr'><strong>sum</strong></span> <span class='ocrx_word' id='word_1_550' title='bbox 435 3640 604 3704; x_wconf 83' lang='lat' dir='ltr'><strong>venit,</strong></span> <span class='ocrx_word' id='word_1_551' title='bbox 639 3650 690 3695; x_wconf 90' lang='lat' dir='ltr'><strong>et</strong></span> <span class='ocrx_word' id='word_1_552' title='bbox 719 3641 947 3710; x_wconf 91' lang='lat' dir='ltr'><strong>positum</strong></span> <span class='ocrx_word' id='word_1_553' title='bbox 1000 3655 1083 3698; x_wconf 88' lang='lat' dir='ltr'><strong>est</strong></span> <span class='ocrx_word' id='word_1_554' title='bbox 1129 3644 1181 3697; x_wconf 93' lang='lat' dir='ltr'><strong>in</strong></span> <span class='ocrx_word' id='word_1_555' title='bbox 1224 3658 1415 3699; x_wconf 88' lang='lat' dir='ltr'><strong>manus</strong></span> <span class='ocrx_word' id='word_1_556' title='bbox 1464 3646 1661 3714; x_wconf 77' lang='lat' dir='ltr'><strong>egregii</strong></span> <span class='ocrx_word' id='word_1_557' title='bbox 1709 3644 1872 3713; x_wconf 77' lang='lat' dir='ltr'><strong>patris</strong></span> 
     </span>
    </p>
   </div>
   <div class='ocr_carea' id='block_1_70' title="bbox 287 3728 1873 3804">
    <p class='ocr_par' dir='ltr' id='par_1_70' title="bbox 287 3728 1873 3804">
     <span class='ocr_line' id='line_1_70' title="bbox 287 3728 1873 3804; baseline 0.005 -23"><span class='ocrx_word' id='word_1_558' title='bbox 287 3728 455 3783; x_wconf 85' lang='lat' dir='ltr'><strong>nostri</strong></span> <span class='ocrx_word' id='word_1_559' title='bbox 484 3731 715 3799; x_wconf 88' lang='lat' dir='ltr'><strong>pastoris</strong></span> <span class='ocrx_word' id='word_1_560' title='bbox 742 3732 945 3787; x_wconf 76' lang='lat' dir='ltr'><strong>Basilii.</strong></span> <span class='ocrx_word' id='word_1_561' title='bbox 977 3732 1240 3802; x_wconf 78' lang='lat' dir='ltr'><strong>Suscepto</strong></span> <span class='ocrx_word' id='word_1_562' title='bbox 1280 3744 1458 3790; x_wconf 87' lang='lat' dir='ltr'><strong>autem</strong></span> <span class='ocrx_word' id='word_1_563' title='bbox 1511 3736 1627 3800; x_wconf 85' lang='lat' dir='ltr'><strong>illo,</strong></span> <span class='ocrx_word' id='word_1_564' title='bbox 1672 3737 1873 3804; x_wconf 76' lang='lat' dir='ltr'><strong>gratias</strong></span> 
     </span>
    </p>
   </div>
   <div class='ocr_carea' id='block_1_71' title="bbox 280 3820 1871 3894">
    <p class='ocr_par' dir='ltr' id='par_1_71' title="bbox 280 3820 1871 3894">
     <span class='ocr_line' id='line_1_71' title="bbox 280 3820 1871 3894; baseline 0.005 -21"><span class='ocrx_word' id='word_1_565' title='bbox 280 3822 389 3889; x_wconf 89' lang='lat' dir='ltr'><strong>egit</strong></span> <span class='ocrx_word' id='word_1_566' title='bbox 420 3820 558 3883; x_wconf 86' lang='lat' dir='ltr'><strong>Deo.</strong></span> <span class='ocrx_word' id='word_1_567' title='bbox 586 3823 907 3894; x_wconf 84' lang='lat' dir='ltr'><strong>gavisusque</strong></span> <span class='ocrx_word' id='word_1_568' title='bbox 930 3826 1278 3882; x_wconf 82' lang='lat' dir='ltr'><strong>vehementer</strong></span> <span class='ocrx_word' id='word_1_569' title='bbox 1305 3842 1409 3882; x_wconf 87' lang='lat' dir='ltr'><strong>una</strong></span> <span class='ocrx_word' id='word_1_570' title='bbox 1449 3842 1571 3882; x_wconf 90' lang='lat' dir='ltr'><strong>cum</strong></span> <span class='ocrx_word' id='word_1_571' title='bbox 1620 3829 1871 3883; x_wconf 88' lang='lat' dir='ltr'><strong>universa</strong></span> 
     </span>
    </p>
   </div>
   <div class='ocr_carea' id='block_1_72' title="bbox 286 3914 1872 3987">
    <p class='ocr_par' dir='ltr' id='par_1_72' title="bbox 286 3914 1872 3987">
     <span class='ocr_line' id='line_1_72' title="bbox 286 3914 1872 3987; baseline 0.005 -22"><span class='ocrx_word' id='word_1_572' title='bbox 286 3914 466 3980; x_wconf 85' lang='lat' dir='ltr'><strong>plebe,</strong></span> <span class='ocrx_word' id='word_1_573' title='bbox 490 3914 628 3968; x_wconf 83' lang='lat' dir='ltr'><strong>dixit</strong></span> <span class='ocrx_word' id='word_1_574' title='bbox 652 3915 715 3968; x_wconf 91' lang='lat' dir='ltr'><strong>ad</strong></span> <span class='ocrx_word' id='word_1_575' title='bbox 747 3931 969 3984; x_wconf 91' lang='lat' dir='ltr'><strong>puerum</strong></span> <span class='ocrx_word' id='word_1_576' title='bbox 1000 3935 1015 3973; x_wconf 92' lang='lat'>:</span> <span class='ocrx_word' id='word_1_577' title='bbox 1046 3917 1405 3987; x_wconf 83' lang='lat' dir='ltr'><strong>Recognoscis</strong></span> <span class='ocrx_word' id='word_1_578' title='bbox 1440 3918 1702 3974; x_wconf 89' lang='lat' dir='ltr'><strong>litterulas</strong></span> <span class='ocrx_word' id='word_1_579' title='bbox 1751 3922 1872 3985; x_wconf 88' lang='lat' dir='ltr'><strong>has,</strong></span> 
     </span>
    </p>
   </div>
   <div class='ocr_carea' id='block_1_73' title="bbox 283 4002 1871 4077">
    <p class='ocr_par' dir='ltr' id='par_1_73' title="bbox 283 4002 1871 4077">
     <span class='ocr_line' id='line_1_73' title="bbox 283 4002 1871 4077; baseline 0.005 -22"><span class='ocrx_word' id='word_1_580' title='bbox 283 4002 492 4059; x_wconf 73' lang='lat' dir='ltr'><strong>frater?</strong></span> <span class='ocrx_word' id='word_1_581' title='bbox 516 4004 703 4061; x_wconf 77' lang='lat' dir='ltr'><strong>Atille</strong></span> <span class='ocrx_word' id='word_1_582' title='bbox 750 4008 884 4062; x_wconf 82' lang='lat' dir='ltr'><strong>dixit</strong></span> <span class='ocrx_word' id='word_1_583' title='bbox 928 4009 993 4062; x_wconf 88' lang='lat' dir='ltr'><strong>ad</strong></span> <span class='ocrx_word' id='word_1_584' title='bbox 1038 4025 1159 4063; x_wconf 90' lang='lat' dir='ltr'><strong>cum</strong></span> <span class='ocrx_word' id='word_1_585' title='bbox 1208 4027 1221 4064; x_wconf 88' lang='lat'><strong>:</strong></span> <span class='ocrx_word' id='word_1_586' title='bbox 1274 4010 1475 4074; x_wconf 87' lang='lat' dir='ltr'><strong>Etiam,</strong></span> <span class='ocrx_word' id='word_1_587' title='bbox 1518 4019 1709 4065; x_wconf 81' lang='lat' dir='ltr'><strong>sancte</strong></span> <span class='ocrx_word' id='word_1_588' title='bbox 1756 4010 1871 4077; x_wconf 89' lang='lat' dir='ltr'><strong>Dei,</strong></span> 
     </span>
    </p>
   </div>
   <div class='ocr_carea' id='block_1_74' title="bbox 286 4095 1875 4171">
    <p class='ocr_par' dir='ltr' id='par_1_74' title="bbox 286 4095 1875 4171">
     <span class='ocr_line' id='line_1_74' title="bbox 286 4095 1875 4171; baseline 0.006 -24"><span class='ocrx_word' id='word_1_589' title='bbox 286 4110 349 4162; x_wconf 82' lang='lat' dir='ltr'><strong>pr</strong></span> <span class='ocrx_word' id='word_1_590' title='bbox 373 4095 521 4163; x_wconf 69' lang='lat' dir='ltr'><strong>prize</strong></span> <span class='ocrx_word' id='word_1_591' title='bbox 547 4112 737 4152; x_wconf 89' lang='lat' dir='ltr'><strong>manus</strong></span> <span class='ocrx_word' id='word_1_592' title='bbox 762 4114 895 4154; x_wconf 65' lang='lat' dir='ltr'><strong>mea</strong></span> <span class='ocrx_word' id='word_1_593' title='bbox 925 4102 1189 4169; x_wconf 86' lang='lat' dir='ltr'><strong>scriptura</strong></span> <span class='ocrx_word' id='word_1_594' title='bbox 1220 4112 1323 4156; x_wconf 85' lang='lat' dir='ltr'><strong>est.</strong></span> <span class='ocrx_word' id='word_1_595' title='bbox 1373 4102 1442 4156; x_wconf 88' lang='lat' dir='ltr'><strong>Et</strong></span> <span class='ocrx_word' id='word_1_596' title='bbox 1485 4101 1696 4171; x_wconf 81' lang='lat' dir='ltr'><strong>dirupta</strong></span> <span class='ocrx_word' id='word_1_597' title='bbox 1741 4103 1875 4157; x_wconf 82' lang='lat' dir='ltr'><strong>scri-</strong></span> 
     </span>
    </p>
   </div>
   <div class='ocr_carea' id='block_1_75' title="bbox 290 4188 1875 4263">
    <p class='ocr_par' dir='ltr' id='par_1_75' title="bbox 290 4188 1875 4263">
     <span class='ocr_line' id='line_1_75' title="bbox 290 4188 1875 4263; baseline 0.007 -26"><span class='ocrx_word' id='word_1_598' title='bbox 290 4196 443 4254; x_wconf 81' lang='lat' dir='ltr'><strong>plura</strong></span> <span class='ocrx_word' id='word_1_599' title='bbox 474 4188 770 4243; x_wconf 85' lang='lat' dir='ltr'><strong>introduxit</strong></span> <span class='ocrx_word' id='word_1_600' title='bbox 796 4205 919 4245; x_wconf 90' lang='lat' dir='ltr'><strong>eum</strong></span> <span class='ocrx_word' id='word_1_601' title='bbox 947 4192 997 4245; x_wconf 92' lang='lat' dir='ltr'><strong>in</strong></span> <span class='ocrx_word' id='word_1_602' title='bbox 1024 4193 1333 4258; x_wconf 87' lang='lat' dir='ltr'><strong>ecclesiam,</strong></span> <span class='ocrx_word' id='word_1_603' title='bbox 1358 4202 1413 4248; x_wconf 86' lang='lat' dir='ltr'><strong>et</strong></span> <span class='ocrx_word' id='word_1_604' title='bbox 1435 4194 1628 4263; x_wconf 82' lang='lat' dir='ltr'><strong>dignus</strong></span> <span class='ocrx_word' id='word_1_605' title='bbox 1660 4193 1875 4248; x_wconf 84' lang='lat' dir='ltr'><strong>habitus</strong></span> 
     </span>
    </p>
   </div>
   <div class='ocr_carea' id='block_1_76' title="bbox 281 4279 1873 4353">
    <p class='ocr_par' dir='ltr' id='par_1_76' title="bbox 281 4279 1873 4353">
     <span class='ocr_line' id='line_1_76' title="bbox 281 4279 1873 4353; baseline 0.004 -23"><span class='ocrx_word' id='word_1_606' title='bbox 281 4284 367 4330; x_wconf 64' lang='lat' dir='ltr'><strong>est</strong></span> <span class='ocrx_word' id='word_1_607' title='bbox 394 4279 568 4332; x_wconf 87' lang='lat' dir='ltr'><strong>sacris</strong></span> <span class='ocrx_word' id='word_1_608' title='bbox 595 4280 855 4335; x_wconf 86' lang='lat' dir='ltr'><strong>interesse</strong></span> <span class='ocrx_word' id='word_1_609' title='bbox 881 4283 954 4336; x_wconf 90' lang='lat' dir='ltr'><strong>mi</strong></span> <span class='ocrx_word' id='word_1_610' title='bbox 985 4298 1161 4337; x_wconf 89' lang='lat' dir='ltr'><strong>sarum</strong></span> <span class='ocrx_word' id='word_1_611' title='bbox 1186 4284 1400 4347; x_wconf 84' lang='lat' dir='ltr'><strong>officiis,</strong></span> <span class='ocrx_word' id='word_1_612' title='bbox 1425 4293 1480 4337; x_wconf 89' lang='lat' dir='ltr'><strong>et</strong></span> <span class='ocrx_word' id='word_1_613' title='bbox 1508 4286 1873 4353; x_wconf 86' lang='lat' dir='ltr'><strong>participatio-</strong></span> 
     </span>
    </p>
   </div>
   <div class='ocr_carea' id='block_1_77' title="bbox 285 4370 1877 4442">
    <p class='ocr_par' dir='ltr' id='par_1_77' title="bbox 285 4370 1877 4442">
     <span class='ocr_line' id='line_1_77' title="bbox 285 4370 1877 4442; baseline 0.007 -25"><span class='ocrx_word' id='word_1_614' title='bbox 285 4380 353 4418; x_wconf 80' lang='lat' dir='ltr'><strong>ne</strong></span> <span class='ocrx_word' id='word_1_615' title='bbox 391 4381 671 4422; x_wconf 82' lang='lat' dir='ltr'><strong>sacrorum</strong></span> <span class='ocrx_word' id='word_1_616' title='bbox 701 4370 1080 4442; x_wconf 83' lang='lat' dir='ltr'><strong>mysteriorum</strong></span> <span class='ocrx_word' id='word_1_617' title='bbox 1100 4412 1117 4435; x_wconf 93' lang='lat'><strong>,</strong></span> <span class='ocrx_word' id='word_1_618' title='bbox 1143 4380 1199 4425; x_wconf 91' lang='lat' dir='ltr'><strong>et</strong></span> <span class='ocrx_word' id='word_1_619' title='bbox 1227 4372 1535 4428; x_wconf 85' lang='lat' dir='ltr'><strong>muneribus</strong></span> <span class='ocrx_word' id='word_1_620' title='bbox 1562 4374 1781 4428; x_wconf 78' lang='lat' dir='ltr'><strong>Christi.</strong></span> <span class='ocrx_word' id='word_1_621' title='bbox 1812 4375 1877 4428; x_wconf 84' lang='lat' dir='ltr'><strong>Et</strong></span> 
     </span>
    </p>
   </div>
   <div class='ocr_carea' id='block_1_78' title="bbox 288 4456 1877 4535">
    <p class='ocr_par' dir='ltr' id='par_1_78' title="bbox 288 4456 1877 4535">
     <span class='ocr_line' id='line_1_78' title="bbox 288 4456 1877 4535; baseline 0.007 -25"><span class='ocrx_word' id='word_1_622' title='bbox 288 4456 426 4512; x_wconf 82' lang='lat' dir='ltr'><strong>facta</strong></span> <span class='ocrx_word' id='word_1_623' title='bbox 456 4464 805 4530; x_wconf 86' lang='lat' dir='ltr'><strong>susceptione</strong></span> <span class='ocrx_word' id='word_1_624' title='bbox 833 4479 1023 4534; x_wconf 88' lang='lat' dir='ltr'><strong>magna</strong></span> <span class='ocrx_word' id='word_1_625' title='bbox 1052 4465 1311 4519; x_wconf 83' lang='lat' dir='ltr'><strong>recreavit</strong></span> <span class='ocrx_word' id='word_1_626' title='bbox 1350 4466 1656 4520; x_wconf 78' lang='lat' dir='ltr'><strong>universum</strong></span> <span class='ocrx_word' id='word_1_627' title='bbox 1709 4482 1877 4535; x_wconf 84' lang='lat' dir='ltr'><strong>pepu-</strong></span> 
     </span>
    </p>
   </div>
   <div class='ocr_carea' id='block_1_79' title="bbox 1975 3276 3547 3345">
    <p class='ocr_par' dir='ltr' id='par_1_79' title="bbox 1975 3276 3547 3345">
     <span class='ocr_line' id='line_1_79' title="bbox 1975 3276 3547 3345; baseline -0.003 -10"><span class='ocrx_word' id='word_1_628' title='bbox 1975 3280 2024 3335; x_wconf 91' lang='lat' dir='ltr'><strong>ci</strong></span> <span class='ocrx_word' id='word_1_629' title='bbox 2058 3279 2215 3339; x_wconf 81' lang='lat' dir='ltr'><strong>l’ater</strong></span> <span class='ocrx_word' id='word_1_630' title='bbox 2243 3287 2420 3331; x_wconf 91' lang='lat' dir='ltr'><strong>noster</strong></span> <span class='ocrx_word' id='word_1_631' title='bbox 2450 3293 2463 3329; x_wconf 92' lang='lat'><strong>:</strong></span> <span class='ocrx_word' id='word_1_632' title='bbox 2497 3277 2638 3331; x_wconf 86' lang='lat' dir='ltr'><strong>Bene</strong></span> <span class='ocrx_word' id='word_1_633' title='bbox 2688 3287 2740 3332; x_wconf 90' lang='lat' dir='ltr'><strong>te</strong></span> <span class='ocrx_word' id='word_1_634' title='bbox 2786 3276 2982 3340; x_wconf 68' lang='lat' dir='ltr'><strong>invi-ni,</strong></span> <span class='ocrx_word' id='word_1_635' title='bbox 3015 3276 3274 3345; x_wconf 85' lang='lat' dir='ltr'><strong>discipule</strong></span> <span class='ocrx_word' id='word_1_636' title='bbox 3303 3277 3503 3330; x_wconf 85' lang='lat' dir='ltr'><strong>Christi</strong></span> <span class='ocrx_word' id='word_1_637' title='bbox 3534 3294 3547 3339; x_wconf 87' lang='lat'><strong>;</strong></span> 
     </span>
    </p>
   </div>
   <div class='ocr_carea' id='block_1_80' title="bbox 1974 3366 3551 3425">
    <p class='ocr_par' dir='ltr' id='par_1_80' title="bbox 1974 3366 3551 3425">
     <span class='ocr_line' id='line_1_80' title="bbox 1974 3366 3551 3425; baseline -0.003 0"><span class='ocrx_word' id='word_1_638' title='bbox 1974 3384 2158 3425; x_wconf 89' lang='lat' dir='ltr'><strong>eamus</strong></span> <span class='ocrx_word' id='word_1_639' title='bbox 2189 3376 2242 3420; x_wconf 81' lang='lat' dir='ltr'><strong>ct</strong></span> <span class='ocrx_word' id='word_1_640' title='bbox 2272 3367 2528 3421; x_wconf 80' lang='lat' dir='ltr'><strong>faciamus</strong></span> <span class='ocrx_word' id='word_1_641' title='bbox 2552 3374 2790 3420; x_wconf 80' lang='lat' dir='ltr'><strong>sanctam</strong></span> <span class='ocrx_word' id='word_1_642' title='bbox 2823 3366 2912 3421; x_wconf 87' lang='lat' dir='ltr'><strong>Dei</strong></span> <span class='ocrx_word' id='word_1_643' title='bbox 2940 3368 3179 3420; x_wconf 83' lang='lat' dir='ltr'><strong>missam.</strong></span> <span class='ocrx_word' id='word_1_644' title='bbox 3231 3367 3355 3419; x_wconf 85' lang='lat' dir='ltr'><strong>Erat</strong></span> <span class='ocrx_word' id='word_1_645' title='bbox 3408 3366 3551 3421; x_wconf 83' lang='lat' dir='ltr'><strong>enim</strong></span> 
     </span>
    </p>
   </div>
   <div class='ocr_carea' id='block_1_81' title="bbox 1974 3458 3551 3529">
    <p class='ocr_par' dir='ltr' id='par_1_81' title="bbox 1974 3458 3551 3529">
     <span class='ocr_line' id='line_1_81' title="bbox 1974 3458 3551 3529; baseline -0.001 -14"><span class='ocrx_word' id='word_1_646' title='bbox 1974 3463 2089 3529; x_wconf 91' lang='lat' dir='ltr'><strong>ipse</strong></span> <span class='ocrx_word' id='word_1_647' title='bbox 2119 3460 2399 3529; x_wconf 83' lang='lat' dir='ltr'><strong>presbyter</strong></span> <span class='ocrx_word' id='word_1_648' title='bbox 2431 3459 2520 3512; x_wconf 91' lang='lat' dir='ltr'><strong>Dei</strong></span> <span class='ocrx_word' id='word_1_649' title='bbox 2546 3458 2800 3528; x_wconf 86' lang='lat' dir='ltr'><strong>jejunans</strong></span> <span class='ocrx_word' id='word_1_650' title='bbox 2830 3475 2925 3528; x_wconf 88' lang='lat' dir='ltr'><strong>per</strong></span> <span class='ocrx_word' id='word_1_651' title='bbox 2976 3460 3129 3529; x_wconf 82' lang='lat'><strong>159</strong></span> <span class='ocrx_word' id='word_1_652' title='bbox 3152 3460 3385 3528; x_wconf 84' lang='lat' dir='ltr'><strong>singulos</strong></span> <span class='ocrx_word' id='word_1_653' title='bbox 3416 3460 3551 3520; x_wconf 88' lang='lat' dir='ltr'><strong>dies.</strong></span> 
     </span>
    </p>
   </div>
   <div class='ocr_carea' id='block_1_82' title="bbox 1975 3551 3551 3621">
    <p class='ocr_par' dir='ltr' id='par_1_82' title="bbox 1975 3551 3551 3621">
     <span class='ocr_line' id='line_1_82' title="bbox 1975 3551 3551 3621; baseline -0.001 -15"><span class='ocrx_word' id='word_1_654' title='bbox 1975 3552 2177 3620; x_wconf 84' lang='lat' dir='ltr'><strong>absque</strong></span> <span class='ocrx_word' id='word_1_655' title='bbox 2206 3551 2441 3606; x_wconf 82' lang='lat' dir='ltr'><strong>Sabbato</strong></span> <span class='ocrx_word' id='word_1_656' title='bbox 2468 3558 2523 3605; x_wconf 91' lang='lat' dir='ltr'><strong>et</strong></span> <span class='ocrx_word' id='word_1_657' title='bbox 2553 3552 2848 3617; x_wconf 90' lang='lat' dir='ltr'><strong>Dominica,</strong></span> <span class='ocrx_word' id='word_1_658' title='bbox 2879 3567 2984 3604; x_wconf 90' lang='lat' dir='ltr'><strong>non</strong></span> <span class='ocrx_word' id='word_1_659' title='bbox 3012 3554 3328 3621; x_wconf 87' lang='lat' dir='ltr'><strong>contingens</strong></span> <span class='ocrx_word' id='word_1_660' title='bbox 3354 3553 3551 3619; x_wconf 79' lang='lat' dir='ltr'><strong>aliqu&#39;d</strong></span> 
     </span>
    </p>
   </div>
   <div class='ocr_carea' id='block_1_83' title="bbox 1976 3640 3552 3709">
    <p class='ocr_par' dir='ltr' id='par_1_83' title="bbox 1976 3640 3552 3709">
     <span class='ocr_line' id='line_1_83' title="bbox 1976 3640 3552 3709; baseline 0 -15"><span class='ocrx_word' id='word_1_661' title='bbox 1976 3640 2077 3695; x_wconf 91' lang='lat' dir='ltr'><strong>nisi</strong></span> <span class='ocrx_word' id='word_1_662' title='bbox 2108 3655 2301 3709; x_wconf 89' lang='lat' dir='ltr'><strong>panem</strong></span> <span class='ocrx_word' id='word_1_663' title='bbox 2331 3648 2385 3693; x_wconf 91' lang='lat' dir='ltr'><strong>et</strong></span> <span class='ocrx_word' id='word_1_664' title='bbox 2412 3654 2626 3708; x_wconf 87' lang='lat' dir='ltr'><strong>aquam.</strong></span> <span class='ocrx_word' id='word_1_665' title='bbox 2662 3641 2729 3693; x_wconf 86' lang='lat' dir='ltr'><strong>Et</strong></span> <span class='ocrx_word' id='word_1_666' title='bbox 2759 3642 3101 3709; x_wconf 81' lang='lat' dir='ltr'><strong>pergentibus</strong></span> <span class='ocrx_word' id='word_1_667' title='bbox 3151 3641 3301 3696; x_wconf 90' lang='lat' dir='ltr'><strong>nobis</strong></span> <span class='ocrx_word' id='word_1_668' title='bbox 3349 3642 3415 3694; x_wconf 90' lang='lat' dir='ltr'><strong>ad</strong></span> <span class='ocrx_word' id='word_1_669' title='bbox 3468 3658 3552 3694; x_wconf 76' lang='lat' dir='ltr'><strong>cc-</strong></span> 
     </span>
    </p>
   </div>
   <div class='ocr_carea' id='block_1_84' title="bbox 1974 3730 3553 3800">
    <p class='ocr_par' dir='ltr' id='par_1_84' title="bbox 1974 3730 3553 3800">
     <span class='ocr_line' id='line_1_84' title="bbox 1974 3730 3553 3800; baseline 0.001 -16"><span class='ocrx_word' id='word_1_670' title='bbox 1974 3731 2214 3796; x_wconf 83' lang='lat' dir='ltr'><strong>clesiam,</strong></span> <span class='ocrx_word' id='word_1_671' title='bbox 2244 3731 2498 3799; x_wconf 70' lang='lat' dir='ltr'><strong>praecepit</strong></span> <span class='ocrx_word' id='word_1_672' title='bbox 2528 3730 2863 3800; x_wconf 82' lang='lat' dir='ltr'><strong>presbytero,</strong></span> <span class='ocrx_word' id='word_1_673' title='bbox 2899 3741 2953 3783; x_wconf 89' lang='lat' dir='ltr'><strong>nt</strong></span> <span class='ocrx_word' id='word_1_674' title='bbox 2981 3731 3171 3785; x_wconf 89' lang='lat' dir='ltr'><strong>missas</strong></span> <span class='ocrx_word' id='word_1_675' title='bbox 3192 3742 3430 3785; x_wconf 88' lang='lat' dir='ltr'><strong>caneret.</strong></span> <span class='ocrx_word' id='word_1_676' title='bbox 3463 3733 3553 3785; x_wconf 87' lang='lat' dir='ltr'><strong>Ille</strong></span> 
     </span>
    </p>
   </div>
   <div class='ocr_carea' id='block_1_85' title="bbox 1975 3824 3552 3892">
    <p class='ocr_par' dir='ltr' id='par_1_85' title="bbox 1975 3824 3552 3892">
     <span class='ocr_line' id='line_1_85' title="bbox 1975 3824 3552 3892; baseline -0.001 -16"><span class='ocrx_word' id='word_1_677' title='bbox 1975 3834 2153 3878; x_wconf 88' lang='lat' dir='ltr'><strong>autem</strong></span> <span class='ocrx_word' id='word_1_678' title='bbox 2186 3824 2262 3878; x_wconf 88' lang='lat' dir='ltr'><strong>ait</strong></span> <span class='ocrx_word' id='word_1_679' title='bbox 2287 3824 2353 3878; x_wconf 91' lang='lat' dir='ltr'><strong>ad</strong></span> <span class='ocrx_word' id='word_1_680' title='bbox 2381 3839 2502 3877; x_wconf 91' lang='lat' dir='ltr'><strong>eum</strong></span> <span class='ocrx_word' id='word_1_681' title='bbox 2533 3843 2545 3876; x_wconf 91' lang='lat'><strong>:</strong></span> <span class='ocrx_word' id='word_1_682' title='bbox 2580 3824 2775 3878; x_wconf 84' lang='lat' dir='ltr'><strong>Sancte</strong></span> <span class='ocrx_word' id='word_1_683' title='bbox 2802 3825 2915 3891; x_wconf 89' lang='lat' dir='ltr'><strong>Dei,</strong></span> <span class='ocrx_word' id='word_1_684' title='bbox 2948 3824 3086 3879; x_wconf 89' lang='lat' dir='ltr'><strong>sicut</strong></span> <span class='ocrx_word' id='word_1_685' title='bbox 3112 3825 3298 3889; x_wconf 91' lang='lat' dir='ltr'><strong>doces,</strong></span> <span class='ocrx_word' id='word_1_686' title='bbox 3330 3824 3418 3892; x_wconf 85' lang='lat' dir='ltr'><strong>qui</strong></span> <span class='ocrx_word' id='word_1_687' title='bbox 3453 3841 3552 3877; x_wconf 74' lang='lat' dir='ltr'><strong>nia.</strong></span> 
     </span>
    </p>
   </div>
   <div class='ocr_carea' id='block_1_86' title="bbox 1976 3914 3556 3983">
    <p class='ocr_par' dir='ltr' id='par_1_86' title="bbox 1976 3914 3556 3983">
     <span class='ocr_line' id='line_1_86' title="bbox 1976 3914 3556 3983; baseline 0.001 -16"><span class='ocrx_word' id='word_1_688' title='bbox 1976 3914 2060 3968; x_wconf 91' lang='lat' dir='ltr'><strong>lus</strong></span> <span class='ocrx_word' id='word_1_689' title='bbox 2085 3923 2171 3970; x_wconf 89' lang='lat' dir='ltr'><strong>est</strong></span> <span class='ocrx_word' id='word_1_690' title='bbox 2199 3930 2231 3969; x_wconf 87' lang='lat' dir='ltr'><strong>a</strong></span> <span class='ocrx_word' id='word_1_691' title='bbox 2258 3915 2477 3970; x_wconf 91' lang='lat' dir='ltr'><strong>meliore</strong></span> <span class='ocrx_word' id='word_1_692' title='bbox 2504 3916 2854 3971; x_wconf 88' lang='lat' dir='ltr'><strong>benedicitur.</strong></span> <span class='ocrx_word' id='word_1_693' title='bbox 2889 3914 3024 3969; x_wconf 89' lang='lat' dir='ltr'><strong>Dicit</strong></span> <span class='ocrx_word' id='word_1_694' title='bbox 3053 3916 3103 3970; x_wconf 92' lang='lat' dir='ltr'><strong>ei</strong></span> <span class='ocrx_word' id='word_1_695' title='bbox 3143 3925 3361 3969; x_wconf 88' lang='lat' dir='ltr'><strong>sanctus</strong></span> <span class='ocrx_word' id='word_1_696' title='bbox 3409 3927 3556 3983; x_wconf 84' lang='lat' dir='ltr'><strong>pater</strong></span> 
     </span>
    </p>
   </div>
   <div class='ocr_carea' id='block_1_87' title="bbox 1975 4007 3554 4064">
    <p class='ocr_par' dir='ltr' id='par_1_87' title="bbox 1975 4007 3554 4064">
     <span class='ocr_line' id='line_1_87' title="bbox 1975 4007 3554 4064; baseline -0.001 0"><span class='ocrx_word' id='word_1_697' title='bbox 1975 4019 2160 4064; x_wconf 91' lang='lat' dir='ltr'><strong>noster</strong></span> <span class='ocrx_word' id='word_1_698' title='bbox 2180 4026 2194 4063; x_wconf 92' lang='lat'><strong>:</strong></span> <span class='ocrx_word' id='word_1_699' title='bbox 2218 4010 2351 4063; x_wconf 88' lang='lat' dir='ltr'><strong>Cum</strong></span> <span class='ocrx_word' id='word_1_700' title='bbox 2367 4009 2616 4063; x_wconf 89' lang='lat' dir='ltr'><strong>omnibus</strong></span> <span class='ocrx_word' id='word_1_701' title='bbox 2629 4009 2818 4063; x_wconf 85' lang='lat' dir='ltr'><strong>studiis</strong></span> <span class='ocrx_word' id='word_1_702' title='bbox 2840 4009 2944 4063; x_wconf 92' lang='lat' dir='ltr'><strong>tuis</strong></span> <span class='ocrx_word' id='word_1_703' title='bbox 2961 4007 3155 4063; x_wconf 85' lang='lat' dir='ltr'><strong>habeto</strong></span> <span class='ocrx_word' id='word_1_704' title='bbox 3173 4008 3554 4063; x_wconf 89' lang='lat' dir='ltr'><strong>obedientiam.</strong></span> 
     </span>
    </p>
   </div>
   <div class='ocr_carea' id='block_1_88' title="bbox 1973 4101 3557 4173">
    <p class='ocr_par' dir='ltr' id='par_1_88' title="bbox 1973 4101 3557 4173">
     <span class='ocr_line' id='line_1_88' title="bbox 1973 4101 3557 4173; baseline -0.002 -14"><span class='ocrx_word' id='word_1_705' title='bbox 1973 4102 2329 4159; x_wconf 88' lang='lat' dir='ltr'><strong>Consentiens</strong></span> <span class='ocrx_word' id='word_1_706' title='bbox 2357 4111 2533 4157; x_wconf 87' lang='lat' dir='ltr'><strong>autem</strong></span> <span class='ocrx_word' id='word_1_707' title='bbox 2566 4101 2848 4173; x_wconf 73' lang='lat' dir='ltr'><strong>presbyter</strong></span> <span class='ocrx_word' id='word_1_708' title='bbox 2875 4101 3042 4157; x_wconf 84' lang='lat' dir='ltr'><strong>astitit</strong></span> <span class='ocrx_word' id='word_1_709' title='bbox 3063 4101 3129 4155; x_wconf 92' lang='lat' dir='ltr'><strong>ad</strong></span> <span class='ocrx_word' id='word_1_710' title='bbox 3159 4111 3397 4155; x_wconf 89' lang='lat' dir='ltr'><strong>sanctam</strong></span> <span class='ocrx_word' id='word_1_711' title='bbox 3431 4103 3557 4156; x_wconf 87' lang='lat' dir='ltr'><strong>mis-</strong></span> 
     </span>
    </p>
   </div>
   <div class='ocr_carea' id='block_1_89' title="bbox 1975 4193 3558 4262">
    <p class='ocr_par' dir='ltr' id='par_1_89' title="bbox 1975 4193 3558 4262">
     <span class='ocr_line' id='line_1_89' title="bbox 1975 4193 3558 4262; baseline -0.006 -11"><span class='ocrx_word' id='word_1_712' title='bbox 1975 4210 2125 4260; x_wconf 85' lang='lat' dir='ltr'><strong>sam,</strong></span> <span class='ocrx_word' id='word_1_713' title='bbox 2153 4204 2208 4250; x_wconf 90' lang='lat' dir='ltr'><strong>et</strong></span> <span class='ocrx_word' id='word_1_714' title='bbox 2232 4204 2471 4261; x_wconf 89' lang='lat' dir='ltr'><strong>tempore</strong></span> <span class='ocrx_word' id='word_1_715' title='bbox 2500 4193 2839 4247; x_wconf 82' lang='lat' dir='ltr'><strong>exaltation&#39;s</strong></span> <span class='ocrx_word' id='word_1_716' title='bbox 2888 4193 3113 4248; x_wconf 70' lang='lat' dir='ltr'><strong>vivificte</strong></span> <span class='ocrx_word' id='word_1_717' title='bbox 3161 4194 3407 4262; x_wconf 90' lang='lat' dir='ltr'><strong>corporis</strong></span> <span class='ocrx_word' id='word_1_718' title='bbox 3455 4193 3558 4245; x_wconf 77' lang='lat' dir='ltr'><strong>Do—</strong></span> 
     </span>
    </p>
   </div>
   <div class='ocr_carea' id='block_1_90' title="bbox 1977 4284 3558 4353">
    <p class='ocr_par' dir='ltr' id='par_1_90' title="bbox 1977 4284 3558 4353">
     <span class='ocr_line' id='line_1_90' title="bbox 1977 4284 3558 4353; baseline -0.001 -13"><span class='ocrx_word' id='word_1_719' title='bbox 1977 4288 2108 4341; x_wconf 88' lang='lat' dir='ltr'><strong>mini</strong></span> <span class='ocrx_word' id='word_1_720' title='bbox 2141 4287 2308 4341; x_wconf 81' lang='lat' dir='ltr'><strong>nostri</strong></span> <span class='ocrx_word' id='word_1_721' title='bbox 2334 4286 2460 4340; x_wconf 85' lang='lat' dir='ltr'><strong>Jesu</strong></span> <span class='ocrx_word' id='word_1_722' title='bbox 2491 4285 2690 4340; x_wconf 87' lang='lat' dir='ltr'><strong>Christi</strong></span> <span class='ocrx_word' id='word_1_723' title='bbox 2722 4286 2849 4338; x_wconf 83' lang='lat' dir='ltr'><strong>vidit</strong></span> <span class='ocrx_word' id='word_1_724' title='bbox 2881 4295 3099 4340; x_wconf 88' lang='lat' dir='ltr'><strong>sanctus</strong></span> <span class='ocrx_word' id='word_1_725' title='bbox 3130 4284 3246 4351; x_wconf 92' lang='lat' dir='ltr'><strong>Dei,</strong></span> <span class='ocrx_word' id='word_1_726' title='bbox 3268 4294 3322 4340; x_wconf 89' lang='lat' dir='ltr'><strong>et</strong></span> <span class='ocrx_word' id='word_1_727' title='bbox 3343 4285 3558 4353; x_wconf 82' lang='lat' dir='ltr'><strong>quidam</strong></span> 
     </span>
    </p>
   </div>
   <div class='ocr_carea' id='block_1_91' title="bbox 1977 4375 3559 4447">
    <p class='ocr_par' dir='ltr' id='par_1_91' title="bbox 1977 4375 3559 4447">
     <span class='ocr_line' id='line_1_91' title="bbox 1977 4375 3559 4447; baseline -0.002 -15"><span class='ocrx_word' id='word_1_728' title='bbox 1977 4378 2047 4433; x_wconf 89' lang='lat' dir='ltr'><strong>de</strong></span> <span class='ocrx_word' id='word_1_729' title='bbox 2072 4377 2265 4447; x_wconf 89' lang='lat' dir='ltr'><strong>dignis,</strong></span> <span class='ocrx_word' id='word_1_730' title='bbox 2291 4385 2535 4432; x_wconf 86' lang='lat' dir='ltr'><strong>sanctum</strong></span> <span class='ocrx_word' id='word_1_731' title='bbox 2569 4376 2826 4445; x_wconf 90' lang='lat' dir='ltr'><strong>Spiritum</strong></span> <span class='ocrx_word' id='word_1_732' title='bbox 2854 4375 3267 4431; x_wconf 88' lang='lat' dir='ltr'><strong>descendentem</strong></span> <span class='ocrx_word' id='word_1_733' title='bbox 3292 4375 3345 4429; x_wconf 89' lang='lat' dir='ltr'><strong>in</strong></span> <span class='ocrx_word' id='word_1_734' title='bbox 3378 4378 3559 4443; x_wconf 77' lang='lat' dir='ltr'><strong>Specie</strong></span> 
     </span>
    </p>
   </div>
   <div class='ocr_carea' id='block_1_92' title="bbox 1979 4465 3558 4540">
    <p class='ocr_par' dir='ltr' id='par_1_92' title="bbox 1979 4465 3558 4540">
     <span class='ocr_line' id='line_1_92' title="bbox 1979 4465 3558 4540; baseline -0.004 -17"><span class='ocrx_word' id='word_1_735' title='bbox 1979 4469 2138 4540; x_wconf 84' lang='lat' dir='ltr'><strong>ignis,</strong></span> <span class='ocrx_word' id='word_1_736' title='bbox 2155 4467 2577 4525; x_wconf 89' lang='lat' dir='ltr'><strong>circumdantem</strong></span> <span class='ocrx_word' id='word_1_737' title='bbox 2604 4468 2998 4536; x_wconf 85' lang='lat' dir='ltr'><strong>presbyterum,</strong></span> <span class='ocrx_word' id='word_1_738' title='bbox 3024 4474 3079 4520; x_wconf 89' lang='lat' dir='ltr'><strong>et</strong></span> <span class='ocrx_word' id='word_1_739' title='bbox 3102 4473 3344 4518; x_wconf 89' lang='lat' dir='ltr'><strong>sanctum</strong></span> <span class='ocrx_word' id='word_1_740' title='bbox 3373 4465 3558 4517; x_wconf 88' lang='lat' dir='ltr'><strong>altare.</strong></span> 
     </span>
    </p>
   </div>
   <div class='ocr_carea' id='block_1_93' title="bbox 288 4546 3558 4627">
    <p class='ocr_par' dir='ltr' id='par_1_93' title="bbox 288 4546 3558 4627">
     <span class='ocr_line' id='line_1_93' title="bbox 288 4546 3558 4627; baseline 0.002 -29"><span class='ocrx_word' id='word_1_741' title='bbox 288 4546 423 4613; x_wconf 83' lang='lat' dir='ltr'><strong>lttltl,</strong></span> <span class='ocrx_word' id='word_1_742' title='bbox 454 4558 512 4604; x_wconf 90' lang='lat' dir='ltr'><strong>et</strong></span> <span class='ocrx_word' id='word_1_743' title='bbox 535 4551 698 4607; x_wconf 92' lang='lat' dir='ltr'><strong>ducto</strong></span> <span class='ocrx_word' id='word_1_744' title='bbox 727 4568 896 4622; x_wconf 91' lang='lat' dir='ltr'><strong>puero</strong></span> <span class='ocrx_word' id='word_1_745' title='bbox 921 4563 978 4610; x_wconf 87' lang='lat' dir='ltr'><strong>et</strong></span> <span class='ocrx_word' id='word_1_746' title='bbox 1026 4554 1304 4619; x_wconf 86' lang='lat' dir='ltr'><strong>instructo,</strong></span> <span class='ocrx_word' id='word_1_747' title='bbox 1337 4564 1496 4623; x_wconf 88' lang='lat' dir='ltr'><strong>atque</strong></span> <span class='ocrx_word' id='word_1_748' title='bbox 1541 4554 1663 4609; x_wconf 89' lang='lat' dir='ltr'><strong>data</strong></span> <span class='ocrx_word' id='word_1_749' title='bbox 1694 4556 1741 4609; x_wconf 91' lang='lat' dir='ltr'><strong>ei</strong></span> <span class='ocrx_word' id='word_1_750' title='bbox 1782 4557 1879 4610; x_wconf 89' lang='lat' dir='ltr'><strong>dc-</strong></span> <span class='ocrx_word' id='word_1_751' title='bbox 1906 4550 1958 4611; x_wconf 90' lang='lat' dir='ltr'><strong>D</strong></span> <span class='ocrx_word' id='word_1_752' title='bbox 1984 4560 2445 4617; x_wconf 68' lang='lat' dir='ltr'><strong>communicantes</strong></span> <span class='ocrx_word' id='word_1_753' title='bbox 2468 4568 2667 4627; x_wconf 76' lang='lat' dir='ltr'><strong>autem,</strong></span> <span class='ocrx_word' id='word_1_754' title='bbox 2696 4566 2752 4613; x_wconf 88' lang='lat' dir='ltr'><strong>et</strong></span> <span class='ocrx_word' id='word_1_755' title='bbox 2794 4558 2991 4627; x_wconf 86' lang='lat' dir='ltr'><strong>gratias</strong></span> <span class='ocrx_word' id='word_1_756' title='bbox 3037 4566 3263 4624; x_wconf 87' lang='lat' dir='ltr'><strong>agentes</strong></span> <span class='ocrx_word' id='word_1_757' title='bbox 3314 4556 3558 4618; x_wconf 86' lang='lat' dir='ltr'><strong>Domino,</strong></span> 
     </span>
    </p>
   </div>
   <div class='ocr_carea' id='block_1_94' title="bbox 287 4643 1878 4715">
    <p class='ocr_par' dir='ltr' id='par_1_94' title="bbox 287 4643 1878 4715">
     <span class='ocr_line' id='line_1_94' title="bbox 287 4643 1878 4715; baseline 0.004 -22"><span class='ocrx_word' id='word_1_758' title='bbox 287 4643 428 4695; x_wconf 90' lang='lat' dir='ltr'><strong>centi</strong></span> <span class='ocrx_word' id='word_1_759' title='bbox 458 4643 681 4711; x_wconf 82' lang='lat' dir='ltr'><strong>regula,</strong></span> <span class='ocrx_word' id='word_1_760' title='bbox 710 4644 930 4699; x_wconf 82' lang='lat' dir='ltr'><strong>tradidit</strong></span> <span class='ocrx_word' id='word_1_761' title='bbox 976 4660 1098 4700; x_wconf 90' lang='lat' dir='ltr'><strong>eum</strong></span> <span class='ocrx_word' id='word_1_762' title='bbox 1148 4646 1299 4699; x_wconf 89' lang='lat' dir='ltr'><strong>uxori</strong></span> <span class='ocrx_word' id='word_1_763' title='bbox 1346 4645 1481 4715; x_wconf 89' lang='lat' dir='ltr'><strong>ejus,</strong></span> <span class='ocrx_word' id='word_1_764' title='bbox 1513 4644 1878 4700; x_wconf 76' lang='lat' dir='ltr'><strong>indesinenter</strong></span> 
     </span>
    </p>
   </div>
   <div class='ocr_carea' id='block_1_95' title="bbox 286 4731 1538 4799">
    <p class='ocr_par' dir='ltr' id='par_1_95' title="bbox 286 4731 1538 4799">
     <span class='ocr_line' id='line_1_95' title="bbox 286 4731 1538 4799; baseline 0.004 -16"><span class='ocrx_word' id='word_1_765' title='bbox 286 4731 678 4799; x_wconf 83' lang='lat' dir='ltr'><strong>glorificantcm</strong></span> <span class='ocrx_word' id='word_1_766' title='bbox 708 4744 763 4790; x_wconf 90' lang='lat' dir='ltr'><strong>et</strong></span> <span class='ocrx_word' id='word_1_767' title='bbox 790 4735 1089 4791; x_wconf 89' lang='lat' dir='ltr'><strong>laudantem</strong></span> <span class='ocrx_word' id='word_1_768' title='bbox 1122 4735 1538 4789; x_wconf 82' lang='lat' dir='ltr'><strong>Deum..Amcn.</strong></span> 
     </span>
    </p>
   </div>
   <div class='ocr_carea' id='block_1_96' title="bbox 358 4844 1877 4916">
    <p class='ocr_par' dir='ltr' id='par_1_96' title="bbox 358 4844 1877 4916">
     <span class='ocr_line' id='line_1_96' title="bbox 358 4844 1877 4916; baseline 0.003 -19"><span class='ocrx_word' id='word_1_769' title='bbox 358 4844 493 4900; x_wconf 71' lang='lat' dir='ltr'><strong>Car.</strong></span> <span class='ocrx_word' id='word_1_770' title='bbox 538 4861 615 4899; x_wconf 85' lang='lat' dir='ltr'><strong>tx.</strong></span> <span class='ocrx_word' id='word_1_771' title='bbox 663 4877 735 4887; x_wconf 94' lang='lat'><strong>—</strong></span> <span class='ocrx_word' id='word_1_772' title='bbox 776 4848 1060 4903; x_wconf 88' lang='lat' dir='ltr'><strong>Enarravit</strong></span> <span class='ocrx_word' id='word_1_773' title='bbox 1109 4856 1285 4902; x_wconf 88' lang='lat' dir='ltr'><strong>autem</strong></span> <span class='ocrx_word' id='word_1_774' title='bbox 1334 4857 1389 4903; x_wconf 92' lang='lat' dir='ltr'><strong>et</strong></span> <span class='ocrx_word' id='word_1_775' title='bbox 1441 4847 1543 4903; x_wconf 85' lang='lat' dir='ltr'><strong>hoc</strong></span> <span class='ocrx_word' id='word_1_776' title='bbox 1591 4847 1877 4916; x_wconf 83' lang='lat' dir='ltr'><strong>praedictus</strong></span> 
     </span>
    </p>
   </div>
   <div class='ocr_carea' id='block_1_97' title="bbox 291 4933 1876 5008">
    <p class='ocr_par' dir='ltr' id='par_1_97' title="bbox 291 4933 1876 5008">
     <span class='ocr_line' id='line_1_97' title="bbox 291 4933 1876 5008; baseline 0.004 -23"><span class='ocrx_word' id='word_1_777' title='bbox 291 4933 486 4988; x_wconf 88' lang='lat' dir='ltr'><strong>nobilis</strong></span> <span class='ocrx_word' id='word_1_778' title='bbox 508 4936 594 4989; x_wconf 90' lang='lat' dir='ltr'><strong>vir</strong></span> <span class='ocrx_word' id='word_1_779' title='bbox 627 4935 913 5004; x_wconf 82' lang='lat' dir='ltr'><strong>He&#39;ladius,</strong></span> <span class='ocrx_word' id='word_1_780' title='bbox 945 4939 1195 5008; x_wconf 62' lang='lat' dir='ltr'><strong>quoniam</strong></span> <span class='ocrx_word' id='word_1_781' title='bbox 1226 4954 1325 4991; x_wconf 89' lang='lat' dir='ltr'><strong>una</strong></span> <span class='ocrx_word' id='word_1_782' title='bbox 1379 4939 1584 4992; x_wconf 88' lang='lat' dir='ltr'><strong>dierum</strong></span> <span class='ocrx_word' id='word_1_783' title='bbox 1636 4938 1876 5007; x_wconf 87' lang='lat' dir='ltr'><strong>resplen-</strong></span> 
     </span>
    </p>
   </div>
   <div class='ocr_carea' id='block_1_98' title="bbox 291 5022 1877 5097">
    <p class='ocr_par' dir='ltr' id='par_1_98' title="bbox 291 5022 1877 5097">
     <span class='ocr_line' id='line_1_98' title="bbox 291 5022 1877 5097; baseline 0.006 -23"><span class='ocrx_word' id='word_1_784' title='bbox 291 5022 475 5087; x_wconf 79' lang='lat' dir='ltr'><strong>dente,</strong></span> <span class='ocrx_word' id='word_1_785' title='bbox 506 5035 723 5081; x_wconf 88' lang='lat' dir='ltr'><strong>sanctus</strong></span> <span class='ocrx_word' id='word_1_786' title='bbox 750 5038 900 5094; x_wconf 88' lang='lat' dir='ltr'><strong>pater</strong></span> <span class='ocrx_word' id='word_1_787' title='bbox 921 5039 974 5083; x_wconf 92' lang='lat' dir='ltr'><strong>et</strong></span> <span class='ocrx_word' id='word_1_788' title='bbox 997 5044 1221 5097; x_wconf 87' lang='lat' dir='ltr'><strong>magnus</strong></span> <span class='ocrx_word' id='word_1_789' title='bbox 1243 5029 1473 5084; x_wconf 82' lang='lat' dir='ltr'><strong>Basilius</strong></span> <span class='ocrx_word' id='word_1_790' title='bbox 1494 5028 1768 5097; x_wconf 88' lang='lat' dir='ltr'><strong>profectus</strong></span> <span class='ocrx_word' id='word_1_791' title='bbox 1794 5040 1877 5084; x_wconf 86' lang='lat' dir='ltr'><strong>est</strong></span> 
     </span>
    </p>
   </div>
   <div class='ocr_carea' id='block_1_99' title="bbox 288 5114 1873 5190">
    <p class='ocr_par' dir='ltr' id='par_1_99' title="bbox 288 5114 1873 5190">
     <span class='ocr_line' id='line_1_99' title="bbox 288 5114 1873 5190; baseline 0.008 -28"><span class='ocrx_word' id='word_1_792' title='bbox 288 5114 365 5167; x_wconf 86' lang='lat' dir='ltr'><strong>de</strong></span> <span class='ocrx_word' id='word_1_793' title='bbox 394 5116 611 5171; x_wconf 84' lang='lat' dir='ltr'><strong>civitate</strong></span> <span class='ocrx_word' id='word_1_794' title='bbox 641 5130 843 5181; x_wconf 86' lang='lat' dir='ltr'><strong>nostra,</strong></span> <span class='ocrx_word' id='word_1_795' title='bbox 878 5121 1075 5175; x_wconf 88' lang='lat' dir='ltr'><strong>nemini</strong></span> <span class='ocrx_word' id='word_1_796' title='bbox 1106 5122 1289 5175; x_wconf 90' lang='lat' dir='ltr'><strong>dicens</strong></span> <span class='ocrx_word' id='word_1_797' title='bbox 1340 5136 1446 5190; x_wconf 90' lang='lat' dir='ltr'><strong>quo</strong></span> <span class='ocrx_word' id='word_1_798' title='bbox 1492 5132 1636 5175; x_wconf 89' lang='lat' dir='ltr'><strong>esset</strong></span> <span class='ocrx_word' id='word_1_799' title='bbox 1681 5120 1873 5175; x_wconf 87' lang='lat' dir='ltr'><strong>iturus.</strong></span> 
     </span>
    </p>
   </div>
   <div class='ocr_carea' id='block_1_100' title="bbox 294 5203 1877 5279">
    <p class='ocr_par' dir='ltr' id='par_1_100' title="bbox 294 5203 1877 5279">
     <span class='ocr_line' id='line_1_100' title="bbox 294 5203 1877 5279; baseline 0.006 -24"><span class='ocrx_word' id='word_1_800' title='bbox 294 5203 367 5257; x_wconf 80' lang='lat' dir='ltr'><strong>Et</strong></span> <span class='ocrx_word' id='word_1_801' title='bbox 396 5203 670 5277; x_wconf 83' lang='lat' dir='ltr'><strong>ingressus</strong></span> <span class='ocrx_word' id='word_1_802' title='bbox 696 5224 874 5263; x_wconf 88' lang='lat' dir='ltr'><strong>coram</strong></span> <span class='ocrx_word' id='word_1_803' title='bbox 904 5210 1054 5265; x_wconf 82' lang='lat' dir='ltr'><strong>nobis</strong></span> <span class='ocrx_word' id='word_1_804' title='bbox 1076 5212 1203 5265; x_wconf 82' lang='lat' dir='ltr'><strong>dixit</strong></span> <span class='ocrx_word' id='word_1_805' title='bbox 1234 5227 1246 5263; x_wconf 90' lang='lat'>:</span> <span class='ocrx_word' id='word_1_806' title='bbox 1274 5212 1390 5265; x_wconf 86' lang='lat' dir='ltr'><strong>Fi&#39;ii</strong></span> <span class='ocrx_word' id='word_1_807' title='bbox 1419 5212 1543 5275; x_wconf 90' lang='lat' dir='ltr'><strong>mei,</strong></span> <span class='ocrx_word' id='word_1_808' title='bbox 1589 5211 1877 5279; x_wconf 84' lang='lat' dir='ltr'><strong>sequimini</strong></span> 
     </span>
    </p>
   </div>
   <div class='ocr_carea' id='block_1_101' title="bbox 294 5296 1879 5371">
    <p class='ocr_par' dir='ltr' id='par_1_101' title="bbox 294 5296 1879 5371">
     <span class='ocr_line' id='line_1_101' title="bbox 294 5296 1879 5371; baseline 0.006 -25"><span class='ocrx_word' id='word_1_809' title='bbox 294 5308 420 5360; x_wconf 85' lang='lat' dir='ltr'><strong>me,</strong></span> <span class='ocrx_word' id='word_1_810' title='bbox 449 5306 507 5350; x_wconf 91' lang='lat' dir='ltr'><strong>ut</strong></span> <span class='ocrx_word' id='word_1_811' title='bbox 534 5296 759 5353; x_wconf 84' lang='lat' dir='ltr'><strong>videatis</strong></span> <span class='ocrx_word' id='word_1_812' title='bbox 790 5315 995 5355; x_wconf 85' lang='lat' dir='ltr'><strong>mecum</strong></span> <span class='ocrx_word' id='word_1_813' title='bbox 1046 5302 1269 5371; x_wconf 89' lang='lat' dir='ltr'><strong>gloriam</strong></span> <span class='ocrx_word' id='word_1_814' title='bbox 1319 5303 1441 5363; x_wconf 86' lang='lat' dir='ltr'><strong>Dei.</strong></span> <span class='ocrx_word' id='word_1_815' title='bbox 1472 5311 1527 5355; x_wconf 90' lang='lat' dir='ltr'><strong>et</strong></span> <span class='ocrx_word' id='word_1_816' title='bbox 1556 5302 1879 5355; x_wconf 87' lang='lat' dir='ltr'><strong>admiremur</strong></span> 
     </span>
    </p>
   </div>
   <div class='ocr_carea' id='block_1_102' title="bbox 296 5382 1879 5461">
    <p class='ocr_par' dir='ltr' id='par_1_102' title="bbox 296 5382 1879 5461">
     <span class='ocr_line' id='line_1_102' title="bbox 296 5382 1879 5461; baseline 0.008 -26"><span class='ocrx_word' id='word_1_817' title='bbox 296 5382 549 5453; x_wconf 86' lang='lat' dir='ltr'><strong>discipuli</strong></span> <span class='ocrx_word' id='word_1_818' title='bbox 576 5390 913 5458; x_wconf 87' lang='lat' dir='ltr'><strong>magistrum.</strong></span> <span class='ocrx_word' id='word_1_819' title='bbox 941 5393 1058 5447; x_wconf 84' lang='lat' dir='ltr'><strong>Mox</strong></span> <span class='ocrx_word' id='word_1_820' title='bbox 1090 5408 1218 5459; x_wconf 80' lang='lat' dir='ltr'><strong>ergo</strong></span> <span class='ocrx_word' id='word_1_821' title='bbox 1249 5399 1306 5446; x_wconf 86' lang='lat' dir='ltr'><strong>ut</strong></span> <span class='ocrx_word' id='word_1_822' title='bbox 1335 5392 1597 5461; x_wconf 86' lang='lat' dir='ltr'><strong>proficisci</strong></span> <span class='ocrx_word' id='word_1_823' title='bbox 1625 5394 1786 5459; x_wconf 84' lang='lat' dir='ltr'><strong>coepit</strong></span> <span class='ocrx_word' id='word_1_824' title='bbox 1813 5394 1879 5447; x_wconf 94' lang='lat' dir='ltr'><strong>de</strong></span> 
     </span>
    </p>
   </div>
   <div class='ocr_carea' id='block_1_103' title="bbox 294 5472 1877 5550">
    <p class='ocr_par' dir='ltr' id='par_1_103' title="bbox 294 5472 1877 5550">
     <span class='ocr_line' id='line_1_103' title="bbox 294 5472 1877 5550; baseline 0.006 -24"><span class='ocrx_word' id='word_1_825' title='bbox 294 5472 517 5531; x_wconf 85' lang='lat' dir='ltr'><strong>civitate</strong></span> <span class='ocrx_word' id='word_1_826' title='bbox 545 5487 727 5533; x_wconf 84' lang='lat' dir='ltr'><strong>nostra</strong></span> <span class='ocrx_word' id='word_1_827' title='bbox 758 5483 1058 5537; x_wconf 89' lang='lat' dir='ltr'><strong>communis</strong></span> <span class='ocrx_word' id='word_1_828' title='bbox 1086 5491 1233 5550; x_wconf 87' lang='lat' dir='ltr'><strong>pater</strong></span> <span class='ocrx_word' id='word_1_829' title='bbox 1263 5492 1447 5537; x_wconf 78' lang='lat' dir='ltr'><strong>noster</strong></span> <span class='ocrx_word' id='word_1_830' title='bbox 1468 5524 1484 5549; x_wconf 95' lang='lat'><strong>,</strong></span> <span class='ocrx_word' id='word_1_831' title='bbox 1516 5483 1727 5548; x_wconf 76' lang='lat' dir='ltr'><strong>agnovit</strong></span> <span class='ocrx_word' id='word_1_832' title='bbox 1756 5499 1877 5537; x_wconf 89' lang='lat' dir='ltr'><strong>eum</strong></span> 
     </span>
    </p>
   </div>
   <div class='ocr_carea' id='block_1_104' title="bbox 297 5564 1881 5641">
    <p class='ocr_par' dir='ltr' id='par_1_104' title="bbox 297 5564 1881 5641">
     <span class='ocr_line' id='line_1_104' title="bbox 297 5564 1881 5641; baseline 0.007 -28"><span class='ocrx_word' id='word_1_833' title='bbox 297 5574 409 5631; x_wconf 84' lang='lat' dir='ltr'><strong>per</strong></span> <span class='ocrx_word' id='word_1_834' title='bbox 432 5564 679 5621; x_wconf 88' lang='lat' dir='ltr'><strong>virtutem</strong></span> <span class='ocrx_word' id='word_1_835' title='bbox 707 5569 936 5637; x_wconf 87' lang='lat' dir='ltr'><strong>Spiritus</strong></span> <span class='ocrx_word' id='word_1_836' title='bbox 965 5574 1134 5626; x_wconf 88' lang='lat' dir='ltr'><strong>sancti</strong></span> <span class='ocrx_word' id='word_1_837' title='bbox 1164 5573 1477 5627; x_wconf 86' lang='lat' dir='ltr'><strong>Anastasius</strong></span> <span class='ocrx_word' id='word_1_838' title='bbox 1522 5572 1637 5641; x_wconf 70' lang='grc'><strong>(4-2)</strong></span> <span class='ocrx_word' id='word_1_839' title='bbox 1664 5572 1881 5640; x_wconf 86' lang='lat' dir='ltr'><strong>presby-</strong></span> 
     </span>
    </p>
   </div>
   <div class='ocr_carea' id='block_1_105' title="bbox 280 5655 1879 5736">
    <p class='ocr_par' dir='ltr' id='par_1_105' title="bbox 280 5655 1879 5736">
     <span class='ocr_line' id='line_1_105' title="bbox 280 5655 1879 5736; baseline 0.004 -27"><span class='ocrx_word' id='word_1_840' title='bbox 280 5663 412 5717; x_wconf 68' lang='lat' dir='ltr'><strong>ter.</strong></span> <span class='ocrx_word' id='word_1_841' title='bbox 432 5664 485 5708; x_wconf 88' lang='lat' dir='ltr'><strong>et</strong></span> <span class='ocrx_word' id='word_1_842' title='bbox 504 5655 635 5712; x_wconf 91' lang='lat' dir='ltr'><strong>dicit</strong></span> <span class='ocrx_word' id='word_1_843' title='bbox 662 5660 971 5715; x_wconf 89' lang='lat' dir='ltr'><strong>nominatim</strong></span> <span class='ocrx_word' id='word_1_844' title='bbox 1000 5662 1214 5731; x_wconf 84' lang='lat' dir='ltr'><strong>quidem</strong></span> <span class='ocrx_word' id='word_1_845' title='bbox 1245 5663 1558 5736; x_wconf 36' lang='lat' dir='ltr'><strong>uxori-suac,</strong></span> <span class='ocrx_word' id='word_1_846' title='bbox 1584 5677 1681 5717; x_wconf 92' lang='lat' dir='ltr'><strong>usu</strong></span> <span class='ocrx_word' id='word_1_847' title='bbox 1703 5673 1879 5715; x_wconf 87' lang='lat' dir='ltr'><strong>autem</strong></span> 
     </span>
    </p>
   </div>
   <div class='ocr_carea' id='block_1_106' title="bbox 280 5746 1881 5822">
    <p class='ocr_par' dir='ltr' id='par_1_106' title="bbox 280 5746 1881 5822">
     <span class='ocr_line' id='line_1_106' title="bbox 280 5746 1881 5822; baseline 0.005 -23"><span class='ocrx_word' id='word_1_848' title='bbox 280 5746 477 5801; x_wconf 70' lang='lat' dir='ltr'><strong>sorori</strong></span> <span class='ocrx_word' id='word_1_849' title='bbox 506 5747 663 5820; x_wconf 29' lang='lat'><strong>(&#39;53):</strong></span> <span class='ocrx_word' id='word_1_850' title='bbox 700 5752 811 5820; x_wconf 79' lang='lat' dir='ltr'><strong>Ego</strong></span> <span class='ocrx_word' id='word_1_851' title='bbox 839 5752 1023 5811; x_wconf 83' lang='lat' dir='ltr'><strong>vatiam</strong></span> <span class='ocrx_word' id='word_1_852' title='bbox 1069 5755 1134 5810; x_wconf 90' lang='lat' dir='ltr'><strong>ad</strong></span> <span class='ocrx_word' id='word_1_853' title='bbox 1182 5756 1441 5812; x_wconf 82' lang='lat' dir='ltr'><strong>culturam</strong></span> <span class='ocrx_word' id='word_1_854' title='bbox 1491 5756 1625 5822; x_wconf 74' lang='lat' dir='ltr'><strong>agri,</strong></span> <span class='ocrx_word' id='word_1_855' title='bbox 1669 5754 1881 5811; x_wconf 86' lang='lat' dir='ltr'><strong>domina</strong></span> 
     </span>
    </p>
   </div>
   <div class='ocr_carea' id='block_1_107' title="bbox 1983 4647 3561 4719">
    <p class='ocr_par' dir='ltr' id='par_1_107' title="bbox 1983 4647 3561 4719">
     <span class='ocr_line' id='line_1_107' title="bbox 1983 4647 3561 4719; baseline -0.005 -14"><span class='ocrx_word' id='word_1_856' title='bbox 1983 4652 2173 4718; x_wconf 81' lang='lat' dir='ltr'><strong>ivimus</strong></span> <span class='ocrx_word' id='word_1_857' title='bbox 2190 4651 2242 4704; x_wconf 94' lang='lat' dir='ltr'><strong>in</strong></span> <span class='ocrx_word' id='word_1_858' title='bbox 2263 4651 2479 4705; x_wconf 89' lang='lat' dir='ltr'><strong>domum</strong></span> <span class='ocrx_word' id='word_1_859' title='bbox 2503 4649 2819 4719; x_wconf 82' lang='lat' dir='ltr'><strong>presbyteri,</strong></span> <span class='ocrx_word' id='word_1_860' title='bbox 2838 4656 2895 4701; x_wconf 91' lang='lat' dir='ltr'><strong>et</strong></span> <span class='ocrx_word' id='word_1_861' title='bbox 2914 4656 3185 4702; x_wconf 89' lang='lat' dir='ltr'><strong>sumentes</strong></span> <span class='ocrx_word' id='word_1_862' title='bbox 3205 4661 3405 4709; x_wconf 87' lang='lat' dir='ltr'><strong>escam,</strong></span> <span class='ocrx_word' id='word_1_863' title='bbox 3429 4647 3561 4698; x_wconf 80' lang='lat' dir='ltr'><strong>dixit</strong></span> 
     </span>
    </p>
   </div>
   <div class='ocr_carea' id='block_1_108' title="bbox 1985 4736 3556 4799">
    <p class='ocr_par' dir='ltr' id='par_1_108' title="bbox 1985 4736 3556 4799">
     <span class='ocr_line' id='line_1_108' title="bbox 1985 4736 3556 4799; baseline -0.007 -4"><span class='ocrx_word' id='word_1_864' title='bbox 1985 4742 2058 4795; x_wconf 88' lang='lat' dir='ltr'><strong>illi</strong></span> <span class='ocrx_word' id='word_1_865' title='bbox 2085 4749 2307 4799; x_wconf 84' lang='lat' dir='ltr'><strong>sanctus</strong></span> <span class='ocrx_word' id='word_1_866' title='bbox 2337 4740 2431 4793; x_wconf 89' lang='lat' dir='ltr'><strong>Dei</strong></span> <span class='ocrx_word' id='word_1_867' title='bbox 2462 4757 2474 4792; x_wconf 93' lang='lat'><strong>:</strong></span> <span class='ocrx_word' id='word_1_868' title='bbox 2508 4737 2669 4793; x_wconf 82' lang='lat' dir='ltr'><strong>Refer</strong></span> <span class='ocrx_word' id='word_1_869' title='bbox 2692 4737 2820 4791; x_wconf 78' lang='lat' dir='ltr'><strong>milii</strong></span> <span class='ocrx_word' id='word_1_870' title='bbox 2848 4738 2989 4793; x_wconf 87' lang='lat' dir='ltr'><strong>unde</strong></span> <span class='ocrx_word' id='word_1_871' title='bbox 3011 4737 3102 4791; x_wconf 91' lang='lat' dir='ltr'><strong>tibi</strong></span> <span class='ocrx_word' id='word_1_872' title='bbox 3133 4738 3413 4791; x_wconf 88' lang='lat' dir='ltr'><strong>thesaurus</strong></span> <span class='ocrx_word' id='word_1_873' title='bbox 3437 4736 3556 4793; x_wconf 78' lang='lat' dir='ltr'><strong>iste,</strong></span> 
     </span>
    </p>
   </div>
   <div class='ocr_carea' id='block_1_109' title="bbox 1983 4826 3561 4900">
    <p class='ocr_par' dir='ltr' id='par_1_109' title="bbox 1983 4826 3561 4900">
     <span class='ocr_line' id='line_1_109' title="bbox 1983 4826 3561 4900; baseline -0.004 -15"><span class='ocrx_word' id='word_1_874' title='bbox 1983 4844 2036 4885; x_wconf 89' lang='lat' dir='ltr'><strong>et</strong></span> <span class='ocrx_word' id='word_1_875' title='bbox 2063 4847 2179 4900; x_wconf 76' lang='lat' dir='ltr'><strong>quae</strong></span> <span class='ocrx_word' id='word_1_876' title='bbox 2210 4840 2294 4884; x_wconf 87' lang='lat' dir='ltr'><strong>est</strong></span> <span class='ocrx_word' id='word_1_877' title='bbox 2318 4830 2425 4883; x_wconf 92' lang='lat' dir='ltr'><strong>vita</strong></span> <span class='ocrx_word' id='word_1_878' title='bbox 2459 4840 2547 4883; x_wconf 91' lang='lat' dir='ltr'><strong>tua</strong></span> <span class='ocrx_word' id='word_1_879' title='bbox 2567 4830 2590 4884; x_wconf 76' lang='lat' dir='ltr'><em>‘I</em></span> <span class='ocrx_word' id='word_1_880' title='bbox 2614 4828 2756 4882; x_wconf 75' lang='lat' dir='ltr'><strong>Dixit</strong></span> <span class='ocrx_word' id='word_1_881' title='bbox 2786 4828 2834 4883; x_wconf 93' lang='lat' dir='ltr'><strong>ei</strong></span> <span class='ocrx_word' id='word_1_882' title='bbox 2865 4827 3141 4897; x_wconf 72' lang='lat' dir='ltr'><strong>presbyter</strong></span> <span class='ocrx_word' id='word_1_883' title='bbox 3171 4844 3182 4878; x_wconf 87' lang='lat'><strong>:</strong></span> <span class='ocrx_word' id='word_1_884' title='bbox 3217 4826 3344 4893; x_wconf 64' lang='lat' dir='ltr'><strong>ligo,</strong></span> <span class='ocrx_word' id='word_1_885' title='bbox 3374 4840 3504 4879; x_wconf 76' lang='lat' dir='ltr'><strong>sane</strong></span> <span class='ocrx_word' id='word_1_886' title='bbox 3530 4840 3561 4879; x_wconf 92' lang='lat' dir='ltr'><strong>e</strong></span> 
     </span>
    </p>
   </div>
   <div class='ocr_carea' id='block_1_110' title="bbox 1989 4916 3557 4991">
    <p class='ocr_par' dir='ltr' id='par_1_110' title="bbox 1989 4916 3557 4991">
     <span class='ocr_line' id='line_1_110' title="bbox 1989 4916 3557 4991; baseline -0.009 -12"><span class='ocrx_word' id='word_1_887' title='bbox 1989 4924 2109 4991; x_wconf 89' lang='lat' dir='ltr'><strong>Dei,</strong></span> <span class='ocrx_word' id='word_1_888' title='bbox 2143 4932 2391 4991; x_wconf 81' lang='lat' dir='ltr'><strong>peccator</strong></span> <span class='ocrx_word' id='word_1_889' title='bbox 2417 4936 2557 4987; x_wconf 88' lang='lat' dir='ltr'><strong>sum,</strong></span> <span class='ocrx_word' id='word_1_890' title='bbox 2590 4921 2875 4990; x_wconf 85' lang='lat' dir='ltr'><strong>subjacens</strong></span> <span class='ocrx_word' id='word_1_891' title='bbox 2913 4920 3136 4987; x_wconf 80' lang='lat' dir='ltr'><strong>publicis</strong></span> <span class='ocrx_word' id='word_1_892' title='bbox 3167 4916 3397 4971; x_wconf 81' lang='lat' dir='ltr'><strong>tributis.</strong></span> <span class='ocrx_word' id='word_1_893' title='bbox 3453 4917 3557 4969; x_wconf 80' lang='lat' dir='ltr'><strong>lla-</strong></span> 
     </span>
    </p>
   </div>
   <div class='ocr_carea' id='block_1_111' title="bbox 1985 5009 3559 5085">
    <p class='ocr_par' dir='ltr' id='par_1_111' title="bbox 1985 5009 3559 5085">
     <span class='ocr_line' id='line_1_111' title="bbox 1985 5009 3559 5085; baseline -0.006 -13"><span class='ocrx_word' id='word_1_894' title='bbox 1985 5016 2086 5072; x_wconf 90' lang='lat' dir='ltr'><strong>beo</strong></span> <span class='ocrx_word' id='word_1_895' title='bbox 2111 5018 2235 5085; x_wconf 89' lang='lat' dir='ltr'><strong>juga</strong></span> <span class='ocrx_word' id='word_1_896' title='bbox 2264 5014 2422 5069; x_wconf 91' lang='lat' dir='ltr'><strong>boum</strong></span> <span class='ocrx_word' id='word_1_897' title='bbox 2453 5012 2592 5075; x_wconf 89' lang='lat' dir='ltr'><strong>duo,</strong></span> <span class='ocrx_word' id='word_1_898' title='bbox 2622 5027 2781 5066; x_wconf 91' lang='lat' dir='ltr'><strong>unum</strong></span> <span class='ocrx_word' id='word_1_899' title='bbox 2830 5011 3043 5079; x_wconf 83' lang='lat' dir='ltr'><strong>quidem</strong></span> <span class='ocrx_word' id='word_1_900' title='bbox 3090 5025 3192 5079; x_wconf 74' lang='lat' dir='ltr'><strong>ego</strong></span> <span class='ocrx_word' id='word_1_901' title='bbox 3240 5010 3378 5063; x_wconf 91' lang='lat' dir='ltr'><strong>duco</strong></span> <span class='ocrx_word' id='word_1_902' title='bbox 3422 5009 3559 5077; x_wconf 69' lang='lat' dir='ltr'><strong>(lii),</strong></span> 
     </span>
    </p>
   </div>
   <div class='ocr_carea' id='block_1_112' title="bbox 1984 5106 3557 5174">
    <p class='ocr_par' dir='ltr' id='par_1_112' title="bbox 1984 5106 3557 5174">
     <span class='ocr_line' id='line_1_112' title="bbox 1984 5106 3557 5174; baseline -0.009 -6"><span class='ocrx_word' id='word_1_903' title='bbox 1984 5116 2210 5170; x_wconf 90' lang='lat' dir='ltr'><strong>alterum</strong></span> <span class='ocrx_word' id='word_1_904' title='bbox 2244 5124 2419 5169; x_wconf 88' lang='lat' dir='ltr'><strong>autem</strong></span> <span class='ocrx_word' id='word_1_905' title='bbox 2451 5110 2812 5167; x_wconf 85' lang='lat' dir='ltr'><strong>mercenarius</strong></span> <span class='ocrx_word' id='word_1_906' title='bbox 2843 5123 3016 5172; x_wconf 84' lang='lat' dir='ltr'><strong>meus,</strong></span> <span class='ocrx_word' id='word_1_907' title='bbox 3038 5117 3091 5161; x_wconf 92' lang='lat' dir='ltr'><strong>et</strong></span> <span class='ocrx_word' id='word_1_908' title='bbox 3138 5121 3297 5160; x_wconf 89' lang='lat' dir='ltr'><strong>unum</strong></span> <span class='ocrx_word' id='word_1_909' title='bbox 3345 5106 3557 5174; x_wconf 72' lang='lat' dir='ltr'><strong>quidem</strong></span> 
     </span>
    </p>
   </div>
   <div class='ocr_carea' id='block_1_113' title="bbox 1985 5196 3555 5267">
    <p class='ocr_par' dir='ltr' id='par_1_113' title="bbox 1985 5196 3555 5267">
     <span class='ocr_line' id='line_1_113' title="bbox 1985 5196 3555 5267; baseline -0.007 -9"><span class='ocrx_word' id='word_1_910' title='bbox 1985 5216 2064 5259; x_wconf 89' lang='lat' dir='ltr'><strong>est</strong></span> <span class='ocrx_word' id='word_1_911' title='bbox 2092 5206 2145 5258; x_wconf 92' lang='lat' dir='ltr'><strong>in</strong></span> <span class='ocrx_word' id='word_1_912' title='bbox 2173 5204 2633 5258; x_wconf 85' lang='lat' dir='ltr'><strong>administratione</strong></span> <span class='ocrx_word' id='word_1_913' title='bbox 2663 5198 3082 5267; x_wconf 79' lang='lat' dir='ltr'><strong>peregrinorum,</strong></span> <span class='ocrx_word' id='word_1_914' title='bbox 3111 5214 3273 5251; x_wconf 92' lang='lat' dir='ltr'><strong>unum</strong></span> <span class='ocrx_word' id='word_1_915' title='bbox 3302 5205 3481 5249; x_wconf 88' lang='lat' dir='ltr'><strong>autem</strong></span> <span class='ocrx_word' id='word_1_916' title='bbox 3506 5196 3555 5247; x_wconf 90' lang='lat' dir='ltr'><strong>in</strong></span> 
     </span>
    </p>
   </div>
   <div class='ocr_carea' id='block_1_114' title="bbox 1986 5288 3559 5361">
    <p class='ocr_par' dir='ltr' id='par_1_114' title="bbox 1986 5288 3559 5361">
     <span class='ocr_line' id='line_1_114' title="bbox 1986 5288 3559 5361; baseline -0.01 -12"><span class='ocrx_word' id='word_1_917' title='bbox 1986 5296 2449 5349; x_wconf 82' lang='lat' dir='ltr'><strong>administratione</strong></span> <span class='ocrx_word' id='word_1_918' title='bbox 2474 5292 2846 5361; x_wconf 84' lang='lat' dir='ltr'><strong>vectigalium,</strong></span> <span class='ocrx_word' id='word_1_919' title='bbox 2880 5297 2934 5343; x_wconf 88' lang='lat' dir='ltr'><strong>et</strong></span> <span class='ocrx_word' id='word_1_920' title='bbox 2959 5298 3039 5343; x_wconf 85' lang='lat' dir='ltr'><strong>est</strong></span> <span class='ocrx_word' id='word_1_921' title='bbox 3088 5288 3387 5343; x_wconf 81' lang='lat' dir='ltr'><strong>confamula</strong></span> <span class='ocrx_word' id='word_1_922' title='bbox 3439 5302 3559 5339; x_wconf 89' lang='lat' dir='ltr'><strong>mea</strong></span> 
     </span>
    </p>
   </div>
   <div class='ocr_carea' id='block_1_115' title="bbox 1992 5376 3559 5455">
    <p class='ocr_par' dir='ltr' id='par_1_115' title="bbox 1992 5376 3559 5455">
     <span class='ocr_line' id='line_1_115' title="bbox 1992 5376 3559 5455; baseline -0.008 -14"><span class='ocrx_word' id='word_1_923' title='bbox 1992 5390 2125 5455; x_wconf 75' lang='lat' dir='ltr'><strong>lucc,</strong></span> <span class='ocrx_word' id='word_1_924' title='bbox 2160 5386 2471 5439; x_wconf 86' lang='lat' dir='ltr'><strong>ministrans</strong></span> <span class='ocrx_word' id='word_1_925' title='bbox 2503 5382 2800 5450; x_wconf 80' lang='lat' dir='ltr'><strong>b05pitibus</strong></span> <span class='ocrx_word' id='word_1_926' title='bbox 2828 5391 2881 5435; x_wconf 90' lang='lat' dir='ltr'><strong>et</strong></span> <span class='ocrx_word' id='word_1_927' title='bbox 2908 5380 3060 5434; x_wconf 81' lang='lat' dir='ltr'><strong>milii.</strong></span> <span class='ocrx_word' id='word_1_928' title='bbox 3097 5379 3230 5433; x_wconf 83' lang='lat' dir='ltr'><strong>Dicit</strong></span> <span class='ocrx_word' id='word_1_929' title='bbox 3261 5378 3333 5433; x_wconf 92' lang='lat' dir='ltr'><strong>illi</strong></span> <span class='ocrx_word' id='word_1_930' title='bbox 3368 5395 3381 5431; x_wconf 91' lang='lat'>:</span> <span class='ocrx_word' id='word_1_931' title='bbox 3417 5376 3559 5430; x_wconf 80' lang='lat' dir='ltr'><strong>Voca</strong></span> 
     </span>
    </p>
   </div>
   <div class='ocr_carea' id='block_1_116' title="bbox 1991 5466 3563 5542">
    <p class='ocr_par' dir='ltr' id='par_1_116' title="bbox 1991 5466 3563 5542">
     <span class='ocr_line' id='line_1_116' title="bbox 1991 5466 3563 5542; baseline -0.009 -10"><span class='ocrx_word' id='word_1_932' title='bbox 1991 5479 2132 5532; x_wconf 90' lang='lat' dir='ltr'><strong>illam</strong></span> <span class='ocrx_word' id='word_1_933' title='bbox 2163 5490 2427 5538; x_wconf 89' lang='lat' dir='ltr'><strong>sororem,</strong></span> <span class='ocrx_word' id='word_1_934' title='bbox 2456 5474 2603 5542; x_wconf 86' lang='lat' dir='ltr'><strong>juxta</strong></span> <span class='ocrx_word' id='word_1_935' title='bbox 2631 5474 2771 5541; x_wconf 85' lang='lat' dir='ltr'><strong>quod</strong></span> <span class='ocrx_word' id='word_1_936' title='bbox 2799 5482 2855 5527; x_wconf 89' lang='lat' dir='ltr'><strong>et</strong></span> <span class='ocrx_word' id='word_1_937' title='bbox 2884 5480 2987 5534; x_wconf 91' lang='lat' dir='ltr'><strong>est,</strong></span> <span class='ocrx_word' id='word_1_938' title='bbox 3018 5479 3073 5525; x_wconf 90' lang='lat' dir='ltr'><strong>et</strong></span> <span class='ocrx_word' id='word_1_939' title='bbox 3106 5470 3191 5524; x_wconf 91' lang='lat' dir='ltr'><strong>dic</strong></span> <span class='ocrx_word' id='word_1_940' title='bbox 3240 5466 3365 5522; x_wconf 86' lang='lat' dir='ltr'><strong>mihi</strong></span> <span class='ocrx_word' id='word_1_941' title='bbox 3411 5477 3563 5519; x_wconf 86' lang='lat' dir='ltr'><strong>actus</strong></span> 
     </span>
    </p>
   </div>
   <div class='ocr_carea' id='block_1_117' title="bbox 1991 5560 3565 5634">
    <p class='ocr_par' dir='ltr' id='par_1_117' title="bbox 1991 5560 3565 5634">
     <span class='ocr_line' id='line_1_117' title="bbox 1991 5560 3565 5634; baseline -0.012 -11"><span class='ocrx_word' id='word_1_942' title='bbox 1991 5582 2127 5623; x_wconf 90' lang='lat' dir='ltr'><strong>tuos.</strong></span> <span class='ocrx_word' id='word_1_943' title='bbox 2158 5568 2296 5621; x_wconf 90' lang='lat' dir='ltr'><strong>Dicit</strong></span> <span class='ocrx_word' id='word_1_944' title='bbox 2324 5567 2371 5620; x_wconf 90' lang='lat' dir='ltr'><strong>ei</strong></span> <span class='ocrx_word' id='word_1_945' title='bbox 2400 5565 2679 5634; x_wconf 85' lang='lat' dir='ltr'><strong>presbyter</strong></span> <span class='ocrx_word' id='word_1_946' title='bbox 2712 5578 2724 5621; x_wconf 87' lang='lat'><strong>:</strong></span> <span class='ocrx_word' id='word_1_947' title='bbox 2756 5564 2870 5617; x_wconf 81' lang='lat' dir='ltr'><strong>Non</strong></span> <span class='ocrx_word' id='word_1_948' title='bbox 2901 5561 3150 5632; x_wconf 89' lang='lat' dir='ltr'><strong>possideo</strong></span> <span class='ocrx_word' id='word_1_949' title='bbox 3182 5560 3376 5613; x_wconf 91' lang='lat' dir='ltr'><strong>bonum</strong></span> <span class='ocrx_word' id='word_1_950' title='bbox 3403 5570 3565 5622; x_wconf 86' lang='lat' dir='ltr'><strong>super</strong></span> 
     </span>
    </p>
   </div>
   <div class='ocr_carea' id='block_1_118' title="bbox 1989 5642 3565 5723">
    <p class='ocr_par' dir='ltr' id='par_1_118' title="bbox 1989 5642 3565 5723">
     <span class='ocr_line' id='line_1_118' title="bbox 1989 5642 3565 5723; baseline -0.013 -9"><span class='ocrx_word' id='word_1_951' title='bbox 1989 5670 2210 5723; x_wconf 80' lang='lat' dir='ltr'><strong>terram,</strong></span> <span class='ocrx_word' id='word_1_952' title='bbox 2243 5666 2534 5711; x_wconf 83' lang='lat' dir='ltr'><strong>extraneas</strong></span> <span class='ocrx_word' id='word_1_953' title='bbox 2561 5667 2679 5709; x_wconf 89' lang='lat' dir='ltr'><strong>sum</strong></span> <span class='ocrx_word' id='word_1_954' title='bbox 2715 5653 2953 5709; x_wconf 89' lang='lat' dir='ltr'><strong>omnium</strong></span> <span class='ocrx_word' id='word_1_955' title='bbox 2998 5654 3278 5705; x_wconf 89' lang='lat' dir='ltr'><strong>virtutum.</strong></span> <span class='ocrx_word' id='word_1_956' title='bbox 3332 5643 3469 5698; x_wconf 90' lang='lat' dir='ltr'><strong>Dicit</strong></span> <span class='ocrx_word' id='word_1_957' title='bbox 3514 5642 3565 5694; x_wconf 88' lang='lat' dir='ltr'><strong>ei</strong></span> 
     </span>
    </p>
   </div>
   <div class='ocr_carea' id='block_1_119' title="bbox 1990 5731 3567 5812">
    <p class='ocr_par' dir='ltr' id='par_1_119' title="bbox 1990 5731 3567 5812">
     <span class='ocr_line' id='line_1_119' title="bbox 1990 5731 3567 5812; baseline -0.015 -7"><span class='ocrx_word' id='word_1_958' title='bbox 1990 5747 2287 5805; x_wconf 89' lang='lat' dir='ltr'><strong>communis</strong></span> <span class='ocrx_word' id='word_1_959' title='bbox 2314 5746 2473 5802; x_wconf 76' lang='lat' dir='ltr'><strong>Pater</strong></span> <span class='ocrx_word' id='word_1_960' title='bbox 2500 5754 2682 5801; x_wconf 88' lang='lat' dir='ltr'><strong>noster</strong></span> <span class='ocrx_word' id='word_1_961' title='bbox 2714 5763 2725 5798; x_wconf 89' lang='lat'><strong>:</strong></span> <span class='ocrx_word' id='word_1_962' title='bbox 2757 5744 2928 5812; x_wconf 89' lang='lat' dir='ltr'><strong>Surge</strong></span> <span class='ocrx_word' id='word_1_963' title='bbox 2958 5747 3213 5796; x_wconf 87' lang='lat' dir='ltr'><strong>etoamus</strong></span> <span class='ocrx_word' id='word_1_964' title='bbox 3264 5731 3423 5790; x_wconf 89' lang='lat' dir='ltr'><strong>simul</strong></span> <span class='ocrx_word' id='word_1_965' title='bbox 3450 5745 3464 5795; x_wconf 85' lang='lat'><strong>;</strong></span> <span class='ocrx_word' id='word_1_966' title='bbox 3511 5734 3567 5782; x_wconf 90' lang='lat' dir='ltr'><strong>et</strong></span> 
     </span>
    </p>
   </div>
  </div>
