4016 6216
441 328 543 384 307

1500 323 1590 379 DE
1627 321 1809 379 VITlS
1848 312 2127 374 PATRUM
2168 315 2367 374 LIBER
2410 317 2686 375 PRIMUS.

3602 319 3707 379 308

440 441 582 495 ducit
616 440 760 492 illum
794 452 845 490 ιη
879 453 1038 494 unam
1094 438 1338 495 cellulam
1387 436 1579 492 domus
1624 435 1762 505 ejus,
1791 443 1846 488 et
1892 430 2022 486 dicit
2049 429 2100 489 Δ
2126 432 2272 500 ejus;
2312 439 2365 485 et
2407 439 2753 500 prosternens
2790 441 2850 484 se
2895 437 3022 486 ante
3052 428 3243 486 faciem
3271 429 3410 500 ejus,
3446 429 3660 487 dicehat
3691 451 3704 486 :

441 537 488 587 ei
525 551 536 586 :
568 531 728 602 Aperi
757 529 1001 601 ianuam.
1034 531 1100 585 Et
1120 530 1248 587 dicit
1270 530 1319 584 ei
1344 545 1358 584 :
1387 528 1585 584 Sancte
1609 526 1724 588 Dei,
1751 539 1819 580 ne
1835 523 2026 593 jubeas

442 625 648 696 ingredi
673 667 688 691 ,
721 623 975 694 quoniam
1007 621 1310 678 necessaria
1351 628 1433 676 est
1463 620 1654 673 domus
1701 614 1841 686 (Π).
1891 613 2028 667 Dicit

445 720 494 781 ei
527 733 741 778 sanctus
775 740 788 786 ;
825 721 890 775 Et
920 733 1020 787 ego
1051 717 1116 772 ad
1147 717 1248 772 hoc
1271 730 1406 786 opus
1433 714 1575 769 veni.
1626 710 1851 766 Nolente
1897 721 2026 776 ergo

445 815 759 887 presbytero
784 813 991 881 aperire
1020 810 1202 874 clave,
1233 819 1483 861 sermone
1512 802 1716 868 aperuit
1745 799 1901 852 Pater
1931 811 2027 850 no-

446 915 561 958 ster
588 901 856 973 egregius,
881 909 933 955 et
962 900 1239 968 ingressus
1271 895 1474 949 invenit
1502 892 1610 946 illic
1662 890 1832 942 virum
1880 888 2028 941 ulce-

447 1011 652 1060 rosum,
680 994 763 1047 cni
787 993 1118 1048 deﬂuxerant
1145 989 1372 1059 plurima
1394 985 1635 1053 corporis
1659 982 1738 1036 sui
1766 980 2026 1047 membra,

447 1096 503 1141 et
531 1086 706 1140 nullus
734 1100 855 1139 eum
907 1082 1110 1136 sciebat
1157 1081 1268 1134 illic
1310 1092 1453 1142 esse,
1499 1075 1598 1129 nisi
1650 1072 1932 1141 presbyter
1976 1078 2032 1123 et

449 1176 608 1248 hujus
637 1192 810 1232 soror.
844 1176 980 1230 Dicit
1006 1174 1052 1227 ci
1079 1181 1295 1228 sanctus
1322 1171 1478 1225 Pater
1525 1184 1540 1222 :
1589 1166 1766 1232 Quare
1814 1161 2032 1216 voluisti

446 1271 780 1327 abscondere
810 1270 1118 1322 thesaurum
1168 1263 1375 1318 istum?
1423 1262 1559 1316 Dicit
1603 1259 1650 1314 ei
1700 1255 2028 1326 presbyter:

449 1361 702 1416 Furiosus
731 1367 836 1425 est,
865 1357 1102 1422 domine,
1129 1366 1184 1411 et
1209 1355 1520 1425 iniuriosus,
1551 1360 1604 1407 et
1635 1348 1784 1404 timui
1809 1364 1874 1400 ne
1897 1347 2034 1401 forte

449 1452 668 1507 caderet
698 1452 751 1504 in
784 1448 969 1502 verbo.
1005 1446 1141 1500 Dicit
1189 1446 1238 1499 ei
1288 1453 1439 1512 pater
1471 1461 1483 1496 :
1521 1442 1664 1495 Bene
1712 1437 1933 1492 certasti
1980 1434 2031 1487 in

448 1543 622 1606 illum,
652 1540 745 1595 sed
775 1540 985 1595 dimitte
1013 1552 1099 1591 me
1119 1546 1275 1591 nocte
1297 1536 1395 1588 ista
1427 1532 1738 1588 ministrare
1762 1527 1860 1591 illi,
1893 1535 1953 1580 ut
1981 1534 2035 1578 et

448 1650 548 1704 ego
577 1649 669 1703 per
698 1643 749 1687 te
774 1630 1072 1686 mercedem
1106 1641 1426 1696 consequar.
1460 1625 1523 1677 Et
1551 1622 1883 1677 dimittentes
1910 1632 2035 1670 san-

448 1735 592 1790 ctum
623 1739 743 1780 cum
776 1724 1019 1778 ulceroso
1046 1722 1097 1774 in
1124 1719 1391 1781 cellulam,
1421 1731 1520 1772 nec
1565 1730 1754 1770 vocem
1803 1712 2036 1765 habente

2131 522 2406 589 Miserere,
2430 521 2688 576 miserere
2710 519 2838 575 mihi
2863 520 3169 589 peccatrici,
3192 530 3379 578 sancte
3401 520 3528 590 Dei,
3549 536 3708 592 super

2130 614 2385 668 omnibus
2425 611 2678 682 peccatis.
2703 614 2862 669 Stans
2889 621 3020 668 vero
3059 612 3400 669 beatissimus
3426 611 3537 677 ille,
3567 613 3712 668 solli-

2129 704 2236 758 cite
2263 704 2562 774 inquirebat
2588 704 2657 759 ab
2686 719 2746 758 ea
2789 703 3044 773 quidnam
3075 711 3221 758 esset
3247 701 3364 759 eius
3396 703 3632 771 mugitus
3662 713 3715 758 et

2133 792 2384 847 ululatus.
2416 795 2505 847 Illa
2530 794 2663 848 dixit
2690 812 2704 849 :
2736 794 2896 859 Ecce,
2925 803 3110 849 sancte
3137 792 3265 860 Dei,
3293 808 3469 851 omtna
3499 805 3715 862 peccata

2131 896 2186 940 et
2213 886 2408 940 delicta
2448 901 2564 941 mea
2609 887 2796 954 scripsi
2830 887 2882 940 in
2915 886 3014 940 hac
3057 887 3275 953 charta,
3307 896 3362 940 et
3393 885 3627 952 bullavi;
3661 895 3714 941 tu

2132 987 2344 1039 autem,
2377 985 2564 1031 sancte
2603 977 2734 1040 Dei,
2767 977 2963 1031 bullam
3006 977 3163 1030 istam
3213 975 3431 1031 minime
3476 991 3714 1042 moveas,

2134 1066 2229 1120 sed
2261 1067 2628 1121 tantummodo
2657 1067 2724 1121 de
2767 1067 2872 1122 tuis
2918 1067 3119 1122 sanctis
3163 1068 3491 1122 orationibus
3541 1069 3719 1124 omnia

2135 1157 2251 1212 haec
2279 1158 2417 1218 dele.
2463 1157 2682 1228 Magnus
2721 1158 2932 1226 quidem
2979 1166 3194 1212 sanctus
3234 1157 3459 1212 Basilius
3503 1160 3721 1214 elevans

2135 1246 2376 1301 chartam
2407 1248 2549 1302 illam
2572 1291 2586 1315 ,
2617 1257 2675 1303 et
2703 1248 2985 1302 attendens
3030 1248 3080 1301 in
3128 1248 3321 1302 cmlum
3350 1247 3486 1302 dixit
3513 1265 3528 1303 :
3561 1248 3717 1314 Tibi,

2137 1333 2383 1401 Domine,
2415 1339 2514 1392 soli
2545 1347 2670 1392 sunt
2701 1353 2866 1407 opera
2903 1338 3055 1393 istius
3084 1337 3387 1403 manifesta,
3417 1347 3471 1392 tu
3501 1338 3719 1408 quidem

2137 1427 2318 1481 mundi
2348 1427 2505 1497 hujus
2529 1429 2793 1484 abstulisti
2825 1437 3061 1496 peccata,
3091 1437 3145 1483 et
3171 1428 3238 1484 de
3266 1429 3380 1482 sola
3411 1429 3510 1483 ista
3541 1429 3723 1488 anima

2139 1517 2344 1574 facilius
2370 1518 2550 1572 delere
2581 1528 2752 1587 potes.
2783 1519 2974 1572 Omnia
3001 1518 3216 1598 quidem
3247 1528 3552 1573 nostrorum
3588 1519 3725 1573 l'aci-

2139 1624 2268 1664 nora
2297 1610 2634 1666 dinumerata
2664 1619 2788 1664 sunt
2807 1613 2949 1680 apud
2978 1621 3060 1678 te;
3093 1620 3147 1664 tu
3177 1613 3320 1667 enim
3352 1613 3725 1669 misericordia

2141 1701 2400 1755 immensa
2428 1716 2507 1767 es,
2536 1711 2590 1757 et
2633 1701 3041 1773 investigabilis.
3090 1703 3246 1773 160
3275 1704 3338 1757 Et
3377 1703 3493 1759 haec
3536 1703 3728 1761 dicens

452 1818 824 1886 qunendipraa
847 1810 1500 1882 imbecillitatepassionis,
1521 1807 2036 1864 claudentesostium
2069 1790 2382 1856 Βίηινοῖνὶι
2436 1793 2487 1845 in
2542 1799 2781 1846 sanctam
2834 1792 3152 1857 ecclesiam,
3204 1803 3394 1848 tenens
3444 1793 3727 1864 praefatam

451 1908 819 1964 discessimus.
853 1905 1090 1960 Medicus
1118 1912 1298 1956 autem
1319 1901 1624 1963 vulnerum,
1643 1897 1843 1952 faciens
1871 1908 2033 1964 super

449 2007 571 2053 eum
598 1996 920 2060 orationem,
951 2009 1047 2063 per
1076 1999 1240 2048 totam
1269 2000 1481 2047 noctem
1512 1989 1807 2056 deprecans
1839 1986 2029 2053 Deum,

449 2102 663 2145 omnem
697 2087 1002 2156 languorem
1029 2091 1084 2140 et
1131 2095 1345 2137 omnem
1394 2078 1760 2134 inﬁrmitatem
1803 2089 2030 2137 sanans,

451 2180 655 2248 curavit
683 2194 829 2235 eum.
866 2178 1004 2233 Dicit
1028 2191 1158 2246 ergo
1180 2175 1459 2230 nobiscum
1487 2170 1771 2241 presbyter
1801 2185 1814 2223 :
1848 2166 2034 2222 Gloria

453 2273 567 2337 tibi,
595 2272 756 2336 Deus,
786 2268 876 2340 qui
913 2267 1045 2324 facis
1077 2265 1343 2322 mirabilia
1373 2260 1687 2318 timentibus
1718 2268 1804 2325 te,
1835 2265 1891 2313 et
1913 2271 2034 2312 ora-

451 2366 627 2418 tiones
652 2376 837 2417 eorutn
866 2359 1106 2415 exaudis.
1137 2357 1276 2411 Ecce
1317 2353 1557 2410 medicus
1603 2359 1861 2420 aigrotum
1911 2347 2036 2403 fecit

451 2468 662 2510 sanum.
691 2452 757 2506 Et
783 2452 961 2505 statim
989 2448 1236 2504 clamavit
1257 2453 1475 2502 sanctus
1502 2441 1595 2497 Dei
1619 2449 1676 2496 ut
1699 2439 2034 2510 aperiremus

450 2544 687 2614 jauuam.
719 2539 915 2596 Eduxit
939 2540 1119 2609 itaque
1147 2537 1452 2592 ulcerosum
1483 2542 1651 2587 totum
1685 2545 1896 2596 sanum,
1925 2546 2032 2585 non

453 2634 736 2699 habentem
765 2631 1068 2688 cicatricem
1101 2630 1154 2685 in
1183 2643 1409 2697 corpore
1434 2641 1554 2692 suo,
1578 2625 1882 2696 loquentem
1916 2624 2029 2679 ela-

449 2742 532 2797 re,
559 2736 613 2780 et
641 2725 1026 2795 gloriﬁcantem
1060 2723 1245 2777 Deum.
1277 2721 1390 2776 Hoc
1417 2726 1596 2776 autem
1626 2730 1820 2786 magno
1866 2716 2030 2771 mira-

449 2822 574 2874 culo
602 2819 760 2894 l‘acto,
789 2816 990 2873 reversi
1015 2831 1200 2871 sumus
1232 2817 1283 2870 in
1315 2816 1588 2872 civitatem
1618 2822 1878 2876 nostram,
1906 2825 2028 2865 cum

451 2911 645 2982 gaudio
691 2909 969 2968 laudantes
1014 2916 1068 2963 et
1114 2906 1494 2961 benedicentes
1545 2905 1754 2968 Deum,
1801 2901 1889 2957 cui
1945 2908 2031 2955 est

450 3003 622 3065 honor
645 3011 697 3057 et
722 3000 891 3070 gloria
922 2997 975 3052 in
1003 2997 1196 3060 saecula
1221 3001 1559 3051 saeculorum.
1592 2996 1787 3050 Amen.

537 3093 666 3149 CAP.
695 3093 858 3146 X.—
885 3089 1073 3150 Mulier
1114 3087 1358 3159 quaedam
1405 3086 1516 3157 (48)
1573 3083 1765 3139 nobilis
1809 3094 2028 3153 genere.

2135 1883 2373 1936 chartam
2399 1882 2451 1936 in
2480 1882 2759 1947 manibus;
2785 1891 2840 1936 et
2867 1892 3211 1951 prosternens
3237 1899 3297 1937 se
3323 1899 3502 1939 coram
3530 1885 3728 1953 altari,

2137 1982 2192 2028 et
2224 1989 2319 2044 per
2349 1985 2512 2028 totam
2547 1984 2790 2040 noctem,
2822 1984 2878 2030 et
2907 1974 2958 2028 in
3000 1977 3294 2030 crastinum
3335 1991 3427 2046 per
3455 1985 3560 2030 tota
3594 1977 3730 2032 miso

2136 2078 2314 2119 sarum
2337 2064 2596 2119 solemnia
2619 2064 2914 2134 deprecans
2941 2065 3129 2120 Deum.
3159 2065 3222 2119 Et
3245 2066 3500 2122 accersita
3523 2066 3730 2126 femina

2139 2155 2252 2221 illa,
2297 2156 2516 2226 porrigit
2542 2156 2590 2210 ei
2621 2157 2894 2222 chartam,
2929 2165 2981 2212 et
3020 2157 3157 2212 dixit
3193 2158 3260 2212 ad
3291 2174 3407 2212 eam
3435 2176 3448 2212 :
3479 2159 3727 2220 Audisti.

2139 2249 2360 2315 mulier,
2406 2251 2528 2318 quia
2577 2249 2758 2304 nullus
2805 2259 2981 2318 potest
3027 2249 3300 2306 dimittere
3353 2261 3569 2320 peccata
3620 2251 3729 2306 nisi

2137 2341 2285 2394 solus
2333 2341 2513 2396 Dens?
2557 2341 2645 2395 Illa
2693 2341 2869 2395 dixit:
2903 2341 3126 2406 Audivi,
3176 2341 3353 2407 Pater,
3399 2351 3455 2396 et
3503 2341 3626 2398 ideo
3673 2353 3733 2397 to

2140 2431 2414 2500 promovi,
2445 2431 2621 2497 Pater,
2644 2432 2710 2486 ad
2741 2431 3178 2487 intercedendum
3202 2433 3343 2501 apud
3373 2433 3536 2488 Deum
3567 2432 3734 2487 mise-

2138 2528 2563 2583 ricordissimum
2611 2542 2708 2596 pro
2734 2542 2840 2582 me.
2875 2528 2937 2583 Et
2977 2528 3091 2583 hac
3119 2528 3327 2595 dicens,
3368 2528 3525 2583 solvit
3563 2527 3734 2582 char-

2138 2628 2275 2687 tam,
2302 2629 2356 2674 et
2381 2621 2579 2689 reperit
2599 2634 2716 2674 eam
2743 2628 2908 2675 telam
2933 2617 3188 2674 deletam.
3209 2617 3558 2674 Remansem
3579 2619 3730 2674 enim

2136 2725 2387 2780 magnum
2420 2708 2548 2764 illud
2585 2719 2893 2778 peccatum,
2926 2708 3070 2779 quod
3112 2710 3342 2772 fecerat,
3375 2710 3552 2762 solum
3592 2707 3738 2762 scri-

2138 2811 2307 2870 ptum.
2340 2801 2539 2855 Videns
2575 2813 2751 2856 autem
2785 2801 2872 2856 illa
2905 2801 3006 2856 hoc
3051 2811 3324 2869 peccatum
3368 2799 3590 2858 minime
3629 2799 3740 2854 de-

2140 2892 2333 2956 letum,
2366 2891 2669 2960 percutiens
2709 2906 2769 2946 se
2809 2892 2861 2944 in
2912 2901 3147 2960 pectore,
3187 2890 3481 2960 angustiari
3524 2891 3742 2960 carpit.

2135 2982 2439 3052 ceciditque
2481 2991 2608 3036 ante
2647 2981 2812 3051 pedes
2842 2981 2981 3050 ejus,
3009 2995 3130 3035 cum
3164 2981 3414 3049 Iacrymis
3460 2979 3742 3046 clamans,

2135 3083 2190 3131 et
2219 3075 2440 3131 dicens:
2482 3073 2736 3128 Miserere
2763 3070 2922 3139 mihi,
2947 3085 3103 3125 serve
3130 3071 3221 3124 Dei
3250 3069 3446 3125 excelsi
3464 3110 3479 3136 ,
3505 3076 3562 3124 et
3585 3069 3744 3125 sicut

449 3197 505 3245 et
547 3185 799 3242 divitibus
845 3181 1189 3246 sarcularibus
1236 3189 1375 3246 orta,
1417 3187 1470 3234 et
1513 3175 1833 3231 vanitatibus
1874 3162 2104 3244 hujusC
2135 3167 2205 3222 de
2250 3163 2499 3220 omnibus
2551 3163 2788 3233 peccatis
2841 3161 2976 3217 meis
3024 3169 3294 3216 certamen
3356 3159 3623 3222 habuisti,
3668 3168 3741 3212 et

451 3278 634 3349 mundi
681 3276 1000 3350 composita,
1031 3281 1088 3329 et
1133 3273 1188 3340 in
1229 3271 1476 3337 omnibus
1517 3265 1940 3337 superexaltata,
1978 3273 2036 3319 et

453 3371 612 3433 vidua
638 3368 847 3436 eiii-cla,
877 3365 1188 3433 indecenter
1213 3362 1489 3423 devoravit
1529 3359 1840 3430 pecuniam,
1880 3357 2038 3411 luxu-

451 3464 596 3523 riose
646 3463 850 3524 vivens,
897 3469 1082 3527 stupro
1126 3455 1470 3524 semetipsam
1521 3448 2035 3521 subjiciens,nulla

452 3561 572 3626 qua!
602 3554 712 3609 Deo
752 3563 874 3616 sunt
903 3551 1097 3626 placita
1127 3550 1353 3620 agebat,
1389 3545 1484 3602 sed
1519 3559 1802 3615 porcorum
1845 3541 2036 3597 sintiliv

455 3648 637 3704 tudine
678 3646 731 3701 in
773 3643 1109 3715 sterquilinio
1153 3641 1449 3711 pervoluta.
1494 3637 1637 3692 Nutu
1676 3634 1895 3706 quidem
1937 3634 2033 3690 Dei

452 3736 736 3809 aliquando
766 3737 818 3790 in
853 3738 1196 3805 s-metipsam
1233 3746 1467 3799 reversa,
1513 3726 2033 3790 immensurabilium

454 3831 568 3900 ejus
599 3829 893 3892 facinorum
939 3826 1232 3888 illuminata
1281 3833 1483 3899 mente,
1511 3823 1777 3879 taciturno
1818 3818 2036 3874 silentio

455 3921 838 3978 recordabatur
867 3915 1260 3972 multitudinem
1311 3923 1650 3983 peccatorum
1699 3926 1951 3976 suorum,
1982 3919 2036 3964 et

455 4012 699 4068 dolenter
729 4007 972 4079 plorabat
1006 4006 1190 4061 dicens
1221 4020 1236 4059 :
1270 4003 1360 4058 Va:
1391 4003 1518 4058 mihi
1558 4003 1872 4072 peccatrict,
1905 4015 2037 4071 quo-

455 4102 616 4160 tnodo
660 4099 878 4155 reddam
909 4098 1169 4163 rationem
1214 4095 1283 4151 de
1311 4094 1649 4154 multitudine
1693 4105 2034 4163 peccatorum

455 4206 698 4250 ineorum
733 4207 747 4243 :
788 4187 1064 4259 spirituale
1109 4187 1364 4256 templum
1412 4185 1659 4254 corrupi,
1709 4183 2036 4239 habitantem

457 4287 510 4347 in
539 4298 764 4354 corpore
793 4283 1023 4339 animam
1051 4277 1407 4349 eoinquinavi.
1440 4277 1529 4331 νω
1566 4276 1697 4330 mihi
1719 4319 1735 4343 ,
1762 4289 1844 4328 vae
1872 4273 2033 4342 mihi,

341 4431 360 4442 _.
456 4377 580 4449 quid
610 4373 906 4444 operahar?
929 4370 1055 4442 quid
1099 4370 1230 4425 mihi
1260 4366 1518 4437 contigit?
1544 4366 1720 4420 dicam
1752 4365 1891 4418 sicut
1928 4378 2040 4416 tne-

456 4471 705 4536 retricem
733 4467 877 4521 illam
894 4505 911 4532 ,
934 4474 1025 4518 aut
1050 4463 1187 4518 sicut
1213 4459 1552 4530 publicanum
1579 4456 1726 4510 illum
1752 4452 2037 4525 peccasse?

458 4533 627 4645 [Alius
656 4560 841 4626 iuterp.
875 4554 1016 4608 addit
1045 4567 1063 4607 :
1093 4551 1200 4607 Sed
1250 4562 1409 4605 nemo
1456 4549 1595 4604 sicut
1639 4560 1739 4614 ego
1787 4542 2037 4614 peccavi,
2068 4533 2121 4594 D

455 4639 689 4721 maxime
717 4656 836 4720 post
853 4654 1097 4702 sanctum
1124 4641 1408 4711 baptisma.
1432 4636 1712 4720 Quomodo
1734 4649 1863 4704 ergo
1889 4643 2038 4689 certa

455 4759 549 4805 ero
571 4745 692 4819 quia
719 4740 1065 4812 ptenitentem
1092 4748 1178 4789 me
1203 4733 1459 4800 suscipiet
1485 4726 1681 4795 Deus?|
1711 4725 1835 4779 llaec
1861 4725 2040 4779 omnia

455 4814 597 4890 intra
638 4847 697 4902 se
742 4828 1153 4891 considerante,
1201 4822 1292 4876 ille
1330 4819 1422 4889 qui
1470 4830 1658 4873 omnes
1699 4816 1815 4869 vult
1863 4814 2040 4868 salvos

456 4928 650 4984 facere.
679 4935 732 4988 et
762 4923 813 4976 in
851 4930 1134 4974 censuram
1184 4911 1428 4967 veritatis
1474 4907 1754 4971 reducere,
1786 4913 1842 4960 et
1872 4904 2043 4958 nemi-

456 5031 579 5070 nem
609 5015 723 5074 vult
760 5011 953 5080 perire,
985 5009 1038 5063 in
1071 5006 1190 5075 ejus
1219 4999 1532 5057 memoriam
1574 4996 1834 5052 reducere
1862 4993 2042 5063 digna-

457 5121 542 5162 tus
570 5116 682 5170 est,
706 5119 825 5173 quae
851 5119 878 5156 a
907 5103 1188 5176 iuventute
1213 5110 1309 5151 sua
1340 5098 1673 5163 perpetrarat
1703 5094 1940 5158 peccata.
1977 5085 2041 5138 Et

454 5200 651 5253 sedens
691 5209 754 5250 ea
784 5206 904 5261 qua:
946 5191 1015 5247 ab
1043 5186 1402 5244 adolescentia
1433 5197 1528 5238 sua
1574 5195 1742 5250 usque
1775 5178 1842 5233 ad
1882 5192 2040 5234 sene-

453 5300 655 5345 ctutem
687 5288 888 5340 fecerat
915 5282 1126 5340 delicta.
1159 5278 1371 5346 scripsit
1399 5278 1453 5331 in
1495 5274 1705 5329 charta.
1739 5271 2038 5327 Novissime

455 5397 583 5436 vero
603 5378 817 5446 scripsit
838 5387 1085 5443 magnum
1107 5370 1250 5439 quod
1275 5373 1473 5426 iecerat
1495 5368 1891 5437 pessimumque
1918 5378 2039 5431 pec-

455 5481 632 5528 catum
653 5508 667 5531 ,
700 5476 754 5522 et
781 5462 999 5535 plumbo
1029 5458 1250 5516 bullavit
1292 5457 1407 5527 (i9)
1429 5459 1669 5510 chartam
1701 5455 1868 5508 illam.
1902 5453 2043 5506 Prte-

456 5565 644 5624 videns
671 5573 800 5616 vero
831 5566 1040 5621 tempus
1069 5562 1248 5620 aptum
1267 5591 1283 5616 ,
1313 5548 1528 5620 quando
1554 5558 1769 5603 sanctus
1817 5547 2043 5600 Basilius

456 5658 647 5728 solitus
691 5661 806 5704 erat
835 5645 1090 5701 orationis
1118 5658 1277 5697 causa
1318 5640 1384 5693 ad
1429 5638 1714 5694 ecclesiam
1758 5638 2037 5698 accedere.

457 5758 788 5828 praecurrens
815 5741 1010 5805 subito,
1036 5736 1257 5812 iactavit
1283 5732 1526 5790 chartam
1556 5730 1698 5786 illam
1723 5740 1850 5786 ante
1879 5729 2042 5799 pedes

2138 3257 2422 3314 exauditus
2450 3270 2526 3319 es,
2557 3264 2611 3310 et
2649 3269 2747 3324 pro
2787 3253 2888 3308 hoc
2933 3251 3050 3307 solo
3095 3250 3430 3306 intercedere
3469 3250 3635 3314 vales,
3669 3259 3741 3303 ut

2138 3350 2314 3419 ipsum
2341 3356 2620 3416 peccatum
2664 3345 2928 3401 deleatur.
2959 3344 3188 3400 Sanctus
3218 3357 3346 3398 vero
3390 3342 3611 3396 Basilius
3643 3341 3732 3394 la-

2137 3449 2412 3510 crymatus
2463 3449 2546 3493 est
2593 3451 2704 3506 prae
2755 3435 3157 3501 misericordia,
3199 3441 3256 3489 et
3297 3433 3481 3488 dixit;
3521 3433 3736 3501 Surge,

2138 3529 2353 3594 mulier,
2385 3537 2440 3582 et
2480 3541 2579 3597 ego
2619 3526 2781 3581 homo
2810 3540 2926 3580 sum
2958 3533 3224 3593 peccator,
3258 3537 3481 3577 necesse
3520 3520 3737 3576 habens

2138 3620 2547 3690 indulgentiam.
2577 3618 2679 3686 Qui
2706 3617 2936 3683 delevit,
2971 3616 3177 3671 remistt
3220 3615 3314 3670 tibi
3363 3623 3574 3683 peccata
3603 3627 3736 3682 qua:

2137 3712 2335 3777 voluit;
2365 3721 2554 3780 potens
2587 3717 2674 3765 est
2700 3709 2841 3764 enim
2871 3708 3014 3763 Deus
3041 3716 3096 3763 et
3124 3706 3224 3762 hoc
3251 3721 3416 3760 unum
3448 3701 3761 3775 peccatum'

2137 3803 2351 3860 auferre
2370 3819 2400 3857 a
2425 3811 2496 3867 te,
2521 3800 2611 3856 ille
2631 3800 2722 3869 qui
2744 3800 2963 3856 abstulit
2983 3809 3197 3868 peccata
3221 3796 3403 3850 mundi
3425 3812 3439 3849 :
3461 3796 3506 3850 si
3530 3793 3735 3849 amodo

2137 3892 2532 3955 observaveris,
2569 3901 2623 3945 et
2672 3891 2724 3944 in
2775 3891 2874 3944 viis
2929 3887 3138 3943 Domini
3185 3885 3562 3950 ambulaveris,
3615 3899 3734 3938 non

2140 3995 2350 4043 tantum
2399 3983 2783 4054 indulgentiam
2829 3981 3076 4046 habebis,
3117 3979 3214 4035 sed
3257 3985 3315 4034 et
3357 3975 3521 4048 gloria
3564 3974 3729 4046 digna

2138 4078 2268 4135 eris.
2304 4075 2449 4131 Vade
2490 4083 2670 4130 autem
2711 4073 2764 4127 in
2797 4085 3072 4138 eremum,
3103 4079 3156 4126 et
3192 4069 3303 4124 illic
3331 4064 3573 4122 invenies
3599 4080 3733 4119 san-

2139 4179 2287 4226 ctum
2329 4166 2599 4222 hominem
2631 4164 2962 4220 nominatum
2991 4162 3131 4218 inter
3158 4173 3347 4215 omnes
3377 4165 3592 4214 sanctos
3621 4155 3732 4210 Pa-

2141 4269 2273 4327 tres,
2304 4259 2520 4314 nomine
2546 4255 2823 4325 Ephraim.
2856 4255 2934 4308 Illi
2964 4253 3178 4324 porrige
3206 4252 3342 4306 hanc
3365 4249 3642 4314 chartam,
3672 4258 3734 4302 et

2141 4351 2258 4418 ipse
2298 4347 2624 4413 intercedet,
2652 4355 2705 4403 et
2732 4345 2996 4401 obtinebit
3023 4344 3163 4412 apud
3197 4341 3480 4397 Dominum
3523 4355 3621 4410 pro
3648 4349 3728 4394 te.

2142 4441 2293 4497 Tunc
2322 4441 2515 4496 mulier
2556 4436 2952 4493 commendavit
2981 4449 3039 4491 se
3074 4443 3262 4493 sancto
3304 4432 3398 4488 Dei
3443 4431 3725 4500 episcopo.

2146 4544 2201 4589 et
2231 4533 2467 4589 cucurrit
2507 4531 2560 4584 in
2593 4542 2864 4593 eremum,
2897 4535 2951 4582 et
2994 4523 3340 4595 pertransivit
3381 4519 3735 4591 longitudinis

2145 4625 2269 4681 iter.
2315 4621 2564 4678 Pervenit
2605 4620 2671 4683 ad
2703 4633 2954 4690 magnum
2985 4625 3042 4673 et
3069 4615 3369 4670 mirabilem
3411 4613 3733 4679 eremitam,

2144 4712 2362 4769 nomine
2384 4710 2658 4780 Ephrem,
2679 4717 2733 4764 et
2755 4707 2969 4777 pulsans
2985 4706 3205 4776 januam
3225 4702 3488 4758 clamabat
3507 4701 3729 4756 dicens:

2143 4806 2400 4862 Miserere
2430 4801 2589 4868 mihi,
2625 4799 2900 4863 miserere,
2933 4806 3119 4864 sancte
3147 4794 3260 4860 Dei.
3291 4792 3387 4857 Ille
3424 4806 3555 4854 vero
3585 4805 3728 4858 pra:-

2147 4898 2337 4956 videns
2365 4896 2417 4949 in
2448 4894 2670 4960 spiritu,
2706 4906 2802 4960 pro
2827 4904 2930 4959 qua
2961 4888 3218 4957 petitione
3245 4884 3568 4948 advenerat,
3601 4882 3733 4943 dicit

2144 4991 2193 5044 ei
2222 5007 2235 5041 :
2273 4987 2438 5052 Vade,
2464 4986 2677 5048 mulier,
2710 4984 2960 5054 quoniam
2991 4995 3092 5047 ego
3119 4985 3366 5048 peccator
3396 4976 3560 5032 homo
3585 4990 3728 5037 sum.

2145 5093 2368 5135 necesse
2395 5076 2570 5132 habeo
2596 5084 2651 5130 et
2681 5089 2781 5143 ego
2804 5071 3152 5140 adiutorium.
3182 5068 3272 5122 llla
3299 5075 3479 5127 autem
3504 5065 3726 5135 jactavit

2143 5172 2385 5233 chartam
2441 5169 2672 5226 dicens:
2712 5165 2939 5220 Sanctus
3003 5160 3230 5215 Basilius
3293 5156 3728 5225 archiepiscopus

2143 5265 2287 5323 misit
2329 5275 2416 5317 me
2452 5257 2520 5322 ad
2559 5266 2641 5326 te,
2671 5265 2730 5310 ut
2770 5251 3078 5323 depreceris
3117 5249 3319 5313 Deum,
3353 5255 3411 5302 ut
3452 5253 3729 5316 peccatum

2146 5357 2290 5427 quod
2320 5358 2374 5409 in
2405 5353 2506 5412 hac
2541 5349 2725 5412 charta
2765 5348 3021 5413 scriptum
3062 5351 3174 5407 est,
3207 5341 3468 5404 deleatur.
3512 5336 3734 5406 Reliqua

2150 5467 2280 5508 vero
2310 5449 2460 5519 plura
2505 5454 2724 5516 peccata
2771 5452 2988 5497 sanctus
3037 5438 3260 5493 Basilius
3307 5448 3469 5490 orans
3497 5431 3733 5498 delevit,
3775 5435 3783 5443 '

2150 5557 2203 5600 et
2248 5554 2332 5606 tu,
2365 5548 2550 5598 sancte
2588 5537 2718 5602 Dei,
2748 5535 2817 5590 de
2863 5547 2970 5587 uno
3000 5530 3194 5585 delicto
3234 5543 3301 5583 ne
3342 5524 3608 5596 pigriteris
3645 5522 3729 5578 iu-

2152 5635 2428 5692 tcreedere
2471 5631 2537 5686 ad
2585 5630 2782 5694 Deum,
2813 5627 2937 5695 quia
2986 5624 3051 5677 ad
3097 5632 3149 5677 te
3188 5621 3350 5678 missa
3399 5635 3539 5674 sum.
3587 5617 3737 5670 Tunc

2151 5725 2426 5783 confessor
2480 5721 2569 5779 ille
2623 5718 2798 5778 dixit:
2842 5716 2987 5782 Non,
3042 5714 3173 5776 lilia.
3230 5708 3477 5781 Nunquid
3528 5710 3616 5777 qui
3664 5707 3734 5766 de
