4016 6276
333 355 430 412 309

828 349 986 405 VITA
1022 347 1268 406 SANCTI
1309 347 1548 406 BASILII
1576 390 1590 415 ,
1637 342 1885 406 CAESAR

1990 343 2008 399 Ξ
2046 341 2506 404 ΟΔΡΡΑΒΟΟΙᾹΞ
2548 346 3087 406 ARCBIEPISCOPI.

3484 349 3596 405 370

330 467 656 530 multitudine
688 466 905 522 illorum
940 466 1232 520 facinorum
1265 468 1433 535 potuit
1475 466 1720 522 obtinere
1757 465 1899 536 apud
1928 464 1978 525 Α
2005 463 2153 533 pexit
2179 463 2455 530 ordinem,
2477 462 2664 520 dicens
2690 463 2743 520 in
2773 465 3067 532 semetipso
3094 481 3106 517 :
3141 463 3247 518 Nos
3275 480 3366 534 qut
3409 471 3589 534 porta-

333 565 518 623 Deum,
548 567 605 614 et
628 556 697 612 de
727 557 827 612 hoc
854 572 960 610 uno
1000 571 1106 611 non
1149 566 1323 624 patest
1363 556 1696 614 intercedere
1723 566 1776 612 et
1804 557 1902 614 ob-

330 652 524 709 tinere?
556 648 702 704 Vade
727 648 955 714 etenim,
985 663 1054 702 ne
1082 648 1398 716 tardaveris,
1426 657 1486 703 nt
1522 664 1644 705 eum
1670 649 1899 720 jungere

327 746 537 810 debeas,
568 741 879 811 priusquam
911 740 1085 794 anima
1113 740 1231 809 ejus
1259 739 1327 793 de
1350 755 1576 810 corpore
1604 740 1904 809 proﬁcisca-

329 849 425 890 tur.
451 835 600 888 Tunc
631 831 824 886 mulier
848 829 936 885 illa
964 830 1364 885 commendavit
1401 845 1461 886 se
1490 839 1677 887 sancto
1699 832 1905 887 confes-

327 925 425 980 sori
456 922 734 992 Epitrarm,
767 935 981 976 reversa
1013 929 1096 975 est
1123 920 1175 974 in
1203 919 1528 976 Caesaream.
1562 921 1694 976 Cum
1723 933 1903 980 autem

331 1020 551 1087 ingressa
577 1023 723 1069 esset
752 1013 936 1069 urbem
958 1054 972 1077 ,
1002 1012 1238 1067 obviavit
1276 1029 1473 1082 corpus
1512 1015 1903 1072 deducentibus

328 1108 488 1166 sancti
540 1108 760 1175 Basilii,
803 1117 857 1163 et
900 1107 1088 1161 videns
1136 1108 1424 1176 prostravit
1466 1121 1525 1163 se
1571 1107 1625 1165 in
1671 1116 1901 1173 terram,

328 1201 478 1269 coepit
512 1197 750 1252 clamare
794 1197 1054 1252 adversus
1093 1205 1338 1251 sanctum
1383 1196 1512 1261 Dei,
1553 1196 1775 1252 dicens:
1812 1197 1903 1253 Va:

331 1292 446 1347 inihi
478 1289 788 1359 peccatrici,
819 1305 899 1344 vae
930 1290 1058 1345 mihi
1086 1298 1439 1357 consumpta.
1466 1304 1546 1344 vze
1576 1289 1742 1356 mihi,
1773 1305 1902 1345 san-

326 1393 404 1439 cte
427 1382 544 1445 Dei,
577 1397 679 1450 pro
719 1382 820 1437 hoc
847 1382 1090 1437 direxisti
1123 1397 1207 1436 me
1237 1383 1288 1435 in
1330 1396 1602 1446 cremum,
1634 1392 1690 1436 ut
1720 1381 1788 1437 de
1818 1397 1902 1438 tne

327 1475 432 1528 sine
461 1473 770 1541 fatigatione
799 1472 1200 1540 proficisceres;
1232 1481 1288 1548 et
1329 1486 1456 1526 ecce
1499 1472 1618 1527 sine
1648 1474 1902 1541 Operibus

328 1577 523 1618 reversa
549 1578 709 1629 sum,
741 1563 794 1617 in
825 1579 1020 1618 vanum
1054 1563 1319 1617 devorans
1349 1572 1509 1617 tanta:
1538 1563 1899 1618 multitudinis

326 1654 482 1724 pelagi
501 1652 642 1708 viam
669 1654 902 1709 iteranti.
928 1653 1118 1709 Videat
1144 1654 1400 1709 Dominus
1426 1655 1586 1721 Deus,
1615 1665 1669 1710 et
1692 1654 1900 1724 jndicet

326 1746 452 1800 inter
477 1759 561 1799 me
591 1755 645 1799 et
672 1753 744 1809 te,
771 1745 1022 1813 quoniam
1055 1746 1270 1814 potuisti
1313 1745 1648 1803 intercedere
1676 1755 1729 1802 et
1758 1746 1899 1801 obti-

2004 556 2182 612 vimus
2207 557 2417 627 pondus
2439 557 2544 613 diei
2572 567 2627 614 et
2655 565 2838 625 aestus,
2876 558 3009 611 nihil
3052 558 3386 627 proficimus;
3413 567 3468 614 et
3498 560 3590 615 his

2005 648 2060 704 in
2092 648 2186 704 tali
2233 649 2494 720 obsequio
2520 661 2576 704 et
2618 649 2825 706 honore
2867 650 3120 718 hntnano,
3154 652 3403 706 columna
3450 651 3589 721 ignis

2005 740 2236 796 exstitit!
2268 741 2452 798 miror.
2480 742 2606 798 Haec
2634 756 2702 798 eo
2726 741 2959 810 dicente,
2993 741 3387 797 tnittitsanctns
3412 741 3590 797 archi-

2005 832 2288 888 diaconum
2317 847 2504 898 suum,
2537 833 2724 888 dicens
2750 851 2764 886 :
2795 833 2944 888 Vade
2969 842 3154 889 contra
3188 842 3393 902 portam
3439 834 3588 888 occi-

2006 919 2318 989 dcntalem,‘
2347 931 2400 977 et
2440 922 2492 976 in
2537 922 2732 992 angulo
2774 922 3018 978 ecclesia
3063 921 3304 980 invenies
3341 921 3590 976 abbatem

2005 1023 2125 1063 cum
2147 1010 2252 1064 alio
2277 1010 2505 1078 quodam
2523 1051 2536 1074 ,
2567 1010 2851 1066 habentem
2877 1012 3172 1076 cucullam,
3200 1013 3550 1069 rariharbium
3568 1053 3585 1076 ,

2007 1101 2286 1169 pusillum,
2321 1110 2378 1156 et
2417 1111 2610 1158 caetera
2642 1103 2818 1157 vultus
2857 1103 2992 1173 ejus,
3023 1115 3076 1159 et
3106 1103 3254 1161 dices
3283 1104 3330 1158 ei
3359 1120 3374 1156 :
3406 1104 3587 1174 Ingre-

2006 1192 2135 1246 dere
2170 1193 2460 1247 sacrarium
2508 1194 2646 1263 (52),
2676 1193 2862 1247 invitat
2903 1203 2954 1247 te
2986 1203 3134 1262 pater
3174 1204 3293 1251 tuus
3325 1193 3590 1262 areiiepiv

2007 1296 2222 1349 scopns.
2252 1283 2319 1336 Et
2338 1283 2550 1338 discens
2579 1299 2673 1353 per
2697 1285 3040 1351 interpretem
3061 1286 3283 1350 dictum,
3313 1286 3594 1356 respondit

2005 1373 2228 1428 dicens:
2264 1374 2498 1441 Errasti,
2530 1374 2716 1442 frater,
2752 1391 2848 1428 nos
2882 1374 3119 1445 hospites
3144 1390 3347 1431 sumus.
3378 1377 3442 1430 Et
3470 1392 3589 1444 per-

2003 1478 2135 1534 gens
2177 1464 2582 1521 archidiaconus
2627 1467 2947 1522 renuntiavit
2991 1470 3106 1524 hac
3152 1484 3344 1540 magno
3392 1469 3587 1525 Basilio

2003 1571 2186 1611 sacros
2227 1557 2390 1612 libros
2436 1559 2700 1612 recitanti.
2737 1559 2897 1615 Videt
2935 1569 3156 1616 sancws
3193 1559 3440 1630 Ephrtetn
3484 1561 3587 1615 lin-
3671 1544 3680 1556 ’

2003 1661 2160 1716 gnam
2182 1646 2386 1716 igneam
2409 1648 2712 1718 loquentem
2736 1664 2831 1720 per
2850 1664 2912 1703 os
2933 1650 3074 1719 ejus,
3096 1658 3152 1706 et
3175 1649 3306 1706 dicit
3323 1651 3582 1704 diacono:
3624 1683 3649 1714 η

2007 1736 2188 1805 Vade,
2236 1745 2290 1792 et
2336 1738 2481 1797 dices
2524 1737 2741 1794 domino
2789 1739 3074 1809 Ephraam,
3118 1739 3248 1810 jube
3288 1740 3487 1795 intrare
3532 1739 3594 1798 iu

325 1852 442 1891 nere
466 1836 608 1904 apud
635 1837 835 1905 Deum,
863 1836 964 1891 nisi
987 1837 1053 1891 ad
1075 1837 1239 1892 alium
1268 1851 1354 1892 me
1377 1837 1657 1907 dirigeres.
1685 1837 1750 1891 Et
1778 1836 1894 1892 hare
1927 1836 1971 1893 Β
1998 1839 2237 1883 εδηοιυιη
2278 1829 2507 1886 tribunal
2539 1829 2703 1900 (55);
2747 1842 2900 1887 νοοκῑ
2947 1839 2999 1885 ιθ
3043 1846 3105 1886 δι’
3107 1830 3483 1900 cuit-133%?“5
3531 1839 3588 1885 ³³⁸

323 1928 523 1992 dicens,
564 1929 782 1996 jaclavit
827 1930 1100 1998 praefatam
1144 1930 1384 1985 chartam
1425 1945 1583 1998 supra
1628 1938 1891 1999 stratum,

325 2019 373 2073 itt
402 2034 500 2089 quo
536 2020 832 2076 ducebatur
859 2035 1055 2090 corpus
1094 2022 1267 2076 sancti
1299 2021 1500 2077 Basilii.
1535 2021 1600 2075 Et
1638 2023 1895 2077 minutius

325 2110 582 2165 referebat
602 2112 679 2166 rei
707 2120 929 2166 eventus
955 2127 1136 2167 coram
1179 2112 1324 2167 omni
1355 2113 1570 2182 papnlo.
1606 2113 1754 2170 Unus
1777 2115 1894 2183 qni-

328 2199 446 2252 dem
471 2214 532 2252 ex
566 2200 703 2255 clero
729 2201 913 2254 volens
937 2215 1266 2271 cognoscere
1293 2203 1565 2272 quodnam
1598 2214 1740 2258 esset
1773 2219 1892 2273 pec.

326 2299 496 2343 catum
525 2290 681 2356 illud,
708 2291 928 2348 elevans
968 2293 1207 2347 chartam
1251 2293 1397 2350 illam
1441 2304 1496 2349 et
1541 2297 1775 2362 solvens,
1810 2311 1892 2352 re-

323 2377 453 2447 perit
474 2394 588 2433 eam
621 2389 784 2435 totam
811 2381 1072 2446 deletam,
1098 2394 1152 2438 et
1181 2383 1432 2438 mundam
1449 2425 1465 2450 ,
1494 2385 1736 2440 clamans
1763 2401 1893 2442 voce

317 2482 490 2535 magna
520 2469 596 2521 illi
626 2468 839 2524 fetninr
863 2488 876 2523 :
904 2471 948 2526 0
973 2472 1185 2537 mulier,
1215 2472 1396 2527 charta
1422 2473 1524 2527 ita
1553 2476 1752 2543 scripta
1783 2492 1888 2531 non

317 2567 415 2621 est;
443 2559 564 2623 quid
597 2562 738 2614 cnim
771 2560 822 2614 in
851 2563 938 2614 tali
971 2562 1153 2618 labore
1176 2573 1232 2618 et
1257 2567 1499 2633 angustia
1526 2569 1888 2637 consntneris,

318 2651 547 2705 nesciens
580 2653 841 2721 tnagnalia
881 2653 975 2708 Dei
1015 2655 1066 2708 in
1100 2664 1151 2709 te
1183 2655 1339 2723 facta,
1372 2667 1427 2710 et
1467 2657 1889 2726 investigahilem

315 2740 420 2808 ejus
449 2742 897 2796 misericordiam.
933 2744 1216 2798 Multitudo
1246 2745 1465 2813 quidem
1499 2747 1675 2814 populi
1709 2746 1892 2800 viden-

312 2843 332 2885 t
361 2849 384 2886 s
411 2833 510 2887 tale
546 2833 846 2902 gloriosum
881 2836 1195 2889 miraculum
1225 2847 1279 2890 et
1309 2852 1556 2905 magnum
1577 2877 1591 2899 .
1625 2838 1893 2908 glorifica-

307 2925 422 2978 bant
451 2923 624 2978 Deum
645 2965 659 2989 ,
687 2925 774 2994 qui
805 2936 1124 2994 potestatem
1155 2927 1313 2981 talem
1345 2927 1534 2991 habet,
1565 2937 1621 2981 nt
1650 2928 1705 2985 in
1735 2929 1892 2988 terris

304 3014 534 3068 remittat
580 3015 816 3068 omnium
865 3026 1116 3083 peccata;
1153 3025 1206 3071 et
1247 3017 1402 3072 daret
1444 3018 1672 3087 gratiam
1718 3020 1892 3074 servis

302 3107 425 3171 suis,
453 3115 511 3159 ut
548 3116 669 3176 post
710 3109 1006 3163 discessum
1051 3124 1236 3164 eorum
1277 3119 1472 3165 sanent
1512 3126 1727 3166 omnem
1773 3111 1891 3167 lan-

2000 1920 2316 1990 ingrediaris
2366 1923 2418 1976 in
2461 1931 2704 1977 sanctum
2759 1923 3009 1977 tribunal.
3061 1924 3410 1994 Stupefactus
3452 1939 3585 1994 ergo

1995 2026 2158 2079 super
2197 2014 2277 2065 his
2306 2022 2546 2077 sanctus,
2574 2012 2878 2082 giorificans
2910 2013 3076 2070 Dcttm
3094 2053 3110 2079 ,
3139 2021 3195 2068 et
3233 2013 3436 2068 faciens
3465 2030 3582 2067 me-

1997 2112 2225 2158 tanmim
2254 2104 2394 2174 (5i),
2424 2105 2756 2174 respondens
2781 2104 2829 2159 ei
2854 2106 3021 2160 dixit:
3052 2105 3328 2161 Veraciter
3357 2121 3580 2175 magnus

1996 2191 2244 2259 Basilius,
2270 2195 2529 2249 veraciter
2557 2195 2803 2248 columna
2848 2194 2984 2264 ignis
3035 2195 3282 2261 Basilius,
3315 2197 3580 2251 veraciter

1996 2284 2228 2352 Spiritus
2257 2297 2477 2342 sanctus
2507 2287 2741 2358 loquitur
2768 2302 2860 2356 per
2885 2303 2948 2343 os
2974 2288 3110 2357 ejus.
3144 2287 3369 2358 Rogavit
3397 2298 3579 2343 autem

1995 2377 2431 2435 archidiaconum
2458 2388 2516 2434 ut
2538 2381 2868 2435 renuntiaret
2888 2383 2957 2447 ei,
2988 2381 3238 2450 quoniam
3265 2381 3430 2450 magis
3459 2389 3580 2448 post

1997 2469 2190 2524 missas
2219 2469 2336 2539 (55)
2366 2470 2417 2524 in
2463 2471 2757 2525 secretario
2797 2472 3041 2527 salutabo
3079 2486 3226 2527 eum.
3270 2471 3514 2542 lngredie
3538 2485 3582 2526 -s

1996 2573 2128 2628 ergo
2156 2567 2277 2625 post
2300 2559 2694 2614 absolutionem
2725 2560 2902 2616 missas
2928 2561 2979 2615 in
3007 2562 3353 2617 secretarium
3373 2600 3392 2627 ,
3427 2577 3581 2615 voca-

1995 2649 2066 2703 vit
2106 2659 2349 2704 sanctum
2394 2649 2681 2718 Epliraem,
2714 2659 2770 2706 et
2812 2649 2864 2704 in
2909 2650 3136 2706 Domino
3177 2652 3417 2706 osculum
3461 2650 3593 2722 (56).

1997 2739 2219 2794 tradidit
2251 2740 2322 2794 ei.
2370 2739 2508 2794 Dicit
2546 2740 2627 2795 illi
2659 2759 2674 2796 :
2721 2741 2864 2796 Bene
2907 2741 3133 2808 venisti,
3164 2743 3288 2808 quia
3331 2743 3580 2812 multipli-

1995 2829 2129 2886 casti
2168 2830 2457 2901 discipulos
2485 2832 2683 2887 Christi
2712 2833 2763 2887 in
2794 2834 3055 2902 Ecclesia,
3087 2845 3142 2890 et
3169 2833 3450 2890 daemones
3475 2851 3579 2889 ex-

1996 2920 2176 2989 pulisti
2207 2936 2303 2991 per
2343 2921 2645 2986 Christum,
2677 2923 2730 2978 in
2759 2939 2866 2994 quo
2908 2932 2992 2979 est
3029 2924 3182 2980 labor
3226 2933 3368 2981 tuus.
3397 2927 3579 2992 Pater,

1996 3010 2187 3065 venisti
2230 3010 2411 3068 videre
2453 3022 2794 3082 peccatorem
2838 3013 3128 3070 hominem.
3161 3015 3260 3072 Det
3297 3016 3394 3073 tibi
3438 3015 3580 3072 Deus

1995 3098 2297 3156 mercedem
2326 3101 2621 3156 secundum
2663 3102 2899 3159 laborem
2930 3113 3099 3160 tuum.
3133 3105 3200 3161 Et
3238 3106 3574 3176 respondens

299 3213 514 3263 guorem
539 3239 555 3263 ,
584 3207 638 3252 et
667 3214 878 3254 onmem
909 3200 1305 3264 infirmitatem,
1337 3202 1749 3271 remittendiqne
1777 3219 1884 3259 om-
1915 3199 1961 3261 C
2001 3191 2049 3245 θί
2074 3189 2399 3246 "morabilis
2421 3191 2700 3260 Ephmms
2723 3202 2778 3248 ει
2796 3193 2981 3251 dicens
3001 3195 3177 3250 omnia
3200 3211 3318 3265 qua
3339 3197 3393 3251 Ῐη
3415 3196 3579 3254 corde

301 3287 442 3342 nium
487 3288 812 3350 delictorum
860 3289 1094 3344 facinora
1140 3300 1455 3359 potestatem
1499 3293 1765 3348 concessit
1805 3294 1888 3348 his

297 3381 381 3447 qui
412 3390 620 3438 rectam
649 3381 810 3437 fidem
853 3382 1081 3438 Domino
1121 3392 1475 3452 conservant,
1521 3394 1790 3441 certantes
1832 3387 1885 3442 in

300 3470 449 3527 bouis
486 3473 768 3543 operibus,
808 3483 863 3530 et
908 3475 1269 3545 gloriﬁcantes
1315 3477 1482 3532 Deum
1521 3485 1573 3533 et
1603 3478 1886 3535 Dominum

299 3573 538 3619 nostrum
566 3565 748 3620 Jcsum
776 3566 1070 3623 Christum.

363 3653 490 3716 Car.
527 3653 619 3710 XI.
650 3684 720 3695 —
752 3657 965 3712 Fratres
993 3655 1134 3728 (50),
1162 3658 1520 3714 narrationem
1550 3660 1673 3715 volo
1701 3661 1880 3718 facere

293 3743 357 3797 de
382 3744 604 3810 Basilio,
639 3746 804 3800 nobili
830 3746 1068 3812 scilicet,
1096 3756 1152 3803 et
1181 3748 1428 3816 prrzem
1457 3751 1613 3822 Syro.
1646 3753 1710 3807 Et
1737 3768 1883 3822 qua:-

294 3832 410 3886 dant
437 3833 659 3904 quidem
687 3850 753 3890 ex
784 3835 959 3891 Patris
985 3837 1182 3902 nostri,
1209 3839 1454 3906 quaedam
1477 3856 1660 3905 autem
1684 3857 1749 3897 ex
1775 3858 1880 3900 non

292 3924 599 3980 mentientis
638 3940 734 3983 ore
771 3929 940 3984 sancti
982 3937 1038 3984 et
1080 3932 1340 3987 mirabilis
1383 3931 1634 4002 Ephrasm
1677 3934 1878 3992 audivi.

294 4014 384 4068 E~t
415 4032 548 4072 vero
573 4018 644 4072 ita
672 4036 714 4074 τι
1235 4087 1251 4104 ‘

361 4104 614 4175 Epliraem
646 4107 842 4164 nobilis
881 4107 1120 4165 existens
1164 4110 1218 4165 in
1258 4125 1466 4177 eremo,
1490 4113 1732 4180 quaedam
1762 4116 1881 4183 qui-

289 4201 408 4256 dem
457 4203 819 4259 illustratione
864 4205 1032 4258 sancti
1080 4205 1311 4274 Spiritus
1355 4205 1578 4270 videns,
1631 4206 1876 4275 quadam

292 4305 418 4346 vero
439 4309 506 4347 ex
540 4293 808 4349 desiderio
831 4303 885 4349 et
914 4295 1334 4365 interrogatione
1360 4295 1612 4351 ediscens
1637 4297 1878 4352 miranda

291 4384 442 4438 nobis
475 4386 643 4438 nostri
678 4385 850 4439 Patris
883 4386 1095 4450 Basilii,
1126 4386 1244 4440 sine
1283 4385 1683 4441 intermissione
1723 4402 1877 4458 roga-

288 4473 374 4526 bat
408 4474 637 4528 revelari
666 4475 767 4529 sibi
802 4476 940 4545 (51),
969 4477 1142 4546 qualis
1169 4485 1311 4531 esset
1359 4477 1578 4545 Magnus
1621 4476 1870 4530 Basilius.

1991 3297 2092 3336 suo
2124 3284 2495 3352 versabantur,
2532 3300 2636 3339 una
2665 3302 2787 3344 cum
2828 3288 3022 3344 abbate
3050 3289 3141 3358 qui
3189 3305 3310 3346 cum
3342 3290 3431 3346 illo
3460 3302 3578 3347 erat

1987 3376 2406 3432 communicavit
2436 3378 2489 3431 in
2531 3385 2748 3433 sanctas
2776 3394 2967 3433 manus
2997 3378 3136 3449 ejus,
3165 3389 3221 3436 et
3253 3379 3481 3438 faciente
3509 3397 3589 3438 eo.

1987 3465 2303 3520 charitatem
2333 3466 2468 3520 dixit
2492 3477 2711 3523 sanctus
2740 3468 2987 3538 Ephrtem
3011 3487 3027 3526 :
3057 3471 3212 3527 Pater
3240 3472 3571 3537 honorande,

1989 3573 2149 3616 unam
2205 3567 2330 3627 peto
2375 3559 2598 3630 gratiam
2646 3559 2742 3616 abs
2791 3571 2873 3627 te,
2905 3569 2966 3621 et
3003 3561 3141 3618 hanc
3183 3563 3419 3620 concede
3460 3563 3575 3621 dari

1986 3649 2139 3703 mihi.
2163 3649 2262 3715 Qui
2288 3649 2418 3706 dixit
2441 3651 2518 3706 ad-
2537 3666 2658 3706 eum
2683 3667 2700 3708 :
2727 3651 2890 3718 lube,
2909 3654 3000 3711 dic
3026 3671 3145 3725 quae
3172 3655 3420 3714 videntur
3446 3659 3573 3724 tibi,

1987 3741 2155 3794 multa
2185 3741 2330 3794 enim
2361 3739 2454 3794 tibi
2485 3741 2689 3807 debeo;
2722 3751 2776 3798 et
2812 3744 3044 3800 maxime
3086 3756 3303 3815 propter
3333 3747 3570 3802 laborem

1985 3838 2131 3885 tuum
2152 3871 2167 3897 ,
2197 3840 2247 3886 et
2281 3831 2354 3886 tui
2385 3831 2663 3888 adventus.
2703 3834 2837 3889 Dicit
2866 3835 2916 3890 ei
2965 3826 3211 3906 Ephrmm
3242 3854 3259 3894 :
3290 3837 3436 3903 Scio,
3467 3838 3570 3893 Pa-

1987 3930 2069 3976 ter
2104 3930 2310 3989 sancte,
2336 3923 2462 3993 quia
2508 3938 2844 3994 quaecunque
2888 3925 3026 3996 petis
3066 3942 3095 3980 a
3148 3927 3276 3993 Deo,
3310 3928 3572 3985 concedet

1985 4013 2112 4080 tibi;
2143 4013 2264 4069 volo
2291 4023 2348 4068 ut
2371 4015 2676 4084 depreceris
2702 4017 2867 4072 Deum
2887 4057 2900 4081 ,
2926 4026 2983 4073 ut
3009 4018 3197 4089 loquar
3217 4020 3404 4076 Graece
3429 4020 3567 4091 (57).

1983 4106 2085 4172 Qui
2125 4105 2260 4160 dixit
2303 4106 2352 4161 ei
2382 4122 2395 4159 :
2427 4106 2601 4175 Super
2645 4108 2937 4176 potentiam
2986 4125 3160 4166 meam
3210 4111 3438 4180 petiisti;
3468 4111 3564 4167 sed

1981 4195 2104 4266 quia
2131 4195 2362 4252 fideliter
2388 4196 2615 4264 petiisti,
2638 4198 2759 4252 veni
2784 4198 2960 4266 Pater,
2981 4209 3036 4255 et
3055 4201 3221 4256 eremi
3243 4211 3565 4272 prameptor,

1981 4286 2331 4354 deprecemur
2361 4286 2677 4356 Dominum,
2722 4297 2912 4357 potens
2953 4300 3034 4345 est
3076 4293 3221 4348 enim
3264 4294 3439 4349 facere
3464 4309 3565 4348 vo-

1980 4377 2239 4433 luntatem
2287 4387 2457 4433 tuam.
2500 4379 2768 4451 Scriptum
2804 4391 2888 4437 est
2926 4383 3110 4439 enim:
3145 4384 3456 4441 Volnntates
3496 4385 3562 4439 ti-

1981 4470 2240 4525 mentium
2269 4487 2329 4526 se
2375 4473 2563 4536 faciet,
2593 4483 2648 4528 et
2676 4476 2946 4531 orationes
2984 4491 3171 4533 eorum
3197 4478 3474 4544 exaudiet,
3505 4489 3562 4533 et

290 4562 342 4617 lu
373 4566 576 4619 exstasi
623 4581 751 4635 ergo
793 4564 984 4633 factus,
1020 4567 1152 4622 vidit
1197 4567 1503 4622 columnam
1536 4565 1693 4638 ignis,
1722 4565 1875 4636 cujus
1902 4570 1954 4632 υ
1978 4562 2156 4617 salvos
2186 4562 2344 4618 faciet
2367 4578 2465 4619 eos
2506 4563 2676 4635 (Paul.
2707 4566 2870 4638 xuv).
2903 4567 2969 4622 Et
2998 4567 3317 4625 facientibus
3356 4572 3562 4627 oratio-

284 4663 448 4723 capnt
472 4656 809 4726 pertingebat
831 4658 896 4711 ad
918 4658 1130 4718 εαιυιιι.
1152 4669 1208 4711 et
1228 4672 1327 4712 vox
1350 4658 1631 4712 desursum
1654 4658 1870 4712 dicens:

285 4747 572 4816 Ephraam,
623 4749 902 4818 Ephracm,
946 4749 1394 4820 quemadmodum
1441 4753 1615 4806 vidisti
1665 4752 1873 4806 colum-

283 4852 404 4890 natn
441 4839 580 4893 hanc
609 4841 766 4908 ignis,
800 4841 919 4894 talis
943 4849 1025 4895 est
1050 4849 1104 4894 et
1133 4855 1356 4911 magnus
1388 4841 1633 4896 Basilius.
1667 4842 1734 4898 Et
1759 4851 1871 4896 sta-

285 4931 377 4982 tim
411 4932 605 4985 tollens
649 4933 1027 5001 interpretem,
1056 4947 1123 4987 eo
1152 4934 1291 5002 quod
1332 4933 1564 4988 nesciret
1592 4933 1734 5003 loqui
1767 4935 1870 4989 lin—

281 5034 443 5088 gnam
486 5020 757 5088 Graecam,
795 5025 944 5077 venit
983 5024 1035 5077 in
1078 5038 1322 5094 magnam
1362 5025 1650 5079 ecclesiam
1693 5025 1868 5097 magni

283 5111 517 5164 nominis
547 5114 827 5177 Caesarem,
855 5123 911 5168 et
941 5112 1188 5180 pervenit
1230 5113 1283 5168 in
1323 5124 1561 5169 sanctam
1605 5112 1870 5169 festivitao

285 5209 392 5253 tem
434 5203 588 5284 161
631 5203 1013 5272 Tthphaniaa,
1046 5215 1101 5258 et
1142 5203 1448 5273 ingrediens
1479 5206 1694 5261 occulte
1734 5207 1871 5261 vidit

282 5293 668 5355 procedentem
697 5294 746 5346 itt
778 5295 1007 5348 ecclesia
1051 5310 1300 5365 magnum
1333 5295 1619 5362 Basiliam,
1652 5305 1706 5351 et
1731 5298 1868 5354 dixit

279 5383 629 5450 sequentibus
668 5398 774 5438 se:
816 5385 1080 5452 aniam
1130 5385 1183 5440 in
1232 5400 1424 5440 vanutn
1472 5387 1864 5455 laboravimus;

279 5480 416 5538 puto
452 5472 622 5537 enim,
668 5473 984 5539 frater,iste,
1016 5478 1068 5529 itt
1101 5475 1193 5530 tali
1226 5476 1414 5531 ordine
1453 5479 1717 5545 existens,
1757 5495 1863 5534 non

279 5577 310 5614 e
343 5569 367 5622 t
389 5561 537 5629 juxta
560 5563 698 5632 quod
723 5564 848 5618 vidi.
875 5566 995 5620 Erat
1025 5567 1168 5621 enim
1192 5567 1551 5625 circumdatus
1574 5570 1711 5626 stola
1737 5586 1866 5629 oan-

275 5648 430 5714 dida,
459 5659 512 5704 et
549 5651 686 5707 circa
719 5667 838 5708 eum
872 5657 1209 5713 venerandus
1253 5658 1430 5714 clerus
1459 5661 1773 5720 candidatus
1805 5673 1860 5720 et

277 5739 585 5806 obsequens
608 5744 678 5799 ei.
710 5744 776 5800 Et
804 5754 952 5802 stans
976 5747 1029 5804 in
1058 5747 1178 5806 loco
1207 5749 1470 5811 absconso
1494 5755 1736 5813 ecclesiis
1764 5771 1859 5814 as~

1982 4669 2079 4710 nes
2143 4671 2240 4725 per
2290 4655 2546 4723 plurimas
2610 4656 2790 4725 horas,
2877 4674 3102 4732 surgens
3147 4660 3284 4715 dixit
3337 4676 3562 4732 magnus

1979 4742 2244 4797 Basilius:
2275 4743 2471 4811 Quare,
2502 4742 2718 4802 domine
2749 4745 2998 4818 Ephrtcm
3020 4789 3034 4814 ,
3066 4765 3171 4805 non
3202 4751 3402 4818 accipis
3431 4765 3560 4811 cort-

1976 4833 2333 4890 secrationem
2391 4837 2748 4906 presbyterii,
2797 4840 3060 4909 quoniam
3115 4843 3367 4911 cottgnuit.
3419 4843 3514 4900 tibi
3536 4847 3573 4898 2-

1980 4923 2118 4978 Dicit
2156 4925 2206 4979 ei
2246 4939 2341 4994 per
2384 4925 2776 4997 interpretem:
2818 4932 3078 5006 Quoniam
3127 4947 3376 5002 peccator
3417 4952 3558 4998 sum.

1979 5016 2276 5084 Respondit
2303 5017 2417 5072 illi:
2449 5017 2659 5075 Utinam
2689 5033 2905 5090 peccata
2935 5032 3021 5077 tua
3049 5039 3149 5094 ego
3174 5025 3458 5083 haberem!
3492 5029 3565 5091 Et

1973 5108 2103 5166 dicit
2153 5111 2200 5164 ei
2247 5128 2259 5162 :
2313 5111 2582 5166 Mittamus
2629 5115 3086 5183 genuﬂexionem,
3145 5129 3200 5174 et
3257 5120 3564 5190 jacetttibus

1971 5213 2136 5269 super
2182 5202 2576 5270 pavimentum,
2627 5206 2802 5273 posuit
2840 5219 3057 5262 manum
3101 5223 3262 5279 super
3310 5222 3557 5272 sanctum

1974 5289 2224 5360 Ephrazm
2271 5306 2492 5361 magnus
2522 5293 2794 5360 sacerdos,
2823 5305 2879 5351 et
2916 5297 3050 5353 dixit
3087 5301 3393 5359 orationem.
3436 5303 3556 5360 dia-

1972 5384 2150 5451 conii,
2181 5393 2236 5440 et
2264 5384 2396 5439 dicit
2438 5384 2512 5446 illi
2537 5401 2553 5442 :
2583 5387 2739 5454 Jube,
2771 5390 2992 5446 snbleva
3025 5407 3153 5455 nos._
3178 5393 3399 5464 ltepleta
3429 5414 3558 5468 ergo

1972 5476 2151 5548 lingua
2195 5477 2344 5546 ejus,
2385 5477 2521 5533 dicit
2563 5489 2782 5536 sanctus
2827 5482 3076 5552 Ephrem
3121 5485 3310 5542 Grazca
3353 5486 3553 5558 lingua,

1969 5568 2149 5634 Salva,
2179 5570 2458 5636 miserere,
2491 5571 2724 5642 suscipe,
2761 5580 2818 5628 et
2859 5588 3119 5632 conserva
3165 5592 3281 5651 nos,
3308 5577 3472 5649 Deus,
3498 5578 3552 5632 in

1969 5667 2056 5714 tua
2088 5659 2289 5730 gratia;
2322 5670 2374 5714 et
2405 5673 2833 5720 consummatum
2861 5673 2947 5722 est
2974 5667 3116 5735 quod
3143 5667 3400 5736 scriptum
3428 5675 3551 5720 est:

1968 5753 2118 5813 Tunc
2144 5756 2306 5813 saliet
2327 5757 2463 5817 sicut
2484 5771 2676 5817 cervus
2695 5761 2938 5833 claudus,
2961 5771 3015 5820 et
3043 5770 3228 5832 aperta
3249 5761 3351 5845 erit
3372 5759 3550 5829 lingua
