4016 6224
415 306 512 362 δη

1389 323 1393 327 ”
1469 303 1556 359 DE
1600 302 1778 359 VITlS
1817 301 2098 358 PATRUM
2141 301 2341 355 LIBER
2383 300 2655 357 PRIMUS.

3587 300 3689 356 ΞΗ

417 418 832 476 habbatientium
879 417 1018 489 (Ira.
1044 418 1230 483 xxxv).
1283 417 1348 473 Et
1391 419 1642 489 loquente
1680 435 1746 475 eo
1791 419 1996 484 Graece,
2029 429 2079 486 Α
2107 428 2392 486 terprctem
2444 418 2762 484 diaconum,
2803 426 2858 472 et
2910 419 3082 486 ipsum
3129 418 3499 490 presbyterum
3546 421 3686 490 (58),

415 513 531 582 ipsa
572 514 703 568 hora
744 512 1176 577 gloriﬁcaverunt
1204 511 1518 578 Dominum,
1552 514 1639 582 qui
1685 514 1861 567 omnia
1905 527 1998 579 po-

415 611 551 669 test,
578 611 632 657 et
657 602 873 657 exaudit
915 603 1185 656 orationes
1217 600 1517 655 timentium
1561 617 1643 658 se.
1689 603 1754 656 Et
1784 601 1997 668 Spirita-

417 692 541 749 liter
567 693 809 749 laetantes
848 707 944 762 per
984 701 1092 747 tres
1120 690 1256 756 dies,
1287 700 1340 745 et
1369 704 1692 746 consecratis
1733 690 1880 744 illum
1914 691 1998 742 iu-

2103 507 2308 562 dimisit
2333 507 2452 562 illos
2474 506 2525 560 in
2558 521 2704 574 pace,
2731 507 3091 576 gloriﬁcantes
3123 509 3288 562 Deum
3319 525 3415 578 pro
3437 510 3686 568 omnibus

2105 615 2222 666 qua:
2249 599 2530 654 audierunt
2561 599 2714 671 (Luc.
2743 600 2824 670 tt),
2855 601 3146 658 secundum
3175 601 3316 671 quod
3343 602 3544 657 dictum
3579 602 3690 656 [υῖει

2106 699 2186 744 rat
2213 689 2278 742 ad
2307 689 2451 744 illos.

1705 805 2067 860 ROSWEVDl
2108 805 2431 862 NOTATIO.

480 900 572 1026 £2
599 897 822 981 Βιρσὶιὶἱῇ
852 896 1282 985 martyrologium
1320 896 1619 978 Romanum
1652 898 1674 950 l
1715 895 2000 978 Januarii}.

573 985 740 1024 sareze
786 986 838 1023 ιιι
883 967 1219 1026 Cappadocra
1284 966 1552 1026 depositio
1609 977 1776 1020 sancti
1828 965 2000 1019 Bastln

423 989 445 1024 ο
480 965 740 1026 ῧὼεθνρεε
786 965 838 1023 iii
883 965 1219 1035 Cappadocia
1284 965 1552 1035 depositio
1609 967 1776 1020 sancti
1828 965 2000 1019 Basilii

419 1039 678 1107 episcopi,
710 1039 863 1106 cujus
902 1035 1182 1091 erlebritas
1232 1052 1361 1091 xvnt
1392 1035 1657 1090 Kalendas
1705 1036 1852 1098 Ju‘ii,
1898 1051 2000 1104 qua

420 1111 507 1163 die
536 1111 812 1162 ordinatus
841 1107 939 1161 fuit
967 1109 1270 1173 episcorus,
1304 1107 1636 1172 potissimum
1666 1107 1937 1159 recolitnr.
1977 1125 1994 1156 ι

419 1180 496 1234 De
522 1195 624 1247 qua
655 1179 771 1244 eius
800 1176 1131 1247 ordinatione
1164 1177 1215 1229 in
1246 1177 1552 1247 episcOpnm
1585 1176 1776 1247 ibidem
1815 1175 1880 1247 14
1908 1174 2002 1247 Ju-

420 1251 491 1304 nii
526 1244 552 1302 ε’
577 1266 598 1302 ι
636 1249 892 1302 ϐαεειιιθω
919 1247 972 1300 in
1001 1244 1334 1314 Cappadocia
1379 1246 1644 1299 ordinatio
1690 1246 1860 1299 sancti
1901 1246 1999 1297 Ba-

415 1318 524 1372 silii
552 1317 812 1387 episcopi,
839 1315 931 1386 qui
963 1325 1200 1387 tempore
1231 1316 1476 1387 Valentis_
1512 1316 1849 1382 imperatoris
1901 1317 1998 1387 dn-

418 1385 667 1445 ctrina‘et
709 1385 965 1453 sapientia
1023 1386 1264 1455 insignis,
1315 1385 1666 1454 omnibusque
1713 1386 1998 1439 virtutibus

419 1467 659 1523 ornatus,
689 1456 1003 1510 mirabiliter
1045 1455 1265 1520 effulsit,
1295 1465 1350 1509 et
1396 1455 1690 1509 Ecclesiam
1745 1456 2000 1508 adversus

421 1526 650 1582 Arianos
677 1536 730 1580 et
757 1525 1164 1580 Macedonianos
1195 1528 1326 1578 mira
1349 1525 1648 1579 constantia
1679 1525 1932 1579 defendit.
1975 1543 1994 1576 ι

420 1597 773 1665 Menologium
803 1596 1068 1660 Graecum,
1096 1595 1120 1650 1
1149 1595 1383 1665 Januarii
1407 1613 1419 1647 :
1452 1613 1470 1645 ι
1494 1596 1693 1650 Eodem
1725 1594 1833 1659 die,
1855 1609 1999 1648 com-

419 1663 734 1727 memoratio
761 1666 818 1722 S.
851 1666 912 1721 P.
941 1666 1002 1718 Ν.
1037 1663 1234 1718 Basilii.
1269 1683 1286 1715 ι
1326 1665 1378 1717 In
1410 1665 1646 1727 Menaeis,
1678 1665 1863 1718 eodem
1891 1664 1996 1730 die,

2115 897 2205 950 ille
2234 905 2316 952 vir
2358 897 2761 970 Amphilochius
2794 899 2981 954 litteris
3011 902 3415 957 commendasse
3445 905 3692 970 perhibe-

2114 976 2216 1040 tur,
2243 969 2492 1040 mandato
2523 980 2788 1036 perpetua:
2815 971 3039 1039 Virginis
3066 973 3299 1040 Deiparm
3324 988 3418 1039 per
3440 969 3685 1027 Sanctum

2112 1036 2452 1101 Mercurium,
2486 1040 2656 1108 lllagni
2690 1040 2864 1093 Basilii
2898 1036 3172 1107 precibus,
3193 1036 3520 1097 desertorem
3552 1045 3692 1098 hunc

2112 1108 2390 1173 trajectum
2424 1108 2583 1163 fuisse
2617 1127 2629 1162 :
2663 1126 2766 1162 non
2802 1120 2975 1164 tamen
3021 1113 3133 1163 haec
3174 1114 3405 1164 narratio
3432 1122 3690 1174 meretur,

2109 1185 2166 1229 ut
2193 1179 2240 1230 ci
2264 1180 2516 1231 continuo
2556 1179 2710 1232 ﬁdem
2754 1181 3028 1234 adhibeas.
3063 1182 3229 1246 Quam
3258 1182 3330 1234 ob
3359 1197 3470 1234 rem
3515 1184 3692 1236 istud?

2107 1249 2358 1318 quoniam
2391 1249 2440 1301 in
2467 1249 2654 1302 eodem
2677 1250 2878 1313 scripto
2909 1250 3129 1318 legimus
3162 1251 3402 1318 Magnum
3436 1253 3687 1306 Basilium

2104 1315 2360 1370 Cil’Sfll‘elB
2387 1320 2684 1383 pontiﬁcem
2719 1319 2768 1372 id
2803 1315 3052 1379 temporis
3085 1315 3275 1379 fuisse.
3309 1337 3430 1374 cum
3461 1337 3552 1376 eas
3609 1339 3694 1376 re-

2105 1386 2290 1453 giones
2321 1389 2604 1454 imperator
2632 1389 3055 1455 improbissimus
3082 1406 3146 1444 co
3189 1400 3266 1444 tra
3300 1390 3489 1444 l’vrsas
3529 1408 3612 1453 ex:
3635 1408 3694 1443 e-

2105 1456 2306 1535 ditione
2333 1467 2573 1535 suscepta
2626 1460 3052 1535 peragraret._At
3097 1477 3228 1535 vero
3275 1461 3428 1512 aliter
3463 1463 3695 1535 eximius

2107 1527 2517 1599 illeGrchrius
2534 1539 2912 1599 _clignomento
2945 1529 3244 1598 Theologus
3274 1534 3542 1585 memoriae
3572 1548 3697 1599 pro-

2109 1593 2261 1648 didit.
2294 1596 2424 1648 Nam
2456 1600 2498 1650 si
2530 1593 2790 1663 Basilius,
2839 1599 2941 1653 hoc
2985 1601 3052 1652 ita
3101 1593 3378 1661 narrante,
3422 1601 3472 1653 in
3520 1593 3696 1654 Ponto

2110 1664 2336 1729 degebat
2361 1668 2459 1718 sub
2486 1667 2691 1720 initimn
2727 1667 2930 1735 imperii
2975 1668 3233 1732 Valentis,
3289 1673 3374 1739 qui
3421 1671 3713 1739 aliquanto

423 1722 591 1791 fusius
619 1737 689 1790 de
717 1750 780 1788 eo
809 1737 1003 1803 agitur.
1033 1734 1193 1800 Cujus
1225 1736 1382 1788 etiam
1425 1722 1676 1788 memoria
1710 1749 1828 1787 cum
1875 1722 2007 1788 (ire;
2039 1722 2085 1780 Β
2113 1722 2233 1801 post
2266 1746 2502 1803 tempore
2533 1722 2946 1803 Γι·ςη8ιίι,ὀιιιιι
2978 1722 3234 1792 Caesareas
3269 1722 3526 1803 pontifex.
3550 1722 3695 1794 esset

421 1807 574 1872 corio
603 1806 938 1860 Nazianzeno
966 1805 1236 1873 tlleologo,
1277 1813 1332 1858 et
1375 1804 1580 1858 Joanne
1626 1804 2007 1872 Chrysostomo

429 1875 955 1930 ibidem-celebratur
975 1872 1043 1928 50
1063 1872 1322 1938 Januarii,
1355 1885 1407 1926 et
1431 1883 1652 1940 utroque
1701 1875 1816 1926 loco
1840 1875 2009 1940 magni

421 1945 691 2018 (μιγᾲλου)
720 1943 1314 2018 epithetohonestatur.
1351 1945 1698 2018 Evagritis,_iti
1729 1943 2004 2018 goostico,

423 2013 676 2069 Basiliam
698 2024 849 2068 vocat
869 2015 1092 2066 veritatis
1114 2017 1423 2066 columnam.
1454 2019 1520 2064 lta
1551 2013 1708 2068 refert
1737 2013 2004 2081 Nicepho-

419 2099 534 2148 rus,
555 2085 646 2139 lib.
666 2084 1034 2153 ιι,1620;ιρ.
1057 2081 1144 2138 45.
1172 2082 1460 2149 Gregorius
1475 2085 1762 2153 Nys‘enus,
1779 2083 1830 2136 in
1849 2084 2008 2134 lineo-

424 2154 534 2208 mio
551 2155 817 2222 Ephrem,
833 2158 907 2206 ait
931 2153 1176 2206 Basi'ium
1194 2168 1313 2208 esse
1339 2169 1391 2204 os
1417 2153 1894 2216 Ecci‘eaiw,auream
1912 2155 2006 2205 do-

421 2225 600 2279 ctrina:
615 2223 903 2277 lusciniam.
932 2223 1032 2291 Ipsi
1060 2223 1304 2286 Ephraem
1321 2222 1512 2276 dicitur
1539 2224 1845 2277 inencomio
1867 2223 2004 2289 ejus,

421 2297 452 2355 xi
489 2295 643 2366 βάσις
674 2302 775 2348 τῶν
809 2295 1022 2366 ἀρετῶν,
1052 2293 2009 2366 @6105;chérraivcov,gressusvirtuf

425 2363 556 2430 tuin,
585 2365 712 2417 liber
733 2363 966 2415 laudum.
992 2363 1564 2428 Quietaliisprmclaris
1586 2363 1905 2423 elogiiseum
1933 2363 2007 2415 ibi

421 2445 667 2489 exornat.
685 2432 1042 2495 Tbeodoreto,
1059 2431 1193 2485 libro
1208 2448 1276 2493 iv,
1296 2445 1414 2502 rap.
1440 2432 1522 2490 l9.
1539 2444 1592 2485 '0
1608 2441 1697 2492 τῆς
1712 2435 2007 2502 οἰκουμένης

424 2502 1064 2578 senex-riaaprwfnlgjdum
1097 2503 1262 2578 lumen
1285 2501 1373 2578 arb
1394 2503 1672 2578 su‘nirersi.
1701 2501 1858 2578 Varia
1892 2503 2007 2569 ejus

424 2570 726 2644 elogia'vide
746 2570 1413 2644 initioOperumejus._Bes
1427 2573 1540 2644 ejus
1558 2572 1809 2644 praeclare
1832 2582 2006 2644 gestas

423 2641 806 2696 laudatissitnis
833 2643 946 2694 suis
969 2641 1262 2693 Annalibus
1293 2641 1515 2693 intexuit
1535 2642 1818 2693 cardinalis
1844 2642 2001 2692 Baro-

421 2711 569 2770 nius.
601 2712 699 2777 Qui
731 2725 798 2765 ex
827 2711 1098 2765 veteribus
1133 2710 1308 2764 Basilii
1335 2712 1638 2763 encomium
1671 2712 2003 2777 scripseint,

423 2781 662 2837 declarat
693 2783 777 2836 hic
807 2781 919 2848 ipse
947 2780 1346 2847 Amphilochius
1375 2782 1426 2833 in
1454 2780 1699 2844 l’rolon'o.

499 2852 579 2922 (:3)
629 2849 1041 2932 ᾼιιῳΙιὶΙοςτὲξψλ
1075 2850 1510 2932 Martyrologium
1559 2850 1886 2932 Romanu-nr,

426 2918 743 2976 Novembris
775 2938 786 2972 :
823 2939 842 2972 ι
883 2918 1043 2974 lcoaii
1074 2919 1125 2972 in
1158 2918 1420 2990 Lycaonia
1452 2920 1617 2990 sancti
1649 2919 2004 2990 Amphilochii

426 2991 682 3058 episcopi.
713 2991 802 3058 qui
835 3001 1138 3044 sanctorum
1173 2988 1349 3044 Basilii
1395 2999 1449 3041 et
1494 2989 1734 3058 Gregorii
1781 2988 2008 3042 Nazian-

425 3059 545 3117 zeui
579 3062 631 3115 in
659 3075 843 3114 eremo
871 3061 1067 3125 socius,
1097 3070 1150 3114 et
1180 3059 1234 3112 in
1263 3061 1571 3128 episcopatu
1611 3062 1833 3127 collega,
1885 3070 2004 3127 post

428 3131 593 3186 multa
621 3132 908 3186 certamina
943 3145 1036 3195 pro
1065 3129 1325 3185 catholica
1357 3129 1460 3184 ﬁde
1507 3137 1772 3193 suscepta,
1801 3132 2002 3183 sancti-

431 3209 540 3255 tate
561 3209 616 3256 et
638 3203 877 3258 doctrina
904 3201 1080 3255 clarus
1107 3201 1304 3266 quievit
1335 3198 1387 3252 in
1419 3215 1565 3266 pace.
1600 3217 1618 3250 i
1651 3198 2005 3264 MenOIOgium

431 3271 678 3325 Graecum
708 3271 897 3324 eodem
925 3271 1011 3323 die
1040 3287 1052 3321 :
1085 3288 1102 3320 ι
1132 3270 1332 3323 Natalis
1361 3268 1420 3323 S.
1453 3269 1508 3321 l’.
1537 3267 1600 3322 Ν.
1626 3269 2004 3334 Amphilochii,

431 3341 663 3408 episcopi
698 3340 880 3407 lconii,
911 3340 1010 3394 sub
1039 3338 1340 3393 Theodosio
1369 3341 1498 3407 imp.
1532 3340 1740 3408 Magno,
1775 3341 1849 3392 vir
1876 3339 2010 3391 divi.

433 3425 620 3465 narum
652 3410 946 3464 litterarum
979 3411 1192 3477 peritia,
1220 3417 1273 3463 et
1302 3409 1582 3464 sanctitate
1611 3416 1754 3471 vitu',
1779 3420 1936 3464 rectae
1959 3418 2012 3462 et

434 3479 712 3534 catholica:
758 3479 878 3533 ﬁdei
937 3479 1241 3534 sinceritate
1287 3481 1548 3548 insignis,
1601 3477 1776 3531 Basili
1840 3479 2010 3546 Magni

435 3548 667 3603 amicitia
701 3558 753 3603 et
783 3549 1088 3603 testimonio
1124 3549 1543 3603 commendatus.
1579 3549 1676 3602 llic
1705 3548 1873 3601 libros
1915 3564 2011 3600 or-

437 3621 723 3680 thodoxam
767 3621 924 3674 ﬁdem
968 3619 1304 3674 continentes
1330 3619 1665 3688 conscripsit,
1695 3629 1746 3671 et
1775 3619 1838 3670 ad
1871 3632 2015 3671 sum-

436 3705 578 3744 mam
605 3698 929 3744 senectutem
959 3699 1240 3759 provectns
1273 3690 1323 3743 in
1355 3703 1486 3758 pace
1515 3689 1734 3758 quievit.
1771 3706 1790 3740 ι
1825 3687 2018 3742 Fusius

438 3762 507 3815 de
530 3761 718 3815 eodem
749 3761 800 3814 in
834 3762 1048 3815 Mena‘is
1075 3759 1160 3812 die
1186 3760 1394 3813 eodem.

510 3830 943 3900 Amphilochium
965 3829 1102 3883 Vita:
1128 3831 1576 3900 liujusauctorem
1596 3841 1733 3900 esse,
1755 3829 1871 3900 jam
1889 3828 2016 3880 olim

434 3909 559 3956 ante
587 3898 756 3955 annos
781 3915 910 3956 uccc
937 3900 1262 3953 existimavit
1290 3899 1454 3953 Ursus
1481 3901 1536 3951 Si.
1563 3899 1628 3953 Il.
1654 3899 1712 3950 Ε.
1743 3898 2021 3951 subdiaco-

439 3985 539 4026 nus
567 3971 872 4034 cardinalis,
904 3971 992 4038 qui
1033 3983 1154 4024 eam
1202 3976 1327 4021 tunc
1376 3966 1658 4022 Latinitate
1684 3969 1921 4030 donavit,
1953 3967 2022 4021 de

435 4055 544 4107 quo
567 4040 710 4106 plura
737 4054 958 4108 nurnero
979 4038 1032 4103 5,
1055 4049 1107 4093 et
1123 4038 1452 4108 Sigebcrtus.
1477 4039 1716 4108 catalogo
1737 4038 2020 4108 illustrium

443 4109 696 4162 hcclesia:
726 4107 1080 4177 Scriptorum,
1109 4107 1227 4175 cap.
1259 4107 1288 4159 7
1326 4125 1338 4160 :
1376 4125 1394 4158 ι
1436 4107 1858 4173 Amphilochius,
1910 4107 2023 4177 lco-

443 4179 515 4233 nit
547 4176 858 4247 episcopus,
881 4179 1092 4245 scripsit
1125 4179 1284 4231 vitam
1329 4178 1504 4231 Basilii
1537 4178 1881 4231 Caesariensis
1913 4176 2025 4243 epi-

441 4248 615 4316 scopi.
651 4265 670 4299 ι
728 4253 853 4300 tam
898 4249 1060 4302 etiam
1109 4248 1293 4302 Sixtus
1341 4249 1616 4310 Senensis,
1651 4249 1744 4300 lib.
1795 4262 1844 4300 tv
1892 4247 2035 4304 Bibl.

441 4317 651 4373 Sancza:
682 4318 1056 4386 Amphilochio
1105 4317 1308 4372 tribuit.
1352 4319 1417 4372 Et
1463 4332 1529 4372 eo
1577 4330 1792 4371 auctore
1839 4317 2026 4370 recitat

443 4404 562 4442 eam
590 4387 920 4453 Vincentius,
955 4389 1004 4441 in
1045 4387 1204 4457 Spec.
1252 4387 1402 4450 hist.,
1457 4388 1552 4440 lib.
1606 4403 1716 4452 xiv,
1769 4388 2029 4457 capitibus

443 4459 535 4524 78,
566 4460 654 4520 79.
689 4461 788 4525 8tl;
819 4455 1102 4524 Antonius,
1133 4467 1265 4519 part.
1300 4473 1359 4526 tt,
1390 4459 1470 4512 tit.
1513 4472 1582 4518 Ix,
1611 4472 1727 4524 cap.
1761 4457 1824 4518 4,
1859 4455 1885 4526 ς
1922 4458 1941 4508 1
1975 4465 2028 4507 et

443 4528 514 4594 2;
549 4531 738 4584 Petrus
763 4573 772 4588 .
801 4529 1080 4594 episcopus
1111 4527 1408 4597 Equilinus,
1453 4529 1503 4580 in
1532 4529 1770 4597 catalogo
1813 4535 2024 4580 sancto-

443 4615 583 4662 rum,
618 4599 710 4654 lib.
741 4616 797 4665 ιι,
828 4615 946 4668 cap.
975 4598 1065 4652 “18.
1099 4596 1226 4668 Ejus
1248 4599 1521 4663 exemplar
1542 4596 1785 4652 Graecum
1811 4597 2025 4668 nomine

447 4671 805 4737 Amphilocliii
836 4667 1149 4740 insignitum
1169 4669 1350 4738 accepi
1375 4668 1588 4722 Parisiis
1610 4684 1673 4720 ex
1701 4667 2022 4720 bibliotheca

447 4754 611 4808 regia,

522 4806 778 4866 llaronius
807 4818 982 4865 tamen
1013 4810 1062 4863 in
1089 4809 1466 4880 Martyrologio
1494 4808 1756 4880 Romano,
1787 4807 1852 4860 ad
1881 4806 2022 4860 diem

450 4881 476 4933 1
509 4881 743 4937 Januarii
773 4883 849 4938 ait
881 4900 894 4934 :
933 4901 952 4933 ι
991 4882 1179 4935 Exstat
1207 4879 1559 4948 Atnpbtlochii
1591 4879 1806 4932 nomine
1829 4880 2025 4942 scripta

451 4949 582 5023 Vita
606 4953 802 5015 Basilii,
835 4968 952 5023 qua:
981 4961 1157 5023 tamen
1188 4950 1588 5023 prudentiorum
1619 4950 1878 5023 omnitth
1906 4961 2030 5023 seni-

453 5017 880 5094 lentia,alteriu's
910 5017 1202 5094 cujuspiain
1253 5021 1425 5087 potius
1466 5034 1623 5094 quam
1668 5017 2026 5094 Amphilocltii

451 5093 670 5159 «ritualis
699 5091 896 5148 Basilio
917 5087 1034 5146 esse
1055 5087 1290 5162 putatur,
1312 5107 1431 5145 eum
1460 5091 1633 5162 aliqua
1666 5089 1719 5140 ill
1743 5102 1773 5139 c
1791 5087 2034 5162 habean-

455 5157 562 5225 tur,
595 5178 712 5230 qua;
754 5163 825 5215 illi
876 5157 1070 5216 ιιιὶιιιιε’
1093 5169 1377 5216 convenire
1418 5160 1683 5227 videntur.
1722 5175 1742 5208 ι
1788 5157 1930 5210 Idem
1981 5157 2032 5209 in

451 5232 773 5290 Antiatibus.
807 5241 950 5287 tomo
981 5231 1066 5297 ιν,
1095 5236 1270 5284 varios
1303 5233 1354 5285 in
1391 5230 1505 5285 Vita
1535 5231 1632 5282 hac
1662 5244 1838 5281 meros
1866 5235 2034 5290 notat,

453 5315 590 5366 ques
618 5302 855 5368 singulos
884 5299 967 5354 hic
997 5317 1057 5354 su
1081 5316 1106 5353 s
1138 5301 1267 5355 lucis
1298 5301 1576 5367 indzcabo,
1612 5307 1664 5352 ut
1707 5314 1896 5367 magno
1940 5298 2039 5349 hoc

452 5385 677 5424 censore
703 5371 908 5424 sincera
935 5372 1001 5423 ab
1030 5373 1357 5437 interpolatis
1383 5372 1414 5422 d
1441 5385 1678 5424 sceruas.

527 5439 646 5494 Jam
671 5439 798 5494 Olim
821 5444 1029 5508 Clycas.
1063 5457 1182 5494 cum
1214 5443 1414 5501 videret
1444 5441 1579 5492 hanc
1607 5439 1780 5492 Vitam
1818 5439 2037 5506 Amphi-

459 5509 622 5566 lochii
652 5511 869 5564 nurnine
897 5513 1248 5574 circumferri,
1281 5527 1396 5566 eam
1426 5509 1800 5578 Ampliiloi-hio
1829 5509 2039 5574 abjudi—

455 5583 620 5651 cavit,
673 5581 772 5651 hoc
819 5581 1149 5651 potissimum
1195 5590 1507 5650 argumento
1551 5595 1564 5632 :
1615 5596 1632 5628 ι
1685 5579 2029 5648 Quanquam,

458 5650 631 5722 inquit
654 5647 850 5722 (Clyti,
884 5665 933 5705 tv
961 5660 1094 5722 part.
1125 5647 1359 5720 Annal),
1400 5647 1752 5722 perscriptum
1804 5653 2034 5714 reperia-

462 5737 582 5784 mus
609 5720 673 5784 in
693 5722 829 5780 libro
853 5722 922 5779 de
947 5720 1116 5778 Sancti
1146 5723 1324 5777 Basilii
1351 5720 1643 5788 miraculis,
1665 5733 1784 5789 quae
1810 5734 2032 5789 ntaguus

2111 1803 2412 1876 Eusebius;
2447 1809 2610 1859 multo
2646 1809 2831 1876 minus
2871 1809 3083 1862 Juliano
3129 1811 3420 1876 imperante
3469 1810 3695 1863 llasilius

2109 1875 2609 1946 antistitisimnnere
2635 1875 2970 1946 fungebatur.
3005 1880 3077 1932 De
3109 1875 3215 1946 quo
3253 1883 3378 1932 satis
3417 1881 3695 1934 evidenter

2107 1945 2622 2017 appareanliannm
2658 1945 2757 2000 iter
2802 1964 2896 2016 per
2941 1945 3330 2017 Cappadociam
3378 1949 3684 2014 facientem,

2109 2027 2282 2086 neque
2316 2014 2711 2086 Basilinmistic
2743 2014 3365 2085 pontiﬁcemreperisse,
3404 2033 3572 2086 neque
3605 2019 3691 2086 ip-

2111 2083 2224 2134 sius
2251 2085 2488 2137 ecclesia.-
2514 2083 2767 2140 minatum
2799 2103 2936 2142 esse.
2965 2089 3237 2142 Consimili
3267 2089 3422 2141 modo
3449 2083 3545 2140 nec
3572 2083 3694 2154 pt’eo

2111 2164 2261 2205 catus
2290 2164 2372 2207 est
2423 2155 2522 2208 hoc
2553 2159 2768 2210 nomine
2817 2159 2980 2212 Deum
3032 2158 3260 2212 Basilius
3305 2157 3557 2221 pontifex,
3597 2173 3696 2212 nec

2110 2222 2175 2273 all
2203 2224 2488 2276 tollendum
2517 2242 2544 2277 e
2570 2227 2742 2279 medio
2768 2226 3093 2281 desertorem
3118 2228 3410 2281 Mercurius
3433 2227 3520 2280 ille
3540 2227 3696 2280 Chri-

2110 2293 2182 2365 sti
2212 2295 2359 2346 trstis
2386 2294 2480 2365 fuit
2507 2295 2802 2363 ablegatus.
2837 2299 3038 2363 Quippe
3065 2296 3108 2349 si
3142 2297 3240 2349 hoc
3267 2308 3418 2362 pacto
3443 2312 3526 2350 res
3547 2307 3694 2365 gesta

2113 2363 2337 2434 fuisset,-
2395 2364 2678 2417 obscurum
2728 2382 2828 2419 non
2878 2377 3019 2421 esset
3064 2367 3114 2419 in
3168 2367 3478 2420 hodiernum
3529 2363 3696 2434 usque

2110 2432 2273 2504 diem,
2298 2449 2326 2485 a
2358 2449 2462 2501 quo
2492 2434 2733 2489 Julianus
2761 2437 2869 2490 telo
2891 2440 3130 2489 conﬁxus
3156 2438 3334 2491 fuerit.
3360 2437 3490 2490 Nam
3511 2432 3695 2504 jaculo

2113 2503 2388 2576 trajectum
2420 2515 2656 2576 constab,
2690 2518 2908 2560 auctore
2937 2505 3058 2560 laeti
3091 2521 3306 2576 prorsus
3336 2503 3623 2576 incognito.
3667 2527 3687 2557 ι

2181 2572 2342 2642 (hujus
2365 2575 2643 2627 sentenfizc
2665 2576 2764 2629 etsi
2788 2576 3064 2642 Baronius,
3094 2572 3238 2629 torno
3263 2575 3350 2640 ιν,
3377 2572 3516 2629 anno
3538 2577 3696 2629 Chri-

2109 2649 2174 2716 sti
2205 2641 2335 2716 ὄρς’),
2364 2644 2616 2716 accedat:
2657 2663 2676 2694 ‹
2715 2648 2781 2698 At
2829 2647 2944 2712 ipse
2997 2641 3196 2708 tamen,
3249 2647 3451 2714 inquit,
3501 2645 3699 2716 Glycas

2114 2710 2249 2782 haud
2276 2712 2327 2764 in
2349 2727 2415 2766 eo
2440 2715 2591 2766 nobis
2622 2717 2830 2780 probari
2856 2710 3049 2782 potest,
3074 2731 3194 2768 cum
3217 2710 3336 2769 eani
3358 2720 3426 2768 ob
3453 2710 3696 2779 causam,

2110 2780 2251 2853 quod
2292 2797 2353 2834 ca
2403 2786 2762 2837 commentitia
2818 2780 3176 2853 Ainphilochii
3229 2788 3449 2840 nomine
3497 2787 3698 2851 scripta

2112 2848 2453 2922 haberentur,
2483 2853 2702 2921 derogat
2733 2848 2941 2922 penitus
2972 2857 3126 2908 ﬁdem
3160 2855 3414 2922 historias,
3447 2871 3566 2922 qua:
3598 2848 3699 2905 au-

2111 2921 2359 2996 claritate
2409 2921 2632 2996 llelladii
2683 2921 2830 2977 citati
2869 2941 2898 2977 a
2953 2925 3274 2978 llainasceno
3305 2921 3606 2996 (neruosa,
3638 2924 3702 2977 de

2112 2987 2362 3059 Imagin.,
2395 3003 2533 3044 orat.
2563 2994 2581 3042 -l
2609 2992 2649 3060 ),
2683 3010 2836 3061 quem
2868 2996 2981 3063 ipse
3007 3010 3110 3047 non
3153 2987 3486 3058 vidit,‘aliter
3517 3004 3700 3047 tamen

2037 3091 2080 3153 Ο
2115 3073 2226 3153 rem
2258 3074 2461 3153 gestam
2492 3065 2784 3153 recitantis,
2815 3066 3028 3133 egregie
3058 3075 3246 3145 testata
3282 3065 3593 3153 redditum”:

2185 3131 2448 3200 Quidquid
2483 3133 2549 3185 sit
2577 3133 2642 3186 de
2667 3131 2996 3188 dissensione
3022 3133 3340 3187 narrationis
3364 3135 3429 3186 ab
3456 3131 3701 3187 llelladio
3759 3164 3774 3183 .

2109 3208 2165 3253 et
2195 3202 2563 3268 Amphilochia
2595 3204 2845 3256 institutae
2881 3204 2947 3273 (si
2981 3214 3156 3258 tamen
3205 3205 3541 3256 diversorum
3591 3219 3691 3255 att-

2111 3282 2319 3342 ctorum
2351 3287 2412 3324 ea
2443 3273 2512 3324 sit
2539 3275 2796 3339 narratio,
2828 3286 2882 3328 et
2914 3291 3016 3326 non
3066 3277 3241 3342 potius
3295 3273 3726 3341 Amphilochius

2116 3339 2414 3394 llelladiqu
2465 3344 2668 3411 integre
2715 3339 3079 3409 eXpresserit,
3127 3360 3284 3410 quem
3343 3339 3703 3396 Damascenus

2115 3413 2491 3483 compendiose
2512 3414 2685 3483 citat),
2718 3423 2863 3468 certe
2889 3416 2940 3468 in
2973 3415 3070 3468 hac
3115 3413 3233 3469 Ursi
3267 3415 3704 3482 interpretatione

2115 3497 2186 3561 ea.
2211 3481 2428 3560 historia
2455 3498 2556 3534 non
2589 3481 2880 3550 comparet,
2907 3494 2962 3538 ut
3002 3483 3121 3553 ejus
3165 3481 3424 3538 rationem
3474 3483 3703 3538 reddi-re

2119 3566 2336 3605 minime
2363 3566 2636 3620 cogamur.

2193 3644 2300 3696 Etsi
2329 3645 2525 3697 certior
2565 3653 2620 3698 et
2670 3645 2890 3699 solidior
2942 3646 3053 3700 \‘ita
3109 3645 3286 3699 Basilii
3332 3659 3394 3698 ex
3439 3644 3606 3711 ipsius
3650 3655 3704 3697 et

2120 3715 2362 3779 Gregorii
2393 3714 2708 3769 Nazianzeui
2754 3717 2966 3782 scriptis
2996 3730 3048 3770 et
3077 3717 3196 3770 aliis
3245 3715 3568 3785 synchrouis
3611 3730 3705 3766 an-

2121 3785 2562 3855 ctoribuscolligi
2595 3788 2782 3855 possit,
2829 3787 2970 3854 quod
3003 3791 3111 3841 lere
3160 3789 3210 3838 in
3259 3785 3549 3839 Annalibus
3595 3787 3708 3837 Suis

2125 3864 2339 3926 praestat
2373 3854 2645 3926 Bruttius,
2673 3866 2726 3908 et
2761 3857 2876 3926 janr
2899 3873 3005 3923 pne
3039 3857 3282 3926 inanibus
3315 3855 3474 3908 habet
3519 3855 3708 3926 doctu-

2124 3938 2240 3976 rnm
2274 3922 2548 3994 Ecclesia),
2583 3922 2915 3992 aliorumque
2959 3927 3161 3994 aliquot
3191 3925 3335 3978 Vitas
3377 3933 3558 3977 noster
3597 3925 3704 3994 l’c-

2127 4003 2240 4046 ll'us
2269 3992 2504 4073 llal_:oix_;
2536 3997 2658 4062 quia
2681 4004 2857 4073 tajncn
2887 3992 3201 4073 nobis—nune
3227 3996 3558 4073 propositum
3586 3992 3707 4073 fuit,

2128 4064 2410 4133 non.quid
2456 4065 2524 4117 de
2574 4064 2787 4133 quoque
2838 4076 3025 4118 sancto
3073 4066 3426 4133 undecunque
3472 4064 3711 4132 indagari

2130 4132 2317 4202 possit,
2348 4133 2433 4186 hic
2453 4132 2774 4200 exprimere,
2804 4135 2898 4188 sed
2933 4137 3103 4202 potius
3135 4137 3280 4188 Vitas
3312 4132 3524 4188 Patrum
3544 4178 3557 4198 ,
3589 4150 3712 4200 qua:

2133 4204 2288 4257 toties
2320 4205 2458 4272 typis
2505 4219 2713 4257 excusa:
2744 4213 2886 4268 sunt,
2939 4217 2990 4256 et
3037 4205 3089 4257 in
3140 4208 3420 4258 multortnn
3469 4205 3714 4256 manibus

2131 4283 2440 4337 versantur,
2473 4283 2631 4339 atque
2663 4287 2690 4325 a
2735 4275 2906 4328 (JuCllS
2941 4276 3064 4328 viris
3093 4277 3352 4336 citantur,
3388 4288 3674 4327 recensere
3697 4312 3713 4332 ,

2131 4342 2290 4397 dubia
2331 4345 2384 4396 in
2424 4345 2488 4396 iis
2524 4344 2818 4414 explicare,
2871 4356 3054 4398 notare
3102 4345 3439 4414 apocrypha;
3495 4344 3713 4411 permisi

2139 4414 2274 4466 hanc
2293 4429 2502 4482 quoque
2522 4412 2694 4466 Vitam
2719 4413 2857 4467 inter
2876 4425 3098 4468 caztcras
3119 4412 3281 4469 suum
3305 4412 3482 4468 tenere
3505 4417 3706 4472 locum,

2063 4471 2110 4529 Ῑ)
2140 4471 2466 4552 prauuittetis
2521 4492 2694 4536 tamen
2730 4483 2866 4536 hanc
2897 4485 3067 4536 Baron
3095 4486 3107 4538 i
3159 4484 3522 4549 munitionem.
3549 4471 3712 4549 quani

2136 4553 2296 4629 habet
2330 4562 2484 4629 _tom_o
2513 4552 2601 4629 μ’,
2635 4553 2999 4629 ειηιιιιριιιῇβῑῇ
3029 4554 3162 4629 578,
3187 4555 3396 4629 Damasi
3427 4567 3574 4629 papa:
3623 4553 3718 4615 12,

2140 4623 2376 4677 Valentis
2408 4623 2491 4680 15.
2520 4622 2756 4677 Gratiani
2791 4622 2874 4689 i2,
2909 4623 3257 4677 Valentiniani
3284 4626 3411 4692 imp.
3436 4623 3508 4676 δε

2205 4731 2226 4764 ‹
2263 4713 2392 4779 Qua:
2419 4713 2774 4780 Amphilochii
2808 4714 2940 4766 falso
2973 4715 3188 4767 nomine
3217 4714 3384 4767 fertur
3417 4712 3532 4766 Vita
3565 4712 3719 4765 Basi-

2135 4783 2215 4848 lii,
2247 4784 2384 4836 haud
2417 4785 2574 4852 digna
2607 4785 3010 4848 Satishahetur,
3037 4800 3156 4851 qtae
3192 4785 3522 4838 eruditorum
3571 4783 3718 4836 auri-

2136 4854 2233 4907 bus
2264 4854 2550 4921 ingerator,
2579 4853 2677 4905 nisi
2706 4853 2840 4906 adeo
2877 4855 2983 4905 sint
3029 4856 3386 4922 perspicaces,
3419 4855 3508 4920 qni
3543 4855 3593 4904 in
3640 4852 3720 4906 eis

2135 4937 2254 4986 qua:
2279 4924 2386 4975 sint
2406 4937 2527 4976 vera
2556 4937 2584 4975 a
2614 4922 2758 4976 falsis
2780 4923 3074 4990 disquirere
3095 4938 3156 4974 ac
3178 4937 3462 4977 secernere
3482 4923 3716 4975 valeant.

2135 4993 2422 5061 Complura
2451 4995 2594 5046 enim
2625 4994 2694 5046 ibi
2728 5007 2850 5046 vera
2886 5006 3029 5056 esse,
3080 4995 3286 5048 inficias
3335 5008 3492 5045 nemo
3540 4993 3718 5051 iverit.

2140 5073 2195 5115 ut
2221 5079 2282 5115 ea
2312 5065 2606 5133 praesertim
2637 5077 2756 5128 qua:
2783 5064 2852 5116 ab
2881 5063 3141 5117 ambobus
3175 5061 3470 5133 Gregoriis,
3502 5061 3719 5114 Nazian-

2141 5149 2271 5185 Zeno
2301 5145 2461 5202 atque
2511 5132 2769 5200 Nyssonn,
2806 5149 3010 5185 necnon
3041 5148 3110 5186 ex
3146 5132 3392 5199 Ephrann
3457 5147 3580 5186 esve
3627 5149 3721 5183 no~

2142 5212 2363 5271 scurntur
2385 5213 2619 5271 arrepta,
2641 5204 2718 5256 \el
2743 5203 2809 5256 ab
2830 5203 3064 5256 llelladio
3085 5211 3351 5256 mutuatus
3371 5210 3672 5256 estauctor.
3699 5221 3715 5251 ι

2149 5270 2412 5327 llaclcnus
2439 5270 2722 5325 Baronius.

2215 5370 2292 5432 (5;
2322 5364 2496 5435 Urso.]
2519 5365 2876 5435 Baronius,ad
2903 5364 3326 5434 Martyrologium
3346 5365 3665 5427 Romanum,
3695 5362 3720 5414 l

2140 5435 2375 5489 Januarii
2403 5453 2416 5490 :
2457 5433 2494 5487 ti
2513 5438 2687 5502 Dedit,
2721 5433 2886 5502 inquit
2913 5433 3110 5506 (Vitam
3146 5436 3325 5506 Basdii
3350 5436 3418 5488 ab
3447 5435 3725 5506 Amphilo-

2139 5507 2280 5568 chio,
2318 5518 2373 5559 ut
2398 5507 2658 5572 creditur,
2683 5504 2955 5574 scriptam)
2988 5505 3256 5559 Latinitati
3291 5505 3455 5560 Ursus
3481 5507 3538 5559 S.
3566 5506 3629 5557 ll.
3658 5504 3723 5558 li.

2143 5577 2522 5643 subdiacomts,
2555 5577 2706 5643 cujus
2736 5577 3124 5644 prmfationem,
3157 5592 3275 5644 qua:
3306 5576 3639 5628 desideratur
3672 5575 3723 5626 in

2140 5646 2372 5717 caeteris,
2406 5648 2630 5717 legimus
2663 5649 2711 5698 in
2736 5649 2897 5701 veteri
2924 5650 3283 5714 manuscripto
3305 5647 3498 5700 Codice
3527 5655 3726 5699 mistrm

2141 5715 2496 5787 bibliothecae,
2531 5732 2687 5786 tinam
2731 5721 3064 5786 possidemus
3110 5717 3429 5776 liberalitate
3478 5721 3577 5786 plin
3615 5732 3721 5769 meo
