4016 6222
262 375 1704 413 W3

1677 522 2021 565 FEBRUAR"
2069 523 2112 563 ι.

352 696 832 854 VITA
919 686 1637 839 SANCTI
1725 687 1880 824 Ε]

1983 682 2616 824 ΗΒᾸΕΜ
2736 752 2815 824 (ι)
2879 681 3340 825 SYRI
3398 784 3434 843 ,

1326 945 1779 1019 DIACONI
1852 945 1880 1013 l

1983 942 2289 1017 inssaa
2343 952 2474 1023 ιε),
3150 1047 3164 1055 _

528 1122 902 1191 AUCTORE
947 1120 1238 1183 GBEECO
1282 1118 1628 1182 INCEBTO
1674 1118 1759 1195 (3)
1789 1163 1806 1193 ,
1863 1118 2363 1179 INTERPRETE
2408 1116 2788 1179 GERARDO
2832 1117 3113 1181 VOSSIO
3158 1119 3269 1200 (Ῑι).

334 1412 511 1466 CAPUT
534 1422 831 1462 ramum—
849 1403 1079 1459 Sanctus
1102 1399 1187 1453 hic
1207 1399 1363 1451 Pater
1381 1407 1561 1450 noster
1581 1393 1852 1462 Ephrtnm,
1887 1400 1935 1456 Α
1963 1391 2129 1447 dieuti
2152 1390 2262 1459 jam
2306 1391 2358 1445 ei
2380 1393 2431 1447 in
2454 1391 2652 1458 locum,
2674 1402 2729 1447 et
2761 1398 3153 1463 pertranseunti
3179 1408 3383 1466 portam
3414 1400 3545 1453 civi-

274 1519 333 1557 ex
362 1500 578 1554 Oriente
627 1494 912 1558 oriundus,
942 1492 1110 1558 Syrus
1152 1502 1373 1558 genere,
1406 1488 1507 1554 piis
1548 1486 1855 1553 parentibus

280 1606 428 1647 natus
476 1592 528 1642 in
579 1589 777 1642 Edessa
808 1586 910 1655 (5).
962 1582 1107 1636 Vixit
1154 1580 1481 1649 temporibus
1523 1578 1852 1633 Constantii

280 1681 445 1752 Magni
493 1679 657 1747 regis,
683 1688 737 1731 et
765 1676 992 1729 aliorum
1038 1672 1128 1740 qui
1178 1680 1298 1741 post
1338 1673 1510 1739 ipsum
1548 1681 1855 1739 regnarunt.

281 1771 563 1827 Abstineas
592 1782 621 1819 a
653 1780 822 1835 puero
851 1763 919 1819 ab
950 1762 1095 1818 omni
1139 1772 1198 1816 re
1228 1762 1383 1815 mala.
1411 1761 1573 1828 Cujus
1614 1769 1858 1828 parentes

282 1877 342 1917 eo
359 1862 531 1915 adhuc
557 1873 743 1925 puero,
772 1872 867 1926 per
885 1856 1152 1910 somnium
1177 1853 1425 1908 videlicet
1445 1855 1703 1907 visionem
1728 1868 1859 1907 con-

278 1958 579 2021 spexerunt,
605 1947 750 2017 quod
786 1962 849 2000 ex
884 1961 976 1998 ore
1007 1945 1172 2012 ipsius
1201 1945 1447 2012 Ephrmnt
1484 1944 1606 1996 vitis
1631 1942 1858 1996 adscen-

279 2043 426 2096 deret
456 2040 532 2110 (6)
562 2037 716 2092 valde
760 2034 1039 2104 frugifera,
1070 2049 1187 2102 qua:
1213 2033 1583 2097 excrescehat,
1610 2044 1663 2087 et
1690 2034 1862 2101 reple-

280 2132 369 2186 bat
396 2146 607 2185 omnem
638 2129 734 2184 sub
761 2129 897 2182 coelo
926 2127 1196 2195 regionem
1217 2142 1233 2182 :
1255 2126 1640 2194 veniebantque
1668 2134 1859 2179 cuncta

285 2221 519 2275 volatilia
551 2220 692 2284 cmli,
726 2228 776 2273 et
802 2217 1155 2272 comedebant
1180 2217 1247 2271 de
1278 2217 1451 2271 fructu
1483 2216 1624 2281 vitis,
1652 2225 1706 2270 et
1732 2232 1865 2284 pra:-

291 2322 371 2366 tcr
399 2326 519 2376 quze
558 2310 919 2370 Cuntt‘debant,
964 2308 1141 2363 adlmc
1181 2307 1468 2376 superabat
1514 2306 1736 2359 fructus.
1771 2305 1866 2358 ilic

291 2404 355 2456 ab
372 2411 532 2455 wtate
549 2401 766 2469 juvenili
796 2416 1032 2454 et-etnum
1060 2398 1298 2461 incoluit,
1319 2398 1744 2465 compunctiouis
1767 2395 1867 2450 sibi

290 2494 534 2563 abyssum
588 2492 878 2551 vindicans,
912 2506 1006 2557 per
1049 2504 1210 2557 quam
1256 2497 1311 2543 et
1351 2488 1585 2541 divinam
1634 2487 1864 2556 Spiritus

289 2582 452 2637 sancti
482 2581 707 2650 gratiam
740 2582 1011 2648 suscepit.,

352 2674 479 2726 CAP.
515 2673 580 2725 ΙΙ.
605 2702 674 2712 -
703 2673 778 2727 De
805 2689 928 2739 quo,
961 2672 1175 2742 quidam
1207 2671 1386 2725 divino
1411 2670 1622 2724 afﬂatus
1651 2670 1866 2738 spiritu,

1958 1664 2036 1718 sic
2090 1680 2275 1719 secum
2332 1664 2557 1734 loquens
2604 1682 2616 1717 :

1957 1484 2101 1548 tatis,
2134 1484 2368 1537 occurrit
2397 1484 2590 1537 mulier
2618 1484 2719 1554 (9),
2751 1499 2867 1551 quae
2900 1486 2952 1538 in
2978 1485 3192 1541 civnate
3222 1497 3339 1542 erat
3368 1505 3541 1546 mere-

1959 1575 2062 1628 trix
2089 1591 2105 1629 :
2129 1590 2287 1644 quam
2322 1576 2588 1644 aspiciens
2630 1589 2818 1630 servus
2850 1577 2943 1631 Dei
2985 1579 3229 1644 Ephrmm
3250 1620 3265 1643 ,
3296 1582 3542 1647 indoluit,

2665 1665 2888 1719 Domine
2941 1668 3065 1720 Jesu
3140 1667 3394 1734 ChriSte,
3452 1671 3545 1723 de-

1960 1758 2180 1825 Spexisti
2223 1773 2410 1827 preces
2454 1758 2593 1811 servi
2641 1758 2713 1811 tui
2758 1759 3039 1827 Ephrzem;
3073 1775 3177 1830 quo
3221 1772 3375 1828 pacto
3404 1766 3547 1816 enim

1964 1846 2078 1901 haec
2106 1846 2175 1901 de
2212 1847 2483 1916 Scriptura
2533 1863 2739 1902 meeum
2785 1849 3049 1903 disserat?
3079 1850 3327 1904 SubStitit
3368 1860 3543 1904 autem

1964 1937 2249 2005 meretrix,
2304 1940 2516 1993 intuens
2564 1940 2732 1993 illum.
2809 1940 2890 1993 Ad
2947 1956 3103 2010 quam
3163 1951 3378 1995 sanctus
3411 1960 3423 1995 :
3456 1944 3552 1999 Dic

1964 2034 2113 2097 mihi,
2141 2035 2336 2104 puella,
2365 2035 2490 2103 quid
2519 2036 2798 2101 subsistis,
2830 2044 2885 2090 et
2918 2036 2987 2090 ita
3020 2037 3238 2090 intentis
3267 2038 3319 2091 in
3350 2052 3435 2091 me
3467 2039 3549 2091 in-

1965 2128 2132 2182 tueris
2160 2126 2365 2180 oculis?
2386 2127 2480 2180 Cui
2509 2128 2841 2195 respondens
2884 2128 3162 2193 meretrix,
3187 2128 3259 2181 ait
3301 2128 3365 2181 ad
3388 2134 3546 2182 eum:

1973 2225 2187 2277 lntueor
2218 2232 2300 2286 te,
2332 2224 2453 2291 quia
2498 2237 2598 2291 ego
2626 2222 2816 2276 mulier
2847 2236 2910 2275 ex
2943 2230 2993 2275 te
3022 2222 3139 2275 viro
3170 2232 3378 2291 sumpta
3409 2239 3549 2277 sum.

1967 2313 2045 2365 Tu
2077 2322 2252 2365 autem
2282 2326 2350 2365 ne
2382 2325 2465 2364 me
2498 2311 2771 2374 intuearis,
2803 2311 2895 2364 sed
2927 2320 3123 2364 terram
3155 2328 3220 2365 ex
3251 2329 3352 2379 qtta
3383 2322 3438 2366 tu
3472 2314 3554 2366 vir

1969 2413 2208 2471 sumptus
2232 2417 2310 2455 es.
2343 2403 2473 2467 Qum
2499 2415 2618 2454 eum
2661 2401 2873 2455 audiret
2915 2415 3109 2455 servus
3142 2402 3233 2456 Dei
3280 2404 3552 2472 Ephrmn,

1922 2560 1927 2563 Α
1972 2494 2233 2561 suspexit,
2261 2502 2313 2546 et
2345 2492 2663 2563 gloriﬁcavit
2713 2492 2899 2554 Deum,
2935 2492 3022 2562 qni
3071 2493 3227 2547 talem
3270 2497 3316 2549 ei
3346 2495 3558 2560 sapien-

1973 2586 2098 2638 tiam
2123 2584 2365 2646 dederat,
2396 2592 2453 2638 ut
2475 2584 2737 2652 ejusmodi
2766 2584 2833 2636 ab
2863 2584 2973 2652 ipsa
3003 2600 3317 2650 responsum
3344 2586 3558 2653 accipe-

1972 2684 2075 2728 ret.
2110 2674 2173 2727 Et
2201 2670 2446 2742 cognovit
2476 2689 2625 2727 suam
2656 2690 2684 2727 a
2711 2674 2822 2728 Deo
2854 2689 3184 2742 nequaquam
3220 2674 3381 2728 fuisse
3408 2689 3557 2743 μινυς

290 2780 380 2835 per
397 2763 665 2820 somnium
691 2764 1006 2818 viditvirum
1032 2764 1345 2828 terribilem,
1374 2773 1640 2821 tenentem
1669 2764 1869 2816 charta:
1900 2742 1948 2800 Β
1976 2774 2078 2818 tam
2094 2763 2756 2833 orationem.Veniensque
2774 2764 3559 2832 inurbem,diversatusestibi.

290 2858 555 2921 volumen,
594 2864 650 2910 et
694 2857 1061 2925 interrogabat
1089 2874 1098 2907 :
1124 2855 1274 2921 Quis,
1327 2864 1481 2924 putas
1503 2896 1518 2917 ,
1549 2858 1789 2923 accipere
1820 2866 1875 2910 et

290 2947 554 3001 custodire
602 2946 733 3000 illud
781 2948 1010 3014 poterit?
1041 2948 1281 3016 tactaque
1324 2955 1406 3000 est
1442 2961 1544 2999 vox
1588 2946 1653 2998 ad
1703 2962 1871 3000 cum;

289 3040 471 3094 Nullus
498 3038 657 3105 alius,
684 3038 781 3093 nisi
830 3039 1289 3106 riphrtrm'servus
1320 3051 1489 3090 meus.
1525 3039 1639 3103 Quo
1661 3039 1873 3107 quidem

291 3138 516 3194 astante,
550 3136 605 3181 et
652 3141 715 3181 os
763 3128 1061 3195 aperiente,
1104 3126 1339 3195 illudque
1384 3126 1696 3189 devorante.
1733 3127 1875 3180 illico

291 3216 405 3270 fons
433 3231 745 3271 sermonum
776 3230 803 3266 a
827 3215 936 3269 Deo
968 3217 1416 3283 proticiscentium
1441 3216 1700 3279 scaturiit,
1724 3231 1876 3269 com-

292 3308 578 3377 puuctione
603 3318 658 3360 et
688 3308 996 3375 ptenitentia
1025 3308 1232 3375 plenus,
1268 3308 1516 3363 timorem
1545 3324 1875 3363 commemo-

294 3413 413 3451 rans
439 3397 651 3467 judicii,
681 3407 730 3451 et
760 3397 982 3450 secundi
1013 3412 1133 3452 cum
1167 3398 1448 3467 majestate
1474 3400 1732 3454 adventus
1769 3401 1882 3454 uni-

293 3502 571 3542 versorum
621 3487 778 3556 Regis
826 3497 879 3542 et
922 3488 1132 3542 Domini
1182 3489 1308 3542 Jesu
1356 3490 1590 3555 Christi,
1626 3495 1733 3545 veri
1788 3492 1879 3545 Dei

297 3579 492 3642 nostri,
526 3586 583 3630 ut
640 3575 825 3630 reddat
879 3577 1168 3645 unicuique
1221 3579 1516 3632 secundum
1566 3595 1725 3649 opera
1779 3595 1875 3635 sua

296 3666 509 3737 (.ilatth.
558 3683 683 3732 xvr;
721 3668 867 3721 Rom.
918 3669 999 3737 tt).
1054 3668 1325 3724 Prteterea
1373 3670 1533 3725 etiam
1580 3671 1883 3728 divinorum

298 3752 607 3826 dogmatum
634 3759 1003 3812 rectitudinem
1035 3772 1098 3812 ac
1122 3759 1400 3815 veritatem
1426 3760 1570 3814 libris
1591 3762 1883 3815 mandavit.

364 3845 493 3902 Car.
530 3848 613 3901 Ill.
637 3877 707 3888 —
727 3847 879 3901 Alius
904 3858 1080 3902 autem
1103 3848 1317 3918 quidam
1342 3858 1646 3903 sanctorum
1670 3864 1879 3915 senum,

294 3956 477 3997 rursus
496 3941 551 3994 in
574 3941 779 3995 visione
803 3940 937 3994 vidit
966 3942 1275 4010 angelorum
1299 3940 1509 4010 agmina
1537 3941 1613 4012 (7)
1638 3957 1703 3996 ex
1734 3942 1885 3996 caelis

296 4034 476 4088 divino
521 4034 675 4102 jussu
705 4032 1112 4098 descendentia,
1141 4042 1195 4089 et
1242 4034 1295 4087 in
1342 4032 1587 4087 manibus
1619 4044 1793 4102 caput,
1830 4034 1880 4088 id

298 4133 379 4179 cst
408 4127 659 4179 volumen
689 4124 830 4178 iutus
861 4135 914 4178 et
956 4135 1103 4179 extra
1133 4118 1494 4193 conscriptum
1536 4126 1790 4181 tenentia.
1821 4127 1886 4179 Et
1912 4112 1956 4170 (ἶ

300 4216 546 4270 dicebant
578 4216 716 4269 inter
740 4228 802 4270 se
827 4229 841 4267 :
865 4214 961 4269 Cui
992 4215 1151 4270 debet
1182 4215 1315 4270 liber
1359 4215 1459 4268 iste
1500 4215 1798 4268 committi?
1825 4217 1889 4269 Et

303 4306 437 4360 alius
460 4306 677 4376 quidem
711 4306 871 4371 hunc,
903 4314 957 4359 et
985 4306 1074 4360 alii
1106 4307 1240 4360 alios
1269 4305 1632 4360 nominabant.
1665 4305 1768 4358 Alii
1795 4320 1891 4359 au—

310 4407 412 4452 tem
435 4398 829 4467 responderunt
852 4396 1092 4453 dicentes
1118 4414 1133 4453 :
1158 4397 1297 4452 Vere
1326 4398 1496 4452 sancti
1528 4404 1583 4451 et
1603 4396 1733 4465 justi
1763 4408 1890 4452 sunt

310 4492 392 4546 iSIi
418 4508 431 4546 :
455 4502 825 4546 Verumtamen
856 4492 1055 4546 nemini
1090 4493 1190 4545 hoc
1220 4490 1468 4545 volumen
1500 4491 1645 4544 credi
1674 4490 1887 4558 poterit,

307 4585 405 4637 nisi
455 4583 704 4651 liphrtetn
738 4584 849 4636 miti
878 4593 932 4636 et
978 4582 1161 4636 humili
1209 4582 1390 4636 corde.
1445 4582 1691 4652 Viditque
1725 4597 1888 4636 Senex

306 4677 441 4746 quod
483 4687 675 4730 sancto
726 4676 972 4746 Ephraem
1023 4674 1370 4730 tradidissent
1414 4675 1573 4745 163
1614 4684 1795 4743 caput.
1830 4675 1891 4727 Et
1936 4712 1941 4717 .

306 4784 528 4838 surgens
575 4783 752 4833 mane,
779 4769 980 4822 audivit
1008 4784 1075 4823 ex
1103 4783 1197 4822 ore
1225 4768 1391 4837 ipsius
1438 4767 1747 4835 aptissimos
1796 4781 1891 4836 pro

259 4841 267 4850 ’
310 4863 532 4916 aliorum
560 4861 913 4915 instructione
944 4874 1244 4925 sermones,
1268 4859 1443 4914 omnis
1463 4860 1893 4929 compunctiouis

309 4965 363 5009 et
391 4953 597 5009 timoris
637 4953 829 5019 divini,
855 4954 1001 5009 velut
1031 4969 1097 5007 ex
1145 4952 1292 5008 fonte
1328 4952 1506 5021 aliquo
1545 4952 1890 5021 scaturiente,

313 5045 657 5112 proﬂuentes.
706 5043 774 5098 Et
811 5043 1033 5112 agnovit
1071 5058 1256 5106 senex,
1286 5058 1315 5096 a
1345 5042 1545 5111 Spiritu
1590 5051 1775 5098 sancto
1804 5043 1892 5098 iila

314 5134 545 5203 suggeri,
576 5149 694 5203 quae
717 5148 782 5188 ex
812 5132 956 5187 illius
977 5146 1073 5187 ore
1098 5132 1400 5186 manabant.

382 5227 513 5285 εἴη).
544 5210 721 5284 lV.—-
740 5228 937 5296 Captus
962 5237 1044 5282 est
1064 5236 1242 5280 autem
1270 5224 1538 5280 desiderio
1567 5234 1784 5281 sanctus
1812 5229 1896 5282 llic

315 5315 472 5375 Pater
512 5330 697 5377 noster
744 5321 990 5389 Ephrtem
1038 5319 1274 5374 visenda:
1323 5318 1712 5373 Edessenorum
1748 5320 1896 5374 urbis

319 5410 415 5481 (8),
446 5413 724 5480 oravitque
770 5412 937 5467 Deum
983 5411 1208 5466 dicens:
1238 5410 1461 5465 Domine
1488 5409 1617 5465 Jesu
1660 5410 1894 5475 Christe,

2047 2854 2175 2907 Car.
2214 2854 2271 2908 V.
2295 2883 2363 2895 ——
2388 2852 2525 2907 Casu
2560 2864 2735 2907 autem
2784 2854 2932 2921 juxta
2976 2855 3091 2921 ejus
3137 2854 3424 2922 hospitium
3454 2855 3563 2910 alia

1980 2945 2235 2999 meretrix
2265 2943 2382 3014 (10)
2416 2945 2726 2998 habitabat:
2751 2961 2898 3013 qute,
2928 2961 3047 3000 cum
3079 2947 3167 3000 ille
3199 2962 3291 3014 per
3319 2949 3560 3017 complu~

1982 3049 2069 3089 res
2096 3035 2211 3087 dies
2242 3035 2295 3087 in
2325 3035 2455 3088 urbe
2476 3045 2920 3101 commoraretur,
2944 3036 3080 3089 dixit
3107 3037 3171 3090 ad
3204 3051 3322 3092 eum
3351 3055 3364 3090 :
3396 3038 3562 3092 llene«

1980 3124 2085 3183 dic.
2118 3124 2335 3178 domine
2358 3124 2543 3177 abbas.
2568 3122 2633 3177 Et
2667 3124 2784 3178 ﬁxis
2807 3126 2974 3179 oculis
3004 3125 3293 3180 fenestram
3326 3127 3564 3191 intuens,

1980 3215 2110 3268 \idit
2155 3217 2296 3268 illaut
2357 3216 2811 3284 prosp‘cientem,
2860 3218 3037 3285 aitque
3094 3218 3159 3271 ad
3209 3234 3325 3273 eam
3355 3260 3370 3284 ,
3420 3218 3563 3273 Deus

1981 3305 2263 3369 benedicat
2295 3305 2409 3360 tibi.
2457 3307 2535 3360 Ad
2582 3322 2737 3375 quem
2770 3307 2859 3361 illa
2887 3325 2900 3360 :
2926 3308 3061 3373 Quid
3113 3318 3203 3361 tuo
3238 3311 3388 3363 deest
3414 3318 3572 3377 septo

1982 3405 2142 3463 atque
2171 3396 2481 3451 domicilio?
2511 3398 2606 3451 Cui
2636 3405 2851 3452 sanctus
2876 3416 2890 3450 :
2912 3398 3047 3453 Tres
3076 3399 3276 3467 lapides
3298 3410 3351 3454 et
3380 3401 3569 3470 argilla

1984 3488 2215 3551 modica,
2246 3494 2303 3541 nt
2348 3487 2581 3543 fenestra
2611 3490 2941 3555 obstruatur,
2975 3504 3068 3559 per
3097 3506 3253 3558 quam
3284 3492 3566 3560 prospicis.

1984 3580 2076 3637 Cui
2099 3582 2212 3650 ipsa
2244 3580 2539 3648 respondit,
2569 3581 2753 3634 dicens
2780 3598 2791 3631 :
2817 3578 2948 3633 Cum
2975 3580 3203 3647 primum
3229 3589 3279 3633 te
3300 3581 3567 3647 alloquor,

1984 3670 2161 3740 rejieis
2193 3686 2299 3737 me,
2327 3686 2427 3741 ego
2457 3670 2692 3724 dormire
2717 3678 2889 3723 tecum
2921 3670 3096 3736 cupio,
3126 3679 3181 3723 et
3203 3680 3255 3723 tu
3289 3670 3371 3727 vel
3400 3686 3427 3721 a
3459 3672 3572 3724 col—

1988 3764 2255 3829 locutione
2279 3778 2364 3818 me
2389 3762 2662 3818 excludis?
2692 3761 3044 3829 Respondeas
3072 3771 3248 3815 autem
3281 3761 3356 3816 illi
3382 3776 3571 3815 servus

1987 3854 2080 3907 Dei
2112 3854 2382 3921 Ephrazm,
2415 3854 2485 3906 ait
2512 3870 2525 3905 :
2552 3853 2606 3910 Si
2634 3867 2840 3907 mecum
2870 3852 3107 3906 dormire
3138 3851 3284 3916 velis,
3318 3853 3437 3907 veni
3468 3866 3577 3920 quo

1989 3947 2176 4002 dixero
2207 3947 2323 4011 tibi,
2351 3957 2409 4000 ut
2438 3947 2508 4001 ibi
2538 3946 2697 4001 simul
2728 3946 3077 4001 dormiamus.
3110 3948 3186 4000 Ad
3215 3964 3372 4016 quem
3400 3961 3576 4001 mere-

1991 4042 2090 4095 trix
2119 4058 2132 4095 :
2162 4040 2254 4094 Dic
2287 4040 2436 4103 mihi,
2470 4038 2661 4106 inquit,
2692 4039 2889 4103 locum,
2917 4048 2972 4092 et
2999 4038 3230 4092 veniam.
3264 4041 3328 4092 Et
3357 4049 3581 4093 sanctus

1992 4134 2053 4187 ad
2082 4136 2223 4187 illam
2254 4132 2345 4187 :Si
2364 4132 2704 4187 condormire
2727 4130 2857 4186 mihi
2884 4131 3089 4199 cupias,
3109 4147 3212 4185 non
3242 4133 3441 4200 poteris
3471 4133 3581 4186 alio

1994 4227 2044 4279 in
2080 4226 2219 4291 loco,
2254 4226 2356 4279 nisi
2390 4227 2441 4279 in
2473 4224 2611 4279 urbe
2641 4224 2838 4280 media.
2865 4223 3218 4293 Respondeas
3247 4234 3425 4278 autem
3460 4223 3579 4288 illa,

1994 4319 2126 4371 dixit
2152 4319 2216 4371 ad
2260 4318 2407 4372 illum
2435 4334 2448 4371 :
2478 4318 2545 4371 Et
2574 4331 2681 4372 non
2711 4316 3075 4372 erubescimus
3104 4326 3445 4385 conspectum
3477 4315 3579 4369 ho-

1994 4409 2239 4463 minum?
2270 4409 2333 4462 Et
2362 4408 2696 4477 respondens
2745 4422 2970 4477 magnus
3019 4407 3292 4474 Ephrazm,
3323 4407 3456 4462 dixit
3481 4406 3529 4461 ei
3561 4421 3578 4459 :

1994 4500 2049 4555 Si
2076 4500 2323 4555 homines
2348 4501 2741 4563 erubescimus,
2774 4499 2942 4553 multo
2982 4498 3149 4568 magis
3191 4498 3356 4553 Deum
3386 4497 3583 4551 erube~

1994 4605 2145 4645 scere
2171 4591 2328 4645 simul
2355 4599 2413 4646 et
2441 4590 2630 4646 timere
2659 4589 2951 4659 oportebit,
2982 4589 3071 4657 qui
3115 4589 3261 4642 novit
3289 4587 3451 4641 etiam
3479 4599 3577 4639 oe-

1995 4683 2136 4736 culta
2166 4681 2462 4747 hominum,
2494 4681 2743 4750 quoniam
2774 4679 2888 4748 ipse
2915 4687 3019 4745 est,
3047 4678 3141 4747 qui
3164 4677 3341 4731 veniet
3363 4674 3574 4744 judica-

1997 4782 2148 4827 turus
2180 4772 2471 4839 mundum,
2504 4781 2560 4827 et
2602 4771 2907 4827 redditurus
2952 4770 3236 4838 unicuique
3282 4766 3576 4823 secundum

1995 4877 2160 4931 opera
2187 4877 2281 4917 sua
2314 4863 2490 4933 (Rom.
2522 4860 2604 4931 ιι).
2628 4862 2753 4917 Haec
2774 4862 2997 4916 audiens
3019 4860 3297 4922 meretrix,
3319 4873 3579 4926 compun-

1995 4962 2079 5009 cta
2122 4963 2203 5008 est
2237 4969 2303 5007 ex
2344 4954 2517 5008 verbis
2566 4954 2751 5021 illius;
2785 4962 2839 5009 et
2882 4951 3143 5007 accedens
3192 4950 3418 5019 procidit
3455 4959 3584 5005 ante

1997 5046 2162 5115 pedes
2209 5046 2347 5116 cjus,
2395 5046 2630 5112 plorans,
2677 5043 3198 5112 dicensque:Serve
3235 5041 3353 5104 Dei,
3403 5041 3579 5095 deduc

1999 5152 2084 5209 me
2110 5136 2163 5192 in
2196 5136 2334 5190 viam
2363 5136 2575 5199 salutis,
2602 5144 2660 5188 ut
2688 5148 2718 5187 a
2748 5132 2929 5187 multis
2956 5133 3090 5187 meis
3117 5132 3269 5187 malis
3296 5132 3576 5203 operibus-

1996 5244 2103 5298 que
2146 5226 2400 5294 improbis
2434 5228 2651 5283 liberer.
2690 5227 2919 5283 Sanctus
2965 5236 3145 5282 autem
3177 5236 3340 5282 Senex
3392 5225 3574 5278 multis

1997 5336 2114 5376 eam
2159 5318 2449 5374 admonens
2496 5336 2560 5374 ex
2612 5334 2762 5373 sacra
2810 5318 3124 5388 Scriptura,
3157 5317 3589 5385 confirmansqne

2001 5413 2149 5467 illius
2193 5411 2589 5481 pmuitentiam.
2616 5410 2760 5466 misit
2801 5408 2971 5479 ipsam
3000 5410 3055 5464 in
3099 5407 3499 5471 monasterium,
3531 5414 3587 5460 et

317 5499 535 5572 dignare
564 5516 649 5555 me
671 5501 853 5557 videre
879 5502 1149 5557 civitatem
1174 5501 1340 5568 illam,
1369 5510 1424 5556 et
1452 5517 1575 5556 cum
1607 5503 1894 5570 ingrediar,
1927 5477 1978 5536 D
2000 5504 2227 5559 salvavit
2249 5502 2366 5572 ejus
2394 5503 2629 5556 animam
2655 5515 2723 5556 ex
2746 5515 2902 5558 emno
2932 5500 3271 5571 ﬂagitiorum.

319 5590 527 5645 obviam
555 5592 685 5647 mihi
713 5592 909 5648 habere
953 5607 1160 5648 merear
1188 5592 1460 5647 hominem
1488 5592 1774 5660 ejusmodi,
1803 5595 1893 5663 qui

321 5695 529 5739 mecum
560 5697 590 5739 a
617 5682 895 5754 Scriptura
923 5697 1227 5769 sermonem
1259 5682 1585 5741 exordiatur.
1619 5684 1685 5739 Et
1714 5684 1894 5755 ingre-

2072 5592 2203 5648 CH’.
2236 5592 2328 5649 Vl.
2350 5622 2418 5633 -—
2447 5592 2508 5647 Et
2538 5592 2817 5648 discedens
2855 5608 2884 5648 a
2915 5592 3127 5646 civitate
3156 5590 3266 5649 illa,
3296 5586 3444 5641 venit
3465 5582 3557 5635 Ca:

2002 5682 2610 5761 sarcam‘Cappadociae,
2642 5685 2733 5740 ubi
2762 5684 3034 5752 ingressus
3068 5680 3358 5759 templum,
3388 5679 3589 5739 ιερεηι
