4016 6278
393 314 498 377 3'23

1446 306 1537 362 DE
1577 306 1754 363 VITIS
1792 304 2077 363 PATRUM
2116 303 2316 361 LIBER
2363 295 2633 359 PillalUS.

3550 292 3662 361 sit

393 416 637 486 sanctum
688 423 950 483 Basilium
976 420 1438 495 archiepiscopum
1468 421 1877 476 concionantem
1907 418 1972 473 ad
2003 423 2050 480 Α
2079 433 2196 473 mus
2237 417 2382 472 istud
2413 416 2498 471 hic
2526 429 2707 485 agere,
2730 413 2782 468 in
2833 421 2977 468 tanta
3021 412 3293 468 hominum
3340 409 3670 484 prmsentia?

396 524 673 594 populum,
697 528 752 577 et
779 519 941 589 etrapit
983 532 1172 587 magna
1202 529 1333 570 voce
1358 512 1698 569 beatissimus
1728 512 1977 582 Epitra-m

396 616 687 686 praedicare
729 627 872 668 eum.
925 609 1186 666 Dicebant
1223 615 1401 662 autem
1431 604 1647 675 quidam
1676 605 1744 660 de
1777 604 1928 656 turba
1961 618 1976 657 :

395 708 528 772 Quis
566 713 649 759 est
679 702 781 757 iste
810 699 1122 770 peregrinus
1147 739 1163 765 ,
1192 697 1280 766 qui
1310 697 1386 750 sic
1415 695 1591 748 laudat
1632 694 1980 764 episcopum;

398 798 593 868 quippe
621 793 868 848 adulatur
919 791 1018 860 ipsi
1051 789 1260 859 potius,
1286 795 1345 841 ut
1389 787 1590 856 aliquid
1620 784 1671 842 ei
1703 786 1979 855 largiatur.

402 891 621 942 Peracta
651 893 826 939 autem
857 881 964 951 iam
996 881 1276 945 concione,
1305 880 1379 932 ait
1409 877 1640 932 Basilius
1666 892 1679 928 :
1707 876 1983 931 Accersite

396 981 464 1034 ad
517 994 601 1032 me
640 976 940 1038 hominem,
972 974 1060 1042 qui
1110 971 1388 1026 insistebat
1438 967 1703 1024 laudando
1757 982 1864 1022 me.
1918 966 1985 1021 Et

397 1068 658 1123 accersito
704 1081 790 1129 eo,
823 1064 954 1118 dicit
982 1063 1079 1132 ipsi
1105 1079 1119 1116 :
1145 1061 1282 1129 Quid
1312 1062 1379 1115 ita
1413 1061 1678 1115 instanter
1723 1058 1986 1112 vocifera-

399 1159 541 1212 baris
591 1154 853 1212 laudando
900 1167 1008 1218 me,
1038 1152 1256 1206 domine
1305 1151 1595 1220 Ephrtem?
1636 1147 1987 1217 Respondeas

399 1260 577 1302 autem
621 1257 838 1300 sanctus
882 1258 1070 1307 senex,
1095 1241 1229 1295 dixit
1254 1259 1265 1292 :
1295 1241 1418 1294 Ideo
1450 1239 1856 1308 perseverabam
1879 1237 1988 1291 cla-

400 1339 613 1402 mando,
647 1346 700 1390 et
731 1333 994 1389 laudando
1039 1341 1110 1399 te,
1137 1332 1263 1401 quia
1304 1331 1628 1401 aSpiciebam
1681 1329 1989 1385 immacula-

400 1437 508 1482 tam
539 1425 842 1481 columbam
872 1423 988 1496 (11)
1018 1432 1248 1478 stantem
1276 1426 1326 1476 in
1355 1422 1580 1476 humero
1624 1429 1717 1474 tuo
1744 1421 1987 1485 dextero,

399 1530 455 1574 et
480 1521 530 1574 in
561 1531 719 1572 aures
745 1516 840 1571 tibi
865 1523 1237 1585 suggerentem
1260 1527 1378 1584 quae
1406 1513 1603 1582 papqu
1627 1511 1987 1566 concionaba-

401 1612 495 1665 ris.
527 1609 745 1678 Magnus
796 1615 975 1662 autem
1030 1604 1257 1660 Basilius
1305 1604 1506 1674 Spiritu
1544 1611 1732 1658 saneto
1781 1604 1989 1674 plenus,

403 1700 580 1769 ipsum
622 1697 860 1766 agnovit,
885 1703 944 1751 et
986 1693 1118 1749 dixit
1159 1695 1226 1749 ad
1255 1693 1592 1750 euszune
1646 1693 1900 1762 Epltranm
1931 1705 1990 1746 es

2082 526 2260 566 nonne
2289 524 2387 565 nos
2430 508 2625 578 pudet?
2650 507 2718 562 Et
2748 508 2819 561 ait
2859 509 2928 562 ad
2970 507 3114 562 illam
3141 525 3153 559 :
3183 507 3237 560 Si
3271 505 3514 559 homines
3542 523 3671 562 eru-

2083 598 2275 663 bescis,
2306 607 2505 668 quanto
2533 597 2704 666 magis
2733 595 3053 651 erubescere
3095 605 3309 664 oportet
3340 595 3529 660 Deum,
3557 597 3668 651 aha

2081 691 2320 746 scondita
2369 689 2712 744 tenebrarum
2755 687 3166 756 redarguentem
3215 685 3268 754 (1
3300 685 3421 740 Cor.
3452 685 3544 754 tv).
3604 692 3676 748 At

2084 782 2170 837 illa
2200 781 2443 844 confusa,
2477 794 2536 834 re
2566 779 2762 833 infecta
2791 777 2944 845 abiit,
2975 779 3108 832 nihil
3140 778 3398 847 perlicere
3425 792 3546 832 cum
3573 777 3674 832 illo

2085 875 2290 938 valens,
2319 881 2373 928 et
2399 885 2465 926 ne
2493 871 2559 924 ad
2592 872 2724 925 iram
2752 870 2971 940 quidem
2997 884 3119 924 eum
3149 869 3440 923 concitare.

2155 963 2286 1018 CAP.
2308 961 2515 1016 Vlll.-
2535 961 2692 1030 169
2707 959 2880 1029 Atque
2898 959 2998 1014 ista
3020 969 3145 1014 sunt
3164 959 3456 1014 certamina
3503 958 3677 1027 Magni

2100 1053 2373 1125 Ephmm.
2411 1051 2506 1106 Vir
2534 1052 2677 1105 enim
2709 1058 2827 1105 erat
2864 1049 3102 1105 clemens
3155 1065 3216 1104 ac
3248 1047 3479 1118 patiens,
3525 1063 3682 1102 man-

2090 1154 2298 1210 suetus,
2333 1158 2497 1212 purus
2518 1156 2581 1195 ae
2611 1141 2858 1210 simplex,
2888 1140 2941 1194 in
2991 1140 3295 1209 cognitione
3324 1138 3504 1193 ditina
3533 1138 3683 1194 velut

2092 1237 2240 1292 omni
2293 1234 2416 1289 fuco
2469 1246 2704 1298 carens,
2757 1231 3049 1286 secundum
3102 1231 3242 1300 quod
3295 1230 3551 1298 scriptum
3597 1238 3685 1284 est

2090 1332 2232 1404 (Job.
2260 1331 2323 1401 l),
2346 1329 2612 1384 demissus
2635 1337 2797 1396 atque
2820 1326 3115 1393 modestus,
3166 1323 3380 1378 humilis
3427 1333 3482 1378 et
3533 1337 3686 1377 coms

2093 1422 2383 1494 punctione
2411 1419 2617 1489 plenus,
2647 1433 2804 1488 supra
2832 1417 3025 1482 ﬁdem;
3062 1429 3120 1471 ut
3147 1417 3308 1472 etiam
3340 1415 3456 1484 ipso
3491 1427 3680 1469 tacen-

2094 1523 2166 1579 te,
2189 1513 2271 1568 vel
2301 1526 2367 1566 ex
2414 1511 2530 1566 solo
2577 1516 2797 1578 aspectu
2829 1508 2946 1576 (l3)
2973 1507 3245 1562 intuentes
3277 1507 3452 1576 ipsum
3481 1506 3682 1559 docere

2096 1603 2393 1659 videretur.
2419 1601 2591 1654 Totus
2616 1599 2870 1668 precibus
2889 1600 2953 1652 ad
2983 1597 3149 1654 Deum
3197 1597 3485 1651 fundendis
3509 1597 3687 1650 inten-s

2096 1702 2181 1750 tus
2210 1703 2347 1749 erat.
2375 1692 2472 1747 llic
2495 1695 2652 1762 igitur
2679 1703 2899 1748 sanctus
2929 1701 3078 1762 pater
3127 1700 3331 1756 noster,
3379 1697 3496 1758 post
3521 1689 3686 1742 vitam

403 1788 608 1859 Syrus?
640 1787 778 1842 Vere
822 1784 1271 1854 quemadmodum
1317 1784 1584 1846 intellexi.
1615 1783 1693 1838 sic
1739 1793 1794 1837 et
1841 1783 1894 1837 in
1944 1792 1996 1837 te
2027 1789 2072 1850 Β
2101 1786 2240 1841 bene
2268 1785 2527 1852 beateque
2555 1796 2845 1853 peractam,
2865 1794 3066 1839 etcum
3090 1797 3148 1838 se
3167 1781 3467 1850 exemplum
3491 1781 3690 1834 divina:

405 1881 667 1949 comperi,
699 1879 893 1948 quietis
920 1886 1147 1933 amator.
1177 1876 1447 1947 Scriptum
1494 1877 1722 1931 habetur
1770 1878 1821 1932 in
1872 1893 1996 1947 pro.

406 1973 566 2041 pheta
595 1970 766 2025 David
794 1987 808 2024 :
833 1969 1080 2038 Ephraam
1102 1969 1359 2024 fortitudo
1384 1968 1574 2039 capitis
1595 1970 1701 2024 mei
1735 1968 1857 2040 (Ps.
1883 1983 1992 2035 ιιι,

408 2065 569 2132 cvn).
596 2063 729 2120 Nam
771 2060 1126 2116 mansuetudo
1154 2069 1242 2117 tua
1269 2069 1430 2131 atque
1453 2061 1758 2127 clementia,
1790 2069 1846 2116 et
1869 2059 1998 2115 sim—

407 2152 616 2221 plicitas
643 2151 788 2206 clara
812 2159 912 2215 est,
946 2149 1090 2204 velut
1119 2149 1300 2204 lumen
1329 2163 1592 2219 apparens
1618 2149 1891 2204 omnibus.

475 2242 604 2298 Cn.
625 2242 954 2298 Vll.—Alibi
974 2255 1158 2297 rursus
1179 2249 1494 2297 transeunte
1515 2253 1703 2297 sancto
1723 2242 1992 2311 Ephrem,

407 2332 774 2389 fraudulenter
811 2333 1040 2387 accessit
1080 2330 1149 2385 ad
1174 2331 1347 2399 ipsum
1401 2333 1655 2386 meretrix
1701 2332 1852 2399 (l2),
1880 2346 1999 2400 quae

409 2425 764 2482 assentatorie
815 2438 938 2479 eum
987 2422 1054 2477 ad
1112 2431 1320 2491 turpem
1377 2422 1689 2490 pertrahere
1735 2423 2001 2478 nitebatur

409 2518 864 2580 commistionem;
887 2517 969 2570 sin
993 2515 1188 2581 minus,
1202 2514 1391 2569 saltem
1408 2520 1468 2567 ut
1481 2513 1547 2568 ad
1569 2513 1995 2582 indignationem

412 2613 586 2682 ipsum
615 2615 1001 2673 commoveret,
1032 2607 1175 2677 quod
1203 2620 1361 2660 nemo
1391 2619 1620 2673 unquam
1653 2605 1802 2660 illmn
1831 2605 1996 2658 vidis-

411 2711 496 2758 set
539 2702 753 2756 iratum.
787 2697 890 2765 Qui
937 2696 1073 2751 dixit
1117 2695 1184 2749 ad
1233 2694 1680 2764 illam:Sequere
1724 2709 1829 2748 me.
1864 2692 1999 2749 Cum

411 2801 590 2848 autem
631 2790 744 2861 jam
791 2788 1246 2859 appropinquaret
1272 2785 1338 2840 ad
1370 2785 1548 2841 locum
1582 2799 1613 2839 a
1644 2798 1835 2854 magna
1864 2784 2000 2839 civi-

413 2882 539 2938 tatis
568 2880 722 2936 turba
752 2879 1166 2951 frequentatum,
1197 2876 1331 2932 dixit
1353 2876 1420 2931 ad
1447 2890 1566 2931 eam
1593 2892 1607 2930 :
1632 2874 1739 2930 Isto
1770 2877 1822 2931 in
1880 2875 2002 2930 loco

414 2974 560 3040 veni,
591 2971 850 3028 faciamus
887 2971 962 3026 uti
990 2973 1140 3039 cupis
1167 2967 1403 3041 (Pelag.,
1429 2969 1600 3024 libello
1627 2983 1682 3034 x,
1714 2985 1768 3021 η.
1790 2965 1905 3036 21).
1936 2969 2006 3022 At

414 3066 506 3122 illa
535 3065 722 3122 videns
762 3064 993 3130 turbam,
1031 3063 1164 3118 dicit
1191 3061 1259 3117 ad
1295 3075 1455 3118 eum:
1491 3059 1773 3128 Quomodo
1801 3059 2002 3129 poteri-

2095 1878 2308 1933 virtutis
2353 1878 2709 1942 exhibuisset,
2763 1877 3128 1946 plurimosque
3173 1883 3372 1930 sanctae
3419 1872 3687 1929 doctrina:

2096 1985 2377 2028 sermones
2404 1969 2764 2038 exposuisset,
2798 1969 3053 2038 praescius
3097 1967 3180 2021 sui
3230 1966 3426 2032 obitus,
3463 1979 3691 2031 compo-

2103 2062 2211 2117 suit
2238 2067 2618 2115 testamentum
2650 2058 2715 2112 ad
2745 2057 3061 2127 discipulos,
3093 2064 3148 2110 et
3195 2067 3540 2124 quoscunque
3567 2066 3693 2105 mod

2102 2152 2326 2214 nachos,
2370 2149 2438 2205 de
2487 2149 2676 2204 futuris
2702 2163 2797 2204 eos
2824 2146 3314 2203 commonefaciens
3336 2189 3351 2212 ,
3377 2157 3432 2202 et
3455 2147 3534 2201 sic
3563 2159 3692 2199 mo-

2098 2245 2276 2300 dicunt
2295 2251 2587 2313 aegrotans,
2604 2243 2807 2312 quievit
2824 2242 2875 2295 in
2903 2242 3149 2308 Domino,
3167 2256 3196 2294 a
3220 2238 3500 2295 monachis
3519 2237 3693 2291 eremi

2101 2335 2397 2404 sepultura:
2427 2333 2674 2388 traditus.
2727 2333 2984 2388 Precibus
3024 2333 3186 2403 igitur
3215 2339 3271 2386 et
3301 2327 3692 2385 intercessione

2102 2426 2274 2480 sancti
2313 2424 2587 2493 Ephrem,
2634 2423 2882 2492 dignetur
2909 2432 2962 2478 et
2989 2437 3087 2477 nos
3112 2430 3421 2491 peccatores
3446 2417 3696 2474 Christus

2104 2513 2246 2567 Deus
2275 2522 2462 2568 noster
2493 2511 2671 2568 facere
2724 2512 3023 2566 imitatores
3074 2511 3270 2565 divinae
3321 2510 3443 2564 vita:
3499 2507 3692 2577 ipsius,

2101 2622 2198 2676 per
2225 2621 2385 2676 quant
2427 2606 2684 2676 consequi
2728 2604 2997 2675 possimus
3041 2602 3491 2665 misericordiam,
3526 2608 3580 2654 et
3606 2615 3697 2653 rc-

2103 2697 2412 2752 missionem
2463 2704 2802 2766 peccatorum
2859 2705 3190 2761 nostrorum,
3232 2693 3286 2747 in
3326 2707 3446 2762 quae
3470 2688 3698 2758 collapsi

2103 2803 2309 2843 sumus.
2337 2787 2600 2854 Quoniam
2633 2788 2734 2858 ipsi
2761 2786 2978 2842 Christo
2999 2795 3052 2842 et
3090 2786 3204 2841 Deo
3233 2793 3418 2840 nostro
3440 2783 3700 2838 convenit

2106 2885 2285 2940 omnis
2333 2884 2505 2939 honor
2533 2895 2589 2940 et
2619 2882 2883 2951 adoratio,
2909 2899 3031 2938 cum
3085 2883 3267 2946 Patre,
3312 2888 3369 2935 et
3411 2885 3599 2934 sancto
3633 2888 3701 2931 ac

2105 2975 2316 3030 vivilico
2345 2973 2568 3045 Spiritu,
2602 2973 2656 3030 in
2683 2974 2878 3030 saecula
2904 2974 3250 3031 sicculorum.
3274 2970 3466 3026 Amen.

1685 3189 2054 3247 BOSWEYDI
2092 3186 2413 3250 ΝΟΤΛΤΙΟ.

490 3287 572 3357 (1)
603 3286 891 3355 Εριιτωηι.]
922 3283 1350 3357 Martyrologium
1369 3280 1735 3357 Romamth
1767 3283 2000 3357 Eebrua-
2027 3288 2072 3350 (ζ
2106 3285 2384 3357 historial._
2401 3284 2494 3357 lib.
2513 3299 2638 3357 xlv,
2651 3299 2790 3357 _cap.
2824 3283 2923 3351 86;
2971 3285 3291 3357 Antoninus,
3313 3292 3479 3357 ipart.
3508 3298 3565 3349 tt,
3595 3285 3689 3357 ti_t.

419 3352 528 3413 rii':
556 3352 586 3409 't
619 3352 799 3412 Sancti
857 3352 1100 3423 Ephrqu
1147 3352 1432 3408 Edessena;
1481 3352 1733 3407 Ecclesia:
1761 3353 1997 3417 diaconi,

417 3429 511 3497 qui
539 3436 656 3496 post
686 3428 880 3482 multos
907 3428 1118 3480 labores
1150 3440 1244 3493 pro
1295 3424 1404 3497 itide
1443 3423 1639 3497 Christi
1686 3432 2001 3497 susceptos,

422 3492 523 3552 sub
540 3492 768 3552 Valente
790 3497 1113 3563 imperatore
1138 3492 1417 3548 Sanctitate
1448 3503 1502 3546 et
1529 3492 1768 3548 doctrina
1788 3494 2002 3563 conspi;

418 3581 550 3621 cuus
577 3567 776 3636 quievit
815 3560 1161 3636 inr'ADomino.
1195 3581 1213 3615 ι
1243 3563 1598 3636 bletiologium
1633 3560 2002 3636 Gra-cutnng‘

420 3631 660 3692 Januarii
713 3654 725 3689 :
782 3653 802 3687 ‹
859 3634 1060 3690 Natalis
1111 3635 1281 3688 sancti
1338 3631 1512 3687 Patris
1569 3631 2001 3687 reverendissimi

423 3707 674 3777 Ephrzem
699 3705 842 3778 Syri,
870 3722 936 3760 ex
987 3705 1154 3778 patria
1205 3704 1426 3778 Edessa,
1475 3705 1525 3758 in
1574 3702 2000 3778 cujus__iaudem

421 3772 593 3832 exstat
639 3772 835 3831 sermo
871 3772 1040 3830 sancti
1095 3774 1336 3842 Gregorii
1387 3773 1631 3844 Nysseni.
1689 3789 1708 3823 ι
1747 3772 1998 3842 Ejusdem

420 3849 607 3902 eodem
637 3846 726 3902 die
755 3849 916 3901 breve
947 3849 999 3899 in
1025 3845 1240 3899 Mensis
1268 3844 1434 3898 habes
1454 3844 1705 3912 elogium.

493 3920 576 3986 (‘2)
607 3916 820 3970 Diaconi
853 3913 1105 3986 fidesne]
1129 3915 1201 3986 lta
1247 3911 1611 3986 Hieronymus
1653 3911 1908 3986 Catalo‘go
1934 3911 2000 3964 il-

424 3982 672 4040 lustrium
723 3987 977 4040 Ecclesiae
1031 3982 1388 4052 scriptorum,
1428 3997 1478 4036 c.
1512 3983 1614 4035 115
1647 3999 1659 4032 :
1692 4000 1710 4033 ι
1753 3982 2000 4049 Ephrzem

426 4056 712 4110 Edessena:
762 4055 1015 4109 Ecclesiae
1062 4055 1340 4116 diaconus,
1393 4053 1556 4106 multa
1589 4052 1725 4120 Syro
1750 4066 1998 4105 sermone

424 4127 757 4194 composuit;
807 4133 861 4178 et
907 4126 971 4177 ad
1054 4126 1253 4176 tantam
1307 4121 1462 4194 venit,
1496 4122 1909 4194 claritudinem,_
1947 4130 2003 4174 ut

426 4191 857 4263 post'lectionem
889 4194 1282 4260 Scripturarum
1323 4192 1532 4263 publice
1580 4194 1632 4245 in
1686 4191 2001 4263 quibusdam

427 4261 814 4335 ciclesiisgejus
839 4264 1035 4335 scripta
1066 4265 1378 4335 recitentur_.
1411 4262 1535 4335 Legi
1558 4263 1771 4335 eiusde
1791 4261 2002 4335 Spiritu

427 4345 612 4389 sancto
659 4331 901 4389 Graecum
931 4334 1198 4397 volumen,
1228 4331 1372 4402 quod
1404 4331 1616 4400 quidam
1667 4333 1734 4386 de
1782 4331 2002 4402 Syriaca

429 4405 604 4475 lingua
639 4413 891 4464 verterat.
918 4413 972 4458 et
995 4419 1217 4476 acumen
1243 4401 1489 4476 sublimis
1531 4403 1731 4476 ingenii
1760 4401 2000 4476 etiamin

427 4470 778 4530 traitslatione
802 4474 1051 4546 cognovi.
1075 4470 1431 4546 Decessitsub
1450 4470 1672 4546 Vah-nte
1693 4471 1962 4546 Principe.
1979 4489 1998 4522 ι

429 4546 697 4601 Palladius
726 4540 961 4616 quoqu
990 4561 1108 4614 cap.
1159 4545 1250 4597 l0l
1315 4542 1584 4595 Lausiactc
1623 4540 1860 4595 historia:
1890 4540 2006 4592 dia-

429 4633 611 4670 conum
643 4614 886 4669 Ecclesia:
913 4614 1188 4667 Edessena
1219 4623 1388 4668 vocat.

502 4686 582 4753 (3)
616 4685 794 4739 (ἔνατα)
823 4683 1057 4754 incerto.)
1090 4683 1559 4754 Intentaesthazc
1601 4681 1717 4754 Vita
1751 4679 1933 4734 Romae
1955 4677 2007 4733 in
2035 4670 2088 4732 D

432 4752 809 4811 vetustissimis
830 4755 955 4809 Mss.
981 4752 1185 4809 Graecis
1212 4752 1478 4807 Vaticanis
1506 4762 1558 4805 et
1580 4753 1698 4804 aliis
1720 4764 2007 4819 anonyma;

433 4827 532 4881 nisi
563 4828 702 4897 quod
751 4828 802 4879 itt
854 4825 1218 4897 vetustissimo
1265 4826 1625 4897 manuscripto
1657 4821 1844 4897 Graeco
1875 4819 2008 4897 Cod.

433 4891 748 4951 liihlit'ithec.
777 4897 986 4967 Crypta:
1011 4895 1130 4959 fer.,
1159 4897 1258 4947 sub
1282 4895 1382 4947 litt.
1411 4891 2012 4967 xx,_ejusmodi_inscri-

434 4968 543 5034 ptio
575 4960 865 5038 reperitur'
889 4960 922 5017 τε
951 4969 1090 5038 Περί
1127 4971 1253 5038 Ατοῦῌ
1291 4960 1756 5038 Κυροῇ’ῚξσίιροιφμΔ
1793 4960 1870 5016 id.
1919 4967 2012 5038 τοῦ

431 5030 754 5108 ίΑμνι).ᾳ)ξίου
784 5030 1088 5092 ὶπισκόποὶ).
1114 5032 1190 5088 De
1215 5030 1418 5088 Damno
1447 5030 1709 5101 Ephiiem',
1729 5032 1880 5102 forte,
1905 5030 2016 5082 Am.

432 5107 681 5174 patlochit’
702 5109 944 5174 episcopi.

511 5176 683 5231 llabes
705 5167 974 5245 egregium
1018 5176 1270 5246 Ephrem
1317 5171 1699 5246 encomium_a
1753 5167 2014 5246 Gregorio

436 5243 680 5314 Nysseno
701 5241 889 5300 (Ξῖ-παῖε
914 5241 1296 5312 conscriptum,
1330 5245 1568 5298 Gerardo
1611 5241 1827 5314 Vossio__
1848 5241 2016 5314 inter:

437 5308 612 5384 prete,
643 5315 781 5369 inter
801 5315 973 5384 Opera
1011 5308 1278 5383 Ephracm,
1317 5322 1372 5367 et
1401 5315 1462 5384 _in
1492 5308 2015 5384 postrenia_Nysseni

436 5381 715 5453 editione:
747 5381 865 5453 qui'
885 5381 1127 5449 testatur,
1183 5399 1250 5439 ex
1302 5381 1465 5437 variis
1497 5381 1727 5452 scriptis
1759 5382 2013 5453 Ephrem

439 5452 618 5508 Vitam
647 5452 770 5523 ejus
795 5468 854 5507 se
874 5455 1242 5516 concinnasse.
1271 5463 1326 5506 et
1347 5454 1544 5508 sedula:
1575 5455 1740 5523 instar
1779 5452 1915 5523 apis,
1945 5462 2010 5503 ex

441 5520 691 5594 plurimis
715 5524 935 5579 tioribus
957 5524 1134 5580 favum
1157 5525 1489 5591 spiritualem
1510 5522 1828 5594 confecisse.
1848 5520 2011 5575 Meta-

443 5593 686 5662 phrastes
715 5609 926 5662 quoque
956 5595 1115 5650 vitam
1169 5595 1418 5661 Ephraem
1467 5593 1803 5661 conscripsit,
1851 5605 2012 5662 quam

442 5662 598 5718 habet
627 5661 950 5733 Liptimanus
979 5676 1122 5720 tumo
1151 5664 1188 5718 V
1227 5663 1294 5716 de
1329 5662 1460 5733 Vitis
1485 5673 1813 5733 sanctorum,
1840 5661 1895 5715 et
1915 5661 2014 5717 Su-

443 5737 549 5792 lius
574 5731 720 5794 tonio
747 5734 787 5792 Ι.
818 5735 890 5795 De
914 5735 1164 5804 Ephrem
1187 5747 1398 5806 quoque
1422 5731 1752 5801 Vincentius,
1776 5731 1829 5791 in
1851 5734 2012 5806 Spec.

2107 3371 2183 3427 tx,
2211 3369 2329 3422 cap.
2357 3353 2413 3420 ι,
2446 3356 2474 3427 §
2503 3356 2525 3409 1
2561 3365 2617 3410 et
2643 3354 2699 3408 2.
2741 3353 2942 3427 ‘Petrus
2982 3355 3268 3424 episcopus
3309 3355 3592 3424 Equtlinus
3613 3425 3622 3427 _
3644 3355 3703 3408 in

2104 3425 2358 3492 Catalogo
2389 3425 2722 3492 sanctorum,
2759 3426 2849 3479 lib.
2872 3439 2961 3496 illi,
2994 3441 3112 3493 cap.
3163 3427 3252 3493 70,
3305 3429 3393 3496 qui
3443 3425 3702 3496 suaded

2107 3504 2451 3563 sumpserunt
2471 3511 2536 3564 ex
2569 3496 2681 3550 Vita
2710 3495 2882 3550 sancti
2915 3497 3094 3550 Basilii
3119 3511 3210 3564 per
3238 3495 3703 3558 Amphilochium,

2103 3580 2224 3635 qum
2253 3564 2450 3635 inhejus
2478 3563 2596 3635 Vita
2629 3566 2965 3635 praecedente
2993 3563 3158 3621 habes
3183 3581 3303 3635 cap.
3335 3565 3424 3618 11.

2177 3633 2256 3703 (4)
2289 3627 2524 3688 θεῖ-αι’άο
2584 3627 2810 3705 Vossio.)
2867 3627 2989 3690 Fuit
3033 3637 3118 3690 hic
3147 3627 3336 3690 doctor
3358 3637 3398 3690 Τ
3406 3637 3696 3704 heologus,

2105 3705 2425 3773 praepositus
2453 3706 2798 3776 Tungrensis,
2835 3707 3001 3774 patria
3047 3706 3418 3770 Borchlonius,
3457 3724 3487 3759 e
3514 3710 3694 3759 contio

2105 3784 2216 3828 tatu
2240 3775 2512 3844 Lossensi,
2543 3775 2794 3832 dimcesis
2826 3776 3158 3832 Leodiensis.
3191 3777 3292 3844 Qui
3326 3778 3505 3830 multis
3531 3777 3695 3829 annis

2105 3845 2289 3899 Romae
2313 3847 2466 3907 vixit,
2497 3854 2551 3899 et
2579 3848 2724 3900 varia
2753 3848 2968 3900 Patrum
3011 3846 3184 3913 Opera
3213 3865 3242 3902 e
3274 3847 3477 3901 Graacia
3503 3848 3553 3898 in
3586 3845 3695 3898 La—

2105 3917 2274 3987 tinum
2305 3915 2545 3987 deduxit.
2572 3916 2832 3987 Quorum.
2883 3915 2978 3987 qui
3021 3917 3180 3987 volet,
3212 3921 3512 3987 catalogam
3544 3930 3701 3984 repe-

2105 3985 2280 4058 rietin
2302 3985 2410 4058 iine
2441 3986 2664 4058 tomi_lll
2696 3987 2931 4058 Operum
2961 3986 3018 4058 Si.
3048 3986 3103 4040 P.
3132 3985 3195 4058 Ν,
3238 3985 3508 4058 Ephrann.

2176 4056 2257 4127 (5)
2290 4054 2470 4128 Natus
2489 4057 2539 4108 in
2567 4053 2807 4128 Edessd.]
2835 4055 2911 4128 Ita
2940 4057 3103 4110 etiam
3150 4053 3561 4128 llleta'phrastcs.
3586 4059 3696 4112 So-

2109 4124 2386 4195 zotnenus,
2420 4126 2556 4179 libro
2584 4141 2663 4193 ιιι,
2693 4124 2816 4195 αρ’.
2846 4124 2935 4191 15,
2964 4128 3132 4181 Nisibi
3159 4124 3340 4181 natum
3363 4129 3451 4195 “ait
3476 4145 3488 4179 :
3515 4127 3604 4187 ‘0;
3636 4131 3697 4181 ἑκ

2106 4196 2315 4272 sicilia:
2345 4194 2433 4262 ὢν,
2461 4202 2560 4250 τῶν
2589 4195 2707 4269 τῇδε
2740 4193 3122 4272 ἕᾶτςχωρίων-ῖό
3153 4199 3306 4272 -γέγίος
3335 4193 3480 4272 εἶχεν
3510 4214 3573 4272 ε(Δ
3594 4198 3700 4261 Qui

2111 4265 2278 4319 Nisibi
2294 4277 2486 4338 natus,
2517 4265 2686 4332 genus
2715 4281 2782 4338 ex_
2813 4265 2952 4338 illitis
2976 4267 3129 4338 urbis
3150 4265 3420 4338 indigenis
3451 4267 3627 4320 duxit.
3668 4286 3690 4317 ι

2183 4338 2262 4406 (li)
2294 4333 2424 4389 Vitis
2447 4335 2784 4407 ascenderet.]
2824 4336 3078 4390 Eantdem
3122 4333 3380 4407 visionem
3417 4338 3581 4407 habes
3611 4353 3702 4388 asa

2108 4416 2315 4460 sertore
2335 4407 2597 4477 Gregorio
2615 4406 2858 4477 Nysseno
2877 4407 2928 4460 in
2948 4406 3196 4477 encomio
3211 4407 3382 4462 sancti
3412 4406 3690 4477 Epliraem,

2108 4485 2165 4530 et
2192 4475 2550 4543 Metaphraste
2593 4475 2819 4544 in'ejus
2865 4477 3004 4542 Viza,
3055 4485 3108 4530 et
3153 4476 3451 4546 Menologio
3503 4475 3697 4546 Gra-cn

2110 4547 2472 4626 manuscripto
2495 4547 2799 4626 cardinalis
2847 4546 3249 4614 Ctemoneusis,
3298 4545 3471 4615 capite
3502 4545 3695 4599 ultimo

2115 4615 2463 4684 prmcedcntis
2495 4615 2627 4669 Vita:
2655 4619 2834 4670 citato.

2186 4685 2266 4755 (7)
2296 4685 2604 4757 Attgelorum
2649 4685 2899 4757 agmina.]
2932 4686 2995 4740 Et
3026 4686 3184 4756 hujus
3212 4683 3699 4757 visionisiasserto-

2115 4770 2227 4810 rem
2257 4755 2420 4825 habes
2448 4755 2742 4825 Nyssenum
2764 4755 3146 4825 jam'citatum,
3177 4768 3231 4811 et
3254 4755 3518 4825 Metaphr.

2189 4826 2268 4899 (8)
2308 4823 2544 4899 Visendm
2573 4823 2951 4899 Edesseitorum
2979 4826 3164 4899 urbis.)
3206 4827 3319 4881 Non
3359 4823 3427 4880 ex
3458 4825 3700 4899 novitate

2117 4894 2367 4966 qtiadam,
2399 4897 2492 4948 sed
2515 4895 2784 4950 desiderio
2809 4898 3070 4951 invisendi
3105 4894 3220 4951 loca
3247 4907 3454 4961 sancta,
3477 4905 3534 4950 et
3563 4896 3694 4949 hau-

2119 4965 2290 5020 riendi
2319 4965 2551 5033 aliquam
2577 4966 2857 5021 utilitatem
2885 4982 2948 5020 ex
2977 4970 3247 5020 consortio
3294 4968 3615 5035 sapientum.
3645 4974 3700 5020 et

2119 5051 2237 5106 eam
2290 5049 2503 5103 quoque
2554 5036 2674 5089 aliis
2728 5038 3088 5106 impartiendi.
3144 5036 3428 5106 Nyssenus
3469 5051 3629 5104 supra
3677 5050 3692 5087 :

2128 5123 2146 5156 ι
2175 5105 2327 5157 llisce
2351 5121 2477 5158 vero
2493 5106 2559 5160 de
2579 5107 2753 5161 causis
2791 5104 2857 5161 eo
2892 5104 3258 5170 concessit,’ut
3279 5107 3392 5160 loca
3417 5104 3488 5158 ibi
3510 5112 3695 5159 sancta

2121 5175 2396 5238 inviseret,
2421 5187 2540 5247 tum,
2558 5189 2615 5227 ut
2652 5179 2946 5247 sapientem
2986 5177 3217 5247 aliquem
3269 5175 3585 5230 conveniret
3619 5174 3688 5247 vi:

2120 5260 2237 5298 rum
2299 5259 2362 5298 ac
2389 5246 2709 5314 cognitionis
2738 5249 2850 5316 ipse
2907 5244 3134 5301 fructum
3195 5249 3277 5300 vel
3323 5256 3561 5314 caperet,
3595 5244 3696 5316 vel

2119 5315 2239 5369 aliis
2267 5317 2548 5384 pra-heret.
2582 5335 2600 5368 ι
2630 5316 2706 5368 Eo
2721 5315 2900 5371 animo
2916 5318 3165 5385 Ephraam
3190 5329 3510 5386 properasse
3530 5315 3698 5368 Edes-

2117 5400 2253 5448 sam,
2283 5386 2448 5440 refert
2474 5387 2634 5440 etiam
2669 5386 3074 5454 Metaphrastes.

2189 5455 2538 5528 (9)__0ccurrt't
2585 5451 2822 5528 malim]
2846 5456 3044 5510 Eadem
3090 5456 3257 5528 habes
3307 5454 3444 5528 apud
3497 5451 3702 5528 (ἓιεςυτ

2119 5522 2257 5596 rium
2275 5525 2574 5595 Nyssenum
2599 5527 2651 5580 in
2673 5522 2917 5582 eucomio
2932 5527 3102 5582 sancti
3121 5522 3389 5596 Ephrtem,
3411 5526 3538 5580 item
3553 5522 3699 5590 apud

2116 5595 2550 5663 letaphrastem.

2156 5665 2308 5746 .(lt‘O)
2335 5665 2453 5746 Aliis
2479 5666 2765 5746 meretrix.)
2798 5667 2942 5746 Hanc
2969 5666 3265 5746 historiam,
3285 5665 3698 5746 Opi-titindespi-

2121 5734 2504 5808 cit'Gregorius
2531 5734 2804 5810 Nysaeuus
2853 5739 2907 5794 in
2946 5738 3190 5797 cncomio
3219 5738 3387 5795 sancti
3422 5736 3696 5806 Ephwmo
