4016 6226
295 295 402 357 sas
461 280 476 296 '

1361 282 1520 344 ῊΤΔ
1560 286 1762 343 SANTI
1803 285 2120 343 SIMEONIS
2157 284 2478 341 STYLITE

3462 284 3570 343 3&6

281 413 410 468 dum
433 410 510 465 ait
545 428 558 464 ι
599 423 618 462 t
653 410 725 463 Fx
755 404 1016 475 impudica
1037 402 1604 475 pinlicam,ex_l_a_s_civa
1620 414 1872 475 _gravem,
1907 406 1953 460 Α
1984 401 2036 453 in
2080 399 2432 475 similitudine
2464 396 2744 475 columbae
2805 397 3082 475 tractantis
3129 397 3572 475 frequentissime

283 500 349 537 ex
383 480 665 552 inquinata
697 471 882 547 puram
930 484 1240 552 castamque
1273 472 1531 552 reddidit.
1573 491 1591 522 ι
1619 471 1751 552 Tota
1795 480 1878 552 est

284 555 426 621 apud
460 541 911 632 'ttetaphrastem,
965 545 1054 599 ubi
1099 544 1240 613 quod
1273 541 1359 597 hic
1387 553 1469 597 est
1499 552 1588 594 tuo
1618 550 1782 610 septo,
1806 541 1876 595 ibi

283 635 378 760 es?
391 633 482 762 ῗῖῗ
510 622 910 762 ῗιξιῗέασιζαωηι
939 680 1274 762 totamqua]
1297 683 1442 738 Idem
1471 691 1656 762 narrat
1677 680 1880 762 Grego-

284 752 404 816 iin‘s
448 752 720 831 Nyssenus
757 757 809 811 in
863 756 1112 810 enconiio
1144 752 1412 823 Ephrazm,
1443 761 1498 806 et
1521 752 1687 805 habes
1716 752 1877 806 etiam

285 832 430 902 apud
452 829 885 902 metapli_rastem:

363 901 555 957 Simile
583 887 750 953 babes
782 898 834 950 in
867 893 984 948 Vita
1028 893 1197 948 sancti
1240 887 1482 960 Gregorii
1531 891 1671 959 apud
1716 891 1881 944 Joan~

289 987 414 1024 nem
439 970 757 1032 Diaconum,
791 967 929 1018 libro
947 979 1019 1028 tv,
1050 979 1172 1031 cap.
1204 963 1296 1029 69,
1349 963 1439 1017 ubi
1470 962 1656 1016 Petrus
1688 961 1876 1015 Diaco-

290 1056 414 1104 nus,
447 1040 536 1108 qni
571 1039 742 1092 sancti
773 1035 1016 1108 Gregorii
1045 1033 1492 1108 familiarissimus
1530 1032 1649 1094 fuit,
1676 1038 1875 1093 narrat,

289 1112 434 1181 quod
457 1103 478 1160 ἆ
503 1123 666 1178 super
697 1115 856 1175 caput
886 1104 1179 1174 (Gregorii)
1210 1103 1324 1172 ipse
1349 1103 1607 1171 Spiritum
1633 1111 1876 1155 sanctum

1499 1263 1624 1274 uo--.
1637 1261 1704 1272 -—
1719 1261 1769 1271 .—

1985 471 2419 539 perspexisset.)
2464 467 2530 521 Et
2574 466 2820 539 sequenti
2871 469 3046 534 capite
3081 468 3273 539 subdit
3327 467 3570 539 Joannes

1987 536 2281 594 Diaconos:
2313 556 2331 589 ι
2365 538 2498 592 Hinc
2527 546 2610 591 cst
2635 537 2776 604 quod
2800 536 3317 591 consuetuditinlater
3335 538 3568 604 Spiritus

1983 620 2200 664 sanctus
2233 610 2283 663 in
2311 611 2489 674 specie
2512 608 2775 663 columba:
2803 622 2968 674 super
3015 606 3298 661 scribentis
3324 607 3572 676 Gregorii

1984 688 2144 748 caput
2163 679 2489 747 depingitur.
2523 699 2544 730 ι

2057 745 2175 818 (12)
2205 745 2502 820 Meretrix]
2529 749 2670 820 Idem
2703 748 2879 820 habes
2909 747 3068 808 infra.
3113 747 3252 820 libro
3281 761 3310 798 v
3340 745 3413 798 De
3438 745 3573 799 Vitis

1985 813 2232 880 Patruini;
2261 821 2398 887 apud
2435 813 2723 887 Pelagium,
2761 813 2937 871 libi-llo
2973 836 3022 880 χ,
3055 835 3104 871 n.
3132 819 3222 870 ’21.

2058 891 2174 957 (15)
2216 885 2309 942 Vel
2335 904 2399 944 ex
2425 891 2536 942 solo
2554 885 2808 957 ἀεικείας]
2828 888 3120 957 Nyssenus,
3146 901 3303 953 supra
3331 903 3342 936 τ
3375 885 3576 953 tAspe-

1986 973 2212 1029 ctnsque
2257 961 2372 1028 ejus
2428 959 2697 1028 angelicas
2747 960 3022 1013 sufficiens
3068 968 3202 1022 erat,
3253 959 3340 1025 qui
3385 971 3477 1021 per
3515 971 3575 1008 se

1991 1033 2194 1099 absque
2224 1032 2327 1083 ulla
2359 1031 2600 1083 oratione
2647 1029 2917 1084 intuentes
2946 1030 3012 1083 ad
3038 1030 3383 1082 eoniiniserat
3405 1040 3567 1080 onem

1992 1109 2349 1169 permoveret.
2391 1117 2408 1150 ι

297 1251 3566 1298 c=============================:===========================================

1700 1391 2003 1434 JANUABII
2053 1391 2113 1434 ν.

681 1526 1160 1680 VITA
1246 1523 1964 1671 SANCTI
2037 1524 2962 1672 SIMEONIS
3024 1588 3104 1660 (ι)

1655 1768 2132 1842 ΞΤΥΙιΙΤᾹΞ
2147 1777 2228 1848 (2)
2237 1818 2262 1858 ,

1129 1926 1502 1990 AUCTORE
1546 1923 1908 1986 ANTONIO
1952 1921 2039 2003 (3)
2085 1920 2268 1984 EJUS
2312 1915 2749 1985 DISCIPULO.

373 2157 556 2211 Cum
577 2167 794 2209 ratuou.
827 2151 983 2224 17o
1005 2151 1236 2209 Sanctus
1258 2150 1478 2208 Simeon
1508 2166 1576 2204 ex
1605 2160 1758 2204 utero
1780 2163 1892 2202 ma-
1923 2149 1967 2209 Β
2000 2148 2067 2203 Et
2092 2149 2179 2205 die
2209 2153 2392 2220 quinta
2424 2155 2705 2223 egrediens
2759 2157 2924 2214 abbas
2971 2159 3300 2231 Tlmouheus,
3344 2162 3579 2222 interro.

309 2249 412 2304 tris
434 2264 546 2302 suae
573 2249 772 2303 electus
790 2255 869 2300 est
894 2262 924 2299 a
957 2245 1201 2310 Domino,
1225 2253 1279 2298 et
1306 2243 1662 2298 meditabatur
1692 2253 1882 2309 parere

305 2352 361 2395 et
385 2343 599 2410 placere
629 2339 703 2392 illi
729 2356 742 2390 :
773 2346 888 2393 erat
917 2345 1097 2391 autem
1129 2335 1213 2390 isti
1244 2344 1393 2405 pater
1412 2335 1669 2389 Susocion
1694 2332 1770 2402 (4)
1797 2346 1893 2384 no-

303 2433 470 2494 mine,
491 2438 546 2484 et
565 2427 904 2483 nutriebatur
929 2442 959 2481 a
985 2427 1294 2496 parentibus
1312 2427 1442 2481 suis.
1468 2425 1576 2504 Qui
1585 2439 1703 2478 cum
1723 2424 1892 2478 lactus

305 2523 488 2576 luisset
509 2535 778 2574 annorum
811 2518 1093 2584 tredecim,
1146 2517 1401 2587 pascebat
1424 2530 1555 2571 oves
1583 2514 1748 2584 patris
1775 2512 1890 2578 sui;

310 2622 362 2666 et
391 2610 583 2665 videns
610 2610 899 2664 ecclesiam
927 2611 1029 2678 (5),
1063 2609 1265 2663 relictis
1298 2608 1599 2678 pecoribus,
1622 2608 1893 2676 ingressus

303 2711 415 2762 est,
461 2702 775 2770 audivitque
827 2700 1142 2770 Apostolum
1185 2699 1256 2754 ibi
1294 2700 1416 2768 legi.
1451 2698 1894 2768 lnterrogansque

309 2808 470 2846 unum
502 2793 799 2858 seniorem,
831 2791 946 2847 ait:
977 2789 1217 2856 Domine,
1267 2789 1394 2859 quid
1439 2798 1523 2844 est
1563 2789 1702 2844 istud
1753 2786 1892 2857 quod

304 2884 530 2953 legitur?
551 2898 722 2939 senex
747 2883 1039 2951 respondet
1058 2884 1106 2936 ei
1132 2896 1148 2938 :
1170 2881 1274 2936 Pro
1293 2882 1588 2937 substantia
1618 2880 1809 2935 anima:
1837 2890 1895 2936 ut

305 2977 474 3032 discat
511 2977 674 3031 homo
699 2977 893 3031 timere
942 2975 1106 3029 Deum
1152 2990 1221 3029 ex
1255 2983 1368 3028 toto
1396 2973 1582 3039 corde,
1610 2982 1662 3028 et
1691 2989 1755 3027 ex
1782 2981 1892 3027 tota

303 3077 482 3122 mente
512 3083 613 3122 sua
645 3066 827 3136 (Luce
849 3065 930 3134 x).
966 3065 1109 3120 Dixit
1137 3066 1326 3121 beatus
1350 3066 1569 3121 Simeon
1603 3083 1616 3117 :
1645 3065 1782 3132 Quid
1812 3075 1896 3119 est

304 3164 496 3217 timere
531 3159 750 3215 Deum?
795 3158 939 3214 Dixit
987 3157 1035 3212 ei
1083 3158 1263 3212 senior
1300 3174 1312 3210 :
1349 3159 1523 3223 Quare
1553 3171 1639 3212 me
1663 3156 1891 3226 ﬂagitas,

307 3255 412 3308 Illi?
439 3254 508 3308 Et
539 3253 630 3307 ille
664 3268 678 3307 :
704 3251 867 3319 Quasi
915 3251 1108 3316 Deum,
1159 3250 1350 3319 inquit,
1381 3252 1650 3318 interrogo
1681 3259 1759 3304 te.
1791 3248 1893 3301 Ista

304 3345 446 3399 enim
470 3359 594 3413 quas
616 3358 644 3396 a
680 3351 733 3397 te
763 3342 942 3408 audio,
970 3342 1180 3396 discere
1212 3340 1354 3407 volo,
1382 3341 1507 3410 quia
1540 3339 1754 3408 ignarus
1775 3353 1892 3393 sum

305 3446 360 3489 et
388 3436 606 3489 stultus.
646 3433 942 3501 Respondit
983 3434 1032 3487 ei
1081 3433 1261 3487 senior
1293 3451 1307 3486 :
1339 3434 1393 3486 Si
1431 3432 1550 3502 quis
1575 3431 1894 3502 jejunaverit

1995 2240 2142 2306 gavit
2174 2255 2320 2307 eum,
2349 2244 2533 2299 dicens
2571 2247 2753 2304 :Unde
2782 2263 2862 2316 es,
2900 2251 3007 2304 fili?
3033 2262 3123 2306 aut
3149 2269 3284 2322 quos
3332 2270 3581 2325 parentes

1995 2329 2162 2384 habes
2185 2332 2374 2397 quisic
2403 2333 2630 2389 afflictus
2656 2339 2760 2391 es?
2787 2342 3036 2408 autquod
3062 2352 3144 2396 est
3183 2360 3375 2399 nomen
3403 2355 3576 2410 tuutn,

1996 2434 2065 2474 ne
2094 2421 2232 2476 forte
2260 2423 2458 2492 aliquid
2485 2425 2608 2479 mali
2636 2429 2896 2496 gesseris,
2920 2441 3010 2483 aut
3033 2430 3253 2485 forsitan
3276 2448 3388 2487 seri
3401 2450 3463 2489 us
3484 2437 3578 2500 sis,

1995 2519 2048 2564 et
2077 2510 2352 2565 dominum
2382 2521 2531 2567 tuum
2562 2514 2769 2584 fugias?
2818 2517 2966 2571 Tunc
2995 2518 3182 2574 beatos
3212 2521 3430 2577 Simeon
3457 2539 3582 2577 cuni

1995 2599 2250 2670 lacryuiis
2291 2600 2427 2656 dixit
2461 2620 2473 2655 :
2508 2604 2873 2675 Nequaquam,
2917 2607 3157 2675 domine,
3207 2611 3299 2663 sed
3345 2622 3472 2680 opto
3526 2623 3582 2668 ut

1995 2690 2094 2743 sitn
2127 2706 2317 2745 servus
2347 2692 2462 2758 Dei,
2506 2694 2551 2747 si
2592 2696 2708 2763 ipse
2764 2696 3015 2763 voluerit,
3060 2701 3184 2768 quia
3215 2700 3335 2754 volo
3365 2716 3581 2759 servate

1995 2783 2228 2836 animam
2272 2798 2446 2838 meam
2501 2787 2785 2855 perditam.
2834 2789 2969 2843 Jubc
2996 2805 3126 2860 ergo
3155 2807 3241 2846 me
3270 2793 3493 2848 introire
3525 2797 3576 2848 in

1997 2874 2402 2942 monasterium,
2452 2886 2509 2931 et
2559 2879 2810 2934 omnibus
2852 2881 3158 2948 deservire;
3191 2885 3297 2938 noli
3327 2900 3417 2938 me
3444 2886 3579 2940 foris

1994 2965 2196 3021 diutius
2233 2965 2527 3023 dimittere.
2582 2969 2733 3026 Tunc
2783 2973 3121 3042 apprehensa
3151 2991 3310 3030 manu
3339 2977 3477 3045 ejus,
3502 2980 3583 3032 in-

1997 3057 2236 3114 troduxit
2276 3072 2399 3114 eum
2441 3059 2608 3115 abbas
2654 3062 2708 3116 in
2759 3066 3162 3133 monasterium,
3195 3067 3379 3122 dicens
3409 3069 3581 3123 fratri-

1995 3150 2138 3205 bus:
2173 3150 2352 3206 Filioli
2384 3151 2514 3220 mei,
2567 3168 2696 3209 ecce
2743 3155 2897 3212 trado
2949 3158 3100 3214 vobis
3129 3158 3286 3214 istum
3339 3160 3583 3230 fratrem,

1995 3243 2184 3300 docete
2208 3259 2330 3300 eum
2357 3260 2594 3303 canones
2617 3250 2952 3306 monasterii.
2984 3251 3137 3306 Fecit
3177 3262 3355 3308 autem
3385 3256 3437 3308 in
3464 3270 3582 3309 mo-

1997 3339 2234 3392 nasterio
2279 3340 2433 3409 quasi
2477 3355 2694 3398 menses
2745 3352 2997 3412 quatuor,
3047 3347 3289 3401 serviens
3336 3346 3583 3402 omnibus

2005 3427 2122 3483 sine
2149 3430 2390 3498 querela,
2417 3431 2469 3484 in
2493 3432 2685 3500 quibus
2710 3432 3024 3490 Psalterium
3056 3453 3122 3490 ex
3146 3435 3352 3504 integro
3381 3454 3584 3493 memo-

305 3524 524 3596 jugiler,
556 3533 612 3579 et
639 3522 1042 3578 obsecrationes
1073 3523 1258 3577 fecerit
1288 3537 1383 3592 per
1403 3532 1691 3589 momenta,
1717 3531 1769 3575 et
1795 3520 1894 3574 hu-
1924 3521 1970 3584 C
2002 3521 2095 3576 ria;
2127 3523 2540 3589 commendavit,
2595 3526 2837 3594 quotidie
2883 3529 3183 3596 percipiens
3229 3530 3407 3584 cibum
3456 3531 3584 3585 divi-

312 3616 606 3670 miliaverit
628 3617 865 3685 seipsum
889 3615 1034 3670 omni
1062 3614 1289 3682 homini,
1320 3623 1375 3669 et
1402 3630 1509 3669 non
1530 3614 1776 3669 dilexerit
1803 3626 1898 3667 au-

313 3720 455 3771 rum,
488 3721 666 3774 neque
688 3717 964 3774 parentes,
997 3720 1172 3776 neque
1201 3705 1537 3768 vestimenta,
1573 3719 1744 3774 neque
1771 3719 1895 3773 pos—

307 3800 603 3864 sessiones,
631 3809 684 3852 et
709 3798 936 3852 honorat
965 3807 1168 3867 patrem
1199 3806 1255 3854 et
1284 3807 1526 3864 matrem,
1561 3807 1616 3850 et
1651 3796 1899 3851 sacerdo-

317 3898 400 3944 tes
415 3889 510 3944 Dei
533 3888 901 3959 proseqnitur,
924 3889 1007 3942 hic
1024 3889 1358 3944 haeredilabit
1380 3904 1598 3958 regnum
1615 3898 1896 3952 aeternum;

313 3992 370 4038 et
412 3984 504 4053 qui
535 3982 840 4037 econtrario
883 3983 987 4035 ista
1028 3997 1132 4036 non
1165 3982 1415 4044 custodit,
1449 3982 1534 4036 liic
1565 3980 1899 4036 haereditabit

316 4075 568 4128 tenebras
595 4072 920 4134 exteriores,
942 4086 1074 4141 quas
1096 4072 1299 4141 paravit
1325 4071 1466 4125 Dens
1489 4072 1704 4125 diabolo
1729 4081 1782 4127 et
1799 4088 1897 4125 an-

313 4164 445 4234 gelis
475 4163 594 4232 ejus
620 4163 838 4230 (Matth.
875 4179 1008 4230 xxtt,
1037 4161 1187 4231 xxv).
1216 4163 1317 4217 Ista
1341 4163 1537 4228 omnia,
1575 4163 1672 4228 fili,
1703 4164 1753 4218 in
1786 4177 1897 4218 mo-

317 4257 558 4312 nasterio
581 4264 993 4327 exaggerantur.
1025 4255 1261 4310 Audiens
1291 4255 1404 4310 haec
1445 4257 1630 4311 beatus
1658 4256 1896 4320 Simeon,

312 4349 507 4404 cecidit
544 4349 613 4403 ad
657 4348 821 4419 pedes
849 4348 989 4417 ejus,
1017 4347 1203 4402 dicens
1233 4365 1248 4401 :
1281 4348 1356 4401 Tu
1383 4363 1442 4402 es
1473 4357 1624 4415 pater
1668 4363 1820 4401 meus
1846 4356 1900 4403 et

313 4454 484 4498 mater
527 4458 669 4508 mea,
716 4452 772 4498 et
818 4444 1008 4497 doctor
1048 4456 1268 4511 operum
1315 4441 1602 4506 bonorum,
1625 4450 1679 4496 et
1701 4441 1806 4494 dux
1832 4440 1897 4494 ad

315 4550 476 4605 regna
499 4535 785 4590 cmlorum.
811 4533 891 4588 Tu
923 4532 1067 4588 enim
1097 4532 1367 4599 acquisisti
1417 4532 1648 4586 animam
1699 4545 1897 4596 meam,

315 4640 434 4695 qua:
457 4625 568 4695 jam
595 4623 1005 4694 mergebaturin
1033 4621 1408 4691 perditionem.
1440 4621 1691 4675 Dominus
1712 4621 1901 4676 reddat

322 4715 412 4769 tibi
445 4713 872 4768 vicissitudinem
904 4725 1000 4780 pro
1044 4712 1220 4765 anima
1264 4727 1403 4766 mea.
1443 4711 1546 4764 Ista
1592 4719 1717 4765 sunt
1757 4713 1899 4764 enim

314 4821 433 4875 qua:
463 4805 756 4860 aedificant.
789 4805 903 4874 Ego
951 4811 1132 4859 autem
1171 4803 1278 4872 jam
1325 4818 1465 4858 nunc
1511 4803 1721 4868 vadam,
1764 4803 1899 4857 sicut

2002 3627 2148 3666 num.
2180 3612 2374 3667 Cibum
2403 3628 2531 3669 vero
2555 3630 2714 3684 quem
2737 3618 2894 3671 simul
2924 3633 3045 3674 cum
3078 3620 3330 3674 fratribus
3357 3623 3585 3690 accipie-

2001 3699 2114 3770 bat,
2162 3703 2322 3758 tacite
2378 3705 2700 3773 pauperibus
2747 3706 3026 3776 erogabat,
3075 3724 3179 3762 non
3228 3709 3490 3764 sollicitus
3518 3712 3586 3767 de

2005 3793 2266 3848 crastino.
2292 3795 2508 3849 Fratres
2523 3810 2653 3865 ergo
2676 3797 2742 3851 ad
2761 3811 3062 3868 vesperam,
3088 3799 3178 3855 ille
3205 3815 3332 3855 vero
3359 3803 3586 3872 septimo

2000 3883 2088 3939 die
2115 3884 2292 3939 cibum
2322 3887 2585 3942 sumebat.

2069 3975 2200 4030 Car.
2231 3974 2512 4032 lll.—Una
2533 3988 2711 4033 autem
2731 3980 2937 4035 dierum
2961 3981 3233 4051 ingressus
3259 3984 3326 4039 ad
3357 3995 3580 4055 puteum

2004 4077 2198 4132 aquam
2221 4065 2464 4133 haurire,
2495 4071 2724 4138 sumpsit
2753 4070 2933 4126 funem
2976 4073 3044 4127 de
3075 4075 3256 4140 situla,
3308 4078 3449 4133 unde
3478 4081 3584 4132 fra-

2004 4163 2114 4211 tres
2143 4171 2333 4226 aquam
2368 4158 2707 4227 bauriebant,
2733 4171 2787 4217 et
2813 4164 3034 4220 involvit
3071 4181 3192 4221 eum
3227 4169 3322 4222 toti
3371 4173 3586 4240 corpori

2003 4261 2100 4302 suo
2136 4247 2281 4302 nudo
2310 4262 2342 4302 a
2371 4250 2593 4306 renibus
2621 4265 2792 4322 usque
2834 4254 2901 4308 ad
2931 4255 3166 4320 collum;
3213 4266 3267 4312 et
3294 4256 3587 4327 ingressus,

2005 4342 2133 4398 dicit
2162 4341 2455 4397 fratribus:
2481 4343 2636 4400 Exivi
2689 4345 2904 4404 haurire
2949 4363 3164 4418 aquam,
3194 4361 3246 4406 et
3275 4366 3380 4405 non
3413 4353 3586 4408 inveni

2004 4434 2185 4490 funem
2220 4437 2272 4490 in
2297 4437 2481 4492 situla.
2514 4436 2585 4492 Et
2629 4437 2706 4493 illi
2761 4439 3009 4494 dixerunt
3043 4459 3054 4494 :
3090 4442 3252 4507 Tace,
3301 4445 3487 4511 frater,
3521 4462 3591 4500 ne

2004 4523 2142 4578 forte
2167 4535 2424 4594 agnoscat
2446 4525 2637 4594 abbas,
2692 4542 2971 4598 quousque
3020 4537 3230 4599 tempus
3281 4543 3586 4600 preter-eat.

2006 4613 2368 4670 Putrefactum
2401 4626 2485 4671 est
2513 4627 2689 4673 autem
2720 4633 2914 4689 corpus
2935 4620 3053 4689 ejus
3077 4621 3146 4677 de
3190 4621 3512 4693 obligatione
3533 4637 3588 4679 et

2002 4708 2290 4775 asperitate
2337 4707 2498 4773 funis,
2547 4710 2670 4779 quia
2705 4712 2855 4782 171
2897 4713 3113 4768 secabat
3155 4729 3276 4769 eum
3311 4731 3476 4785 usqtte
3519 4719 3585 4772 ad

2005 4811 2161 4863 os~a;
2188 4799 2462 4867 ingressus
2493 4809 2573 4854 est
2595 4801 2736 4856 enim
2762 4803 2815 4857 in
2841 4818 3060 4859 carnem
3088 4804 3184 4871 ita,
3217 4813 3276 4858 ut
3303 4805 3389 4858 vix
3421 4822 3586 4875 appa-

319 4897 575 4962 docuisti,
603 4898 656 4951 in
687 4894 1095 4959 monasterium,
1126 4893 1218 4949 ubi
1241 4893 1378 4948 Deus
1400 4893 1631 4947 voluerit
1664 4909 1677 4946 :
1718 4900 1773 4948 et
1808 4891 1899 4946 fiat
1927 4887 1980 4948 Ι)
2006 4899 2169 4945 re'ret.
2193 4890 2435 4976 Quadam
2487 4902 2665 4948 autem
2714 4894 2802 4949 die
2826 4905 3095 4952 exeuntes
3124 4896 3283 4965 aliqui
3312 4897 3380 4951 de
3410 4894 3588 4951 fratri-

315 4990 564 5043 voluntas
590 4997 709 5056 ejus
732 4988 784 5041 in
818 5001 925 5042 me.
955 4985 1097 5041 Dixit
1116 4984 1191 5039 illi
1219 4984 1564 5053 seniorzFili,
1591 4986 1892 5054 priusquam

313 5081 632 5150 ingrediaris
658 5079 1065 5140 monasterium,
1098 5077 1218 5132 audi
1243 5093 1364 5147 quae
1400 5076 1542 5131 dico.
1575 5075 1896 5132 Tribulatio—

315 5187 434 5227 nem
488 5171 767 5226 habiturus
805 5185 900 5237 es;
955 5183 1175 5225 necesse
1225 5177 1307 5224 est
1360 5168 1500 5223 enim
1531 5177 1582 5223 te
1609 5169 1816 5224 servire
1843 5179 1896 5226 et

314 5263 539 5332 vigilare
568 5264 622 5317 in
644 5262 909 5328 nuditate,
932 5270 989 5318 et
1017 5259 1385 5316 indesinenter
1409 5260 1675 5316 sustinere
1713 5262 1848 5316 mala
1877 5280 1891 5317 :

313 5363 366 5407 et
395 5355 586 5408 iterum
613 5353 994 5407 confortandus
1016 5367 1094 5416 es,
1119 5364 1212 5404 vas
1241 5350 1532 5421 pretiosum
1556 5351 1688 5407 Deo.

387 5444 515 5498 Cap.
543 5443 756 5498 ll.—Et
783 5445 962 5498 statim
994 5444 1180 5497 exiens
1210 5443 1397 5497 beatus
1434 5442 1617 5498 Simon
1639 5443 1706 5498 de
1727 5443 1916 5498 eccle-.

317 5550 413 5599 sia,
439 5535 549 5589 ibat
583 5535 636 5589 in
662 5535 1052 5590 monasterium
1082 5533 1254 5588 sancti
1280 5532 1547 5588 Timothei
1581 5533 1658 5603 (ϐ)
1685 5535 1894 5604 magni-

319 5623 402 5677 ﬁci
426 5625 524 5679 viri
557 5623 676 5695 (7);
705 5636 758 5680 et
787 5625 1070 5695 procidens
1090 5623 1372 5681 antelores
1393 5625 1729 5692 monasterii,
1749 5625 1894 5694 jace-

321 5711 406 5768 bat
428 5728 526 5782 per
551 5715 664 5774 dics
696 5716 928 5786 quinque
959 5729 1064 5772 non
1104 5714 1431 5774 manducans
1478 5730 1651 5786 neque
1679 5716 1889 5775 bibens.

2007 4981 2132 5049 bus,
2162 4984 2488 5039 invenerunt
2517 4999 2638 5039 eum
2671 4986 2847 5040 cibum
2898 5001 3050 5042 suum
3086 4987 3299 5042 dantem
3343 4989 3588 5058 pauperi-

1999 5072 2129 5137 bus;
2167 5083 2222 5128 et
2269 5077 2523 5144 regressi,
2577 5074 2835 5130 dixerunt
2878 5077 3056 5132 abbati
3095 5078 3278 5146 :qude
3308 5080 3459 5135 nobis
3486 5081 3587 5135 ad-

2000 5166 2199 5221 duxisti
2252 5167 2525 5223 hominem
2575 5169 2772 5224 istum?
2828 5168 2941 5222 Non
2993 5184 3277 5236 possumus
3319 5173 3588 5228 abstinere

1999 5257 2140 5311 sicut
2161 5256 2289 5322 ille;
2324 5258 2392 5312 de
2425 5257 2696 5313 Dominica
2742 5259 2882 5314 enim
2915 5260 2968 5313 in
3001 5259 3327 5315 Dominicam
3355 5262 3584 5332 jejnnat,

2004 5352 2156 5407 cibos
2205 5367 2343 5421 quos
2385 5353 2579 5421 accipit
2616 5351 2933 5424 pauperibus
2975 5365 3189 5425 erogat:
3225 5355 3320 5409 sed
3367 5366 3421 5410 et
3448 5355 3586 5411 fetor

2001 5441 2348 5511 gravissimus
2376 5440 2646 5511 egreditur
2674 5443 2741 5497 de
2769 5458 2993 5512 corpore
3035 5444 3173 5512 ejus,
3208 5446 3275 5498 ita
3324 5453 3382 5497 ut
3411 5445 3587 5498 nullus

1998 5531 2146 5602 juxta
2171 5548 2290 5587 eum
2323 5542 2468 5586 stare
2494 5532 2658 5600 possit
2685 5549 2699 5598 ;
2732 5539 2787 5587 et
2817 5547 2938 5587 cum
2979 5534 3237 5601 ambulat,
3278 5546 3491 5587 vermes
3519 5533 3588 5587 de

2001 5637 2227 5687 corpore
2257 5623 2377 5689 ejus
2407 5621 2628 5686 cadunt,
2676 5621 2952 5691 lectusque
2995 5626 3113 5691 ejus
3142 5623 3331 5693 plenus
3357 5628 3438 5673 est
3466 5633 3592 5673 ver-

2003 5713 2201 5773 mibus.
2234 5711 2386 5769 Tunc
2409 5710 2596 5768 exiens
2627 5712 2792 5772 abbas
2821 5714 3024 5771 invenit
3051 5715 3190 5771 sicut
3211 5712 3282 5770 illi
3316 5712 3597 5771 dixerunt;
