4016 6222
416 285 518 342 ὄΞἹ

1459 282 1545 335 Di“.
1590 279 1765 334 VlTlS
1804 275 2089 332 PATRUM
2133 274 2335 329 LIBER
2377 273 2649 333 PRlMUS.

3521 262 3538 279 ’
3581 278 3683 333 sas

419 394 503 450 cui
525 393 601 447 ait
630 407 645 446 :
677 390 799 457 Fili,
824 390 950 460 quid
979 390 1220 459 estquod
1246 392 1430 444 dicunt
1459 390 1648 446 fratres
1679 392 1745 446 de
1772 400 1821 445 te
1840 392 1861 443 ?
1883 391 1997 444 Non
2026 394 2076 447 A
2176 389 2303 442 Car.
2339 388 2399 442 V.
2430 420 2500 431 —
2528 391 2655 444 Post
2683 390 2794 444 hrec
2820 404 3072 459 egressus
3098 390 3309 445 occulte
3328 430 3343 455 ,
3376 390 3549 459 pergit
3580 409 3685 447 non

422 484 517 539 tibi
568 482 763 537 sufficit
806 482 1048 549 jejunare
1090 483 1228 535 sicut
1283 481 1417 534 nos?
1475 482 1554 534 An
1611 496 1715 534 non
1758 480 2002 533 audivisti

423 575 790 644 Evangelium,
843 572 911 625 de
967 572 1274 626 doctoribus
1312 573 1496 626 dicens
1526 572 1736 640 (Matt/1.
1772 572 1847 641 χ),
1883 572 2002 640 quia

424 681 532 721 non
559 674 641 721 est
663 665 953 733 discipulus
984 680 1146 733 super
1178 667 1489 734 magistrum
1524 682 1536 719 :
1567 666 1864 719 eritautem
1884 680 2003 717 om-

419 759 507 813 nis
563 757 826 825 perfectus
856 800 869 825 ,
921 757 964 809 si
1023 754 1093 808 sit
1143 757 1278 808 sicut
1320 755 1508 808 doctor
1533 755 1682 824 ejus?
1725 755 1811 809 dic
1849 755 2000 820 mihi,

424 853 521 920 fili,
551 852 687 906 fetor
733 851 832 903 iste
882 849 1021 901 unde
1052 848 1323 916 procedit?
1366 847 1522 902 Stans
1554 848 1738 901 beatus
1762 832 1999 911 Simeon,

422 944 553 997 nihil
585 941 877 1009 respondit.
915 940 975 992 Et
1001 940 1166 992 iratus
1192 938 1374 1003 abbas,
1404 937 1569 1005 jussit
1599 954 1718 990 eum
1763 939 1999 1005 spoliari,

418 1042 474 1086 et
502 1034 817 1086 invenerunt
864 1029 1040 1083 funem
1088 1028 1230 1081 circa
1250 1048 1265 1060 υ
1286 1043 1479 1096 corpus
1527 1029 1662 1094 ejus,
1694 1029 1765 1080 ita
1793 1038 1849 1081 ut
1871 1030 2001 1083 nihil

423 1133 636 1193 pareret
658 1123 722 1175 de
750 1137 815 1175 eo
847 1120 944 1173 nisi
972 1121 1257 1173 summitas
1287 1128 1515 1173 tantum.
1564 1120 1879 1172 Exclamans
1910 1136 2003 1172 au-

424 1226 530 1269 tem
559 1213 721 1267 abbas
744 1226 874 1264 voce
892 1226 1105 1278 magna,
1128 1210 1263 1263 dixit
1296 1228 1307 1263 :
1334 1210 1470 1264 unde
1495 1210 1646 1264 nobis
1676 1210 2003 1265 advertitiste

423 1305 603 1368 homo,
634 1303 911 1356 destruere
942 1299 1126 1355 volens
1180 1300 1419 1369 regulam
1465 1301 1823 1354 monasterii?
1856 1300 2004 1367 Rogo

419 1410 545 1462 ergo
578 1406 649 1458 te,
681 1392 895 1446 discede
929 1390 1071 1455 hinc,
1118 1403 1171 1445 et
1199 1407 1363 1460 perge
1392 1408 1496 1460 quo
1522 1393 1603 1445 vis
1637 1409 1649 1445 :
1677 1407 1796 1446 cum
1840 1392 2004 1447 multo

423 1500 596 1542 tamen
614 1485 800 1539 dolore
816 1496 871 1539 et
899 1484 1080 1537 labore
1104 1483 1343 1536 tulerunt
1366 1498 1393 1536 a
1415 1498 1639 1550 corpore
1661 1482 1777 1550 ejus
1803 1483 2002 1549 funem,

422 1582 487 1635 de
509 1595 613 1649 quo
640 1587 754 1632 erat
781 1576 1076 1638 involutus,
1134 1591 1239 1628 una
1288 1590 1406 1630 cum
1438 1590 1599 1630 carne
1630 1574 1746 1644 ejus
1775 1573 2001 1642 putrida.

424 1670 705 1724 Facientes
734 1676 910 1722 autem
941 1667 1017 1720 illi
1065 1668 1298 1722 studium
1346 1682 1441 1735 per
1468 1667 1663 1721 multos
1692 1667 1825 1729 dies,
1849 1680 2007 1719 sana-

421 1771 610 1816 verunt
636 1776 778 1814 eum.

488 1871 615 1926 Car.
643 1872 1030 1926 lV.—Sanatus
1059 1879 1234 1923 autem
1259 1877 1376 1936 post
1403 1869 1537 1933 bare,
1573 1868 1743 1921 exivit
1765 1868 1832 1922 de
1880 1884 1999 1923 mo—

419 1965 697 2026 nasterio,
730 1962 874 2014 nullo
921 1960 1154 2025 sciente;
1213 1970 1264 2013 et
1320 1961 1590 2028 ingressus
1645 1969 1727 2013 est
1784 1970 2000 2027 puteum

419 2056 710 2115 desertum,
736 2053 821 2105 ubi
848 2068 950 2104 non
976 2061 1087 2103 erat
1112 2067 1267 2119 aqua,
1289 2066 1395 2104 non
1421 2052 1574 2117 longe
1598 2064 1625 2100 a
1649 2050 1994 2115 monasterio,

420 2146 509 2199 ubi
539 2145 794 2199 immundi
827 2144 1044 2211 spiritus
1072 2142 1461 2194 inhabitabant.
1499 2142 1559 2193 Et
1591 2140 1700 2207 ips:i
1738 2151 1894 2195 nocte
1914 2158 2003 2195 rr-

422 2238 652 2291 velatum
679 2246 758 2289 est
784 2235 963 2288 abbati
982 2234 1121 2302 quod
1146 2232 1424 2286 multitudo
1439 2231 1753 2299 populorum
1773 2232 2003 2285 circum-

418 2328 609 2382 darent
646 2326 1025 2379 monasterium
1048 2339 1202 2377 suum
1235 2338 1355 2377 cum
1414 2323 1636 2374 fustibus
1684 2331 1738 2375 et
1790 2322 1997 2389 gladiis,

418 2421 684 2473 dicentes:
712 2421 784 2470 Da
806 2417 959 2470 nobis
982 2432 1195 2470 servum
1224 2416 1314 2469 Dei
1338 2416 1664 2474 Simeonem.
1697 2415 1999 2470 Timodiee.

418 2512 510 2565 Sin
536 2520 735 2575 autem,
768 2509 1110 2562 incendemus
1142 2518 1191 2559 te
1218 2522 1337 2560 cum
1368 2508 1689 2559 monasterio
1723 2519 1830 2571 tuo,
1866 2525 1999 2576 quo-

421 2601 563 2653 niam
617 2600 940 2666 exasperasti
999 2598 1269 2651 hominem
1316 2596 1543 2665 justtnn.
1579 2597 1677 2660 Qui
1711 2598 2001 2665 evigilans,

421 2690 493 2741 ait
521 2686 801 2740 fratribus:
826 2685 998 2738 Filioli
1050 2686 1156 2739 mei
1186 2727 1199 2751 ,
1222 2686 1479 2738 visionem
1515 2685 1641 2749 vidi,
1668 2694 1723 2739 et
1781 2688 2004 2740 multum

423 2781 664 2835 turbatus
690 2795 805 2832 sum
838 2780 889 2833 in
914 2794 998 2833 ea.
1033 2780 1095 2832 Et
1138 2778 1188 2830 in
1218 2778 1320 2830 alia
1366 2787 1520 2831 nocte
1547 2778 1673 2829 vidit
1709 2779 2007 2831 multitudi-

423 2887 543 2925 nem
569 2870 799 2925 virorum
831 2869 1045 2923 fortium
1078 2870 1363 2921 astantiunt
1388 2876 1441 2922 et
1468 2868 1758 2921 dicentium
1790 2869 1838 2921 ei
1875 2885 1887 2921 :
1928 2868 1997 2921 Da

422 2962 575 3016 nobis
591 2975 804 3015 servum
838 2961 930 3014 Dei
962 2959 1302 3021 Simeonem;
1351 2959 1583 3012 dilectus
1611 2970 1693 3011 est
1721 2960 1861 3011 enim
1896 2959 2006 3014 Deo

421 3060 475 3106 et
513 3051 750 3120 angelis;
795 3065 960 3120 quare
1008 3050 1155 3104 illum
1190 3049 1429 3119 vexasti?
1472 3050 1643 3117 major
1675 3058 1729 3103 te
1756 3059 1837 3104 est
1866 3052 2004 3119 apud

2109 480 2261 547 longe
2290 497 2318 533 a
2350 484 2693 547 monasterio,
2726 483 2903 552 ibique
2946 483 3117 537 multo
3148 492 3389 551 tetnpore
3413 482 3527 548 fuit,
3557 485 3687 540 tedi-

2108 571 2384 641 lieavitque
2414 575 2509 626 sibi
2564 575 2865 629 clausuram
2895 590 2958 629 ex
2988 574 3164 643 lapide
3194 573 3336 628 sicco
3364 574 3472 645 (8),
3507 575 3687 643 ibique

2106 662 2202 717 fnit
2230 679 2396 717 annos
2423 676 2551 733 tres,
2576 676 2631 720 et
2654 666 2943 720 veniebant
2968 667 3036 720 ad
3068 682 3189 721 eum
3215 667 3367 720 multi
3396 668 3460 721 ad
3486 668 3687 724 oratio-

2106 769 2247 807 nem.
2272 757 2470 810 Deinde
2512 756 2632 811 fecit
2676 759 3059 812 colunmellam
3089 758 3389 811 cubitorum
3430 766 3685 827 quatuor,

2108 848 2359 917 Stetitque
2415 849 2468 901 in
2522 864 2587 904 ea
2638 865 2806 904 annos
2830 860 3079 919 quatuor.
3104 850 3585 904 Crescebatautem
3618 849 3688 904 de

2106 953 2172 993 eo
2195 938 2332 993 fama
2356 951 2539 995 sancta
2572 958 2667 1011 per
2698 944 2881 998 orbem
2910 952 3157 1010 terrae,et
3186 944 3385 997 faciunt
3411 945 3459 998 ei
3482 946 3691 997 colum-

2106 1046 2227 1083 nam
2284 1031 2566 1086 habentem
2624 1034 2833 1089 cubitos
2889 1034 3214 1097 duodecim,
3270 1044 3321 1087 et
3353 1035 3497 1086 Stetit
3546 1037 3595 1085 in
3626 1048 3689 1087 ea

2106 1134 2274 1174 annos
2297 1121 2598 1177 duodecim.
2634 1122 2973 1191 Rursumque
3004 1121 3567 1177 feceruntcolumnam
3598 1137 3692 1174 cu-

2106 1211 2334 1267 bitormn
2362 1214 2835 1283 viginti,stetitque
2865 1215 2915 1267 in
2945 1231 3006 1270 ea
3036 1228 3205 1268 annos
3225 1212 3692 1267 duodecim.Tunc

2106 1306 2408 1375 congregati
2431 1314 2553 1360 sunt
2573 1320 2761 1361 omnes
2788 1307 3115 1361 habitatores
3138 1305 3241 1360 loci
3266 1306 3425 1368 illius,
3456 1312 3511 1357 et
3527 1303 3690 1356 adii.

2107 1407 2365 1449 caverunt
2403 1397 2551 1465 juxta
2600 1397 2768 1465 ipsam
2826 1398 3130 1451 columnam
3181 1396 3428 1450 basilicas
3456 1394 3608 1457 duas,
3638 1401 3694 1446 ea

2106 1486 2407 1539 columnam
2434 1487 2736 1541 cubitorum
2772 1487 3016 1555 triginta,
3048 1495 3104 1540 et
3130 1501 3289 1553 super
3321 1486 3489 1554 ipsam
3543 1486 3694 1536 stetit

2107 1587 2278 1627 annos
2320 1582 2567 1643 quatuor,
2590 1586 2644 1630 et
2691 1577 2854 1642 cmpit
2895 1578 3119 1631 virtutes
3148 1575 3349 1628 facere.
3398 1573 3544 1627 Multi
3574 1573 3695 1626 lan—

2109 1664 2252 1732 guidi
2276 1666 2555 1719 veniebant
2580 1668 2643 1719 ad
2672 1682 2815 1731 eum,
2845 1677 2899 1720 et
2920 1665 3181 1720 diBIIIUnia
3208 1666 3487 1728 habentes,
3514 1675 3568 1717 et
3590 1679 3686 1716 cu-

2004 1802 2005 1805 η
2037 1754 2086 1814 Β
2114 1754 2267 1807 rabat
2315 1768 2441 1808 eos:
2466 1756 2591 1808 caeci
2621 1756 2790 1809 visum
2816 1756 3179 1823 recipiebant,
3212 1754 3463 1808 debilium
3491 1768 3682 1805 manus

2108 1846 2537 1910 restituebantur,
2579 1847 2724 1900 surdi
2776 1848 3013 1901 auditum
3066 1846 3421 1914 recipiebant,
3480 1845 3691 1913 leprosi

2105 1936 2517 1990 mundabantur.
2553 1939 2744 1991 Multas
2773 1936 2860 1991 hic
2891 1946 3076 2007 gentes
3124 1935 3392 1989 inclinavit
3417 1934 3479 1987 ad
3523 1933 3692 1987 fidem

2104 2027 2461 2081 Christianam
2492 2068 2505 2092 ,
2534 2028 2583 2080 id
2615 2037 2716 2093 est,
2748 2030 3096 2089 Sarracenos,
3132 2026 3337 2087 Persas,
3363 2025 3698 2077 Armacenos

2074 2142 2077 2147 -
2106 2117 2187 2189 (9)
2222 2128 2277 2172 et
2318 2118 2509 2171 Laotos
2555 2120 2693 2187 (10),
2724 2117 2973 2172 similiter
2999 2128 3051 2170 et
3084 2114 3422 2184 Allolihylos.
3455 2111 3696 2166 Audien-

2110 2220 2297 2279 tesque
2327 2210 2393 2265 de
2428 2225 2493 2265 eo
2517 2221 2571 2264 et
2602 2211 2668 2265 de
2698 2211 2981 2264 virtutibus
3012 2208 3127 2277 ejus
3152 2246 3167 2269 ,
3198 2206 3592 2261 conveniebant
3636 2211 3701 2260 et.

2108 2304 2403 2357 adorabant
2432 2318 2577 2358 eum.

2180 2395 2309 2465 Car.
2344 2395 2656 2449 Vl.-—-Tunc
2685 2393 2894 2447 invidus
2926 2393 3170 2447 diabolus
3217 2388 3698 2445 tiansforntavitse

2076 2487 2163 2540 .in
2212 2465 2449 2555 Speciem
2494 2489 2690 2557 angeli,
2718 2488 2929 2555 fulgens
2970 2486 3021 2539 in
3054 2484 3341 2552 splendore
3370 2497 3489 2536 cum
3540 2481 3699 2551 equis

2112 2579 2303 2647 igneis.
2336 2580 2401 2632 Et
2431 2593 2618 2633 currus
2671 2580 2855 2646 igneus
2886 2578 3133 2646 apparuit
3154 2577 3336 2644 juxta.
3361 2579 3692 2642 columnam,

2113 2670 2203 2724 ubi
2226 2670 2403 2726 stabat
2429 2670 2612 2724 beatus
2642 2669 2880 2734 Simeon,
2919 2669 3072 2737 172
3102 2667 3379 2735 illuxitque
3412 2682 3534 2721 rum
3581 2664 3691 2719 ful-

2114 2776 2243 2832 gore
2317 2773 2371 2816 et
2432 2760 2717 2827 splendore
2780 2760 2933 2829 quasi
2987 2760 3166 2827 specie
3214 2760 3401 2827 Angeli
3462 2758 3689 2827 fulgem.

2115 2854 2181 2907 Et
2236 2854 2372 2908 dixit
2423 2854 2665 2906 diabolus
2728 2851 2936 2905 blandis
3005 2853 3393 2904 sermonibus:
3448 2849 3694 2912 διιιιιοη,

2111 2944 2232 2998 audi
2261 2943 2424 2997 verba
2448 2958 2586 3005 mea,
2619 2958 2738 3009 qua:
2791 2942 2879 2996 tibi
2912 2941 3170 2995 Dominus
3224 2943 3519 2995 mandavit.
3547 2941 3694 2995 illisit

2112 3054 2198 3092 me
2227 3036 2471 3105 angelum
2497 3051 2651 3089 suum
2674 3050 2793 3088 eum
2816 3050 2973 3088 curru
3003 3034 3157 3102 igneo
3180 3046 3232 3087 et
3251 3034 3404 3102 equis
3425 3035 3612 3102 igneis,
3643 3042 3698 3090 ut

425 3144 631 3209 Deum;
685 3158 870 3198 omnes
922 3145 1064 3198 enim
1130 3144 1305 3213 angeli
1360 3142 1744 3197 contiistantnr
1792 3154 2004 3211 pmpter

2114 3130 2310 3197 rapiam
2344 3138 2416 3193 te,
2445 3127 2712 3196 quomodo
2744 3127 2897 3194 rapui
2930 3126 3098 3180 Eliam
3133 3123 3239 3197 [IV
3274 3124 3403 3197 Reg.
3437 3127 3516 3195 ιι).
3540 3126 3699 3181 Tem-

424 3236 593 3289 illum.
626 3237 798 3303 Ipsum
826 3243 1000 3288 autem
1027 3249 1338 3303 prtrponere
1357 3234 1514 3288 habet
1539 3234 1679 3288 Deus
1702 3234 1754 3285 in
1784 3234 2003 3301 mundo,

430 3327 500 3379 ita
532 3335 589 3379 ut
640 3341 733 3393 per
782 3327 929 3378 illum
983 3326 1142 3378 multa
1175 3326 1320 3393 signa
1358 3325 1507 3388 fiant,
1537 3324 1715 3393 qualia
1741 3338 1897 3377 nemo
1929 3326 2006 3375 fe-

425 3422 518 3473 cit.
546 3420 695 3473 Tunc
724 3432 1013 3487 exsurgens
1064 3421 1247 3479 abbas,
1274 3433 1391 3471 cum
1424 3433 1616 3485 magno
1648 3419 1838 3471 timore
1858 3418 1995 3471 dixit

426 3512 678 3565 fratribus
705 3528 718 3563 :
750 3510 1025 3578 Requirite
1049 3510 1178 3563 mihi
1206 3511 1469 3563 hominem
1500 3510 1669 3573 illum,
1688 3518 1741 3561 et
1762 3509 2010 3562 adducite

428 3601 482 3655 in
516 3600 656 3655 hunc
685 3602 881 3665 locum,
914 3616 980 3653 ne
1011 3601 1146 3654 forte
1169 3616 1355 3654 omnes
1380 3601 1672 3651 moriamur
1699 3608 1917 3667 propter
1948 3600 2009 3651 il-

427 3691 554 3743 lum.
589 3690 723 3744 Vere
772 3690 914 3744 enim
964 3700 1179 3743 sanctus
1238 3690 1326 3743 Dei
1382 3699 1497 3751 est;
1543 3689 1807 3741 mirabilia
1867 3690 2007 3741 enim

431 3797 618 3850 magna
650 3781 753 3835 vidi
802 3792 856 3835 et
902 3781 1079 3834 aud.vi
1135 3782 1202 3833 de
1233 3782 1341 3833 illo.
1373 3781 1523 3833 Tunc
1546 3795 1731 3832 omnes
1762 3777 2007 3832 monachi

431 3873 682 3926 exierunt
720 3888 838 3926 eum
895 3886 1134 3940 qumrere
1161 3911 1175 3933 ,
1201 3880 1253 3923 et
1296 3870 1474 3924 omnia
1522 3870 1907 3936 perlustrantes
1958 3878 2011 3922 et

429 3978 535 4015 non
592 3964 922 4017 invenientes
950 4002 963 4025 ,
1012 3963 1452 4016 renuntiaverunt
1494 3963 1666 4015 abbati
1719 3962 1959 4015 dicentes
1995 3979 2005 4012 :

430 4054 643 4107 Nullum
675 4056 843 4107 locum
871 4055 1303 4122 reliquimus,ubi
1330 4069 1449 4108 eum
1478 4070 1582 4107 non
1608 4054 2006 4122 quaesissemus,

430 4145 534 4197 nisi
583 4152 783 4197 tantum
829 4146 880 4197 in
935 4145 1149 4199 deserto
1203 4155 1385 4213 puteo.
1458 4145 1751 4212 lteSpondit
1800 4144 2006 4197 abbas:

433 4233 582 4302 Rogo
609 4248 721 4297 vos,
755 4233 969 4298 fratres,
994 4234 1063 4287 ite
1091 4235 1157 4287 ad
1188 4235 1596 4303 perquirendum
1625 4248 1745 4287 eum
1775 4272 1789 4297 ,
1821 4232 1914 4286 sed
1959 4241 2013 4286 et

430 4339 531 4392 ego
583 4322 767 4374 vadam
800 4323 1095 4377 vobiscum.
1132 4322 1268 4377 Vere
1317 4334 1531 4379 sanctus
1582 4334 1638 4378 et
1676 4338 1861 4377 servus
1920 4324 2009 4378 Dei

429 4424 532 4467 est.
555 4414 615 4465 Et
638 4426 857 4466 sumens
903 4408 1085 4467 secum
1106 4412 1359 4481 ‘quinque
1401 4428 1466 4465 ex
1498 4412 1621 4475 illis,
1652 4413 1797 4466 venit
1819 4412 1882 4466 ad
1915 4428 2009 4481 pu-

2115 3234 2209 3284 pus
2236 3228 2382 3270 tuum
2424 3217 2537 3284 jam
2566 3226 2667 3270 est.
2707 3218 2769 3269 fit
2819 3225 2873 3269 tu
2905 3216 3155 3270 similiter
3180 3219 3410 3269 ascende
3435 3216 3547 3285 jam
3582 3232 3698 3271 tne-

2113 3324 2235 3363 cum
2264 3310 2317 3362 in
2355 3324 2591 3372 currum,
2643 3309 2766 3377 quia
2816 3308 3071 3363 Dominus
3098 3310 3217 3363 caeli
3265 3320 3318 3363 et
3343 3319 3495 3363 terra:
3523 3319 3698 3363 trans-

2114 3403 2261 3455 misit
2288 3401 2456 3455 hunc.
2486 3403 2853 3454 Ascendamus
2878 3401 3076 3469 pariter
3106 3402 3158 3454 in
3182 3404 3374 3466 caelos,
3402 3412 3461 3455 ut
3483 3402 3699 3455 videant

2116 3501 2165 3546 te
2212 3492 2384 3560 angeli
2412 3501 2466 3546 et
2506 3493 2807 3558 archangeli
2845 3506 2966 3544 cum
3024 3491 3185 3544 Maria
3244 3500 3411 3544 matre
3467 3491 3699 3557 Domini,

2116 3599 2234 3638 cum
2297 3583 2553 3651 apostolis
2632 3596 2686 3637 et
2757 3584 3120 3652 Martyribus,
3185 3582 3582 3637 confessoribus
3648 3593 3699 3637 et

2118 3673 2389 3743 prephetis
2422 3716 2438 3742 ,
2486 3676 2608 3743 quia
2657 3674 2888 3744 gaudent
2936 3675 3117 3727 videre
3175 3682 3246 3737 te,
3302 3684 3359 3727 ιιι
3413 3687 3535 3728 o;es
3593 3673 3700 3727 Do-

2115 3768 2316 3820 minum
2336 3767 2422 3835 qui
2456 3775 2506 3819 te
2536 3768 2659 3820 fecit
2687 3766 3046 3834 adimaginetn
3080 3779 3258 3820 suam.
3287 3765 3457 3818 Etiam
3483 3767 3695 3818 locutus

2115 3874 2232 3912 sum
2265 3859 2377 3923 tibi,
2410 3875 2477 3913 ne
2508 3862 2688 3913 tardes
2711 3859 3020 3915 ascendere.
3044 3860 3254 3913 Simeon
3279 3860 3541 3927 completa
3574 3875 3700 3914 ora-

2117 3950 2279 4011 tione,
2305 3949 2439 4002 dixit
2469 3966 2480 4001 :
2511 3950 2749 4014 Domine,
2781 3950 2858 4002 vis
2909 3966 3100 4017 rapere
3149 3964 3235 4005 me
3284 3960 3614 4017 peccatorem
3648 3952 3702 4003 ιιι

2116 4038 2347 4092 malum?
2378 4039 2443 4091 Et
2491 4040 2709 4092 elevans
2761 4038 3041 4094 dexterum
3079 4039 3267 4106 pedem
3296 4049 3352 4093 ut
3389 4042 3703 4095 ascenderet

2118 4128 2169 4181 iit
2196 4145 2429 4191 currum,
2466 4129 2658 4183 levavit
2680 4130 2954 4183 dexteram
2986 4146 3199 4182 manum
3222 4171 3236 4192 ,
3265 4138 3320 4185 et
3351 4131 3476 4185 fecit
3526 4133 3704 4199 signa-

2118 4221 2297 4274 colnm
2327 4220 2549 4275 Christi.
2574 4219 2705 4273 Cum
2743 4220 2950 4288 signum
2982 4220 3157 4273 crucis
3182 4218 3418 4285 fecisset,
3448 4221 3704 4275 continuo
3730 4219 3737 4225 ’

2118 4311 2362 4365 diabolus
2416 4326 2675 4379 nusquam
2725 4312 3044 4377 comparuit,
3075 4325 3194 4363 cum
3250 4322 3562 4380 argumento
3604 4329 3704 4368 suo

2117 4403 2331 4453 evanuit
2354 4399 2493 4454 sicut
2519 4401 2688 4467 pulvis
2710 4411 2830 4452 ante
2862 4399 3054 4454 faciem
3080 4400 3241 4455 venti.
3262 4399 3407 4454 Tunc
3434 4401 3701 4475 intellexit

431 4512 592 4556 teuto.
625 4499 690 4553 Et
717 4498 917 4553 faciens
944 4502 1264 4564 orationem,
1311 4500 1588 4553 descendit
1609 4514 1732 4553 cum
1756 4500 2010 4554 fratribus
2040 4492 2095 4552 D
2122 4491 2338 4546 Simeon
2361 4498 2528 4543 artem
2554 4505 2672 4543 esse
2700 4490 2918 4542 diaboli.

432 4592 484 4646 in
516 4600 752 4659 puteum.
785 4590 1089 4658 Vidensqne
1136 4591 1284 4645 illttm
1328 4590 1515 4645 beatus
1553 4588 1769 4644 Simeon
1797 4631 1812 4654 ,
1842 4592 2007 4658 εωμίι

432 4700 644 4754 togare,
677 4683 864 4737 dicens
902 4699 916 4735 :
960 4682 1109 4752 Rogo
1142 4696 1256 4747 vos,
1290 4681 1434 4736 servi
1491 4680 1607 4745 Dei,
1630 4680 1879 4734 dimittite
1925 4696 2008 4736 me

431 4790 534 4829 una
585 4774 737 4837 hora,
764 4782 820 4826 ut
874 4771 1094 4828 reddam
1123 4773 1383 4841 spiritum
1420 4786 1631 4835 meum;
1663 4770 1839 4824 adhuc
1868 4771 2006 4825 enim

429 4865 721 4925 modicum,
744 4862 997 4917 deficiens
1027 4872 1127 4918 est.
1160 4862 1329 4917 Valde
1352 4871 1529 4917 autem
1556 4861 1806 4930 fatigatur
1830 4860 2006 4917 anima

432 4969 572 5017 mea,
601 4953 849 5021 quoniam
880 4952 1191 5022 exasperavi
1212 4952 1513 5006 Dominum.
1540 4951 1787 5018 Dixitque
1816 4950 1883 5003 ad
1935 4951 2003 5003 il-

432 5043 540 5096 lum
596 5042 760 5095 abbas
793 5060 805 5094 :
840 5042 1009 5108 Veni,
1040 5056 1201 5098 serve
1232 5042 1346 5106 Dei,
1371 5050 1428 5095 ut
1473 5040 1799 5094 deducamus
1847 5048 1902 5093 te
1954 5041 2007 5094 in

431 5131 832 5195 monasterium;
862 5131 1083 5200 cognovi
1104 5128 1246 5185 enim
1268 5131 1335 5186 de
1367 5140 1417 5185 te
1441 5131 1564 5198 quia
1590 5143 1778 5183 servus
1809 5129 1901 5184 Dei
1922 5144 2006 5185 es.

434 5220 527 5273 lllu
539 5234 665 5273 vero
685 5219 920 5284 nolente,
938 5220 1208 5275 adducunt
1231 5235 1352 5274 eum
1367 5220 1415 5272 vi
1430 5218 1495 5271 ad
1526 5220 1937 5283 monasterium,
1956 5226 2011 5272 et

430 5322 616 5363 oumes
628 5318 973 5378 prosternunt
988 5326 1046 5367 se
1060 5312 1124 5365 ad
1141 5312 1299 5380 pedes
1313 5312 1446 5378 ejus,
1468 5309 1655 5364 flentes
1673 5318 1727 5364 et
1739 5309 1973 5364 dicentes
1993 5325 2007 5362 :

434 5399 775 5458 Peccavimus
802 5402 855 5457 in
888 5412 960 5469 te,
987 5404 1184 5457 famulo
1215 5403 1330 5467 Dei,
1361 5403 1575 5471 indulge
1605 5402 1779 5459 nobis.
1810 5402 2004 5455 Beatus

435 5501 609 5548 autem
629 5492 844 5549 Simeon
870 5494 1135 5562 gemebat,
1166 5490 1350 5545 dicens
1377 5493 1589 5563 :jQuare
1638 5493 1872 5562 gravatis
1924 5493 2006 5546 ill-

435 5585 640 5638 folicem
665 5593 721 5638 et
748 5581 1121 5652 peccatorem?
1150 5580 1255 5636 Vos
1286 5593 1463 5636 autem
1487 5584 1616 5637 estis
1643 5585 1781 5637 servi
1833 5584 1923 5637 Dei
1955 5595 2009 5638 et

436 5675 637 5731 Patres.
669 5674 825 5731 Stetit
855 5680 1035 5731 autent
1058 5674 1126 5732 ibi
1161 5675 1308 5746 quasi
1330 5691 1524 5730 annum
1558 5692 1743 5729 unum.

2189 4579 2781 4633 Cxp.Vll.—Ruversus
2808 4594 2934 4649 ergo
2964 4580 3015 4633 ιιι
3038 4594 3118 4647 se,
3133 4580 3263 4633 dixit
3294 4580 3410 4649 pedi
3429 4592 3524 4633 suo
3545 4595 3558 4631 :
3582 4578 3703 4635 Non

2115 4668 2400 4724 reverteris
2440 4678 2730 4720 retrorsum
2793 4668 2939 4731 hinc,
2972 4669 3062 4721 sed
3107 4670 3272 4723 stabis
3296 4671 3381 4724 hic
3432 4684 3600 4739 usque
3629 4674 3699 4724 ad

2116 4759 2321 4814 obitum
2353 4773 2549 4822 meum,
2578 4758 2746 4809 donec
2770 4757 3031 4813 accersiat
3062 4757 3317 4813 Dominus
3346 4774 3430 4813 me
3457 4772 3707 4827 peccato-

2122 4867 2257 4905 rem.
2316 4850 2518 4904 Interea
2569 4849 2812 4905 diabolus
2861 4850 2912 4903 in
2967 4849 3165 4919 frigore
3218 4854 3463 4920 apposoit
3512 4854 3708 4909 vulnus

2118 4955 2280 5009 super
2335 4940 2507 4993 femur
2553 4939 2699 5009 ejus,
2733 4951 2786 4994 et
2835 4942 3184 5008 putrefactum
3214 4951 3298 4997 est
3340 4945 3409 4996 ita
3443 4955 3497 4997 ut
3522 4945 3705 4999 multi-

2120 5031 2248 5085 tudo
2274 5030 2532 5083 vermium
2565 5039 2867 5085 scatescens
2889 5030 2955 5083 de
2980 5045 3066 5097 eo,
3095 5030 3449 5087 descenderet
3470 5034 3538 5088 de
3578 5049 3703 5089 eor-

2123 5136 2254 5189 pore
2303 5120 2444 5190 ejus,
2473 5121 2893 5188 decurrebatque
2944 5120 3010 5173 de
3060 5120 3280 5189 pedibus
3305 5123 3708 5190 ejnsincolum-

2121 5226 2265 5275 nam,
2298 5221 2352 5266 et
2377 5212 2444 5266 de
2474 5212 2719 5265 columna
2752 5212 2801 5264 in
2832 5219 3050 5266 terram.
3086 5215 3238 5269 Anno
3287 5223 3465 5269 autem
3496 5215 3709 5283 integro

2121 5307 2269 5357 stetit
2298 5306 2348 5358 in
2375 5305 2621 5359 columna
2653 5318 2813 5368 super
2839 5318 2999 5355 unum
3030 5304 3238 5370 pedem.
3264 5306 3491 5367 Quidam
3517 5317 3701 5360 autent

2118 5398 2331 5464 juvenis
2360 5396 2530 5449 astitit
2558 5395 2630 5461 ei,
2665 5393 2925 5446 Antonius
2952 5392 3189 5457 nomine,
3222 5398 3309 5461 qui
3334 5397 3466 5451 vidit
3487 5407 3540 5450 et
3569 5402 3708 5448 srri-

2122 5490 2225 5558 psit
2254 5490 2386 5543 haec.
2431 5488 2937 5555 Juxta‘prmct-ptum
2970 5484 3112 5537 illius
3163 5488 3441 5555 colligebat
3472 5503 3702 5552 vermes,

2120 5588 2210 5647 qui
2238 5581 2502 5633 cadebant
2530 5577 2595 5631 ad
2629 5586 2849 5639 terram,
2879 5575 3288 5644 porrigebatque
3342 5578 3415 5631 illi
3465 5593 3703 5631 sursum.

2120 5676 2182 5724 At
2208 5672 2293 5725 ille
2321 5671 2545 5738 pOnebztt
2576 5683 2667 5722 cos
2700 5667 2796 5719 sibi
2832 5666 2880 5718 in
2916 5667 3025 5733 ipso
3061 5667 3301 5733 vulnere,
3335 5668 3399 5721 ad
3448 5670 3707 5723 similitu-
