  <div class='ocr_page' id='page_1' title='image "/cluster/home/n/w/nwhite01/storage/ocr_20150623/73/uva.x000827085/172.png"; bbox 0 0 4016 6238; ppageno 0'>
   <div class='ocr_carea' id='block_1_1' title="bbox 294 316 392 371">
    <p class='ocr_par' dir='ltr' id='par_1_1' title="bbox 294 316 392 371">
     <span class='ocr_line' id='line_1_1' title="bbox 294 316 392 371; baseline -0.051 0"><span class='ocrx_word' id='word_1_1' title='bbox 294 316 392 371; x_wconf 70' lang='grc' dir='ltr'><strong>ὅέἰὶ</strong></span> 
     </span>
    </p>
   </div>
   <div class='ocr_carea' id='block_1_2' title="bbox 1342 303 2515 362">
    <p class='ocr_par' dir='ltr' id='par_1_2' title="bbox 1342 303 2515 362">
     <span class='ocr_line' id='line_1_2' title="bbox 1342 303 2515 362; baseline -0.004 -1"><span class='ocrx_word' id='word_1_2' title='bbox 1342 305 1498 362; x_wconf 75' lang='lat' dir='ltr'><strong>VlTA</strong></span> <span class='ocrx_word' id='word_1_3' title='bbox 1541 305 1782 361; x_wconf 76' lang='lat' dir='ltr'><strong>SANCTI</strong></span> <span class='ocrx_word' id='word_1_4' title='bbox 1824 303 2138 359; x_wconf 72' lang='lat' dir='ltr'><strong>SIMEONIS</strong></span> <span class='ocrx_word' id='word_1_5' title='bbox 2177 304 2515 359; x_wconf 53' lang='lat' dir='ltr'><strong>STYIJTA‘}.</strong></span> 
     </span>
    </p>
   </div>
   <div class='ocr_carea' id='block_1_3' title="bbox 3450 299 3551 353">
    <p class='ocr_par' dir='ltr' id='par_1_3' title="bbox 3450 299 3551 353">
     <span class='ocr_line' id='line_1_3' title="bbox 3450 299 3551 353; baseline -0.02 0"><span class='ocrx_word' id='word_1_6' title='bbox 3450 299 3551 353; x_wconf 68' lang='grc'><strong>550</strong></span> 
     </span>
    </p>
   </div>
   <div class='ocr_carea' id='block_1_4' title="bbox 294 416 3544 498">
    <p class='ocr_par' dir='ltr' id='par_1_4' title="bbox 294 416 3544 498">
     <span class='ocr_line' id='line_1_4' title="bbox 294 416 3544 498; baseline -0.003 -13"><span class='ocrx_word' id='word_1_7' title='bbox 294 434 467 487; x_wconf 83' lang='lat' dir='ltr'><strong>dinem</strong></span> <span class='ocrx_word' id='word_1_8' title='bbox 493 428 627 498; x_wconf 75' lang='lat' dir='ltr'><strong>justi</strong></span> <span class='ocrx_word' id='word_1_9' title='bbox 650 426 773 493; x_wconf 84' lang='lat' dir='ltr'><strong>Job,</strong></span> <span class='ocrx_word' id='word_1_10' title='bbox 798 425 1019 481; x_wconf 89' lang='lat' dir='ltr'><strong>dicens:</strong></span> <span class='ocrx_word' id='word_1_11' title='bbox 1056 422 1367 478; x_wconf 77' lang='lat' dir='ltr'><strong>Manducate</strong></span> <span class='ocrx_word' id='word_1_12' title='bbox 1416 423 1555 493; x_wconf 86' lang='lat' dir='ltr'><strong>quod</strong></span> <span class='ocrx_word' id='word_1_13' title='bbox 1579 422 1727 477; x_wconf 86' lang='lat' dir='ltr'><strong>vobis</strong></span> <span class='ocrx_word' id='word_1_14' title='bbox 1770 424 1873 478; x_wconf 90' lang='lat' dir='ltr'><strong>Do-</strong></span> <span class='ocrx_word' id='word_1_15' title='bbox 1912 427 1955 479; x_wconf 83' lang='grc' dir='ltr'><strong>Δ</strong></span> <span class='ocrx_word' id='word_1_16' title='bbox 1986 419 2266 487; x_wconf 89' lang='lat' dir='ltr'><strong>impiorum</strong></span> <span class='ocrx_word' id='word_1_17' title='bbox 2314 418 2508 485; x_wconf 82' lang='lat' dir='ltr'><strong>mergis</strong></span> <span class='ocrx_word' id='word_1_18' title='bbox 2535 419 2585 469; x_wconf 92' lang='lat' dir='ltr'><strong>in</strong></span> <span class='ocrx_word' id='word_1_19' title='bbox 2632 416 3003 484; x_wconf 73' lang='lat' dir='ltr'><strong>perditionem,</strong></span> <span class='ocrx_word' id='word_1_20' title='bbox 3028 419 3117 487; x_wconf 88' lang='lat' dir='ltr'><strong>qui</strong></span> <span class='ocrx_word' id='word_1_21' title='bbox 3165 421 3301 473; x_wconf 85' lang='lat' dir='ltr'><strong>duos</strong></span> <span class='ocrx_word' id='word_1_22' title='bbox 3362 421 3544 476; x_wconf 81' lang='lat' dir='ltr'><strong>leones</strong></span> 
     </span>
    </p>
   </div>
   <div class='ocr_carea' id='block_1_5' title="bbox 295 518 665 575">
    <p class='ocr_par' dir='ltr' id='par_1_5' title="bbox 295 518 665 575">
     <span class='ocr_line' id='line_1_5' title="bbox 295 518 665 575; baseline -0.003 -1"><span class='ocrx_word' id='word_1_23' title='bbox 295 522 469 575; x_wconf 85' lang='lat' dir='ltr'><strong>minus</strong></span> <span class='ocrx_word' id='word_1_24' title='bbox 493 518 665 573; x_wconf 89' lang='lat' dir='ltr'><strong>dedit.</strong></span> 
     </span>
    </p>
   </div>
   <div class='ocr_carea' id='block_1_6' title="bbox 367 602 1876 665">
    <p class='ocr_par' dir='ltr' id='par_1_6' title="bbox 367 602 1876 665">
     <span class='ocr_line' id='line_1_6' title="bbox 367 602 1876 665; baseline -0.006 0"><span class='ocrx_word' id='word_1_25' title='bbox 367 609 500 665; x_wconf 70' lang='lat' dir='ltr'><strong>CAP.</strong></span> <span class='ocrx_word' id='word_1_26' title='bbox 537 607 671 663; x_wconf 79' lang='lat' dir='ltr'><strong>VIII.</strong></span> <span class='ocrx_word' id='word_1_27' title='bbox 703 636 775 649; x_wconf 90' lang='lat'><strong>-—</strong></span> <span class='ocrx_word' id='word_1_28' title='bbox 802 606 1037 660; x_wconf 81' lang='lat' dir='ltr'><strong>Audiens</strong></span> <span class='ocrx_word' id='word_1_29' title='bbox 1064 613 1236 658; x_wconf 90' lang='lat' dir='ltr'><strong>autem</strong></span> <span class='ocrx_word' id='word_1_30' title='bbox 1292 604 1553 656; x_wconf 83' lang='lat' dir='ltr'><strong>Basilicus</strong></span> <span class='ocrx_word' id='word_1_31' title='bbox 1584 618 1679 656; x_wconf 83' lang='lat' dir='ltr'><strong>rex</strong></span> <span class='ocrx_word' id='word_1_32' title='bbox 1713 602 1876 657; x_wconf 80' lang='lat' dir='ltr'><strong>Sara-</strong></span> 
     </span>
    </p>
   </div>
   <div class='ocr_carea' id='block_1_7' title="bbox 294 693 1879 767">
    <p class='ocr_par' dir='ltr' id='par_1_7' title="bbox 294 693 1879 767">
     <span class='ocr_line' id='line_1_7' title="bbox 294 693 1879 767; baseline -0.006 -15"><span class='ocrx_word' id='word_1_33' title='bbox 294 713 550 754; x_wconf 77' lang='lat' dir='ltr'><strong>cenorurn</strong></span> <span class='ocrx_word' id='word_1_34' title='bbox 584 696 700 767; x_wconf 78' lang='grc'><strong>(11)</strong></span> <span class='ocrx_word' id='word_1_35' title='bbox 728 698 920 749; x_wconf 83' lang='lat' dir='ltr'><strong>famam</strong></span> <span class='ocrx_word' id='word_1_36' title='bbox 946 696 1084 763; x_wconf 83' lang='lat' dir='ltr'><strong>ejus,</strong></span> <span class='ocrx_word' id='word_1_37' title='bbox 1112 696 1258 747; x_wconf 91' lang='lat' dir='ltr'><strong>venit</strong></span> <span class='ocrx_word' id='word_1_38' title='bbox 1284 695 1348 746; x_wconf 91' lang='lat' dir='ltr'><strong>ad</strong></span> <span class='ocrx_word' id='word_1_39' title='bbox 1375 708 1516 747; x_wconf 89' lang='lat' dir='ltr'><strong>eum.</strong></span> <span class='ocrx_word' id='word_1_40' title='bbox 1554 693 1755 745; x_wconf 83' lang='lat' dir='ltr'><strong>Videas</strong></span> <span class='ocrx_word' id='word_1_41' title='bbox 1783 707 1879 743; x_wconf 91' lang='lat' dir='ltr'><strong>au-</strong></span> 
     </span>
    </p>
   </div>
   <div class='ocr_carea' id='block_1_8' title="bbox 296 780 1877 846">
    <p class='ocr_par' dir='ltr' id='par_1_8' title="bbox 296 780 1877 846">
     <span class='ocr_line' id='line_1_8' title="bbox 296 780 1877 846; baseline -0.007 -2"><span class='ocrx_word' id='word_1_42' title='bbox 296 804 401 846; x_wconf 86' lang='lat' dir='ltr'><strong>tem</strong></span> <span class='ocrx_word' id='word_1_43' title='bbox 426 791 573 843; x_wconf 91' lang='lat' dir='ltr'><strong>illum</strong></span> <span class='ocrx_word' id='word_1_44' title='bbox 598 796 827 841; x_wconf 91' lang='lat' dir='ltr'><strong>stantem</strong></span> <span class='ocrx_word' id='word_1_45' title='bbox 852 800 1060 838; x_wconf 82' lang='lat' dir='ltr'><strong>sursum</strong></span> <span class='ocrx_word' id='word_1_46' title='bbox 1084 793 1140 839; x_wconf 87' lang='lat' dir='ltr'><strong>et</strong></span> <span class='ocrx_word' id='word_1_47' title='bbox 1162 793 1424 843; x_wconf 85' lang='lat' dir='ltr'><strong>orantem,</strong></span> <span class='ocrx_word' id='word_1_48' title='bbox 1456 783 1632 835; x_wconf 86' lang='lat' dir='ltr'><strong>subito</strong></span> <span class='ocrx_word' id='word_1_49' title='bbox 1682 780 1877 835; x_wconf 81' lang='lat' dir='ltr'><strong>cecidit</strong></span> 
     </span>
    </p>
   </div>
   <div class='ocr_carea' id='block_1_9' title="bbox 300 871 1885 945">
    <p class='ocr_par' dir='ltr' id='par_1_9' title="bbox 300 871 1885 945">
     <span class='ocr_line' id='line_1_9' title="bbox 300 871 1885 945; baseline -0.005 -14"><span class='ocrx_word' id='word_1_50' title='bbox 300 881 503 935; x_wconf 81' lang='lat' dir='ltr'><strong>vermis</strong></span> <span class='ocrx_word' id='word_1_51' title='bbox 530 880 599 931; x_wconf 90' lang='lat' dir='ltr'><strong>de</strong></span> <span class='ocrx_word' id='word_1_52' title='bbox 621 890 856 945; x_wconf 87' lang='lat' dir='ltr'><strong>corpore</strong></span> <span class='ocrx_word' id='word_1_53' title='bbox 880 875 1016 943; x_wconf 84' lang='lat' dir='ltr'><strong>ejus.</strong></span> <span class='ocrx_word' id='word_1_54' title='bbox 1050 877 1119 927; x_wconf 85' lang='lat' dir='ltr'><strong>At</strong></span> <span class='ocrx_word' id='word_1_55' title='bbox 1147 875 1234 928; x_wconf 87' lang='lat' dir='ltr'><strong>ille</strong></span> <span class='ocrx_word' id='word_1_56' title='bbox 1271 888 1492 926; x_wconf 89' lang='lat' dir='ltr'><strong>currens</strong></span> <span class='ocrx_word' id='word_1_57' title='bbox 1536 871 1885 939; x_wconf 82' lang='lat' dir='ltr'><strong>apprehendit</strong></span> 
     </span>
    </p>
   </div>
   <div class='ocr_carea' id='block_1_10' title="bbox 300 959 1875 1035">
    <p class='ocr_par' dir='ltr' id='par_1_10' title="bbox 300 959 1875 1035">
     <span class='ocr_line' id='line_1_10' title="bbox 300 959 1875 1035; baseline -0.008 -11"><span class='ocrx_word' id='word_1_58' title='bbox 300 986 422 1025; x_wconf 88' lang='lat' dir='ltr'><strong>eum</strong></span> <span class='ocrx_word' id='word_1_59' title='bbox 448 972 499 1023; x_wconf 91' lang='lat' dir='ltr'><strong>in</strong></span> <span class='ocrx_word' id='word_1_60' title='bbox 528 969 651 1032; x_wconf 88' lang='lat' dir='ltr'><strong>Iide,</strong></span> <span class='ocrx_word' id='word_1_61' title='bbox 680 976 732 1022; x_wconf 87' lang='lat' dir='ltr'><strong>et</strong></span> <span class='ocrx_word' id='word_1_62' title='bbox 756 965 932 1035; x_wconf 85' lang='lat' dir='ltr'><strong>posuit</strong></span> <span class='ocrx_word' id='word_1_63' title='bbox 960 978 1118 1032; x_wconf 87' lang='lat' dir='ltr'><strong>super</strong></span> <span class='ocrx_word' id='word_1_64' title='bbox 1154 963 1340 1017; x_wconf 91' lang='lat' dir='ltr'><strong>oculos</strong></span> <span class='ocrx_word' id='word_1_65' title='bbox 1369 961 1645 1030; x_wconf 68' lang='lat' dir='ltr'><strong>suos(l‘2).</strong></span> <span class='ocrx_word' id='word_1_66' title='bbox 1702 960 1765 1012; x_wconf 88' lang='lat' dir='ltr'><strong>Et</strong></span> <span class='ocrx_word' id='word_1_67' title='bbox 1790 959 1875 1012; x_wconf 60' lang='lat' dir='ltr'><strong>vis</strong></span> 
     </span>
    </p>
   </div>
   <div class='ocr_carea' id='block_1_11' title="bbox 298 1049 1886 1122">
    <p class='ocr_par' dir='ltr' id='par_1_11' title="bbox 298 1049 1886 1122">
     <span class='ocr_line' id='line_1_11' title="bbox 298 1049 1886 1122; baseline -0.008 -8"><span class='ocrx_word' id='word_1_68' title='bbox 298 1065 431 1116; x_wconf 85' lang='lat' dir='ltr'><strong>dens</strong></span> <span class='ocrx_word' id='word_1_69' title='bbox 458 1061 701 1122; x_wconf 91' lang='lat' dir='ltr'><strong>Simeon,</strong></span> <span class='ocrx_word' id='word_1_70' title='bbox 731 1059 806 1109; x_wconf 93' lang='lat' dir='ltr'><strong>ait</strong></span> <span class='ocrx_word' id='word_1_71' title='bbox 836 1074 849 1108; x_wconf 88' lang='lat'><strong>:</strong></span> <span class='ocrx_word' id='word_1_72' title='bbox 884 1056 1060 1120; x_wconf 87' lang='lat' dir='ltr'><strong>Quare</strong></span> <span class='ocrx_word' id='word_1_73' title='bbox 1090 1054 1191 1107; x_wconf 90' lang='lat' dir='ltr'><strong>hoc</strong></span> <span class='ocrx_word' id='word_1_74' title='bbox 1236 1052 1425 1114; x_wconf 78' lang='lat' dir='ltr'><strong>fecisti,</strong></span> <span class='ocrx_word' id='word_1_75' title='bbox 1457 1051 1539 1104; x_wconf 86' lang='lat' dir='ltr'><strong>vir</strong></span> <span class='ocrx_word' id='word_1_76' title='bbox 1566 1049 1809 1111; x_wconf 71' lang='lat' dir='ltr'><strong>illusuris,</strong></span> <span class='ocrx_word' id='word_1_77' title='bbox 1831 1058 1886 1102; x_wconf 89' lang='lat' dir='ltr'><strong>et</strong></span> 
     </span>
    </p>
   </div>
   <div class='ocr_carea' id='block_1_12' title="bbox 301 1140 1883 1218">
    <p class='ocr_par' dir='ltr' id='par_1_12' title="bbox 301 1140 1883 1218">
     <span class='ocr_line' id='line_1_12' title="bbox 301 1140 1883 1218; baseline -0.011 -12"><span class='ocrx_word' id='word_1_78' title='bbox 301 1166 387 1205; x_wconf 90' lang='lat' dir='ltr'><strong>me</strong></span> <span class='ocrx_word' id='word_1_79' title='bbox 410 1148 678 1218; x_wconf 84' lang='lat' dir='ltr'><strong>gravasti;</strong></span> <span class='ocrx_word' id='word_1_80' title='bbox 709 1144 914 1199; x_wconf 82' lang='lat' dir='ltr'><strong>vermis</strong></span> <span class='ocrx_word' id='word_1_81' title='bbox 957 1152 1041 1196; x_wconf 90' lang='lat' dir='ltr'><strong>est</strong></span> <span class='ocrx_word' id='word_1_82' title='bbox 1090 1143 1237 1197; x_wconf 89' lang='lat' dir='ltr'><strong>enim</strong></span> <span class='ocrx_word' id='word_1_83' title='bbox 1292 1140 1357 1194; x_wconf 91' lang='lat' dir='ltr'><strong>de</strong></span> <span class='ocrx_word' id='word_1_84' title='bbox 1387 1153 1610 1207; x_wconf 83' lang='lat' dir='ltr'><strong>corpore</strong></span> <span class='ocrx_word' id='word_1_85' title='bbox 1642 1153 1760 1191; x_wconf 89' lang='lat' dir='ltr'><strong>meo</strong></span> <span class='ocrx_word' id='word_1_86' title='bbox 1784 1152 1883 1204; x_wconf 91' lang='lat' dir='ltr'><strong>pu-</strong></span> 
     </span>
    </p>
   </div>
   <div class='ocr_carea' id='block_1_13' title="bbox 304 1226 1886 1294">
    <p class='ocr_par' dir='ltr' id='par_1_13' title="bbox 304 1226 1886 1294">
     <span class='ocr_line' id='line_1_13' title="bbox 304 1226 1886 1294; baseline -0.009 -1"><span class='ocrx_word' id='word_1_87' title='bbox 304 1241 461 1293; x_wconf 82' lang='lat' dir='ltr'><strong>trido.</strong></span> <span class='ocrx_word' id='word_1_88' title='bbox 490 1240 557 1293; x_wconf 87' lang='lat' dir='ltr'><strong>Et</strong></span> <span class='ocrx_word' id='word_1_89' title='bbox 595 1252 717 1292; x_wconf 84' lang='lat' dir='ltr'><strong>cum</strong></span> <span class='ocrx_word' id='word_1_90' title='bbox 763 1237 877 1288; x_wconf 72' lang='lat' dir='ltr'><strong>lucc</strong></span> <span class='ocrx_word' id='word_1_91' title='bbox 907 1232 1144 1286; x_wconf 82' lang='lat' dir='ltr'><strong>audisset</strong></span> <span class='ocrx_word' id='word_1_92' title='bbox 1194 1246 1282 1282; x_wconf 81' lang='lat' dir='ltr'><strong>rex</strong></span> <span class='ocrx_word' id='word_1_93' title='bbox 1332 1226 1608 1292; x_wconf 76' lang='lat' dir='ltr'><strong>Basilicus,</strong></span> <span class='ocrx_word' id='word_1_94' title='bbox 1642 1228 1886 1294; x_wconf 87' lang='lat' dir='ltr'><strong>aperiens</strong></span> 
     </span>
    </p>
   </div>
   <div class='ocr_carea' id='block_1_14' title="bbox 305 1316 1883 1388">
    <p class='ocr_par' dir='ltr' id='par_1_14' title="bbox 305 1316 1883 1388">
     <span class='ocr_line' id='line_1_14' title="bbox 305 1316 1883 1388; baseline -0.01 -5"><span class='ocrx_word' id='word_1_95' title='bbox 305 1345 517 1383; x_wconf 90' lang='lat' dir='ltr'><strong>manum</strong></span> <span class='ocrx_word' id='word_1_96' title='bbox 567 1341 742 1388; x_wconf 86' lang='lat' dir='ltr'><strong>suam,</strong></span> <span class='ocrx_word' id='word_1_97' title='bbox 775 1324 977 1378; x_wconf 90' lang='lat' dir='ltr'><strong>invenit</strong></span> <span class='ocrx_word' id='word_1_98' title='bbox 1021 1318 1359 1388; x_wconf 80' lang='lat' dir='ltr'><strong>margaritam</strong></span> <span class='ocrx_word' id='word_1_99' title='bbox 1415 1316 1883 1385; x_wconf 87' lang='lat' dir='ltr'><strong>pretiosissimam.</strong></span> 
     </span>
    </p>
   </div>
   <div class='ocr_carea' id='block_1_15' title="bbox 307 1405 1889 1473">
    <p class='ocr_par' dir='ltr' id='par_1_15' title="bbox 307 1405 1889 1473">
     <span class='ocr_line' id='line_1_15' title="bbox 307 1405 1889 1473; baseline -0.01 0"><span class='ocrx_word' id='word_1_100' title='bbox 307 1423 373 1473; x_wconf 68' lang='lat' dir='ltr'><strong>Iit</strong></span> <span class='ocrx_word' id='word_1_101' title='bbox 417 1418 553 1471; x_wconf 87' lang='lat' dir='ltr'><strong>dixit</strong></span> <span class='ocrx_word' id='word_1_102' title='bbox 618 1416 687 1470; x_wconf 85' lang='lat' dir='ltr'><strong>ad</strong></span> <span class='ocrx_word' id='word_1_103' title='bbox 754 1415 968 1468; x_wconf 88' lang='lat' dir='ltr'><strong>beatum</strong></span> <span class='ocrx_word' id='word_1_104' title='bbox 1018 1406 1498 1464; x_wconf 87' lang='lat' dir='ltr'><strong>Simeonem:Non</strong></span> <span class='ocrx_word' id='word_1_105' title='bbox 1555 1414 1638 1459; x_wconf 86' lang='lat' dir='ltr'><strong>est</strong></span> <span class='ocrx_word' id='word_1_106' title='bbox 1693 1405 1889 1458; x_wconf 84' lang='lat' dir='ltr'><strong>vermis</strong></span> 
     </span>
    </p>
   </div>
   <div class='ocr_carea' id='block_1_16' title="bbox 307 1494 1891 1578">
    <p class='ocr_par' dir='ltr' id='par_1_16' title="bbox 307 1494 1891 1578">
     <span class='ocr_line' id='line_1_16' title="bbox 307 1494 1891 1578; baseline -0.008 -19"><span class='ocrx_word' id='word_1_107' title='bbox 307 1510 584 1578; x_wconf 76' lang='lat' dir='ltr'><strong>putriilus,</strong></span> <span class='ocrx_word' id='word_1_108' title='bbox 637 1505 731 1559; x_wconf 89' lang='lat' dir='ltr'><strong>sed</strong></span> <span class='ocrx_word' id='word_1_109' title='bbox 806 1503 1090 1572; x_wconf 72' lang='lat' dir='ltr'><strong>margarita</strong></span> <span class='ocrx_word' id='word_1_110' title='bbox 1166 1497 1583 1568; x_wconf 84' lang='lat' dir='ltr'><strong>pretiosissima;</strong></span> <span class='ocrx_word' id='word_1_111' title='bbox 1635 1495 1723 1549; x_wconf 90' lang='lat' dir='ltr'><strong>cui</strong></span> <span class='ocrx_word' id='word_1_112' title='bbox 1800 1494 1891 1547; x_wconf 90' lang='lat' dir='ltr'><strong>ille</strong></span> 
     </span>
    </p>
   </div>
   <div class='ocr_carea' id='block_1_17' title="bbox 307 1584 1890 1669">
    <p class='ocr_par' dir='ltr' id='par_1_17' title="bbox 307 1584 1890 1669">
     <span class='ocr_line' id='line_1_17' title="bbox 307 1584 1890 1669; baseline -0.013 -13"><span class='ocrx_word' id='word_1_113' title='bbox 307 1601 579 1669; x_wconf 84' lang='lat' dir='ltr'><strong>respondit</strong></span> <span class='ocrx_word' id='word_1_114' title='bbox 629 1616 644 1650; x_wconf 90' lang='lat'><strong>:</strong></span> <span class='ocrx_word' id='word_1_115' title='bbox 704 1597 919 1659; x_wconf 84' lang='lat' dir='ltr'><strong>Homo,</strong></span> <span class='ocrx_word' id='word_1_116' title='bbox 963 1590 1253 1647; x_wconf 89' lang='lat' dir='ltr'><strong>secundum</strong></span> <span class='ocrx_word' id='word_1_117' title='bbox 1314 1588 1472 1642; x_wconf 84' lang='lat' dir='ltr'><strong>ﬁdem</strong></span> <span class='ocrx_word' id='word_1_118' title='bbox 1548 1596 1695 1640; x_wconf 89' lang='lat' dir='ltr'><strong>tuam</strong></span> <span class='ocrx_word' id='word_1_119' title='bbox 1770 1584 1890 1637; x_wconf 84' lang='lat' dir='ltr'><strong>data</strong></span> 
     </span>
    </p>
   </div>
   <div class='ocr_carea' id='block_1_18' title="bbox 306 1677 1893 1753">
    <p class='ocr_par' dir='ltr' id='par_1_18' title="bbox 306 1677 1893 1753">
     <span class='ocr_line' id='line_1_18' title="bbox 306 1677 1893 1753; baseline -0.01 -7"><span class='ocrx_word' id='word_1_120' title='bbox 306 1702 389 1746; x_wconf 80' lang='lat' dir='ltr'><strong>est</strong></span> <span class='ocrx_word' id='word_1_121' title='bbox 432 1691 546 1753; x_wconf 84' lang='lat' dir='ltr'><strong>tibi,</strong></span> <span class='ocrx_word' id='word_1_122' title='bbox 573 1697 628 1742; x_wconf 85' lang='lat' dir='ltr'><strong>et</strong></span> <span class='ocrx_word' id='word_1_123' title='bbox 657 1686 993 1741; x_wconf 86' lang='lat' dir='ltr'><strong>benedicitur</strong></span> <span class='ocrx_word' id='word_1_124' title='bbox 1023 1684 1076 1736; x_wconf 92' lang='lat' dir='ltr'><strong>in</strong></span> <span class='ocrx_word' id='word_1_125' title='bbox 1110 1682 1352 1735; x_wconf 88' lang='lat' dir='ltr'><strong>manibus</strong></span> <span class='ocrx_word' id='word_1_126' title='bbox 1383 1680 1483 1733; x_wconf 88' lang='lat' dir='ltr'><strong>tuis</strong></span> <span class='ocrx_word' id='word_1_127' title='bbox 1506 1678 1752 1732; x_wconf 89' lang='lat' dir='ltr'><strong>omnibus</strong></span> <span class='ocrx_word' id='word_1_128' title='bbox 1779 1677 1893 1731; x_wconf 86' lang='lat' dir='ltr'><strong>die-</strong></span> 
     </span>
    </p>
   </div>
   <div class='ocr_carea' id='block_1_19' title="bbox 1981 506 3543 581">
    <p class='ocr_par' dir='ltr' id='par_1_19' title="bbox 1981 506 3543 581">
     <span class='ocr_line' id='line_1_19' title="bbox 1981 506 3543 581; baseline 0.003 -20"><span class='ocrx_word' id='word_1_129' title='bbox 1981 509 2291 574; x_wconf 90' lang='lat' dir='ltr'><strong>humiliasti,</strong></span> <span class='ocrx_word' id='word_1_130' title='bbox 2325 516 2378 561; x_wconf 88' lang='lat' dir='ltr'><strong>et</strong></span> <span class='ocrx_word' id='word_1_131' title='bbox 2404 507 2561 561; x_wconf 80' lang='lat' dir='ltr'><strong>fortia</strong></span> <span class='ocrx_word' id='word_1_132' title='bbox 2602 506 2972 562; x_wconf 63' lang='lat' dir='ltr'><strong>Chaldteorum</strong></span> <span class='ocrx_word' id='word_1_133' title='bbox 3000 507 3242 563; x_wconf 88' lang='lat' dir='ltr'><strong>incendia</strong></span> <span class='ocrx_word' id='word_1_134' title='bbox 3292 512 3543 581; x_wconf 86' lang='lat' dir='ltr'><strong>tnitigasti</strong></span> 
     </span>
    </p>
   </div>
   <div class='ocr_carea' id='block_1_20' title="bbox 1981 596 3551 667">
    <p class='ocr_par' dir='ltr' id='par_1_20' title="bbox 1981 596 3551 667">
     <span class='ocr_line' id='line_1_20' title="bbox 1981 596 3551 667; baseline 0.001 -15"><span class='ocrx_word' id='word_1_135' title='bbox 1981 599 2149 653; x_wconf 85' lang='lat' dir='ltr'><strong>servis</strong></span> <span class='ocrx_word' id='word_1_136' title='bbox 2175 600 2276 652; x_wconf 63' lang='lat' dir='ltr'><strong>tuis</strong></span> <span class='ocrx_word' id='word_1_137' title='bbox 2307 597 2471 667; x_wconf 88' lang='lat' dir='ltr'><strong>(Dan.</strong></span> <span class='ocrx_word' id='word_1_138' title='bbox 2502 596 2603 667; x_wconf 72' lang='grc' dir='ltr'><strong>γι),</strong></span> <span class='ocrx_word' id='word_1_139' title='bbox 2626 597 2716 667; x_wconf 88' lang='lat' dir='ltr'><strong>qui</strong></span> <span class='ocrx_word' id='word_1_140' title='bbox 2759 598 2927 652; x_wconf 86' lang='lat' dir='ltr'><strong>Eliam</strong></span> <span class='ocrx_word' id='word_1_141' title='bbox 2970 598 3144 653; x_wconf 88' lang='lat' dir='ltr'><strong>corvis</strong></span> <span class='ocrx_word' id='word_1_142' title='bbox 3192 599 3551 655; x_wconf 77' lang='lat' dir='ltr'><strong>deferentibus</strong></span> 
     </span>
    </p>
   </div>
   <div class='ocr_carea' id='block_1_21' title="bbox 1980 675 3553 762">
    <p class='ocr_par' dir='ltr' id='par_1_21' title="bbox 1980 675 3553 762">
     <span class='ocr_line' id='line_1_21' title="bbox 1980 675 3553 762; baseline 0.001 -17"><span class='ocrx_word' id='word_1_143' title='bbox 1980 705 2158 745; x_wconf 86' lang='lat' dir='ltr'><strong>escam</strong></span> <span class='ocrx_word' id='word_1_144' title='bbox 2205 690 2395 758; x_wconf 88' lang='lat' dir='ltr'><strong>pavisti</strong></span> <span class='ocrx_word' id='word_1_145' title='bbox 2426 689 2545 760; x_wconf 87' lang='grc'><strong>(111</strong></span> <span class='ocrx_word' id='word_1_146' title='bbox 2590 692 2710 760; x_wconf 81' lang='lat' dir='ltr'><strong>Reg.</strong></span> <span class='ocrx_word' id='word_1_147' title='bbox 2746 675 2902 760; x_wconf 80' lang='lat' dir='ltr'><strong>xvii),</strong></span> <span class='ocrx_word' id='word_1_148' title='bbox 2939 692 3149 760; x_wconf 81' lang='lat' dir='ltr'><strong>suscipe</strong></span> <span class='ocrx_word' id='word_1_149' title='bbox 3179 693 3407 746; x_wconf 87' lang='lat' dir='ltr'><strong>animam</strong></span> <span class='ocrx_word' id='word_1_150' title='bbox 3437 695 3553 762; x_wconf 87' lang='lat' dir='ltr'><strong>ejus</strong></span> 
     </span>
    </p>
   </div>
   <div class='ocr_carea' id='block_1_22' title="bbox 1982 781 3549 851">
    <p class='ocr_par' dir='ltr' id='par_1_22' title="bbox 1982 781 3549 851">
     <span class='ocr_line' id='line_1_22' title="bbox 1982 781 3549 851; baseline 0.003 -16"><span class='ocrx_word' id='word_1_151' title='bbox 1982 781 2036 835; x_wconf 88' lang='lat' dir='ltr'><strong>in</strong></span> <span class='ocrx_word' id='word_1_152' title='bbox 2068 797 2219 850; x_wconf 86' lang='lat' dir='ltr'><strong>pace,</strong></span> <span class='ocrx_word' id='word_1_153' title='bbox 2251 792 2302 836; x_wconf 89' lang='lat' dir='ltr'><strong>et</strong></span> <span class='ocrx_word' id='word_1_154' title='bbox 2327 782 2529 836; x_wconf 87' lang='lat' dir='ltr'><strong>colloca</strong></span> <span class='ocrx_word' id='word_1_155' title='bbox 2561 798 2678 836; x_wconf 89' lang='lat' dir='ltr'><strong>eam</strong></span> <span class='ocrx_word' id='word_1_156' title='bbox 2699 784 2747 835; x_wconf 93' lang='lat' dir='ltr'><strong>in</strong></span> <span class='ocrx_word' id='word_1_157' title='bbox 2781 783 2955 837; x_wconf 90' lang='lat' dir='ltr'><strong>locum</strong></span> <span class='ocrx_word' id='word_1_158' title='bbox 2983 794 3189 849; x_wconf 83' lang='lat' dir='ltr'><strong>patrum</strong></span> <span class='ocrx_word' id='word_1_159' title='bbox 3223 792 3549 851; x_wconf 85' lang='lat' dir='ltr'><strong>sanctorum,</strong></span> 
     </span>
    </p>
   </div>
   <div class='ocr_carea' id='block_1_23' title="bbox 1984 870 3259 940">
    <p class='ocr_par' dir='ltr' id='par_1_23' title="bbox 1984 870 3259 940">
     <span class='ocr_line' id='line_1_23' title="bbox 1984 870 3259 940; baseline 0.004 -18"><span class='ocrx_word' id='word_1_160' title='bbox 1984 870 2103 939; x_wconf 88' lang='lat' dir='ltr'><strong>quia</strong></span> <span class='ocrx_word' id='word_1_161' title='bbox 2136 871 2225 925; x_wconf 86' lang='lat' dir='ltr'><strong>tibi</strong></span> <span class='ocrx_word' id='word_1_162' title='bbox 2248 881 2331 925; x_wconf 91' lang='lat' dir='ltr'><strong>est</strong></span> <span class='ocrx_word' id='word_1_163' title='bbox 2358 881 2594 940; x_wconf 86' lang='lat' dir='ltr'><strong>potestas</strong></span> <span class='ocrx_word' id='word_1_164' title='bbox 2624 874 2675 925; x_wconf 91' lang='lat' dir='ltr'><strong>in</strong></span> <span class='ocrx_word' id='word_1_165' title='bbox 2704 874 2893 926; x_wconf 68' lang='lat' dir='ltr'><strong>smcula</strong></span> <span class='ocrx_word' id='word_1_166' title='bbox 2923 874 3259 929; x_wconf 71' lang='lat' dir='ltr'><strong>saeculorum.</strong></span> 
     </span>
    </p>
   </div>
   <div class='ocr_carea' id='block_1_24' title="bbox 2057 959 3557 1022">
    <p class='ocr_par' dir='ltr' id='par_1_24' title="bbox 2057 959 3557 1022">
     <span class='ocr_line' id='line_1_24' title="bbox 2057 959 3557 1022; baseline 0.005 -8"><span class='ocrx_word' id='word_1_167' title='bbox 2057 959 2185 1014; x_wconf 75' lang='lat' dir='ltr'><strong>CAP.</strong></span> <span class='ocrx_word' id='word_1_168' title='bbox 2216 960 2283 1014; x_wconf 84' lang='lat' dir='ltr'><strong>X.</strong></span> <span class='ocrx_word' id='word_1_169' title='bbox 2312 990 2378 1003; x_wconf 90' lang='lat'><strong>——</strong></span> <span class='ocrx_word' id='word_1_170' title='bbox 2410 962 2537 1016; x_wconf 82' lang='lat' dir='ltr'><strong>Post</strong></span> <span class='ocrx_word' id='word_1_171' title='bbox 2579 962 2675 1017; x_wconf 89' lang='lat' dir='ltr'><strong>hos</strong></span> <span class='ocrx_word' id='word_1_172' title='bbox 2698 978 2826 1015; x_wconf 87' lang='lat' dir='ltr'><strong>vero</strong></span> <span class='ocrx_word' id='word_1_173' title='bbox 2857 964 2971 1017; x_wconf 88' lang='lat' dir='ltr'><strong>dies</strong></span> <span class='ocrx_word' id='word_1_174' title='bbox 2999 979 3209 1018; x_wconf 89' lang='lat' dir='ltr'><strong>rursum</strong></span> <span class='ocrx_word' id='word_1_175' title='bbox 3240 966 3478 1021; x_wconf 78' lang='lat' dir='ltr'><strong>fecerunt</strong></span> <span class='ocrx_word' id='word_1_176' title='bbox 3506 969 3557 1022; x_wconf 88' lang='lat' dir='ltr'><strong>ei</strong></span> 
     </span>
    </p>
   </div>
   <div class='ocr_carea' id='block_1_25' title="bbox 1986 1050 3550 1129">
    <p class='ocr_par' dir='ltr' id='par_1_25' title="bbox 1986 1050 3550 1129">
     <span class='ocr_line' id='line_1_25' title="bbox 1986 1050 3550 1129; baseline 0.004 -25"><span class='ocrx_word' id='word_1_177' title='bbox 1986 1050 2287 1105; x_wconf 87' lang='lat' dir='ltr'><strong>columnam</strong></span> <span class='ocrx_word' id='word_1_178' title='bbox 2331 1052 2611 1107; x_wconf 86' lang='lat' dir='ltr'><strong>habentem</strong></span> <span class='ocrx_word' id='word_1_179' title='bbox 2662 1053 2868 1108; x_wconf 88' lang='lat' dir='ltr'><strong>cubitos</strong></span> <span class='ocrx_word' id='word_1_180' title='bbox 2914 1055 3280 1124; x_wconf 77' lang='lat' dir='ltr'><strong>quadraginta,</strong></span> <span class='ocrx_word' id='word_1_181' title='bbox 3314 1066 3369 1112; x_wconf 91' lang='lat' dir='ltr'><strong>et</strong></span> <span class='ocrx_word' id='word_1_182' title='bbox 3397 1061 3550 1129; x_wconf 76' lang='lat'><strong>173</strong></span> 
     </span>
    </p>
   </div>
   <div class='ocr_carea' id='block_1_26' title="bbox 1988 1144 3554 1216">
    <p class='ocr_par' dir='ltr' id='par_1_26' title="bbox 1988 1144 3554 1216">
     <span class='ocr_line' id='line_1_26' title="bbox 1988 1144 3554 1216; baseline 0.003 -19"><span class='ocrx_word' id='word_1_183' title='bbox 1988 1144 2136 1198; x_wconf 91' lang='lat' dir='ltr'><strong>stetit</strong></span> <span class='ocrx_word' id='word_1_184' title='bbox 2178 1159 2339 1211; x_wconf 86' lang='lat' dir='ltr'><strong>super</strong></span> <span class='ocrx_word' id='word_1_185' title='bbox 2384 1144 2550 1212; x_wconf 89' lang='lat' dir='ltr'><strong>ipsam</strong></span> <span class='ocrx_word' id='word_1_186' title='bbox 2599 1159 2768 1199; x_wconf 89' lang='lat' dir='ltr'><strong>annos</strong></span> <span class='ocrx_word' id='word_1_187' title='bbox 2794 1146 3027 1199; x_wconf 88' lang='lat' dir='ltr'><strong>sedecim</strong></span> <span class='ocrx_word' id='word_1_188' title='bbox 3058 1161 3224 1216; x_wconf 92' lang='lat' dir='ltr'><strong>usque</strong></span> <span class='ocrx_word' id='word_1_189' title='bbox 3254 1149 3319 1201; x_wconf 91' lang='lat' dir='ltr'><strong>ad</strong></span> <span class='ocrx_word' id='word_1_190' title='bbox 3349 1150 3554 1203; x_wconf 88' lang='lat' dir='ltr'><strong>obitum</strong></span> 
     </span>
    </p>
   </div>
   <div class='ocr_carea' id='block_1_27' title="bbox 1989 1232 3561 1301">
    <p class='ocr_par' dir='ltr' id='par_1_27' title="bbox 1989 1232 3561 1301">
     <span class='ocr_line' id='line_1_27' title="bbox 1989 1232 3561 1301; baseline 0.004 -17"><span class='ocrx_word' id='word_1_191' title='bbox 1989 1246 2164 1285; x_wconf 91' lang='lat' dir='ltr'><strong>suum.</strong></span> <span class='ocrx_word' id='word_1_192' title='bbox 2200 1232 2255 1285; x_wconf 90' lang='lat' dir='ltr'><strong>In</strong></span> <span class='ocrx_word' id='word_1_193' title='bbox 2278 1249 2381 1300; x_wconf 90' lang='lat' dir='ltr'><strong>quo</strong></span> <span class='ocrx_word' id='word_1_194' title='bbox 2404 1240 2645 1300; x_wconf 85' lang='lat' dir='ltr'><strong>tempore</strong></span> <span class='ocrx_word' id='word_1_195' title='bbox 2671 1233 2832 1286; x_wconf 89' lang='lat' dir='ltr'><strong>draco</strong></span> <span class='ocrx_word' id='word_1_196' title='bbox 2856 1233 3069 1301; x_wconf 81' lang='lat' dir='ltr'><strong>grandis</strong></span> <span class='ocrx_word' id='word_1_197' title='bbox 3098 1234 3255 1290; x_wconf 90' lang='lat' dir='ltr'><strong>nimis</strong></span> <span class='ocrx_word' id='word_1_198' title='bbox 3286 1235 3561 1292; x_wconf 86' lang='lat' dir='ltr'><strong>habitabat</strong></span> 
     </span>
    </p>
   </div>
   <div class='ocr_carea' id='block_1_28' title="bbox 1988 1320 3559 1389">
    <p class='ocr_par' dir='ltr' id='par_1_28' title="bbox 1988 1320 3559 1389">
     <span class='ocr_line' id='line_1_28' title="bbox 1988 1320 3559 1389; baseline 0.003 -18"><span class='ocrx_word' id='word_1_199' title='bbox 1988 1320 2137 1388; x_wconf 82' lang='lat' dir='ltr'><strong>juxta</strong></span> <span class='ocrx_word' id='word_1_200' title='bbox 2168 1336 2290 1374; x_wconf 88' lang='lat' dir='ltr'><strong>eum</strong></span> <span class='ocrx_word' id='word_1_201' title='bbox 2338 1320 2392 1374; x_wconf 88' lang='lat' dir='ltr'><strong>in</strong></span> <span class='ocrx_word' id='word_1_202' title='bbox 2443 1320 2683 1388; x_wconf 89' lang='lat' dir='ltr'><strong>partibus</strong></span> <span class='ocrx_word' id='word_1_203' title='bbox 2736 1322 3029 1389; x_wconf 79' lang='lat' dir='ltr'><strong>Aquilonis,</strong></span> <span class='ocrx_word' id='word_1_204' title='bbox 3063 1323 3203 1377; x_wconf 90' lang='lat' dir='ltr'><strong>unde</strong></span> <span class='ocrx_word' id='word_1_205' title='bbox 3250 1338 3349 1378; x_wconf 89' lang='lat' dir='ltr'><strong>nec</strong></span> <span class='ocrx_word' id='word_1_206' title='bbox 3395 1324 3559 1378; x_wconf 88' lang='lat' dir='ltr'><strong>herba</strong></span> 
     </span>
    </p>
   </div>
   <div class='ocr_carea' id='block_1_29' title="bbox 1993 1411 3562 1487">
    <p class='ocr_par' dir='ltr' id='par_1_29' title="bbox 1993 1411 3562 1487">
     <span class='ocr_line' id='line_1_29' title="bbox 1993 1411 3562 1487; baseline 0.006 -24"><span class='ocrx_word' id='word_1_207' title='bbox 1993 1411 2189 1465; x_wconf 89' lang='lat' dir='ltr'><strong>ibidem</strong></span> <span class='ocrx_word' id='word_1_208' title='bbox 2241 1413 2600 1476; x_wconf 74' lang='lat' dir='ltr'><strong>nascebatur,</strong></span> <span class='ocrx_word' id='word_1_209' title='bbox 2636 1414 2717 1466; x_wconf 84' lang='lat' dir='ltr'><strong>cui</strong></span> <span class='ocrx_word' id='word_1_210' title='bbox 2766 1416 2923 1467; x_wconf 86' lang='lat' dir='ltr'><strong>etiam</strong></span> <span class='ocrx_word' id='word_1_211' title='bbox 2988 1415 3203 1469; x_wconf 72' lang='lat' dir='ltr'><strong>intravit</strong></span> <span class='ocrx_word' id='word_1_212' title='bbox 3259 1415 3457 1487; x_wconf 83' lang='lat' dir='ltr'><strong>lignum</strong></span> <span class='ocrx_word' id='word_1_213' title='bbox 3509 1420 3562 1473; x_wconf 90' lang='lat' dir='ltr'><strong>in</strong></span> 
     </span>
    </p>
   </div>
   <div class='ocr_carea' id='block_1_30' title="bbox 1993 1504 3563 1573">
    <p class='ocr_par' dir='ltr' id='par_1_30' title="bbox 1993 1504 3563 1573">
     <span class='ocr_line' id='line_1_30' title="bbox 1993 1504 3563 1573; baseline 0.004 -17"><span class='ocrx_word' id='word_1_214' title='bbox 1993 1504 2147 1557; x_wconf 90' lang='lat' dir='ltr'><strong>oculo</strong></span> <span class='ocrx_word' id='word_1_215' title='bbox 2175 1504 2413 1557; x_wconf 81' lang='lat' dir='ltr'><strong>dextero.</strong></span> <span class='ocrx_word' id='word_1_216' title='bbox 2440 1505 2503 1557; x_wconf 83' lang='lat' dir='ltr'><strong>Et</strong></span> <span class='ocrx_word' id='word_1_217' title='bbox 2549 1519 2676 1558; x_wconf 87' lang='lat' dir='ltr'><strong>ecce</strong></span> <span class='ocrx_word' id='word_1_218' title='bbox 2727 1504 2951 1573; x_wconf 88' lang='lat' dir='ltr'><strong>quadam</strong></span> <span class='ocrx_word' id='word_1_219' title='bbox 3006 1506 3093 1560; x_wconf 91' lang='lat' dir='ltr'><strong>die</strong></span> <span class='ocrx_word' id='word_1_220' title='bbox 3121 1508 3366 1561; x_wconf 86' lang='lat' dir='ltr'><strong>veniebat</strong></span> <span class='ocrx_word' id='word_1_221' title='bbox 3388 1524 3563 1564; x_wconf 64' lang='lat' dir='ltr'><strong>eiectis</strong></span> 
     </span>
    </p>
   </div>
   <div class='ocr_carea' id='block_1_31' title="bbox 1996 1595 3562 1667">
    <p class='ocr_par' dir='ltr' id='par_1_31' title="bbox 1996 1595 3562 1667">
     <span class='ocr_line' id='line_1_31' title="bbox 1996 1595 3562 1667; baseline 0.007 -18"><span class='ocrx_word' id='word_1_222' title='bbox 1996 1595 2083 1651; x_wconf 88' lang='lat' dir='ltr'><strong>ille</strong></span> <span class='ocrx_word' id='word_1_223' title='bbox 2110 1599 2291 1660; x_wconf 89' lang='lat' dir='ltr'><strong>draco,</strong></span> <span class='ocrx_word' id='word_1_224' title='bbox 2318 1607 2371 1651; x_wconf 87' lang='lat' dir='ltr'><strong>et</strong></span> <span class='ocrx_word' id='word_1_225' title='bbox 2399 1599 2615 1651; x_wconf 85' lang='lat' dir='ltr'><strong>trahens</strong></span> <span class='ocrx_word' id='word_1_226' title='bbox 2650 1612 2709 1652; x_wconf 91' lang='lat' dir='ltr'><strong>se</strong></span> <span class='ocrx_word' id='word_1_227' title='bbox 2733 1600 2985 1667; x_wconf 79' lang='lat' dir='ltr'><strong>applicuit</strong></span> <span class='ocrx_word' id='word_1_228' title='bbox 3024 1601 3088 1652; x_wconf 92' lang='lat' dir='ltr'><strong>ad</strong></span> <span class='ocrx_word' id='word_1_229' title='bbox 3121 1600 3477 1659; x_wconf 75' lang='lat' dir='ltr'><strong>habitaculum</strong></span> <span class='ocrx_word' id='word_1_230' title='bbox 3509 1605 3562 1660; x_wconf 90' lang='lat' dir='ltr'><strong>in</strong></span> 
     </span>
    </p>
   </div>
   <div class='ocr_carea' id='block_1_32' title="bbox 1998 1689 3565 1763">
    <p class='ocr_par' dir='ltr' id='par_1_32' title="bbox 1998 1689 3565 1763">
     <span class='ocr_line' id='line_1_32' title="bbox 1998 1689 3565 1763; baseline 0.004 -21"><span class='ocrx_word' id='word_1_231' title='bbox 1998 1704 2103 1755; x_wconf 86' lang='lat' dir='ltr'><strong>quo</strong></span> <span class='ocrx_word' id='word_1_232' title='bbox 2151 1690 2231 1742; x_wconf 91' lang='lat' dir='ltr'><strong>vir</strong></span> <span class='ocrx_word' id='word_1_233' title='bbox 2288 1690 2379 1743; x_wconf 89' lang='lat' dir='ltr'><strong>Dei</strong></span> <span class='ocrx_word' id='word_1_234' title='bbox 2420 1689 2745 1754; x_wconf 89' lang='lat' dir='ltr'><strong>morabatur,</strong></span> <span class='ocrx_word' id='word_1_235' title='bbox 2789 1699 2929 1743; x_wconf 90' lang='lat' dir='ltr'><strong>totus</strong></span> <span class='ocrx_word' id='word_1_236' title='bbox 2961 1692 3010 1743; x_wconf 89' lang='lat' dir='ltr'><strong>in</strong></span> <span class='ocrx_word' id='word_1_237' title='bbox 3043 1707 3231 1759; x_wconf 69' lang='lat' dir='ltr'><strong>gyrum</strong></span> <span class='ocrx_word' id='word_1_238' title='bbox 3258 1709 3316 1747; x_wconf 89' lang='lat' dir='ltr'><strong>se</strong></span> <span class='ocrx_word' id='word_1_239' title='bbox 3343 1697 3565 1763; x_wconf 88' lang='lat' dir='ltr'><strong>compli-</strong></span> 
     </span>
    </p>
   </div>
   <div class='ocr_carea' id='block_1_33' title="bbox 311 1769 3564 1853">
    <p class='ocr_par' dir='ltr' id='par_1_33' title="bbox 311 1769 3564 1853">
     <span class='ocr_line' id='line_1_33' title="bbox 311 1769 3564 1853; baseline 0 -15"><span class='ocrx_word' id='word_1_240' title='bbox 311 1785 405 1836; x_wconf 86' lang='lat' dir='ltr'><strong>bus</strong></span> <span class='ocrx_word' id='word_1_241' title='bbox 426 1783 549 1835; x_wconf 73' lang='lat' dir='ltr'><strong>vita:</strong></span> <span class='ocrx_word' id='word_1_242' title='bbox 584 1789 710 1834; x_wconf 64' lang='lat' dir='ltr'><strong>tum.</strong></span> <span class='ocrx_word' id='word_1_243' title='bbox 731 1780 797 1832; x_wconf 78' lang='lat' dir='ltr'><strong>Et</strong></span> <span class='ocrx_word' id='word_1_244' title='bbox 826 1777 895 1830; x_wconf 78' lang='lat' dir='ltr'><strong>ila</strong></span> <span class='ocrx_word' id='word_1_245' title='bbox 925 1778 1196 1845; x_wconf 67' lang='lat' dir='ltr'><strong>ingressus</strong></span> <span class='ocrx_word' id='word_1_246' title='bbox 1246 1782 1330 1828; x_wconf 74' lang='grc' dir='ltr'><strong>εει</strong></span> <span class='ocrx_word' id='word_1_247' title='bbox 1365 1772 1529 1825; x_wconf 56' lang='grc' dir='ltr'><strong>Ἀθηιο</strong></span> <span class='ocrx_word' id='word_1_248' title='bbox 1575 1771 1664 1825; x_wconf 67' lang='lat' dir='ltr'><strong>ille</strong></span> <span class='ocrx_word' id='word_1_249' title='bbox 1710 1769 1896 1838; x_wconf 69' lang='lat' dir='ltr'><strong>Plenus</strong></span> <span class='ocrx_word' id='word_1_250' title='bbox 1926 1782 1971 1842; x_wconf 81' lang='grc' dir='ltr'><strong>Β</strong></span> <span class='ocrx_word' id='word_1_251' title='bbox 1998 1792 2147 1841; x_wconf 86' lang='lat' dir='ltr'><strong>cans.</strong></span> <span class='ocrx_word' id='word_1_252' title='bbox 2170 1778 2319 1846; x_wconf 89' lang='lat' dir='ltr'><strong>quasi</strong></span> <span class='ocrx_word' id='word_1_253' title='bbox 2342 1778 2550 1832; x_wconf 89' lang='lat' dir='ltr'><strong>veniam</strong></span> <span class='ocrx_word' id='word_1_254' title='bbox 2582 1793 2826 1847; x_wconf 86' lang='lat' dir='ltr'><strong>poscens,</strong></span> <span class='ocrx_word' id='word_1_255' title='bbox 2857 1779 3238 1851; x_wconf 80' lang='lat' dir='ltr'><strong>humiliatoque</strong></span> <span class='ocrx_word' id='word_1_256' title='bbox 3285 1785 3457 1852; x_wconf 81' lang='lat' dir='ltr'><strong>capite</strong></span> <span class='ocrx_word' id='word_1_257' title='bbox 3482 1784 3564 1853; x_wconf 86' lang='lat' dir='ltr'><strong>ja-</strong></span> 
     </span>
    </p>
   </div>
   <div class='ocr_carea' id='block_1_34' title="bbox 314 1874 431 1927">
    <p class='ocr_par' dir='ltr' id='par_1_34' title="bbox 314 1874 431 1927">
     <span class='ocr_line' id='line_1_34' title="bbox 314 1874 431 1927; baseline 0.026 -3"><span class='ocrx_word' id='word_1_258' title='bbox 314 1874 431 1927; x_wconf 71' lang='lat' dir='ltr'><strong>ﬁde.</strong></span> 
     </span>
    </p>
   </div>
   <div class='ocr_carea' id='block_1_35' title="bbox 379 1950 1894 2023">
    <p class='ocr_par' dir='ltr' id='par_1_35' title="bbox 379 1950 1894 2023">
     <span class='ocr_line' id='line_1_35' title="bbox 379 1950 1894 2023; baseline -0.009 -6"><span class='ocrx_word' id='word_1_259' title='bbox 379 1966 506 2018; x_wconf 66' lang='lat' dir='ltr'><strong>Cu.</strong></span> <span class='ocrx_word' id='word_1_260' title='bbox 538 1961 628 2016; x_wconf 75' lang='lat' dir='ltr'><strong>IX.</strong></span> <span class='ocrx_word' id='word_1_261' title='bbox 651 1989 722 2001; x_wconf 93' lang='lat'><em>-</em></span> <span class='ocrx_word' id='word_1_262' title='bbox 744 1960 872 2013; x_wconf 82' lang='lat' dir='ltr'><strong>Post</strong></span> <span class='ocrx_word' id='word_1_263' title='bbox 925 1958 1156 2012; x_wconf 91' lang='lat' dir='ltr'><strong>multum</strong></span> <span class='ocrx_word' id='word_1_264' title='bbox 1203 1970 1334 2010; x_wconf 92' lang='lat' dir='ltr'><strong>vero</strong></span> <span class='ocrx_word' id='word_1_265' title='bbox 1363 1953 1634 2023; x_wconf 85' lang='lat' dir='ltr'><strong>temporis,</strong></span> <span class='ocrx_word' id='word_1_266' title='bbox 1669 1950 1894 2006; x_wconf 83' lang='lat' dir='ltr'><strong>audiens</strong></span> 
     </span>
    </p>
   </div>
   <div class='ocr_carea' id='block_1_36' title="bbox 314 2044 1892 2123">
    <p class='ocr_par' dir='ltr' id='par_1_36' title="bbox 314 2044 1892 2123">
     <span class='ocr_line' id='line_1_36' title="bbox 314 2044 1892 2123; baseline -0.007 -17"><span class='ocrx_word' id='word_1_267' title='bbox 314 2066 481 2107; x_wconf 66' lang='lat' dir='ltr'><strong>inatz-r</strong></span> <span class='ocrx_word' id='word_1_268' title='bbox 503 2052 617 2123; x_wconf 78' lang='lat' dir='ltr'><strong>(I5)</strong></span> <span class='ocrx_word' id='word_1_269' title='bbox 641 2051 756 2120; x_wconf 89' lang='lat' dir='ltr'><strong>ejus</strong></span> <span class='ocrx_word' id='word_1_270' title='bbox 811 2048 1005 2102; x_wconf 80' lang='lat' dir='ltr'><strong>famam</strong></span> <span class='ocrx_word' id='word_1_271' title='bbox 1056 2049 1124 2102; x_wconf 86' lang='lat' dir='ltr'><strong>de</strong></span> <span class='ocrx_word' id='word_1_272' title='bbox 1163 2063 1267 2108; x_wconf 90' lang='lat' dir='ltr'><strong>eo,</strong></span> <span class='ocrx_word' id='word_1_273' title='bbox 1299 2048 1447 2099; x_wconf 88' lang='lat' dir='ltr'><strong>venit</strong></span> <span class='ocrx_word' id='word_1_274' title='bbox 1504 2044 1685 2099; x_wconf 91' lang='lat' dir='ltr'><strong>videre</strong></span> <span class='ocrx_word' id='word_1_275' title='bbox 1728 2058 1892 2107; x_wconf 88' lang='lat' dir='ltr'><strong>eum;</strong></span> 
     </span>
    </p>
   </div>
   <div class='ocr_carea' id='block_1_37' title="bbox 316 2132 1890 2210">
    <p class='ocr_par' dir='ltr' id='par_1_37' title="bbox 316 2132 1890 2210">
     <span class='ocr_line' id='line_1_37' title="bbox 316 2132 1890 2210; baseline -0.008 -15"><span class='ocrx_word' id='word_1_276' title='bbox 316 2146 410 2197; x_wconf 75' lang='lat' dir='ltr'><strong>sed</strong></span> <span class='ocrx_word' id='word_1_277' title='bbox 471 2143 730 2210; x_wconf 75' lang='lat' dir='ltr'><strong>prohibita</strong></span> <span class='ocrx_word' id='word_1_278' title='bbox 787 2146 867 2192; x_wconf 90' lang='lat' dir='ltr'><strong>est</strong></span> <span class='ocrx_word' id='word_1_279' title='bbox 919 2136 1102 2189; x_wconf 83' lang='lat' dir='ltr'><strong>videre</strong></span> <span class='ocrx_word' id='word_1_280' title='bbox 1163 2136 1444 2204; x_wconf 89' lang='lat' dir='ltr'><strong>eum,quia</strong></span> <span class='ocrx_word' id='word_1_281' title='bbox 1508 2134 1686 2186; x_wconf 89' lang='lat' dir='ltr'><strong>locum</strong></span> <span class='ocrx_word' id='word_1_282' title='bbox 1746 2132 1890 2194; x_wconf 66' lang='lat' dir='ltr'><strong>illuni</strong></span> 
     </span>
    </p>
   </div>
   <div class='ocr_carea' id='block_1_38' title="bbox 324 2221 1900 2298">
    <p class='ocr_par' dir='ltr' id='par_1_38' title="bbox 324 2221 1900 2298">
     <span class='ocr_line' id='line_1_38' title="bbox 324 2221 1900 2298; baseline -0.008 -10"><span class='ocrx_word' id='word_1_283' title='bbox 324 2235 517 2288; x_wconf 83' lang='lat' dir='ltr'><strong>mulier</strong></span> <span class='ocrx_word' id='word_1_284' title='bbox 551 2248 654 2285; x_wconf 91' lang='lat' dir='ltr'><strong>non</strong></span> <span class='ocrx_word' id='word_1_285' title='bbox 675 2229 1062 2298; x_wconf 88' lang='lat' dir='ltr'><strong>ingrediebatur</strong></span> <span class='ocrx_word' id='word_1_286' title='bbox 1093 2226 1233 2296; x_wconf 74' lang='lat' dir='ltr'><strong>(I4).</strong></span> <span class='ocrx_word' id='word_1_287' title='bbox 1261 2226 1390 2281; x_wconf 86' lang='lat' dir='ltr'><strong>Cum</strong></span> <span class='ocrx_word' id='word_1_288' title='bbox 1437 2234 1612 2277; x_wconf 86' lang='lat' dir='ltr'><strong>autem</strong></span> <span class='ocrx_word' id='word_1_289' title='bbox 1658 2221 1900 2277; x_wconf 81' lang='lat' dir='ltr'><strong>audisset</strong></span> 
     </span>
    </p>
   </div>
   <div class='ocr_carea' id='block_1_39' title="bbox 325 2314 1895 2382">
    <p class='ocr_par' dir='ltr' id='par_1_39' title="bbox 325 2314 1895 2382">
     <span class='ocr_line' id='line_1_39' title="bbox 325 2314 1895 2382; baseline -0.006 -7"><span class='ocrx_word' id='word_1_290' title='bbox 325 2326 513 2376; x_wconf 86' lang='lat' dir='ltr'><strong>beatus</strong></span> <span class='ocrx_word' id='word_1_291' title='bbox 544 2322 759 2375; x_wconf 88' lang='lat' dir='ltr'><strong>Simeon</strong></span> <span class='ocrx_word' id='word_1_292' title='bbox 787 2334 965 2373; x_wconf 71' lang='lat' dir='ltr'><strong>vocem</strong></span> <span class='ocrx_word' id='word_1_293' title='bbox 1001 2319 1184 2371; x_wconf 89' lang='lat' dir='ltr'><strong>matris</strong></span> <span class='ocrx_word' id='word_1_294' title='bbox 1210 2332 1344 2382; x_wconf 72' lang='lat' dir='ltr'><strong>suae,</strong></span> <span class='ocrx_word' id='word_1_295' title='bbox 1378 2316 1511 2370; x_wconf 93' lang='lat' dir='ltr'><strong>dixit</strong></span> <span class='ocrx_word' id='word_1_296' title='bbox 1539 2317 1585 2368; x_wconf 90' lang='lat' dir='ltr'><strong>ei</strong></span> <span class='ocrx_word' id='word_1_297' title='bbox 1621 2332 1635 2367; x_wconf 87' lang='lat'><strong>:</strong></span> <span class='ocrx_word' id='word_1_298' title='bbox 1663 2314 1895 2379; x_wconf 88' lang='lat' dir='ltr'><strong>Sustine,</strong></span> 
     </span>
    </p>
   </div>
   <div class='ocr_carea' id='block_1_40' title="bbox 318 2403 1902 2482">
    <p class='ocr_par' dir='ltr' id='par_1_40' title="bbox 318 2403 1902 2482">
     <span class='ocr_line' id='line_1_40' title="bbox 318 2403 1902 2482; baseline -0.008 -13"><span class='ocrx_word' id='word_1_299' title='bbox 318 2424 526 2469; x_wconf 87' lang='lat' dir='ltr'><strong>mater.</strong></span> <span class='ocrx_word' id='word_1_300' title='bbox 570 2412 831 2466; x_wconf 91' lang='lat' dir='ltr'><strong>modicum</strong></span> <span class='ocrx_word' id='word_1_301' title='bbox 898 2418 1150 2475; x_wconf 87' lang='lat' dir='ltr'><strong>tempus,</strong></span> <span class='ocrx_word' id='word_1_302' title='bbox 1211 2418 1266 2463; x_wconf 91' lang='lat' dir='ltr'><strong>et</strong></span> <span class='ocrx_word' id='word_1_303' title='bbox 1325 2406 1487 2482; x_wconf 74' lang='lat' dir='ltr'><strong>simul</strong></span> <span class='ocrx_word' id='word_1_304' title='bbox 1548 2418 1646 2458; x_wconf 91' lang='lat' dir='ltr'><strong>nos</strong></span> <span class='ocrx_word' id='word_1_305' title='bbox 1698 2403 1902 2458; x_wconf 90' lang='lat' dir='ltr'><strong>videbi-</strong></span> 
     </span>
    </p>
   </div>
   <div class='ocr_carea' id='block_1_41' title="bbox 321 2494 1902 2570">
    <p class='ocr_par' dir='ltr' id='par_1_41' title="bbox 321 2494 1902 2570">
     <span class='ocr_line' id='line_1_41' title="bbox 321 2494 1902 2570; baseline -0.007 -12"><span class='ocrx_word' id='word_1_306' title='bbox 321 2521 458 2570; x_wconf 88' lang='lat' dir='ltr'><strong>mus,</strong></span> <span class='ocrx_word' id='word_1_307' title='bbox 484 2509 527 2557; x_wconf 90' lang='lat' dir='ltr'><strong>si</strong></span> <span class='ocrx_word' id='word_1_308' title='bbox 590 2503 727 2556; x_wconf 90' lang='lat' dir='ltr'><strong>Deus</strong></span> <span class='ocrx_word' id='word_1_309' title='bbox 780 2500 1027 2556; x_wconf 87' lang='lat' dir='ltr'><strong>voluerit.</strong></span> <span class='ocrx_word' id='word_1_310' title='bbox 1082 2502 1150 2553; x_wconf 86' lang='lat' dir='ltr'><strong>At</strong></span> <span class='ocrx_word' id='word_1_311' title='bbox 1180 2498 1268 2553; x_wconf 90' lang='lat' dir='ltr'><strong>illa</strong></span> <span class='ocrx_word' id='word_1_312' title='bbox 1319 2498 1438 2552; x_wconf 57' lang='lat' dir='ltr'><strong>hac</strong></span> <span class='ocrx_word' id='word_1_313' title='bbox 1489 2495 1733 2561; x_wconf 86' lang='lat' dir='ltr'><strong>audiens,</strong></span> <span class='ocrx_word' id='word_1_314' title='bbox 1768 2494 1902 2548; x_wconf 80' lang='lat' dir='ltr'><strong>ﬂere</strong></span> 
     </span>
    </p>
   </div>
   <div class='ocr_carea' id='block_1_42' title="bbox 322 2584 1896 2664">
    <p class='ocr_par' dir='ltr' id='par_1_42' title="bbox 322 2584 1896 2664">
     <span class='ocr_line' id='line_1_42' title="bbox 322 2584 1896 2664; baseline -0.009 -14"><span class='ocrx_word' id='word_1_315' title='bbox 322 2604 500 2664; x_wconf 76' lang='lat' dir='ltr'><strong>coepit,</strong></span> <span class='ocrx_word' id='word_1_316' title='bbox 527 2605 583 2648; x_wconf 90' lang='lat' dir='ltr'><strong>et</strong></span> <span class='ocrx_word' id='word_1_317' title='bbox 631 2606 822 2661; x_wconf 84' lang='lat' dir='ltr'><strong>rogare</strong></span> <span class='ocrx_word' id='word_1_318' title='bbox 857 2602 913 2645; x_wconf 92' lang='lat' dir='ltr'><strong>ut</strong></span> <span class='ocrx_word' id='word_1_319' title='bbox 946 2606 1067 2645; x_wconf 89' lang='lat' dir='ltr'><strong>eum</strong></span> <span class='ocrx_word' id='word_1_320' title='bbox 1091 2590 1319 2653; x_wconf 85' lang='lat' dir='ltr'><strong>videret,</strong></span> <span class='ocrx_word' id='word_1_321' title='bbox 1345 2597 1399 2642; x_wconf 91' lang='lat' dir='ltr'><strong>et</strong></span> <span class='ocrx_word' id='word_1_322' title='bbox 1425 2586 1611 2641; x_wconf 89' lang='lat' dir='ltr'><strong>solutis</strong></span> <span class='ocrx_word' id='word_1_323' title='bbox 1639 2584 1896 2648; x_wconf 88' lang='lat' dir='ltr'><strong>crinibus,</strong></span> 
     </span>
    </p>
   </div>
   <div class='ocr_carea' id='block_1_43' title="bbox 327 2668 1904 2750">
    <p class='ocr_par' dir='ltr' id='par_1_43' title="bbox 327 2668 1904 2750">
     <span class='ocr_line' id='line_1_43' title="bbox 327 2668 1904 2750; baseline -0.01 -13"><span class='ocrx_word' id='word_1_324' title='bbox 327 2682 632 2750; x_wconf 87' lang='lat' dir='ltr'><strong>increpabat</strong></span> <span class='ocrx_word' id='word_1_325' title='bbox 680 2694 801 2734; x_wconf 89' lang='lat' dir='ltr'><strong>eum</strong></span> <span class='ocrx_word' id='word_1_326' title='bbox 826 2718 841 2742; x_wconf 95' lang='lat'><strong>,</strong></span> <span class='ocrx_word' id='word_1_327' title='bbox 874 2678 1058 2732; x_wconf 81' lang='lat' dir='ltr'><strong>dicens</strong></span> <span class='ocrx_word' id='word_1_328' title='bbox 1091 2694 1105 2731; x_wconf 88' lang='lat'><strong>:</strong></span> <span class='ocrx_word' id='word_1_329' title='bbox 1142 2677 1275 2743; x_wconf 88' lang='lat' dir='ltr'><strong>Fili,</strong></span> <span class='ocrx_word' id='word_1_330' title='bbox 1316 2688 1479 2743; x_wconf 86' lang='lat' dir='ltr'><strong>quare</strong></span> <span class='ocrx_word' id='word_1_331' title='bbox 1536 2673 1638 2726; x_wconf 90' lang='lat' dir='ltr'><strong>hoc</strong></span> <span class='ocrx_word' id='word_1_332' title='bbox 1684 2668 1904 2724; x_wconf 75' lang='lat' dir='ltr'><strong>fecisti?</strong></span> 
     </span>
    </p>
   </div>
   <div class='ocr_carea' id='block_1_44' title="bbox 331 2764 1907 2841">
    <p class='ocr_par' dir='ltr' id='par_1_44' title="bbox 331 2764 1907 2841">
     <span class='ocr_line' id='line_1_44' title="bbox 331 2764 1907 2841; baseline -0.008 -14"><span class='ocrx_word' id='word_1_333' title='bbox 331 2787 422 2841; x_wconf 73' lang='lat' dir='ltr'><strong>pro</strong></span> <span class='ocrx_word' id='word_1_334' title='bbox 477 2784 631 2826; x_wconf 91' lang='lat' dir='ltr'><strong>utero</strong></span> <span class='ocrx_word' id='word_1_335' title='bbox 662 2786 768 2839; x_wconf 91' lang='lat' dir='ltr'><strong>quo</strong></span> <span class='ocrx_word' id='word_1_336' title='bbox 795 2780 845 2823; x_wconf 84' lang='lat' dir='ltr'><strong>te</strong></span> <span class='ocrx_word' id='word_1_337' title='bbox 874 2771 1103 2837; x_wconf 87' lang='lat' dir='ltr'><strong>portavi,</strong></span> <span class='ocrx_word' id='word_1_338' title='bbox 1135 2768 1337 2821; x_wconf 89' lang='lat' dir='ltr'><strong>satiasti</strong></span> <span class='ocrx_word' id='word_1_339' title='bbox 1360 2780 1447 2820; x_wconf 91' lang='lat' dir='ltr'><strong>me</strong></span> <span class='ocrx_word' id='word_1_340' title='bbox 1473 2765 1651 2830; x_wconf 87' lang='lat' dir='ltr'><strong>luctu;</strong></span> <span class='ocrx_word' id='word_1_341' title='bbox 1684 2779 1780 2831; x_wconf 90' lang='lat' dir='ltr'><strong>pro</strong></span> <span class='ocrx_word' id='word_1_342' title='bbox 1829 2764 1907 2816; x_wconf 90' lang='lat' dir='ltr'><strong>la-</strong></span> 
     </span>
    </p>
   </div>
   <div class='ocr_carea' id='block_1_45' title="bbox 326 2856 1906 2934">
    <p class='ocr_par' dir='ltr' id='par_1_45' title="bbox 326 2856 1906 2934">
     <span class='ocr_line' id='line_1_45' title="bbox 326 2856 1906 2934; baseline -0.008 -14"><span class='ocrx_word' id='word_1_343' title='bbox 326 2867 557 2920; x_wconf 86' lang='lat' dir='ltr'><strong>ctatione</strong></span> <span class='ocrx_word' id='word_1_344' title='bbox 587 2881 692 2934; x_wconf 89' lang='lat' dir='ltr'><strong>qua</strong></span> <span class='ocrx_word' id='word_1_345' title='bbox 728 2876 780 2920; x_wconf 90' lang='lat' dir='ltr'><strong>te</strong></span> <span class='ocrx_word' id='word_1_346' title='bbox 825 2866 1016 2918; x_wconf 87' lang='lat' dir='ltr'><strong>lactavi</strong></span> <span class='ocrx_word' id='word_1_347' title='bbox 1037 2903 1051 2926; x_wconf 92' lang='lat'><strong>,</strong></span> <span class='ocrx_word' id='word_1_348' title='bbox 1081 2860 1272 2916; x_wconf 87' lang='lat' dir='ltr'><strong>dedisti</strong></span> <span class='ocrx_word' id='word_1_349' title='bbox 1303 2857 1432 2912; x_wconf 89' lang='lat' dir='ltr'><strong>mihi</strong></span> <span class='ocrx_word' id='word_1_350' title='bbox 1462 2856 1763 2927; x_wconf 83' lang='lat' dir='ltr'><strong>laerymas;</strong></span> <span class='ocrx_word' id='word_1_351' title='bbox 1812 2870 1906 2923; x_wconf 90' lang='lat' dir='ltr'><strong>pro</strong></span> 
     </span>
    </p>
   </div>
   <div class='ocr_carea' id='block_1_46' title="bbox 332 2949 1909 3023">
    <p class='ocr_par' dir='ltr' id='par_1_46' title="bbox 332 2949 1909 3023">
     <span class='ocr_line' id='line_1_46' title="bbox 332 2949 1909 3023; baseline -0.004 -17"><span class='ocrx_word' id='word_1_352' title='bbox 332 2957 509 3009; x_wconf 86' lang='lat' dir='ltr'><strong>osculo</strong></span> <span class='ocrx_word' id='word_1_353' title='bbox 533 2972 641 3023; x_wconf 89' lang='lat' dir='ltr'><strong>quo</strong></span> <span class='ocrx_word' id='word_1_354' title='bbox 666 2965 717 3008; x_wconf 92' lang='lat' dir='ltr'><strong>te</strong></span> <span class='ocrx_word' id='word_1_355' title='bbox 747 2953 985 3009; x_wconf 90' lang='lat' dir='ltr'><strong>osculata</strong></span> <span class='ocrx_word' id='word_1_356' title='bbox 1009 2967 1149 3015; x_wconf 86' lang='lat' dir='ltr'><strong>sum,</strong></span> <span class='ocrx_word' id='word_1_357' title='bbox 1176 2949 1367 3003; x_wconf 89' lang='lat' dir='ltr'><strong>dedisti</strong></span> <span class='ocrx_word' id='word_1_358' title='bbox 1402 2949 1531 3002; x_wconf 90' lang='lat' dir='ltr'><strong>mihi</strong></span> <span class='ocrx_word' id='word_1_359' title='bbox 1559 2960 1768 3001; x_wconf 88' lang='lat' dir='ltr'><strong>amaras</strong></span> <span class='ocrx_word' id='word_1_360' title='bbox 1791 2961 1909 3001; x_wconf 88' lang='lat' dir='ltr'><strong>cor-</strong></span> 
     </span>
    </p>
   </div>
   <div class='ocr_carea' id='block_1_47' title="bbox 331 3043 1905 3117">
    <p class='ocr_par' dir='ltr' id='par_1_47' title="bbox 331 3043 1905 3117">
     <span class='ocr_line' id='line_1_47' title="bbox 331 3043 1905 3117; baseline -0.004 -17"><span class='ocrx_word' id='word_1_361' title='bbox 331 3050 413 3103; x_wconf 77' lang='lat' dir='ltr'><strong>dis</strong></span> <span class='ocrx_word' id='word_1_362' title='bbox 441 3050 742 3117; x_wconf 81' lang='lat' dir='ltr'><strong>angustias;</strong></span> <span class='ocrx_word' id='word_1_363' title='bbox 775 3063 869 3115; x_wconf 93' lang='lat' dir='ltr'><strong>pro</strong></span> <span class='ocrx_word' id='word_1_364' title='bbox 893 3045 1081 3099; x_wconf 88' lang='lat' dir='ltr'><strong>dolore</strong></span> <span class='ocrx_word' id='word_1_365' title='bbox 1109 3054 1163 3097; x_wconf 91' lang='lat' dir='ltr'><strong>et</strong></span> <span class='ocrx_word' id='word_1_366' title='bbox 1194 3043 1374 3097; x_wconf 87' lang='lat' dir='ltr'><strong>labore</strong></span> <span class='ocrx_word' id='word_1_367' title='bbox 1403 3055 1560 3111; x_wconf 89' lang='lat' dir='ltr'><strong>quem</strong></span> <span class='ocrx_word' id='word_1_368' title='bbox 1594 3055 1744 3108; x_wconf 88' lang='lat' dir='ltr'><strong>passa</strong></span> <span class='ocrx_word' id='word_1_369' title='bbox 1767 3054 1905 3104; x_wconf 90' lang='lat' dir='ltr'><strong>sum,</strong></span> 
     </span>
    </p>
   </div>
   <div class='ocr_carea' id='block_1_48' title="bbox 1995 1866 3569 1933">
    <p class='ocr_par' dir='ltr' id='par_1_48' title="bbox 1995 1866 3569 1933">
     <span class='ocr_line' id='line_1_48' title="bbox 1995 1866 3569 1933; baseline 0.005 -12"><span class='ocrx_word' id='word_1_370' title='bbox 1995 1866 2168 1921; x_wconf 90' lang='lat' dir='ltr'><strong>cebat.</strong></span> <span class='ocrx_word' id='word_1_371' title='bbox 2199 1866 2368 1933; x_wconf 87' lang='lat' dir='ltr'><strong>Quem</strong></span> <span class='ocrx_word' id='word_1_372' title='bbox 2422 1866 2579 1922; x_wconf 88' lang='lat' dir='ltr'><strong>beato</strong></span> <span class='ocrx_word' id='word_1_373' title='bbox 2628 1867 2876 1923; x_wconf 83' lang='lat' dir='ltr'><strong>Simeone</strong></span> <span class='ocrx_word' id='word_1_374' title='bbox 2913 1870 3166 1932; x_wconf 83' lang='lat' dir='ltr'><strong>intuente,</strong></span> <span class='ocrx_word' id='word_1_375' title='bbox 3196 1876 3375 1926; x_wconf 89' lang='lat' dir='ltr'><strong>statim</strong></span> <span class='ocrx_word' id='word_1_376' title='bbox 3405 1876 3569 1929; x_wconf 84' lang='lat' dir='ltr'><strong>exivit</strong></span> 
     </span>
    </p>
   </div>
   <div class='ocr_carea' id='block_1_49' title="bbox 1995 1959 3570 2029">
    <p class='ocr_par' dir='ltr' id='par_1_49' title="bbox 1995 1959 3570 2029">
     <span class='ocr_line' id='line_1_49' title="bbox 1995 1959 3570 2029; baseline 0.005 -16"><span class='ocrx_word' id='word_1_377' title='bbox 1995 1959 2065 2013; x_wconf 88' lang='lat' dir='ltr'><strong>de</strong></span> <span class='ocrx_word' id='word_1_378' title='bbox 2090 1959 2246 2013; x_wconf 93' lang='lat' dir='ltr'><strong>oculo</strong></span> <span class='ocrx_word' id='word_1_379' title='bbox 2271 1959 2386 2028; x_wconf 85' lang='lat' dir='ltr'><strong>ejus</strong></span> <span class='ocrx_word' id='word_1_380' title='bbox 2407 1960 2604 2029; x_wconf 86' lang='lat' dir='ltr'><strong>lignum</strong></span> <span class='ocrx_word' id='word_1_381' title='bbox 2626 1960 2825 2015; x_wconf 87' lang='lat' dir='ltr'><strong>habens</strong></span> <span class='ocrx_word' id='word_1_382' title='bbox 2854 1962 3085 2015; x_wconf 89' lang='lat' dir='ltr'><strong>cubitum</strong></span> <span class='ocrx_word' id='word_1_383' title='bbox 3110 1980 3293 2019; x_wconf 89' lang='lat' dir='ltr'><strong>unum.</strong></span> <span class='ocrx_word' id='word_1_384' title='bbox 3315 1967 3570 2021; x_wconf 77' lang='lat' dir='ltr'><strong>Videntes</strong></span> 
     </span>
    </p>
   </div>
   <div class='ocr_carea' id='block_1_50' title="bbox 1997 2050 3572 2119">
    <p class='ocr_par' dir='ltr' id='par_1_50' title="bbox 1997 2050 3572 2119">
     <span class='ocr_line' id='line_1_50' title="bbox 1997 2050 3572 2119; baseline 0.006 -17"><span class='ocrx_word' id='word_1_385' title='bbox 1997 2058 2174 2103; x_wconf 90' lang='lat' dir='ltr'><strong>autem</strong></span> <span class='ocrx_word' id='word_1_386' title='bbox 2203 2064 2412 2113; x_wconf 90' lang='lat' dir='ltr'><strong>omnes,</strong></span> <span class='ocrx_word' id='word_1_387' title='bbox 2442 2050 2878 2119; x_wconf 76' lang='lat' dir='ltr'><strong>gloriﬁcaverunt</strong></span> <span class='ocrx_word' id='word_1_388' title='bbox 2900 2052 3085 2117; x_wconf 90' lang='lat' dir='ltr'><strong>Deum,</strong></span> <span class='ocrx_word' id='word_1_389' title='bbox 3118 2066 3290 2109; x_wconf 90' lang='lat' dir='ltr'><strong>tamen</strong></span> <span class='ocrx_word' id='word_1_390' title='bbox 3315 2057 3380 2109; x_wconf 91' lang='lat' dir='ltr'><strong>ab</strong></span> <span class='ocrx_word' id='word_1_391' title='bbox 3401 2072 3466 2111; x_wconf 90' lang='lat' dir='ltr'><strong>eo</strong></span> <span class='ocrx_word' id='word_1_392' title='bbox 3492 2059 3572 2112; x_wconf 79' lang='lat' dir='ltr'><strong>fu-</strong></span> 
     </span>
    </p>
   </div>
   <div class='ocr_carea' id='block_1_51' title="bbox 1996 2140 3573 2210">
    <p class='ocr_par' dir='ltr' id='par_1_51' title="bbox 1996 2140 3573 2210">
     <span class='ocr_line' id='line_1_51' title="bbox 1996 2140 3573 2210; baseline 0.004 -16"><span class='ocrx_word' id='word_1_393' title='bbox 1996 2149 2187 2209; x_wconf 90' lang='lat' dir='ltr'><strong>gerunt</strong></span> <span class='ocrx_word' id='word_1_394' title='bbox 2216 2150 2437 2209; x_wconf 86' lang='lat' dir='ltr'><strong>propter</strong></span> <span class='ocrx_word' id='word_1_395' title='bbox 2467 2149 2689 2193; x_wconf 88' lang='lat' dir='ltr'><strong>metum.</strong></span> <span class='ocrx_word' id='word_1_396' title='bbox 2718 2140 2821 2196; x_wconf 88' lang='lat' dir='ltr'><strong>Sed</strong></span> <span class='ocrx_word' id='word_1_397' title='bbox 2847 2142 3013 2196; x_wconf 91' lang='lat' dir='ltr'><strong>bestia</strong></span> <span class='ocrx_word' id='word_1_398' title='bbox 3037 2143 3148 2210; x_wconf 86' lang='lat' dir='ltr'><strong>ipsa</strong></span> <span class='ocrx_word' id='word_1_399' title='bbox 3177 2145 3492 2210; x_wconf 88' lang='lat' dir='ltr'><strong>involvitse,</strong></span> <span class='ocrx_word' id='word_1_400' title='bbox 3516 2154 3573 2201; x_wconf 89' lang='lat' dir='ltr'><strong>et</strong></span> 
     </span>
    </p>
   </div>
   <div class='ocr_carea' id='block_1_52' title="bbox 2000 2231 3573 2304">
    <p class='ocr_par' dir='ltr' id='par_1_52' title="bbox 2000 2231 3573 2304">
     <span class='ocr_line' id='line_1_52' title="bbox 2000 2231 3573 2304; baseline 0.003 -20"><span class='ocrx_word' id='word_1_401' title='bbox 2000 2232 2195 2285; x_wconf 86' lang='lat' dir='ltr'><strong>mansit</strong></span> <span class='ocrx_word' id='word_1_402' title='bbox 2220 2232 2271 2285; x_wconf 90' lang='lat' dir='ltr'><strong>in</strong></span> <span class='ocrx_word' id='word_1_403' title='bbox 2298 2246 2403 2285; x_wconf 94' lang='lat' dir='ltr'><strong>uno</strong></span> <span class='ocrx_word' id='word_1_404' title='bbox 2425 2232 2542 2286; x_wconf 88' lang='lat' dir='ltr'><strong>loco</strong></span> <span class='ocrx_word' id='word_1_405' title='bbox 2564 2231 2871 2296; x_wconf 88' lang='lat' dir='ltr'><strong>immobilis,</strong></span> <span class='ocrx_word' id='word_1_406' title='bbox 2896 2234 3127 2301; x_wconf 86' lang='lat' dir='ltr'><strong>quandiu</strong></span> <span class='ocrx_word' id='word_1_407' title='bbox 3152 2235 3325 2287; x_wconf 84' lang='lat' dir='ltr'><strong>omnis</strong></span> <span class='ocrx_word' id='word_1_408' title='bbox 3348 2238 3573 2304; x_wconf 85' lang='lat' dir='ltr'><strong>populus</strong></span> 
     </span>
    </p>
   </div>
   <div class='ocr_carea' id='block_1_53' title="bbox 2000 2321 3574 2391">
    <p class='ocr_par' dir='ltr' id='par_1_53' title="bbox 2000 2321 3574 2391">
     <span class='ocr_line' id='line_1_53' title="bbox 2000 2321 3574 2391; baseline 0.004 -17"><span class='ocrx_word' id='word_1_409' title='bbox 2000 2323 2367 2389; x_wconf 86' lang='lat' dir='ltr'><strong>pertransiret.</strong></span> <span class='ocrx_word' id='word_1_410' title='bbox 2392 2321 2595 2375; x_wconf 87' lang='lat' dir='ltr'><strong>Deinde</strong></span> <span class='ocrx_word' id='word_1_411' title='bbox 2622 2337 2866 2391; x_wconf 85' lang='lat' dir='ltr'><strong>surgens,</strong></span> <span class='ocrx_word' id='word_1_412' title='bbox 2900 2323 3141 2377; x_wconf 87' lang='lat' dir='ltr'><strong>adoravit</strong></span> <span class='ocrx_word' id='word_1_413' title='bbox 3173 2329 3365 2379; x_wconf 88' lang='lat' dir='ltr'><strong>ostium</strong></span> <span class='ocrx_word' id='word_1_414' title='bbox 3390 2342 3574 2381; x_wconf 88' lang='lat' dir='ltr'><strong>mona-</strong></span> 
     </span>
    </p>
   </div>
   <div class='ocr_carea' id='block_1_54' title="bbox 2000 2411 3572 2479">
    <p class='ocr_par' dir='ltr' id='par_1_54' title="bbox 2000 2411 3572 2479">
     <span class='ocr_line' id='line_1_54' title="bbox 2000 2411 3572 2479; baseline 0.004 -14"><span class='ocrx_word' id='word_1_415' title='bbox 2000 2411 2148 2467; x_wconf 90' lang='lat' dir='ltr'><strong>sterii</strong></span> <span class='ocrx_word' id='word_1_416' title='bbox 2177 2411 2287 2465; x_wconf 79' lang='lat' dir='ltr'><strong>fere</strong></span> <span class='ocrx_word' id='word_1_417' title='bbox 2315 2426 2411 2479; x_wconf 90' lang='lat' dir='ltr'><strong>per</strong></span> <span class='ocrx_word' id='word_1_418' title='bbox 2437 2411 2568 2464; x_wconf 90' lang='lat' dir='ltr'><strong>duas</strong></span> <span class='ocrx_word' id='word_1_419' title='bbox 2595 2411 2773 2475; x_wconf 90' lang='lat' dir='ltr'><strong>horas,</strong></span> <span class='ocrx_word' id='word_1_420' title='bbox 2797 2420 2852 2465; x_wconf 91' lang='lat' dir='ltr'><strong>et</strong></span> <span class='ocrx_word' id='word_1_421' title='bbox 2877 2413 2954 2466; x_wconf 91' lang='lat' dir='ltr'><strong>sic</strong></span> <span class='ocrx_word' id='word_1_422' title='bbox 2982 2428 3193 2468; x_wconf 81' lang='lat' dir='ltr'><strong>reversa</strong></span> <span class='ocrx_word' id='word_1_423' title='bbox 3214 2424 3294 2469; x_wconf 88' lang='lat' dir='ltr'><strong>est</strong></span> <span class='ocrx_word' id='word_1_424' title='bbox 3320 2416 3373 2470; x_wconf 86' lang='lat' dir='ltr'><strong>in</strong></span> <span class='ocrx_word' id='word_1_425' title='bbox 3395 2417 3572 2472; x_wconf 82' lang='lat' dir='ltr'><strong>cubile</strong></span> 
     </span>
    </p>
   </div>
   <div class='ocr_carea' id='block_1_55' title="bbox 2001 2497 2741 2564">
    <p class='ocr_par' dir='ltr' id='par_1_55' title="bbox 2001 2497 2741 2564">
     <span class='ocr_line' id='line_1_55' title="bbox 2001 2497 2741 2564; baseline -0.003 -9"><span class='ocrx_word' id='word_1_426' title='bbox 2001 2514 2176 2564; x_wconf 84' lang='lat' dir='ltr'><strong>suum,</strong></span> <span class='ocrx_word' id='word_1_427' title='bbox 2206 2511 2260 2553; x_wconf 93' lang='lat' dir='ltr'><strong>et</strong></span> <span class='ocrx_word' id='word_1_428' title='bbox 2287 2500 2554 2555; x_wconf 90' lang='lat' dir='ltr'><strong>neminem</strong></span> <span class='ocrx_word' id='word_1_429' title='bbox 2585 2497 2741 2553; x_wconf 70' lang='lat' dir='ltr'><strong>Iarsit.</strong></span> 
     </span>
    </p>
   </div>
   <div class='ocr_carea' id='block_1_56' title="bbox 2073 2588 3569 2660">
    <p class='ocr_par' dir='ltr' id='par_1_56' title="bbox 2073 2588 3569 2660">
     <span class='ocr_line' id='line_1_56' title="bbox 2073 2588 3569 2660; baseline 0.003 -16"><span class='ocrx_word' id='word_1_430' title='bbox 2073 2589 2202 2644; x_wconf 74' lang='lat' dir='ltr'><strong>CAP.</strong></span> <span class='ocrx_word' id='word_1_431' title='bbox 2248 2589 2336 2643; x_wconf 87' lang='grc' dir='ltr'><strong>ΧΙ.</strong></span> <span class='ocrx_word' id='word_1_432' title='bbox 2359 2618 2430 2629; x_wconf 89' lang='grc'><strong><em>-</em></strong></span> <span class='ocrx_word' id='word_1_433' title='bbox 2458 2588 2640 2644; x_wconf 82' lang='lat' dir='ltr'><strong>Mulier</strong></span> <span class='ocrx_word' id='word_1_434' title='bbox 2659 2589 2900 2659; x_wconf 67' lang='lat' dir='ltr'><strong>quaedam</strong></span> <span class='ocrx_word' id='word_1_435' title='bbox 2930 2589 3117 2646; x_wconf 90' lang='lat' dir='ltr'><strong>sitiens</strong></span> <span class='ocrx_word' id='word_1_436' title='bbox 3138 2599 3314 2660; x_wconf 89' lang='lat' dir='ltr'><strong>nocte,</strong></span> <span class='ocrx_word' id='word_1_437' title='bbox 3336 2595 3482 2649; x_wconf 88' lang='lat' dir='ltr'><strong>venit</strong></span> <span class='ocrx_word' id='word_1_438' title='bbox 3505 2598 3569 2648; x_wconf 87' lang='lat' dir='ltr'><strong>ad</strong></span> 
     </span>
    </p>
   </div>
   <div class='ocr_carea' id='block_1_57' title="bbox 2006 2678 3575 2753">
    <p class='ocr_par' dir='ltr' id='par_1_57' title="bbox 2006 2678 3575 2753">
     <span class='ocr_line' id='line_1_57' title="bbox 2006 2678 3575 2753; baseline 0.004 -19"><span class='ocrx_word' id='word_1_439' title='bbox 2006 2681 2248 2751; x_wconf 86' lang='lat' dir='ltr'><strong>hydriam</strong></span> <span class='ocrx_word' id='word_1_440' title='bbox 2270 2694 2459 2749; x_wconf 85' lang='lat' dir='ltr'><strong>aquam</strong></span> <span class='ocrx_word' id='word_1_441' title='bbox 2488 2678 2693 2743; x_wconf 89' lang='lat' dir='ltr'><strong>bibere,</strong></span> <span class='ocrx_word' id='word_1_442' title='bbox 2723 2680 2772 2731; x_wconf 93' lang='lat' dir='ltr'><strong>in</strong></span> <span class='ocrx_word' id='word_1_443' title='bbox 2790 2695 2895 2748; x_wconf 82' lang='lat' dir='ltr'><strong>qua</strong></span> <span class='ocrx_word' id='word_1_444' title='bbox 2916 2689 3030 2734; x_wconf 90' lang='lat' dir='ltr'><strong>erat</strong></span> <span class='ocrx_word' id='word_1_445' title='bbox 3050 2683 3299 2751; x_wconf 90' lang='lat' dir='ltr'><strong>parvulus</strong></span> <span class='ocrx_word' id='word_1_446' title='bbox 3322 2698 3575 2753; x_wconf 87' lang='lat' dir='ltr'><strong>serpens;</strong></span> 
     </span>
    </p>
   </div>
   <div class='ocr_carea' id='block_1_58' title="bbox 2006 2758 3579 2848">
    <p class='ocr_par' dir='ltr' id='par_1_58' title="bbox 2006 2758 3579 2848">
     <span class='ocr_line' id='line_1_58' title="bbox 2006 2758 3579 2848; baseline 0.004 -22"><span class='ocrx_word' id='word_1_447' title='bbox 2006 2780 2061 2826; x_wconf 90' lang='lat' dir='ltr'><strong>et</strong></span> <span class='ocrx_word' id='word_1_448' title='bbox 2096 2772 2305 2835; x_wconf 90' lang='lat' dir='ltr'><strong>bibens,</strong></span> <span class='ocrx_word' id='word_1_449' title='bbox 2337 2772 2614 2841; x_wconf 85' lang='lat' dir='ltr'><strong>deglutivit</strong></span> <span class='ocrx_word' id='word_1_450' title='bbox 2663 2758 2831 2840; x_wconf 88' lang='lat' dir='ltr'><strong>illum,</strong></span> <span class='ocrx_word' id='word_1_451' title='bbox 2876 2784 2931 2826; x_wconf 89' lang='lat' dir='ltr'><strong>et</strong></span> <span class='ocrx_word' id='word_1_452' title='bbox 2976 2774 3144 2828; x_wconf 90' lang='lat' dir='ltr'><strong>crevit</strong></span> <span class='ocrx_word' id='word_1_453' title='bbox 3173 2774 3227 2829; x_wconf 90' lang='lat' dir='ltr'><strong>in</strong></span> <span class='ocrx_word' id='word_1_454' title='bbox 3256 2784 3410 2831; x_wconf 84' lang='lat' dir='ltr'><strong>utero</strong></span> <span class='ocrx_word' id='word_1_455' title='bbox 3438 2778 3579 2848; x_wconf 86' lang='lat' dir='ltr'><strong>ejus.</strong></span> 
     </span>
    </p>
   </div>
   <div class='ocr_carea' id='block_1_59' title="bbox 2006 2864 3581 2938">
    <p class='ocr_par' dir='ltr' id='par_1_59' title="bbox 2006 2864 3581 2938">
     <span class='ocr_line' id='line_1_59' title="bbox 2006 2864 3581 2938; baseline 0.002 -18"><span class='ocrx_word' id='word_1_456' title='bbox 2006 2864 2113 2920; x_wconf 87' lang='lat' dir='ltr'><strong>Sed</strong></span> <span class='ocrx_word' id='word_1_457' title='bbox 2140 2864 2286 2918; x_wconf 90' lang='lat' dir='ltr'><strong>multi</strong></span> <span class='ocrx_word' id='word_1_458' title='bbox 2316 2864 2527 2926; x_wconf 84' lang='lat' dir='ltr'><strong>medici,</strong></span> <span class='ocrx_word' id='word_1_459' title='bbox 2556 2872 2611 2917; x_wconf 88' lang='lat' dir='ltr'><strong>et</strong></span> <span class='ocrx_word' id='word_1_460' title='bbox 2638 2864 3014 2931; x_wconf 68' lang='lat' dir='ltr'><strong>incantatores,</strong></span> <span class='ocrx_word' id='word_1_461' title='bbox 3044 2875 3100 2921; x_wconf 91' lang='lat' dir='ltr'><strong>et</strong></span> <span class='ocrx_word' id='word_1_462' title='bbox 3127 2868 3285 2938; x_wconf 88' lang='lat' dir='ltr'><strong>magi,</strong></span> <span class='ocrx_word' id='word_1_463' title='bbox 3317 2869 3581 2925; x_wconf 83' lang='lat' dir='ltr'><strong>adhiben-</strong></span> 
     </span>
    </p>
   </div>
   <div class='ocr_carea' id='block_1_60' title="bbox 2008 2952 3582 3029">
    <p class='ocr_par' dir='ltr' id='par_1_60' title="bbox 2008 2952 3582 3029">
     <span class='ocr_line' id='line_1_60' title="bbox 2008 2952 3582 3029; baseline 0.004 -22"><span class='ocrx_word' id='word_1_464' title='bbox 2008 2964 2090 3009; x_wconf 89' lang='lat' dir='ltr'><strong>tes</strong></span> <span class='ocrx_word' id='word_1_465' title='bbox 2136 2954 2393 3017; x_wconf 89' lang='lat' dir='ltr'><strong>studium,</strong></span> <span class='ocrx_word' id='word_1_466' title='bbox 2447 2952 2579 3008; x_wconf 87' lang='lat' dir='ltr'><strong>nihil</strong></span> <span class='ocrx_word' id='word_1_467' title='bbox 2636 2954 2989 3021; x_wconf 80' lang='lat' dir='ltr'><strong>profecerunt.</strong></span> <span class='ocrx_word' id='word_1_468' title='bbox 3035 2956 3162 3010; x_wconf 90' lang='lat' dir='ltr'><strong>Post</strong></span> <span class='ocrx_word' id='word_1_469' title='bbox 3213 2959 3423 3029; x_wconf 89' lang='lat' dir='ltr'><strong>aliquod</strong></span> <span class='ocrx_word' id='word_1_470' title='bbox 3455 2975 3582 3014; x_wconf 87' lang='lat' dir='ltr'><strong>vero</strong></span> 
     </span>
    </p>
   </div>
   <div class='ocr_carea' id='block_1_61' title="bbox 2010 3046 3585 3121">
    <p class='ocr_par' dir='ltr' id='par_1_61' title="bbox 2010 3046 3585 3121">
     <span class='ocr_line' id='line_1_61' title="bbox 2010 3046 3585 3121; baseline 0.005 -22"><span class='ocrx_word' id='word_1_471' title='bbox 2010 3055 2219 3115; x_wconf 83' lang='lat' dir='ltr'><strong>tempus</strong></span> <span class='ocrx_word' id='word_1_472' title='bbox 2246 3046 2525 3099; x_wconf 86' lang='lat' dir='ltr'><strong>adducitur</strong></span> <span class='ocrx_word' id='word_1_473' title='bbox 2539 3046 2601 3098; x_wconf 89' lang='lat' dir='ltr'><strong>ad</strong></span> <span class='ocrx_word' id='word_1_474' title='bbox 2622 3057 2861 3100; x_wconf 90' lang='lat' dir='ltr'><strong>sanctum</strong></span> <span class='ocrx_word' id='word_1_475' title='bbox 2885 3049 3217 3117; x_wconf 85' lang='lat' dir='ltr'><strong>Simeonem;</strong></span> <span class='ocrx_word' id='word_1_476' title='bbox 3244 3060 3299 3104; x_wconf 90' lang='lat' dir='ltr'><strong>at</strong></span> <span class='ocrx_word' id='word_1_477' title='bbox 3320 3052 3407 3106; x_wconf 90' lang='lat' dir='ltr'><strong>ille</strong></span> <span class='ocrx_word' id='word_1_478' title='bbox 3425 3051 3585 3121; x_wconf 86' lang='lat' dir='ltr'><strong>jussit</strong></span> 
     </span>
    </p>
   </div>
   <div class='ocr_carea' id='block_1_62' title="bbox 338 3133 3587 3213">
    <p class='ocr_par' dir='ltr' id='par_1_62' title="bbox 338 3133 3587 3213">
     <span class='ocr_line' id='line_1_62' title="bbox 338 3133 3587 3213; baseline 0.001 -18"><span class='ocrx_word' id='word_1_479' title='bbox 338 3142 633 3210; x_wconf 86' lang='lat' dir='ltr'><strong>imposuisti</strong></span> <span class='ocrx_word' id='word_1_480' title='bbox 660 3140 789 3194; x_wconf 86' lang='lat' dir='ltr'><strong>mihi</strong></span> <span class='ocrx_word' id='word_1_481' title='bbox 817 3138 1136 3193; x_wconf 70' lang='lat' dir='ltr'><strong>smvissimas</strong></span> <span class='ocrx_word' id='word_1_482' title='bbox 1162 3137 1363 3206; x_wconf 87' lang='lat' dir='ltr'><strong>plagas.</strong></span> <span class='ocrx_word' id='word_1_483' title='bbox 1388 3134 1455 3187; x_wconf 88' lang='lat' dir='ltr'><strong>Et</strong></span> <span class='ocrx_word' id='word_1_484' title='bbox 1484 3141 1689 3187; x_wconf 90' lang='lat' dir='ltr'><strong>tantum</strong></span> <span class='ocrx_word' id='word_1_485' title='bbox 1735 3133 1908 3186; x_wconf 89' lang='lat' dir='ltr'><strong>locuta</strong></span> <span class='ocrx_word' id='word_1_486' title='bbox 1939 3138 1985 3201; x_wconf 72' lang='grc' dir='ltr'>ο</span> <span class='ocrx_word' id='word_1_487' title='bbox 2015 3154 2130 3193; x_wconf 76' lang='lat' dir='ltr'><strong>eam</strong></span> <span class='ocrx_word' id='word_1_488' title='bbox 2165 3137 2288 3206; x_wconf 83' lang='lat' dir='ltr'><strong>poni</strong></span> <span class='ocrx_word' id='word_1_489' title='bbox 2315 3139 2365 3191; x_wconf 89' lang='lat' dir='ltr'><strong>in</strong></span> <span class='ocrx_word' id='word_1_490' title='bbox 2392 3146 2609 3201; x_wconf 85' lang='lat' dir='ltr'><strong>terram,</strong></span> <span class='ocrx_word' id='word_1_491' title='bbox 2642 3147 2697 3192; x_wconf 90' lang='lat' dir='ltr'><strong>et</strong></span> <span class='ocrx_word' id='word_1_492' title='bbox 2725 3140 2791 3193; x_wconf 89' lang='lat' dir='ltr'><strong>de</strong></span> <span class='ocrx_word' id='word_1_493' title='bbox 2816 3155 2950 3208; x_wconf 86' lang='lat' dir='ltr'><strong>aqua</strong></span> <span class='ocrx_word' id='word_1_494' title='bbox 2982 3142 3291 3197; x_wconf 89' lang='lat' dir='ltr'><strong>monasterii</strong></span> <span class='ocrx_word' id='word_1_495' title='bbox 3318 3144 3370 3198; x_wconf 89' lang='lat' dir='ltr'><strong>in</strong></span> <span class='ocrx_word' id='word_1_496' title='bbox 3392 3158 3451 3197; x_wconf 90' lang='lat' dir='ltr'><strong>os</strong></span> <span class='ocrx_word' id='word_1_497' title='bbox 3469 3144 3587 3213; x_wconf 87' lang='lat' dir='ltr'><strong>ejus</strong></span> 
     </span>
    </p>
   </div>
   <div class='ocr_carea' id='block_1_63' title="bbox 340 3223 1909 3301">
    <p class='ocr_par' dir='ltr' id='par_1_63' title="bbox 340 3223 1909 3301">
     <span class='ocr_line' id='line_1_63' title="bbox 340 3223 1909 3301; baseline -0.005 -16"><span class='ocrx_word' id='word_1_498' title='bbox 340 3241 439 3298; x_wconf 84' lang='lat' dir='ltr'><strong>est,</strong></span> <span class='ocrx_word' id='word_1_499' title='bbox 474 3240 533 3285; x_wconf 93' lang='lat' dir='ltr'><strong>ut</strong></span> <span class='ocrx_word' id='word_1_500' title='bbox 560 3245 660 3285; x_wconf 91' lang='lat' dir='ltr'><strong>uos</strong></span> <span class='ocrx_word' id='word_1_501' title='bbox 712 3243 899 3285; x_wconf 88' lang='lat' dir='ltr'><strong>omnes</strong></span> <span class='ocrx_word' id='word_1_502' title='bbox 944 3228 1142 3281; x_wconf 83' lang='lat' dir='ltr'><strong>Iaceret</strong></span> <span class='ocrx_word' id='word_1_503' title='bbox 1181 3226 1327 3301; x_wconf 87' lang='lat' dir='ltr'><strong>Ilere.</strong></span> <span class='ocrx_word' id='word_1_504' title='bbox 1352 3224 1588 3279; x_wconf 87' lang='lat' dir='ltr'><strong>Audiens</strong></span> <span class='ocrx_word' id='word_1_505' title='bbox 1614 3224 1801 3279; x_wconf 88' lang='lat' dir='ltr'><strong>beatus</strong></span> <span class='ocrx_word' id='word_1_506' title='bbox 1828 3223 1909 3278; x_wconf 90' lang='lat' dir='ltr'><strong>Si-</strong></span> 
     </span>
    </p>
   </div>
   <div class='ocr_carea' id='block_1_64' title="bbox 342 3315 1911 3388">
    <p class='ocr_par' dir='ltr' id='par_1_64' title="bbox 342 3315 1911 3388">
     <span class='ocr_line' id='line_1_64' title="bbox 342 3315 1911 3388; baseline -0.004 -14"><span class='ocrx_word' id='word_1_507' title='bbox 342 3337 492 3375; x_wconf 89' lang='lat' dir='ltr'><strong>meon</strong></span> <span class='ocrx_word' id='word_1_508' title='bbox 523 3335 714 3375; x_wconf 90' lang='lat' dir='ltr'><strong>vocem</strong></span> <span class='ocrx_word' id='word_1_509' title='bbox 770 3319 1044 3388; x_wconf 82' lang='lat' dir='ltr'><strong>genitricis</strong></span> <span class='ocrx_word' id='word_1_510' title='bbox 1071 3332 1201 3381; x_wconf 68' lang='lat' dir='ltr'><strong>sum,</strong></span> <span class='ocrx_word' id='word_1_511' title='bbox 1236 3317 1412 3385; x_wconf 85' lang='lat' dir='ltr'><strong>posuit</strong></span> <span class='ocrx_word' id='word_1_512' title='bbox 1461 3315 1650 3370; x_wconf 81' lang='lat' dir='ltr'><strong>faciem</strong></span> <span class='ocrx_word' id='word_1_513' title='bbox 1678 3331 1827 3369; x_wconf 90' lang='lat' dir='ltr'><strong>suam</strong></span> <span class='ocrx_word' id='word_1_514' title='bbox 1859 3315 1911 3369; x_wconf 91' lang='lat' dir='ltr'><strong>in</strong></span> 
     </span>
    </p>
   </div>
   <div class='ocr_carea' id='block_1_65' title="bbox 342 3403 1912 3475">
    <p class='ocr_par' dir='ltr' id='par_1_65' title="bbox 342 3403 1912 3475">
     <span class='ocr_line' id='line_1_65' title="bbox 342 3403 1912 3475; baseline -0.004 -13"><span class='ocrx_word' id='word_1_515' title='bbox 342 3424 529 3463; x_wconf 86' lang='lat' dir='ltr'><strong>manus</strong></span> <span class='ocrx_word' id='word_1_516' title='bbox 580 3422 726 3472; x_wconf 91' lang='lat' dir='ltr'><strong>suas,</strong></span> <span class='ocrx_word' id='word_1_517' title='bbox 758 3417 811 3460; x_wconf 93' lang='lat' dir='ltr'><strong>et</strong></span> <span class='ocrx_word' id='word_1_518' title='bbox 867 3407 1097 3475; x_wconf 86' lang='lat' dir='ltr'><strong>ploravit</strong></span> <span class='ocrx_word' id='word_1_519' title='bbox 1140 3420 1343 3467; x_wconf 89' lang='lat' dir='ltr'><strong>amare,</strong></span> <span class='ocrx_word' id='word_1_520' title='bbox 1375 3404 1756 3473; x_wconf 87' lang='lat' dir='ltr'><strong>mandavitque</strong></span> <span class='ocrx_word' id='word_1_521' title='bbox 1814 3403 1912 3470; x_wconf 90' lang='lat' dir='ltr'><strong>illi,</strong></span> 
     </span>
    </p>
   </div>
   <div class='ocr_carea' id='block_1_66' title="bbox 343 3494 1914 3566">
    <p class='ocr_par' dir='ltr' id='par_1_66' title="bbox 343 3494 1914 3566">
     <span class='ocr_line' id='line_1_66' title="bbox 343 3494 1914 3566; baseline -0.005 -12"><span class='ocrx_word' id='word_1_522' title='bbox 343 3503 566 3557; x_wconf 89' lang='lat' dir='ltr'><strong>dicens:</strong></span> <span class='ocrx_word' id='word_1_523' title='bbox 601 3499 821 3555; x_wconf 90' lang='lat' dir='ltr'><strong>Domina</strong></span> <span class='ocrx_word' id='word_1_524' title='bbox 874 3510 1063 3562; x_wconf 89' lang='lat' dir='ltr'><strong>mater,</strong></span> <span class='ocrx_word' id='word_1_525' title='bbox 1094 3498 1308 3566; x_wconf 89' lang='lat' dir='ltr'><strong>quiesce</strong></span> <span class='ocrx_word' id='word_1_526' title='bbox 1360 3494 1628 3549; x_wconf 90' lang='lat' dir='ltr'><strong>modicum</strong></span> <span class='ocrx_word' id='word_1_527' title='bbox 1680 3503 1914 3561; x_wconf 88' lang='lat' dir='ltr'><strong>tempus,</strong></span> 
     </span>
    </p>
   </div>
   <div class='ocr_carea' id='block_1_67' title="bbox 342 3585 1919 3656">
    <p class='ocr_par' dir='ltr' id='par_1_67' title="bbox 342 3585 1919 3656">
     <span class='ocr_line' id='line_1_67' title="bbox 342 3585 1919 3656; baseline -0.004 -11"><span class='ocrx_word' id='word_1_528' title='bbox 342 3604 393 3646; x_wconf 86' lang='lat' dir='ltr'><strong>et</strong></span> <span class='ocrx_word' id='word_1_529' title='bbox 444 3592 746 3646; x_wconf 90' lang='lat' dir='ltr'><strong>videbimus</strong></span> <span class='ocrx_word' id='word_1_530' title='bbox 796 3605 891 3644; x_wconf 93' lang='lat' dir='ltr'><strong>nos</strong></span> <span class='ocrx_word' id='word_1_531' title='bbox 949 3590 1002 3642; x_wconf 91' lang='lat' dir='ltr'><strong>in</strong></span> <span class='ocrx_word' id='word_1_532' title='bbox 1053 3598 1250 3642; x_wconf 71' lang='lat' dir='ltr'><strong>interna</strong></span> <span class='ocrx_word' id='word_1_533' title='bbox 1310 3587 1512 3656; x_wconf 88' lang='lat' dir='ltr'><strong>requie.</strong></span> <span class='ocrx_word' id='word_1_534' title='bbox 1546 3589 1615 3638; x_wconf 81' lang='lat' dir='ltr'><strong>At</strong></span> <span class='ocrx_word' id='word_1_535' title='bbox 1640 3585 1728 3640; x_wconf 88' lang='lat' dir='ltr'><strong>illa</strong></span> <span class='ocrx_word' id='word_1_536' title='bbox 1757 3585 1919 3653; x_wconf 66' lang='lat' dir='ltr'><strong>coepit</strong></span> 
     </span>
    </p>
   </div>
   <div class='ocr_carea' id='block_1_68' title="bbox 340 3677 1913 3750">
    <p class='ocr_par' dir='ltr' id='par_1_68' title="bbox 340 3677 1913 3750">
     <span class='ocr_line' id='line_1_68' title="bbox 340 3677 1913 3750; baseline -0.005 -12"><span class='ocrx_word' id='word_1_537' title='bbox 340 3684 518 3738; x_wconf 86' lang='lat' dir='ltr'><strong>dicere</strong></span> <span class='ocrx_word' id='word_1_538' title='bbox 544 3699 559 3737; x_wconf 91' lang='lat'>:</span> <span class='ocrx_word' id='word_1_539' title='bbox 595 3682 698 3736; x_wconf 90' lang='lat' dir='ltr'><strong>Per</strong></span> <span class='ocrx_word' id='word_1_540' title='bbox 720 3680 990 3735; x_wconf 87' lang='lat' dir='ltr'><strong>Christum</strong></span> <span class='ocrx_word' id='word_1_541' title='bbox 1019 3680 1111 3750; x_wconf 83' lang='lat' dir='ltr'><strong>qui</strong></span> <span class='ocrx_word' id='word_1_542' title='bbox 1145 3690 1194 3733; x_wconf 89' lang='lat' dir='ltr'><strong>te</strong></span> <span class='ocrx_word' id='word_1_543' title='bbox 1243 3678 1543 3749; x_wconf 86' lang='lat' dir='ltr'><strong>plasmavit,</strong></span> <span class='ocrx_word' id='word_1_544' title='bbox 1566 3677 1611 3730; x_wconf 92' lang='lat' dir='ltr'><strong>si</strong></span> <span class='ocrx_word' id='word_1_545' title='bbox 1639 3686 1722 3731; x_wconf 90' lang='lat' dir='ltr'><strong>est</strong></span> <span class='ocrx_word' id='word_1_546' title='bbox 1750 3678 1913 3745; x_wconf 85' lang='lat' dir='ltr'><strong>possi-</strong></span> 
     </span>
    </p>
   </div>
   <div class='ocr_carea' id='block_1_69' title="bbox 349 3767 1915 3838">
    <p class='ocr_par' dir='ltr' id='par_1_69' title="bbox 349 3767 1915 3838">
     <span class='ocr_line' id='line_1_69' title="bbox 349 3767 1915 3838; baseline -0.004 -13"><span class='ocrx_word' id='word_1_547' title='bbox 349 3774 523 3827; x_wconf 77' lang='lat' dir='ltr'><strong>bilitas</strong></span> <span class='ocrx_word' id='word_1_548' title='bbox 564 3773 775 3827; x_wconf 89' lang='lat' dir='ltr'><strong>videndi</strong></span> <span class='ocrx_word' id='word_1_549' title='bbox 826 3782 899 3838; x_wconf 87' lang='lat' dir='ltr'><strong>te,</strong></span> <span class='ocrx_word' id='word_1_550' title='bbox 928 3771 980 3825; x_wconf 91' lang='lat' dir='ltr'><strong>in</strong></span> <span class='ocrx_word' id='word_1_551' title='bbox 1031 3778 1177 3824; x_wconf 89' lang='lat' dir='ltr'><strong>tanto</strong></span> <span class='ocrx_word' id='word_1_552' title='bbox 1226 3778 1465 3836; x_wconf 89' lang='lat' dir='ltr'><strong>tempore</strong></span> <span class='ocrx_word' id='word_1_553' title='bbox 1492 3767 1722 3821; x_wconf 89' lang='lat' dir='ltr'><strong>alienum</strong></span> <span class='ocrx_word' id='word_1_554' title='bbox 1747 3783 1777 3820; x_wconf 90' lang='lat' dir='ltr'><strong>a</strong></span> <span class='ocrx_word' id='word_1_555' title='bbox 1808 3783 1915 3833; x_wconf 80' lang='lat' dir='ltr'><strong>me,</strong></span> 
     </span>
    </p>
   </div>
   <div class='ocr_carea' id='block_1_70' title="bbox 346 3857 1917 3933">
    <p class='ocr_par' dir='ltr' id='par_1_70' title="bbox 346 3857 1917 3933">
     <span class='ocr_line' id='line_1_70' title="bbox 346 3857 1917 3933; baseline -0.008 -14"><span class='ocrx_word' id='word_1_556' title='bbox 346 3866 588 3933; x_wconf 84' lang='lat' dir='ltr'><strong>permitte</strong></span> <span class='ocrx_word' id='word_1_557' title='bbox 640 3879 724 3917; x_wconf 91' lang='lat' dir='ltr'><strong>me</strong></span> <span class='ocrx_word' id='word_1_558' title='bbox 751 3863 936 3917; x_wconf 82' lang='lat' dir='ltr'><strong>videre</strong></span> <span class='ocrx_word' id='word_1_559' title='bbox 982 3870 1052 3924; x_wconf 90' lang='lat' dir='ltr'><strong>te,</strong></span> <span class='ocrx_word' id='word_1_560' title='bbox 1077 3871 1168 3912; x_wconf 89' lang='lat' dir='ltr'><strong>aut</strong></span> <span class='ocrx_word' id='word_1_561' title='bbox 1197 3861 1239 3911; x_wconf 90' lang='lat' dir='ltr'><strong>si</strong></span> <span class='ocrx_word' id='word_1_562' title='bbox 1286 3873 1415 3924; x_wconf 90' lang='lat' dir='ltr'><strong>non,</strong></span> <span class='ocrx_word' id='word_1_563' title='bbox 1448 3857 1532 3912; x_wconf 89' lang='lat' dir='ltr'><strong>vel</strong></span> <span class='ocrx_word' id='word_1_564' title='bbox 1565 3872 1748 3911; x_wconf 90' lang='lat' dir='ltr'><strong>vocem</strong></span> <span class='ocrx_word' id='word_1_565' title='bbox 1774 3868 1917 3909; x_wconf 88' lang='lat' dir='ltr'><strong>tuam</strong></span> 
     </span>
    </p>
   </div>
   <div class='ocr_carea' id='block_1_71' title="bbox 345 3946 1921 4023">
    <p class='ocr_par' dir='ltr' id='par_1_71' title="bbox 345 3946 1921 4023">
     <span class='ocr_line' id='line_1_71' title="bbox 345 3946 1921 4023; baseline -0.006 -17"><span class='ocrx_word' id='word_1_566' title='bbox 345 3957 575 4023; x_wconf 81' lang='lat' dir='ltr'><strong>audiam,</strong></span> <span class='ocrx_word' id='word_1_567' title='bbox 605 3965 659 4009; x_wconf 92' lang='lat' dir='ltr'><strong>et</strong></span> <span class='ocrx_word' id='word_1_568' title='bbox 683 3954 862 4007; x_wconf 88' lang='lat' dir='ltr'><strong>statim</strong></span> <span class='ocrx_word' id='word_1_569' title='bbox 893 3952 1110 4016; x_wconf 89' lang='lat' dir='ltr'><strong>moriar,</strong></span> <span class='ocrx_word' id='word_1_570' title='bbox 1133 3949 1253 4019; x_wconf 90' lang='lat' dir='ltr'><strong>quia</strong></span> <span class='ocrx_word' id='word_1_571' title='bbox 1281 3958 1430 4017; x_wconf 89' lang='lat' dir='ltr'><strong>pater</strong></span> <span class='ocrx_word' id='word_1_572' title='bbox 1474 3956 1595 4001; x_wconf 89' lang='lat' dir='ltr'><strong>tuus</strong></span> <span class='ocrx_word' id='word_1_573' title='bbox 1631 3948 1683 4001; x_wconf 91' lang='lat' dir='ltr'><strong>in</strong></span> <span class='ocrx_word' id='word_1_574' title='bbox 1713 3946 1921 4000; x_wconf 83' lang='lat' dir='ltr'><strong>tri5titia</strong></span> 
     </span>
    </p>
   </div>
   <div class='ocr_carea' id='block_1_72' title="bbox 345 4039 1924 4114">
    <p class='ocr_par' dir='ltr' id='par_1_72' title="bbox 345 4039 1924 4114">
     <span class='ocr_line' id='line_1_72' title="bbox 345 4039 1924 4114; baseline -0.003 -19"><span class='ocrx_word' id='word_1_575' title='bbox 345 4056 561 4114; x_wconf 66' lang='lat' dir='ltr'><strong>propter</strong></span> <span class='ocrx_word' id='word_1_576' title='bbox 585 4056 634 4100; x_wconf 89' lang='lat' dir='ltr'><strong>te</strong></span> <span class='ocrx_word' id='word_1_577' title='bbox 655 4054 894 4098; x_wconf 91' lang='lat' dir='ltr'><strong>mortuus</strong></span> <span class='ocrx_word' id='word_1_578' title='bbox 916 4050 1015 4096; x_wconf 89' lang='lat' dir='ltr'><strong>est.</strong></span> <span class='ocrx_word' id='word_1_579' title='bbox 1033 4040 1099 4094; x_wconf 87' lang='lat' dir='ltr'><strong>Et</strong></span> <span class='ocrx_word' id='word_1_580' title='bbox 1117 4054 1254 4094; x_wconf 88' lang='lat' dir='ltr'><strong>nunc</strong></span> <span class='ocrx_word' id='word_1_581' title='bbox 1276 4053 1341 4093; x_wconf 89' lang='lat' dir='ltr'><strong>ne</strong></span> <span class='ocrx_word' id='word_1_582' title='bbox 1362 4053 1448 4092; x_wconf 90' lang='lat' dir='ltr'><strong>me</strong></span> <span class='ocrx_word' id='word_1_583' title='bbox 1471 4039 1526 4093; x_wconf 89' lang='lat' dir='ltr'><strong>in</strong></span> <span class='ocrx_word' id='word_1_584' title='bbox 1542 4041 1652 4109; x_wconf 89' lang='lat' dir='ltr'><strong>ipsa</strong></span> <span class='ocrx_word' id='word_1_585' title='bbox 1672 4040 1924 4092; x_wconf 85' lang='lat' dir='ltr'><strong>amaritu-</strong></span> 
     </span>
    </p>
   </div>
   <div class='ocr_carea' id='block_1_73' title="bbox 350 4129 1923 4207">
    <p class='ocr_par' dir='ltr' id='par_1_73' title="bbox 350 4129 1923 4207">
     <span class='ocr_line' id='line_1_73' title="bbox 350 4129 1923 4207; baseline -0.003 -21"><span class='ocrx_word' id='word_1_586' title='bbox 350 4140 469 4192; x_wconf 71' lang='lat' dir='ltr'><strong>«line</strong></span> <span class='ocrx_word' id='word_1_587' title='bbox 500 4138 712 4207; x_wconf 89' lang='lat' dir='ltr'><strong>perdas,</strong></span> <span class='ocrx_word' id='word_1_588' title='bbox 740 4137 833 4189; x_wconf 89' lang='lat' dir='ltr'><strong>Iili.</strong></span> <span class='ocrx_word' id='word_1_589' title='bbox 860 4135 983 4188; x_wconf 77' lang='lat' dir='ltr'><strong>llaec</strong></span> <span class='ocrx_word' id='word_1_590' title='bbox 1014 4133 1214 4198; x_wconf 75' lang='lat' dir='ltr'><strong>dieens,</strong></span> <span class='ocrx_word' id='word_1_591' title='bbox 1244 4145 1352 4200; x_wconf 71' lang='lat' dir='ltr'><strong>pra:</strong></span> <span class='ocrx_word' id='word_1_592' title='bbox 1383 4129 1599 4183; x_wconf 84' lang='lat' dir='ltr'><strong>tristitia</strong></span> <span class='ocrx_word' id='word_1_593' title='bbox 1640 4138 1694 4184; x_wconf 88' lang='lat' dir='ltr'><strong>et</strong></span> <span class='ocrx_word' id='word_1_594' title='bbox 1713 4130 1864 4198; x_wconf 90' lang='lat' dir='ltr'><strong>plane</strong></span> <span class='ocrx_word' id='word_1_595' title='bbox 1891 4144 1923 4181; x_wconf 92' lang='lat' dir='ltr'><strong>u</strong></span> 
     </span>
    </p>
   </div>
   <div class='ocr_carea' id='block_1_74' title="bbox 348 4220 1928 4282">
    <p class='ocr_par' dir='ltr' id='par_1_74' title="bbox 348 4220 1928 4282">
     <span class='ocr_line' id='line_1_74' title="bbox 348 4220 1928 4282; baseline -0.006 -1"><span class='ocrx_word' id='word_1_596' title='bbox 348 4229 401 4282; x_wconf 87' lang='lat' dir='ltr'><strong>in</strong></span> <span class='ocrx_word' id='word_1_597' title='bbox 440 4242 686 4282; x_wconf 89' lang='lat' dir='ltr'><strong>somnum</strong></span> <span class='ocrx_word' id='word_1_598' title='bbox 744 4239 996 4279; x_wconf 83' lang='lat' dir='ltr'><strong>cenversa</strong></span> <span class='ocrx_word' id='word_1_599' title='bbox 1046 4232 1168 4275; x_wconf 91' lang='lat' dir='ltr'><strong>est:</strong></span> <span class='ocrx_word' id='word_1_600' title='bbox 1214 4221 1441 4274; x_wconf 90' lang='lat' dir='ltr'><strong>habebat</strong></span> <span class='ocrx_word' id='word_1_601' title='bbox 1467 4231 1648 4274; x_wconf 90' lang='lat' dir='ltr'><strong>autem</strong></span> <span class='ocrx_word' id='word_1_602' title='bbox 1680 4230 1786 4272; x_wconf 90' lang='lat' dir='ltr'><strong>tres</strong></span> <span class='ocrx_word' id='word_1_603' title='bbox 1812 4220 1928 4273; x_wconf 88' lang='lat' dir='ltr'><strong>dies</strong></span> 
     </span>
    </p>
   </div>
   <div class='ocr_carea' id='block_1_75' title="bbox 344 4309 1930 4381">
    <p class='ocr_par' dir='ltr' id='par_1_75' title="bbox 344 4309 1930 4381">
     <span class='ocr_line' id='line_1_75' title="bbox 344 4309 1930 4381; baseline -0.008 -8"><span class='ocrx_word' id='word_1_604' title='bbox 344 4332 401 4373; x_wconf 89' lang='lat' dir='ltr'><strong>et</strong></span> <span class='ocrx_word' id='word_1_605' title='bbox 430 4330 534 4373; x_wconf 88' lang='lat' dir='ltr'><strong>tres</strong></span> <span class='ocrx_word' id='word_1_606' title='bbox 585 4325 794 4381; x_wconf 88' lang='lat' dir='ltr'><strong>noctes,</strong></span> <span class='ocrx_word' id='word_1_607' title='bbox 822 4331 925 4368; x_wconf 90' lang='lat' dir='ltr'><strong>non</strong></span> <span class='ocrx_word' id='word_1_608' title='bbox 980 4328 1198 4367; x_wconf 86' lang='lat' dir='ltr'><strong>cessans</strong></span> <span class='ocrx_word' id='word_1_609' title='bbox 1252 4309 1530 4381; x_wconf 86' lang='lat' dir='ltr'><strong>deprecari</strong></span> <span class='ocrx_word' id='word_1_610' title='bbox 1582 4324 1728 4363; x_wconf 90' lang='lat' dir='ltr'><strong>eum.</strong></span> <span class='ocrx_word' id='word_1_611' title='bbox 1780 4310 1930 4362; x_wconf 86' lang='lat' dir='ltr'><strong>Tunc</strong></span> 
     </span>
    </p>
   </div>
   <div class='ocr_carea' id='block_1_76' title="bbox 348 4398 1930 4469">
    <p class='ocr_par' dir='ltr' id='par_1_76' title="bbox 348 4398 1930 4469">
     <span class='ocr_line' id='line_1_76' title="bbox 348 4398 1930 4469; baseline -0.008 -6"><span class='ocrx_word' id='word_1_612' title='bbox 348 4411 534 4463; x_wconf 87' lang='lat' dir='ltr'><strong>beatus</strong></span> <span class='ocrx_word' id='word_1_613' title='bbox 577 4408 790 4463; x_wconf 89' lang='lat' dir='ltr'><strong>Simeon</strong></span> <span class='ocrx_word' id='word_1_614' title='bbox 857 4403 1028 4458; x_wconf 89' lang='lat' dir='ltr'><strong>oravit</strong></span> <span class='ocrx_word' id='word_1_615' title='bbox 1072 4402 1139 4456; x_wconf 91' lang='lat' dir='ltr'><strong>ad</strong></span> <span class='ocrx_word' id='word_1_616' title='bbox 1196 4402 1475 4454; x_wconf 87' lang='lat' dir='ltr'><strong>Dominum</strong></span> <span class='ocrx_word' id='word_1_617' title='bbox 1527 4414 1623 4469; x_wconf 91' lang='lat' dir='ltr'><strong>pro</strong></span> <span class='ocrx_word' id='word_1_618' title='bbox 1700 4398 1787 4453; x_wconf 89' lang='lat' dir='ltr'><strong>illa</strong></span> <span class='ocrx_word' id='word_1_619' title='bbox 1819 4437 1834 4463; x_wconf 96' lang='lat'><strong>,</strong></span> <span class='ocrx_word' id='word_1_620' title='bbox 1876 4407 1930 4452; x_wconf 86' lang='lat' dir='ltr'><strong>et</strong></span> 
     </span>
    </p>
   </div>
   <div class='ocr_carea' id='block_1_77' title="bbox 2015 3228 3590 3291">
    <p class='ocr_par' dir='ltr' id='par_1_77' title="bbox 2015 3228 3590 3291">
     <span class='ocr_line' id='line_1_77' title="bbox 2015 3228 3590 3291; baseline 0.006 -10"><span class='ocrx_word' id='word_1_621' title='bbox 2015 3229 2174 3282; x_wconf 88' lang='lat' dir='ltr'><strong>mitti.</strong></span> <span class='ocrx_word' id='word_1_622' title='bbox 2202 3229 2351 3282; x_wconf 87' lang='lat' dir='ltr'><strong>Tunc</strong></span> <span class='ocrx_word' id='word_1_623' title='bbox 2369 3228 2682 3283; x_wconf 89' lang='lat' dir='ltr'><strong>exclamavit</strong></span> <span class='ocrx_word' id='word_1_624' title='bbox 2705 3230 2927 3291; x_wconf 79' lang='lat' dir='ltr'><strong>fortiter,</strong></span> <span class='ocrx_word' id='word_1_625' title='bbox 2950 3241 3003 3285; x_wconf 93' lang='lat' dir='ltr'><strong>et</strong></span> <span class='ocrx_word' id='word_1_626' title='bbox 3024 3232 3199 3286; x_wconf 88' lang='lat' dir='ltr'><strong>statim</strong></span> <span class='ocrx_word' id='word_1_627' title='bbox 3224 3233 3391 3288; x_wconf 87' lang='lat' dir='ltr'><strong>exivit</strong></span> <span class='ocrx_word' id='word_1_628' title='bbox 3408 3235 3477 3290; x_wconf 91' lang='lat' dir='ltr'><strong>de</strong></span> <span class='ocrx_word' id='word_1_629' title='bbox 3494 3249 3590 3291; x_wconf 92' lang='lat' dir='ltr'><strong>ore</strong></span> 
     </span>
    </p>
   </div>
   <div class='ocr_carea' id='block_1_78' title="bbox 2016 3318 3590 3387">
    <p class='ocr_par' dir='ltr' id='par_1_78' title="bbox 2016 3318 3590 3387">
     <span class='ocr_line' id='line_1_78' title="bbox 2016 3318 3590 3387; baseline 0.002 -13"><span class='ocrx_word' id='word_1_630' title='bbox 2016 3319 2131 3387; x_wconf 89' lang='lat' dir='ltr'><strong>ejus</strong></span> <span class='ocrx_word' id='word_1_631' title='bbox 2176 3331 2419 3386; x_wconf 88' lang='lat' dir='ltr'><strong>serpens,</strong></span> <span class='ocrx_word' id='word_1_632' title='bbox 2462 3318 2612 3385; x_wconf 84' lang='lat' dir='ltr'><strong>cuius</strong></span> <span class='ocrx_word' id='word_1_633' title='bbox 2635 3318 2909 3387; x_wconf 89' lang='lat' dir='ltr'><strong>longitudo</strong></span> <span class='ocrx_word' id='word_1_634' title='bbox 2939 3330 3055 3374; x_wconf 87' lang='lat' dir='ltr'><strong>erat</strong></span> <span class='ocrx_word' id='word_1_635' title='bbox 3081 3321 3377 3376; x_wconf 88' lang='lat' dir='ltr'><strong>cubitorum</strong></span> <span class='ocrx_word' id='word_1_636' title='bbox 3407 3324 3590 3377; x_wconf 88' lang='lat' dir='ltr'><strong>trium.</strong></span> 
     </span>
    </p>
   </div>
   <div class='ocr_carea' id='block_1_79' title="bbox 2020 3407 3590 3478">
    <p class='ocr_par' dir='ltr' id='par_1_79' title="bbox 2020 3407 3590 3478">
     <span class='ocr_line' id='line_1_79' title="bbox 2020 3407 3590 3478; baseline 0.003 -15"><span class='ocrx_word' id='word_1_637' title='bbox 2020 3409 2215 3463; x_wconf 86' lang='lat' dir='ltr'><strong>Eadem</strong></span> <span class='ocrx_word' id='word_1_638' title='bbox 2252 3409 2380 3462; x_wconf 89' lang='lat' dir='ltr'><strong>hora</strong></span> <span class='ocrx_word' id='word_1_639' title='bbox 2411 3407 2620 3477; x_wconf 89' lang='lat' dir='ltr'><strong>crepuit</strong></span> <span class='ocrx_word' id='word_1_640' title='bbox 2641 3421 2886 3477; x_wconf 86' lang='lat' dir='ltr'><strong>serpens,</strong></span> <span class='ocrx_word' id='word_1_641' title='bbox 2917 3410 3007 3478; x_wconf 89' lang='lat' dir='ltr'><strong>qui</strong></span> <span class='ocrx_word' id='word_1_642' title='bbox 3030 3411 3189 3465; x_wconf 85' lang='lat' dir='ltr'><strong>etiam</strong></span> <span class='ocrx_word' id='word_1_643' title='bbox 3218 3413 3283 3467; x_wconf 89' lang='lat' dir='ltr'><strong>ad</strong></span> <span class='ocrx_word' id='word_1_644' title='bbox 3304 3414 3590 3469; x_wconf 87' lang='lat' dir='ltr'><strong>multorum</strong></span> 
     </span>
    </p>
   </div>
   <div class='ocr_carea' id='block_1_80' title="bbox 2019 3497 3593 3567">
    <p class='ocr_par' dir='ltr' id='par_1_80' title="bbox 2019 3497 3593 3567">
     <span class='ocr_line' id='line_1_80' title="bbox 2019 3497 3593 3567; baseline 0.003 -14"><span class='ocrx_word' id='word_1_645' title='bbox 2019 3497 2378 3553; x_wconf 89' lang='lat' dir='ltr'><strong>testimonium</strong></span> <span class='ocrx_word' id='word_1_646' title='bbox 2409 3511 2698 3566; x_wconf 88' lang='lat' dir='ltr'><strong>suspensus</strong></span> <span class='ocrx_word' id='word_1_647' title='bbox 2726 3506 2811 3551; x_wconf 88' lang='lat' dir='ltr'><strong>est</strong></span> <span class='ocrx_word' id='word_1_648' title='bbox 2833 3499 2900 3552; x_wconf 91' lang='lat' dir='ltr'><strong>ibi</strong></span> <span class='ocrx_word' id='word_1_649' title='bbox 2922 3506 3125 3567; x_wconf 87' lang='lat' dir='ltr'><strong>septem</strong></span> <span class='ocrx_word' id='word_1_650' title='bbox 3148 3500 3354 3556; x_wconf 90' lang='lat' dir='ltr'><strong>diebus.</strong></span> <span class='ocrx_word' id='word_1_651' title='bbox 3378 3503 3444 3556; x_wconf 87' lang='lat' dir='ltr'><strong>Et</strong></span> <span class='ocrx_word' id='word_1_652' title='bbox 3464 3520 3593 3558; x_wconf 86' lang='lat' dir='ltr'><strong>sana</strong></span> 
     </span>
    </p>
   </div>
   <div class='ocr_carea' id='block_1_81' title="bbox 2020 3589 2860 3645">
    <p class='ocr_par' dir='ltr' id='par_1_81' title="bbox 2020 3589 2860 3645">
     <span class='ocr_line' id='line_1_81' title="bbox 2020 3589 2860 3645; baseline 0 -2"><span class='ocrx_word' id='word_1_653' title='bbox 2020 3589 2155 3644; x_wconf 82' lang='lat' dir='ltr'><strong>facta</strong></span> <span class='ocrx_word' id='word_1_654' title='bbox 2184 3598 2267 3645; x_wconf 89' lang='lat' dir='ltr'><strong>est</strong></span> <span class='ocrx_word' id='word_1_655' title='bbox 2294 3589 2483 3643; x_wconf 86' lang='lat' dir='ltr'><strong>mulier</strong></span> <span class='ocrx_word' id='word_1_656' title='bbox 2519 3604 2584 3643; x_wconf 88' lang='lat' dir='ltr'><strong>ex</strong></span> <span class='ocrx_word' id='word_1_657' title='bbox 2613 3590 2700 3644; x_wconf 90' lang='lat' dir='ltr'><strong>illa</strong></span> <span class='ocrx_word' id='word_1_658' title='bbox 2730 3590 2860 3643; x_wconf 90' lang='lat' dir='ltr'><strong>hora</strong></span> 
     </span>
    </p>
   </div>
   <div class='ocr_carea' id='block_1_82' title="bbox 2090 3660 3596 3752">
    <p class='ocr_par' dir='ltr' id='par_1_82' title="bbox 2090 3660 3596 3752">
     <span class='ocr_line' id='line_1_82' title="bbox 2090 3660 3596 3752; baseline 0.002 -17"><span class='ocrx_word' id='word_1_659' title='bbox 2090 3683 2221 3737; x_wconf 78' lang='lat' dir='ltr'><strong>CAP.</strong></span> <span class='ocrx_word' id='word_1_660' title='bbox 2265 3681 2377 3736; x_wconf 81' lang='lat' dir='ltr'><strong>XII.</strong></span> <span class='ocrx_word' id='word_1_661' title='bbox 2401 3660 2482 3721; x_wconf 70' lang='grc'><strong>’-</strong></span> <span class='ocrx_word' id='word_1_662' title='bbox 2500 3681 2735 3736; x_wconf 82' lang='lat' dir='ltr'><strong>Virtutes</strong></span> <span class='ocrx_word' id='word_1_663' title='bbox 2753 3681 2870 3751; x_wconf 91' lang='lat' dir='ltr'><strong>ejus</strong></span> <span class='ocrx_word' id='word_1_664' title='bbox 2898 3684 3137 3751; x_wconf 89' lang='lat' dir='ltr'><strong>quamvis</strong></span> <span class='ocrx_word' id='word_1_665' title='bbox 3168 3685 3390 3752; x_wconf 75' lang='lat' dir='ltr'><strong>alicujus</strong></span> <span class='ocrx_word' id='word_1_666' title='bbox 3414 3685 3596 3740; x_wconf 83' lang='lat' dir='ltr'><strong>facun-</strong></span> 
     </span>
    </p>
   </div>
   <div class='ocr_carea' id='block_1_83' title="bbox 2025 3771 3594 3843">
    <p class='ocr_par' dir='ltr' id='par_1_83' title="bbox 2025 3771 3594 3843">
     <span class='ocr_line' id='line_1_83' title="bbox 2025 3771 3594 3843; baseline 0.003 -16"><span class='ocrx_word' id='word_1_667' title='bbox 2025 3772 2109 3827; x_wconf 89' lang='lat' dir='ltr'><strong>dia</strong></span> <span class='ocrx_word' id='word_1_668' title='bbox 2152 3786 2468 3827; x_wconf 88' lang='lat' dir='ltr'><strong>enumerare</strong></span> <span class='ocrx_word' id='word_1_669' title='bbox 2492 3771 2580 3826; x_wconf 85' lang='lat' dir='ltr'><strong>vix</strong></span> <span class='ocrx_word' id='word_1_670' title='bbox 2612 3772 2807 3839; x_wconf 87' lang='lat' dir='ltr'><strong>valeat,</strong></span> <span class='ocrx_word' id='word_1_671' title='bbox 2861 3783 3033 3827; x_wconf 88' lang='lat' dir='ltr'><strong>tamen</strong></span> <span class='ocrx_word' id='word_1_672' title='bbox 3082 3783 3238 3843; x_wconf 91' lang='lat' dir='ltr'><strong>prout</strong></span> <span class='ocrx_word' id='word_1_673' title='bbox 3279 3786 3404 3830; x_wconf 88' lang='lat' dir='ltr'><strong>sunt</strong></span> <span class='ocrx_word' id='word_1_674' title='bbox 3432 3782 3594 3842; x_wconf 77' lang='lat' dir='ltr'><strong>vires,</strong></span> 
     </span>
    </p>
   </div>
   <div class='ocr_carea' id='block_1_84' title="bbox 2024 3862 3600 3932">
    <p class='ocr_par' dir='ltr' id='par_1_84' title="bbox 2024 3862 3600 3932">
     <span class='ocr_line' id='line_1_84' title="bbox 2024 3862 3600 3932; baseline 0.003 -15"><span class='ocrx_word' id='word_1_675' title='bbox 2024 3865 2243 3917; x_wconf 90' lang='lat' dir='ltr'><strong>omnino</strong></span> <span class='ocrx_word' id='word_1_676' title='bbox 2277 3863 2491 3916; x_wconf 88' lang='lat' dir='ltr'><strong>silentio</strong></span> <span class='ocrx_word' id='word_1_677' title='bbox 2520 3877 2609 3917; x_wconf 90' lang='lat' dir='ltr'><strong>eas</strong></span> <span class='ocrx_word' id='word_1_678' title='bbox 2637 3862 2738 3931; x_wconf 87' lang='lat' dir='ltr'><strong>tegi</strong></span> <span class='ocrx_word' id='word_1_679' title='bbox 2770 3862 2985 3917; x_wconf 89' lang='lat' dir='ltr'><strong>minime</strong></span> <span class='ocrx_word' id='word_1_680' title='bbox 3013 3865 3199 3932; x_wconf 90' lang='lat' dir='ltr'><strong>patiar.</strong></span> <span class='ocrx_word' id='word_1_681' title='bbox 3253 3865 3467 3921; x_wconf 83' lang='lat' dir='ltr'><strong>Factum</strong></span> <span class='ocrx_word' id='word_1_682' title='bbox 3517 3878 3600 3922; x_wconf 88' lang='lat' dir='ltr'><strong>est</strong></span> 
     </span>
    </p>
   </div>
   <div class='ocr_carea' id='block_1_85' title="bbox 2026 3953 3601 4027">
    <p class='ocr_par' dir='ltr' id='par_1_85' title="bbox 2026 3953 3601 4027">
     <span class='ocr_line' id='line_1_85' title="bbox 2026 3953 3601 4027; baseline 0.004 -21"><span class='ocrx_word' id='word_1_683' title='bbox 2026 3964 2202 4009; x_wconf 90' lang='lat' dir='ltr'><strong>autem</strong></span> <span class='ocrx_word' id='word_1_684' title='bbox 2234 3963 2292 4007; x_wconf 91' lang='lat' dir='ltr'><strong>ut</strong></span> <span class='ocrx_word' id='word_1_685' title='bbox 2327 3968 2462 4021; x_wconf 86' lang='lat' dir='ltr'><strong>aqua</strong></span> <span class='ocrx_word' id='word_1_686' title='bbox 2492 3953 2544 4007; x_wconf 91' lang='lat' dir='ltr'><strong>in</strong></span> <span class='ocrx_word' id='word_1_687' title='bbox 2586 3953 2704 4007; x_wconf 91' lang='lat' dir='ltr'><strong>loco</strong></span> <span class='ocrx_word' id='word_1_688' title='bbox 2733 3968 2836 4007; x_wconf 91' lang='lat' dir='ltr'><strong>non</strong></span> <span class='ocrx_word' id='word_1_689' title='bbox 2867 3956 3214 4024; x_wconf 89' lang='lat' dir='ltr'><strong>inveniretur,</strong></span> <span class='ocrx_word' id='word_1_690' title='bbox 3250 3966 3310 4012; x_wconf 90' lang='lat' dir='ltr'><strong>et</strong></span> <span class='ocrx_word' id='word_1_691' title='bbox 3338 3966 3478 4012; x_wconf 88' lang='lat' dir='ltr'><strong>totus</strong></span> <span class='ocrx_word' id='word_1_692' title='bbox 3507 3973 3601 4027; x_wconf 87' lang='lat' dir='ltr'><strong>po-</strong></span> 
     </span>
    </p>
   </div>
   <div class='ocr_carea' id='block_1_86' title="bbox 2028 4042 3599 4115">
    <p class='ocr_par' dir='ltr' id='par_1_86' title="bbox 2028 4042 3599 4115">
     <span class='ocr_line' id='line_1_86' title="bbox 2028 4042 3599 4115; baseline 0.001 -18"><span class='ocrx_word' id='word_1_693' title='bbox 2028 4045 2181 4113; x_wconf 91' lang='lat' dir='ltr'><strong>pulus</strong></span> <span class='ocrx_word' id='word_1_694' title='bbox 2234 4042 2651 4109; x_wconf 87' lang='lat' dir='ltr'><strong>periclitabatur,</strong></span> <span class='ocrx_word' id='word_1_695' title='bbox 2698 4050 2751 4095; x_wconf 90' lang='lat' dir='ltr'><strong>et</strong></span> <span class='ocrx_word' id='word_1_696' title='bbox 2798 4043 2974 4096; x_wconf 88' lang='lat' dir='ltr'><strong>omnia</strong></span> <span class='ocrx_word' id='word_1_697' title='bbox 3015 4044 3260 4099; x_wconf 88' lang='lat' dir='ltr'><strong>animalia</strong></span> <span class='ocrx_word' id='word_1_698' title='bbox 3302 4052 3409 4113; x_wconf 66' lang='lat' dir='ltr'><strong>prae</strong></span> <span class='ocrx_word' id='word_1_699' title='bbox 3448 4061 3599 4115; x_wconf 69' lang='lat' dir='ltr'><strong>aqua)</strong></span> 
     </span>
    </p>
   </div>
   <div class='ocr_carea' id='block_1_87' title="bbox 2033 4130 3600 4203">
    <p class='ocr_par' dir='ltr' id='par_1_87' title="bbox 2033 4130 3600 4203">
     <span class='ocr_line' id='line_1_87' title="bbox 2033 4130 3600 4203; baseline 0.001 -17"><span class='ocrx_word' id='word_1_700' title='bbox 2033 4135 2271 4203; x_wconf 77' lang='lat' dir='ltr'><strong>penuria.</strong></span> <span class='ocrx_word' id='word_1_701' title='bbox 2308 4130 2503 4186; x_wconf 73' lang='lat' dir='ltr'><strong>Videns</strong></span> <span class='ocrx_word' id='word_1_702' title='bbox 2542 4145 2670 4184; x_wconf 91' lang='lat' dir='ltr'><strong>vero</strong></span> <span class='ocrx_word' id='word_1_703' title='bbox 2719 4140 2932 4185; x_wconf 91' lang='lat' dir='ltr'><strong>sanctus</strong></span> <span class='ocrx_word' id='word_1_704' title='bbox 2971 4131 3190 4187; x_wconf 90' lang='lat' dir='ltr'><strong>Simeon</strong></span> <span class='ocrx_word' id='word_1_705' title='bbox 3230 4135 3600 4189; x_wconf 82' lang='lat' dir='ltr'><strong>conttitionem</strong></span> 
     </span>
    </p>
   </div>
   <div class='ocr_carea' id='block_1_88' title="bbox 2031 4222 3599 4284">
    <p class='ocr_par' dir='ltr' id='par_1_88' title="bbox 2031 4222 3599 4284">
     <span class='ocr_line' id='line_1_88' title="bbox 2031 4222 3599 4284; baseline 0.001 -6"><span class='ocrx_word' id='word_1_706' title='bbox 2031 4240 2238 4284; x_wconf 90' lang='lat' dir='ltr'><strong>eorum.</strong></span> <span class='ocrx_word' id='word_1_707' title='bbox 2264 4223 2486 4277; x_wconf 90' lang='lat' dir='ltr'><strong>stetitad</strong></span> <span class='ocrx_word' id='word_1_708' title='bbox 2509 4222 2826 4276; x_wconf 88' lang='lat' dir='ltr'><strong>orationem.</strong></span> <span class='ocrx_word' id='word_1_709' title='bbox 2851 4224 3001 4278; x_wconf 88' lang='lat' dir='ltr'><strong>Circa</strong></span> <span class='ocrx_word' id='word_1_710' title='bbox 3023 4225 3280 4279; x_wconf 90' lang='lat' dir='ltr'><strong>decimam</strong></span> <span class='ocrx_word' id='word_1_711' title='bbox 3304 4236 3477 4281; x_wconf 88' lang='lat' dir='ltr'><strong>autem</strong></span> <span class='ocrx_word' id='word_1_712' title='bbox 3495 4227 3599 4282; x_wconf 90' lang='lat' dir='ltr'><strong>diei</strong></span> 
     </span>
    </p>
   </div>
   <div class='ocr_carea' id='block_1_89' title="bbox 2034 4312 3604 4382">
    <p class='ocr_par' dir='ltr' id='par_1_89' title="bbox 2034 4312 3604 4382">
     <span class='ocr_line' id='line_1_89' title="bbox 2034 4312 3604 4382; baseline 0.002 -15"><span class='ocrx_word' id='word_1_713' title='bbox 2034 4316 2216 4368; x_wconf 91' lang='lat' dir='ltr'><strong>horam</strong></span> <span class='ocrx_word' id='word_1_714' title='bbox 2250 4314 2428 4369; x_wconf 87' lang='lat' dir='ltr'><strong>subito</strong></span> <span class='ocrx_word' id='word_1_715' title='bbox 2457 4312 2669 4382; x_wconf 90' lang='lat' dir='ltr'><strong>dirupta</strong></span> <span class='ocrx_word' id='word_1_716' title='bbox 2700 4322 2782 4368; x_wconf 89' lang='lat' dir='ltr'><strong>est</strong></span> <span class='ocrx_word' id='word_1_717' title='bbox 2811 4322 2972 4379; x_wconf 90' lang='lat' dir='ltr'><strong>terra,</strong></span> <span class='ocrx_word' id='word_1_718' title='bbox 3010 4324 3066 4369; x_wconf 91' lang='lat' dir='ltr'><strong>et</strong></span> <span class='ocrx_word' id='word_1_719' title='bbox 3092 4315 3285 4371; x_wconf 80' lang='lat' dir='ltr'><strong>factum</strong></span> <span class='ocrx_word' id='word_1_720' title='bbox 3321 4327 3403 4371; x_wconf 89' lang='lat' dir='ltr'><strong>est</strong></span> <span class='ocrx_word' id='word_1_721' title='bbox 3441 4317 3604 4371; x_wconf 88' lang='lat' dir='ltr'><strong>chaos</strong></span> 
     </span>
    </p>
   </div>
   <div class='ocr_carea' id='block_1_90' title="bbox 2035 4404 3606 4473">
    <p class='ocr_par' dir='ltr' id='par_1_90' title="bbox 2035 4404 3606 4473">
     <span class='ocr_line' id='line_1_90' title="bbox 2035 4404 3606 4473; baseline 0.001 -15"><span class='ocrx_word' id='word_1_722' title='bbox 2035 4420 2281 4473; x_wconf 88' lang='lat' dir='ltr'><strong>magnum</strong></span> <span class='ocrx_word' id='word_1_723' title='bbox 2312 4406 2380 4459; x_wconf 88' lang='lat' dir='ltr'><strong>ab</strong></span> <span class='ocrx_word' id='word_1_724' title='bbox 2411 4406 2665 4460; x_wconf 86' lang='lat' dir='ltr'><strong>Orientali</strong></span> <span class='ocrx_word' id='word_1_725' title='bbox 2698 4414 2846 4473; x_wconf 80' lang='lat' dir='ltr'><strong>parte</strong></span> <span class='ocrx_word' id='word_1_726' title='bbox 2875 4404 3040 4472; x_wconf 84' lang='lat' dir='ltr'><strong>ipsius</strong></span> <span class='ocrx_word' id='word_1_727' title='bbox 3066 4405 3373 4460; x_wconf 90' lang='lat' dir='ltr'><strong>monasterii</strong></span> <span class='ocrx_word' id='word_1_728' title='bbox 3398 4422 3412 4469; x_wconf 93' lang='lat'><strong>;</strong></span> <span class='ocrx_word' id='word_1_729' title='bbox 3441 4416 3495 4459; x_wconf 90' lang='lat' dir='ltr'><strong>et</strong></span> <span class='ocrx_word' id='word_1_730' title='bbox 3523 4407 3606 4459; x_wconf 90' lang='lat' dir='ltr'><strong>in-</strong></span> 
     </span>
    </p>
   </div>
   <div class='ocr_carea' id='block_1_91' title="bbox 349 4489 3609 4565">
    <p class='ocr_par' dir='ltr' id='par_1_91' title="bbox 349 4489 3609 4565">
     <span class='ocr_line' id='line_1_91' title="bbox 349 4489 3609 4565; baseline -0.006 -12"><span class='ocrx_word' id='word_1_731' title='bbox 349 4501 526 4553; x_wconf 84' lang='lat' dir='ltr'><strong>statim</strong></span> <span class='ocrx_word' id='word_1_732' title='bbox 572 4497 803 4551; x_wconf 89' lang='lat' dir='ltr'><strong>reddidit</strong></span> <span class='ocrx_word' id='word_1_733' title='bbox 853 4494 1118 4563; x_wconf 79' lang='lat' dir='ltr'><strong>Spiritum.</strong></span> <span class='ocrx_word' id='word_1_734' title='bbox 1169 4489 1495 4558; x_wconf 87' lang='lat' dir='ltr'><strong>Colligentes</strong></span> <span class='ocrx_word' id='word_1_735' title='bbox 1543 4502 1673 4541; x_wconf 90' lang='lat' dir='ltr'><strong>vero</strong></span> <span class='ocrx_word' id='word_1_736' title='bbox 1736 4501 1924 4553; x_wconf 79' lang='lat' dir='ltr'><strong>corpu~</strong></span> <span class='ocrx_word' id='word_1_737' title='bbox 1958 4506 2008 4565; x_wconf 73' lang='grc' dir='ltr'><strong>Ι)</strong></span> <span class='ocrx_word' id='word_1_738' title='bbox 2032 4504 2190 4548; x_wconf 70' lang='lat' dir='ltr'><strong>venia</strong></span> <span class='ocrx_word' id='word_1_739' title='bbox 2216 4503 2298 4548; x_wconf 62' lang='lat' dir='ltr'><strong>est</strong></span> <span class='ocrx_word' id='word_1_740' title='bbox 2321 4496 2470 4563; x_wconf 74' lang='lat' dir='ltr'><strong>quasi</strong></span> <span class='ocrx_word' id='word_1_741' title='bbox 2497 4495 2769 4564; x_wconf 61' lang='lat' dir='ltr'><strong>spelunca,</strong></span> <span class='ocrx_word' id='word_1_742' title='bbox 2802 4492 3242 4547; x_wconf 58' lang='lat' dir='ltr'><strong>inmsiimabmwr</strong></span> <span class='ocrx_word' id='word_1_743' title='bbox 3262 4494 3482 4547; x_wconf 60' lang='lat' dir='ltr'><strong>mutum</strong></span> <span class='ocrx_word' id='word_1_744' title='bbox 3511 4494 3609 4546; x_wconf 67' lang='lat' dir='ltr'><strong>ha-</strong></span> 
     </span>
    </p>
   </div>
   <div class='ocr_carea' id='block_1_92' title="bbox 348 4582 1931 4657">
    <p class='ocr_par' dir='ltr' id='par_1_92' title="bbox 348 4582 1931 4657">
     <span class='ocr_line' id='line_1_92' title="bbox 348 4582 1931 4657; baseline -0.008 -11"><span class='ocrx_word' id='word_1_745' title='bbox 348 4594 553 4645; x_wconf 85' lang='lat' dir='ltr'><strong>sculum</strong></span> <span class='ocrx_word' id='word_1_746' title='bbox 584 4591 723 4657; x_wconf 86' lang='lat' dir='ltr'><strong>ejus,</strong></span> <span class='ocrx_word' id='word_1_747' title='bbox 755 4588 1097 4641; x_wconf 83' lang='lat' dir='ltr'><strong>adduxerunt</strong></span> <span class='ocrx_word' id='word_1_748' title='bbox 1152 4586 1205 4638; x_wconf 92' lang='lat' dir='ltr'><strong>in</strong></span> <span class='ocrx_word' id='word_1_749' title='bbox 1246 4592 1532 4653; x_wconf 90' lang='lat' dir='ltr'><strong>conspectu</strong></span> <span class='ocrx_word' id='word_1_750' title='bbox 1563 4582 1700 4651; x_wconf 91' lang='lat' dir='ltr'><strong>ejus.</strong></span> <span class='ocrx_word' id='word_1_751' title='bbox 1734 4582 1798 4633; x_wconf 82' lang='lat' dir='ltr'><strong>Et</strong></span> <span class='ocrx_word' id='word_1_752' title='bbox 1844 4582 1931 4635; x_wconf 89' lang='lat' dir='ltr'><strong>ille</strong></span> 
     </span>
    </p>
   </div>
   <div class='ocr_carea' id='block_1_93' title="bbox 348 4674 1933 4749">
    <p class='ocr_par' dir='ltr' id='par_1_93' title="bbox 348 4674 1933 4749">
     <span class='ocr_line' id='line_1_93' title="bbox 348 4674 1933 4749; baseline -0.008 -12"><span class='ocrx_word' id='word_1_753' title='bbox 348 4684 501 4749; x_wconf 77' lang='lat' dir='ltr'><strong>ﬂens,</strong></span> <span class='ocrx_word' id='word_1_754' title='bbox 522 4683 596 4735; x_wconf 88' lang='lat' dir='ltr'><strong>ait</strong></span> <span class='ocrx_word' id='word_1_755' title='bbox 620 4698 634 4733; x_wconf 89' lang='lat'><strong>:</strong></span> <span class='ocrx_word' id='word_1_756' title='bbox 668 4681 919 4734; x_wconf 89' lang='lat' dir='ltr'><strong>Dominus</strong></span> <span class='ocrx_word' id='word_1_757' title='bbox 940 4678 1189 4745; x_wconf 87' lang='lat' dir='ltr'><strong>suscipiat</strong></span> <span class='ocrx_word' id='word_1_758' title='bbox 1219 4686 1271 4730; x_wconf 92' lang='lat' dir='ltr'><strong>te</strong></span> <span class='ocrx_word' id='word_1_759' title='bbox 1298 4678 1351 4727; x_wconf 89' lang='lat' dir='ltr'><strong>in</strong></span> <span class='ocrx_word' id='word_1_760' title='bbox 1374 4674 1586 4744; x_wconf 90' lang='lat' dir='ltr'><strong>gaudio,</strong></span> <span class='ocrx_word' id='word_1_761' title='bbox 1612 4674 1735 4743; x_wconf 88' lang='lat' dir='ltr'><strong>quia</strong></span> <span class='ocrx_word' id='word_1_762' title='bbox 1764 4674 1933 4727; x_wconf 90' lang='lat' dir='ltr'><strong>tribu-</strong></span> 
     </span>
    </p>
   </div>
   <div class='ocr_carea' id='block_1_94' title="bbox 352 4765 1932 4841">
    <p class='ocr_par' dir='ltr' id='par_1_94' title="bbox 352 4765 1932 4841">
     <span class='ocr_line' id='line_1_94' title="bbox 352 4765 1932 4841; baseline -0.006 -14"><span class='ocrx_word' id='word_1_763' title='bbox 352 4778 459 4828; x_wconf 80' lang='lat' dir='ltr'><strong>lata</strong></span> <span class='ocrx_word' id='word_1_764' title='bbox 481 4790 538 4828; x_wconf 90' lang='lat' dir='ltr'><strong>es</strong></span> <span class='ocrx_word' id='word_1_765' title='bbox 572 4781 786 4841; x_wconf 89' lang='lat' dir='ltr'><strong>propter</strong></span> <span class='ocrx_word' id='word_1_766' title='bbox 818 4786 924 4836; x_wconf 91' lang='lat' dir='ltr'><strong>me,</strong></span> <span class='ocrx_word' id='word_1_767' title='bbox 944 4779 1001 4825; x_wconf 89' lang='lat' dir='ltr'><strong>et</strong></span> <span class='ocrx_word' id='word_1_768' title='bbox 1023 4769 1242 4838; x_wconf 88' lang='lat' dir='ltr'><strong>portasti</strong></span> <span class='ocrx_word' id='word_1_769' title='bbox 1266 4782 1352 4821; x_wconf 90' lang='lat' dir='ltr'><strong>me</strong></span> <span class='ocrx_word' id='word_1_770' title='bbox 1398 4768 1452 4821; x_wconf 93' lang='lat' dir='ltr'><strong>in</strong></span> <span class='ocrx_word' id='word_1_771' title='bbox 1481 4776 1632 4819; x_wconf 88' lang='lat' dir='ltr'><strong>utero</strong></span> <span class='ocrx_word' id='word_1_772' title='bbox 1662 4765 1932 4818; x_wconf 87' lang='lat' dir='ltr'><strong>mensibus</strong></span> 
     </span>
    </p>
   </div>
   <div class='ocr_carea' id='block_1_95' title="bbox 351 4854 1932 4930">
    <p class='ocr_par' dir='ltr' id='par_1_95' title="bbox 351 4854 1932 4930">
     <span class='ocr_line' id='line_1_95' title="bbox 351 4854 1932 4930; baseline -0.007 -12"><span class='ocrx_word' id='word_1_773' title='bbox 351 4879 570 4927; x_wconf 86' lang='lat' dir='ltr'><strong>novem,</strong></span> <span class='ocrx_word' id='word_1_774' title='bbox 594 4869 754 4930; x_wconf 89' lang='lat' dir='ltr'><strong>atque</strong></span> <span class='ocrx_word' id='word_1_775' title='bbox 773 4861 981 4914; x_wconf 90' lang='lat' dir='ltr'><strong>lactasti</strong></span> <span class='ocrx_word' id='word_1_776' title='bbox 1012 4858 1165 4912; x_wconf 89' lang='lat' dir='ltr'><strong>simul</strong></span> <span class='ocrx_word' id='word_1_777' title='bbox 1191 4858 1353 4911; x_wconf 90' lang='lat' dir='ltr'><strong>etiam</strong></span> <span class='ocrx_word' id='word_1_778' title='bbox 1382 4865 1435 4910; x_wconf 90' lang='lat' dir='ltr'><strong>et</strong></span> <span class='ocrx_word' id='word_1_779' title='bbox 1462 4855 1672 4908; x_wconf 90' lang='lat' dir='ltr'><strong>nutristi</strong></span> <span class='ocrx_word' id='word_1_780' title='bbox 1700 4870 1821 4911; x_wconf 89' lang='lat' dir='ltr'><strong>cum</strong></span> <span class='ocrx_word' id='word_1_781' title='bbox 1855 4854 1932 4908; x_wconf 78' lang='lat' dir='ltr'><strong>la-</strong></span> 
     </span>
    </p>
   </div>
   <div class='ocr_carea' id='block_1_96' title="bbox 346 4944 1930 5012">
    <p class='ocr_par' dir='ltr' id='par_1_96' title="bbox 346 4944 1930 5012">
     <span class='ocr_line' id='line_1_96' title="bbox 346 4944 1930 5012; baseline -0.005 -7"><span class='ocrx_word' id='word_1_782' title='bbox 346 4958 501 5007; x_wconf 79' lang='lat' dir='ltr'><strong>bore.</strong></span> <span class='ocrx_word' id='word_1_783' title='bbox 532 4951 659 5004; x_wconf 63' lang='lat' dir='ltr'><strong>Haec</strong></span> <span class='ocrx_word' id='word_1_784' title='bbox 709 4965 774 5005; x_wconf 90' lang='lat' dir='ltr'><strong>eo</strong></span> <span class='ocrx_word' id='word_1_785' title='bbox 826 4950 1075 5012; x_wconf 69' lang='lat' dir='ltr'><strong>dicente,</strong></span> <span class='ocrx_word' id='word_1_786' title='bbox 1129 4948 1313 5001; x_wconf 86' lang='lat' dir='ltr'><strong>matris</strong></span> <span class='ocrx_word' id='word_1_787' title='bbox 1362 4945 1541 4999; x_wconf 90' lang='lat' dir='ltr'><strong>vultus</strong></span> <span class='ocrx_word' id='word_1_788' title='bbox 1590 4944 1841 5009; x_wconf 89' lang='lat' dir='ltr'><strong>sudabat,</strong></span> <span class='ocrx_word' id='word_1_789' title='bbox 1873 4950 1930 4997; x_wconf 87' lang='lat' dir='ltr'><strong>et</strong></span> 
     </span>
    </p>
   </div>
   <div class='ocr_carea' id='block_1_97' title="bbox 341 5033 1928 5110">
    <p class='ocr_par' dir='ltr' id='par_1_97' title="bbox 341 5033 1928 5110">
     <span class='ocr_line' id='line_1_97' title="bbox 341 5033 1928 5110; baseline -0.007 -14"><span class='ocrx_word' id='word_1_790' title='bbox 341 5057 546 5110; x_wconf 59' lang='lat' dir='ltr'><strong>Corpus</strong></span> <span class='ocrx_word' id='word_1_791' title='bbox 567 5040 683 5108; x_wconf 89' lang='lat' dir='ltr'><strong>ejus</strong></span> <span class='ocrx_word' id='word_1_792' title='bbox 708 5048 1029 5094; x_wconf 90' lang='lat' dir='ltr'><strong>commotum</strong></span> <span class='ocrx_word' id='word_1_793' title='bbox 1058 5046 1160 5100; x_wconf 90' lang='lat' dir='ltr'><strong>est,</strong></span> <span class='ocrx_word' id='word_1_794' title='bbox 1192 5036 1345 5089; x_wconf 88' lang='lat' dir='ltr'><strong>nobis</strong></span> <span class='ocrx_word' id='word_1_795' title='bbox 1368 5036 1613 5089; x_wconf 89' lang='lat' dir='ltr'><strong>omnibus</strong></span> <span class='ocrx_word' id='word_1_796' title='bbox 1640 5033 1928 5103; x_wconf 87' lang='lat' dir='ltr'><strong>inspicien-</strong></span> 
     </span>
    </p>
   </div>
   <div class='ocr_carea' id='block_1_98' title="bbox 350 5122 1930 5185">
    <p class='ocr_par' dir='ltr' id='par_1_98' title="bbox 350 5122 1930 5185">
     <span class='ocr_line' id='line_1_98' title="bbox 350 5122 1930 5185; baseline -0.003 -4"><span class='ocrx_word' id='word_1_797' title='bbox 350 5133 518 5183; x_wconf 59' lang='lat' dir='ltr'><strong>tibus.</strong></span> <span class='ocrx_word' id='word_1_798' title='bbox 543 5130 635 5182; x_wconf 90' lang='lat' dir='ltr'><strong>Ille</strong></span> <span class='ocrx_word' id='word_1_799' title='bbox 653 5139 830 5181; x_wconf 89' lang='lat' dir='ltr'><strong>autem</strong></span> <span class='ocrx_word' id='word_1_800' title='bbox 854 5126 1065 5180; x_wconf 89' lang='lat' dir='ltr'><strong>elevans</strong></span> <span class='ocrx_word' id='word_1_801' title='bbox 1089 5125 1269 5179; x_wconf 84' lang='lat' dir='ltr'><strong>oculos</strong></span> <span class='ocrx_word' id='word_1_802' title='bbox 1300 5123 1366 5177; x_wconf 87' lang='lat' dir='ltr'><strong>ad</strong></span> <span class='ocrx_word' id='word_1_803' title='bbox 1386 5124 1603 5185; x_wconf 88' lang='lat' dir='ltr'><strong>coelum,</strong></span> <span class='ocrx_word' id='word_1_804' title='bbox 1627 5123 1761 5175; x_wconf 84' lang='lat' dir='ltr'><strong>dixit</strong></span> <span class='ocrx_word' id='word_1_805' title='bbox 1788 5140 1801 5174; x_wconf 86' lang='lat'><strong>:</strong></span> <span class='ocrx_word' id='word_1_806' title='bbox 1829 5122 1930 5177; x_wconf 87' lang='lat' dir='ltr'><strong>Do-</strong></span> 
     </span>
    </p>
   </div>
   <div class='ocr_carea' id='block_1_99' title="bbox 349 5215 1931 5287">
    <p class='ocr_par' dir='ltr' id='par_1_99' title="bbox 349 5215 1931 5287">
     <span class='ocr_line' id='line_1_99' title="bbox 349 5215 1931 5287; baseline -0.002 -15"><span class='ocrx_word' id='word_1_807' title='bbox 349 5224 499 5275; x_wconf 84' lang='lat' dir='ltr'><strong>mine</strong></span> <span class='ocrx_word' id='word_1_808' title='bbox 514 5223 652 5276; x_wconf 91' lang='lat' dir='ltr'><strong>Deus</strong></span> <span class='ocrx_word' id='word_1_809' title='bbox 668 5222 917 5275; x_wconf 90' lang='lat' dir='ltr'><strong>virtutum</strong></span> <span class='ocrx_word' id='word_1_810' title='bbox 929 5220 1034 5287; x_wconf 81' lang='lat' dir='ltr'><strong>,qni</strong></span> <span class='ocrx_word' id='word_1_811' title='bbox 1050 5218 1205 5273; x_wconf 90' lang='lat' dir='ltr'><strong>sedes</strong></span> <span class='ocrx_word' id='word_1_812' title='bbox 1219 5233 1278 5270; x_wconf 90' lang='lat' dir='ltr'><strong>su</strong></span> <span class='ocrx_word' id='word_1_813' title='bbox 1288 5215 1693 5283; x_wconf 88' lang='lat' dir='ltr'><strong>perCherubim,</strong></span> <span class='ocrx_word' id='word_1_814' title='bbox 1709 5222 1766 5268; x_wconf 89' lang='lat' dir='ltr'><strong>et</strong></span> <span class='ocrx_word' id='word_1_815' title='bbox 1780 5229 1931 5269; x_wconf 88' lang='lat' dir='ltr'><strong>scru-</strong></span> 
     </span>
    </p>
   </div>
   <div class='ocr_carea' id='block_1_100' title="bbox 360 5305 1929 5379">
    <p class='ocr_par' dir='ltr' id='par_1_100' title="bbox 360 5305 1929 5379">
     <span class='ocr_line' id='line_1_100' title="bbox 360 5305 1929 5379; baseline -0.004 -16"><span class='ocrx_word' id='word_1_816' title='bbox 360 5316 488 5366; x_wconf 84' lang='lat' dir='ltr'><strong>taris</strong></span> <span class='ocrx_word' id='word_1_817' title='bbox 504 5314 837 5367; x_wconf 81' lang='lat' dir='ltr'><strong>fundamenta</strong></span> <span class='ocrx_word' id='word_1_818' title='bbox 850 5309 1043 5379; x_wconf 85' lang='lat' dir='ltr'><strong>abyssi,</strong></span> <span class='ocrx_word' id='word_1_819' title='bbox 1060 5309 1146 5377; x_wconf 89' lang='lat' dir='ltr'><strong>qui</strong></span> <span class='ocrx_word' id='word_1_820' title='bbox 1162 5306 1450 5374; x_wconf 81' lang='lat' dir='ltr'><strong>cognoviSti</strong></span> <span class='ocrx_word' id='word_1_821' title='bbox 1470 5305 1631 5357; x_wconf 78' lang='lat' dir='ltr'><strong>Adam</strong></span> <span class='ocrx_word' id='word_1_822' title='bbox 1646 5314 1929 5371; x_wconf 87' lang='lat' dir='ltr'><strong>antequam</strong></span> 
     </span>
    </p>
   </div>
   <div class='ocr_carea' id='block_1_101' title="bbox 359 5395 1934 5472">
    <p class='ocr_par' dir='ltr' id='par_1_101' title="bbox 359 5395 1934 5472">
     <span class='ocr_line' id='line_1_101' title="bbox 359 5395 1934 5472; baseline -0.004 -16"><span class='ocrx_word' id='word_1_823' title='bbox 359 5404 614 5471; x_wconf 88' lang='lat' dir='ltr'><strong>esset,qui</strong></span> <span class='ocrx_word' id='word_1_824' title='bbox 633 5401 919 5472; x_wconf 87' lang='lat' dir='ltr'><strong>promisisti</strong></span> <span class='ocrx_word' id='word_1_825' title='bbox 932 5401 1077 5469; x_wconf 87' lang='lat' dir='ltr'><strong>regni</strong></span> <span class='ocrx_word' id='word_1_826' title='bbox 1092 5400 1347 5454; x_wconf 74' lang='lat' dir='ltr'><strong>cmlorum</strong></span> <span class='ocrx_word' id='word_1_827' title='bbox 1366 5395 1576 5450; x_wconf 87' lang='lat' dir='ltr'><strong>divitias</strong></span> <span class='ocrx_word' id='word_1_828' title='bbox 1592 5395 1934 5465; x_wconf 87' lang='lat' dir='ltr'><strong>diligentibus</strong></span> 
     </span>
    </p>
   </div>
   <div class='ocr_carea' id='block_1_102' title="bbox 364 5484 1931 5562">
    <p class='ocr_par' dir='ltr' id='par_1_102' title="bbox 364 5484 1931 5562">
     <span class='ocr_line' id='line_1_102' title="bbox 364 5484 1931 5562; baseline -0.006 -16"><span class='ocrx_word' id='word_1_829' title='bbox 364 5503 439 5558; x_wconf 89' lang='lat' dir='ltr'><strong>te,</strong></span> <span class='ocrx_word' id='word_1_830' title='bbox 463 5494 551 5562; x_wconf 92' lang='lat' dir='ltr'><strong>qui</strong></span> <span class='ocrx_word' id='word_1_831' title='bbox 580 5488 784 5548; x_wconf 84' lang='lat' dir='ltr'><strong>locutus</strong></span> <span class='ocrx_word' id='word_1_832' title='bbox 806 5508 864 5547; x_wconf 89' lang='lat' dir='ltr'><strong>es</strong></span> <span class='ocrx_word' id='word_1_833' title='bbox 887 5491 1048 5562; x_wconf 79' lang='lat' dir='ltr'><strong>Moysi</strong></span> <span class='ocrx_word' id='word_1_834' title='bbox 1066 5491 1120 5545; x_wconf 90' lang='lat' dir='ltr'><strong>iu</strong></span> <span class='ocrx_word' id='word_1_835' title='bbox 1153 5489 1285 5543; x_wconf 88' lang='lat' dir='ltr'><strong>rubo</strong></span> <span class='ocrx_word' id='word_1_836' title='bbox 1308 5487 1443 5556; x_wconf 85' lang='lat' dir='ltr'><strong>ignis</strong></span> <span class='ocrx_word' id='word_1_837' title='bbox 1475 5485 1672 5557; x_wconf 75' lang='lat' dir='ltr'><strong>(Exod.</strong></span> <span class='ocrx_word' id='word_1_838' title='bbox 1715 5484 1816 5553; x_wconf 88' lang='grc' dir='ltr'>ιιι),</span> <span class='ocrx_word' id='word_1_839' title='bbox 1844 5488 1931 5553; x_wconf 83' lang='lat' dir='ltr'><strong>qui</strong></span> 
     </span>
    </p>
   </div>
   <div class='ocr_carea' id='block_1_103' title="bbox 365 5573 1935 5648">
    <p class='ocr_par' dir='ltr' id='par_1_103' title="bbox 365 5573 1935 5648">
     <span class='ocr_line' id='line_1_103' title="bbox 365 5573 1935 5648; baseline -0.006 -11"><span class='ocrx_word' id='word_1_840' title='bbox 365 5582 681 5637; x_wconf 85' lang='lat' dir='ltr'><strong>benedixisti</strong></span> <span class='ocrx_word' id='word_1_841' title='bbox 699 5581 958 5635; x_wconf 82' lang='lat' dir='ltr'><strong>Abraham</strong></span> <span class='ocrx_word' id='word_1_842' title='bbox 978 5591 1180 5648; x_wconf 87' lang='lat' dir='ltr'><strong>patrem</strong></span> <span class='ocrx_word' id='word_1_843' title='bbox 1197 5585 1435 5631; x_wconf 89' lang='lat' dir='ltr'><strong>nostrum</strong></span> <span class='ocrx_word' id='word_1_844' title='bbox 1461 5573 1615 5647; x_wconf 82' lang='lat' dir='ltr'><strong>(Gen.</strong></span> <span class='ocrx_word' id='word_1_845' title='bbox 1647 5576 1807 5643; x_wconf 66' lang='grc' dir='ltr'>χχιι).</span> <span class='ocrx_word' id='word_1_846' title='bbox 1846 5576 1935 5643; x_wconf 86' lang='lat' dir='ltr'><strong>qui</strong></span> 
     </span>
    </p>
   </div>
   <div class='ocr_carea' id='block_1_104' title="bbox 368 5673 1931 5744">
    <p class='ocr_par' dir='ltr' id='par_1_104' title="bbox 368 5673 1931 5744">
     <span class='ocr_line' id='line_1_104' title="bbox 368 5673 1931 5744; baseline 0.001 -17"><span class='ocrx_word' id='word_1_847' title='bbox 368 5674 657 5729; x_wconf 87' lang='lat' dir='ltr'><strong>introducis</strong></span> <span class='ocrx_word' id='word_1_848' title='bbox 700 5675 749 5727; x_wconf 89' lang='lat' dir='ltr'><strong>in</strong></span> <span class='ocrx_word' id='word_1_849' title='bbox 800 5673 1100 5740; x_wconf 83' lang='lat' dir='ltr'><strong>paradisum</strong></span> <span class='ocrx_word' id='word_1_850' title='bbox 1123 5674 1704 5744; x_wconf 89' lang='lat' dir='ltr'><strong>animasjustorum,et</strong></span> <span class='ocrx_word' id='word_1_851' title='bbox 1724 5673 1931 5729; x_wconf 87' lang='lat' dir='ltr'><strong>animas</strong></span> 
     </span>
    </p>
   </div>
   <div class='ocr_carea' id='block_1_105' title="bbox 650 5782 1237 5844">
    <p class='ocr_par' dir='ltr' id='par_1_105' title="bbox 650 5782 1237 5844">
     <span class='ocr_line' id='line_1_105' title="bbox 650 5782 1237 5844; baseline 0.002 -1"><span class='ocrx_word' id='word_1_852' title='bbox 650 5786 914 5844; x_wconf 66' lang='grc' dir='ltr'>Ρηιιοι.</span> <span class='ocrx_word' id='word_1_853' title='bbox 969 5782 1237 5844; x_wconf 78' lang='lat' dir='ltr'><strong>LXXIII</strong></span> 
     </span>
    </p>
   </div>
   <div class='ocr_carea' id='block_1_106' title="bbox 2032 4581 3606 4651">
    <p class='ocr_par' dir='ltr' id='par_1_106' title="bbox 2032 4581 3606 4651">
     <span class='ocr_line' id='line_1_106' title="bbox 2032 4581 3606 4651; baseline 0 -13"><span class='ocrx_word' id='word_1_854' title='bbox 2032 4584 2164 4638; x_wconf 90' lang='lat' dir='ltr'><strong>hens</strong></span> <span class='ocrx_word' id='word_1_855' title='bbox 2192 4599 2406 4651; x_wconf 85' lang='lat' dir='ltr'><strong>aquam.</strong></span> <span class='ocrx_word' id='word_1_856' title='bbox 2437 4585 2584 4638; x_wconf 86' lang='lat' dir='ltr'><strong>Tunc</strong></span> <span class='ocrx_word' id='word_1_857' title='bbox 2610 4583 2768 4651; x_wconf 87' lang='lat' dir='ltr'><strong>jussit</strong></span> <span class='ocrx_word' id='word_1_858' title='bbox 2790 4582 2895 4636; x_wconf 83' lang='lat' dir='ltr'><strong>fodi</strong></span> <span class='ocrx_word' id='word_1_859' title='bbox 2920 4590 3123 4650; x_wconf 90' lang='lat' dir='ltr'><strong>septem</strong></span> <span class='ocrx_word' id='word_1_860' title='bbox 3149 4581 3357 4647; x_wconf 87' lang='lat' dir='ltr'><strong>cubitis,</strong></span> <span class='ocrx_word' id='word_1_861' title='bbox 3380 4591 3436 4637; x_wconf 92' lang='lat' dir='ltr'><strong>et</strong></span> <span class='ocrx_word' id='word_1_862' title='bbox 3455 4600 3517 4638; x_wconf 83' lang='lat' dir='ltr'><strong>ex</strong></span> <span class='ocrx_word' id='word_1_863' title='bbox 3541 4599 3606 4638; x_wconf 91' lang='lat' dir='ltr'><strong>eo</strong></span> 
     </span>
    </p>
   </div>
   <div class='ocr_carea' id='block_1_107' title="bbox 2032 4672 3605 4743">
    <p class='ocr_par' dir='ltr' id='par_1_107' title="bbox 2032 4672 3605 4743">
     <span class='ocr_line' id='line_1_107' title="bbox 2032 4672 3605 4743; baseline -0.001 -16"><span class='ocrx_word' id='word_1_864' title='bbox 2032 4685 2274 4743; x_wconf 88' lang='lat' dir='ltr'><strong>tempore</strong></span> <span class='ocrx_word' id='word_1_865' title='bbox 2301 4673 2752 4740; x_wconf 86' lang='lat' dir='ltr'><strong>superabundavit</strong></span> <span class='ocrx_word' id='word_1_866' title='bbox 2776 4687 2911 4741; x_wconf 88' lang='lat' dir='ltr'><strong>aqua</strong></span> <span class='ocrx_word' id='word_1_867' title='bbox 2948 4672 3003 4726; x_wconf 92' lang='lat' dir='ltr'><strong>in</strong></span> <span class='ocrx_word' id='word_1_868' title='bbox 3054 4673 3147 4727; x_wconf 90' lang='lat' dir='ltr'><strong>illo</strong></span> <span class='ocrx_word' id='word_1_869' title='bbox 3187 4675 3303 4729; x_wconf 91' lang='lat' dir='ltr'><strong>loco</strong></span> <span class='ocrx_word' id='word_1_870' title='bbox 3344 4688 3511 4743; x_wconf 89' lang='lat' dir='ltr'><strong>usque</strong></span> <span class='ocrx_word' id='word_1_871' title='bbox 3549 4674 3605 4727; x_wconf 90' lang='lat' dir='ltr'><strong>in</strong></span> 
     </span>
    </p>
   </div>
   <div class='ocr_carea' id='block_1_108' title="bbox 2035 4762 3109 4832">
    <p class='ocr_par' dir='ltr' id='par_1_108' title="bbox 2035 4762 3109 4832">
     <span class='ocr_line' id='line_1_108' title="bbox 2035 4762 3109 4832; baseline -0.004 -15"><span class='ocrx_word' id='word_1_872' title='bbox 2035 4772 2349 4832; x_wconf 64' lang='lat' dir='ltr'><strong>praesentem</strong></span> <span class='ocrx_word' id='word_1_873' title='bbox 2377 4762 2539 4816; x_wconf 89' lang='lat' dir='ltr'><strong>diem.</strong></span> <span class='ocrx_word' id='word_1_874' title='bbox 3106 4820 3109 4821; x_wconf 22' lang='grc' dir='ltr'><em>ν</em></span> 
     </span>
    </p>
   </div>
   <div class='ocr_carea' id='block_1_109' title="bbox 2101 4852 3611 4921">
    <p class='ocr_par' dir='ltr' id='par_1_109' title="bbox 2101 4852 3611 4921">
     <span class='ocr_line' id='line_1_109' title="bbox 2101 4852 3611 4921; baseline 0 -14"><span class='ocrx_word' id='word_1_875' title='bbox 2101 4855 2217 4920; x_wconf 84' lang='lat' dir='ltr'><strong>Quo</strong></span> <span class='ocrx_word' id='word_1_876' title='bbox 2247 4855 2297 4907; x_wconf 91' lang='lat' dir='ltr'><strong>in</strong></span> <span class='ocrx_word' id='word_1_877' title='bbox 2328 4864 2567 4921; x_wconf 90' lang='lat' dir='ltr'><strong>tempore</strong></span> <span class='ocrx_word' id='word_1_878' title='bbox 2606 4861 2925 4921; x_wconf 76' lang='lat' dir='ltr'><strong>expetentes</strong></span> <span class='ocrx_word' id='word_1_879' title='bbox 2953 4853 3164 4921; x_wconf 87' lang='lat' dir='ltr'><strong>quidam</strong></span> <span class='ocrx_word' id='word_1_880' title='bbox 3189 4852 3258 4907; x_wconf 89' lang='lat' dir='ltr'><strong>de</strong></span> <span class='ocrx_word' id='word_1_881' title='bbox 3293 4853 3449 4920; x_wconf 91' lang='lat' dir='ltr'><strong>longe</strong></span> <span class='ocrx_word' id='word_1_882' title='bbox 3490 4868 3611 4907; x_wconf 80' lang='lat' dir='ltr'><strong>ora-</strong></span> 
     </span>
    </p>
   </div>
   <div class='ocr_carea' id='block_1_110' title="bbox 2035 4942 3614 5011">
    <p class='ocr_par' dir='ltr' id='par_1_110' title="bbox 2035 4942 3614 5011">
     <span class='ocr_line' id='line_1_110' title="bbox 2035 4942 3614 5011; baseline 0.001 -14"><span class='ocrx_word' id='word_1_883' title='bbox 2035 4944 2233 4999; x_wconf 89' lang='lat' dir='ltr'><strong>tionem</strong></span> <span class='ocrx_word' id='word_1_884' title='bbox 2262 4944 2429 5009; x_wconf 90' lang='lat' dir='ltr'><strong>ipsius</strong></span> <span class='ocrx_word' id='word_1_885' title='bbox 2467 4953 2521 4997; x_wconf 91' lang='lat' dir='ltr'><strong>et</strong></span> <span class='ocrx_word' id='word_1_886' title='bbox 2560 4958 2740 5011; x_wconf 91' lang='lat' dir='ltr'><strong>opera,</strong></span> <span class='ocrx_word' id='word_1_887' title='bbox 2785 4942 3078 4997; x_wconf 87' lang='lat' dir='ltr'><strong>meridiana</strong></span> <span class='ocrx_word' id='word_1_888' title='bbox 3112 4943 3239 4996; x_wconf 89' lang='lat' dir='ltr'><strong>hora</strong></span> <span class='ocrx_word' id='word_1_889' title='bbox 3283 4943 3614 4998; x_wconf 84' lang='lat' dir='ltr'><strong>diverterunt</strong></span> 
     </span>
    </p>
   </div>
   <div class='ocr_carea' id='block_1_111' title="bbox 2038 5033 3611 5104">
    <p class='ocr_par' dir='ltr' id='par_1_111' title="bbox 2038 5033 3611 5104">
     <span class='ocr_line' id='line_1_111' title="bbox 2038 5033 3611 5104; baseline 0.001 -17"><span class='ocrx_word' id='word_1_890' title='bbox 2038 5037 2310 5104; x_wconf 89' lang='lat' dir='ltr'><strong>paululum</strong></span> <span class='ocrx_word' id='word_1_891' title='bbox 2341 5036 2406 5089; x_wconf 92' lang='lat' dir='ltr'><strong>ad</strong></span> <span class='ocrx_word' id='word_1_892' title='bbox 2436 5034 2796 5088; x_wconf 90' lang='lat' dir='ltr'><strong>umbraculum</strong></span> <span class='ocrx_word' id='word_1_893' title='bbox 2824 5033 3033 5087; x_wconf 89' lang='lat' dir='ltr'><strong>arboris</strong></span> <span class='ocrx_word' id='word_1_894' title='bbox 3060 5042 3279 5101; x_wconf 86' lang='lat' dir='ltr'><strong>propter</strong></span> <span class='ocrx_word' id='word_1_895' title='bbox 3315 5043 3502 5088; x_wconf 69' lang='lat' dir='ltr'><strong>azstum</strong></span> <span class='ocrx_word' id='word_1_896' title='bbox 3544 5038 3611 5088; x_wconf 87' lang='lat' dir='ltr'><strong>ad</strong></span> 
     </span>
    </p>
   </div>
   <div class='ocr_carea' id='block_1_112' title="bbox 2039 5123 3616 5194">
    <p class='ocr_par' dir='ltr' id='par_1_112' title="bbox 2039 5123 3616 5194">
     <span class='ocr_line' id='line_1_112' title="bbox 2039 5123 3616 5194; baseline -0.003 -13"><span class='ocrx_word' id='word_1_897' title='bbox 2039 5128 2455 5193; x_wconf 88' lang='lat' dir='ltr'><strong>repausandum.</strong></span> <span class='ocrx_word' id='word_1_898' title='bbox 2497 5124 2735 5192; x_wconf 89' lang='lat' dir='ltr'><strong>Cumque</strong></span> <span class='ocrx_word' id='word_1_899' title='bbox 2771 5123 3039 5188; x_wconf 89' lang='lat' dir='ltr'><strong>sederent,</strong></span> <span class='ocrx_word' id='word_1_900' title='bbox 3079 5136 3206 5177; x_wconf 89' lang='lat' dir='ltr'><strong>ecce</strong></span> <span class='ocrx_word' id='word_1_901' title='bbox 3254 5123 3431 5177; x_wconf 89' lang='lat' dir='ltr'><strong>subito</strong></span> <span class='ocrx_word' id='word_1_902' title='bbox 3476 5138 3616 5194; x_wconf 70' lang='lat' dir='ltr'><strong>pra:-</strong></span> 
     </span>
    </p>
   </div>
   <div class='ocr_carea' id='block_1_113' title="bbox 2041 5212 3619 5284">
    <p class='ocr_par' dir='ltr' id='par_1_113' title="bbox 2041 5212 3619 5284">
     <span class='ocr_line' id='line_1_113' title="bbox 2041 5212 3619 5284; baseline 0.002 -19"><span class='ocrx_word' id='word_1_903' title='bbox 2041 5230 2207 5284; x_wconf 82' lang='lat' dir='ltr'><strong>gnans</strong></span> <span class='ocrx_word' id='word_1_904' title='bbox 2238 5230 2392 5268; x_wconf 90' lang='lat' dir='ltr'><strong>cerva</strong></span> <span class='ocrx_word' id='word_1_905' title='bbox 2426 5213 2728 5282; x_wconf 61' lang='lat' dir='ltr'><strong>praeteribat</strong></span> <span class='ocrx_word' id='word_1_906' title='bbox 2758 5228 2910 5266; x_wconf 92' lang='lat' dir='ltr'><strong>secus</strong></span> <span class='ocrx_word' id='word_1_907' title='bbox 2941 5212 3081 5277; x_wconf 90' lang='lat' dir='ltr'><strong>illos,</strong></span> <span class='ocrx_word' id='word_1_908' title='bbox 3113 5222 3167 5266; x_wconf 91' lang='lat' dir='ltr'><strong>et</strong></span> <span class='ocrx_word' id='word_1_909' title='bbox 3193 5212 3441 5267; x_wconf 88' lang='lat' dir='ltr'><strong>dixerunt</strong></span> <span class='ocrx_word' id='word_1_910' title='bbox 3469 5215 3535 5268; x_wconf 86' lang='lat' dir='ltr'><strong>ad</strong></span> <span class='ocrx_word' id='word_1_911' title='bbox 3560 5216 3619 5269; x_wconf 82' lang='lat' dir='ltr'><strong>il-</strong></span> 
     </span>
    </p>
   </div>
   <div class='ocr_carea' id='block_1_114' title="bbox 2045 5306 3613 5377">
    <p class='ocr_par' dir='ltr' id='par_1_114' title="bbox 2045 5306 3613 5377">
     <span class='ocr_line' id='line_1_114' title="bbox 2045 5306 3613 5377; baseline 0.001 -17"><span class='ocrx_word' id='word_1_912' title='bbox 2045 5309 2147 5360; x_wconf 89' lang='lat' dir='ltr'><strong>Iam</strong></span> <span class='ocrx_word' id='word_1_913' title='bbox 2178 5326 2188 5359; x_wconf 94' lang='lat'><strong>:</strong></span> <span class='ocrx_word' id='word_1_914' title='bbox 2216 5306 2317 5361; x_wconf 85' lang='lat' dir='ltr'><strong>Per</strong></span> <span class='ocrx_word' id='word_1_915' title='bbox 2343 5308 2637 5361; x_wconf 88' lang='lat' dir='ltr'><strong>orationem</strong></span> <span class='ocrx_word' id='word_1_916' title='bbox 2669 5306 2835 5360; x_wconf 89' lang='lat' dir='ltr'><strong>sancti</strong></span> <span class='ocrx_word' id='word_1_917' title='bbox 2869 5308 3138 5362; x_wconf 91' lang='lat' dir='ltr'><strong>Simeonis</strong></span> <span class='ocrx_word' id='word_1_918' title='bbox 3170 5316 3220 5362; x_wconf 92' lang='lat' dir='ltr'><strong>te</strong></span> <span class='ocrx_word' id='word_1_919' title='bbox 3240 5308 3613 5377; x_wconf 86' lang='lat' dir='ltr'><strong>conjuramus:</strong></span> 
     </span>
    </p>
   </div>
   <div class='ocr_carea' id='block_1_115' title="bbox 2048 5397 3621 5466">
    <p class='ocr_par' dir='ltr' id='par_1_115' title="bbox 2048 5397 3621 5466">
     <span class='ocr_line' id='line_1_115' title="bbox 2048 5397 3621 5466; baseline 0.002 -16"><span class='ocrx_word' id='word_1_920' title='bbox 2048 5398 2312 5451; x_wconf 89' lang='lat' dir='ltr'><strong>modicum</strong></span> <span class='ocrx_word' id='word_1_921' title='bbox 2379 5407 2481 5461; x_wconf 89' lang='lat' dir='ltr'><strong>sta,</strong></span> <span class='ocrx_word' id='word_1_922' title='bbox 2534 5405 2591 5449; x_wconf 94' lang='lat' dir='ltr'><strong>ut</strong></span> <span class='ocrx_word' id='word_1_923' title='bbox 2624 5405 2676 5450; x_wconf 91' lang='lat' dir='ltr'><strong>te</strong></span> <span class='ocrx_word' id='word_1_924' title='bbox 2712 5397 3248 5466; x_wconf 89' lang='lat' dir='ltr'><strong>comprehendamus.</strong></span> <span class='ocrx_word' id='word_1_925' title='bbox 3296 5401 3424 5463; x_wconf 64' lang='lat' dir='ltr'><strong>Quae</strong></span> <span class='ocrx_word' id='word_1_926' title='bbox 3470 5401 3621 5454; x_wconf 90' lang='lat' dir='ltr'><strong>stetit</strong></span> 
     </span>
    </p>
   </div>
   <div class='ocr_carea' id='block_1_116' title="bbox 2042 5487 3621 5556">
    <p class='ocr_par' dir='ltr' id='par_1_116' title="bbox 2042 5487 3621 5556">
     <span class='ocr_line' id='line_1_116' title="bbox 2042 5487 3621 5556; baseline -0.001 -14"><span class='ocrx_word' id='word_1_927' title='bbox 2042 5490 2226 5542; x_wconf 87' lang='lat' dir='ltr'><strong>eadem</strong></span> <span class='ocrx_word' id='word_1_928' title='bbox 2257 5489 2406 5541; x_wconf 85' lang='lat' dir='ltr'><strong>liora.</strong></span> <span class='ocrx_word' id='word_1_929' title='bbox 2433 5487 3013 5556; x_wconf 80' lang='lat' dir='ltr'><strong>Apprehcndentesque</strong></span> <span class='ocrx_word' id='word_1_930' title='bbox 3036 5503 3177 5554; x_wconf 85' lang='lat' dir='ltr'><strong>eam,</strong></span> <span class='ocrx_word' id='word_1_931' title='bbox 3205 5490 3535 5555; x_wconf 88' lang='lat' dir='ltr'><strong>occiderunt,</strong></span> <span class='ocrx_word' id='word_1_932' title='bbox 3563 5497 3621 5542; x_wconf 89' lang='lat' dir='ltr'><strong>et</strong></span> 
     </span>
    </p>
   </div>
   <div class='ocr_carea' id='block_1_117' title="bbox 2042 5577 3620 5647">
    <p class='ocr_par' dir='ltr' id='par_1_117' title="bbox 2042 5577 3620 5647">
     <span class='ocr_line' id='line_1_117' title="bbox 2042 5577 3620 5647; baseline -0.003 -14"><span class='ocrx_word' id='word_1_933' title='bbox 2042 5580 2391 5635; x_wconf 86' lang='lat' dir='ltr'><strong>comederunt</strong></span> <span class='ocrx_word' id='word_1_934' title='bbox 2421 5584 2624 5647; x_wconf 89' lang='lat' dir='ltr'><strong>partem</strong></span> <span class='ocrx_word' id='word_1_935' title='bbox 2654 5577 2883 5646; x_wconf 86' lang='lat' dir='ltr'><strong>aliquam</strong></span> <span class='ocrx_word' id='word_1_936' title='bbox 2908 5592 2973 5632; x_wconf 88' lang='lat' dir='ltr'><strong>ex</strong></span> <span class='ocrx_word' id='word_1_937' title='bbox 2998 5594 3083 5632; x_wconf 87' lang='lat' dir='ltr'><strong>ea.</strong></span> <span class='ocrx_word' id='word_1_938' title='bbox 3114 5579 3410 5647; x_wconf 88' lang='lat' dir='ltr'><strong>Statimque</strong></span> <span class='ocrx_word' id='word_1_939' title='bbox 3439 5579 3620 5630; x_wconf 83' lang='lat' dir='ltr'><strong>obmu-</strong></span> 
     </span>
    </p>
   </div>
   <div class='ocr_carea' id='block_1_118' title="bbox 2044 5664 3622 5736">
    <p class='ocr_par' dir='ltr' id='par_1_118' title="bbox 2044 5664 3622 5736">
     <span class='ocr_line' id='line_1_118' title="bbox 2044 5664 3622 5736; baseline -0.009 -11"><span class='ocrx_word' id='word_1_940' title='bbox 2044 5680 2273 5735; x_wconf 89' lang='lat' dir='ltr'><strong>tuerunt,</strong></span> <span class='ocrx_word' id='word_1_941' title='bbox 2306 5679 2357 5723; x_wconf 89' lang='lat' dir='ltr'><strong>et</strong></span> <span class='ocrx_word' id='word_1_942' title='bbox 2386 5670 2463 5724; x_wconf 87' lang='lat' dir='ltr'><strong>sic</strong></span> <span class='ocrx_word' id='word_1_943' title='bbox 2486 5667 2796 5736; x_wconf 88' lang='lat' dir='ltr'><strong>veniebant,</strong></span> <span class='ocrx_word' id='word_1_944' title='bbox 2820 5669 2955 5723; x_wconf 85' lang='lat' dir='ltr'><strong>sicut</strong></span> <span class='ocrx_word' id='word_1_945' title='bbox 2983 5678 3038 5722; x_wconf 90' lang='lat' dir='ltr'><strong>et</strong></span> <span class='ocrx_word' id='word_1_946' title='bbox 3067 5684 3221 5722; x_wconf 87' lang='lat' dir='ltr'><strong>cerva</strong></span> <span class='ocrx_word' id='word_1_947' title='bbox 3250 5668 3357 5720; x_wconf 92' lang='lat' dir='ltr'><strong>illa.</strong></span> <span class='ocrx_word' id='word_1_948' title='bbox 3388 5664 3622 5717; x_wconf 78' lang='lat' dir='ltr'><strong>Curren-</strong></span> 
     </span>
    </p>
   </div>
   <div class='ocr_carea' id='block_1_119' title="bbox 3170 5780 3240 5836">
    <p class='ocr_par' dir='ltr' id='par_1_119' title="bbox 3170 5780 3240 5836">
     <span class='ocr_line' id='line_1_119' title="bbox 3170 5780 3240 5836; baseline 0.014 -1"><span class='ocrx_word' id='word_1_949' title='bbox 3170 5780 3240 5836; x_wconf 79' lang='grc'><strong>11</strong></span> 
     </span>
    </p>
   </div>
  </div>
