4016 6234
300 283 394 333 331

1345 280 1430 334 DE
1467 279 1646 334 -\'l'l‘lS
1677 278 1971 334 PATRUM
2015 273 2216 330 LIBER
2254 274 2527 331 PRIMUS.

3468 270 3572 324 532

301 411 380 450 tes
400 407 874 460 autem,venerul.t
903 396 967 449 ad
991 405 1232 448 sanetum
1260 395 1584 458 Simeonem,
1610 403 1882 462 portantes
1911 396 1958 452 Α
1988 391 2219 444 tantibus
2249 390 2302 443 in
2334 405 2417 456 ea,
2446 389 2535 458 qui
2563 388 2723 442 etiam
2754 388 2895 442 hunc
2925 386 3295 444 reconciliavit
3332 385 3435 442 sibi
3460 403 3475 440 :
3518 397 3576 442 et

301 488 506 541 corium
537 485 675 556 ejus,
707 496 762 541 et
791 486 1033 542 fecerunt
1062 487 1132 540 ibi
1162 487 1293 540 duos
1331 500 1520 550 annos,
1571 493 1622 538 et
1651 484 1734 538 vix
1783 483 1883 536 ali-

300 580 516 649 quando
568 580 855 634 sanitatem
897 581 1136 649 recipere
1182 587 1485 647 potuerunt.
1526 576 1764 643 Iniquum
1804 583 1888 631 est

300 672 443 726 enim
477 682 751 740 peccatum
781 687 965 727 eorum
989 673 1236 726 recitare.
1266 668 1481 724 Corium
1507 678 1682 723 autem
1711 683 1885 722 cerva:

299 763 695 828 suspenderunt
720 762 790 816 ibi
814 762 878 816 ad
903 762 1260 817 testimonium
1294 760 1601 813 multorum.

372 852 505 908 Car.
548 851 687 905 XIII.
717 883 785 892 —
807 852 911 906 Sed
942 861 996 907 et
1028 851 1222 920 pardus
1251 851 1494 903 immanis
1515 857 1632 901 erat
1660 848 1715 900 in
1755 846 1884 900 locis

302 943 430 1007 illis,
476 943 563 1012 qui
593 952 646 996 et
678 943 923 997 homines
960 953 1013 996 et
1047 940 1297 996 animalia
1340 939 1714 1004 interficiebat,
1749 945 1804 991 et
1833 938 1883 989 in

300 1049 432 1102 gyro
463 1033 640 1088 omnia
671 1035 931 1088 vastabat.
957 1033 1245 1087 Venientes
1287 1044 1464 1084 autem
1495 1030 1739 1084 homines
1781 1027 1884 1082 loci

301 1124 444 1177 illius
488 1123 554 1178 ad
604 1134 844 1177 sanctum
889 1124 1219 1188 Simeonem,
1263 1122 1641 1175 nuntiaverunt
1666 1120 1713 1174 ei
1743 1118 1883 1188 quod

305 1222 453 1268 tanta
486 1229 547 1268 ac
581 1215 703 1267 talia
739 1215 871 1268 mala
905 1215 1098 1280 pardus
1128 1225 1458 1282 cperaretur.
1494 1203 1644 1264 Tunc
1670 1220 1887 1265 sanctus

302 1305 523 1359 Sitneon
551 1305 713 1374 juSsit
736 1306 802 1360 de
830 1315 972 1358 terra
993 1305 1071 1358 vel
1095 1304 1161 1359 de
1181 1318 1316 1371 aqua
1343 1300 1653 1357 monasterii
1677 1299 1888 1368 aspergi

301 1395 354 1448 in
389 1397 476 1449 illa
507 1396 638 1449 loca.
673 1396 736 1449 Et
760 1397 956 1449 factum
987 1404 1089 1449 est.
1116 1395 1468 1462 Exquirentes
1495 1406 1623 1448 vero
1651 1400 1889 1460 postmo-

299 1489 448 1554 dum,
481 1490 798 1543 invenerunt
824 1486 996 1556 ipsum
1025 1487 1243 1554 pardum
1281 1486 1546 1553 jacentem
1591 1491 1884 1547 mortuum,

302 1589 357 1635 et
388 1594 575 1633 omnes
603 1577 1029 1649 glorificaverunt
1062 1577 1224 1632 Deum
1256 1576 1542 1630 Simeonis.

370 1671 499 1724 Car.
543 1669 680 1724 XIV.
704 1699 774 1708 —
803 1671 1185 1738 Quemcunque
1216 1679 1389 1721 tamen
1419 1666 1662 1730 sanabat,
1695 1663 1886 1735 praeci-

1989 495 2089 549 ego
2120 480 2268 534 timui
2301 495 2363 534 ne
2396 482 2574 534 subito
2604 480 2876 535 occideret
2915 496 3036 544 me;
3085 497 3152 532 tte
3192 493 3320 548 ergo
3346 478 3577 548 amplius

1986 569 2215 640 fatigetis
2233 586 2318 625 me
2345 570 2598 624 humilem
2628 581 2682 624 et
2713 586 3023 639 pauperem.
3049 571 3115 624 Et
3141 570 3212 624 ita
3235 583 3357 623 cum
3384 569 3577 624 timore

1988 659 2222 728 regressi
2257 669 2402 724 sunt,
2430 660 2736 716 nuntiantes
2763 662 2941 716 omnia
2973 676 3093 730 quin
3124 661 3366 716 viderant
3394 669 3450 715 et
3474 675 3576 716 au-

1989 749 2197 804 dierant

2060 840 2190 894 Car.
2233 839 2373 896 XVI.
2407 871 2477 881 —
2501 843 2629 896 Post
2657 857 2856 912 paucos
2887 858 3014 897 vero
3052 858 3242 912 annos,
3272 844 3468 898 factum
3493 853 3577 898 est

1990 945 2094 985 una
2123 931 2231 996 die,
2262 931 2362 987 hoc
2385 943 2484 1000 est,
2519 943 2669 989 sexta
2697 934 2938 1000 Sabbati,
2983 943 3038 988 et
3080 933 3353 990 inclinavit
3401 949 3460 989 se
3506 933 3576 988 ad

1989 1024 2304 1088 orationem,
2334 1025 2602 1080 sustinens
2630 1035 2736 1080 tres
2758 1027 2894 1094 dies,
2920 1026 2973 1080 id
2996 1036 3098 1094 est,
3124 1035 3295 1093 sexta,
3318 1024 3577 1095 Sabbato,

1989 1123 2042 1168 et
2071 1114 2371 1169 Dominico.
2397 1116 2548 1170 Tunc
2571 1131 2669 1186 ego
2702 1117 3003 1186 pavefactus
3034 1117 3252 1172 ascendi
3286 1117 3353 1172 ad
3378 1118 3575 1186 ipsum,

1989 1215 2041 1260 et
2067 1207 2191 1260 steti
2221 1208 2275 1261 in
2303 1215 2590 1276 conspectu
2637 1207 2772 1276 ejus,
2819 1207 3035 1277 dixique
3071 1209 3136 1261 ad
3186 1222 3307 1262 eum
3339 1225 3351 1260 :
3384 1208 3573 1277 Surge,

1990 1301 2228 1367 domine,
2281 1301 2508 1357 benedic
2550 1317 2669 1369 nos,
2713 1303 2962 1372 quoniam
2993 1299 3218 1369 p0pulus
3247 1309 3352 1354 tres
3379 1298 3495 1352 dies
3521 1307 3574 1352 et

1992 1403 2098 1446 tres
2127 1401 2310 1446 noctes
2342 1393 2522 1458 habet,
2550 1403 2867 1461 exspectans
2891 1391 3317 1447 benedictionem
3343 1403 3373 1442 a
3397 1398 3446 1442 te
3472 1404 3487 1453 ;
3518 1397 3576 1442 et

1991 1501 2093 1540 non
2140 1486 2416 1555 reSpondit
2461 1486 2613 1539 mihi.
2662 1486 2729 1539 Et
2775 1499 2959 1539 rursus
2986 1484 3071 1538 aio
3099 1482 3164 1536 ad
3195 1497 3317 1536 eum
3351 1497 3367 1535 :
3400 1481 3574 1546 Quare

1992 1595 2076 1632 me
2109 1580 2416 1643 contristas,
2449 1577 2609 1632 domi.
2636 1593 2687 1641 e,
2735 1586 2826 1630 aut
2865 1576 2993 1645 quid
3040 1574 3275 1630 offendi?
3299 1571 3576 1640 Supplico,

1989 1668 2139 1720 mitte
2171 1668 2298 1721 mihi
2331 1683 2567 1732 manum,
2599 1676 2692 1720 aut
2719 1665 2944 1720 forsitan
2979 1665 3087 1734 jam
3127 1679 3159 1717 a
3192 1662 3344 1717 nobis
3371 1661 3574 1729 migra-

300 1761 478 1830 piebat
508 1761 605 1824 illi,
636 1760 821 1814 dicens
847 1776 859 1812 :
894 1758 1040 1813 Vade
1068 1758 1117 1811 in
1148 1758 1365 1811 domum
1399 1766 1562 1821 tuam,
1596 1765 1650 1810 et
1671 1753 1886 1809 honori-
1921 1758 1962 1814 Β
1991 1761 2095 1812 sti?
2125 1759 2191 1813 Et
2220 1759 2456 1814 sentiens
2503 1759 2643 1829 quod
2685 1775 2791 1814 non
2821 1758 3138 1826 loquebatur
3169 1755 3316 1821 mihi,
3345 1753 3574 1825 cogitati

301 1852 398 1907 fica
431 1853 596 1907 Deum
621 1852 710 1920 qui
740 1861 790 1904 te
812 1850 1039 1913 sanavit,
1067 1859 1122 1902 et
1145 1864 1211 1902 ne
1232 1848 1431 1902 audeas
1461 1847 1641 1901 dicere
1668 1845 1806 1914 quod
1833 1853 1883 1900 te

301 1944 521 1999 Simeon
560 1942 848 2006 curaverit,
881 1955 948 1994 ne
976 1939 1071 1993 tibi
1097 1940 1273 1993 subito
1301 1939 1539 1993 deterius
1565 1938 1836 2006 contingat
1868 1953 1882 1990 :

300 2045 353 2089 et
377 2051 443 2088 tte
474 2046 767 2102 pra'snmas
785 2032 968 2101 jurare
991 2045 1084 2099 per
1101 2045 1294 2083 nomen
1321 2029 1551 2096 Domini,
1579 2029 1702 2098 quia
1723 2044 1885 2096 grave

299 2131 577 2200 peccatum
600 2132 680 2178 est
713 2139 727 2181 :
755 2121 849 2180 sed
873 2120 926 2176 in
951 2135 1034 2174 me
1062 2119 1248 2177 humili
1268 2128 1319 2180 et
1338 2120 1750 2194 peccatorejura
1772 2119 1886 2178 sive

298 2225 438 2294 iuste
486 2221 599 2276 sive
649 2220 845 2288 injuste
901 2217 1038 2287 (15).
1100 2215 1269 2283 Quam
1317 2215 1388 2270 ob
1433 2229 1647 2271 causam
1697 2229 1886 2270 omnes

299 2313 603 2369 Orientales
623 2322 676 2367 et
706 2311 948 2366 barbara:
974 2319 1184 2379 gentes,
1214 2323 1334 2378 qua:
1351 2317 1476 2364 sunt
1494 2310 1549 2364 in
1578 2308 1682 2364 illis
1709 2308 1887 2378 regio-

301 2405 478 2474 nibus,
514 2419 608 2472 per
634 2419 754 2458 eum
781 2403 984 2472 jurant.

373 2496 502 2550 CAP.
547 2495 662 2549 XV.
695 2525 762 2535 —
795 2494 955 2549 Latro
985 2493 1199 2563 quidam
1231 2492 1299 2548 de
1327 2492 1632 2560 Antiochia,
1665 2493 1752 2562 qui
1785 2506 1884 2546 no-

303 2586 607 2641 minabatur
634 2584 889 2641 Jonathas
918 2586 1059 2655 (lb’),
1085 2585 1250 2640 multa
1277 2585 1415 2639 mala
1443 2584 1660 2646 faciens,
1707 2599 1826 2638 cum
1856 2597 1888 2636 a

303 2679 485 2732 multis
531 2687 960 2746 persequeretur,
993 2692 1092 2733 nec
1123 2686 1303 2746 posset
1331 2691 1390 2732 se
1416 2677 1526 2747 jam
1555 2677 1623 2731 ab
1651 2676 1754 2730 illis
1794 2674 1888 2728 ab-

305 2769 586 2834 scondere,
614 2769 770 2838 quasi
801 2769 885 2823 leo
914 2783 943 2824 a
975 2768 1108 2824 facie
1136 2769 1422 2823 multorum
1457 2765 1888 2836 persequentium

304 2859 531 2928 fugiens,
563 2858 740 2912 subito
772 2858 1042 2927 ingressus
1070 2867 1152 2912 est
1191 2857 1614 2921 monasterium;
1672 2863 1726 2909 et
1777 2869 1890 2907 am-

304 2951 486 3016 plexus
511 2949 810 3003 columnam
839 2947 1007 3002 sancti
1036 2948 1320 3012 Simeonis,
1365 2947 1528 3015 erepit
1554 2946 1890 3000 amarissime

302 3041 454 3094 flere.
485 3039 554 3093 At
583 3040 672 3094 ille
702 3039 837 3093 dixit
863 3043 910 3093 ei
946 3057 958 3093 :
994 3039 1124 3106 Quis
1154 3040 1248 3094 es?
1283 3049 1374 3092 aut
1404 3039 1542 3094 unde
1568 3038 1891 3099 venisti,ho-

1989 1859 2044 1904 ut
2077 1850 2208 1903 nulli
2252 1849 2508 1914 dicerem,
2563 1850 2688 1919 quia
2735 1849 2988 1905 timebam
3038 1849 3186 1903 illum
3229 1858 3464 1916 tangere.
3505 1846 3574 1900 Et

1990 1950 2138 1994 stans
2159 1941 2312 2009 quasi
2343 1941 2472 1994 hora
2503 1942 2697 2007 media,
2730 1940 2978 1995 inclinavi
3008 1955 3111 2004 me,
3135 1947 3189 1994 et
3215 1939 3362 2008 posui
3385 1953 3568 1991 aurem

1988 2047 2162 2087 meam
2195 2032 2258 2084 ad
2290 2032 2716 2098 auscultandum,
2750 2041 2804 2087 et
2827 2047 2932 2086 non
2960 2041 3076 2084 erat
3112 2030 3284 2093 flatus,
3318 2029 3416 2083 nisi
3447 2039 3571 2081 tan-

2001 2137 2109 2181 tum
2139 2123 2290 2195 quasi
2319 2123 2450 2180 odor
2481 2124 2767 2181 multorum
2799 2132 3092 2180 aromatum
3139 2119 3460 2178 ascendebat
3503 2119 3576 2175 de

1991 2236 2214 2289 corpore
2230 2224 2369 2287 ejus,
2393 2231 2444 2275 et
2467 2221 2541 2274 sic
2564 2221 2801 2275 intellexi
2823 2221 2943 2288 quia
2965 2217 3227 2288 requievit
3249 2218 3302 2270 in
3329 2215 3573 2269 Domino.

1997 2312 2064 2364 Et.
2092 2311 2420 2374 hebefactus,
2454 2311 2635 2380 planxi
2660 2310 3031 2374 amarissime;
3084 2316 3138 2362 et
3176 2307 3438 2361 inclinans
3466 2321 3575 2370 me,

1989 2404 2254 2457 osculatus
2275 2417 2390 2456 sum
2415 2403 2599 2457 oculos
2623 2401 2738 2471 ejus
2766 2399 2905 2472 (18),
2934 2412 2988 2455 et
3015 2400 3234 2454 barbam
3261 2398 3575 2465 complexus

1993 2494 2275 2560 crinesque
2305 2491 2490 2560 capitis
2518 2491 2655 2559 ejus.
2707 2491 2776 2545 Et
2814 2491 3093 2560 increpans
3133 2488 3242 2542 dixi
3272 2505 3287 2542 :
3318 2487 3414 2541 Cui
3464 2501 3576 2550 me,

1988 2586 2222 2648 domine,
2253 2584 2618 2652 derelinquis?
2647 2585 2728 2638 vel
2772 2584 2859 2638 ubi
2891 2583 3156 2652 requiram
3190 2592 3334 2637 tuatn
3361 2583 3562 2651 angeli-

1989 2691 2104 2729 cam
2132 2676 2464 2729 doctrinam?
2494 2675 2661 2742 Quale
2693 2691 3005 2745 responsum
3063 2677 3282 2732 reddam
3339 2693 3435 2745 pro
3491 2677 3579 2728 te?

1991 2779 2082 2822 aut
2109 2770 2260 2838 cujus
2305 2772 2480 2823 anima
2523 2770 2772 2837 respiciat
2802 2770 3103 2823 columnam
3133 2770 3249 2824 sine
3280 2778 3353 2835 te,
3388 2777 3442 2822 et
3471 2785 3576 2822 non

1995 2859 2205 2926 lugeat?
2249 2859 2416 2922 Quale
2464 2872 2781 2925 responsum
2821 2858 3039 2912 reddam
3083 2859 3327 2923 infirmis,
3365 2859 3578 2927 quando

1995 2950 2215 3003 veniunt
2247 2959 2299 3003 et
2327 2951 2604 3017 requirunt
2633 2958 2684 3003 te
2715 2949 2821 3017 hic,
2852 2958 2905 3004 et
2937 2966 3040 3002 non
3091 2950 3400 3003 inveniunt?
3441 2949 3578 3015 Quid

2005 3041 2198 3103 dicam,
2229 3048 2321 3093 aut
2347 3039 2469 3108 quid
2503 3040 2689 3107 loquar
2719 3055 2815 3108 ego
2844 3039 3092 3093 humilis?
3125 3040 3290 3094 llodie
3321 3041 3472 3095 video
3504 3050 3575 3106 te,

303 3147 415 3200 mo,
441 3143 532 3186 aut
558 3147 654 3186 cur
687 3131 771 3185 hic
792 3132 1059 3186 introisti?
1082 3132 1151 3185 At
1184 3129 1272 3185 ille
1301 3148 1314 3184 :
1345 3133 1457 3201 Ego
1487 3147 1604 3184 sunt
1631 3132 1889 3188 Jonathas
1921 3120 1967 3181 C
2000 3135 2229 3187 crasdna
2261 3148 2390 3186 vero
2422 3132 2702 3186 considero
2748 3131 2813 3185 ad
2863 3132 3136 3186 dexteram
3185 3132 3296 3186 sive
3343 3133 3408 3185 ad
3451 3133 3579 3186 sini-

303 3226 460 3292 latro,
493 3225 583 3294 qui
615 3223 788 3279 omnia
827 3224 962 3278 mala
1010 3223 1132 3288 feci,
1163 3225 1282 3278 veni
1340 3224 1425 3276 hic
1470 3225 1748 3291 paenitere.
1803 3227 1892 3278 Ait

303 3318 480 3385 itaque
507 3326 723 3372 sanctus
750 3316 969 3372 Simeon
999 3333 1011 3369 :
1039 3314 1248 3368 Talium
1270 3325 1352 3370 est
1383 3330 1605 3384 regnum
1631 3317 1888 3370 caelorum

306 3406 524 3475 (Matth.
557 3411 693 3475 xix).
723 3406 833 3462 Sed
864 3420 932 3460 ne
952 3406 1082 3460 velis
1105 3419 1191 3459 me
1232 3414 1461 3469 tentare,
1495 3420 1564 3458 ne
1594 3405 1786 3459 iterum
1813 3407 1895 3459 in-

308 3495 539 3550 veniaris
579 3494 630 3548 in
675 3494 967 3550 sceleribus
998 3494 1126 3564 ipsis
1151 3508 1267 3564 quae
1298 3493 1581 3563 reliquisti.
1627 3495 1749 3549 llaec
1802 3496 1892 3549 illo

308 3589 579 3658 loquente,
604 3603 728 3642 ecce
755 3587 1011 3644 officiales
1041 3586 1156 3658 (17)
1179 3587 1460 3642 veniebant
1490 3589 1556 3640 ab
1585 3588 1890 3656 Antiochia,

307 3686 543 3742 dicentes
575 3701 592 3742 :
624 3685 796 3740 Trade
827 3685 984 3740 nobis
1013 3683 1286 3738 inimicum
1319 3694 1372 3738 et
1404 3685 1701 3738 maleficum
1734 3685 1887 3739 Jona-

309 3776 458 3840 than,
487 3791 553 3830 ne
594 3776 770 3830 subito
800 3783 1202 3830 conimoveatur
1230 3774 1418 3827 civitas
1449 3773 1500 3827 in
1549 3774 1892 3831 seditionem.

309 3869 498 3922 Bestia:
542 3867 684 3922 enim
716 3875 914 3936 parata:
951 3875 1077 3919 sunt
1102 3865 1168 3918 ad
1203 3864 1569 3918 devorandum
1610 3881 1754 3919 eum.
1787 3867 1893 3921 Re-

309 3960 524 4028 spondit
552 3958 629 4014 eis
661 3960 847 4014 beatus
873 3958 1089 4012 Simeon
1117 3973 1132 4012 :
1165 3956 1338 4010 Filioli
1371 3956 1496 4021 mei,
1526 3971 1626 4027 ego
1656 3972 1760 4010 non
1797 3958 1894 4010 ad-

310 4051 433 4104 duxi
481 4064 604 4105 eum
655 4049 1074 4118 huczquoniam
1120 4047 1210 4116 qui
1259 4046 1480 4100 adduxit
1527 4062 1671 4110 eum,
1724 4048 1896 4116 major

311 4143 463 4196 nobis
493 4149 598 4208 est,
626 4149 682 4194 et
711 4140 828 4194 istis
858 4138 1050 4193 talibus
1078 4138 1346 4200 subvenit.
1373 4138 1573 4193 etenim
1606 4138 1789 4192 talium
1812 4150 1896 4195 est

309 4248 532 4303 regnum
561 4231 838 4286 caelorum.
874 4230 937 4283 Et
964 4230 1008 4284 si
1055 4230 1280 4298 potestis
1320 4229 1544 4294 intrare,
1569 4230 1741 4298 rapite
1766 4245 1892 4285 eum

308 4325 456 4378 hinc.
489 4322 611 4391 .Ego
649 4329 827 4375 autem
861 4335 964 4375 non
1011 4334 1248 4388 possum,
1297 4319 1420 4387 quia
1459 4321 1621 4373 timeo
1650 4335 1770 4374 eum
1803 4321 1892 4389 qui

311 4415 460 4470 illum
515 4411 767 4466 misitad
813 4427 918 4465 me.
963 4409 1255 4464 Audientes
1292 4419 1469 4463 autem
1507 4409 1628 4464 haec
1653 4408 1751 4464 viri
1794 4409 1888 4475 illi,

313 4505 705 4577 regressisunt
726 4519 846 4558 cum
881 4503 1069 4558 timore
1106 4500 1264 4572 174
1291 4516 1505 4570 magno,
1536 4510 1588 4557 et
1620 4502 1892 4556 renuntia-
1920 4474 1973 4536 Ῐ)

311 4609 505 4654 verrunt
533 4595 712 4653 omnia
737 4596 1044 4661 Antiocbm;
1073 4595 1168 4650 sed
1198 4595 1457 4650 Jonathas
1481 4595 1739 4664 latro-per
1763 4610 1890 4664 sep-

311 4702 421 4745 tem
439 4689 566 4745 dies
611 4687 926 4759 amplexans
963 4697 1017 4742 et
1047 4699 1234 4741 tenens
1279 4685 1603 4752 columnam,
1650 4686 1779 4741 dicit
1824 4687 1891 4739 ad

310 4781 525 4834 beatum
549 4779 854 4835 Simeonem
881 4794 896 4833 :
922 4777 1164 4841 Domine,
1194 4777 1236 4832 si
1257 4776 1434 4845 jubes,
1460 4776 1734 4830 ambulare
1747 4778 1888 4830 volo.

310 4871 611 4941 Respondit
631 4871 708 4926 illi
731 4869 908 4938 justus
942 4887 954 4922 :
990 4869 1184 4923 lterum
1214 4867 1265 4920 in
1299 4869 1408 4936 ipsa
1451 4868 1589 4921 mala
1631 4866 1893 4921 festinas?

313 4962 456 5016 Dixit
483 4962 556 5015 illi
583 4962 883 5017 Jonathas:
917 4961 1049 5023 Non,
1085 4959 1316 5022 domine,
1350 4959 1443 5013 sed
1476 4968 1682 5026 tempus
1712 4974 1884 5013 meum

313 5052 587 5121 impletum
616 5062 720 5107 est.
748 5054 816 5107 Et
854 5054 932 5108 sic
972 5053 1193 5122 loquens
1223 5067 1342 5105 cum
1367 5065 1451 5115 eo,
1478 5050 1710 5105 reddidit
1736 5051 1893 5120 spiri-

313 5157 446 5201 tum.
481 5145 548 5199 Et
577 5143 874 5198 volentibus
903 5159 1022 5199 eum
1046 5145 1274 5214 sepelire
1303 5143 1452 5212 juxta
1484 5143 1885 5208 monasterium,

312 5248 439 5289 ecce
478 5233 575 5287 alii
604 5232 857 5287 officiales
902 5234 1186 5289 veniebant
1232 5235 1299 5289 ab
1345 5233 1626 5288 Antiochia
1671 5245 1890 5304 prepter

313 5326 484 5390 illum,
507 5330 567 5378 et
594 5331 872 5389 creperum
899 5323 1132 5377 clamare
1161 5333 1215 5378 et
1238 5323 1418 5378 dicere
1453 5341 1464 5376 :
1496 5323 1573 5376 Da
1605 5324 1758 5378 nobis
1785 5324 1888 5378 ini-

313 5416 508 5468 micum
528 5423 790 5479 nostrum,
809 5415 983 5470 omnis
998 5415 1141 5470 enim
1158 5415 1506 5470 civitas-turba
1517 5423 1565 5468 ta
1577 5424 1661 5469 est
1679 5427 1891 5483 propter

314 5507 486 5560 illum.
514 5505 1300 5575 BeSponditeibeatusSimeon
1322 5526 1333 5559 :
1353 5508 1454 5573 Qui
1477 5506 1622 5562 illum
1640 5510 1888 5574 adduxit,

315 5604 461 5649 venit
485 5609 606 5651 eum
644 5596 987 5652 multitudine
1027 5596 1264 5652 emicat-is
1297 5597 1518 5661 militize,
1560 5602 1649 5668 qui
1703 5611 1891 5670 potens

314 5699 398 5742 est
425 5689 479 5744 in
512 5696 765 5744 tartarum
793 5690 1006 5745 mittere
1031 5689 1303 5744 civitatem
1333 5697 1561 5743 vestram
1591 5705 1710 5747 cum
1740 5693 1888 5748 habi-

1997 3235 2178 3287 stram,
2211 3232 2398 3278 etnon
2429 3224 2639 3278 invenio
2673 3233 2744 3278 te.
2797 3225 2900 3277 Aut
2942 3239 3047 3292 quo
3095 3223 3292 3276 amictu
3342 3224 3580 3290 Operinm

1996 3316 2297 3368 columnam
2328 3315 2511 3368 tuam?
2565 3315 2674 3368 lleu
2704 3328 2811 3380 me,
2837 3315 3052 3384 quando
3085 3315 3480 3382 veniuntaliqui
3514 3315 3584 3368 de

1998 3407 2154 3471 longe
2183 3417 2485 3474 quaerentes
2509 3415 2579 3474 te,
2611 3417 2665 3460 et
2688 3421 2794 3460 non
2822 3407 3124 3461 inveniunt!
3175 3408 3239 3462 Et
3281 3423 3390 3476 prae
3417 3407 3582 3460 inulta

1999 3497 2211 3551 tristitia
2235 3496 2559 3551 obdormivi.
2604 3497 2902 3566 Statimque
2923 3499 3166 3567 apparuit
3189 3498 3334 3564 mihi,
3364 3499 3548 3552 dioens
3571 3517 3582 3549 :

1999 3587 2110 3640 Non
2134 3587 2497 3657 derelinquam
2520 3588 2820 3642 columnam
2847 3589 3003 3652 hanc,
3029 3605 3128 3643 nec
3151 3590 3323 3643 locum
3352 3600 3405 3643 et
3432 3606 3584 3642 mon-

2000 3691 2104 3733 tem
2133 3679 2272 3732 hunc
2301 3680 2663 3746 benedictum,
2696 3683 2746 3736 in
2777 3696 2883 3750 quo
2913 3683 3237 3737 illuminatns
3284 3699 3437 3749 sum;
3487 3684 3582 3737 sed

1996 3773 2361 3838 descendens,
2392 3773 2606 3828 satisfac
2634 3776 2849 3843 populo,
2882 3784 2935 3830 et
2957 3774 3212 3829 annuntia
3243 3775 3309 3829 de
3341 3789 3427 3829 me
3467 3778 3580 3828 An-

2000 3866 2212 3920 tiochice
2235 3874 2463 3932 secrete,
2496 3883 2562 3920 ne
2582 3869 2836 3920 tumultus
2864 3867 2953 3920 fiat
2979 3867 3031 3920 in
3059 3868 3272 3937 populo.
3300 3867 3410 3935 Ego
3439 3867 3581 3920 enim

1998 3959 2259 4024 requievi,
2297 3960 2434 4012 sicut
2465 3961 2717 4014 Dominus
2745 3960 2945 4025 voluit;
2992 3970 3046 4014 tu
3089 3970 3267 4013 autem
3307 3975 3374 4014 ne
3403 3973 3584 4013 cesses

1997 4051 2299 4104 nrinisuare
2329 4051 2380 4103 in
2419 4053 2519 4104 hoc
2547 4051 2687 4118 loco,
2731 4061 2783 4105 et
2814 4050 3004 4105 reddet
3035 4049 3133 4106 tibi
3164 4051 3418 4104 Dominus
3445 4066 3580 4104 mer-

1996 4142 2181 4196 cedem
2229 4142 2280 4194 in
2321 4141 2492 4196 caelis.
2527 4143 2830 4212 Exsurgens
2855 4151 3031 4196 autem
3059 4157 3085 4194 a
3118 4157 3328 4205 somno,
3363 4142 3577 4211 pavefa.

1997 4243 2114 4287 ctus
2136 4232 2241 4287 dixi
2269 4248 2282 4285 :
2314 4233 2560 4298 Domine,
2604 4240 2878 4287 memento
2923 4233 3028 4286 mei
3072 4233 3124 4286 in
3177 4233 3360 4302 requie
3399 4243 3583 4287 sancta

1999 4337 2107 4378 tua.
2163 4325 2224 4377 Et
2265 4324 2554 4378 sublevans
2581 4325 2895 4402 vestimenta
2940 4324 3080 4393 ejus,
3103 4325 3303 4395 procidi
3326 4325 3389 4376 ad
3420 4324 3582 4393 pedes

1998 4414 2135 4484 ejus,
2161 4425 2214 4470 et
2235 4416 2503 4470 osculatus
2529 4432 2645 4470 sum
2671 4417 2894 4486 vestigia
2918 4417 3090 4482 illius;
3121 4425 3174 4469 et
3194 4425 3377 4470 tenens
3407 4415 3578 4482 majus

1998 4506 2136 4574 ejus.
2170 4508 2320 4575 posui
2349 4522 2509 4576 super
2538 4507 2723 4564 oculos
2746 4521 2917 4572 meos,
2943 4508 3126 4562 dicens
3159 4523 3173 4561 :
3207 4506 3452 4568 Benedic,
3482 4506 3580 4558 oh-

1997 4613 2174 4665 secro,
2203 4599 2272 4649 mi
2305 4597 2540 4651 domine.
2573 4597 2638 4651 Et
2663 4599 2856 4652 iterum
2903 4597 3023 4652 ﬂevi
3075 4609 3127 4653 et
3167 4599 3272 4652 dixi
3328 4614 3341 4648 :
3383 4597 3579 4664 Quales

2000 4689 2249 4759 reliquias
2275 4690 2456 4744 tollam
2482 4706 2508 4743 a
2534 4698 2585 4744 te
2622 4693 2671 4744 in
2697 4693 3049 4746 memoriam?
3097 4693 3162 4746 Et
3215 4693 3325 4746 hinc
3373 4693 3577 4754 dicens,

2001 4791 2200 4835 motum
2240 4791 2321 4836 est
2352 4795 2546 4850 corpus
2576 4781 2740 4836 illius.
2791 4782 2902 4853 Ego
2941 4795 3118 4840 autem
3168 4785 3318 4838 tunui
3365 4793 3582 4853 tangent:

1999 4893 2142 4931 eum.

2065 4967 2193 5020 Car.
2238 4965 2396 5021 XVII.
2425 4995 2494 5007 —
2525 4966 2591 5020 Et
2621 4979 2675 5020 ut
2713 4983 2870 5021 nemo
2897 4969 3077 5032 sciret,
3110 4968 3362 5023 descendi
3385 4968 3580 5023 celeri-

1997 5063 2096 5122 ter,
2140 5065 2193 5110 et
2245 5056 2454 5110 fidelem
2497 5057 2711 5111 fratrem
2756 5057 2877 5111 misi
2919 5057 3251 5112 Antiochiam
3277 5060 3341 5111 ad
3366 5058 3577 5128 episco-

1997 5160 2120 5212 pum
2145 5144 2276 5215 (19).
2311 5146 2409 5212 Qui
2440 5148 2618 5200 statim
2652 5147 2872 5201 veniens
2906 5163 3026 5202 cum
3077 5149 3244 5202 tribus
3291 5151 3575 5218 episc0pis,

1995 5245 2195 5287 etcum
2237 5235 2342 5288 illis
2375 5236 2702 5290 Ardahorins
2747 5237 2997 5305 magister
3043 5239 3267 5291 militum
3310 5240 3424 5308 (20)
3458 5255 3579 5292 cum

1999 5327 2131 5389 suis,
2159 5327 2438 5382 tendentes
2465 5329 2699 5385 cortinas
2721 5331 2860 5385 circa
2889 5333 3187 5387 columnam
3217 5333 3350 5401 ejus,
3378 5336 3584 5391 defixe-

2000 5430 2122 5475 runt
2149 5421 2464 5476 vestimenta
2515 5437 2631 5477 sua.
2666 5422 2832 5478 Erant
2866 5439 3043 5480 autem
3074 5433 3300 5484 COItllcla
3331 5430 3399 5482 ab
3429 5444 3579 5482 auro.

2001 5511 2478 5580 EtdepOnentibus
2521 5528 2640 5567 eum
2677 5513 2824 5581 juxta
2875 5517 3042 5570 altare
3089 5529 3212 5572 ante
3253 5519 3581 5578 columnam,

1996 5606 2480 5674 colligentihnsque
2511 5622 2590 5670 se,
2635 5622 2761 5661 aves
2791 5607 3042 5662 volabant
3069 5625 3231 5678 super
3252 5611 3580 5672 columnam,

1995 5695 2283 5751 clamantes
2321 5709 2374 5750 et
2402 5698 2553 5764 quasi
2592 5696 2851 5766 lugentes,
2897 5699 2965 5752 ita
3008 5709 3064 5752 ut
3104 5715 3290 5754 omnes
3315 5701 3580 5754 viderent.
