4016 6260
354 290 457 344 559
1381 299 1470 354 DE
1516 299 1690 353 Vl'l'lS
1734 299 1940 355 PATRI

2053 300 2254 356 LIBER
2292 301 2567 358 PRIMUS.
3520 309 3626 369 ’ἔξω

359 418 416 451 ne
444 403 574 469 forte
594 406 809 460 satiatus
838 422 1037 461 evomas
1064 408 1197 462 illud
1224 408 1407 479 (Prov.
1452 411 1601 481 xxv).
1645 412 1710 465 Et
1741 414 1864 468 alibi
1891 430 1909 466 :
1957 415 2155 469 Altiora
2185 424 2231 469 te
2279 433 2341 469 ne
2365 417 2645 485 qua’sieris,
2677 426 2723 470 et
2766 420 2982 488 fortiora
3011 428 3057 473 te
3096 436 3157 473 ne
3185 428 3437 473 scrutatus
3469 422 3631 491 fueris

360 491 548 555 (Εεᾶὶ.
585 495 703 565 III);
734 514 862 554 cccc
885 500 1060 556 subito
1081 501 1295 570 quidam
1329 506 1529 558 strenui
1562 520 1622 559 ac
1652 506 1873 561 studiosi
1903 507 2003 562 viri
2050 524 2135 561 me
2182 506 2449 563 cohortari
2495 510 2791 575 voluerunt,
2839 520 2896 565 ut
2936 512 2989 566 in
3034 512 3280 566 Latinum
3325 528 3630 568 sermonem

360 596 627 643 verterem
679 590 959 648 Leontium
991 595 1058 648 de
1086 594 1223 650 Vita:
1268 596 1498 652 residuis
1541 598 1620 668 (5)
1649 597 1871 654 Joannis
1902 600 2248 654 Alexandrini
2299 600 2550 655 antistitis
2570 640 2585 665 ,
2616 617 2775 671 quem
2818 602 2989 657 Graeci
3036 612 3255 672 propter
3285 605 3631 674 multiplicem

364 681 822 749 compassiunem,
866 699 1026 752 quam
1051 699 1173 755 erga
1197 700 1385 740 omnes
1416 687 1751 755 possidebat,
1772 689 1966 743 merito
1992 698 2046 744 et
2076 689 2320 744 absolute
2344 689 2655 755 Eleemona,
2687 690 2739 745 id
2763 699 2865 757 est,
2909 693 3313 748 misericordem
3337 695 3632 763 appellant,

359 780 625 840 quatenus
656 783 832 830 tantus
863 777 943 830 vir
967 792 1073 831 non
1109 786 1312 831 tantum
1337 792 1589 834 sermone
1616 779 1826 847 Graeco,
1853 795 2037 835 verum
2066 781 2228 836 etiam
2272 780 2461 836 Latino
2515 782 2727 851 eloquio
2774 782 3100 852 pollentibus
3141 786 3355 839 utilitati
3400 795 3543 842 esset
3579 798 3633 841 et

356 864 659 917 commodo.

432 951 910 1037 Onnprnpterquia
946 972 1029 1011 me
1051 958 1268 1027 dignum
1297 960 1363 1013 ad
1389 969 1591 1013 tantum
1622 974 1758 1030 Opus
1787 971 1945 1031 atque
1969 963 2217 1017 idoneum
2241 961 2461 1017 minime
2489 964 2757 1031 perspexi,
2792 965 2955 1017 levavi
2974 965 3150 1019 oculos
3181 983 3317 1019 ηιευε
3346 969 3396 1019 in
3415 978 3631 1035 montes,

356 1044 494 1096 unde
511 1048 697 1100 veniret
717 1049 970 1102 auxilium
1001 1050 1126 1102 mihi
1153 1049 1327 1122 (Psal.
1357 1052 1516 1121 cxx);
1547 1054 1730 1123 sicque
1758 1052 1943 1105 solatia
1976 1063 2183 1122 patrum
2219 1061 2275 1107 et
2318 1054 2587 1109 orationes
2617 1054 2902 1119 adhibens,
2952 1065 3058 1110 tam
3111 1056 3405 1125 proﬁcuum
3453 1058 3631 1112 virum

346 1150 455 1190 non
488 1153 677 1206 passus
705 1156 823 1196 sum
852 1143 1031 1197 celare
1054 1143 1278 1201 Latinis.
1306 1144 1410 1200 Sed
1442 1145 1566 1199 licet
1595 1146 1932 1201 membranas
1955 1147 2236 1202 inciderim
2259 1188 2272 1210 ,
2305 1148 2556 1203 scedulas
2597 1149 3027 1219 przeparaverim,
3057 1165 3163 1204 non
3195 1158 3374 1205 tamen
3407 1151 3551 1206 hunc
3577 1150 3633 1205 in

344 1228 597 1293 (indicem
624 1232 889 1288 conﬁcere
910 1249 1068 1290 ausus
1090 1251 1231 1305 sum,
1256 1248 1541 1306 antequam
1574 1253 1601 1290 a
1633 1237 1995 1294 dominatione
2023 1252 2223 1307 vestra,
2250 1255 2283 1294 ο
2306 1241 2497 1296 millies
2542 1242 2719 1308 beate,
2752 1242 3020 1298 licentiam
3049 1242 3273 1311 adipisci
3325 1244 3627 1313 promerui-

345 1319 531 1386 Neque
558 1322 702 1375 enim
750 1321 834 1378 fas
880 1334 1042 1381 estut
1071 1326 1274 1397 absque
1318 1329 1519 1385 vicario
1571 1330 1661 1385 Dei
1690 1329 1795 1400 (6),
1851 1330 2051 1401 absque
2099 1332 2367 1401 clavigero
2416 1334 2560 1399 caeli,
2608 1334 2809 1405 absque
2836 1350 2996 1391 curru
3021 1344 3079 1391 et
3120 1337 3302 1407 auriga
3336 1335 3631 1406 spiritualis

348 1409 583 1475 lsraelis,
616 1414 819 1483 absque
846 1417 1214 1473 universitatis
1246 1419 1521 1486 pontiﬁce,
1551 1420 1752 1489 absque
1794 1424 1950 1476 unico
1978 1437 2133 1491 papa,
2177 1423 2378 1492 absque
2406 1424 2663 1493 singulari
2691 1435 2926 1496 pastore,
2958 1428 3163 1496 absque
3190 1426 3408 1497 speciali
3440 1427 3623 1490 Patre,

345 1502 549 1571 absque
572 1513 625 1559 te
652 1506 890 1563 omnium
918 1510 1121 1565 arbitro
1146 1510 1344 1582 aliquid
1367 1521 1777 1571 consummetur
1796 1523 1888 1567 aut
1917 1515 2238 1585 divulgctur.
2267 1517 2345 1571 Tu
2375 1517 2516 1572 enim
2544 1528 2693 1574 tenes
2718 1518 2893 1573 claves
2934 1519 3095 1575 David
3126 1519 3309 1591 (Luca
3329 1521 3431 1592 xt),
3455 1528 3512 1575 ta
3534 1536 3625 1574 aeq

345 1595 533 1663 cepisti
563 1595 740 1652 claves
766 1600 1026 1659 scientiae.
1059 1602 1115 1655 In
1144 1617 1266 1658 arca
1298 1603 1496 1672 quippe
1539 1604 1770 1671 pectoris
1806 1604 1877 1657 tui
1911 1605 2104 1659 tabulae
2137 1607 2438 1661 testamenti
2457 1616 2512 1663 et
2532 1607 2971 1663 mannacmlestis
3018 1609 3227 1677 saporis
3256 1610 3623 1678 requiescunt.

345 1686 424 1740 'l'u
451 1688 595 1741 enim
623 1688 762 1757 quod
793 1689 947 1759 ligas,
977 1707 1136 1747 nemo
1163 1693 1357 1758 solvit;
1388 1695 1527 1762 quod
1559 1695 1742 1759 solvis,
1797 1708 1955 1747 nemo
1996 1695 2158 1766 ligat;
2187 1696 2277 1767 qui
2306 1696 2502 1766 aperis,
2532 1702 2587 1752 et
2633 1710 2793 1751 nemo
2857 1695 3321 1762 claudit;claudis,
3370 1706 3427 1754 et
3471 1713 3628 1753 neum

346 1779 519 1848 aperit
552 1779 767 1850 (Matth.
793 1780 927 1851 ινι).
962 1783 1143 1838 Vicem
1172 1800 1399 1853 namque
1427 1786 1481 1838 in
1504 1786 1662 1839 terris
1687 1786 1928 1853 possides
1953 1788 2068 1842 Dei.

433 1873 591 1942 179
630 1872 760 1927 Cum
788 1882 965 1928 autem
999 1874 1138 1930 hunc
1164 1876 1377 1942 beatum
1406 1878 1458 1931 in
1490 1876 1735 1931 Latinum
1766 1886 2029 1932 verterem
2054 1878 2345 1947 eloquium,
2371 1893 2467 1933 nec
2489 1880 2794 1934 Graecorum
2821 1879 3092 1948 idiomata,
3124 1896 3224 1938 nec
3251 1897 3433 1937 eorum
3460 1881 3607 1937 ordi-

352 1979 472 2031 nem
507 1966 794 2020 verborum
826 1968 978 2036 sequi
1020 1968 1166 2036 potui
1216 1970 1299 2023 vel
1347 1968 1528 2022 debui.
1574 1966 1688 2021 Non
1720 1969 1862 2024 enim
1893 1968 2112 2021 verbum
2137 1983 2167 2021 e
2199 1968 2398 2031 verbo,
2430 1968 2525 2023 sed
2555 1984 2769 2023 sensum
2800 1984 2832 2023 e
2860 1984 3020 2026 sensu
3070 1972 3332 2041 excerpsi.
3362 1970 3464 2028 Sed
3509 1985 3612 2027 nec

346 2056 566 2111 Latinas
593 2058 804 2126 regulas
836 2074 1215 2129 usquequaque
1245 2072 1463 2115 servare
1490 2060 1673 2113 curavi
1693 2099 1709 2125 ,
1742 2058 1868 2112 dum
1902 2067 2104 2113 tantum
2134 2059 2358 2114 intentio
2386 2074 2503 2113 mea
2537 2060 2628 2115 illo
2660 2061 2901 2116 tenderet
2924 2100 2939 2126 ,
2971 2078 3038 2117 ex
3073 2077 3178 2133 quo
3210 2063 3407 2118 utilitas
3429 2079 3623 2120 nasce-

346 2155 493 2199 retur
517 2146 836 2215 legentibus.
867 2147 981 2214 Qua
1010 2150 1077 2203 de
1100 2164 1179 2214 re,
1214 2150 1522 2219 coangelice
1551 2151 1747 2205 domne
1768 2190 1782 2213 ,
1818 2164 1923 2204 non
1974 2165 2265 2219 personam
2287 2152 2607 2207 tantillitatis
2634 2167 2765 2208 mea:
2795 2154 3028 2220 intuens,
3062 2170 3171 2209 non
3196 2158 3447 2211 astutiam
3474 2159 3624 2213 inve-

345 2240 573 2311 stigans,‘
599 2255 701 2293 non
733 2239 1019 2293 verborum
1050 2240 1296 2308 phaleras
1341 2242 1637 2311 requirens,
1672 2241 1766 2296 sed
1812 2242 1989 2310 potius
2016 2242 2105 2310 pio
2136 2241 2313 2297 cordis
2338 2242 2495 2296 oculo
2523 2242 2820 2312 profectum
2852 2245 3139 2315 legentium
3170 2261 3532 2314 pmnoscens,
3566 2258 3625 2302 ut

345 2340 525 2385 tantus
557 2331 637 2385 vir
664 2341 916 2401 tanquam
956 2331 1235 2400 exemplar
1261 2342 1314 2386 et
1354 2333 1628 2401 speculum
1662 2331 1731 2386 sit
1772 2332 2044 2396 omnibus,
2086 2342 2263 2386 vestra
2290 2330 2580 2401 apostolica
2611 2334 2933 2390 auctoritate
2962 2336 3363 2391 translationem
3393 2339 3549 2403 hanc,
3576 2339 3622 2392 si

345 2431 527 2476 vestro
557 2422 782 2476 arbitrio
812 2422 1006 2489 placet,
1042 2422 1279 2487 ﬁrmate;
1314 2422 1357 2474 si
1385 2422 1655 2491 displicet,
1686 2422 2001 2488 emendate;
2030 2422 2319 2477 dummodo
2342 2422 2603 2477 Latinitas
2630 2438 2689 2479 se
2719 2433 2866 2478 tanto
2894 2440 2998 2479 non
3030 2425 3212 2480 doleat
3236 2442 3356 2481 esse
3382 2428 3493 2482 sale
3520 2431 3624 2498 pri-

346 2522 541 2577 vatam,
569 2526 675 2581 quo
707 2510 907 2565 Gnecia
939 2526 997 2565 sc
1026 2511 1221 2579 gaudet
1246 2513 1447 2580 optime
1474 2511 1767 2566 conditam.

419 2604 643 2675 Suscipe
688 2620 817 2673 ergo
859 2612 1153 2659 sanctuma
1187 2609 1470 2674 peccatore
1518 2601 1959 2670 interpretatum;
1990 2609 2044 2653 et
2092 2600 2198 2656 noli
2240 2601 2519 2657 attendere
2554 2616 2650 2670 per
2687 2616 2844 2670 quem
2891 2605 3180 2658 translatus
3223 2605 3326 2669 sit,
3358 2604 3450 2659 sed
3500 2606 3619 2675 quis

346 2696 634 2751 translatus
665 2697 753 2750 sit.
784 2695 968 2764 Neque
997 2695 1137 2750 enim
1192 2703 1410 2764 propter
1446 2692 1680 2750 ﬁstulam
1726 2689 2028 2763 plumbeam
2058 2690 2136 2761 (7)
2164 2704 2355 2759 aquam
2404 2690 2829 2758 limpidissimatn
2875 2690 3128 2760 despicis,
3178 2708 3354 2761 neque
3404 2705 3621 2763 pmptcr

346 2791 527 2856 Spittns
560 2803 677 2858 quae
705 2790 1024 2857 producunt,
1048 2802 1225 2843 rosam
1259 2804 1380 2851 qua:
1412 2788 1730 2857 producitur
1770 2787 2003 2856 spernis.
2054 2786 2247 2841 Custos
2272 2783 2506 2854 denique
2539 2793 2590 2838 et
2619 2794 2827 2840 amator
2858 2792 3000 2851 tuus,
3029 2785 3241 2856 quando
3267 2787 3451 2846 voluit.
3478 2787 3620 2843 Pha-

346 2880 500 2951 raoni
530 2877 683 2947 (Gen.
720 2877 831 2947 xu)
859 2886 910 2931 et
940 2876 1431 2932 Nabuchodonosor
1461 2877 1622 2945 (Dan.
1653 2875 1728 2946 tv)
1757 2876 1951 2944 iniquis
1991 2876 2206 2946 regibus
2232 2877 2458 2942 somnia,
2488 2878 2682 2946 quibus
2712 2878 2888 2932 futura
2916 2889 3400 2949 praenoscerentur,
3432 2891 3615 2936 osten-

346 2971 456 3037 dit;
483 2981 533 3026 ct
554 2970 812 3041 Caipham
836 2969 1053 3040 impium
1083 2970 1225 3039 quod
1257 2968 1575 3039 expediebat
1602 2970 1819 3039 protulit
1848 2965 2029 3040 (Joan.
2057 2968 2165 3038 x1);
2198 2968 2436 3045 quinimo
2459 2979 2509 3025 et
2527 2970 2740 3045 quando
2764 2970 2951 3035 voluit,
2974 2970 3138 3026 asina:
3167 2971 3311 3041 loqui
3337 2972 3621 3033 articulata

347 3074 475 3139 voce
510 3064 748 3133 permisit
774 3063 964 3135 (Num.
998 3063 1151 3133 xxn).

1371 3158 1534 3216 Salve,
1563 3158 1740 3207 Prtesul
1770 3166 1927 3206 amate
1951 3158 2079 3216 Deo,
2104 3168 2193 3217 per
2213 3154 2390 3204 szeenla
2414 3155 2567 3215 salve,

1432 3221 1605 3271 Totius
1624 3230 1770 3283 atque
1792 3224 1921 3268 orbis
1940 3234 2060 3280 papa
2086 3223 2248 3275 heate,
2269 3220 2392 3269 vale.

362 3331 3617 3363 vr————————~——————————-——————————-——-—-——-—n

1260 3423 1547 3600 {Bm
1565 3417 2050 3554 omnium
2119 3416 2716 3561 auctoris.

427 3635 655 3695 intentio
683 3634 900 3705 quidem
934 3651 1035 3691 una
1059 3644 1145 3691 est
1174 3644 1353 3690 nostra
1379 3647 1588 3702 quoque
1617 3640 1671 3684 et
1695 3646 1877 3685 corum
1908 3630 1996 3700 qui
2018 3641 2141 3685 ante
2165 3645 2261 3684 ros
2288 3630 2503 3684 fuerunt
2529 3633 2911 3698 studiosorum,
2935 3642 2984 3689 et
3018 3644 3322 3690 sanctorum
3350 3634 3614 3701 virorum,

347 3744 511 3799 super
537 3732 793 3806 praesenti
816 3727 1180 3786 memorabilis
1212 3727 1307 3780 viri
1346 3725 1479 3780 Vita:
1506 3722 1847 3786 narratione;
1882 3721 1933 3776 id
1976 3730 2092 3789 est,
2118 3731 2179 3778 ut
2202 3736 2267 3775 ex
2304 3723 2404 3776 hoc
2444 3721 2692 3778 omnibus
2716 3722 2929 3792 quidem
2957 3722 3184 3779 imitatio
3215 3726 3299 3795 pia
3328 3733 3385 3782 et
3413 3725 3617 3780 utilitas

345 3821 457 3890 ﬁat,
489 3821 656 3889 gloria
688 3831 865 3885 autem
894 3831 947 3883 et
978 3818 1374 3891 magniﬁcentia
1424 3823 1627 3870 sanctae
1671 3822 1725 3869 et
1766 3814 2053 3868 adorandae
2083 3810 2333 3871 Trinitati
2358 3813 2651 3881 referatur;
2681 3822 2735 3869 et
2763 3814 2816 3868 in
2845 3813 2971 3881 hoc,
3000 3814 3137 3870 sicut
3166 3823 3222 3870 et
3259 3816 3310 3871 in
3341 3818 3613 3883 omnibus,

343 3927 465 3978 qua:
493 3926 708 3982 semper
737 3912 790 3967 in
820 3912 1222 3982 generationem
1254 3919 1308 3965 et
1335 3908 1735 3977 generationem
1767 3905 1978 3973 propria
2007 3904 2290 3959 luminaria
2314 3904 2570 3972 ostendit,
2590 3904 2657 3959 ad
2689 3905 3068 3961 illuminandos
3094 3906 3184 3975 qui
3219 3908 3272 3961 in
3306 3908 3540 3964 tenebris
3557 3918 3614 3964 et

343 4001 395 4054 in
428 4003 612 4056 umbra
642 4004 834 4057 mortis
862 4003 1054 4058 sedent
1079 4000 1237 4071 (Luc.
1270 4000 1312 4071 t)
1342 4008 1396 4054 et
1425 3995 1647 4067 peccati.
1695 3994 1954 4061 Quoniam
1983 4008 2111 4048 vero
2140 3995 2296 4048 amici
2327 3993 2526 4048 Christi
2555 4008 2664 4048 non
2691 3994 2847 4050 valde
2870 3995 3153 4062 miramur,
3179 3996 3272 4066 qui
3292 4007 3419 4051 ante
3445 4013 3610 4066 gene-

343 4095 607 4162 rationem
650 4101 886 4147 nostram
938 4092 1152 4147 fuerunt
1199 4092 1320 4158 viri,
1349 4092 1438 4162 qui
1465 4090 1575 4145 Deo
1606 4088 1794 4157 placita
1838 4086 2245 4141 conversatione
2292 4086 2568 4153 vixerunt;
2597 4087 2692 4142 sed
2735 4086 2805 4143 de
2831 4087 3092 4144 diabolica
3132 4089 3444 4159 operatione
3493 4092 3615 4148 illos

347 4160 625 4240 sermones
653 4199 866 4253 semper
890 4184 1118 4239 dicimus
1145 4184 1210 4238 ad
1241 4160 1576 4250 alter—utrum,
1599 4181 1719 4251 quia
1748 4180 1848 4235 sub
1877 4179 2007 4233 viris
2034 4179 2123 4250 qui
2150 4187 2274 4233 ante
2304 4193 2402 4233 nos
2426 4177 2665 4245 fuerunt,
2689 4194 2793 4233 non
2819 4188 2936 4234 erat
2962 4181 3033 4233 ita
3061 4179 3311 4249 iniquitas
3334 4181 3609 4236 hominum

344 4274 689 4343 multiplicata
719 4276 860 4331 sicut
884 4277 1066 4342 modo,
1096 4284 1154 4330 ut
1182 4275 1428 4345 prmdixit
1459 4275 1634 4329 divina
1663 4274 1957 4340 Scriptura,
1989 4286 2055 4327 eo
2081 4271 2225 4341 quod
2267 4271 2555 4327 abundavit
2584 4271 2857 4342 iniquitas,
2886 4272 3188 4343 refrigescit
3215 4273 3448 4329 cliaritas
3476 4275 3608 4328 mul-

343 4373 517 4430 torum
550 4363 763 4434 (Matth.
794 4365 979 4437 xxiv);
1013 4364 1135 4420 ideo
1160 4381 1265 4419 non
1298 4364 1537 4419 valemus
1565 4365 1629 4418 ad
1657 4379 1843 4418 eorum
1892 4377 2216 4431 consurgere
2244 4362 2489 4416 meritum
2519 4381 2531 4416 :
2559 4363 2717 4432 hujus
2745 4364 2823 4418 rei
2848 4364 3015 4434 gratia
3049 4364 3114 4419 ad
3138 4377 3452 4434 praesentem
3480 4382 3608 4420 san-

343 4461 444 4505 ctae
476 4451 634 4521 hujus
664 4452 800 4508 Vitae
822 4456 1184 4521 narrationem
1216 4469 1283 4509 ex
1306 4462 1459 4525 parte
1486 4455 1728 4509 venimus
1758 4453 1822 4507 ad
1854 4453 2240 4508 ostendendum
2272 4455 2433 4510 etiam
2463 4453 2652 4508 diebus
2678 4456 2878 4511 nostris
2908 4454 3170 4523 volentes,
3201 4466 3255 4511 et
3281 4458 3607 4524 propositum

346 4556 504 4613 suum
533 4554 810 4617 cogentes,
835 4544 1260 4600 excellentiores
1293 4542 1445 4600 nobis
1477 4543 1856 4609 demonstrari,
1882 4552 1938 4595 et
1965 4552 2244 4612 angustam
2286 4552 2337 4597 et
2368 4550 2569 4598 arctam
2599 4544 2738 4599 viam
2769 4559 2927 4616 posse
2968 4545 3217 4602 incedere
3247 4543 3459 4616 (Matth.
3488 4544 3585 4612 vn)

341 4644 402 4699 et
426 4638 711 4696 obstruere
739 4655 802 4696 os
832 4640 1160 4711 loquentium
1190 4640 1367 4711 iniqua
1391 4639 1561 4711 (Prol.
1596 4638 1763 4709 an),
1798 4648 1851 4693 et
1878 4639 2072 4693 animae
2100 4654 2301 4694 naeuos
2326 4638 2649 4697 intellectus.

420 4729 535 4786 Jam
566 4733 781 4803 quidem
810 4740 867 4789 et
893 4732 987 4787 alii
1011 4740 1137 4788 ante
1180 4746 1281 4787 nos
1308 4731 1505 4801 Optima
1559 4738 1718 4801 atque
1760 4730 2213 4795 excellentissima
2257 4731 2325 4784 de
2366 4731 2468 4787 hoc
2496 4731 2795 4787 admirabili
2834 4732 2952 4787 viro
2992 4740 3046 4786 et
3078 4747 3287 4788 summo
3335 4728 3617 4785 sacerdote

342 4822 550 4879 Joanne
581 4826 938 4895 philosophati
979 4833 1131 4889 sunt,
1164 4833 1407 4894 potentes
1449 4823 1742 4878 existentes
1770 4822 1821 4876 in
1853 4837 2015 4893 opere
2043 4830 2099 4878 et
2127 4822 2180 4878 in
2220 4836 2492 4880 sermone.
2538 4823 2669 4879 Dico
2696 4822 2838 4878 enim
2869 4822 3130 4878 Joannem
3161 4830 3215 4876 et
3251 4820 3612 4891 Sophronium

347 4917 430 4989 (8)
462 4919 555 4972 Dei
586 4921 1199 4985 enltores,etamator.es
1225 4918 1499 4980 virtutum,
1531 4926 1585 4971 et
1613 4915 1830 4986 pietatis
1858 4927 2313 4986 propugnatores;
2346 4925 2584 4972 attamen
2606 4916 2849 4985 quamvis
2871 4915 3003 4969 tales
3028 4922 3229 4978 essent.
3257 4913 3327 4968 de
3353 4912 3617 4983 dignitate

342 5017 399 5065 et
419 5009 611 5078 merito
640 5011 796 5075 studii
825 5010 922 5067 viri
953 5011 1108 5066 istius
1139 5018 1194 5064 et
1231 5006 1330 5077 ipsi
1360 5007 1659 5071 omiserunt
1684 5047 1699 5071 ,
1724 5014 1779 5061 et
1808 5006 2036 5074 idipsum
2069 5006 2308 5075 perpessi
2349 5016 2496 5071 sunt,
2526 5006 2664 5075 quod
2694 5004 2935 5060 nonnulli
2962 5005 3185 5059 studiosi
3228 5003 3500 5073 agricolae,
3532 5003 3612 5056 vi-

343 5113 499 5151 neam
529 5098 750 5154 uberem
782 5110 836 5154 et
866 5099 1199 5155 fructuosam
1226 5098 1652 5163 vindemiantes;
1682 5110 1803 5149 nam
1837 5096 2143 5164 relinquunt
2172 5096 2356 5165 utique
2385 5109 2449 5151 ex
2476 5095 2647 5151 fructu
2673 5095 3121 5160 benedictionem,
3153 5096 3313 5150 etiam
3345 5094 3611 5156 nolentes,

338 5199 488 5249 retro
518 5201 577 5241 se
608 5189 956 5257 sequentibus
987 5189 1167 5260 egenis
1196 5190 1518 5261 eligentibus
1548 5188 1757 5245 vineam
1780 5234 1794 5257 ,
1824 5202 1891 5242 ex
1919 5187 2113 5257 quibus
2151 5200 2338 5241 sumus
2366 5197 2420 5243 et
2449 5200 2546 5242 nos
2577 5187 2806 5241 minimi.
2852 5187 2984 5242 Nam
3013 5198 3064 5243 et
3093 5201 3279 5241 omnes
3306 5185 3476 5239 sancti
3505 5185 3613 5253 isti,

339 5285 587 5353 quamvis
613 5285 755 5338 omni
783 5284 1097 5351 fortitudine
1126 5299 1217 5353 sua
1243 5284 1569 5340 fructiferam
1601 5284 1739 5353 hanc
1762 5281 1982 5349 olivam,
2006 5295 2125 5351 quae
2152 5280 2203 5334 in
2232 5280 2391 5337 domo
2414 5280 2531 5349 Dei,
2555 5289 2611 5334 ut
2637 5279 2712 5335 ait
2736 5278 3015 5335 Psalmista
3044 5278 3216 5349 (Psal.
3249 5278 3347 5355 ιι),
3382 5287 3618 5353 plantata

336 5384 441 5443 est,
476 5384 692 5444 propter
721 5375 1043 5444 multiplices
1074 5389 1259 5432 revera
1306 5377 1496 5441 olivas,
1536 5391 1657 5445 quae
1687 5375 1741 5429 in
1771 5388 1833 5429 ea
1861 5383 2017 5441 sunt,
2049 5376 2168 5431 zelo
2203 5374 2298 5429 Dei
2342 5373 2673 5428 vindemiare
2717 5372 3038 5437 studuerint,
3070 5382 3307 5434 attamen
3340 5378 3496 5433 latuit
3522 5392 3619 5433 eos

335 5467 538 5523 inultus
569 5468 724 5521 oliva:
753 5464 980 5534 fructus,
1000 5446 1226 5536 Domino
1255 5466 1616 5536 dispensante.
1634 5465 1879 5519 Nostram
1904 5477 2033 5531 ergo
2049 5464 2212 5519 vilem
2238 5472 2293 5527 et
2321 5462 2561 5532 frigidam
2586 5462 2916 5517 alacritatem
2938 5467 3291 5537 suscipiam;
3309 5467 3414 5521 duo
3441 5466 3615 5520 vidua

336 5539 543 5635 minuta
575 5556 752 5629 (Luae
780 5560 926 5624 xxI);
960 5573 1064 5613 non
1096 5558 1235 5613 enim
1266 5558 1372 5613 illis
1402 5558 1750 5613 detrahentes
1771 5598 1787 5624 ,
1819 5569 1992 5624 neque
2024 5556 2111 5625 qui
2143 5556 2411 5625 possimus
2436 5567 2621 5608 eorum
2651 5567 2681 5606 a
2712 5553 2824 5608 Deo
2848 5553 3103 5613 donatam
3146 5560 3465 5626 sapientiam
3496 5557 3615 5611 imi-

337 5651 460 5725 tari,
486 5650 615 5721 justi
644 5657 791 5717 gesta
825 5650 1102 5719 scripturae
1134 5649 1347 5703 tradere
1376 5646 1781 5711 festinavimus;
1813 5645 1904 5700 sed
1940 5646 2115 5715 primo
2144 5643 2359 5713 quidem
2389 5652 2446 5697 ut
2480 5642 2620 5713 quod
2649 5641 2998 5716 intelligimus
3023 5663 3126 5702 non
3153 5649 3353 5717 justum
3378 5661 3520 5709 esse.
3550 5661 3615 5701 ea

345 5754 459 5813 mue
493 5748 717 5815 possunt
759 5740 1040 5799 utilitatem
1070 5739 1406 5797 audientibus
1452 5735 1646 5805 facere,
1679 5737 1896 5794 silentio
1940 5735 2249 5803 occultare;
2282 5752 2352 5791 nc
2376 5744 2429 5791 et
2466 5750 2564 5791 nos
2596 5734 2894 5795 incidamus
2922 5740 2973 5796 in
3008 5740 3257 5799 iudicium
3298 5738 3437 5788 servi
3465 5738 3611 5790 illius
