4016 6272
371 389 460 446 511

1288 383 1445 438 VITA
1485 380 1722 436 SANCTI
1762 375 2040 432 JOANNIS
2083 374 2660 432 ELEEMOSYNARH.‘

3503 371 3608 424 542

369 501 583 572 (.llauh.
619 500 765 568 xxv),
791 499 879 567 qui
910 496 1164 551 talentum
1195 496 1246 549 in
1284 505 1420 549 terra
1459 497 1614 566 180
1653 491 1952 547 abscondit.
1981 490 2227 546 Secundo
2250 497 2444 556 autem,
2477 497 2536 542 ut
2566 489 2616 541 in
2648 486 2746 541 hac
2773 485 3077 539 narratione
3107 492 3284 538 nostra
3313 484 3608 538 correctio-

369 606 447 647 res
473 598 528 644 et
556 588 904 643 delectabiles
954 587 1192 639 historia:
1236 585 1656 649 conscribantnr,
1691 597 1808 650 qua:
1847 581 2059 648 scriptas
2087 596 2193 633 non
2224 586 2345 634 sunt
2385 580 2452 631 ab
2485 576 2701 646 optimis
2747 575 2896 638 viris,
2930 576 2979 626 in
3013 573 3256 627 laudibus
3283 572 3606 639 sanctissimi

369 695 546 738 revera
573 689 734 746 atque
756 677 1046 730 beatissimi
1076 673 1315 730 Joannis.
1344 675 1544 728 Deinde
1573 687 1721 736 vero,
1745 673 1866 741 quia
1893 671 2158 738 sapientes
2180 679 2233 723 et
2253 676 2493 738 potentes
2511 669 2564 722 in
2588 680 2854 730 sermone,
2879 673 3143 718 amatores
3166 665 3401 718 historiae
3430 674 3607 727 erant,

368 774 636 841 sapienter
665 780 717 823 et
748 768 1049 821 sublimiter
1076 766 1350 818 materiam
1382 765 1741 834 depinxerunt
1767 781 1782 818 :
1806 763 1944 832 quod
1975 763 2203 816 maxime
2224 773 2275 817 et
2300 763 2622 830 peramplius
2647 763 2819 815 erexit
2846 773 2942 814 nos
2970 763 3037 813 ad
3067 765 3381 827 praesentem
3415 757 3612 810 sollici-

369 863 622 926 tudinem,
653 869 709 912 ut
736 873 799 912 eo
827 859 915 926 qui
944 859 1083 909 inest
1108 858 1280 920 nobis,
1313 856 1567 925 pedestri,
1598 857 1848 922 deformi,
1883 853 2173 923 humilique
2217 854 2528 909 charactere
2559 867 2957 919 enarraretnus,
2982 861 3040 908 ut
3069 861 3250 922 posset
3276 861 3332 905 et
3369 850 3532 905 idiota
3559 857 3615 904 et

369 956 481 1009 sine
511 951 700 1006 litteris
731 949 799 1004 de
828 950 912 1002 his
936 963 1054 1016 quae
1084 947 1332 1000 dicuntur
1363 948 1639 1016 prolicere.

376 1070 3612 1098 .—————-—-——————————————-————-———-—-—-———————-——-————-———

1785 1159 2233 1284 VITA.

437 1355 614 1409 Caru'r
644 1365 864 1408 ramum.
887 1377 958 1390 —
979 1347 1109 1403 Cum
1158 1345 1518 1416 pervenissem
1561 1343 1934 1399 Alexandriam
1967 1345 2013 1400 Α
2043 1341 2384 1410 Evangelium
2415 1340 2719 1395 audientem
2763 1354 2849 1410 se,
2886 1339 3017 1396 dicit
3050 1340 3177 1394 mihi
3207 1353 3328 1396 eum
3358 1354 3614 1410 compun-

374 1464 470 1517 ego
517 1445 762 1513 indignus
803 1441 868 1495 ad
917 1438 1315 1506 amplectandos
1362 1445 1577 1491 sanctos
1622 1446 1677 1491 et
1711 1436 1941 1489 victores

376 1547 633 1606 martyres
663 1535 861 1603 Cyrum
896 1540 949 1586 et
990 1530 1247 1583 Joannem
1272 1528 1372 1599 (9),
1401 1536 1452 1581 et
1485 1542 1666 1580 eorum
1695 1525 1944 1593 jucundis

376 1627 544 1696 epulis
571 1635 624 1679 et
653 1624 947 1679 refectione
970 1621 1287 1685 frueremur,
1305 1619 1739 1673 convenientibus
1763 1627 1810 1672 et
1835 1617 1946 1671 col-

380 1716 714 1786 loquentibus
762 1712 956 1766 ibidem
1012 1710 1326 1778 quibusdam
1375 1710 1504 1762 viris
1561 1707 1946 1762 venerabilibus

380 1820 529 1877 atque
557 1803 922 1874 philochristis
948 1802 1084 1873 (10),
1117 1809 1171 1854 et
1198 1801 1593 1868 disputaremus
1613 1799 1680 1852 de
1706 1799 1943 1865 Scriptu-

382 1901 448 1952 ris
476 1897 619 1952 etde
663 1895 858 1947 animae
890 1891 1260 1956 institutione,
1289 1890 1430 1943 venit
1475 1888 1538 1943 ad
1589 1904 1686 1943 nos
1734 1889 1945 1956 quidam

383 1988 683 2058 peregrinus
733 1993 921 2051 petens
967 1982 1387 2049 eleemosynam.
1441 1978 1659 2032 Dicebat
1692 1979 1840 2030 enim
1890 1991 1950 2030 se

387 2093 544 2147 nuper
573 2077 638 2130 de
679 2074 991 2144 captivitate
1016 2073 1294 2126 Persarum
1325 2077 1589 2138 ereptum.
1623 2070 1829 2124 Accidit
1856 2069 1953 2139 igi-

391 2177 470 2221 tur
511 2178 570 2221 ut
608 2167 784 2220 nullus
831 2164 899 2219 de
927 2161 1329 2216 considentibus
1372 2161 1703 2214 inveniretur
1747 2160 1951 2213 habens

395 2261 615 2330 pretium
657 2267 744 2311 aut
770 2270 1065 2310 nummum.
1117 2253 1261 2307 Unus
1299 2267 1424 2320 ergo
1448 2252 1515 2306 de
1555 2250 1954 2305 considentibus

398 2351 622 2404 habebat
641 2349 745 2402 illic
766 2355 1018 2400 astantem
1044 2344 1453 2410 mercenarium,
1477 2341 1666 2396 callide
1687 2342 1950 2404 datorem,

391 2441 728 2507 accipientem
764 2447 868 2490 tres
889 2445 1088 2488 tantum
1113 2447 1356 2488 nummos
1381 2448 1474 2501 per
1495 2433 1732 2501 singulos
1758 2445 1950 2494 annos,

387 2543 438 2586 et
485 2531 766 2584 habentem
809 2542 1028 2581 uxorem
1056 2535 1107 2580 et
1135 2525 1266 2579 duos
1310 2525 1464 2578 filios.
1511 2521 1749 2592 Cumque
1777 2536 1957 2575 reces-

385 2625 533 2677 sisset
574 2622 662 2690 qui
697 2620 930 2690 petebat,
961 2625 1274 2686 prosecutus
1302 2621 1386 2670 est
1413 2629 1534 2668 eum
1579 2613 1872 2682 ingeniose,
1902 2621 1954 2665 et

2044 1434 2255 1486 ctione:
2284 1433 2340 1487 ltt
2389 1432 2489 1488 hoc
2529 1433 2762 1497 miraris,
2795 1433 3051 1488 Domine?
3078 1432 3193 1487 Jam
3237 1433 3280 1486 si
3322 1432 3621 1487 invenisses

2046 1532 2286 1577 sanctum
2336 1523 2709 1592 patriarcham,
2744 1522 2907 1591 quid?
2953 1523 3053 1576 Aio
3097 1523 3145 1577 ei
3173 1523 3348 1587 :Quid
3376 1523 3618 1591 amplius

2047 1616 2316 1670 viderem?
2359 1616 2506 1670 Tunc
2556 1616 2688 1670 dixit
2723 1615 2887 1669 tnihi:
2922 1615 3093 1670 Crede
3120 1631 3215 1684 per
3242 1615 3619 1685 indulgentiam

2049 1706 2163 1761 Dei.
2192 1705 2309 1772 lpse
2331 1721 2416 1761 me
2445 1707 2569 1761 fecit
2591 1708 2980 1777 presbyterum.
3004 1715 3064 1761 et
3081 1706 3474 1761 vieedominum
3507 1705 3621 1776 (15)

2049 1800 2401 1855 sanctissimae
2432 1801 2690 1864 ecclesiae,
2720 1809 2772 1854 et
2794 1800 2898 1853 vidi
2930 1800 2980 1853 in
3008 1815 3074 1854 eo
3103 1814 3288 1868 opera,
3321 1800 3622 1856 universam

2053 1906 2187 1959 pene
2235 1902 2476 1945 naturam
2522 1891 2854 1956 excedentia.
2904 1891 2966 1944 Et
3010 1891 3054 1945 si
3086 1891 3332 1960 dignatus
3373 1891 3540 1946 fueris
3571 1892 3625 1945 in

2052 1983 2266 2036 servilia
2290 1992 2376 2036 tua
2399 1982 2555 2036 hodie
2576 1982 2855 2047 veniendo,
2873 1981 3204 2037 sanctificare
3224 1997 3344 2048 nos,
3363 1982 3629 2036 enarrabo

2055 2074 2144 2128 tzbi
2176 2084 2345 2141 gesta,
2373 2091 2489 2143 qute
2534 2076 2652 2142 ipse
2683 2076 2951 2142 inspector
2991 2088 3174 2129 eorum
3206 2073 3377 2129 factus
3421 2077 3624 2142 aspexi.

2051 2162 2290 2230 Cumque
2337 2162 2437 2216 hoc
2483 2163 2726 2227 dixisset,
2755 2165 2896 2218 tenui
2942 2179 3154 2216 manum
3187 2172 3240 2218 et
3279 2165 3424 2219 erexi
3451 2181 3617 2226 eum;

2054 2255 2581 2323 apprehendensque,
2596 2254 2746 2307 duxit
2765 2269 2849 2307 me
2871 2255 2921 2307 in
2944 2269 2974 2307 a
2995 2255 3098 2308 Deo
3121 2263 3384 2309 servatam
3401 2247 3641 2310 domum.

2055 2361 2225 2398 suam.
2278 2347 2458 2415 Itaque
2488 2362 2606 2400 cum
2641 2346 2896 2400 voluisset
2927 2347 3078 2401 nobis
3114 2363 3351 2401 mensam
3382 2348 3626 2417 dignatus

2056 2451 2342 2504 apponere,
2371 2436 2478 2490 dixi
2505 2436 2569 2488 ad
2613 2451 2732 2490 eum
2761 2453 2774 2490 :
2800 2437 2914 2490 Non
2952 2437 3152 2505 justum
3185 2448 3286 2501 est,
3319 2453 3352 2491 ο
3384 2439 3626 2502 Domine,

2057 2527 2249 2578 anima:
2284 2525 2458 2579 cibum
2489 2525 2881 2595 relinquentes,
2913 2542 3106 2595 corpus
3135 2537 3258 2581 ante
3288 2529 3518 2583 animam
3546 2545 3628 2583 re-

2059 2614 2239 2680 ﬁcere,
2272 2615 2364 2668 sed
2406 2618 2575 2684 magis
2603 2616 2777 2670 cibum
2819 2616 2909 2686 qui
2938 2633 3040 2671 non
3072 2618 3228 2686 perit,
3259 2634 3551 2683 sumamus,
3579 2631 3628 2674 et

385 2715 636 2768 abstulita
656 2729 713 2767 se
734 2728 890 2782 quam
915 2711 1120 2766 ferebat
1140 2707 1462 2762 cruciculam
1482 2716 1787 2776 argenteam
1810 2706 1857 2774 (1
1877 2705 1949 2774 1),
1983 2715 2029 2773 Β
2058 2703 2395 2772 postmodum
2443 2706 2654 2771 corpori
2707 2706 3082 2761 necessitatem
3135 2716 3466 2774 praestemus.
3497 2707 3629 2762 Cum

386 2819 428 2858 et
475 2805 564 2858 dat
590 2804 660 2869 ei,
692 2804 877 2857 dicens
907 2816 965 2855 se
993 2814 1098 2854 non
1129 2798 1326 2852 habere
1377 2797 1520 2850 aliud
1553 2795 1751 2865 aliquid
1783 2809 1952 2862 usque

387 2896 444 2947 ad
476 2895 719 2963 siliquam
752 2907 909 2946 unam
941 2891 1055 2963 ([2)
1085 2890 1138 2944 in
1184 2889 1292 2942 vita
1341 2903 1455 2942 sua.
1519 2888 1631 2958 Ego
1687 2886 1846 2956 igitur
1890 2885 1956 2939 de

386 2989 481 3039 hoc
512 2985 650 3054 quod
683 2983 974 3047 acciderat,
1007 2982 1116 3034 imo
1142 2980 1282 3049 quod
1325 2988 1531 3048 gestum
1566 2978 1833 3039 videram,
1864 2990 1956 3043 per

384 3077 608 3144 gratiam
637 3076 729 3128 Dei
749 3073 1093 3128 considerans
1116 3071 1252 3139 quod
1282 3070 1562 3135 fecerat,et
1585 3075 1951 3134 compunctus,

385 3167 624 3220 enarravi
655 3166 832 3219 statim
884 3177 1051 3232 prope
1092 3161 1320 3223 sedenti,
1352 3162 1550 3214 Menum
1578 3158 1812 3220 nomine,
1841 3157 1957 3209 viro

385 3257 644 3312 industrio
684 3266 738 3311 et
784 3256 991 3309 timenti
1024 3255 1190 3308 Deum
1218 3295 1231 3318 ,
1260 3252 1349 3323 qui
1378 3260 1432 3306 et
1459 3259 1573 3306 erat
1599 3250 1849 3304 ordinans
1879 3248 1958 3301 di-

383 3350 784 3417 spensationem
841 3347 1193 3401 sanctissimae
1245 3343 1486 3399 ecclesia:
1545 3343 1644 3395 suh
1694 3341 1858 3395 nobili
1908 3350 1955 3394 et

384 3437 694 3492 beatissimo
720 3435 923 3490 Joanne
964 3433 1281 3504 patriarcha.
1317 3432 1418 3500 Qui
1458 3445 1576 3485 cum
1623 3445 1710 3484 me
1742 3429 1959 3483 intuitus

382 3538 529 3583 esset
577 3527 924 3580 admirantem
953 3536 1006 3581 et
1034 3525 1333 3579 laudantem
1377 3536 1496 3576 eum
1528 3521 1617 3590 qui
1660 3521 1959 3588 eleemosy-

385 3635 508 3673 nam
541 3615 761 3679 fecerat,
796 3613 1077 3669 dixitmihi
1105 3631 1117 3666 :
1144 3612 1219 3666 Ne
1242 3611 1473 3676 mireris,
1502 3625 1567 3664 eo
1592 3609 1730 3679 quod
1764 3623 1827 3662 ex
1855 3617 1962 3662 tra-

384 3712 593 3765 ditione
615 3717 666 3764 et
689 3707 930 3762 doctrina
956 3703 1259 3774 hujusmodi
1286 3703 1507 3756 actionis
1533 3709 1780 3769 operator
1801 3700 1965 3755 exsti-

385 3803 470 3854 tit.
509 3802 578 3854 Et
607 3799 817 3854 dicente
847 3811 931 3850 me
973 3795 1037 3849 ad
1066 3810 1211 3859 eum,
1241 3792 1552 3860 Quomodo?
1581 3801 1797 3862 propter
1838 3790 1965 3845 cha-

385 3892 602 3946 ritatem
631 3890 883 3960 prodesto
912 3887 1066 3941 mihi.
1091 3886 1206 3956 Ipse
1235 3883 1566 3954 respondens
1590 3883 1665 3936 ait
1689 3899 1702 3936 :
1728 3882 1965 3937 Sanctis-

382 3983 528 4037 simo
543 3991 623 4036 ter
639 3981 792 4036 beato
812 3977 1128 4050 patriarcha:
1145 3987 1328 4031 nostro
1353 3975 1657 4029 ministrans
1672 3972 1965 4044 permansit

2055 2810 2180 2863 ergo
2225 2796 2477 2864 coepisset
2508 2797 2668 2851 vitam
2698 2798 2866 2851 sancti
2899 2798 3014 2851 sine
3060 2799 3337 2853 mendacio
3365 2801 3590 2855 recitare
3614 2843 3628 2865 ,

2058 2887 2312 2951 Primum,
2343 2885 2530 2955 inquit,
2561 2897 2614 2942 et
2646 2889 2970 2956 praecipuum
3003 2890 3194 2943 bonum
3223 2890 3336 2958 ejus
3361 2891 3632 2960 fuit,qno-

2058 2976 2198 3030 niam
2224 2977 2544 3031 omnimodis
2576 2994 2679 3030 non
2706 2977 2923 3046 juravit.
2959 2978 3090 3032 Pelii
3122 2980 3276 3046 igitur
3305 2981 3544 3035 chartam
3577 2992 3632 3035 et

2057 3068 2516 3136 atratnentarium,
2549 3078 2602 3122 et
2627 3083 2743 3137 qua:
2771 3069 3108 3136 dicebantur,
3142 3086 3236 3138 per
3263 3071 3504 3126 ordinem
3530 3087 3627 3126 an-

2060 3158 2330 3210 notabant.

2130 3249 2261 3306 Car.
2293 3249 2356 3305 ll.
2379 3250 2754 3308 —Promotns
2783 3267 2932 3322 ergo,
2963 3262 3015 3306 et
3066 3254 3116 3308 in
3166 3254 3362 3310 throno
3395 3256 3636 3312 residens

2061 3341 2112 3394 in
2136 3341 2304 3395 amica
2334 3340 2532 3396 Christi
2564 3357 2753 3412 magna
2784 3344 2998 3398 civitate
3043 3344 3384 3411 Alexandria,
3417 3347 3636 3402 decreto

2062 3432 2240 3486 divino
2285 3433 2567 3497 veraciter,
2597 3442 2653 3487 et
2698 3449 2804 3487 non
2846 3449 2909 3488 ex
2965 3435 3292 3502 hominibus,
3325 3451 3497 3507 neque
3545 3453 3638 3505 per

2063 3523 2327 3589 homines,
2357 3525 2456 3578 hoc
2485 3525 2712 3593 primum
2747 3523 2885 3579 forte
2913 3524 3107 3579 factum
3138 3534 3185 3580 et
3218 3528 3496 3595 prtemium
3525 3543 3639 3583 om-

2063 3618 2216 3670 nibus
2241 3617 2647 3671 demonstravit.
2671 3616 2886 3670 Mittens
2907 3616 3048 3671 enim
3073 3633 3192 3670 mox
3218 3618 3638 3686 dispensatores,

2063 3719 2117 3764 et
2145 3725 2265 3763 eum
2308 3709 2395 3778 qui
2427 3708 2703 3763 dicebatur
2743 3725 2904 3777 super
2929 3724 3112 3778 pacem
3148 3710 3283 3780 (16),
3312 3712 3440 3767 dicit
3459 3726 3640 3767 coram

2065 3802 2312 3856 omnibus
2339 3801 2403 3856 ad
2437 3816 2530 3855 eos
2558 3801 2611 3854 in
2659 3801 2956 3855 honorabili
2997 3811 3204 3856 secreto
3231 3801 3344 3872 (l7)
3372 3801 3523 3856 :Nou
3551 3803 3641 3871 ju-

2066 3901 2203 3946 stum
2237 3901 2336 3956 est,
2363 3893 2573 3954 fratres,
2605 3905 2700 3945 nos
2727 3899 2849 3944 ante
2873 3890 3090 3945 alterius
3111 3894 3425 3962 cujusquam
3453 3907 3634 3946 curam

2069 3984 2263 4038 habere
2307 3999 2464 4052 quam
2512 3983 2731 4037 Christi.
2782 3983 2936 4037 Omni
2981 3998 3106 4038 vero
3156 3985 3495 4040 multitudine
3523 4001 3642 4055 qua:

382 4071 605 4136 Joanni,
637 4081 690 4126 et
718 4079 968 4140 tanquam
1000 4069 1139 4123 filius
1167 4066 1416 4137 proprius
1461 4066 1624 4133 patris
1650 4064 1962 4118 industriam

2076 4086 2416 4138 convenerat,
2444 4075 2624 4128 audito
2669 4075 2833 4128 verbo
2873 4087 3185 4145 compuncta
3227 4092 3289 4129 ac
3317 4078 3634 4141 sustinente,

383 4166 650 4234 suscepit,
681 4162 893 4217 dicente
923 4169 1110 4216 sancto
1139 4159 1204 4212 ad
1233 4173 1351 4212 eum
1376 4174 1390 4213 :
1417 4156 1645 4212 Humilis
1686 4155 1966 4220 Zacharia,

384 4266 512 4311 esto
541 4255 842 4310 misericors
867 4271 879 4319 ;
905 4262 959 4308 et
984 4253 1204 4307 verbum
1233 4251 1398 4304 habes
1423 4264 1491 4305 ex
1533 4250 1644 4304 Deo
1672 4264 1766 4318 per
1793 4247 1972 4304 infeli-

384 4351 612 4402 citatem
645 4360 843 4412 meam,
876 4345 1000 4413 quia
1031 4357 1202 4412 neque
1242 4342 1294 4395 in
1333 4342 1441 4395 vita
1473 4355 1589 4394 mea
1637 4355 1807 4410 neque
1853 4347 1973 4408 post

389 4448 624 4493 mortem
651 4436 825 4491 deerit
850 4451 878 4489 a
909 4444 959 4488 te
1005 4436 1177 4493 Deus;
1209 4431 1350 4502 quod
1377 4441 1554 4486 servat
1582 4446 1749 4500 usque
1789 4431 1969 4485 hodie.

389 4530 590 4585 Multas
619 4529 759 4584 enim
805 4526 1203 4582 henedictiones
1237 4525 1400 4578 mittit
1443 4524 1489 4578 ei
1541 4524 1701 4586 Deus,
1730 4523 1822 4576 sed
1869 4538 1971 4576 non

387 4624 622 4679 dimittit
649 4622 956 4690 quidquam,
989 4619 1129 4688 quod
1160 4634 1265 4672 non
1296 4618 1473 4671 statim
1507 4615 1599 4668 det
1627 4614 1968 4682 pauperibus,

390 4712 786 4782 propemodum
836 4710 1211 4776 constringens
1268 4715 1322 4760 et
1368 4706 1418 4758 in
1465 4703 1687 4759 nihilum
1727 4702 1974 4771 redigens

389 4805 616 4858 domum
649 4815 818 4855 suatn.
849 4798 1116 4853 Multoties
1144 4804 1321 4850 autem
1355 4795 1405 4848 in
1434 4794 1790 4848 exsultatione
1823 4792 1972 4845 inve~

388 4905 597 4950 nerunt
627 4908 748 4948 eum
791 4890 1027 4960 quidam,
1057 4886 1324 4942 dicentem
1375 4884 1483 4938 Deo
1511 4901 1523 4936 :
1548 4883 1772 4950 Sic,sic,
1804 4888 1896 4934 aut
1923 4888 1977 4935 tu

392 4983 685 5046 mittendo,
715 4989 807 5035 aut
832 4995 931 5047 ego
959 4975 1347 5045 dispergendo;
1380 4972 1682 5027 videbimus
1706 4984 1835 5024 vero
1857 4970 1977 5036 quis

392 5079 600 5128 vincat.
649 5074 841 5140 Liquet
883 5069 1024 5123 enim
1055 5081 1308 5135 quontam
1351 5073 1403 5118 tu
1432 5064 1580 5117 dives
1604 5103 1618 5130 ,
1650 5062 1895 5125 Domine,
1926 5069 1981 5116 et

393 5167 527 5219 vita:
552 5172 750 5218 nostra:
778 5159 1107 5216 ministrator
1132 5171 1209 5211 es.
1255 5156 1421 5210 Porro
1451 5162 1530 5207 est
1574 5152 1788 5223 quando
1828 5152 1978 5221 juxta

394 5263 655 5312 eventum
684 5268 791 5307 non
832 5251 990 5304 habet
1043 5249 1108 5302 ad
1167 5248 1350 5300 horam
1405 5244 1601 5314 aliquid
1644 5245 1786 5314 quod
1816 5243 1906 5298 det
1948 5259 1976 5298 a

393 5360 465 5400 se
500 5343 725 5413 petenti;
755 5350 810 5396 et
846 5341 1086 5394 tristatus
1123 5337 1252 5390 dicit
1287 5335 1354 5389 ad
1396 5335 1753 5389 tabernarium
1796 5343 1888 5388 aut
1915 5334 1982 5388 ad

2073 4165 2203 4220 dicit
2234 4167 2424 4219 itermn
2452 4166 2542 4220 ille
2568 4165 2750 4220 beatus
2778 4183 2789 4218 :
2816 4167 3011 4220 Euntes
3039 4181 3167 4235 ergo
3197 4181 3291 4235 per
3316 4176 3478 4222 totam
3509 4166 3640 4221 civi-

2073 4265 2255 4320 tatem,
2288 4257 2606 4311 conscribite
2639 4259 2792 4327 181
2823 4258 2946 4312 mihi
2973 4272 3141 4326 usque
3169 4257 3232 4312 ad
3259 4275 3418 4312 nnutu
3449 4273 3636 4314 omnes

2073 4347 2317 4400 dominos
2362 4361 2529 4401 meos.
2562 4347 2669 4400 lllts
2717 4359 2891 4401 autem
2934 4357 3037 4402 non
3084 4348 3523 4417 intelligentihus,
3552 4350 3642 4418 qui

2076 4438 2125 4489 hi
2155 4446 2354 4503 essent,
2383 4437 2476 4491 sed
2516 4436 2821 4506 rogantibus
2867 4435 3078 4504 dicere,
3105 4447 3158 4492 et
3183 4439 3497 4492 mirantibus
3528 4441 3644 4509 qni-

2075 4543 2195 4581 nam
2241 4529 2552 4594 patriarchae
2581 4527 2782 4582 domini
2811 4529 3120 4593 existerent,
3151 4531 3431 4597 respondit
3459 4545 3645 4584 rursus

2075 4621 2368 4691 angelicum
2400 4620 2526 4674 illud
2558 4636 2640 4686 ος,
2670 4629 2722 4675 et
2751 4621 2862 4674 ait:
2887 4620 3037 4688 Quod
3069 4635 3164 4676 vos
3189 4635 3386 4690 egenos
3413 4631 3468 4676 et
3496 4637 3645 4676 men-

2076 4712 2222 4769 dicos
2247 4712 2469 4772 vocatis,
2501 4709 2619 4762 illos
2655 4723 2751 4778 ego
2777 4709 3026 4765 dominos
3055 4718 3111 4764 et
3138 4709 3486 4763 auxiliatores
3509 4724 3647 4776 pra:-

2078 4801 2216 4854 dico.
2253 4801 2351 4868 ipsi
2392 4800 2532 4854 enim
2577 4799 2728 4854 nobis
2769 4815 2895 4856 vere
2921 4809 2976 4855 et
2999 4799 3263 4866 auxiliari,
3300 4807 3354 4854 et
3387 4800 3644 4854 caelorum

2080 4903 2295 4958 regnum
2328 4889 2528 4943 donare
2563 4898 2833 4958 poterunt.
2863 4891 2930 4945 Et
2957 4905 3077 4945 cum
3124 4890 3226 4945 hoc
3255 4889 3418 4944 multa
3449 4889 3650 4945 veloci-

2080 4986 2190 5033 tate
2234 4978 2456 5032 vidisset
2501 4977 2696 5033 factutn
2727 4980 2925 5037 Christi
2975 4982 3230 5046 imitator,
3270 4980 3522 5050 praecepit
3569 4979 3650 5033 eis

2084 5084 2176 5138 per
2220 5069 2455 5139 singulos
2480 5070 2597 5125 dies
2627 5070 2891 5138 stipendia
2938 5072 3118 5135 tribui,
3151 5081 3204 5126 et
3245 5086 3337 5140 per
3377 5071 3648 5141 proprium

2082 5159 2501 5228 dispensatorem
2519 5162 2762 5228 praebens
2781 5159 2858 5214 eis
2878 5159 3231 5216 sufficientem
3255 5161 3648 5218 necessitatem:

2084 5250 2202 5320 plus
2245 5260 2420 5305 autem
2475 5259 2627 5305 erant
2683 5266 2840 5319 quam
2889 5260 3091 5320 septem
3141 5253 3301 5308 millia
3351 5255 3649 5324 quingenti.

2083 5342 2235 5398 Tunc
2276 5341 2426 5412 quasi
2459 5351 2644 5412 pastor
2683 5355 2842 5397 verus
2871 5351 2925 5397 et
2953 5358 3058 5397 non
3103 5346 3496 5410 mercenarius,
3527 5359 3649 5399 cum

396 5437 791 5504 negotiatorem
816 5448 832 5487 ε
859 5432 933 5487 Da
961 5430 1092 5486 mihi
1117 5445 1278 5484 unum
1306 5430 1601 5482 "emissem
1629 5426 1762 5499 (i5).
1786 5436 1839 5482 el
1861 5443 1980 5482 εει·-
2009 5445 2060 5505 ι)
2084 5447 2237 5490 sacro
2267 5446 2365 5486 suo
2408 5432 2532 5487 ovili
2575 5440 2629 5487 et
2673 5447 2793 5488 cum
2834 5437 3272 5490 convenientibus
3300 5438 3495 5492 sanctis
3522 5436 3652 5489 viris

396 5527 548 5580 viam
578 5526 669 5581 tibi
701 5540 806 5580 uno
835 5538 1017 5579 mense
1059 5522 1139 5576 vel
1189 5521 1423 5585 duobus,
1453 5531 1513 5574 ut
1554 5522 1632 5574 vis
1664 5529 1714 5576 et
1747 5521 1834 5574 ubi
1878 5521 1977 5586 vis,

396 5619 658 5686 quoniam
708 5615 948 5671 esuriunt
983 5614 1135 5668 valde
1177 5615 1264 5683 qni
1296 5613 1346 5666 in
1390 5614 1549 5665 domo
1586 5627 1701 5666 mea
1742 5622 1884 5667 sunt.
1913 5614 1980 5668 Et

399 5721 628 5760 sumens
649 5707 737 5761 dat
757 5721 943 5776 egeno,
971 5721 1162 5774 rogans
1187 5713 1240 5757 nt
1283 5704 1476 5758 nemini
1499 5705 1658 5759 dicat.
1690 5705 1820 5759 Cum
1849 5721 1977 5773 ergo

398 5798 667 5851 sensisset
696 5811 779 5850 me
809 5797 943 5851 idem
979 5796 1068 5849 Dei
1094 5796 1263 5850 cultor
1291 5794 1508 5851 Meuuas
1539 5795 1652 5865 (16)
1680 5836 1692 5860 ,
1727 5805 1975 5865 tauquam

2086 5524 2351 5594 episcopis
2379 5522 2442 5577 ad
2474 5524 2748 5579 ecclesiam
2780 5536 3014 5582 sanctam
3039 5542 3283 5599 pergens,
3306 5535 3650 5584 consecratus

2085 5624 2168 5672 est
2186 5615 2364 5669 divino
2384 5614 2583 5683 judicio
2613 5613 2745 5684 (18).

2156 5706 2283 5762 Car.
2318 5704 2400 5758 lll.
2432 5733 2501 5745 -—-
2526 5705 2732 5764 Justutn
2763 5721 2888 5762 vero
2913 5717 2993 5762 est
3019 5717 3072 5760 ct
3108 5709 3207 5761 hoc
3237 5717 3504 5778 gestorum
3534 5705 3651 5765 ejus

2085 5812 2187 5850 non
2240 5801 2555 5864 po~.~.tpottcre
2596 5795 2811 5850 bonum.
2846 5795 2898 5850 In
2943 5797 3227 5850 crastinum
3270 5797 3408 5850 enim
3460 5792 3664 5846 ilel‘ttttt
