4016 6276
350 306 453 359 545

1377 309 1458 363 DE
1504 308 1680 362 VITIS
1721 306 2001 363 PATRUM
2045 306 2245 361 LIBER
2289 309 2565 367 PRIMUS.

3505 309 3608 363 διίῶ

344 429 557 485 mittens
608 441 702 495 per
750 434 913 482 totam
959 424 1224 479 civitatem
1274 423 1489 477 eosdem
1547 421 1637 476 Dei
1689 422 1919 485 amicos,
1953 426 1997 483 Α
2030 438 2172 480 cum,
2204 439 2269 477 ne
2297 424 2493 489 tardet,
2522 425 2618 480 sed
2646 425 2775 479 illud
2806 426 3091 496 Propheta:
3120 426 3320 483 dictum
3364 428 3609 496 protinus

343 536 656 577 meonomos
699 529 750 575 et
797 517 1146 573 cancellarios
1178 516 1330 586 (i9),
1363 530 1417 569 et
1465 516 1697 584 reliquos
1726 514 1918 582 quibus

342 626 459 670 erat
489 614 769 682 dispositio
792 610 1025 665 civitatis
1052 609 1274 673 credita,
1303 625 1407 665 non
1441 608 1681 675 permisit
1707 620 1920 659 mensu-

345 723 458 759 ram
489 705 932 772 qualemcunque,
964 700 1045 755 vel
1074 699 1278 769 pondus
1310 714 1527 768 parvum
1561 699 1639 753 vel
1671 712 1917 766 magnum

344 799 395 851 in
425 807 533 850 tota
571 796 812 859 civitate;
846 793 943 848 sed
990 793 1168 846 omnia
1200 792 1254 844 iu
1300 807 1402 844 una
1448 792 1717 857 Campana
1759 799 1922 842 state-

346 905 401 941 ra
433 887 573 957 (20),
600 885 777 939 modio
801 895 853 939 et
882 883 1063 937 artabc
1088 881 1226 954 (21),
1254 882 1483 936 vendere
1514 889 1567 933 et
1596 895 1774 933 emere
1800 894 1921 932 con-

346 978 657 1042 testabatur,
686 976 929 1031 scribens
950 975 1001 1028 in
1030 973 1421 1041 subscriptione
1446 986 1541 1027 sua
1561 972 1919 1025 conditionem

346 1084 441 1138 per
489 1083 702 1123 omnem
758 1067 1071 1136 regionem,
1126 1063 1415 1119 habentem
1466 1069 1690 1116 formam
1742 1062 1919 1115 hanc:

347 1177 369 1213 ι
406 1161 639 1217 Joannes
669 1159 888 1212 humilis
925 1168 979 1212 et
1022 1159 1244 1227 exiguus
1286 1171 1471 1211 servus
1514 1172 1788 1210 servorum
1820 1155 1924 1207 Do-

344 1251 477 1305 mini
521 1251 686 1306 nostri
735 1248 861 1303 Jesu
908 1245 1124 1311 Christi,
1170 1247 1419 1300 omnibus
1460 1247 1559 1300 sub
1610 1252 1924 1314 paupertate

346 1350 528 1395 nostra
558 1338 896 1408 degentibus,
939 1336 1133 1405 quique
1157 1335 1225 1389 ab
1264 1336 1455 1389 eodem
1486 1335 1709 1389 Domino
1737 1344 1790 1390 et
1816 1336 1924 1387 Deo

344 1442 526 1486 nostro
557 1429 823 1498 regimini,
858 1428 971 1481 haec
997 1445 1009 1480 :
1039 1428 1265 1496 Egregio
1289 1428 1444 1481 beato
1468 1428 1656 1491 Paulo,
1687 1442 1780 1493 per
1800 1442 1920 1479 eum

345 1523 435 1593 qui
463 1523 513 1576 itt
544 1537 609 1577 eo
639 1522 977 1590 loquebatur,
1003 1520 1272 1573 Christum
1300 1520 1524 1588 jubente
1546 1561 1559 1581 ,
1588 1530 1643 1574 et
1675 1520 1924 1573 omnibus

346 1615 516 1683 legem
568 1621 818 1681 ponente,
854 1611 1076 1665 Ohedite
1107 1610 1406 1679 praepositis
1436 1610 1625 1665 vestris
1656 1620 1707 1664 et
1746 1608 1924 1678 subja-

346 1714 463 1759 cete
485 1704 593 1767 eis;
622 1704 718 1772 ip-i
751 1702 894 1756 enim
927 1700 1277 1770 pervigilant,
1323 1700 1476 1770 quasi
1526 1701 1785 1754 rationem
1828 1715 1924 1768 pro

2022 512 2562 571 exclamamuszcuo
2606 518 2867 586 anticipet
2910 533 3009 573 nos
3064 518 3431 575 misericordia
3481 528 3605 587 tua,

2023 602 2244 657 Domine
2273 602 2444 673 (Psal.
2483 607 2746 677 Lxxvtn);
2780 609 3052 677 quomodo
3074 652 3087 676 ,
3134 618 3321 678 putas,
3353 625 3452 665 nos
3476 625 3609 665 con-

2021 708 2298 749 servorum
2317 708 2622 755 nostrorum
2648 701 2931 770 petitiones
2953 716 3075 756 cum
3098 702 3246 756 omni
3272 700 3611 757 festinatione

2023 786 2279 844 debemus
2301 806 2583 861 peragere,
2609 808 2875 849 memores
2890 795 3099 849 Domini
3122 794 3349 849 dicentis
3378 812 3391 849 :
3425 797 3479 850 In
3505 812 3610 862 qua

2025 897 2273 937 mensura
2302 886 2471 939 mensi
2493 886 2723 951 fueritis,
2750 887 3061 942 remetietur
3082 887 3233 942 vobis
3256 886 3607 957 (Mettium).

2027 971 2094 1025 Et
2154 973 2436 1041 Prophetas
2479 975 2671 1029 iterum
2724 976 3052 1045 perhibentis
3087 992 3102 1030 :
3145 976 3609 1043 Quemadmodum

2025 1062 2315 1129 pcrfecisti,
2349 1065 2456 1118 erit
2489 1065 2625 1120 tibi?
2649 1067 2761 1121 Una
2784 1083 2913 1137 ergo
2936 1068 3144 1123 dierum
3161 1068 3321 1122 simili
3349 1068 3509 1123 modo
3527 1069 3611 1123 hic

2030 1153 2292 1208 mirabilis
2322 1156 2641 1225 procedens,
2662 1166 2719 1212 et
2740 1159 2789 1212 in
2814 1160 2971 1213 solito
2991 1160 3108 1215 loco
3132 1161 3422 1225 praesidens
3443 1176 3611 1229 usque

2026 1242 2093 1296 ad
2124 1243 2309 1298 horam
2354 1247 2591 1314 quintam
2618 1290 2633 1316 ,
2684 1259 2737 1303 et
2784 1252 2999 1306 nemine
3029 1250 3321 1305 accedente
3344 1294 3356 1316 ,
3390 1261 3613 1307 mtestus

2026 1340 2081 1386 et
2109 1334 2502 1405 collacrymans
2533 1338 2786 1404 recessit;
2820 1340 2967 1394 nullo
3015 1350 3191 1394 autem
3237 1340 3467 1395 audente
3490 1356 3610 1395 eum

2028 1423 2368 1495 interrogare
2391 1441 2605 1481 causam
2636 1431 2903 1499 maeroris,
2934 1440 3152 1485 sanctus
3183 1430 3518 1498 Sophronius
3541 1432 3615 1484 ait

2026 1514 2092 1567 ad
2121 1530 2241 1569 eum
2272 1528 2481 1571 secreto
2510 1519 2640 1587 (illic
2663 1521 2805 1573 enim
2832 1528 2948 1574 erat
2973 1522 3153 1591 tunc):
3181 1522 3308 1589 Quae
3329 1538 3484 1577 causa
3507 1531 3611 1586 cst,

2030 1605 2123 1659 Dei
2154 1620 2390 1674 curator,
2419 1610 2697 1664 retinentis
2724 1611 2960 1665 animum
2992 1623 3138 1667 tuum
3170 1623 3416 1669 sanctum
3449 1615 3615 1668 tristi-

2030 1698 2150 1750 tiae?
2170 1713 2357 1754 onmes
2378 1700 2573 1770 quippe
2596 1717 2693 1756 nos
2720 1716 2943 1772 repente
2962 1705 3323 1759 conturbavit.
3351 1706 3451 1773 Qui
3479 1707 3615 1761 dixit

347 1793 625 1846 animabus
654 1792 848 1846 vestris
897 1792 1153 1846 reddituri
1185 1791 1374 1861 (Hebr.
1406 1793 1518 1861 xm)
1552 1810 1564 1843 :
1595 1791 1766 1845 credit
1803 1800 1924 1844 tan-
1959 1799 2005 1856 Β
2030 1791 2079 1843 ei
2113 1801 2388 1845 mansueta
2422 1808 2588 1848 voce:
2627 1796 2791 1850 llodie
2823 1796 2939 1868 (25)
2971 1797 3190 1852 humilis
3219 1797 3458 1853 Joannes
3482 1814 3615 1868 qua-

353 1884 536 1940 tillitas
566 1899 708 1950 mea,
740 1885 903 1938 verbo
941 1884 1122 1938 divino
1161 1882 1474 1939 obedientes
1504 1899 1629 1949 vos,
1657 1884 1929 1952 suscipere

349 1980 633 2051 petitiones
660 1989 873 2034 nostras
899 1988 955 2033 ut
983 1995 1050 2035 ex
1079 1980 1210 2044 Deo,
1230 1989 1409 2034 etnon
1431 1995 1494 2034 ex
1515 1979 1763 2043 homine;
1788 1978 1929 2033 unde

352 2071 453 2126 hoc
479 2071 657 2127 sciens
681 2112 697 2139 ,
726 2084 922 2125 moneo
950 2071 1267 2125 charitatem
1299 2082 1527 2126 vestram
1555 2115 1571 2138 ,
1620 2081 1677 2124 ut
1724 2084 1928 2138 nequa-

351 2174 509 2228 quam
559 2160 613 2215 in
661 2161 909 2229 quopiam
966 2171 1201 2215 vestrum
1254 2169 1509 2229 appareat
1560 2160 1929 2229 hujuscemodi

352 2253 741 2320 praevaricatio.
774 2253 1044 2323 Denique,
1077 2263 1133 2308 ut
1162 2255 1237 2307 ait
1264 2254 1445 2309 divina
1470 2255 1743 2322 Scriptura
1768 2296 1783 2320 ,
1812 2256 1930 2309 Sta-

353 2358 518 2403 teram
544 2363 785 2417 magnam
809 2358 865 2404 et
884 2364 1096 2417 parvam
1124 2349 1247 2403 odio
1276 2349 1433 2403 habet
1460 2350 1597 2403 Deus
1623 2348 1806 2418 (Prov.
1830 2346 1929 2416 xi).

354 2443 409 2497 Si
444 2459 571 2498 vero
600 2443 718 2512 quis
751 2441 1057 2511 apparuerit
1086 2422 1209 2513 post
1234 2450 1554 2512 praesentem
1581 2441 1936 2508 subscriptio-

358 2538 439 2592 nis
463 2543 659 2589 nostrte
682 2534 1071 2599 conditionem,
1103 2533 1405 2587 istiusmodi
1433 2534 1641 2589 crimen
1668 2532 1930 2596 incidens,

358 2629 632 2682 universas
661 2626 940 2681 facultates
978 2640 1103 2681 suas
1146 2626 1505 2696 indigentibus
1525 2668 1540 2692 ,
1574 2641 1679 2680 non
1707 2627 1892 2680 volens
1917 2669 1932 2694 ,

358 2721 472 2773 sine
499 2718 767 2779 mercede,
797 2725 1046 2783 apponet.
1082 2737 1100 2768 ι
1131 2718 1292 2785 Ergo,
1321 2728 1378 2772 ut
1405 2718 1620 2785 dignum
1649 2719 1931 2785 memoria,

359 2818 411 2862 et
444 2807 545 2861 hoc
574 2806 745 2876 ipsum
779 2807 1046 2876 publicum
1078 2818 1401 2878 prmceptum
1436 2809 1521 2863 hic
1551 2824 1752 2878 ponere
1788 2809 1936 2864 festi-

359 2899 619 2952 navimus.

432 2987 562 3041 Car.
590 2986 681 3041 IV.
708 3014 780 3027 -
810 2986 1051 3042 Relatum
1081 2997 1165 3043 est
1189 2997 1367 3043 autem
1399 2989 1682 3059 aliquando
1707 2989 1828 3044 huic
1854 2990 1937 3043 di-

363 3077 561 3131 vinitus
587 3077 903 3145 sapientiam
931 3086 1242 3144 consecuto,
1276 3080 1418 3146 quod
1450 3095 1544 3147 per
1574 3079 1727 3133 xenia
1756 3078 1935 3134 eccle-

2032 1882 2348 1951 lemcnnque
2379 1887 2679 1939 mercedem
2716 1902 2745 1939 a
2777 1901 3026 1955 quopiam
3062 1901 3166 1941 non
3202 1889 3408 1955 habuit,
3439 1904 3614 1958 neque

2032 1972 2243 2028 Christo
2271 1989 2369 2043 pro
2401 1976 2696 2031 innumeris
2723 1980 2958 2047 peccatis
2988 1978 3105 2046 ejus
3137 1979 3332 2047 aliquid
3365 1980 3600 2044 obtulit,

2038 2066 2176 2119 sicut
2212 2082 2310 2121 nec
2337 2068 2642 2137 aliquando.
2677 2070 2773 2124 Cui
2801 2079 3019 2125 sanctus
3051 2071 3382 2141 Sophronias
3421 2075 3615 2127 divini-

2036 2169 2118 2213 tus
2145 2161 2431 2229 inspiratus
2454 2205 2468 2228 ,
2506 2165 2784 2231 respondit
2814 2147 2966 2237 (mox
3005 2167 3148 2220 enim
3178 2165 3440 2221 intellexit
3490 2182 3617 2220 cau-

2033 2266 2147 2305 sam
2191 2253 2259 2305 ob
2306 2267 2464 2322 quam
2513 2253 2653 2307 idem
2704 2254 3015 2309 tristabatur
3055 2254 3417 2324 patriarcha):
3450 2254 3619 2310 Hodie

2034 2344 2245 2412 quidem
2271 2343 2503 2410 gaudere
2533 2353 2587 2398 et
2614 2344 2781 2398 laetari
2815 2346 2970 2415 182
2999 2353 3242 2413 oportet,
3276 2344 3615 2409 beatissime;

2036 2434 2297 2488 veraciter
2328 2434 2469 2488 enim
2497 2435 2838 2492 beatissimus
2865 2451 2925 2491 es
2948 2480 2963 2504 ,
2996 2437 3067 2490 ita
3098 2437 3386 2506 paciﬁcans
3412 2452 3440 2490 a
3465 2438 3619 2491 Citri-

2036 2533 2120 2577 sto
2146 2526 2406 2579 creditum
2440 2527 2532 2580 tibi
2563 2542 2813 2597 gregem,
2863 2539 2918 2582 ut
2963 2528 3158 2582 nullam
3208 2529 3405 2585 habeat
3432 2537 3619 2583 contra

2037 2615 2341 2683 proximum
2386 2632 2543 2670 suum
2592 2618 2739 2672 litem
2794 2628 2885 2672 aut
2928 2619 3283 2683 dubietatem,
3339 2619 3435 2675 sed
3473 2618 3619 2674 velut

2037 2707 2255 2780 angefos
2284 2712 2401 2767 sine
2429 2712 2599 2783 litigio
2621 2721 2676 2767 et
2702 2712 2819 2767 sine
2843 2713 3049 2783 judicio
3080 2715 3325 2769 homines
3372 2730 3491 2769 esse
3535 2716 3616 2769 fe-

2037 2800 2179 2854 cisti.
2217 2800 2310 2855 Ille
2356 2811 2533 2857 autem
2580 2818 2706 2859 vere
2747 2805 2896 2859 mitis
2940 2815 3142 2874 pastor,
3200 2810 3430 2861 credens
3477 2805 3622 2872 quod

2040 2892 2240 2947 dictum
2272 2905 2384 2949 erat
2412 2911 2598 2951 verum
2628 2913 2770 2967 esse,
2793 2900 2978 2953 oculos
3004 2900 3058 2954 in
3084 2903 3278 2954 emtum
3305 2900 3624 2965 extendens,

2042 2982 2250 3037 dicebat
2279 3000 2293 3038 :
2324 2983 2534 3039 Gratias
2562 3002 2664 3056 ago
2692 2988 2821 3055 tibi,
2852 2989 2989 3044 Deus
3011 3029 3028 3055 ,
3071 2990 3191 3060 quia
3218 3000 3273 3044 et
3305 2990 3625 3044 immeritam

2043 3074 2531 3142 pusillanimitatem
2564 3093 2738 3133 meam
2768 3080 3071 3134 sacerdotio
3105 3080 3246 3151 fungi
3272 3124 3286 3144 ,
3316 3090 3476 3134 etme
3506 3081 3624 3135 exi-

363 3170 456 3222 sia:
479 3178 718 3223 rectores
740 3170 900 3235 empti
931 3184 1185 3237 personas
1212 3170 1519 3238 acciperent
1544 3169 1686 3223 circa
1710 3170 1940 3239 disposi-
1965 3155 2013 3219 C
2046 3180 2204 3235 guum
2235 3176 2288 3220 et
2320 3179 2649 3234 peccatorem
2676 3209 2691 3234 ,
2739 3170 3073 3224 sacerdotem
3123 3180 3272 3224 tuum
3323 3171 3531 3245 vocari,
3570 3180 3626 3224 et

367 3260 540 3314 tiones
564 3263 916 3327 captivorum.
944 3259 1086 3323 Quos
1111 3259 1242 3314 nihil
1268 3261 1555 3329 negligens,
1587 3263 1900 3316 convocavit
1924 3279 1938 3329 ;

364 3359 415 3402 et
443 3352 708 3405 neminem
740 3351 950 3419 penitus
973 3364 1315 3419 exasperans,
1344 3352 1944 3419 superauxitmercedes

366 3456 483 3509 qua:
530 3442 610 3495 eis
658 3440 802 3509 prius
830 3441 1111 3507 dabantur,
1157 3456 1361 3511 ponens
1388 3442 1642 3510 verbum,
1684 3451 1943 3510 quatenus

367 3550 588 3591 munera
615 3551 642 3590 a
671 3537 910 3605 quolibet
930 3536 1255 3591 omnimodis
1284 3553 1388 3590 non
1415 3538 1728 3605 acciperent
1754 3554 1766 3590 :
1801 3536 1944 3602 Quo.

366 3629 537 3695 niam,
568 3629 772 3698 inquit,
804 3629 943 3699 ignis
972 3638 1254 3685 consumet
1292 3628 1484 3684 domos
1530 3645 1751 3684 munera
1800 3630 1943 3684 acci-

368 3722 646 3790 pientium.
672 3723 748 3776 Ex
780 3731 907 3778 tunc
943 3723 1103 3791 igitur
1131 3737 1227 3792 per
1251 3723 1476 3791 gratiam
1510 3723 1603 3776 Dei
1640 3722 1947 3777 abundave-

369 3823 495 3867 runt
522 3813 714 3868 domus
742 3828 946 3880 eorum,
980 3815 1052 3868 ita
1084 3822 1141 3868 ut
1168 3813 1382 3883 qu‘dam
1414 3830 1483 3869 ex
1513 3817 1591 3869 eis
1621 3814 1816 3869 additte
1845 3813 1946 3867 sibi

369 3906 634 3961 mercedis
661 3906 1009 3974 quantitatem
1042 3905 1387 3959 dimitterent.

438 3994 570 4050 Car.
604 3995 668 4051 ν.
695 4024 767 4035 -
791 3994 1010 4049 Discens
1036 4008 1159 4048 vero
1186 3980 1472 4063 aliquando
1510 3994 1707 4049 iterum
1747 3995 1836 4048 ille
1867 4004 1948 4048 ter

369 4085 541 4153 dives,
570 4085 712 4154 quod
740 4085 953 4155 quidam
984 4085 1233 4153 injuriam
1266 4095 1576 4153 paterentur
1602 4088 1670 4139 ab
1698 4084 1950 4139 adversa-

374 4176 467 4231 riis
492 4177 624 4243 suis,
649 4185 704 4232 et
731 4178 971 4231 volentes
1013 4177 1163 4231 adire
1189 4192 1309 4231 eum
1328 4219 1341 4242 ,
1376 4178 1569 4232 timore
1596 4178 1945 4233 cancellario-

372 4291 489 4330 rum
521 4282 577 4329 et
594 4272 837 4330 ecclesiae
858 4272 1198 4327 defensorum
1236 4273 1350 4343 (22)
1393 4283 1554 4342 atque
1580 4274 1631 4327 ei
1663 4274 1947 4328 aetantium

375 4366 805 4435 prohiberentur,
834 4364 1192 4419 consideravit
1220 4364 1327 4419 tale
1364 4364 1491 4433 quid
1523 4365 1649 4418 Deo
1671 4375 1948 4434 acceptum

372 4459 678 4526 negotium;
708 4469 761 4511 et
808 4466 993 4525 quarta
1033 4466 1087 4510 et
1133 4464 1284 4510 sexta
1317 4455 1449 4509 feria
1494 4454 1707 4523 publice
1746 4470 1951 4522 ponens

2048 3271 2266 3326 pascere
2298 3259 2667 3315 rationabilem
2699 3276 2915 3331 gregem
2948 3272 3095 3317 tuum
3126 3263 3372 3331 dignatus
3406 3279 3485 3316 es.
3508 3264 3624 3319 Mox

2048 3364 2174 3415 ergo
2201 3350 2635 3416 pusillanimitate
2665 3353 2809 3406 omni
2839 3352 3082 3421 deposita
3103 3394 3118 3419 ,
3162 3354 3412 3422 gaudium
3444 3351 3493 3405 in
3529 3352 3626 3405 hu-

2050 3440 2271 3494 militate
2313 3442 2534 3494 multum
2584 3440 2659 3494 illi
2702 3441 2890 3496 adfuit.
2929 3444 3077 3498 ilunc
3127 3460 3252 3498 vero
3299 3446 3383 3511 (ut
3410 3444 3625 3512 quilam

2049 3529 2218 3598 aiunt)
2262 3531 2313 3583 in
2349 3532 2449 3589 hoc
2494 3532 2734 3586 imitatus
2779 3543 2861 3587 est
2901 3533 3323 3599 Constantinus,
3372 3534 3460 3603 qui
3509 3544 3629 3602 post

2049 3620 2350 3674 lleraclium
2382 3622 2753 3690 imperatorem
2782 3628 3023 3691 exstitit,
3058 3626 3210 3695 cujus
3242 3635 3297 3681 ct
3320 3627 3458 3680 filius
3489 3636 3629 3681 erat.

2119 3709 2248 3765 Car.
2277 3711 2366 3766 Vl.
2392 3742 2463 3753 ——
2492 3712 2659 3781 Hujus
2703 3715 2875 3766 sancti
2925 3716 3245 3783 patriarcha:
3300 3717 3629 3784 temporibus

2050 3801 2400 3857 ascendentes
2437 3804 2613 3858 Persae
2651 3804 2763 3875 ('21)
2787 3806 3189 3875 captivavcrunt
3234 3816 3289 3861 et
3336 3808 3631 3876 depraedati

2050 3904 2173 3948 sunt
2216 3894 2451 3964 Syriam.
2499 3896 2686 3965 Itaque
2738 3912 2875 3965 pene
2930 3912 3118 3952 omnes
3168 3903 3255 3966 qui
3309 3899 3629 3968 effugiebant

2051 4000 2239 4038 manus
2271 3984 2572 4051 Persarum,
2598 3988 2663 4041 ad
2688 4006 2879 4043 nomon
2906 3991 3060 4059 hujus
3085 4002 3163 4045 ter
3185 3991 3350 4057 bcati,
3382 4000 3630 4061 tanquam

2050 4079 2113 4131 ad
2146 4090 2353 4146 portum
2408 4082 2527 4135 sine
2575 4082 2735 4135 (luctu
2764 4084 3146 4149 accurrebant,
3192 4084 3259 4137 ab
3309 4100 3376 4137 co
3425 4095 3479 4137 et
3530 4085 3629 4153 ipsi

2051 4171 2301 4241 sulfragio
2350 4180 2405 4226 et
2450 4175 2787 4241 susceptione
2837 4174 3037 4243 perfrui
3089 4177 3445 4246 postulantes.
3488 4176 3632 4244 Quos

2051 4262 2240 4317 beatus
2271 4264 2372 4319 iste
2412 4266 2646 4334 hospitio
2677 4269 2995 4336 recipiebat,
3031 4278 3085 4323 et
3115 4270 3494 4323 consolabatur
3525 4286 3631 4322 non

2054 4361 2301 4419 tanquam
2332 4355 2588 4423 captivos.
2617 4356 2710 4409 sed
2734 4357 2881 4425 quasi
2911 4370 3098 4412 natura
3121 4361 3382 4414 veraciter
3410 4360 3625 4415 fratres.

2053 4443 2313 4496 Continuo
2342 4458 2469 4513 ergo
2500 4446 2739 4515 plagatos
2766 4449 2981 4515 quidem
3008 4457 3062 4502 et
3093 4448 3335 4503 infirmos
3375 4450 3426 4501 in
3458 4461 3626 4501 xeno-

370 4552 559 4605 sellam
591 4561 646 4604 ει
683 4551 789 4604 duo
813 4565 1051 4613 scamna,
1083 4547 1307 4603 sedebat
1348 4557 1472 4602 ante
1501 4546 1808 4614 ecclesiam,
1832 4548 1945 4602 col-
1979 4536 2026 4593 D
2053 4536 2258 4590 dochiis
2299 4548 2352 4590 et
2393 4538 2715 4593 nosocomiis
2744 4540 2869 4594 fecit
2899 4543 3216 4597 recumbere
3239 4583 3253 4605 ,
3306 4540 3625 4610 praecipiens

369 4643 598 4712 loquens
625 4642 937 4712 quibusdam
965 4642 1196 4696 strenuis
1219 4641 1370 4707 viris,
1396 4650 1486 4693 aut
1506 4650 1688 4695 sancta
1711 4640 1949 4708 Evange—

369 4731 439 4786 lia
469 4748 577 4801 prae
591 4733 837 4788 manibus
862 4742 1075 4794 tenens,
1102 4731 1307 4785 nullum
1332 4731 1463 4784 tanti
1487 4730 1726 4800 obsequii
1754 4746 1947 4799 appro-

369 4825 628 4893 pinquare
673 4823 773 4877 sibi
826 4822 1181 4889 permittens,
1233 4830 1457 4888 excepto
1506 4836 1613 4875 uno
1666 4821 1945 4876 defensore

366 4916 630 4981 ecclesiae,
660 4915 930 4969 licentiam
962 4924 1015 4968 et
1044 4914 1423 4969 confidentiam
1450 4915 1577 4970 dare
1609 4915 1867 4971 festinans
1890 4931 1949 4969 se

364 5005 511 5061 adire
533 5007 865 5073 volentibus;
903 5007 1093 5077 quibus
1122 5017 1176 5061 et
1213 5007 1498 5062 confestim
1540 5007 1683 5077 quod
1724 5008 1939 5077 dignum

363 5105 502 5161 erat,
533 5112 629 5166 per
655 5100 896 5154 ecclesiae
926 5099 1238 5154 defensores
1268 5096 1532 5164 faciebat;
1566 5109 1622 5154 et
1665 5100 1942 5169 praecipie-

365 5187 457 5241 bat
482 5196 543 5241 ut
572 5204 729 5243 nemo
759 5204 941 5244 eorum
969 5200 1226 5258 gustaret,
1260 5190 1607 5260 quoadusque
1622 5190 1948 5246 'ordinarent

364 5281 677 5349 capitulum.
703 5281 770 5334 Et
806 5281 1146 5335 audientibus
1191 5282 1518 5337 dicebat:Si
1559 5297 1655 5337 nos
1699 5285 1941 5337 homines

363 5372 693 5436 existentes,
741 5371 1147 5439 permissionem
1198 5386 1411 5441 semper
1452 5388 1549 5441 pro
1594 5373 1940 5443 petitionibus

366 5464 563 5519 nostris
592 5464 853 5518 habemus
884 5463 1212 5530 ingrediendi
1241 5464 1459 5519 domum
1493 5466 1609 5533 Dei,
1645 5474 1700 5519 et
1729 5466 1941 5533 petitio-

368 5570 462 5609 nes
489 5561 704 5608 nostras
734 5562 886 5607 notas
916 5553 1090 5608 facere
1120 5554 1167 5608 ei
1190 5596 1203 5618 ,
1234 5556 1483 5609 videlicet
1518 5556 1838 5609 intractabili
1881 5572 1941 5610 ac

363 5645 510 5698 omni
537 5653 795 5698 creatura:
820 5645 1239 5711 supereminenti
1258 5685 1273 5708 ,
1304 5654 1464 5713 atque
1492 5660 1709 5712 operam
1750 5645 1937 5699 damus

362 5754 468 5807 quo
509 5752 692 5804 preces
724 5747 917 5792 nostra:
966 5736 1305 5805 impleantur,
1333 5750 1430 5790 nec
1470 5750 1575 5791 non
1600 5747 1653 5790 ct
1694 5751 1944 5808 rogamus

2052 4640 2234 4679 curam
2282 4627 2361 4680 eis
2402 4635 2458 4680 et
2501 4628 2816 4682 medicinam
2860 4633 3031 4699 gratis
3085 4630 3351 4700 impendi;
3399 4639 3453 4684 et
3497 4640 3629 4685 tunc

2054 4718 2325 4780 recedere,
2360 4719 2569 4787 quando
2601 4721 2965 4790 unusquisque
2995 4737 3181 4775 eorum
3208 4721 3418 4790 propria
3444 4720 3630 4773 volun-

2054 4820 2158 4863 tate
2183 4809 2364 4863 vellet.
2400 4809 2598 4863 Eorum
2629 4825 2775 4875 vero,
2810 4812 2896 4877 qui
2927 4826 3048 4864 cum
3082 4812 3194 4863 sani
3224 4818 3407 4864 essent
3427 4818 3482 4863 et
3501 4825 3630 4878 ege-

2053 4902 2129 4964 ni,
2161 4900 2443 4955 veniebant
2468 4900 2534 4954 ad
2563 4916 2744 4969 rogant
2776 4900 2913 4972 (‘25),
2940 4902 3195 4955 masculis
3217 4901 3431 4969 quidem
3447 4902 3631 4970 singu-

2053 4992 2130 5045 las
2174 4991 2393 5060 siliquas
2449 4994 2641 5058 dabat;
2701 4995 3010 5048 mulieribus
3061 5004 3237 5048 autem
3290 5004 3347 5047 et
3402 4994 3629 5061 puellis,

2053 5090 2302 5149 tanquam
2332 5081 2713 5135 infirmioribus
2746 5084 2998 5136 membris
3023 5123 3037 5147 ,
3068 5083 3242 5137 binas.
3276 5082 3630 5137 Venientibus

2051 5188 2229 5233 autem
2260 5181 2572 5250 quibusdam
2603 5181 2800 5235 inclutis
2831 5181 3161 5233 ornamentis
3199 5178 3377 5232 aureis
3414 5187 3471 5232 et
3499 5178 3631 5231 dexo

2053 5271 2293 5335 tralihus,
2327 5282 2379 5325 et
2408 5270 2767 5341 quaerentibus
2798 5270 3546 5340 eleemosynam,referebant
3567 5269 3637 5321 de

2054 5364 2133 5416 eis
2160 5362 2475 5430 patriarchae
2517 5361 2567 5415 hi
2602 5361 2795 5430 quibus
2827 5370 2941 5415 erat
2972 5376 3099 5430 roga
3128 5360 3357 5415 credita.
3381 5359 3464 5414 Ad
3500 5374 3634 5416 auos

2052 5457 2238 5510 beatus
2265 5455 2358 5511 ille
2390 5466 2540 5509 torvo
2564 5455 2720 5509 oculo
2766 5469 2828 5510 ac
2869 5468 3056 5509 severa
3092 5468 3223 5508 voce
3256 5467 3414 5518 usus,
3457 5467 3634 5521 quan-

2050 5566 2206 5618 quam
2240 5548 2382 5603 mitis
2412 5558 2554 5603 esset
2583 5558 2637 5603 et
2664 5548 2809 5604 visus
2842 5548 3026 5602 hilaris
3047 5592 3059 5609 ,
3108 5548 3282 5600 dixit:
3314 5544 3371 5601 Si
3415 5544 3631 5610 quidem

2053 5641 2267 5694 humilis
2306 5641 2563 5703 Joannis,
2617 5639 2726 5693 imo
2767 5639 2966 5693 Christi
3011 5639 3410 5707 dispensatores
3471 5634 3635 5689 voltis

2052 5750 2193 5802 esse,
2225 5733 2405 5789 divino
2438 5742 2707 5805 praecepto
2755 5732 2870 5789 sine
2919 5731 3211 5789 calliditate
3261 5728 3515 5794 obedite,
3546 5726 3632 5781 di-
