4016 6222
272 305 373 361 εἷιὸ

1207 309 1361 365 VITA
1400 310 1643 365 SA'NCTI
1684 307 1964 362 .IUANNIS
2002 310 2583 367 ELEEMOSYNARII.

3446 316 3553 378 διδ

268 423 405 480 eenti
436 440 449 476 :
475 423 635 475 Omni
670 422 870 488 petenti
917 431 968 477 te
993 423 1058 476 da
1088 423 1265 493 (Luca:
1297 428 1396 491 Vl).
1439 424 1496 479 Si
1540 435 1716 476 autem
1763 437 1857 476 ve-
1891 425 1932 480 A
1967 423 2119 476 dines
2151 422 2381 477 habente
2412 439 2477 477 ex
2526 425 2633 476 Deo
2664 423 2846 477 humili
2897 427 3051 496 183
3098 428 3271 483 auitna
3303 445 3419 485 mea
3448 476 3463 499 ,
3497 432 3551 485 hi

268 519 475 571 nientes
524 514 737 569 curiose
790 514 1265 582 investigaveritis,
1327 516 1467 569 Deus
1520 515 1853 569 curiosorum

267 606 631 662 ministrorum
665 620 771 658 non
804 604 1025 674 indiget,
1059 621 1230 673 neque
1261 608 1481 660 humilis
1512 606 1769 661 Joannes.
1803 608 1860 663 Si

266 701 406 752 enim
456 711 577 765 quae
626 696 825 749 dantur
869 710 988 750 mea
1038 696 1365 761 existerent.
1411 706 1467 751 et
1496 712 1704 752 mecum
1737 708 1859 751 nata

265 796 470 852 essent,
500 787 727 840 fortasse
759 786 896 840 bene
949 786 1000 839 in
1046 788 1179 839 meis
1229 796 1387 841 tenax
1437 788 1753 841 existerem.
1804 786 1860 842 Si

268 895 393 935 vero
426 894 547 949 qua:
575 879 770 932 dantur
798 877 889 932 Dei
918 886 1063 942 sunt,
1099 879 1281 947 utique
1310 877 1362 932 in
1392 880 1503 931 suis
1530 889 1854 945 praeceptum

266 987 417 1026 suum
451 972 710 1027 custodiri
738 972 871 1026 vult.
920 971 979 1026 Si
1029 981 1208 1025 autem
1253 987 1319 1025 ex
1369 971 1743 1025 incredulitate
1772 980 1863 1024 aut

267 1062 476 1117 modica
508 1063 612 1117 ﬁde
637 1062 765 1117 illud
798 1062 999 1117 timetis
1023 1101 1038 1127 ,
1073 1077 1139 1115 ne
1181 1060 1320 1115 forte
1354 1062 1636 1115 multitudo
1674 1078 1861 1116 eorum

268 1154 459 1222 quibus
486 1153 708 1220 dantur,
755 1162 977 1222 superet
1026 1153 1305 1206 introitum
1343 1155 1720 1222 pecuniarum,
1763 1170 1863 1219 ego

265 1255 462 1300 vestrae
494 1244 696 1313 pusillae
728 1244 852 1299 ﬁdei
881 1244 1271 1299 communicari
1297 1261 1400 1297 non
1428 1246 1622 1314 patior.
1650 1246 1859 1299 Etenim

267 1337 311 1389 si
357 1336 699 1403 beneplacito
731 1336 823 1390 Dei
856 1347 1035 1389 actum
1070 1344 1154 1390 est
1181 1345 1239 1389 ut
1268 1350 1443 1389 essem
1478 1352 1580 1405 ego
1610 1336 1863 1405 indignus

267 1426 603 1496 dispensator
630 1426 748 1494 ejus
774 1439 1080 1491 munerum,
1112 1425 1156 1478 si
1188 1433 1329 1479 totus
1369 1427 1604 1478 mundus
1633 1440 1865 1495 congre-

267 1526 485 1583 garetur
502 1516 847 1571 Alexandriae.
876 1517 1236 1586 eleemosyme
1263 1515 1537 1584 indigens,
1567 1518 1860 1570 immensos

272 1606 550 1661 thesauros
576 1607 671 1661 Dei
694 1620 799 1662 non
820 1606 1201 1677 angustabunt,
1227 1621 1401 1675 neque
1423 1617 1669 1661 sanctam
1694 1608 1866 1663 eccle-

270 1713 423 1751 Sl'alll.

1962 516 2219 568 increduli
2252 514 2474 569 forta~se
2505 516 2663 569 hodie
2692 525 2951 570 venerunt
2975 560 2987 580 ,
3010 527 3066 571 et
3090 535 3173 573 me
3215 520 3266 574 iu
3297 521 3544 578 difﬁden-

1963 607 2087 660 tiam
2120 622 2300 659 Secum
2331 608 2523 662 cadere
2549 609 2917 662 hei-labantur.

2033 697 2159 751 Car.
2194 699 2416 752 \’lll.-—
2443 700 2628 752 Adhuc
2676 700 2792 768 (28)
2837 700 3097 754 existente
3137 701 3323 754 eadem
3364 703 3546 770 populi

1964 789 2303 843 multitudine
2330 790 2381 842 itt
2413 791 2646 854 civitate,
2678 791 2891 857 quidam
2925 792 3324 858 peregrinorum
3357 792 3544 846 videns

1967 890 2168 934 tantam
2214 882 2330 948 ejus
2361 885 2789 952 compassionem
2813 925 2826 945 ,
2856 884 3021 936 voluit
3069 894 3272 938 tentare
3310 900 3466 950 eum;
3498 894 3554 940 et

1966 970 2181 1025 indutus
2204 974 2523 1027 vesdmcnta
2553 983 2758 1038 vetera,
2784 974 2913 1027 adiit
2940 988 3091 1041 eum,
3126 984 3339 1028 euntem
3373 976 3438 1029 ad
3471 976 3552 1031 vi-

1965 1063 2206 1117 sitandos
2235 1064 2325 1131 qui
2377 1066 2428 1119 in
2465 1066 2771 1119 nosocomio
2809 1060 3079 1133 jacebant.
3133 1066 3220 1119 Bis
3266 1069 3406 1121 enim
3461 1083 3555 1134 per

1966 1153 2358 1208 hebdomadam
2385 1156 2469 1209 vel
2503 1165 2583 1209 ter
2612 1156 2722 1209 ibat
2754 1156 2899 1209 illuc.
2934 1157 2995 1209 Et
3026 1156 3154 1209 dicit
3177 1158 3240 1208 ad
3269 1172 3427 1209 etun:
3464 1158 3554 1211 Mi-

1966 1261 2146 1300 serere
2176 1247 2308 1310 mei,
2338 1248 2590 1316 quoniam
2621 1248 2866 1314 captivus
2906 1263 3044 1300 sum.
3069 1248 3208 1301 Dicit
3230 1248 3399 1302 datori
3430 1264 3441 1300 :
3478 1249 3547 1300 Da

1966 1335 2016 1389 ci
2044 1350 2135 1389 sex
2169 1337 2504 1389 nomismata.
2532 1337 2732 1392 Deinde
2754 1352 2873 1391 cum
2908 1339 3021 1391 hrec
3048 1339 3375 1407 accepisset.
3410 1339 3552 1394 vadit

1967 1436 2023 1480 et
2052 1436 2221 1481 mutat
2262 1428 2497 1482 habitum
2521 1469 2535 1492 ,
2570 1434 2623 1481 et
2653 1428 2832 1481 obviat
2875 1429 2923 1483 ei
2967 1429 3200 1494 aliunde,
3240 1440 3291 1483 et
3326 1431 3554 1498 procidit

1966 1517 2046 1584 ei,
2074 1517 2257 1571 dicens
2284 1534 2298 1571 :
2331 1517 2582 1571 Miserere
2611 1520 2712 1571 mei
2732 1562 2747 1587 ,
2775 1519 2898 1585 quia
2924 1531 3185 1571 coarctor.
3218 1520 3346 1573 Dicit
3379 1527 3559 1575 delum

1969 1609 2269 1677 patriarcha
2300 1611 2469 1665 datori
2499 1628 2511 1661 ε
2546 1610 2620 1663 Da
2652 1610 2701 1664 ei
2741 1625 2835 1664 sex
2882 1626 3129 1665 nummos
3174 1627 3385 1665 aureos.
3420 1612 3550 1666 Ctun

1964 1718 2097 1772 ergo
2131 1704 2293 1768 isset,
2322 1705 2453 1758 dicit
2493 1704 2582 1757 ille
2617 1703 2939 1757 distributor
2968 1704 3033 1755 ad
3064 1719 3248 1758 aurem
3282 1705 3421 1757 illius
3463 1721 3555 1773 pa-

340 1787 467 1843 CAP.
503 1787 617 1842 VII.
641 1818 714 1829 —
737 1786 980 1857 Cumque
1010 1786 1142 1842 istos
1179 1787 1515 1855 dimisisset,
1548 1788 1855 1844 universam
1888 1794 1933 1854 Β
1963 1794 2209 1848 triarchrc
2242 1814 2255 1847 :
2300 1796 2398 1849 Per
2442 1795 2713 1850 orationes
2766 1806 2905 1860 tuas,
2959 1796 3195 1861 domine,
3236 1796 3388 1850 idem
3438 1796 3557 1864 ipse

274 1894 383 1947 qua;
429 1878 866 1935 circumdederat
915 1878 1040 1932 illos
1078 1877 1435 1935 defectionem
1491 1887 1547 1933 et
1593 1879 1857 1934 modicant

272 1967 427 2022 ﬁdem
457 1968 711 2023 scindens
738 2008 752 2031 ,
788 1968 1106 2037 loquebatur
1135 1969 1220 2020 his
1254 1970 1346 2037 qui
1375 1969 1423 2021 ei
1456 1968 1821 2024 consedebant
1843 2012 1859 2037 ,

270 2067 323 2113 et
351 2060 755 2115 admirabantur
784 2059 852 2114 de
873 2074 902 2113 a
928 2059 1039 2114 Deo
1063 2060 1185 2113 data
1208 2060 1259 2114 ei
1285 2061 1657 2129 compassione
1682 2077 1697 2114 :
1725 2061 1859 2116 Cum

270 2166 473 2215 essem,
500 2151 763 2221 inquiens,
788 2151 841 2205 itt
862 2148 1040 2219 Cypro
1071 2149 1248 2205 adhuc
1275 2150 1489 2219 juvenis
1513 2151 1661 2218 quasi
1690 2165 1861 2204 anno-

274 2258 395 2296 rum
426 2241 760 2310 quindecim,
790 2240 942 2296 video
975 2255 1074 2294 una
1106 2241 1343 2295 noctium
1377 2242 1427 2295 in
1457 2244 1665 2296 somnis
1711 2244 1861 2309 puel-

269 2333 378 2385 lam
410 2336 719 2402 quamdam,
738 2333 883 2401 Cujus
914 2334 1122 2401 species
1142 2349 1304 2401 supra
1326 2334 1495 2387 solem
1520 2334 1858 2402 splendebat,

268 2432 513 2477 ornatam
547 2438 708 2491 supra
733 2438 946 2478 omnem
971 2424 1265 2477 humanum
1296 2437 1540 2488 sensum,
1570 2438 1691 2492 quae
1714 2426 1862 2478 venit

271 2526 324 2569 et
350 2516 498 2570 stetit
525 2525 651 2570 ante
682 2517 875 2571 lectum
906 2531 1103 2582 meum,
1126 2524 1183 2571 et
1210 2516 1442 2584 pulsavit
1471 2530 1559 2569 me
1584 2516 1636 2568 in
1670 2517 1857 2571 latere.

274 2608 696 2678 Expergefactus
726 2624 876 2676 vero,
908 2609 1065 2664 video
1091 2623 1209 2663 eam
1242 2609 1296 2662 in
1329 2608 1556 2662 veritate
1584 2617 1821 2662 stantem
1844 2650 1859 2674 ,

271 2708 325 2754 et
347 2700 605 2755 mstimavi
636 2718 756 2755 eam
784 2716 905 2756 esse
929 2702 1241 2767 mulierem;
1275 2702 1442 2771 figura
1477 2701 1638 2769 igitur
1683 2701 1861 2755 crucis

272 2794 525 2863 signatus,
554 2793 664 2847 dixi
692 2794 741 2848 ei
773 2794 943 2860 :Qua
970 2809 1029 2848 es
1081 2793 1170 2847 tu?
1222 2802 1278 2847 et
1317 2793 1588 2861 quomodo
1635 2806 1763 2847 ansa
1802 2807 1861 2847 es

274 2886 470 2938 intrare
495 2899 661 2953 super
690 2899 777 2939 me
807 2884 931 2937 dum
955 2882 1282 2938 dormirem?
1316 2882 1558 2938 Habebat
1600 2893 1656 2937 et
1706 2898 1863 2938 coro-

277 2991 394 3029 nam
421 2974 488 3028 de
515 2974 783 3028 olivarum
815 2974 982 3029 ramis
1010 2988 1173 3041 super
1198 2982 1357 3041 caput
1379 2989 1560 3028 suum.
1589 2973 1742 3027 Tunc
1768 2975 1860 3028 illa

277 3070 425 3124 hilari
451 3071 597 3123 vultu
624 3078 677 3122 et
700 3068 1029 3123 subridendo
1051 3066 1211 3123 labiis
1238 3068 1371 3123 dicit
1398 3069 1528 3123 tnihi
1559 3085 1572 3122 :
1607 3070 1715 3137 Ego
1738 3084 1856 3123 sum

1964 1887 2173 1955 accepit
2202 1885 2460 1941 secundo.
2495 1886 2643 1941 Fecit
2682 1900 2808 1940 vero
2840 1888 3074 1955 seipsum
3108 1886 3407 1953 patriarcha
3441 1898 3556 1939 tan-

1963 1996 2119 2049 quam
2151 1980 2396 2035 nesciret.
2432 1980 2587 2035 Venit
2625 1981 2799 2049 itaque
2832 1982 2986 2034 tertio
3034 1982 3225 2034 iterum
3283 1981 3549 2048 accipere,

1964 2083 2015 2125 et
2045 2074 2215 2141 tetigit
2239 2073 2393 2127 dator
2421 2073 2771 2140 patriarcham
2798 2073 2887 2141 qui
2914 2088 3099 2125 aurum
3128 2071 3362 2137 ferebat,
3388 2074 3556 2138 signi-

1966 2167 2131 2219 ﬁcans
2154 2167 2292 2235 quod
2320 2167 2435 2233 ipse
2460 2175 2623 2221 esset.
2654 2165 2801 2218 Tunc
2828 2164 3101 2230 respondit
3127 2163 3175 2217 ei
3205 2164 3296 2217 Dei
3325 2167 3553 2225 amicus,

1966 2255 2057 2309 ille
2084 2257 2345 2310 veraciter
2366 2256 2707 2310 misericors:
2736 2255 2811 2307 Da
2835 2254 2883 2306 ei
2906 2254 3184 2308 duodecim
3210 2256 3553 2321 numismata,
3626 2288 3635 2299 .

1964 2361 2033 2399 ne
2063 2345 2201 2399 forte
2226 2346 2471 2398 Christus
2502 2359 2649 2397 meus
2675 2344 2770 2407 sit,
2796 2355 2849 2397 et
2881 2352 3042 2398 tentet
3074 2359 3182 2398 me.

2036 2434 2165 2488 CAP.
2194 2432 2284 2487 IX.
2311 2462 2381 2473 -—
2410 2434 2700 2487 Nauclerus
2747 2433 2960 2502 quidam
3016 2434 3324 2501 peregrinus
3357 2434 3549 2487 damna

1966 2525 2215 2593 pertulit;
2248 2534 2302 2577 et
2342 2523 2604 2578 accedens
2647 2522 2786 2577 hunc
2834 2525 3045 2577 beatum
3087 2524 3291 2589 virum,
3332 2525 3550 2593 rogabat

1964 2630 2085 2670 eum
2138 2616 2317 2669 multis
2370 2614 2639 2684 lacrymis,
2671 2623 2728 2667 ut
2772 2624 3165 2683 compatcretur
3207 2617 3286 2679 ei,
3317 2615 3451 2667 sicut
3500 2628 3554 2667 et

1966 2705 2211 2760 oinnibus
2258 2706 2395 2759 aliis.
2449 2704 2814 2774 Prazcepitque
2859 2721 2978 2758 eum
3030 2705 3275 2772 accipere
3322 2706 3554 2772 quinque

1968 2798 2129 2851 libras
2159 2798 2297 2851 auri.
2329 2797 2568 2865 Cumque
2601 2794 2894 2863 accepisset
2926 2796 3042 2859 has,
3073 2795 3259 2846 abiens
3300 2796 3429 2846 emit
3460 2809 3553 2845 er.-

1967 2889 2173 2943 thecatn
2208 2887 2264 2959 (2
2286 2892 2346 2957 l),
2374 2897 2427 2943 et
2457 2887 2599 2941 misit
2629 2886 2679 2939 in
2716 2887 2913 2938 navim.
2946 2884 3061 2937 Mox
3094 2885 3284 2938 accidit
3312 2895 3367 2936 ut
3398 2893 3553 2936 extra

1966 2983 2188 3048 pharum
2235 2975 2369 3047 (50)
2420 2978 2752 3048 naufragium
2803 2976 3144 3045 pertulisset;
3197 2977 3371 3029 navim
3424 2990 3551 3029 vero

1966 3086 2069 3124 non
2105 3069 2353 3139 perdidit.
2384 3069 2625 3123 Accessit
2658 3068 2848 3123 iterum
2883 3066 2948 3120 ad
2982 3081 3133 3130 eum,
3169 3067 3236 3119 de
3266 3066 3403 3119 bona
3433 3066 3552 3131 ejus

278 3160 443 3225 prima
482 3159 707 3213 ﬁliarntn
742 3159 901 3227 regis.
932 3158 1176 3229 Cumque
1208 3160 1322 3214 haec
1352 3161 1654 3226 audissem,
1679 3164 1858 3215 statim
1890 3157 1937 3218 C
1970 3162 2246 3216 Voluntate
2298 3176 2647 3229 prtesumens,
2693 3167 2749 3214 et
2798 3158 2931 3213 dixit
2967 3176 2978 3211 :
3021 3158 3271 3211 Miserere
3320 3156 3453 3221 mei,
3498 3164 3554 3211 ut

275 3252 487 3306 adoravi
542 3268 681 3308 eam.
737 3252 886 3307 Tune
934 3252 1065 3307 dicit
1105 3253 1274 3307 mihi:
1308 3253 1365 3309 Si
1416 3269 1503 3307 me
1555 3255 1860 3322 possederis

276 3345 498 3398 amicam
530 3385 546 3409 ,
606 3359 706 3413 ego
762 3355 812 3399 te
868 3344 1058 3398 ducam
1116 3345 1168 3397 in
1223 3350 1511 3412 co‘nspeetu
1575 3346 1860 3409 imperato.

278 3437 368 3490 ris.
417 3436 630 3491 Etenim
682 3452 840 3490 nemo
905 3436 1065 3490 habet
1123 3444 1440 3501 potestatem
1498 3436 1636 3505 apud
1691 3452 1857 3503 eum,

276 3528 407 3581 sicut
451 3541 573 3597 ego.
617 3528 727 3590 Ετςυ
775 3528 969 3595 quippe
1017 3524 1120 3581 feci
1151 3541 1271 3581 eum
1304 3526 1356 3579 in
1387 3529 1546 3581 terris
1588 3527 1858 3583 hominem

278 3616 389 3670 ﬁeri
421 3627 475 3671 et
506 3618 714 3671 salvare
752 3618 1018 3670 homines.
1053 3617 1123 3670 Et
1160 3616 1276 3669 hrec
1318 3616 1537 3683 dicens,
1571 3617 1858 3686 disparuit.

277 3708 386 3779 Ego
415 3724 544 3764 vero
573 3709 625 3761 in
656 3708 1032 3775 metnetipsum
1082 3721 1360 3771 reversus,
1415 3706 1650 3761 intellexi
1696 3709 1862 3763 visio-

276 3818 414 3867 nem,
446 3811 503 3857 et
528 3801 641 3855 dixi
668 3818 681 3854 :
711 3800 908 3863 Credo,
930 3797 1248 3867 Compassio
1273 3813 1335 3853 ac
1361 3798 1721 3870 Eleemosyna
1752 3810 1857 3867 est,

280 3908 331 3953 et
357 3899 479 3954 ideo
504 3897 666 3951 habet
696 3897 748 3949 in
774 3896 947 3963 capite
992 3910 1061 3949 ex
1099 3894 1256 3949 olivae
1288 3892 1430 3948 foliis
1456 3908 1735 3949 coronam.
1766 3897 1860 3949 Et-

278 3994 414 4049 enim
442 3990 705 4046 veraciter
732 3987 1034 4056 compassio
1054 3996 1110 4041 et
1134 3986 1437 4056 benignitas
1459 4000 1586 4055 erga
1613 3987 1861 4045 homines

277 4084 439 4138 Deum
469 4095 634 4137 carne
664 4080 844 4136 vestiri
876 4077 1021 4133 fecit.
1050 4077 1248 4132 Statim
1274 4091 1403 4145 ergo
1434 4076 1621 4131 vestivi
1653 4091 1739 4131 me
1761 4118 1776 4141 ,
1809 4088 1863 4131 et

277 4176 475 4230 nullum
509 4174 701 4228 domus
727 4187 859 4226 mea:
882 4171 1145 4235 excitans,
1176 4168 1230 4222 in
1260 4168 1549 4223 ecclesiam
1577 4166 1703 4222 abii.
1733 4169 1862 4221 Erat

275 4268 413 4324 enim
437 4268 551 4336 jam
581 4280 794 4321 aurora.
826 4266 1037 4319 Etcum
1072 4262 1206 4317 irem
1236 4262 1447 4315 obviam
1480 4259 1631 4314 fratri
1662 4259 1862 4329 frigore

277 4360 489 4416 vexanti
526 4357 664 4429 (26),
696 4356 961 4426 expoliavi
1010 4369 1097 4409 me
1143 4352 1460 4407 indumento
1507 4351 1728 4420 caprino
1753 4390 1768 4415 ,
1809 4362 1863 4405 et

277 4452 393 4508 dedi
419 4450 491 4516 ei,
515 4448 731 4518 dixique
755 4450 893 4501 intra
919 4457 1047 4501 me:
1081 4445 1220 4499 Ecce
1252 4443 1306 4497 in
1338 4444 1438 4497 hoc
1470 4443 1639 4496 sciam
1673 4441 1719 4496 si
1753 4441 1860 4495 uti-

1967 3252 2113 3307 Deus
2147 3251 2327 3305 mundi
2361 3251 2609 3305 misertus
2636 3257 2739 3304 est.
2771 3250 2863 3303 Cui
2910 3249 2999 3301 ille
3048 3248 3341 3316 patriarcha
3373 3246 3506 3298 dixit
3536 3264 3549 3299 :

1964 3342 2157 3409 Crede,
2191 3343 2375 3409 frater,
2410 3343 2509 3395 nisi
2540 3341 2849 3395 miscuisses
2890 3343 3127 3408 pecunia:
3160 3340 3403 3391 ecclesia:
3436 3336 3553 3391 illas

1967 3435 2219 3502 peconias
2250 3450 2367 3502 quae
2414 3434 2506 3487 tibi
2550 3438 2952 3491 remanserant.
2989 3433 3288 3483 nullatenus
3338 3428 3553 3481 naufra-

1962 3531 2109 3598 g'nnt
2152 3527 2483 3596 pertulisses.
2536 3526 2611 3579 De
2660 3526 2813 3578 malis
2862 3524 3005 3577 enim
3056 3524 3284 3575 habuisti
3333 3537 3458 3586 eas,
3501 3530 3553 3576 et

1967 3620 2185 3690 perdita:
2215 3628 2338 3673 sunt
2365 3633 2487 3671 eum
2535 3621 2611 3671 eis
2646 3625 2701 3670 et
2745 3631 2866 3685 qua:
2896 3614 3112 3669 fuerttnt
3143 3630 3208 3667 ex
3250 3614 3419 3666 bonis.
3456 3613 3554 3667 Ve-

1965 3726 2083 3765 runt
2117 3707 2371 3779 prmcepit
2410 3707 2585 3760 denuo
2629 3706 2742 3757 dari
2776 3705 2825 3757 ei
2857 3704 3039 3756 decem
3084 3704 3243 3754 libras
3276 3702 3390 3753 ausi
3413 3743 3425 3763 ,
3462 3702 3554 3754 de-

1965 3806 2214 3861 nuntians
2238 3804 2286 3859 ei
2313 3817 2378 3857 ne
2400 3802 2773 3857 commisceret
2798 3798 2876 3852 eis
2904 3798 3035 3850 alias
3061 3798 3329 3863 pecunias.
3354 3796 3553 3851 Emens

1962 3906 2223 3967 praeterea
2267 3894 2582 3954 enthecam,
2614 3899 2665 3944 et
2710 3888 2964 3957 navigans
2996 3901 3101 3939 uno
3131 3886 3238 3951 die,
3268 3895 3427 3938 vento
3459 3901 3551 3937 va-

1964 3989 2072 4042 lido
2101 3986 2282 4051 ﬂante,
2318 3983 2587 4054 projectus
2624 3988 2706 4034 est
2754 3980 2806 4032 in
2850 3988 3083 4043 terram;
3119 3988 3171 4031 et
3209 3976 3390 4030 omnia
3434 3992 3553 4043 per-

1966 4081 2130 4146 didit,
2164 4088 2215 4135 et
2265 4079 2435 4147 ipsam
2486 4089 2710 4137 navem,
2758 4081 2812 4126 et
2863 4085 2968 4124 non
3013 4076 3139 4123 sunt
3186 4069 3400 4122 salvam:
3451 4066 3553 4121 ιιίςί

1965 4174 2157 4226 animas
2197 4180 2428 4224 tantum.
2459 4166 2636 4220 Voluit
2680 4179 2808 4233 ergo
2856 4178 2964 4230 pra:
2994 4161 3315 4215 confusione
3356 4169 3409 4213 et
3457 4176 3553 4212 an-

1964 4263 2136 4332 gustia
2162 4262 2301 4316 idem
2329 4258 2613 4313 nauclerus
2647 4269 2839 4309 necare
2865 4254 3132 4321 seipsum;
3168 4252 3261 4305 sed
3295 4253 3434 4305 Deus
3461 4252 3552 4317 qtti

1966 4369 2181 4422 semper
2201 4351 2355 4406 saluti
2383 4349 2655 4403 hominum
2686 4345 2970 4416 providet,
2998 4344 3251 4399 revelavit
3276 4344 3377 4395 hoc
3401 4343 3553 4394 beato

1969 4443 2304 4513 patriarchze.
2336 4442 2544 4494 Etcum
2576 4437 2813 4491 audisset
2838 4434 2979 4501 quod
3006 4432 3276 4487 acciderat
3302 4432 3383 4496 ei,
3418 4446 3553 4484 nun-

280 4559 377 4610 que
404 4556 530 4597 vera
559 4548 646 4597 est
676 4538 810 4594 visio
833 4554 991 4606 quam
1022 4536 1166 4600 vidi,
1195 4551 1262 4589 an
1287 4534 1645 4590 dtemoniaca.
1680 4535 1745 4587 Et
1776 4550 1862 4586 ve-
1891 4528 1938 4586 D
1968 4540 2060 4592 tiat
2103 4538 2152 4589 ei
2195 4535 2382 4588 venire
2420 4534 2486 4585 ad
2532 4546 2592 4586 se
2642 4529 2775 4583 nihil
2824 4528 3046 4581 omnino
3090 4527 3359 4579 dubitans.
3400 4525 3552 4575 ’f‘nuc

277 4634 430 4690 ritate
458 4639 708 4697 testante,
726 4644 824 4684 nec
853 4630 978 4682 dum
1003 4627 1287 4681 ecclesiam
1310 4626 1884 4693 comprehenderant,-

275 4735 328 4781 et
353 4724 533 4780 subito
561 4722 793 4778 obvians
827 4720 958 4774 mihi
984 4719 1237 4788 quidam,
1269 4718 1405 4771 albis
1439 4719 1659 4772 indutus
1691 4717 1858 4771 vesti-

278 4816 391 4881 bus,
424 4814 514 4870 dat
543 4814 671 4868 mihi
704 4813 985 4881 ligaturam
1028 4810 1143 4881 (27)
1189 4819 1403 4865 centum
1439 4811 1856 4874 nurnismatum,

275 4909 492 4963 dicens:
520 4907 717 4974 Accipe
751 4908 885 4968 haec,
936 4906 1121 4968 frater,
1150 4913 1205 4957 et
1243 4904 1496 4971 dispensa
1529 4913 1582 4956 ut
1616 4905 1716 4956 vis.
1745 4903 1856 4973 Ego

276 5008 450 5053 autem
492 5012 605 5066 pra:
629 4995 825 5065 gaudio
851 4996 1028 5047 statim
1062 4994 1174 5047 haec
1220 4994 1516 5062 Suscipiens
1541 5033 1555 5058 ,
1606 5008 1856 5047 reversus

276 5106 411 5156 sum,
442 5090 631 5145 volens
671 5087 897 5141 reddere
926 5087 972 5140 ei
1006 5086 1279 5152 ligaturatn
1330 5086 1493 5144 illam.
1536 5085 1687 5153 quasi
1723 5084 1856 5137 nihil

276 5180 541 5250 indigens.
592 5188 646 5234 et
695 5177 926 5245 amplius
978 5192 1083 5229 non
1130 5176 1237 5227 vidi
1281 5176 1537 5243 aliquem.
1570 5175 1719 5227 Tunc
1747 5175 1856 5228 dixi

277 5272 445 5327 mihi:
481 5273 757 5327 Veraciter
806 5286 909 5323 non
959 5280 1074 5323 erat
1126 5270 1427 5336 phantasia.
1465 5270 1534 5321 Ex
1589 5268 1676 5321 illa
1729 5282 1857 5335 ergo

278 5362 402 5415 hora
445 5376 591 5428 saepe
637 5361 830 5415 dabam
882 5360 1079 5429 aliquid
1131 5359 1410 5422 fratribus,
1464 5368 1521 5411 et
1567 5358 1855 5412 dicebam:

280 5452 480 5508 Videbo
517 5452 564 5505 si
612 5452 788 5506 mittat
834 5454 972 5506 Deus
1001 5451 1154 5517 mihi,
1184 5459 1241 5504 ut
1270 5448 1424 5515 dixit,
1471 5449 1747 5513 centupla.
1793 5449 1859 5503 Et

277 5559 394 5599 cum
422 5552 711 5599 tentassem
743 5544 1047 5608 Dominum,
1074 5542 1442 5606 malefaciens,
1470 5551 1526 5596 et
1554 5540 1858 5596 satisfactus

275 5649 447 5689 essem
478 5636 703 5690 diversis
735 5638 906 5690 modis
931 5652 1025 5704 per
1051 5650 1144 5689 eas
1173 5651 1260 5689 res
1280 5678 1293 5700 ,
1327 5636 1436 5690 dixi
1464 5651 1478 5689 :
1508 5636 1675 5689 Cessa
1697 5675 1711 5699 ,
1759 5634 1859 5687 mi-

274 5739 391 5781 sera
414 5727 614 5792 anima,
643 5729 893 5784 tentando
919 5729 1305 5785 intentabilent.
1324 5727 1423 5783 Tot
1457 5728 1616 5798 igitur
1642 5728 1859 5784 certitu~

1964 4628 2190 4697 aspersit
2219 4640 2279 4679 se
2308 4624 2551 4692 pulvere,
2586 4631 2635 4675 et
2670 4622 2901 4674 tunicam
2933 4618 3209 4683 scindens,
3243 4616 3553 4669 indecenter

1964 4717 2169 4771 accedit
2198 4716 2265 4770 ad
2295 4730 2437 4769 eum.
2465 4716 2705 4779 Cumque
2733 4712 2953 4765 vidisset
2984 4724 3106 4763 enin
3148 4709 3201 4762 in
3233 4707 3323 4760 tali
3370 4709 3549 4759 habitu

1965 4811 2051 4865 ille
2082 4817 2317 4872 sanctus,
2350 4807 2617 4873 redarguit
2658 4820 2811 4869 eum,
2841 4811 2897 4858 et
2923 4802 3056 4857 dixit
3084 4818 3099 4857 ι
3132 4801 3443 4854 Misereatur
3476 4800 3547 4849 tui

1968 4903 2221 4956 Dominus
2242 4898 2551 4954 benedictus
2577 4898 2738 4951 Deus.
2761 4897 2936 4950 Credo
2959 4896 3007 4948 ei
3033 4893 3174 4963 quod
3199 4893 3266 4946 ab
3293 4892 3547 4945 hodierna

1962 4995 2049 5051 die
2089 5008 2419 5064 nequaquam
2464 4989 2796 5056 naufragium
2850 4988 3073 5050 incidas,
3107 5000 3381 5053 usquequo
3429 5000 3537 5035 mo

1963 5090 2136 5142 riaris.
2170 5088 2278 5141 Hoc
2309 5101 2432 5140 vero
2464 5084 2555 5138 tibi
2587 5082 2879 5150 contingit,
2907 5095 2971 5134 eo
2997 5079 3138 5148 quod
3170 5089 3224 5131 ct
3254 5078 3367 5145 ipsa
3401 5076 3549 5128 navis

1964 5192 2049 5233 tua
2077 5196 2141 5234 ex
2173 5179 2428 5248 iniustitia
2454 5186 2595 5232 esset
2627 5190 2891 5244 possessa.
2924 5175 3037 5228 Mox
3062 5189 3190 5243 ergo
3218 5173 3378 5239 jussit
3411 5170 3545 5223 tradi

1964 5275 2011 5329 ei
2044 5287 2204 5326 unam
2252 5287 2495 5338 magnam
2542 5269 2750 5331 navim,
2800 5270 3008 5334 plenam
3057 5266 3321 5319 frumento
3364 5263 3548 5333 viginti

1965 5366 2188 5419 millium
2216 5364 2547 5427 modiorum,
2580 5360 2647 5413 de
2679 5360 2782 5411 illis
2809 5358 3032 5411 navibus
3056 5373 3173 5426 qua:
3199 5355 3547 5409 sanctissimae

1962 5457 2205 5511 ecclesiae
2257 5454 2516 5520 subjectae.
2573 5449 2971 5503 ministrabant.
3024 5448 3191 5515 Quam
3248 5448 3546 5516 recipiens,

1963 5547 2098 5601 exiit
2124 5543 2479 5607 Alexandria;
2506 5551 2559 5595 et
2587 5540 2883 5594 affirmabat
2915 5541 3028 5607 ipse
3062 5541 3364 5601 nauclerus,
3397 5552 3545 5588 asse-

1966 5649 2157 5689 verans
2183 5652 2196 5687 :
2231 5632 2430 5702 Viginti
2463 5633 2652 5686 diebus
2683 5646 2745 5683 ac
2774 5632 3021 5683 noctibus
3050 5628 3355 5682 vehementi
3387 5632 3545 5677 vento

1966 5727 2349 5796 navigavimus.
2374 5740 2479 5781 non
2505 5724 2741 5780 valentes
2760 5722 2981 5779 omnino
3006 5722 3143 5775 scire
3162 5735 3268 5790 quo
3290 5719 3534 5778 isscnnzs,
