4016 6278
467 338 566 396 547

1494 334 1580 389 DE
1621 331 1794 388 \‘lTiS
1830 323 2112 385 PATBUM
2156 321 2354 378 LIBER
2395 323 2662 380 PRIMUS.

3612 331 3730 385 338

470 468 642 522 neque
673 467 764 520 per
795 451 999 516 stellas,
1027 463 1200 520 neque
1230 463 1324 517 per
1355 449 1488 512 loca,
1521 453 1742 514 excepto
1772 441 1913 512 quod
1944 454 2038 507 gu-
2068 439 2115 499 Α
2143 442 2196 487 et
2224 432 2356 486 dixit
2396 448 2474 487 eis
2501 449 2517 486 :
2549 435 2688 501 Quot
2719 434 2881 490 libras
2907 434 3128 491 dedistis
3169 437 3242 492 illi
3278 437 3367 510 qui
3409 440 3473 495 ad
3503 455 3585 498 me
3624 461 3732 499 ac-

424 593 430 598 .
475 546 722 598 bernator
755 543 967 597 videbat
1006 542 1147 595 illum
1180 539 1527 609 pat-riarcham
1557 550 1736 590 secum
1775 539 2042 587 tenentem

447 645 774 704 ‘temonem,
809 645 862 690 et
903 635 1168 688 dicentem
1200 632 1297 685 sibi
1326 649 1338 683 :
1373 630 1446 683 Ne
1486 630 1693 691 timeas,
1725 627 1861 680 bene
1901 623 2044 678 navi-

429 711 581 795 ξμς.
608 727 768 793 Igitur
807 735 923 794 post
951 725 1256 793 vigesimatn
1289 721 1428 774 diem
1471 718 1813 789 apparuimus
1862 716 1914 769 in
1950 717 2035 768 in—

431 811 606 892 isttiis
638 815 957 878 Britannize;
993 823 1046 866 et
1071 809 1517 865 descendentibus
1547 807 1701 861 nobis
1733 807 1785 859 in
1815 813 2043 871 terram,

435 893 443 912 ⁸
474 907 774 960 invenimus
796 906 903 959 illic
925 904 1114 957 famem
1140 916 1402 967 magnam.
1427 898 1555 952 Cum
1579 913 1706 967 ergo
1727 896 2048 951 dixissemus

480 996 651 1062 primo
674 995 921 1056 civitatis,
945 993 1081 1061 quod
1112 992 1432 1045 frumentum
1463 990 1515 1042 in
1541 988 1658 1042 navi
1688 997 2045 1057 portaretnus,

474 1086 645 1140 dixit:
679 1087 820 1140 Bene
854 1084 994 1138 Deus
1037 1082 1254 1135 adduxit
1293 1095 1406 1135 vos.
1435 1079 1702 1149 Quidquid
1747 1080 1926 1144 vultis,
1955 1082 2052 1135 eli-

475 1179 614 1248 gite;
655 1185 746 1231 aut
789 1191 883 1244 per
910 1174 1146 1243 singulos
1177 1172 1385 1226 modios
1433 1173 1696 1226 numisma
1729 1188 1926 1239 unum,
1961 1181 2052 1227 aut

479 1265 721 1334 ejusdem
752 1263 1000 1335 ponderis
1026 1260 1247 1328 accipite
1270 1270 1540 1314 stannum.
1573 1260 1840 1331 Elegimus
1871 1263 2052 1331 itaque

476 1357 751 1412 dimidium
782 1357 880 1419 sic,
908 1363 962 1409 et
990 1353 1264 1408 dimidium
1289 1354 1386 1408 sic.
1419 1353 1548 1407 Rem
1587 1363 1761 1407 autem
1793 1353 1940 1407 vadit
1968 1354 2050 1407 di-

475 1464 600 1503 cere
635 1462 831 1509 sermo,
879 1445 1168 1513 inexpertis
1217 1460 1496 1498 munerum
1544 1444 1637 1499 Dei
1689 1446 2052 1500 incredibilem

477 1539 691 1608 quidem
719 1546 774 1591 et
801 1538 916 1591 sine
944 1537 1066 1600 fide,
1102 1535 1340 1614 hisvero
1368 1535 1454 1602 qui
1483 1535 1862 1602 experientiam
1897 1537 2057 1590 mira-

481 1629 587 1682 culi
617 1628 735 1697 ejus
776 1627 1003 1692 habent,
1036 1624 1346 1679 credibilem
1390 1635 1549 1693 atque
1593 1635 1886 1695 acceptam.
1925 1626 2057 1681 Navi

485 1726 744 1786 praeterea
791 1716 1173 1770 Alexandriam
1215 1729 1333 1768 cum
1379 1716 1570 1784 gaudio
1611 1731 1822 1773 reversa
1853 1720 2058 1789 quievi-

2147 525 2348 579 cessit?
2376 525 2474 590 Qui
2505 525 2791 581 dixerunt:
2824 527 3066 592 Domine,
3100 537 3157 582 ut
3182 529 3342 596 jussit
3369 534 3730 587 sacratissima

2147 615 2399 669 sanctitas
2445 626 2644 682 vestra,
2685 618 2985 686 quindecim
3025 619 3208 674 libras.
3239 619 3371 676 Cum
3416 635 3589 679 autem
3623 641 3729 679 co-

2145 709 2412 777 gnovisset
2443 723 2534 776 per
2564 709 2948 764 iniiabitantem
2989 711 3040 765 in
3069 726 3126 765 se
3156 713 3383 781 gratiam
3405 755 3419 778 ,
3451 715 3571 769 illos
3595 732 3726 770 esse

2149 799 2423 864 mentitos,
2450 799 2664 853 adducit
2689 815 2810 853 eum
2841 802 2930 868 qui
2956 813 3233 871 acceperat
3251 844 3264 866 ,
3291 812 3346 858 et
3375 805 3729 876 interrogavit

2149 903 2271 944 eum
2317 891 2439 956 quid
2484 892 2811 951 accepisset?
2839 891 2936 946 illo
2967 908 3094 948 vero
3134 894 3344 949 dicente
3389 899 3619 966 quinque
3669 899 3735 954 ii-

2151 981 2296 1044 bras,
2332 985 2605 1048 proferens
2629 982 2695 1036 de
2726 983 3034 1036 honoranda
3063 1000 3220 1038 manu
3252 1001 3345 1039 sua
3381 987 3471 1042 ille
3514 999 3737 1045 sanctus

2153 1069 2427 1136 pittacium
2460 1072 2598 1141 (55),
2627 1073 2766 1140 quod
2797 1073 2898 1127 sibi
2933 1073 3182 1127 traditum
3215 1075 3416 1143 fuerat,
3445 1079 3572 1132 dixit
3605 1081 3732 1136 eis:

2155 1161 2200 1214 Δ
2233 1161 2380 1214 vobis
2411 1161 2653 1229 exquirat
2680 1162 2819 1217 Deus
2845 1172 2899 1217 et
2927 1164 3014 1217 illa
3040 1165 3141 1218 alia
3181 1165 3363 1221 decem
3399 1172 3736 1235 centenaria,

2155 1252 2404 1319 quoniam
2431 1253 2475 1306 si
2509 1251 2792 1307 dedissetis
2823 1255 3125 1323 quindecim
3171 1257 3358 1326 libras,
3387 1269 3443 1313 ut
3471 1263 3604 1317 dixit
3635 1265 3742 1317 hu-

2158 1343 2356 1396 militas
2391 1358 2529 1408 mea,
2561 1346 2651 1414 qui
2681 1345 2858 1399 attulit
2884 1348 3118 1416 quinque
3158 1352 3484 1417 centenaria,
3513 1356 3740 1423 quinde-

2157 1433 2260 1486 cint
2290 1433 2460 1488 daret.
2492 1433 2559 1487 Et
2584 1442 2642 1488 ut
2663 1446 2840 1490 certos
2863 1451 2957 1491 vos
2980 1436 3168 1493 faciam
3185 1479 3201 1502 ,
3231 1441 3451 1497 mittens
3475 1444 3742 1501 adducam

2157 1535 2276 1591 quae
2308 1522 2404 1576 has
2444 1523 2638 1578 attulit.
2676 1525 2742 1580 Et
2781 1528 2998 1583 mittens
3036 1528 3170 1585 duos
3207 1535 3540 1591 venerabiles
3568 1537 3744 1605 viros,

2162 1619 2220 1664 ut
2253 1612 2583 1668 accersirent
2626 1617 2973 1672 reverendam
3007 1618 3288 1691 feminam,
3319 1638 3437 1693 quae
3474 1625 3528 1680 in
3562 1626 3746 1697 bapti-

2159 1704 2325 1758 sterio
2372 1705 2647 1773 pittacium
2690 1709 2740 1763 ei
2785 1721 3126 1779 porrexerat,
3156 1715 3242 1770 cui
3290 1725 3346 1771 et
3391 1717 3628 1786 indicat,
3661 1719 3748 1773 di-

479 1821 598 1862 mus
639 1807 690 1863 in
735 1807 1013 1875 Pentapoli
1055 1806 1203 1878 (5i);
1236 1814 1289 1860 et
1325 1810 1620 1877 asportavit
1667 1811 1950 1866 nauclerus
1989 1813 2056 1867 de
2095 1803 2132 1858 it
2161 1813 2286 1853 cens
2317 1815 2332 1852 :
2366 1799 2835 1870 Benedictionem,
2876 1819 3033 1872 quam
3084 1807 3223 1861 Deus
3268 1809 3368 1863 sibi
3407 1810 3749 1866 offerendam

481 1899 572 1954 illo
603 1909 794 1953 stanno
851 1907 910 1952 ut
939 1899 1290 1953 venumdaret
1320 1900 1464 1953 illud.
1498 1901 1733 1957 liabebat
1761 1905 1902 1958 enim
1949 1903 2058 1960 illic

481 1990 750 2056 antiquum
798 1988 999 2041 socium
1052 1988 1104 2040 in
1159 1987 1386 2058 negotiis
1440 1999 1705 2056 petentem
1755 2007 1819 2046 ex
1868 1994 2054 2048 eodem

485 2088 695 2132 stanno.
738 2080 833 2132 Dat
860 2081 904 2132 ei
940 2080 988 2133 in
1021 2093 1174 2133 sacco
1202 2079 1352 2147 quasi
1381 2081 1753 2152 quinquaginta
1786 2084 1966 2137 libras.
1993 2087 2061 2139 At

493 2170 580 2223 ille
607 2170 792 2224 volens
836 2170 1061 2237 probare
1101 2170 1331 2237 speciem
1363 2170 1407 2224 si
1441 2171 1578 2225 bona
1609 2184 1782 2238 esset,
1814 2176 1968 2228 solvit
1996 2175 2057 2228 ii—

485 2261 570 2313 iud
610 2261 658 2314 in
692 2261 831 2330 igne,
863 2272 915 2314 et
948 2261 1147 2315 invenit
1189 2275 1463 2329 argenturm
1499 2279 1712 2332 purum.
1742 2267 2060 2333 Putavit'jue

486 2364 545 2402 se
575 2365 693 2403 esse
723 2359 980 2403 tentatum
1003 2393 1016 2415 ,
1047 2361 1101 2404 et.
1137 2351 1322 2406 retulit
1348 2353 1396 2407 ei
1429 2369 1638 2408 saccum
1669 2356 1850 2411 dicens
1878 2377 1890 2411 :
1924 2359 2064 2414 Deus

487 2443 759 2513 indulgeat
815 2443 928 2496 tibi.
982 2443 1223 2510 Nunquid
1274 2444 1522 2498 invenisti
1581 2462 1666 2500 me
1723 2449 2060 2514 impostorem

489 2551 610 2604 erga
641 2546 713 2599 te,
746 2537 864 2604 quia
898 2536 1148 2588 tentando
1189 2545 1464 2604 argentum
1513 2553 1608 2605 pro
1653 2548 1842 2593 stanno
1871 2544 2061 2596 dedisti

493 2628 653 2681 mihi?
686 2628 1055 2695 Expavesccus
1086 2642 1210 2679 vero
1251 2627 1316 2678 de
1360 2644 1605 2682 sermone
1636 2631 1726 2684 illo
1755 2635 2059 2698 nauclerus,

491 2719 662 2772 dicit:
696 2717 883 2782 Crede,
923 2732 1022 2786 ego
1068 2735 1161 2786 pro
1205 2731 1394 2774 Slatttto
1444 2721 1573 2775 illud
1619 2723 1807 2778 habeo.
1841 2725 1895 2780 Si
1940 2743 2066 2780 vero

491 2808 580 2864 ille
610 2809 697 2876 qui
730 2810 851 2861 fecit
877 2810 942 2862 de
971 2825 1099 2877 aqua
1132 2826 1306 2863 vznum
1370 2810 1548 2881 (Joan.
1575 2814 1658 2883 tt),
1691 2816 1801 2884 ipse
1829 2832 1922 2884 per
1947 2833 2069 2870 Ora-

491 2902 663 2954 tinncs
697 2903 1006 2970 patriarcha:
1056 2903 1085 2954 ft
1110 2906 1178 2956 cit
1220 2914 1270 2957 et
1303 2916 1547 2960 staunum
1595 2916 1901 2976 argentum,
1938 2911 2066 2963 nihil

496 2992 708 3046 mirum.
756 2993 820 3045 Et
862 3003 915 3045 ut
956 2995 1205 3057 satisiias,
1249 2996 1366 3049 veni
1411 2998 1474 3048 ad
1524 2998 1727 3061 navim,
1761 3008 1812 3052 et
1862 3001 2068 3055 videbis

491 3091 681 3140 cmtera
730 3082 883 3136 istius
931 3093 1067 3136 meta
1097 3084 1128 3137 li
1169 3085 1335 3149 seria,
1376 3085 1513 3153 quod
1555 3088 1825 3155 accepisti.
1862 3088 2065 3142 Ascen-

2161 1888 2307 1942 misit
2347 1889 2399 1944 in
2431 1905 2526 1945 cor
2553 1900 2730 1962 tuum,
2763 1895 2940 1951 ferens
2967 1907 3170 1964 tecum,
3199 1902 3316 1954 veni
3360 1902 3425 1956 ad
3467 1903 3749 1957 humilita-

2163 1988 2267 2033 tem
2299 1995 2494 2037 meam.
2524 1982 2652 2049 Quzn
2681 1986 2876 2039 cursim
2918 2001 3162 2057 surgens,
3193 1993 3540 2059 apprehendit
3569 1995 3752 2049 vesti-

2161 2068 2243 2137 gia
2287 2069 2456 2122 sancti
2489 2072 2584 2124 viri
2629 2087 2732 2126 una
2771 2090 2891 2128 cum
2933 2079 3225 2144 quantitate
3271 2083 3404 2136 auri.
3435 2083 3568 2137 Cum
3611 2100 3752 2152 ergo

2162 2160 2488 2228 suscepisset
2538 2162 2627 2216 ille
2677 2166 2979 2232 patriarcha
3030 2169 3385 2236 oblationem,
3429 2181 3482 2226 et
3533 2187 3753 2230 orasset

2165 2266 2324 2319 super
2352 2267 2500 2320 eam,
2531 2264 2584 2308 et
2627 2270 2787 2323 super
2817 2259 2980 2314 filium
3023 2261 3140 2329 ejus
3177 2263 3524 2330 sufficienter,
3557 2268 3696 2320 dixit
3729 2287 3741 2319 :

2165 2342 2398 2396 Obsecro
2445 2353 2515 2410 te,
2551 2359 2722 2399 nonna
2771 2347 2908 2417 (56),
2952 2349 3063 2403 haec
3105 2361 3306 2406 tantum
3351 2355 3564 2409 voluisti
3611 2358 3750 2411 dare

2167 2430 2402 2495 Christo,
2437 2447 2502 2484 an
2537 2432 2678 2486 aliud
2707 2434 2941 2503 aliquid?
2973 2437 3100 2490 Cum
3143 2448 3322 2494 autem
3351 2444 3604 2498 sensisset
3636 2446 3752 2498 dei.

2167 2521 2334 2575 ferum
2356 2566 2370 2590 ,
2403 2524 2531 2576 illud
2564 2525 2701 2592 quod
2749 2526 2942 2580 fecerat
2973 2530 3304 2599 cognovisse,
3341 2543 3570 2591 tremore
3596 2553 3751 2591 eont-

2167 2626 2374 2680 pressa,
2399 2612 2569 2668 dixit:
2605 2616 2702 2668 Per
2732 2627 2942 2673 sanctas
2985 2619 3183 2675 domini
3228 2626 3329 2677 mei
3373 2628 3666 2692 orationes,
3701 2641 3753 2682 ct

2167 2715 2410 2759 sanctum
2444 2722 2620 2759 meum
2653 2705 2896 2762 Mennatn
2930 2711 3068 2782 (.37),
3101 2715 3403 2782 quindecim
3434 2722 3751 2774 centenaria

2169 2796 2484 2861 scripseram
2527 2795 2578 2849 in
2622 2797 2865 2865 pittacia;
2913 2811 2964 2853 et
3006 2811 3130 2857 ante
3177 2820 3334 2858 unam
3389 2814 3573 2861 horam
3624 2825 3753 2863 cum

2169 2896 2366 2940 starem
2399 2888 2448 2941 in
2484 2890 2708 2957 synaxi,
2742 2899 2798 2943 ut
2825 2893 3006 2946 durem
3052 2894 3152 2949 hoc
3201 2897 3291 2950 tibi
3337 2899 3559 2953 Domino
3607 2918 3754 2967 men,

2170 2976 2467 3032 dissolvens
2517 2981 2675 3045 illud,
2710 2983 3008 3050 importune
3047 2986 3166 3055 legi.
3203 2987 3312 3056 Ego
3343 2990 3483 3043 enim
3527 2992 3754 3062 indigna

2171 3068 2358 3121 anetiia
2403 3079 2490 3122 ttta
2533 3072 2717 3135 scripsi
2751 3072 2850 3127 hoc
2882 3076 3090 3143 propria
3122 3093 3314 3145 manu,
3347 3089 3400 3133 et
3431 3082 3610 3135 inveni
3655 3083 3756 3137 de-

492 3171 680 3225 dentes
726 3174 921 3241 itaque,
969 3175 1285 3230 invenerunt
1330 3187 1576 3232 stannum
1609 3190 1884 3248 argentum
1928 3182 2066 3248 οριίρ

2172 3172 2288 3211 cem
2320 3160 2492 3213 deieta
2533 3176 2559 3211 a
2593 3162 2789 3229 seipso.
2822 3164 2971 3218 Tunc
3004 3167 3297 3235 stupefacta
3346 3170 3480 3223 intra
3526 3183 3758 3226 memet-

496 3277 636 3315 tnum
668 3261 883 3316 factum.
920 3265 978 3318 Et
1021 3281 1121 3319 non
1165 3276 1246 3320 est
1287 3269 1622 3337 peregrinum
1658 3272 2003 3337 miraculum,
2037 3292 2067 3323 ιι

496 3352 852 3418 philochristi.
884 3354 981 3419 Qui
1017 3357 1156 3408 enim
1206 3359 1437 3426 quinque
1486 3375 1650 3425 panes
1694 3363 2070 3430 tnuitiplicavit

496 3443 671 3512 (Joan.
695 3447 793 3509 vr),
822 3456 875 3498 et
916 3462 1097 3500 rursus
1124 3463 1310 3518 aquam
1343 3449 1555 3518 [Egypti
1600 3457 1969 3509 transmutavit
2011 3458 2060 3510 in

492 3535 804 3601 sanguinem
830 3537 1023 3604 (Exodi
1051 3543 1160 3607 vtt),
1190 3549 1244 3593 et
1270 3541 1469 3608 virgam
1499 3541 1548 3594 in
1575 3557 1876 3613 serpentem
1902 3557 2073 3601 trans-

493 3626 744 3689 mutavit,
777 3637 830 3681 et
869 3631 1134 3683 transtulit
1185 3630 1448 3686 flammam
1489 3635 1537 3686 in
1566 3649 1740 3689 rorem
1771 3635 1934 3705 (Dan.
1963 3642 2071 3711 tu),

499 3717 705 3773 facilius
733 3728 787 3772 et
831 3719 931 3774 huc
974 3730 1080 3775 tam
1125 3723 1415 3791 gloriosum
1468 3725 1782 3780 miraculum
1822 3739 2073 3797 operatus

494 3820 605 3878 est,
633 3821 892 3882 quatenus
918 3824 970 3870 et
997 3815 1245 3868 famulum
1273 3833 1426 3870 suum
1457 3818 1614 3888 184,
1639 3819 1851 3886 ditaret,
1875 3830 1929 3877 et
1944 3837 2078 3878 nau-

494 3902 639 3958 clero
668 3902 1086 3958 misericordiam
1116 3922 1263 3960 suam
1293 3917 1589 3975 praestaret.

569 3993 698 4050 CAP.
729 3995 796 4053 Χ.
820 4025 890 4036 --
923 3997 1290 4052 Descentlente
1328 3999 1664 4055 sanctissimo
1703 4001 1808 4056 isto
1837 4005 1951 4059 viro
1977 4003 2078 4058 aii-

497 4087 708 4152 quando
736 4088 787 4142 in
829 4088 1110 4142 ecclesiam
1153 4090 1428 4145 Dominico
1469 4092 1575 4156 die,
1605 4095 1834 4150 accessit
1859 4095 1923 4149 ad
1952 4109 2073 4151 eum

499 4177 680 4242 homo,
706 4177 794 4246 qui
825 4179 1018 4233 multas
1050 4181 1359 4248 possederat
1385 4179 1662 4237 facultates
1690 4201 1705 4238 :
1737 4192 1792 4239 et
1817 4185 1961 4240 fures
1993 4185 2076 4240 in-

498 4269 671 4338 gressi
718 4268 935 4324 domum
983 4271 1122 4340 ejus,
1151 4271 1587 4339 despoliaverunt
1630 4291 1751 4330 eum
1794 4292 1964 4335 usque
2010 4278 2078 4332 ad

505 4370 894 4426 stramentum;
935 4370 990 4416 et
1030 4377 1150 4416 cum
1197 4364 1362 4416 multa
1401 4368 1624 4431 quaestio
1653 4376 1796 4422 esset
1833 4369 1994 4435 facta,
2026 4379 2080 4424 et

503 4468 610 4508 non
649 4452 944 4508 invenisset
971 4455 1059 4522 qui
1099 4454 1214 4508 haec
1261 4463 1694 4524 perpetraverant
1717 4499 1733 4523 ,
1771 4462 2078 4529 compulsus

2173 3249 2369 3318 ipsam,
2404 3251 2510 3304 dixi
2539 3270 2550 3304 :
2582 3253 2771 3322 Utique
2815 3272 2921 3310 non
2963 3267 3046 3312 est
3093 3260 3340 3314 voluntas
3383 3261 3476 3316 Dei
3522 3274 3578 3315 ut
3625 3264 3756 3319 dein

2173 3338 2275 3392 nisi
2315 3341 2567 3411 quinque.
2613 3344 2918 3400 Dimittente
2947 3358 3122 3404 autem
3154 3352 3455 3420 patriarcha
3485 3369 3752 3410 reveren-

2174 3429 2294 3482 dam
2341 3430 2484 3485 illam
2529 3432 2813 3504 feminam,
2842 3439 3151 3494 ceciderunt
3191 3442 3257 3496 ad
3302 3443 3465 3510 pedes
3506 3445 3621 3513 ejus
3668 3447 3758 3500 div

2174 3533 2549 3591 Spensatores,
2593 3531 2679 3594 qui
2731 3535 3019 3600 trangressi
3065 3543 3190 3589 sunt
3238 3535 3567 3593 voluntatem
3613 3541 3756 3608 ejus,

2176 3620 2418 3679 petentes
2450 3614 2866 3688 indulgentiam,
2899 3631 2954 3676 et
2993 3621 3320 3681 affirmantes
3363 3629 3498 3684 nihil
3544 3633 3649 3687 tale
3700 3649 3761 3689 se

2177 3703 2402 3759 ulterius
2427 3717 2640 3764 acturos
2670 3710 2804 3767 fore.

2246 3796 2374 3853 CAP.
2407 3800 2495 3854 ΧΙ.
2527 3830 2599 3844 -—
2636 3803 2849 3861 intuens
2891 3806 3072 3864 Niceta
3120 3811 3373 3879 patricius
3416 3813 3550 3885 (58)
3598 3816 3758 3885 hujus

2178 3897 2278 3952 viri
2308 3901 2598 3957 virtutibus
2628 3905 2773 3972 pleni
2803 3907 3287 3976 magnanimitatem
3307 3950 3324 3978 ,
3351 3919 3407 3983 et
3435 3911 3552 3967 sine
3581 3917 3755 3983 parci-

2178 3996 2288 4044 tate
2319 4005 2533 4046 manum
2561 4007 2888 4062 expansam,
2919 4005 2973 4052 et
3005 4005 3251 4068 tanquam
3281 4015 3350 4056 ex
3375 3981 3530 4057 fonte
3553 3981 3757 4074 jugiter

2180 4080 2428 4134 omnibus
2453 4091 2820 4150 praastantem,
2840 4086 3090 4143 instinctu
3109 4091 3460 4159 quorumdam
3480 4094 3754 4150 diabolum

2182 4170 2535 4239 imitantium,
2565 4173 2708 4229 subit
2744 4176 2810 4230 ad
2842 4186 3083 4240 sanetum
3104 4219 3120 4245 ,
3151 4188 3205 4234 et
3231 4181 3358 4236 dicit
3386 4183 3436 4237 ei
3463 4200 3477 4236 :
3510 4184 3752 4254 Regnum

2181 4270 2439 4334 arctatur,
2469 4273 2523 4318 et
2560 4269 2780 4335 pecunia
2821 4277 2960 4337 eget.
3000 4269 3150 4337 iam,
3179 4271 3299 4340 quia
3336 4273 3452 4328 sine
3495 4276 3757 4343 parcitate

2183 4371 2488 4430 erogantur,
2513 4378 2632 4432 qua:
2661 4363 2971 4419 deferuntur
2998 4364 3091 4420 tibi
3122 4367 3377 4434 pecunim,
3407 4368 3470 4421 da
3515 4383 3606 4423 eas
3647 4370 3755 4424 im-

2187 4451 2355 4518 peric,
2379 4450 2444 4503 da
2472 4466 2563 4506 eas
2594 4451 2646 4506 in
2678 4453 2941 4522 publicum
2963 4455 3271 4512 sacceilum.
3295 4455 3383 4511 ille
3410 4472 3535 4510 vero
3555 4457 3623 4512 de
3650 4457 3753 4512 hoc

500 4553 583 4596 est
613 4542 778 4596 multa
824 4542 980 4596 nimis
1025 4554 1354 4612 paupertate,
1393 4543 1666 4614 deprecari
1712 4562 1831 4601 cum
1882 4526 2072 4618 magna
2106 4526 2158 4586 Ῑ)
2182 4540 2321 4608 quod
2356 4540 2552 4595 dictum
2585 4541 2787 4608 fuerat,
2816 4542 3230 4614 imperturbatus
3257 4561 3492 4612 manens,
3524 4547 3658 4603 dicit
3683 4549 3752 4604 ad

503 4636 805 4688 reverentia
853 4634 1248 4688 sanctissimum
1281 4635 1426 4689 illum
1477 4637 1862 4706 patriareham,
1895 4641 2078 4694 dicens

507 4724 556 4778 ei
581 4735 635 4778 et
663 4724 1022 4779 calamitatem
1055 4739 1225 4779 suam.
1258 4727 1505 4783 Misertus
1533 4743 1660 4799 ergo
1691 4731 1831 4786 illius
1857 4733 2079 4788 multum

509 4812 707 4880 (fuerat
749 4813 890 4866 enim
937 4829 998 4866 ex
1050 4815 1362 4870 clarissimis
1393 4826 1446 4872 et
1488 4819 1690 4888 magnis
1737 4822 2081 4892 principibus)

511 4899 642 4954 dicit
672 4901 737 4954 ad
778 4915 960 4957 aurem
1003 4903 1142 4958 illius
1179 4905 1266 4958 cui
1315 4919 1502 4959 aurum
1543 4909 1801 4962 creditum
1851 4922 1993 4968 erat.
2029 4925 2085 4965 ut

513 4989 664 5050 daret
693 4990 740 5045 ei
771 4993 1069 5060 quindecim
1116 4993 1278 5048 libras
1312 4994 1445 5048 auri.
1477 4996 1610 5050 Cum
1641 5007 1817 5053 autem
1864 5003 1956 5053 has
1984 5002 2082 5054 da-

517 5089 668 5144 turus
709 5082 910 5148 abiret,
941 5083 1289 5152 apprehendit
1333 5086 1611 5140 consilium
1644 5089 1928 5157 logotbeta:
1971 5091 2086 5160 (5‘2)

513 5180 568 5225 et
607 5174 903 5239 reconomi;
932 5184 985 5228 et
1021 5190 1084 5228 ex
1116 5176 1375 5232 diabolica
1415 5179 1726 5246 operatione
1763 5180 2084 5249 invidentes,

513 5275 623 5323 non
653 5261 916 5321 dederunt
943 5264 992 5318 ei
1021 5265 1122 5321 nisi
1158 5269 1392 5338 quinque
1437 5269 1620 5324 libras.
1652 5268 1784 5324 Cum
1827 5285 1956 5341 ergo
1996 5288 2087 5326 re-

513 5361 810 5408 verteretur
853 5353 920 5407 de
966 5356 1182 5411 collecta
1226 5356 1356 5428 (55)
1401 5359 1539 5414 idem
1593 5360 2088 5416 honorabilissitnus

514 5444 968 5514 archiepiscOpus,
991 5447 1079 5501 dat
1101 5450 1147 5502 ei
1174 5450 1226 5504 in
1253 5450 1466 5518 scriptis
1488 5452 1679 5506 mulier
1701 5453 1856 5507 vidua
1883 5452 2086 5510 habens

518 5536 730 5599 unicum
777 5536 977 5602 filium,
1020 5539 1260 5592 notitiam
1307 5541 1446 5594 xeuii
1491 5540 1607 5614 ('54)
1640 5545 1872 5612 quinque
1903 5555 2087 5599 cente-

516 5628 784 5696 nariorum
815 5631 952 5685 auri.
984 5631 1116 5685 Cum
1159 5639 1336 5685 autem
1375 5635 1731 5703 suscepisSt-t,
1757 5645 1810 5690 et
1853 5636 2088 5691 honora-

517 5721 623 5791 bile
664 5731 927 5792 secretum
966 5722 1282 5790 dimisisset,
1314 5727 1630 5782 convocavit
1672 5727 2088 5801 dispensatores,

2181 4644 2303 4683 eum
2330 4647 2343 4682 :
2373 4630 2487 4684 Non
2508 4631 2705 4699 justum
2729 4640 2812 4687 est
2838 4642 2893 4686 ut
2919 4635 3171 4700 arbitror,
3197 4636 3407 4690 domine
3438 4637 3654 4703 patrici,
3685 4653 3748 4694 ea

2182 4736 2301 4790 quae
2367 4722 2730 4790 supercmlesti
2769 4723 2895 4793 Regi
2925 4725 3104 4778 oblata
3134 4735 3289 4788 sunt,
3325 4729 3562 4782 terrestri
3600 4730 3748 4784 dare.

2183 4810 2240 4865 Si
2270 4826 2395 4865 vero
2427 4820 2482 4866 et
2523 4813 2742 4868 omnino
2770 4817 2876 4868 tate
2906 4814 3104 4883 aliquid
3131 4816 3413 4886 judieasti,
3443 4819 3623 4882 crede,
3657 4821 3755 4874 hu-

2185 4899 2326 4955 milis
2369 4901 2600 4956 Joannes
2627 4918 2691 4956 ex
2736 4903 2814 4957 eis
2860 4919 3132 4958 nummum
3174 4921 3279 4960 non
3312 4907 3462 4961 dabit
3508 4909 3636 4972 tibi;
3664 4911 3754 4963 sed

2193 5003 2318 5043 ecce
2346 4990 2446 5043 sub
2476 4990 2661 5044 humili
2713 4990 2905 5045 lectulo
2948 5008 3066 5046 meo
3095 5003 3177 5047 est
3221 4996 3480 5062 apotheca
3529 4996 3754 5062 Christi,

2195 5087 2253 5131 ut
2281 5080 2510 5136 volueris
2542 5080 2642 5135 fac.
2675 5080 2911 5151 Surgens
2933 5082 3108 5150 itaque
3138 5085 3316 5138 statim
3357 5087 3630 5155 patricius,
3665 5102 3756 5139 vo-

2194 5177 2279 5221 cat
2306 5168 2374 5223 de
2400 5170 2510 5224 suis
2553 5167 2856 5224 hominibus
2882 5172 2970 5240 qui
3012 5183 3225 5241 portare
3257 5175 3548 5240 deberent,
3575 5185 3628 5228 et
3656 5177 3761 5230 im-

2196 5262 2342 5331 ponit
2381 5276 2543 5330 super
2583 5277 2676 5316 eos
2713 5264 2962 5330 pecunias
3009 5273 3173 5331 totas,
3215 5280 3320 5320 non
3369 5268 3672 5336 relinquens
3702 5283 3763 5322 ex

2194 5353 2275 5409 eis
2301 5356 2400 5409 nisi
2428 5369 2588 5410 unum
2615 5358 3001 5413 centenarium.
3031 5357 3095 5412 Et
3122 5373 3243 5414 cum
3269 5358 3654 5414 descenderent
3681 5361 3765 5426 qui

2192 5448 2474 5517 portabant
2499 5448 2800 5519 bujusmodi
2828 5451 3105 5518 pecuniam
3123 5492 3140 5519 ,
3165 5452 3529 5508 ascendebant
3549 5453 3763 5523 quidam

2193 5541 2283 5595 alii
2314 5550 2582 5610 portantes
2613 5541 2831 5611 pusillas
2860 5542 3191 5610 lagunculas,
3227 5543 3485 5598 habentes
3513 5543 3762 5612 pecunias

2197 5633 2388 5689 missas
2416 5634 2730 5702 patriarcha:
2755 5633 2821 5690 de
2848 5633 3046 5699 Africa,
3075 5635 3466 5704 superscriptas
3495 5635 3626 5689 alias
3655 5635 3766 5702 qni-

2197 5724 2316 5790 dem
2348 5742 2454 5789 unt.
2484 5741 2749 5793 orrum,
2789 5724 2921 5787 alias
2949 5737 3125 5782 autem
3168 5743 3274 5782 ater.
3301 5743 3417 5782 sur.
3448 5741 3604 5780 FUIIO.
3637 5725 3764 5778 Cum
