4016 6274
452 337 548 392 '55]

1494 332 1578 385 DE
1620 330 1798 384 Vl'l‘lS
1840 327 2116 381 PATRUM
2162 327 2364 381 LIBER
2406 329 2678 386 PRIMUS.

3621 335 3723 393 552

454 470 573 521 pam
600 449 937 514 cadentibus,
971 450 1070 504 hoc
1099 458 1199 513 est,
1235 463 1449 501 manum
1485 448 1536 500 in
1566 447 1879 500 alterutrum
1912 443 2034 512 inji-
2064 449 2106 504 A
2209 440 2338 495 Car.
2388 443 2527 499 XIV.
2554 474 2623 484 —
2644 444 2838 500 Deiferi
2882 445 3093 514 quidam
3143 458 3451 504 sanctorum
3504 451 3723 508 Patrum

451 545 735 610 cit'ltlibtts,
773 546 869 598 hos
897 541 1379 598 excomntunicavit
1424 540 1680 595 canonice
1712 553 1805 607 per
1832 536 2033 605 aliquot

451 636 591 689 dies.
627 634 827 688 Horum
859 633 1076 702 quidem
1112 646 1246 684 unus
1275 630 1502 684 libenter
1533 628 1767 696 suscepit
1790 627 2034 693 increpa-

454 724 678 792 tionem,
708 735 762 779 et
792 723 1040 793 cognovit
1081 722 1290 790 culpam
1320 735 1470 773 suam
1498 735 1512 782 ;
1541 720 1675 772 alter
1720 731 1848 771 vero
1886 716 2036 769 mali-

455 821 625 873 tiosus
651 818 909 881 existens,
941 814 1178 883 gaudens
1206 821 1533 881 praeceptum
1563 808 1819 876 suscepit.
1869 806 2035 858 Occa‘

453 915 659 966 sionem
691 912 830 964 enim
857 909 1133 978 quaerebat
1157 906 1343 967 miser,
1374 919 1441 957 ne
1469 898 2036 979 iitgrederctur.eccle-

455 1005 610 1070 siam,
643 1003 737 1056 sed
762 999 1028 1053 licentiam
1055 998 1273 1051 haberet
1303 993 1687 1064 perseverandi
1711 993 1762 1046 in
1792 991 2033 1046 nefandis

456 1094 661 1146 actibus
694 1093 827 1144 suis.
872 1088 1204 1142 Irascebatur
1226 1094 1405 1139 autem
1452 1092 1640 1137 contra
1672 1091 1911 1137 sanctum
1946 1096 2038 1149 pa-

461 1182 770 1242 triarcbam,
829 1190 882 1231 et
936 1185 1193 1246 quantum
1247 1176 1299 1228 in
1360 1188 1419 1228 se
1448 1182 1587 1239 erat,
1637 1172 1941 1225 minabatur
1989 1170 2039 1224 ei

460 1281 674 1321 nocere.
722 1265 947 1329 Quidam
988 1278 1115 1316 vero
1159 1261 1431 1321 dicebant,
1480 1269 1534 1312 et
1577 1260 1745 1322 ipsum
1789 1272 1908 1311 esse
1950 1256 2040 1324 qui

459 1358 767 1426 prodiderat
808 1355 1058 1423 pecunias
1091 1354 1345 1407 Ecclesia:
1374 1351 1440 1404 ad
1481 1351 1758 1419 patricium
1800 1348 2039 1403 Nicetam

456 1451 645 1518 (3111).,
679 1466 724 1501 c.
760 1447 871 1517 il),
907 1461 1039 1517 quas
1068 1458 1121 1501 et
1162 1448 1338 1517 rapuit
1367 1462 1550 1509 manu,
1584 1456 1641 1498 ιιι
1670 1443 2039 1513 prmscriptum

457 1552 562 1597 est.
587 1541 898 1596 Nuntiatum
924 1550 1006 1595 est
1031 1542 1190 1611 igitur
1214 1540 1358 1610 quod
1382 1539 1471 1593 ille
1502 1538 1624 1592 mali
1657 1553 1864 1592 memor
1888 1537 2043 1592 mali-

460 1633 586 1687 tiam
631 1643 955 1698 reservaret,
985 1642 1040 1685 et
1090 1648 1196 1686 non
1236 1639 1441 1686 rectam
1472 1645 1598 1699 erga
1640 1630 1854 1683 beatum
1902 1629 2044 1682 hunc

459 1728 787 1778 voluntatem
823 1724 1064 1777 haberet.
1096 1722 1192 1777 Ille
1218 1739 1282 1777 an
1296 1732 1401 1777 tem
1432 1737 1557 1776 vere
1585 1730 1785 1789 pastor,
1833 1734 2040 1773 memor

2136 532 2250 603 (47)
2282 535 2568 591 dixerunt:
2597 538 2921 607 Angelorum
2962 540 3178 609 quidem
3204 551 3288 595 est
3323 543 3628 601 nullatenus
3659 546 3726 599 li-

2138 628 2323 694 tigare,
2355 627 2448 681 sed
2474 629 2525 682 in
2554 629 2859 683 omnimoda
2879 638 2932 684 et
2956 639 3213 699 perpetua
3238 648 3368 702 pace
3389 636 3726 702 consistere;

2138 716 2414 771 hominum
2448 733 2582 773 vero
2609 728 2693 774 est
2740 721 2988 775 altercari
3014 723 3255 791 quidem,
3287 725 3382 778 sed
3429 727 3610 780 statim
3642 743 3729 783 re-

2136 808 2455 874 conciliari;
2507 810 2811 866 dzemonum
2860 822 3037 868 autem
3079 828 3158 869 est
3190 816 3420 886 litigare,
3458 828 3511 872 et
3555 827 3725 874 totum

2137 896 2278 949 diem
2311 900 2538 954 transire
2567 902 3023 957 inreconciliatos.
3060 905 3173 960 Hoc
3204 917 3483 975 propterea
3515 911 3726 979 praefati

2136 1004 2339 1055 sumus,
2372 1005 2639 1049 amatores
2667 992 2887 1062 Christi,
2919 1008 3138 1067 propter
3180 1012 3501 1068 praasentem
3538 1019 3727 1059 narra~

2148 1080 2369 1136 tionem.
2424 1084 2629 1138 Placuit
2679 1086 2800 1142 huic
2840 1088 3129 1158 aliquando
3193 1092 3392 1159 nobili,
3442 1110 3545 1148 uua
3600 1112 3727 1151 cum

2139 1185 2556 1230 commemorato
2584 1176 2768 1232 Niceta
2800 1181 3043 1245 patricio,
3083 1182 3150 1236 de
3170 1184 3398 1252 quadam
3427 1186 3635 1255 publica
3669 1204 3733 1242 re

2142 1267 2412 1321 altercari.
2460 1270 2647 1325 Modus
2687 1282 2864 1325 autem
2907 1274 3060 1343 litigii
3110 1284 3226 1329 erat
3275 1277 3427 1343 talis;
3482 1294 3734 1334 necessa-

2144 1361 2283 1414 rium
2324 1371 2408 1416 est
2437 1363 2578 1416 enim
2611 1363 2811 1430 dicere,
2862 1379 2983 1419 cum
3015 1366 3084 1420 sit
3113 1367 3309 1421 animae
3339 1369 3486 1425 utilis
3511 1387 3524 1423 :
3554 1372 3735 1424 Patri—

2143 1456 2257 1509 cius
2287 1456 2502 1526 quidem
2535 1457 2822 1525 disponere
2870 1459 3085 1514 volebat
3114 1459 3287 1514 forum
3329 1472 3547 1532 propter
3576 1463 3733 1518 lucra

2144 1546 2392 1615 publica;
2429 1548 2731 1616 patriarcha
2761 1559 2941 1603 autem
2968 1549 3018 1604 id
3043 1566 3146 1605 non
3180 1553 3499 1621 patiebatur,
3526 1570 3735 1624 paupe-

2145 1653 2264 1691 rum
2294 1639 2350 1691 in
2395 1640 2494 1693 hoc
2523 1654 2816 1708 procurans
2858 1641 3108 1695 salutem.
3139 1644 3359 1698 Multum
3386 1661 3515 1715 ergo
3542 1657 3737 1701 contra

2146 1740 2206 1780 se
2235 1738 2441 1781 secreto
2482 1730 2871 1784 contendentes
2898 1729 3040 1802 (48),
3073 1741 3127 1786 et
3167 1732 3484 1789 inﬁexibiles
3514 1751 3743 1790 manen-

462 1814 591 1870 dicti
658 1817 799 1870 illius
827 1834 840 1869 :
867 1816 996 1881 Quis
1037 1816 1360 1882 inﬁrmatur,
1409 1826 1463 1870 et
1514 1830 1610 1884 ego
1654 1830 1760 1868 non
1802 1814 2042 1868 inﬁrmor
2075 1812 2119 1871 Β
2152 1826 2248 1882 tes,
2285 1827 2628 1873 recesserunt
2667 1819 2825 1873 ambo
2855 1821 2923 1875 ab
2951 1821 3174 1875 invicem
3205 1823 3323 1877 irati
3361 1834 3413 1878 et
3440 1824 3740 1879 irreconci-

462 1911 551 1984 (11
585 1913 703 1966 Cor.
744 1914 858 1981 xi)?
906 1920 962 1965 et
1012 1912 1243 1965 iterum:
1274 1911 1378 1964 Vos
1435 1909 1525 1979 qui
1572 1917 1817 1978 potentes
1868 1908 2037 1975 estis,

460 2009 668 2063 debetis
717 2010 1057 2061 infirmitates
1101 2008 1476 2077 impotentium
1525 2018 1743 2076 portare
1775 2004 1919 2078 (Gal.
1953 2021 2042 2071 v1;

462 2101 617 2154 Rom.
651 2102 762 2169 xv),
797 2101 964 2153 voluit
995 2100 1137 2153 hunc
1158 2101 1444 2163 accersire,
1477 2109 1532 2154 et
1572 2100 1829 2154 decenter
1856 2098 2044 2152 admo-

462 2205 613 2253 nere,
645 2200 697 2245 et
724 2192 935 2245 solvere
963 2205 1082 2244 eum
1112 2190 1179 2242 ab
1219 2190 1804 2255 excommunicatione;
1837 2189 2051 2244 videbat

464 2284 607 2335 enim
640 2280 821 2349 lupum
855 2290 1137 2335 conantem
1184 2296 1373 2348 rapere
1415 2295 1591 2335 ovem.
1639 2280 2049 2346 Dispensatinne

464 2386 595 2425 vero
628 2372 719 2425 Dei
749 2381 923 2425 actum
950 2380 1031 2424 cst
1058 2380 1113 2424 ut
1145 2371 1507 2424 innotescerct
1535 2370 1784 2424 omnibus
1816 2369 2049 2437 patriar-

468 2460 584 2515 chas
633 2461 915 2514 immemor
959 2461 1082 2514 mali
1123 2461 1357 2514 animus.
1404 2460 1616 2514 Oblitus
1662 2468 1744 2514 est
1786 2460 2051 2515 accersire

467 2567 613 2618 eum,
647 2561 701 2606 et
727 2553 934 2606 solvere
961 2553 1027 2606 ab
1060 2552 1640 2606 exeommnnicatione.
1673 2552 1808 2606 Cum
1835 2567 1960 2620 ergo
1983 2552 2049 2605 ad

469 2654 712 2699 sanctum
748 2646 1077 2699 Dominicum
1108 2645 1246 2700 diem
1274 2646 1625 2712 pervenisset,
1674 2654 1726 2699 et
1754 2655 1940 2698 sancto
1970 2643 2051 2697 al-

464 2736 565 2790 tari
590 2736 845 2790 astitisset
867 2736 1002 2808 (42).
1028 2746 1084 2790 ut
1108 2737 1448 2791 incruentum
1472 2736 1793 2791 sacriﬁcium
1809 2735 2073 2801 olferret,

465 2828 571 2897 jam
628 2828 855 2883 diacono
902 2829 1203 2897 generalem
1261 2827 1557 2883 orationem
1614 2844 1750 2896 pene
1799 2842 2050 2882 consum-

468 2928 668 2983 mante,
700 2928 942 2972 sanctum
997 2921 1171 2974 velum
1203 2920 1505 2975 exaltaturo
1534 2919 1674 2990 (4'5),
1719 2921 1773 2974 in
1816 2930 2050 2975 mentem

469 3009 685 3063 malitiae
715 3010 1045 3065 immemoris
1077 3013 1256 3076 venit;
1288 3025 1341 3065 et
1368 3012 1547 3066 statim
1590 3012 1753 3066 divini
1798 3012 2051 3080 praecepti

468 3106 778 3167 recordans,
807 3103 1095 3156 asserentis
1122 3121 1135 3157 :
1160 3102 1217 3158 Si
1248 3103 1410 3158 oﬂ‘ers
1454 3118 1648 3157 munus
1679 3113 1825 3158 tuum
1865 3088 1932 3158 ad
1970 3104 2050 3157 al—

2147 1906 2280 1961 liati.
2313 1908 2443 1962 Erat
2482 1919 2658 1964 autem
2688 1910 2818 1965 hora
2847 1913 3053 1980 quinta,
3096 1924 3147 1967 et
3170 1916 3378 1982 quidem
3411 1919 3742 1983 patriarchre

2148 2009 2265 2053 erat
2308 1999 2603 2069 refragatio
2645 2009 2700 2055 et
2728 2003 3031 2056 amaritudo
3057 2019 3150 2072 pro
3188 2009 3435 2059 mandato
3468 2007 3585 2073 Dei,
3635 2023 3748 2077 pa-

2152 2091 2288 2145 tricii
2356 2100 2533 2145 autem
2577 2103 2792 2161 propter
2833 2094 3140 2162 pecuniaria
3174 2095 3315 2148 lucra
3346 2108 3482 2151 erat.
3524 2098 3746 2153 Tamen

2150 2181 2225 2235 ait
2250 2182 2571 2251 illejustus:
2604 2199 2776 2253 neque
2813 2200 2907 2252 pro
2956 2186 3286 2250 rationabili,
3326 2203 3499 2257 neque
3530 2205 3625 2257 pro
3658 2190 3745 2243 ir-

2152 2273 2457 2327 rationabili
2505 2275 2787 2329 occasione
2812 2275 2969 2328 debet
3002 2278 3159 2330 homo
3188 2278 3365 2332 irasci.
3404 2279 3748 2336 Adveniente

2152 2380 2283 2434 ergo
2313 2366 2446 2419 hora
2478 2366 2782 2429 undecima,
2828 2368 3045 2421 mandat
3086 2385 3180 2437 per
3209 2370 3742 2443 archipresbyterum

2154 2472 2255 2510 una
2296 2471 2416 2511 cum
2447 2457 2591 2511 clero
2616 2459 2917 2525 patriarcha
2947 2461 3173 2528 patricio
3214 2462 3315 2516 hoc
3355 2462 3569 2532 dignum
3618 2481 3749 2520 me-

2155 2551 2325 2603 moria
2370 2549 2589 2603 verbum
2617 2567 2631 2603 :
2658 2550 2903 2618 Domine,
2956 2553 3036 2607 sol
3075 2552 3141 2607 ad
3183 2569 3432 2609 occasum
3464 2566 3563 2611 est.
3600 2558 3744 2612 Cum

2155 2653 2339 2697 autem
2368 2644 2471 2697 hoc
2498 2644 2719 2698 verbum
2745 2645 2834 2699 ille
2862 2645 3123 2714 audisset,
3156 2662 3263 2701 non
3287 2648 3523 2703 tolerans
3553 2650 3749 2703 cordis

2154 2736 2235 2788 sui
2260 2735 2529 2804 ardorem,
2555 2738 2648 2791 sed
2693 2747 2942 2807 tanquam
2982 2739 3165 2794 divino
3198 2741 3321 2810 igne
3352 2741 3737 2805 inﬂammatus,

2156 2828 2325 2881 sancti
2372 2842 2619 2883 sermone
2645 2840 2997 2901 compunctus
3039 2843 3141 2899 est,
3187 2834 3519 2905 infectusque
3558 2836 3743 2909 lacry-

2157 2917 2255 2970 mis
2278 2918 2453 2971 statim
2479 2927 2619 2973 totus
2650 2920 2818 2975 factus
2839 2932 2921 2976 est
2945 2939 2958 2987 ;
2988 2934 3042 2977 et
3063 2939 3308 2993 surgens,
3336 2927 3482 2979 venit
3506 2926 3570 2979 ad
3601 2927 3741 2981 bea-

2160 3019 2269 3061 tum
2302 3008 2463 3063 hunc.
2490 3010 2656 3075 Quem
2690 3026 2811 3066 cum
2840 3014 3081 3079 vidisset,
3113 3015 3225 3068 ait:
3252 3016 3396 3071 Bene
3418 3017 3631 3082 venisti,
3661 3016 3745 3071 ﬁli

2160 3098 2434 3163 Ecclesiae,
2464 3100 2725 3155 obediens
2750 3102 2863 3156 voci
2893 3102 3009 3172 ejus
3032 3102 3249 3171 (Ep/ws.
3285 3105 3384 3174 tv).
3411 3105 3749 3161 Mittentibus

470 3205 602 3259 tare,
632 3205 684 3249 et
712 3196 780 3248 ibi
810 3196 1121 3252 recordatus
1153 3195 1338 3261 fueris,
1387 3198 1512 3267 quia
1537 3198 1701 3252 frater
1734 3207 1858 3252 tuus
1888 3198 2049 3251 habet
2080 3176 2121 3235 (ἶ
2161 3190 2322 3259 igilur
2364 3191 2625 3245 ambobus
2673 3202 2996 3247 melanoeatn
3024 3195 3165 3267 (i9),
3212 3205 3266 3250 ct
3312 3198 3746 3267 amplexantibus

469 3284 667 3354 aliquid
721 3285 1001 3339 adversum
1075 3296 1167 3353 te,
1225 3287 1468 3355 relinque
1519 3287 1589 3340 ibi
1656 3303 1849 3342 munus
1901 3295 2049 3341 tuum

475 3374 690 3446 (Matth.
724 3376 805 3446 v),
838 3387 966 3441 elc.,
993 3377 1201 3431 intimat
1228 3377 1457 3431 diacono
1487 3374 1698 3432 facienti
1730 3381 2048 3443 orationem,

472 3482 632 3533 quam
663 3466 920 3521 diaconus
960 3469 1151 3521 solitus
1181 3469 1355 3523 facere
1386 3477 1521 3535 erat,
1553 3478 1610 3522 ut
1655 3468 1977 3537 reinciperet
2021 3486 2051 3523 a

472 3563 646 3630 capite
688 3561 838 3631 (44);
880 3572 934 3616 et
981 3563 1025 3617 si
1057 3563 1383 3632 impleretur,
1427 3563 1618 3617 iterum
1654 3564 2053 3632 recapitularet,

476 3669 649 3723 usque
687 3656 813 3708 dum
860 3655 1269 3726 lerveniatejus
1297 3656 1669 3711 sanctiﬁcatio.
1705 3656 1880 3711 Finxit
1910 3660 2052 3712 enim

477 3760 557 3810 se,
592 3754 842 3813 tanquam
876 3748 918 3799 si
958 3762 1079 3801 eum
1111 3749 1316 3802 ventris
1364 3748 1654 3803 necessitas
1685 3749 2052 3815 compulisset.

474 3837 542 3892 Et
569 3840 792 3893 veniens
836 3838 888 3892 in
933 3841 1249 3894 honorabile
1291 3840 1703 3895 cimiliarchium
1731 3841 1872 3911 (45),
1914 3841 2057 3895 misit

474 3931 653 3983 statim
700 3929 810 3983 fere
852 3931 1034 4000 viginti
1086 3931 1556 3998 hebdomadarios,
1608 3941 1909 4002 quaerentes
1946 3934 2056 4002 jam

474 4020 677 4074 dictum
717 4022 841 4074 mali
874 4022 1017 4075 modi
1065 4024 1317 4077 clericum
1348 4023 1488 4095 (46).
1518 4025 1750 4080 Intentio
1779 4024 1920 4079 enim
1965 4039 2056 4093 pa-

480 4112 643 4167 storis
667 4112 780 4166 haec
802 4123 939 4178 erat,
964 4123 1022 4165 ut
1038 4114 1291 4170 educeret
1312 4116 1378 4170 de
1401 4132 1496 4170 ore
1524 4117 1693 4170 leonis
1717 4131 1893 4172 ovem.
1922 4117 2063 4170 Dens

481 4217 632 4269 vero,
667 4204 756 4271 qui
791 4203 1115 4259 voluntatem
1150 4207 1446 4261 timentium
1492 4222 1551 4261 se
1580 4205 1728 4273 facit,
1779 4207 1902 4261 fecit
1949 4222 2059 4276 prie

483 4296 731 4349 manibus
757 4295 982 4349 inveniri
1012 4311 1135 4349 mox
1173 4297 1451 4352 clericum.
1486 4298 1549 4351 Et
1590 4298 1843 4352 veniente
1888 4312 1975 4364 eo,
2010 4308 2063 4350 et

482 4388 695 4442 veritati
745 4388 1103 4443 tesﬁmonium
1152 4391 1511 4457 perhibente,
1563 4388 1711 4459 prior
1759 4391 2060 4457 patriarcha

483 4494 620 4548 genu
666 4478 835 4543 ﬂexit,
886 4480 1358 4550 dicens:lndulge
1400 4480 1551 4547 mihi,
1607 4480 1790 4533 frater.
1852 4480 2065 4535 Veritus

2158 3282 2498 3346 alterutrum,
2528 3283 2803 3337 sederunt.
2854 3286 2915 3338 Et
2946 3289 3192 3353 aperiens
3223 3302 3283 3341 os
3326 3302 3479 3342 suum
3513 3290 3747 3357 patriar—

2158 3374 2279 3441 cha,
2330 3374 2699 3430 dixit:Crede
2750 3377 2903 3441 mihi,
2950 3378 3188 3445 domine,
3238 3382 3335 3434 nisi
3372 3384 3495 3449 quia
3544 3383 3647 3436 vidi
3691 3392 3747 3437 te

2159 3466 2315 3522 valde
2363 3467 2676 3521 tribulatum
2722 3470 2787 3522 de
2829 3469 2949 3533 hoc,
2993 3472 3102 3541 jam
3147 3488 3251 3526 non
3307 3476 3597 3543 pigritarer
3644 3490 3745 3544 ego

2163 3563 2345 3615 venite
2374 3562 2441 3616 ad
2463 3563 2761 3617 claritatem
2800 3574 2964 3617 tuam.
2995 3566 3202 3620 Etenim
3242 3567 3500 3621 Dominus
3526 3579 3582 3621 et
3604 3567 3748 3623 Deus

2162 3662 2345 3708 noster
2376 3656 2489 3723 ipse
2538 3656 2798 3708 circuibat
2827 3654 3066 3709 civitates
3115 3666 3169 3709 et
3194 3657 3413 3710 castella
3442 3668 3495 3712 et
3535 3660 3741 3722 domos,

2160 3744 2425 3797 visitando
2450 3743 2714 3798 homines.
2741 3746 3002 3799 Omnibus
3025 3756 3201 3799 autem
3229 3747 3531 3804 humilitate
3552 3752 3746 3804 summi

2160 3838 2459 3891 sacerdotis
2486 3838 2779 3906 :ediﬁcatis,
2816 3849 2868 3893 et
2897 3838 3250 3893 admiratione
3284 3841 3453 3909 plenis
3473 3887 3487 3910 ,
3528 3858 3749 3912 respou-

2162 3928 2238 3980 dit
2260 3929 2411 4000 187
2428 3928 2493 3982 ad
2513 3944 2633 3983 eum
2655 3929 2905 3998 patricius
2931 3947 2944 3983 :
2968 3930 3158 3997 Crede,
3184 3931 3362 3997 Pater,
3383 3934 3502 4000 quia
3529 3934 3750 3987 ulterius

2167 4034 2273 4072 non
2304 4018 2518 4089 capient
2563 4037 2718 4075 aures
2761 4038 2895 4075 mete
2936 4038 3118 4076 eorum
3149 4025 3331 4088 verba,
3365 4026 3452 4094 qui
3494 4023 3753 4094 litigiosas

2168 4111 2296 4164 mihi
2339 4123 2630 4181 suggerunt
2670 4128 2775 4166 res.
2818 4112 2970 4166 Tunc
3008 4114 3221 4183 sapiens
3259 4115 3447 4169 doctor
3489 4115 3622 4169 dixit
3659 4117 3751 4170 ei:

2168 4199 2360 4270 Crede,
2396 4202 2468 4255 ﬁli
2496 4213 2551 4256 et
2577 4202 2762 4268 frater,
2797 4204 2841 4257 si
2882 4205 3129 4259 omnibus
3178 4205 3259 4259 his
3291 4206 3613 4260 voluerimus
3638 4223 3755 4261 cre-

2167 4294 2319 4360 dere,
2347 4296 2635 4350 multorum
2662 4307 3000 4365 peccatorum
3036 4298 3240 4351 erimus
3264 4299 3487 4365 domini,
3524 4302 3758 4354 maxime

2167 4387 2220 4439 in
2267 4398 2507 4457 tempore
2539 4388 2660 4452 boc,
2711 4391 2924 4457 quando
2957 4388 3080 4443 faeti
3114 4400 3239 4443 sunt
3276 4391 3424 4443 multi
3475 4392 3754 4443 hominum

2173 4480 2396 4534 invicem
2430 4480 2690 4535 odientes.
2736 4481 2999 4534 lilultoties
3049 4486 3193 4534 enim
3243 4495 3294 4535 et
3344 4481 3469 4534 mihi
3515 4481 3753 4536 suadere

483 4586 612 4641 ergo
633 4572 775 4626 illius
806 4573 1120 4626 honorabile
1145 4572 1495 4639 pontificium.
1528 4582 1581 4625 et
1619 4586 1806 4626 eorum
1832 4572 1921 4641 qui
1946 4572 2066 4627 ade-
2099 4561 2146 4619 Ι)
2174 4580 2508 4626 tentaverunt
2556 4572 2606 4626 hi
2659 4574 2749 4641 qui
2798 4574 3154 4643 suggerebant
3201 4572 3329 4625 mihi
3371 4572 3760 4638 dispositiones

485 4673 609 4720 rant
633 4664 992 4734 praesentiam,
1021 4665 1186 4733 magis
1210 4679 1340 4719 vero
1368 4665 1561 4718 timens
1578 4664 1839 4732 judicium
1873 4665 1984 4730 Dei,
2011 4674 2066 4720 et

489 4761 713 4814 horrens
746 4774 813 4813 ne
850 4761 985 4813 forte
1028 4759 1382 4813 descenderet
1428 4760 1564 4825 ignis
1594 4760 1660 4813 de
1698 4760 1837 4815 coelo
1876 4760 2063 4814 eadem

491 4853 621 4906 hora
677 4860 733 4906 et
782 4860 1121 4905 consumeret
1174 4865 1319 4915 eum,
1378 4851 1644 4906 videntem
1700 4851 2064 4905 honorandam

487 4945 635 5000 illam
676 4944 925 4998 canitiem
977 4944 1120 4997 humi
1159 4943 1445 5011 jaCentem,
1494 4959 1633 5013 genu
1666 4943 1815 4999 ﬁexit
1854 4954 1907 4998 et
1932 4944 2066 5011 ipse,

488 5047 678 5106 petens
710 5036 918 5090 veniam
949 5045 1004 5089 et
1032 5038 1473 5091 misericordiam.
1511 5038 1580 5091 Et
1608 5036 1818 5091 dicente
1844 5036 2071 5105 patriar-

489 5128 631 5180 cha:
662 5127 800 5180 Deus
832 5128 987 5181 nobis
1034 5129 1284 5183 omnibus
1315 5129 1605 5199 indulgeat,
1640 5136 1991 5182 surrexerunt
2020 5136 2073 5181 et

491 5218 717 5288 ingressi
768 5230 891 5272 sunt
920 5222 1077 5275 ambo
1123 5222 1434 5280 ecclesiam:
1475 5232 1526 5277 et
1566 5231 1691 5277 tunc
1737 5236 1859 5275 cum
1901 5221 2074 5275 multo

494 5313 690 5382 gaudio
720 5322 771 5367 et
803 5314 981 5367 lmtitia
1038 5316 1207 5370 astitit
1254 5325 1443 5370 sancto
1477 5315 1652 5385 altari,
1708 5330 1829 5370 cum
1878 5314 2075 5368 munda

494 5405 821 5460 conscientia
854 5408 1035 5461 valens
1064 5406 1244 5462 dicere
1267 5408 1409 5462 Deo:
1438 5408 1657 5462 Dimitte
1702 5406 1855 5461 nobis
1896 5405 2076 5459 debita

493 5507 698 5559 nostra,
739 5499 876 5552 sicut
906 5509 961 5552 et
987 5512 1086 5551 nos
1134 5497 1451 5553 dimittimus
1491 5496 1824 5553 debitoribus
1872 5497 2074 5554 nostris

495 5591 710 5652 (Matth.
743 5592 839 5650 vti.
869 5592 943 5646 Ita
987 5601 1164 5645 autem
1218 5606 1346 5646 sana
1390 5607 1454 5646 ex
1493 5604 1615 5647 tunc
1662 5601 1717 5647 et
1755 5601 2074 5661 compuncta

493 5695 674 5739 mente
703 5685 873 5739 factus
902 5690 986 5735 est
1011 5682 1175 5735 lector
1205 5681 1313 5746 ille.
1354 5692 1413 5738 ut
1443 5684 1759 5753 presbyterii
1790 5698 2075 5738 consecra-

496 5775 641 5830 tione
663 5774 820 5843 potiri
848 5783 1164 5828 mereretur.

2175 4678 2391 4727 rerum;
2436 4675 2489 4717 et
2536 4680 2656 4717 cum
2706 4665 2937 4719 facerem
2988 4681 3133 4735 stepe
3182 4671 3362 4734 ﬁnem,
3412 4675 3470 4723 ut
3504 4666 3764 4722 seductus

2174 4754 2399 4818 fueram,
2434 4755 2772 4823 postmodum
2812 4758 2901 4811 alii
2934 4759 3148 4828 quidam
3195 4760 3550 4830 suggerebant
3600 4758 3763 4826 mihi,

2176 4850 2318 4917 quod
2346 4847 2537 4904 fuerim
2568 4851 2821 4918 deceptus
2852 4854 2900 4906 in
2934 4855 3188 4922 Capilttlo;
3223 4872 3342 4909 cum
3374 4870 3501 4924 ergo
3525 4856 3767 4909 secundo

2177 4951 2230 4993 et
2260 4942 2416 4995 tertio
2441 4942 2540 4996 hoc
2565 4941 2782 4997 fuissem
2828 4958 3131 5012 perpessus,
3164 4945 3286 5001 dedi
3333 4947 3616 5001 terminum
3660 4946 3733 5001 mi

2180 5032 2448 5101 ltimetipsi
2486 5034 2690 5102 absque
2718 5044 3065 5103 utrorumque
3096 5048 3266 5105 parte,
3322 5053 3389 5093 ne
3418 5038 3598 5092 darem
3630 5037 3764 5090 deﬁ-

2179 5128 2436 5181 nitionem
2482 5128 2586 5181 alio
2630 5129 2682 5181 in
2713 5129 2967 5197 capitulo.
3002 5131 3151 5196 Quod
3200 5133 3243 5184 si
3274 5131 3365 5200 qui
3408 5130 3766 5201 suggerebant

2148 5218 2332 5284 'mihi,
2376 5223 2759 5289 mentirentur,
2814 5221 2912 5290 ipsi
2968 5237 3177 5289 pmnam
3236 5222 3552 5285 solverent,
3599 5236 3765 5290 quam

2178 5322 2458 5365 accusatus
2488 5309 2676 5378 ferret,
2710 5311 2756 5366 si
2805 5323 2990 5366 contra
3032 5328 3151 5366 eum
3185 5312 3449 5366 calumnia
3499 5312 3768 5366 veraciter

2182 5404 2370 5460 fuisset
2398 5405 2611 5474 injecta.
2643 5406 2711 5458 Et
2735 5420 2798 5459 ex
2824 5405 3009 5459 eadem
3042 5406 3127 5459 die
3162 5405 3461 5474 improvide
3482 5419 3768 5474 suggerere

2182 5494 2312 5549 mihi
2340 5505 2524 5548 contra
2553 5494 2783 5562 aliquem
2816 5495 3035 5548 omnino
3076 5496 3273 5562 aliquid
3310 5495 3489 5548 nullus
3514 5495 3623 5562 jam
3669 5508 3772 5547 au-

2182 5603 2298 5642 sum
2327 5585 2511 5653 habet,
2538 5590 2678 5656 quod
2720 5589 2956 5657 deposco
2987 5599 3038 5644 et
3084 5603 3279 5641 moneo
3327 5602 3576 5657 magnum
3608 5585 3771 5638 deco-

2181 5697 2294 5736 rem
2325 5689 2492 5747 luum,
2522 5681 2616 5747 ﬁli,
2665 5682 2915 5737 similiter
2943 5684 3138 5738 facere.
3165 5684 3319 5751 Saepe
3341 5682 3483 5736 enim
3516 5691 3565 5735 et
3590 5677 3775 5733 cmdes

2185 5774 2412 5842 injustas
2444 5773 2665 5859 faciunt,
2696 5774 2786 5843 qui
2832 5773 3209 5830 sublimitatem
3244 5774 3502 5828 creditam
3550 5772 3773 5834 habent,
