4016 6226
183 346 292 377 ιιυι)

1133 314 1290 371 VITA
1329 311 1575 370 SANC'II
1614 309 1896 366 JOANNIS
1940 310 2525 368 ELEEMOSYNARII.

3370 313 3474 368 55's

180 436 229 488 si
266 433 462 488 fuerint
490 429 675 486 verbis
720 429 982 484 suasoriis
1023 427 1301 491 commoti,
1335 433 1389 480 et
1417 425 1461 478 si
1505 424 1621 478 sine
1663 437 1783 476 cru«
1814 423 1862 480 Α
1893 424 2170 476 tummodo
2195 423 2620 477 controversiam
2644 423 2852 477 astabat
2877 433 3000 479 tunc
3027 425 3260 494 pontifex
3289 434 3480 481 sancto

179 528 329 581 ciatn
388 524 688 580 reciderint
742 538 862 591 quae
911 520 975 575 ad
1005 535 1099 576 eos
1150 519 1368 574 veniunt
1412 516 1666 586 capitula.
1718 516 1782 568 Et

182 618 448 688 patricius
505 625 758 686 tanquam
815 630 843 668 a
895 614 1007 668 Deo
1053 615 1256 681 jussus,
1307 624 1492 681 pactus
1534 620 1619 664 est
1664 611 1781 680 ejus

181 709 501 763 mandatum
533 721 594 760 se
623 705 896 761 custodire
921 704 1067 757 omni
1099 712 1336 772 tempore
1358 702 1608 758 illa'sum.

259 797 393 852 CAP.
425 796 544 850 XV.
585 825 656 834 —
688 795 790 848 Iste
819 793 1185 847 memorabilis
1231 791 1458 845 habebat
1501 791 1782 860 quemdam

183 899 467 960 nepotem,
492 886 710 941 nomine
741 884 1030 953 Georgium
1065 884 1200 954 (50).
1233 884 1347 940 Una
1381 885 1555 950 itaque
1579 882 1784 935 dierum

185 981 390 1036 faciens
458 980 561 1034 iste
613 994 735 1033 cum
790 977 1020 1046 quodam
1071 976 1306 1030 civitatis
1365 976 1784 1029 tabernariorum

185 1075 385 1142 rixam,
409 1073 668 1128 conviciis
699 1072 765 1126 ab
789 1087 852 1124 eo
880 1085 1068 1124 severe
1091 1070 1316 1124 affectus
1338 1079 1421 1124 est
1447 1088 1460 1124 :
1488 1069 1574 1138 qui
1603 1081 1785 1122 amare

185 1167 400 1232 dolens,
436 1180 542 1218 non
575 1163 748 1217 solum
781 1162 903 1231 quia
939 1161 1151 1229 publice
1176 1204 1190 1228 ,
1241 1175 1426 1215 verum
1459 1160 1620 1213 etiam
1662 1159 1783 1228 quia

188 1274 216 1311 a
249 1258 422 1312 viliori
474 1256 833 1310 inhonoratos
879 1262 1043 1319 esset,
1083 1255 1316 1308 maxime
1345 1268 1492 1316 vero,
1521 1251 1642 1321 quia
1672 1259 1788 1306 erat

189 1367 357 1419 nepos
385 1351 739 1419 patriarchae,
787 1349 950 1401 subiit
991 1347 1059 1400 ad
1089 1362 1211 1402 eum
1245 1348 1295 1400 in
1326 1345 1600 1410 conclavi,
1629 1359 1694 1398 eo
1735 1347 1787 1398 in

185 1453 395 1497 secreto
421 1451 683 1508 morante,
719 1441 850 1494 tiens
881 1444 1250 1493 vehementer.
1279 1437 1413 1492 Cum
1438 1446 1615 1491 autem
1643 1438 1788 1490 hunc

189 1535 265 1590 ita
311 1542 633 1589 aestuantem
670 1545 723 1587 et
772 1534 1152 1602 fat-rymantem
1202 1530 1425 1585 vidisset
1473 1528 1787 1582 mitissimus

192 1626 514 1697 patriarcha,
547 1626 844 1696 interrogat
865 1639 1078 1679 causam
1102 1622 1390 1677 detinentis
1407 1636 1526 1676 eum
1551 1621 1789 1674 anxieta-

195 1721 291 1785 εἰς,
339 1719 477 1773 scire
506 1718 644 1772 hanc
671 1718 880 1770 volens.
925 1715 1165 1784 Cumque
1209 1714 1301 1768 ille
1329 1729 1436 1766 non
1468 1720 1649 1782 posset
1678 1726 1786 1780 pra:

1887 515 2079 582 altari;
2121 515 2248 584 quid
2279 531 2407 569 vero
2442 515 2600 569 vellet
2634 514 2840 578 facere,
2895 515 3024 569 nulli
3055 516 3304 570 credidit.
3335 518 3470 570 Cum

1887 624 2015 676 ergo
2044 610 2284 662 venisset
2327 609 2584 662 diaconus
2617 608 2921 668 Damianus.
2975 616 3034 662 ut
3084 609 3380 674 susciperet
3411 609 3480 662 ab

1887 719 1952 756 eo
1982 708 2219 756 sanctam
2247 702 2679 754 communionem
2713 701 3003 754 secundum
3045 701 3320 766 proiiriutn
3352 714 3475 765 gra-

1887 793 2033 856 dum,
2062 792 2228 845 tenuit
2256 807 2469 844 manum
2494 791 2632 845 illius
2661 791 2750 845 ille
2778 804 3009 857 sanctus,
3039 799 3093 844 et
3131 791 3264 843 dixit
3293 809 3303 842 :
3334 789 3479 844 Vade

1891 884 2036 952 prius
2068 883 2399 938 reconciliari
2449 883 2596 936 fratri
2630 892 2756 949 tuo;
2788 893 2843 938 et
2892 893 3018 937 tunc
3046 885 3292 944 veniens,
3319 881 3480 951 digne

1890 964 2102 1044 suscipe
2134 976 2499 1039 immaculata,
2550 977 2831 1029 immemor
2862 975 3100 1040 malitiae,
3135 974 3334 1028 Christi
3366 988 3482 1045 my-

1891 1069 2076 1124 steria.
2111 1069 2393 1123 lleveritns
2420 1084 2548 1140 ergo
2590 1083 2770 1134 coram
2813 1077 2957 1123 tanta
2989 1068 3327 1122 multitudine
3366 1067 3517 1137 cIe-_

1890 1161 2125 1215 ricorum
2177 1161 2550 1216 contradicere
2583 1161 2686 1226 illi,
2718 1162 2951 1215 maxime
2983 1161 3032 1214 in
3081 1160 3169 1214 tali
3202 1160 3318 1214 loco
3347 1168 3400 1214 et
3430 1160 3482 1212 in

1894 1253 1980 1305 tali
2016 1253 2278 1306 horrenda
2315 1255 2465 1320 hora,
2499 1253 2788 1322 spopondit
2817 1253 2917 1306 hoc
2946 1252 3138 1320 facere,
3177 1258 3232 1306 et
3257 1261 3381 1305 tunc
3412 1251 3482 1304 de

1892 1341 2091 1396 sanctis
2119 1344 2388 1412 mysteriis
2416 1343 2564 1397 dedit
2601 1344 2668 1398 ei.
2704 1344 2864 1412 Igitur
2893 1358 2957 1396 ex
2990 1353 3115 1396 tunc
3138 1355 3327 1396 omnes
3369 1341 3482 1396 cle-

1892 1433 1987 1486 rici
2017 1442 2071 1487 et
2102 1432 2219 1487 laici
2252 1434 2625 1488 custodiebant
2655 1449 2736 1498 se,
2767 1449 2834 1487 ne
2859 1435 2997 1487 inter
3027 1448 3083 1486 se
3113 1433 3368 1485 malitiam
3399 1447 3482 1485 re-

1891 1521 2146 1587 tinerent,
2175 1521 2422 1576 timentes
2445 1538 2510 1576 ne
2531 1531 2586 1576 et
2609 1523 2751 1590 ipsos
2773 1520 3144 1588 confunderet,
3186 1520 3482 1589 triumpha-

1891 1621 2079 1679 retque
2111 1612 2560 1682 quemadmodum
2592 1624 2646 1666 et
2672 1613 2818 1666 illum
2851 1612 3155 1666 diaconum.

1962 1701 2090 1756 CAP.
2126 1702 2288 1756 XVII.
2317 1733 2387 1744 —
2433 1703 2672 1757 Habebat
2717 1703 2928 1770 quidem
2978 1700 3348 1756 sanctissimus
3397 1699 3484 1755 hic

198 1812 579 1875 amaritudine,
630 1826 751 1880 qua}
799 1808 1228 1864 circumdederat
1271 1797 1432 1871 eum.
1481 1805 1782 1874 exprimere
1812 1797 1858 1858 Β
1897 1794 1982 1848 νὴ*
2009 1795 2287 1849 scientiam
2319 1795 2620 1850 divinarum
2667 1794 3095 1863 Scripturarum;
3148 1808 3251 1846 IIOII
3300 1800 3479 1846 autem

199 1919 522 1964 sermonem,
549 1903 602 1956 hi
635 1903 724 1970 qui
758 1910 950 1970 ιπει-ςιο
985 1901 1198 1955 fuerunt
1226 1899 1440 1970 quando
1469 1914 1592 1953 eum
1619 1899 1786 1953 exho-

195 1993 368 2046 norari
398 2008 429 2047 a
481 1993 813 2063 negetiatore
851 1995 1191 2061 contigerat,
1235 2001 1514 2060 coeperunt
1557 1991 1785 2045 recitare

193 2085 598 2155 archiepiscopo
635 2099 846 2140 causam
885 2102 896 2137 :
941 2086 1002 2138 Et
1043 2087 1164 2153 quia
1212 2099 1316 2138 nou
1364 2083 1649 2148 debuerat,
1701 2081 1784 2134 in-

191 2176 425 2244 quiunt,
474 2175 544 2228 ita
575 2173 824 2230 sanctitas
866 2183 1042 2228 vestra
1087 2173 1392 2239 contemni,
1443 2183 1500 2226 ut
1543 2173 1786 2240 proprios

197 2280 329 2319 suos
361 2281 423 2318 ac
457 2266 778 2336 propinquos
806 2264 1120 2334 adespectis
1159 2265 1481 2320 exhonorari
1513 2272 1786 2333 pateretur

193 2355 526 2410 hominibus.
562 2357 651 2410 Ille
698 2367 870 2409 autem
901 2371 1059 2410 vetus
1090 2356 1361 2421 medicus,
1397 2356 1580 2410 volens
1614 2355 1784 2423 primo

194 2447 353 2500 veluti
385 2447 680 2516 emplastro
727 2447 955 2514 quodam
997 2462 1186 2502 curare
1217 2445 1423 2516 nepotis
1452 2445 1533 2499 sui
1565 2445 1780 2512 furiam,

198 2553 246 2593 et
277 2551 449 2594 tamen
494 2552 745 2609 tanquam
779 2540 922 2594 ferro
969 2540 1282 2594 incisionem
1313 2549 1367 2593 et
1411 2538 1781 2592 liberationem

203 2632 480 2701 passionis,
515 2647 610 2699 per
655 2631 1110 2701 sapientissimum
1143 2646 1203 2686 os
1232 2645 1385 2685 suum
1418 2629 1541 2683 huic
1566 2629 1781 2696 afferre,

202 2722 384 2775 talibus
425 2721 606 2776 verbis
637 2724 805 2788 ccepit
827 2723 1169 2793 exstinguere
1193 2722 1458 2786 morbum,
1481 2731 1535 2775 et
1560 2722 1737 2775 dicere
1766 2738 1780 2774 :

199 2811 490 2867 Etcmnino
512 2828 676 2867 ausus
693 2822 779 2868 est
799 2813 989 2881 aliquis
1009 2829 1068 2868 os
1090 2815 1318 2883 aperire,
1341 2824 1392 2868 et
1417 2814 1784 2868 contradicere

198 2906 326 2960 tibi?
358 2907 548 2969 Crede,
585 2906 655 2958 fili
687 2909 778 2970 mi,
811 2906 948 2974 patri
981 2916 1091 2970 tuo,
1118 2906 1369 2976 quoniam
1417 2904 1605 2960 faciam
1637 2907 1687 2960 in
1719 2922 1783 2960 eo

196 2997 355 3052 hodie
385 3012 522 3061 rem,
551 3007 606 3051 ut
638 3006 747 3051 tota
792 2997 1114 3053 Alexandria
1156 2997 1397 3052 miretur.
1429 2997 1670 3065 Cumque
1701 2998 1779 3051 vi-

194 3093 358 3144 disset
375 3105 496 3145 eum
519 3090 816 3144 remedium
847 3090 1136 3159 recepisse,
1161 3097 1216 3143 et
1238 3089 1504 3144 tristitiam
1536 3100 1781 3144 cunctam

1897 1886 2055 1956 188
2086 1886 2137 1940 in
2169 1887 2428 1953 sapientia
2478 1887 2762 1949 sermonis,
2816 1885 2912 1938 has
2959 1895 3206 1953 tanquam
3239 1899 3302 1937 ex
3337 1882 3481 1937 inani

1891 1977 2057 2046 gloria
2091 1979 2401 2032 memoriter
2422 1979 2627 2045 dicens,
2657 1979 2748 2033 sed
2776 1993 2867 2044 per
2895 1977 3136 2031 eamdem
3163 1976 3329 2043 ipsam
3352 1989 3481 2044 0pc-

1889 2084 2006 2122 rum
2037 2072 2324 2139 actionem,
2359 2081 2412 2124 et
2441 2071 2816 2126 mandatorum
2845 2070 3310 2132 observationem;
3342 2077 3397 2121 et
3426 2068 3478 2122 in

1889 2170 2099 2215 secreto
2147 2163 2442 2231 quotidiani
2474 2163 2683 2218 consilii
2735 2163 2816 2215 sui
2850 2162 3026 2214 nullus
3063 2175 3242 2214 sermo
3272 2159 3478 2212 o:i0sus

1892 2252 2242 2318 audiebatur,
2276 2254 2380 2306 nisi
2414 2255 2548 2308 forte
2593 2252 2859 2306 ordinatio
2910 2252 2984 2304 rei
3017 2251 3187 2304 civilis
3216 2249 3477 2316 exigeret,

1887 2340 1982 2394 sed
2005 2352 2096 2395 aut
2121 2343 2406 2396 relationes
2430 2352 2734 2395 sanctorum
2760 2342 2998 2406 Patrum,
3024 2348 3114 2392 aut
3135 2337 3480 2407 scripturales

1887 2434 2229 2503 quaestiones,
2264 2442 2356 2488 aut
2382 2435 2680 2503 dogmatit-a
2713 2433 3063 2501 problemata,
3094 2423 3314 2501 propter
3342 2431 3479 2484 mul-

1889 2529 2169 2583 titudinem
2221 2543 2318 2582 nec
2351 2527 2800 2580 nominandorum
2850 2523 3222 2577 haereticorum
3271 2521 3362 2591 qui
3393 2536 3476 2575 re-

1885 2622 2096 2690 gionem
2148 2619 2630 2673 circumdederant.
2682 2617 2737 2672 Si
2787 2631 2913 2670 vero
2941 2615 3100 2668 alicui
3147 2612 3341 2682 aliquis
3379 2612 3474 2666 de-

1889 2711 2100 2766 trahere
2132 2711 2419 2780 inciperet,
2473 2709 2612 2763 hunc
2645 2705 2941 2777 patriarcha
2983 2720 3075 2773 per
3106 2704 3329 2757 alteram
3361 2716 3476 2757 ser-

1887 2806 2299 2860 mocinationem
2320 2845 2334 2869 ,
2370 2815 2426 2857 ut
2455 2803 2688 2871 sapiens,
2724 2799 2999 2871 ingeniose
3031 2795 3379 2855 removebat;
3421 2802 3477 2849 et

1884 2898 1928 2952 si
1963 2900 2151 2951 iterum
2187 2906 2552 2964 permaneret,
2603 2893 2732 2947 nihil
2765 2892 2978 2961 quidem
3011 2889 3060 2942 ei
3090 2887 3331 2949 dicebat;
3383 2886 3477 2940 sed

1888 2989 2028 3043 hunc
2050 2998 2332 3053 annotans,
2368 2985 2708 3054 praecipiebat
2735 2980 3152 3036 hebdomadario
3179 2994 3245 3032 ne
3273 2977 3477 3031 sineret

1889 3081 2112 3132 ulterius
2138 3094 2258 3132 eum
2304 3079 2502 3130 intrare
2533 3089 2652 3128 cum
2685 3074 2765 3125 his
2796 3073 2884 3140 qui
2915 3069 3316 3134 nuntiabantur,
3347 3081 3475 3137 qua-

196 3182 518 3254 projecisse,
563 3191 835 3249 putantem
881 3157 1126 3236 videlicet
1171 3181 1312 3251 quod
1371 3191 1551 3249 ageret
1597 3192 1781 3236 contra

1902 3183 2042 3220 ,enns
2070 3183 2161 3235 per
2191 3182 2311 3219 eum
2345 3175 2568 3220 carteros
2605 3169 2928 3230 temperaret
2957 3170 3114 3229 atque
3144 3157 3404 3211 erudiret.

195 3290 312 3328 eum
343 3273 433 3343 qui
462 3288 521 3327 se
551 3272 891 3328 contumeliis
917 3272 1192 3338 affecerat,
1227 3282 1282 3326 et
1311 3272 1508 3326 faceret
1539 3288 1660 3326 eum
1693 3274 1787 3327 lla-

194 3364 376 3432 geIIat‘i
407 3378 504 3432 per
533 3379 654 3416 eum
687 3362 778 3432 qui
816 3377 977 3432 super
1019 3363 1189 3416 forum
1220 3371 1336 3416 erat
1359 3362 1704 3431 consumtus,
1735 3374 1789 3416 et

196 3457 356 3510 variis
380 3454 592 3525 pompis
618 3455 982 3523 dehonestari,
1011 3454 1141 3509 dicit
1169 3455 1238 3518 ei,
1258 3453 1579 3508 deosculans
1605 3467 1788 3521 peetus

193 3551 361 3620 ipsius
393 3568 408 3604 :
438 3547 539 3602 Fili
565 3541 734 3614 mi,‘si
766 3563 830 3604 ex
867 3548 1086 3602 veritate
1115 3547 1432 3601 humilitatis
1463 3562 1596 3600 mea:
1625 3560 1792 3614 nepos

194 3643 402 3706 existis,
430 3656 665 3710 praepara
691 3640 918 3709 teipsnm
950 3648 1004 3694 et
1029 3637 1310 3709 flagellari,
1338 3649 1393 3693 et
1421 3637 1658 3692 convicia
1684 3637 1792 3706 pati

197 3735 260 3787 ab
290 3735 440 3789 omni
493 3734 731 3787 homine.
767 3732 900 3786 Vera
946 3734 1088 3786 enim
1122 3732 1367 3800 cognatio
1399 3745 1504 3784 non
1556 3745 1623 3784 ex
1671 3744 1793 3783 san-

196 3825 357 3894 guine
403 3832 455 3878 et
502 3839 694 3888 carne,
745 3823 840 3877 sed
879 3839 941 3876 ex
978 3823 1174 3876 virtute
1217 3823 1413 3876 mentis
1462 3821 1789 3892 agnoscitur.

196 3916 497 3970 Confestim
533 3915 692 3984 Igitur
721 3915 1007 3968 accersivit
1035 3930 1155 3968 eum
1194 3914 1285 3983 qni
1316 3909 1498 3982 super'
1523 3928 1793 3984 caupones

195 4016 314 4060 erat
355 4005 678 4060 constitutus
702 4046 716 4068 ,
751 4012 806 4058 et
837 4005 1091 4073 praecepit
1135 4003 1275 4058 eine
1322 4004 1390 4057 ab
1430 4003 1520 4056 illo
1551 4018 1794 4072 caupone

197 4100 468 4168 acciperet
515 4111 686 4163 neque
714 4105 967 4150 consueta
999 4110 1114 4159 sua,
1154 4110 1327 4164 neque
1358 4095 1594 4164 publica,
1626 4110 1798 4162 neque

198 4194 517 4262 pensionem
565 4189 846 4260 ergas:erii
879 4191 1016 4257 ejus.
1054 4189 1119 4241 Et
1142 4187 1255 4256 ipse
1280 4189 1422 4242 enim
1448 4189 1799 4242 sanctissima:

199 4281 465 4336 Ecclesia:
511 4288 648 4334 erat.
687 4282 751 4332 Iit
783 4293 971 4333 omnes
1002 4288 1430 4342 expavescentes
1470 4279 1798 4332 immobilem

199 4373 662 4443 Iouganimitatem
713 4373 858 4440 ejus,
913 4372 1298 4425 intellexerunt
1343 4385 1466 4425 esse
1516 4377 1616 4424 hoc
1661 4369 1799 4436 quth

199 4467 379 4521 dixit:
408 4465 674 4532 Quoniam
728 4464 918 4517 faciam
949 4464 1000 4517 iu
1025 4479 1146 4518 eum
1177 4479 1312 4527 rem,
1357 4471 1414 4516 ut
1442 4463 1668 4516 miretur
1694 4473 1800 4514 tota

1961 3259 2088 3312 Car.
2126 3256 2310 3310 XVIII.
2336 3286 2404 3296 —
2427 3255 2796 3308 Definitionem
2827 3261 3003 3306 autem
3031 3258 3083 3305 et
3113 3250 3290 3314 aliam,
3321 3261 3480 3318 quam

1891 3349 2159 3405 aifectavit
2207 3350 2295 3403 hic
2325 3359 2576 3412 sanctus,
2624 3361 2732 3400 non
2782 3353 2865 3398 est
2907 3343 3110 3413 justum
3143 3351 3487 3410 postponere.

1891 3441 2126 3495 Audiens
2149 3441 2287 3510 quod
2319 3449 2596 3508 postquam
2615 3443 2901 3491 coronatus
2921 3441 3004 3488 est
3025 3433 3320 3502 imperator
3342 3426 3482 3502 (5i),

1894 3534 2070 3587 nullus
2101 3531 2336 3586 universi
2369 3539 2586 3584 senatus
2616 3537 2670 3581 et
2697 3525 2986 3581 astantium
3018 3522 3351 3578 exercituum
3390 3533 3488 3574 an-

1897 3627 2097 3695 tiquum
2131 3622 2440 3678 memoriale
2483 3619 2699 3690 aliquod
2751 3617 2982 3684 nuntiet,
3017 3618 3111 3670 sed
3140 3629 3265 3668 mox
3295 3613 3346 3666 hi
3395 3611 3488 3681 qui

1895 3718 2147 3771 dicuntur
2190 3722 2657 3768 monumentorum
2705 3709 3057 3764 aedificatores
3103 3713 3315 3758 sumant
3353 3717 3490 3772 qua-

1899 3821 2018 3864 tuor
2043 3809 2126 3863 vel
2155 3809 2393 3876 quinque
2421 3804 2670 3860 minutias
2704 3814 3028 3854 marmorum
3061 3797 3286 3867 pusillas
3313 3795 3382 3850 de
3408 3794 3510 3857 di-_

1901 3903 2068 3957 versis
2093 3901 2394 3963 coloribus,
2440 3906 2494 3952 et
2525 3894 2893 3965 ingrediantur
2918 3891 2984 3946 ad
3015 3905 3160 3956 eum,
3187 3898 3241 3943 et
3266 3887 3448 3942 dicant
3473 3902 3492 3940 τ

1900 3996 2160 4058 Domine,
2214 3992 2358 4062 quali
2406 3988 2623 4044 metallo
2669 3984 2952 4054 imperium
3001 3993 3148 4036 tuum
3177 3978 3331 4050 jubet
3374 3977 3492 4032 fieri

1901 4077 2306 4143 monumentum
2350 4094 2536 4144 tuum;
2593 4079 2927 4134 insinuantes
2976 4073 3230 4128 videlicet
3271 4073 3319 4124 ei
3369 4071 3493 4140 quia

1904 4187 2154 4245 tanquam
2207 4178 2370 4226 homo
2415 4167 2782 4234 corruptibilis
2824 4173 2880 4220 et
2925 4163 3263 4218 transitorius
3309 4175 3497 4214 curam

1904 4265 2102 4318 habeto
2149 4272 2252 4316 tua:
2293 4260 2457 4329 ipsius
2499 4260 2725 4323 animas,
2759 4266 2812 4312 et
2841 4255 2927 4325 pic
2970 4268 3191 4323 regnum
3237 4251 3498 4320 diSpone;

1905 4356 2211 4410 imitabatur
2231 4363 2280 4409 et
2314 4354 2414 4408 iste
2437 4354 2625 4407 beatus
2655 4349 2923 4404 veraciter
2945 4348 3080 4401 hanc
3101 4345 3314 4415 dignam
3343 4342 3501 4397 laude

1909 4448 2270 4512 traditionem,
2304 4456 2354 4499 et
2380 4446 2629 4514 prtecepit
2652 4443 2753 4497 sibi
2780 4445 3186 4494 monumentum
3218 4432 3494 4496 :edificari,

199 4558 555 4623 Alexandria,
595 4556 845 4610 videlicet
870 4555 991 4624 quia
1026 4570 1129 4620 non
1164 4555 1336 4607 solum
1370 4553 1797 4608 vicissitudinem
1833 4537 1879 4593 ι)
1909 4546 1993 4599 ubi
2026 4554 2081 4599 ct
2126 4543 2320 4612 reliqui
2363 4540 2789 4610 praedecessores
2832 4535 2947 4602 ejus
2996 4527 3503 4624 patriarchae-jace-

203 4666 312 4705 non
347 4649 617 4716 reddidit,
667 4665 854 4704 verum
884 4649 1044 4704 etiam
1085 4664 1182 4719 pro
1228 4649 1430 4703 ultione
1480 4647 1800 4718 adjutorium

203 4741 488 4810 impendit.

275 4835 412 4891 CAP.
445 4833 585 4888 XVI.
621 4865 688 4874 —
714 4834 1022 4888 Nuntiatum
1053 4842 1136 4888 est
1165 4833 1450 4903 aliquando
1480 4834 1601 4887 huic
1626 4832 1804 4897 beato,

201 4927 355 4997 quod
385 4926 600 4994 quidam
631 4925 948 4979 clericorum
982 4925 1236 4978 malitiam
1267 4925 1318 4977 in
1350 4924 1514 4978 corde
1547 4924 1805 4978 adversus

206 5017 502 5088 quemdam
537 5024 862 5078 reservaret,
911 5024 964 5068 et
995 5014 1416 5068 irreconciliatus
1447 5015 1494 5068 ei
1524 5029 1806 5081 permane-

205 5117 315 5162 ret.
369 5107 463 5161 llIe
517 5121 646 5160 vero
697 5105 973 5174 quaerebat
1024 5106 1182 5173 hujus
1235 5097 1436 5157 nomen
1474 5113 1529 5158 et
1584 5104 1807 5172 gradum

207 5211 399 5251 nosse.
428 5194 486 5248 In
518 5197 806 5249 crastinum
840 5209 969 5264 ergo
998 5195 1084 5248 die
1116 5195 1391 5248 Dominico
1431 5193 1615 5248 didicit
1645 5195 1808 5257 hunc,

209 5288 536 5340 Dainianum
565 5286 778 5352 quidem
829 5286 1065 5352 nomine,
1098 5284 1378 5338 diaconem
1412 5298 1540 5337 vero
1581 5298 1702 5338 esse
1731 5283 1811 5336 of-

208 5379 366 5430 ficio.
399 5376 662 5445 Prwcepit
701 5376 880 5445 itaque
927 5375 1308 5430 archidiacono
1341 5383 1396 5428 ut
1434 5374 1565 5440 sibi,
1599 5374 1812 5443 quando

208 5469 364 5521 idem
395 5467 685 5521 Damianus
714 5466 780 5520 ad
811 5467 1094 5522 ecclesiam
1138 5467 1363 5531 veniret,
1395 5465 1812 5520 demonstraret.

213 5558 388 5628 Igitur
417 5572 538 5611 cum
584 5559 636 5612 iu
668 5558 959 5613 crastinum
990 5561 1151 5612 statio
1179 5557 1458 5610 Dominicn
1493 5558 1580 5611 die
1628 5557 1772 5612 fieret
1798 5597 1812 5621 ,

212 5655 372 5705 venit
400 5659 453 5705 ct
495 5649 752 5705 diaconus
795 5651 860 5704 ad
890 5653 1210 5716 stationem;
1242 5659 1294 5703 et
1337 5649 1523 5704 videns
1551 5648 1815 5703 archidia-

216 5757 429 5810 conus,
459 5741 693 5797 os:endit
720 5758 840 5798 eum
869 5733 1204 5812 patriarchtn.
1248 5741 1326 5795 οι»
1356 5756 1472 5795 eam
1517 5740 1657 5797 enim
1706 5748 1793 5794 tan

1911 4639 2066 4702 bant;
2100 4633 2468 4704 impetfecttlm
2520 4645 2647 4685 vero
2696 4640 2914 4681 manere
2963 4637 3132 4692 usque
3176 4619 3243 4674 ad
3295 4617 3499 4671 obitu-tn

1909 4744 2085 4791 suum,
2118 4737 2175 4780 ut
2204 4724 2518 4795 imperfecto
2561 4721 2847 4786 existente,
2881 4733 2975 4787 per
3003 4714 3271 4770 celebrem
3305 4708 3506 4763 festivi-

1914 4829 2074 4875 tatem
2095 4859 2109 4884 ,
2152 4818 2437 4872 assistente
2466 4815 2630 4874 clero.
2666 4810 3026 4882 ingredientes
3065 4806 3155 4873 qui
3185 4801 3507 4857 dicebantur

1914 4913 2142 4968 studiosi
2170 4909 2310 4983 (52),
2341 4909 2584 4962 dicerent
2611 4905 2678 4958 ad
2709 4918 2829 4958 eum
2857 4919 2870 4954 :
2908 4899 3150 4960 Domine,
3189 4905 3506 4948 moimtnen-

1918 5014 2027 5058 tum
2049 5012 2193 5056 tuum
2212 4997 2582 5069 imperfectum
2594 5003 2698 5058 est,
2715 4993 2941 5061 praecipe
2954 5002 3082 5054 ergo
3098 4995 3507 5038 utconsumme-

1920 5105 2024 5160 tur,
2045 5109 2109 5148 eo
2126 5091 2266 5161 quod
2298 5088 2508 5144 nescias
2527 5101 2628 5155 qua
2646 5085 2776 5138 hora
2796 5083 2878 5135 fur
2897 5079 3076 5134 veniat
3097 5074 3290 5148 (Matth
3333 5077 3510 5138 xxiv).

1919 5188 2035 5242 Iloc
2063 5197 2238 5240 autem
2291 5183 2521 5238 faciebat
2548 5179 2637 5233 ille
2664 5183 2879 5232 sanctus
2925 5181 2984 5228 ut
3013 5172 3082 5226 ita
3113 5169 3292 5234 fieret,
3322 5166 3516 5222 volens

1919 5277 2268 5335 imitationem
2302 5274 2495 5329 bonam
2528 5280 2580 5326 et
2609 5277 2728 5338 post
2756 5283 2814 5323 se
2844 5264 3036 5320 futuris
3084 5260 3388 5329 relinquere
3420 5272 3514 5326 pa-

1921 5369 2186 5426 triarchis.

1991 5463 2124 5518 Car.
2170 5457 2310 5514 XIX.
2341 5485 2411 5497 ——
2455 5453 2682 5510 Domino
2731 5452 2800 5508 ob
2829 5449 3222 5506 multitudinem
3268 5450 3514 5516 peccato-

1924 5569 2041 5609 rum
2094 5559 2396 5607 nostrorum
2448 5547 2821 5616 permittente,
2870 5543 3082 5612 propria
3137 5537 3337 5606 templa
3392 5547 3514 5604 qua

1925 5653 2080 5700 erant
2108 5637 2484 5708 Jcrosolymis,
2520 5651 2548 5690 a
2579 5635 2944 5705 percutiendis
2974 5649 3003 5686 a
3034 5631 3142 5685 Ileo
3172 5629 3350 5684 Persis
3385 5636 3513 5678 cre—

1929 5733 2085 5795 mari.
2133 5734 2347 5788 discens
2375 5727 2458 5784 hic
2512 5725 2883 5784 sanctissimus
2922 5719 3222 5790 patriarcha
3269 5718 3324 5772 in
3351 5710 3512 5768 multa
