4016 6222
435 348 543 409 553

1471 343 1560 401 DE
1604 342 1781 402 VlTlS
1821 340 2103 402 PATRUM
2144 341 2349 398 LIBER
2390 337 2665 399 PRIMUS.

3610 342 3716 404 356

432 469 672 533 egestate
710 476 833 519 esse
877 469 1120 517 sanctum
1150 458 1447 515 Modestum
1484 460 1840 531 patriarcltam
1876 460 2030 516 Jero-
2058 467 2102 525 Α
2132 458 2451 512 rachanclla:
2476 458 2593 529 (58)
2621 457 2941 512 nomismata
2966 464 3093 513 ‘uno.
3120 457 3240 513 Mox
3262 470 3390 529 ergo
3418 461 3716 516 transmisit

433 552 762 623 Solymarum
796 550 939 624 (55),
969 552 1037 606 ad
1068 551 1259 606 horum
1288 552 1668 607 relevationem
1713 560 1769 607 et
1796 552 2022 608 reae'diﬂ-

429 644 696 700 cationem
729 643 895 698 mittit
917 643 967 699 ei
1013 644 1335 698 nomismata
1375 644 1541 711 mille,
1570 652 1626 699 et
1653 644 1799 700 mille
1836 661 2022 702 saccos

431 735 620 804 plenos
639 734 928 800 frumento,
953 741 1008 788 et
1028 732 1173 788 mille
1201 732 1485 802 legumina,
1518 732 1665 790 mille
1685 732 1845 791 libras
1872 734 2018 802 ferri,

426 824 571 883 mille
597 831 769 879 restes
794 824 1115 877 siccatorutn
1146 824 1393 893 piscium,
1420 822 1511 894 qui
1541 840 1874 882 menomena:
1902 828 2016 900 (54)

426 914 699 980 dicuntur,
732 914 878 969 tnille
905 912 1118 969 vascula
1149 914 1278 981 vini,
1310 922 1364 970 et
1392 916 1541 970 tuille
1568 915 1849 986 [Egyptios
1886 933 2020 988 ope-

426 1006 635 1071 rarios,
684 1006 902 1061 mittens
927 1005 977 1061 ei
1007 1019 1103 1075 per
1147 1005 1352 1060 litteras
1381 1023 1394 1059 :
1431 1024 1450 1059 ‹
1488 1005 1564 1061 Da
1590 1008 1723 1063 mihi
1768 1007 1977 1064 veniam
2001 1049 2017 1075 ,

425 1108 556 1150 vere
603 1095 799 1150 Christi
828 1102 1108 1165 Operator,
1140 1094 1275 1150 nihil
1315 1096 1534 1167 dignum
1580 1097 1792 1167 templis
1817 1099 2019 1156 Christi

426 1185 678 1241 mittenti.
727 1186 929 1242 Vellem
955 1186 1122 1251 enim,
1162 1186 1323 1242 crede
1368 1186 1530 1255 mihi,
1561 1188 1608 1243 si
1635 1198 1779 1245 esset
1824 1201 2018 1246 conve-

424 1277 601 1342 niens,
627 1286 683 1333 et
712 1277 826 1348 ipse
850 1292 917 1333 eo
939 1278 1148 1348 venire,
1178 1285 1236 1334 et
1261 1279 1377 1349 ipse
1403 1280 1614 1349 operari
1637 1280 1689 1335 in
1715 1281 1875 1337 domo
1901 1297 2018 1338 san-

423 1375 526 1420 ctae
571 1363 771 1423 Christi
804 1366 1237 1425 resurrectionis.
1285 1370 1664 1428 Verumtamen
1700 1372 1841 1429 .illod
1885 1390 2016 1446 rogo

424 1456 797 1512 honorandum
825 1468 987 1528 caput
1030 1468 1203 1527 tuum,
1237 1469 1293 1515 ut
1321 1461 1622 1517 nullatenus
1650 1459 1755 1519 hoc
1784 1465 2015 1534 imputes

426 1550 650 1603 tniuimo
672 1551 873 1604 nomini
894 1550 1199 1621 exiguitatis
1225 1567 1380 1621 mete,
1406 1553 1500 1608 sed
1532 1554 1635 1610 hoc
1660 1558 1835 1625 potius
1864 1567 2014 1626 petas

420 1652 450 1691 a
483 1638 723 1705 Christo,
755 1650 813 1693 ut
840 1640 914 1694 ibi
942 1656 1027 1695 me
1050 1642 1355 1697 conscribat
1381 1643 1470 1699 ubi
1499 1647 1761 1702 veraciter
1779 1650 2015 1704 conscri-

423 1729 532 1797 ptio
567 1729 717 1783 beata
746 1728 1013 1784 consistit.
1049 1748 1068 1782 ι

2127 552 2254 606 illud
2286 553 2337 606 in
2364 554 2678 617 crastinum,
2713 563 2771 607 ut
2803 553 3219 608 venundaretur.
3246 552 3311 608 Et
3336 554 3523 610 videns
3553 556 3598 610 is
3620 546 3717 626 qui

2123 641 2410 706 obtulerat,
2443 642 2574 696 emit
2604 642 2730 695 illud
2780 643 2992 706 triginta
3024 652 3115 697 sex
3167 643 3617 712 nomis‘malibus,
3659 652 3718 700 ει

2125 746 2310 785 rursus
2357 731 2551 785 obtulit
2594 733 2934 802 patriarchae.
2984 731 3116 787 Cum
3158 748 3285 788 vero
3339 735 3391 789 in
3420 735 3718 791 crastinum

2126 817 2345 875 vidisset
2372 818 2527 888 illud,
2574 826 2703 878 emit
2736 825 2837 879 hoc
2885 826 3153 891 similiter,
3203 839 3257 881 et
3305 842 3491 882 rursus
3520 816 3716 883 obtulit

2126 909 2463 977 patriarchae,
2485 912 2782 980 deposcens
2806 925 2861 967 ut
2883 925 3153 984 tegeretur
3166 917 3235 969 ab
3256 930 3343 970 eo.
3371 917 3505 971 Cum
3529 926 3711 972 autem

2124 1002 2284 1054 tertio
2334 1001 2437 1056 hoc
2472 1003 2687 1059 fecisset
2713 1046 2728 1070 ,
2782 1005 2913 1059 dicit
2940 1005 2990 1061 ei
3019 1007 3438 1076 gratulabundos
3466 1008 3555 1063 ille
3585 1014 3713 1062 sane

2122 1103 2276 1146 ctus:
2313 1093 2620 1148 Videbimus
2648 1096 2767 1164 quis
2791 1095 3024 1165 deficiet,
3057 1112 3157 1167 ego
3198 1112 3267 1151 an
3297 1105 3375 1153 tu.
3409 1097 3539 1153 Erat
3564 1099 3712 1153 enim

2120 1185 2405 1253 upolentus
2433 1186 2588 1243 valde
2607 1228 2621 1253 ,
2655 1197 2713 1243 et
2738 1190 2976 1244 suaviter
3003 1188 3156 1258 quasi
3185 1188 3547 1243 vindemiabat
3583 1198 3710 1243 euttt

2120 1276 2208 1332 ille
2237 1288 2472 1343 sanctus,
2503 1283 2755 1349 paulatim
2786 1281 2854 1336 ab
2882 1296 2950 1336 eo
2978 1282 3140 1337 multa
3168 1278 3452 1347 auferens;
3481 1290 3537 1336 et
3563 1282 3711 1336 dices

2119 1369 2210 1424 bat
2231 1378 2445 1438 'semper
2469 1371 2613 1440 quod
2637 1381 2819 1441 posset
2845 1372 3039 1441 aliquis
3064 1372 3369 1427 iutt-ntione
3391 1371 3553 1426 dandi
3578 1387 3710 1441 pau-

2119 1464 2336 1532 peribus
2377 1466 2685 1536 exspoliare
2731 1467 2955 1534 divites,
2983 1475 3041 1522 et
3068 1468 3240 1535 ipsum
3282 1467 3442 1521 etiam
3475 1464 3709 1535 hypocaé

2117 1554 2311 1609 misum
2342 1546 2461 1626 (59)
2488 1556 2555 1612 ab
2584 1557 2663 1611 eis
2692 1558 2948 1613 benevole
2973 1557 3204 1622 auferre,
3233 1568 3286 1612 et
3317 1571 3421 1610 non
3451 1569 3702 1626 peccare,

2115 1654 2171 1699 et
2218 1648 2450 1701 maxime
2494 1650 2538 1701 si
2569 1658 2696 1702 sunt
2743 1650 2902 1719 aliqui
2954 1647 3412 1705 immisericordes
3440 1657 3494 1701 et
3533 1645 3700 1699 avari.

2121 1737 2232 1791 Duo
2260 1739 2404 1794 eni‘m
2434 1740 2672 1796 locratur
2700 1743 2818 1797 talis
2844 1761 2856 1796 :
2883 1752 3044 1797 unum
3075 1744 3314 1813 quidem,
3347 1741 3467 1811 quia
3492 1741 3703 1794 animas

491 1819 619 1873 Car.
672 1818 789 1875 ΧΧ.
818 1849 889 1860 -
912 1821 1118 1890 Arripit
1159 1821 1251 1878 ille
1274 1833 1490 1880 sanctus
1532 1833 1587 1879 et
1626 1823 1760 1893 hoc,
1813 1826 2007 1882 bonum
2042 1848 2089 1906 Β
2116 1831 2328 1887 illorum
2361 1843 2573 1899 servat;
2604 1833 2831 1887 alterum
2878 1844 3075 1897 aulem,
3127 1833 3376 1902 quoniam
3408 1840 3461 1886 et
3490 1831 3603 1898 ipse
3631 1842 3701 1883 ex

419 1909 570 1975 dico,
617 1906 867 1966 videlicet
895 1911 1039 1980 quod
1083 1911 1266 1966 infimo
1317 1922 1489 1968 strato
1537 1918 1905 1984 recumberet,
1954 1927 2008 1971 et

418 2002 613 2057 vilibus
638 2003 985 2073 operimentis
1009 2004 1062 2060 in
1087 2003 1279 2062 cellula
1304 2016 1398 2063 'soa
1427 2018 1685 2065 uteretur.
1709 2012 1859 2077 Quod
1885 2027 2005 2067 cum

416 2095 655 2149 audisset
682 2096 899 2166 quidam
930 2112 1299 2167 possessorum
1328 2100 1580 2167 civitatis,
1612 2103 1911 2159 ascendens
1938 2104 2007 2159 ad

415 2200 562 2250 eum,
592 2194 648 2242 et
674 2188 861 2242 videns
889 2189 1031 2259 quod
1056 2191 1327 2257 opertorio
1354 2192 1525 2247 scisso
1547 2206 1601 2247 et
1623 2195 1778 2249 laneo
1803 2207 2010 2265 tegere-

415 2285 523 2343 tur,
555 2278 850 2333 transmisit
879 2280 928 2333 ei
950 2280 1342 2349 coopertorium
1373 2284 1756 2341 numismatum
1790 2287 2007 2356 triginta

414 2387 533 2436 sex,
558 2379 754 2442 rogans
797 2372 1021 2427 tnultom
1051 2388 1174 2429 eum
1222 2383 1282 2428 ut
1310 2389 1374 2428 eo
1402 2377 1769 2445 cooperiretur
1795 2378 1862 2432 ad
1894 2394 2006 2434 me-

416 2463 666 2531 moriam,
720 2462 911 2532 inquit,
946 2463 1226 2519 mittentis.
1256 2465 1351 2521 llle
1379 2481 1507 2522 vero
1538 2468 1640 2523 hoc
1678 2470 2001 2539 suscipiens,

413 2566 632 2625 propter
662 2556 882 2611 multam
916 2550 1013 2612 viri
1038 2558 1448 2628 postulationem
1479 2571 1765 2630 coopertus
1793 2571 1877 2619 est
1902 2563 2005 2619 hoc

414 2662 516 2701 una
549 2657 726 2713 nocte,
759 2663 856 2718 per
886 2658 1051 2703 totam
1081 2664 1220 2720 pene
1247 2660 1458 2706 noctem
1488 2652 1702 2709 dlcebat
1738 2655 1805 2709 ad
1828 2669 2004 2711 semc-

414 2742 645 2810 tipsum,
700 2750 757 2794 ut
793 2739 1093 2797 recitabant
1118 2736 1428 2799 cubicularii
1474 2742 1627 2814 ejus:
1656 2746 1783 2813 Quis
1826 2747 1999 2815 dicet,

412 2829 553 2899 quod
583 2830 797 2885 humilis
824 2829 1058 2885 Joannes
1090 2831 1348 2901 (habebat
1370 2832 1513 2887 enim
1537 2848 1750 2904 semper
1777 2837 2000 2891 verbum

410 2920 552 2974 istud
582 2922 635 2974 in
660 2924 778 2989 ore)
812 2921 971 2989 pallio
998 2920 1209 2991 triginta
1234 2938 1329 2979 sex
1357 2925 1735 2981 numismatum
1769 2938 1997 2997 tegatur,

409 3010 469 3065 et
486 3011 681 3067 fratres
702 3010 901 3067 Christi
930 3013 1127 3084 frigore
1152 3015 1445 3070 necentur?
1476 3017 1674 3084 Quanti
1695 3030 1817 3073 sunt
1840 3021 2001 3075 modo

408 3104 499 3172 qui
528 3103 777 3159 dentibus
815 3106 1043 3161 strident
1074 3122 1184 3175 pra:
1210 3108 1415 3178 glacie?
1445 3110 1628 3177 quanti
1661 3120 1788 3165 sunt
1837 3112 1999 3166 modo

2114 1923 2215 1976 hoc
2242 1924 2541 1979 mercedem
2571 1939 2677 1978 non
2707 1924 2968 1978 modicam
2999 1921 3180 1978 habet.
3209 1921 3395 1977 Attulit
3423 1928 3600 1974 autem
3625 1918 3696 1972 ad

2111 2013 2481 2069 credulitatem
2510 2015 2657 2070 verbi
2680 2025 2735 2070 et
2761 2015 3123 2069 testimonium
3157 2029 3337 2079 verax,
3367 2012 3506 2083 quod
3545 2012 3696 2066 circa

2110 2115 2355 2162 sanctum
2385 2107 2741 2177 Epiphanium
2772 2117 2826 2162 et
2853 2106 3112 2162 Joannem
3142 2105 3255 2175 (60)
3275 2107 3585 2176 episcopum
3606 2102 3699 2158 Je-

2111 2199 2508 2270 rosolymorum
2558 2198 2757 2253 factum
2786 2208 2890 2263 est,
2920 2196 3190 2268 qnontodo
3214 2206 3431 2251 sanctos
3466 2193 3697 2264 Epiphaa

2110 2289 2230 2342 nius
2262 2304 2359 2356 per
2399 2298 2568 2343 artem
2614 2291 2731 2344 tulit
2759 2301 3039 2358 argentum
3074 2287 3414 2357 patriarchae,
3446 2286 3697 2342 videlicet

2108 2374 2332 2431 Joannis
2359 2377 2622 2445 ejusdem,
2645 2390 2697 2432 et
2725 2380 2876 2434 dedit
2896 2378 3191 2450 egentibus.

2180 2467 2291 2522 Cap
2330 2464 2469 2522 XXI.
2503 2499 2572 2509 -—-
2606 2470 2832 2540 Dignum
2861 2480 2917 2526 et
2940 2480 3233 2541 congruum
3264 2470 3520 2540 praedicto
3550 2469 3694 2539 capis

2108 2558 2219 2614 tolo
2242 2560 2509 2616 referebat
2536 2564 2702 2617 semel
2723 2578 2903 2617 coram
2933 2564 3182 2620 omnibus
3207 2565 3306 2619 iste
3335 2572 3582 2627 sanctos,
3609 2561 3691 2616 di-

2107 2663 2271 2706 cens:
2306 2652 2596 2719 Habebam,
2631 2655 2820 2724 inquit,
2852 2657 3135 2725 quemdam
3160 2657 3466 2711 ministrum
3490 2656 3541 2709 in
3566 2670 3694 2723 apo-

2109 2742 2260 2797 theca
2284 2758 2398 2798 mea
2419 2744 2469 2798 in
2499 2742 2699 2815 Cypro,
2727 2746 2937 2801 ﬁdelem
2968 2748 3141 2813 valde,
3166 2756 3221 2803 et
3242 2747 3499 2818 virginem
3526 2753 3695 2816 usque

2105 2832 2171 2885 ad
2222 2833 2423 2887 obitum
2466 2850 2643 2890 suum.
2676 2836 2773 2891 Hic
2821 2853 2950 2908 ergo
2997 2839 3249 2893 narrabat
3298 2839 3429 2893 mihi
3471 2842 3595 2907 quia
3641 2841 3695 2893 in

2108 2921 2279 2977 Africa
2311 2924 2575 2981 existente
2622 2944 2708 2982 me
2739 2930 2879 2983 facta
2928 2941 3010 2985 est
3040 2945 3127 2986 res
3160 2930 3466 3000 hujusmodi
3502 2950 3514 2986 :
3568 2931 3697 2985 Per-

2106 3016 2387 3069 tnanebatn
2418 3016 2583 3084 enim,
2614 3019 2707 3085 ait,
2742 3035 2862 3075 cum
2894 3022 3126 3090 quodam
3182 3022 3497 3087 teloneario,
3525 3023 3697 3077 divite’

2106 3104 2455 3162 vehementer
2485 3118 2540 3163 et
2585 3112 3019 3168 immisericordi.
3070 3116 3246 3171 Semel
3287 3126 3415 3185 ergo
3447 3118 3695 3185 pauperi-

408 3194 497 3261 qui
521 3194 784 3262 psiathotn
809 3195 925 3266 (55)
951 3176 1417 3253 ltabentes'subtus
1437 3176 1739 3266 dimidium,
1762 3208 1818 3255 et
1837 3215 1998 3270 supra
2024 3176 2069 3236 (ἶ
2103 3195 2201 3249 bus
2232 3196 2285 3250 in
2316 3196 2491 3254 hieme
2520 3202 2829 3259 sedentibus
2856 3204 2923 3259 ad
2951 3204 3141 3272 solem,
3175 3222 3338 3277 seque
3378 3205 3698 3263 calefacien.

408 3282 710 3351 dimidium,
741 3293 796 3338 et
826 3300 929 3337 non
964 3294 1189 3353 possunt
1217 3287 1506 3341 extendere
1539 3289 1703 3356 pedes
1730 3300 1879 3355 suos,
1904 3289 1997 3344 sed

407 3371 681 3426 dormiunt
709 3382 765 3426 ut
789 3375 1000 3442 glomus
1022 3384 1313 3432 trementes
1339 3374 1490 3447 (56)?
1517 3378 1712 3444 Quanti
1735 3372 1791 3433 in
1817 3388 2001 3436 monte

406 3463 746 3519 dormierunt
776 3465 1050 3530 incmuati,
1095 3476 1148 3521 et
1179 3467 1299 3522 sine
1330 3468 1569 3535 lucerna,
1603 3470 1862 3526 habentes
1901 3470 2000 3525 du-

407 3553 602 3621 plicem
651 3555 948 3609 cruciatum
997 3562 1103 3609 tam
1134 3569 1199 3610 ex
1232 3555 1430 3627 frigore
1458 3574 1615 3628 quam
1664 3575 1730 3614 cx
1758 3560 1997 3631 jejunio?

406 3635 605 3708 Quanti
632 3641 937 3697 desiderant
957 3645 1184 3698 saturari
1211 3643 1279 3699 de
1302 3644 1446 3700 foliis
1468 3646 1695 3712 olerum,
1728 3663 1847 3718 quae
1870 3665 1999 3718 pro-

405 3734 666 3803 jiciuntur
712 3734 780 3790 de
826 3737 1051 3805 coqoiua
1102 3738 1257 3792 mea?
1304 3739 1496 3806 Quanti
1545 3741 1747 3797 vellent
1792 3743 1997 3813 tingere

403 3838 594 3894 panem
650 3834 805 3880 suum
850 3827 902 3881 in
936 3836 1141 3882 zemate
1176 3824 1293 3897 (57)
1324 3829 1466 3898 quod
1514 3830 1801 3899 projiciunt
1837 3834 1995 3903 coqui

402 3917 546 3970 mei?
577 3915 773 3983 Quanti
802 3917 1023 3985 cupiunt
1069 3917 1155 3971 vel
1200 3916 1429 3975 odorare
1454 3920 1656 3987 vinum,
1686 3923 1826 3992 quod
1870 3923 1994 3978 fun-

401 4007 546 4062 ditur
578 4008 631 4061 in
659 4008 880 4063 cellario
909 4008 1063 4064 meo?
1092 4010 1289 4076 Quanti
1317 4020 1441 4066 sont
1481 4011 1535 4067 in
1564 4012 1780 4069 civitate
1809 4014 1911 4070 ista
1938 4015 1993 4070 in

401 4094 503 4150 hac
530 4094 660 4149 ltora
689 4097 978 4166 peregrini,
1010 4114 1116 4153 non
1148 4099 1408 4157 habentes
1434 4103 1524 4158 ubi
1556 4104 1915 4174 hospitentur,
1936 4118 1990 4162 et

398 4185 456 4239 in
484 4180 601 4240 foro
626 4180 832 4255 jacent,
862 4186 1091 4245 fortasse
1130 4199 1185 4246 et
1216 4190 1392 4260 pluvia
1422 4191 1741 4250 madefacti?
1770 4196 1989 4264 Quanti,

399 4284 582 4344 potas,
612 4274 813 4332 habent
863 4282 1032 4333 talum
1063 4290 1333 4349 mensem,
1367 4283 1452 4338 vel
1480 4284 1639 4339 etiam
1677 4286 1833 4353 duos,
1881 4301 1989 4343 non

397 4372 679 4437 goslautes
724 4369 925 4424 oleum.
957 4372 1151 4439 Quanti
1184 4382 1309 4427 sunt
1333 4374 1423 4443 qui
1454 4389 1560 4429 non
1601 4375 1801 4431 habent
1851 4378 1987 4434 alte-

394 4469 514 4510 rum
545 4456 922 4514 vestimentum
953 4461 1009 4514 in
1038 4470 1246 4529 aestate,
1278 4470 1335 4517 et
1357 4462 1586 4518 alterum
1624 4464 1679 4520 in
1709 4467 1906 4533 hieme,
1933 4478 1989 4523 et

395 4548 469 4604 ita
500 4549 730 4605 miseriis
777 4553 1121 4622 afﬂiguntur!
1151 4553 1231 4608 Tu
1274 4569 1401 4610 vero
1448 4566 1776 4625 exspectans
1823 4559 1985 4616 etiam
2020 4546 2070 4606 ι)

393 4648 649 4696 :eternam
674 4640 1066 4710 joconditatem
1117 4636 1365 4714 assequi,
1384 4654 1440 4701 et
1492 4647 1670 4703 vinum
1700 4649 1841 4707 bibis
1869 4692 1886 4718 ,
1935 4661 1991 4708 et

394 4732 567 4800 pisces
597 4733 862 4788 immanes
905 4732 1154 4799 devoras,
1185 4744 1241 4790 et
1269 4735 1322 4791 in
1364 4737 1627 4795 cubiculis
1658 4739 1988 4813 demoraris,

394 4821 555 4875 modo
583 4832 763 4879 autem
793 4836 915 4879 cum
967 4825 1220 4881 omnibus
1258 4828 1416 4883 malis
1472 4841 1527 4885 et
1555 4832 1608 4887 in
1656 4838 1992 4904 coopertorio

395 4910 613 4980 triginta
638 4928 737 4968 sex
765 4914 1150 4972 numismatum
1183 4925 1236 4973 te
1282 4919 1566 4976 calefacis?
1596 4922 1872 4981 Veraciter
1917 4927 1989 4983 ita

396 5004 587 5059 vivens
608 5015 664 5061 et
688 5006 743 5061 in
770 5008 864 5063 tali
894 5009 1164 5065 laxatione
1190 5024 1540 5080 conversans,
1570 5032 1675 5071 non
1701 5028 1986 5088 exspecta-

396 5095 479 5151 bis
508 5097 619 5151 illic
668 5102 979 5168 praeparatis
1008 5102 1217 5172 gaudiis
1274 5103 1407 5171 frui,
1439 5105 1533 5161 sed
1563 5107 1751 5163 audies
1803 5110 1988 5181 utique

392 5188 537 5255 quod
590 5198 646 5244 et
699 5189 851 5245 dives
900 5192 994 5247 ille
1041 5195 1244 5250 audivit
1275 5196 1453 5268 (Lucae
1506 5206 1620 5269 xvr)
1666 5217 1680 5255 :
1718 5202 1986 5273 Recepisti

398 5279 558 5350 189
587 5281 722 5333 bona
780 5281 831 5333 in
858 5282 966 5337 vita
998 5291 1085 5338 tua
1108 5325 1125 5350 ,
1177 5302 1437 5356 pauperes
1468 5305 1597 5346 vero
1623 5294 1792 5359 mala;
1843 5311 1987 5349 nunc

391 5384 521 5437 ergo
548 5368 917 5437 consolantur,
946 5382 1000 5427 to
1024 5389 1152 5428 vero
1171 5379 1447 5435 cruciaris.
1474 5381 1793 5438 Benedictus
1818 5385 1984 5453 Deus,

394 5456 617 5511 burnilis
643 5458 879 5514 Joannes
917 5462 1019 5517 alia
1050 5475 1205 5519 nocte
1236 5482 1340 5522 non
1370 5478 1710 5538 cooperletor
1738 5473 1850 5527 illo.
1891 5474 1985 5528 Ju-

392 5559 533 5603 stum
562 5561 644 5605 est
676 5550 819 5606 enim
839 5594 854 5617 ,
900 5562 953 5609 et
982 5554 1119 5611 bene
1165 5568 1441 5629 acceptum
1474 5562 1605 5629 Deo,
1634 5573 1688 5617 ut
1740 5576 1983 5635 tegantur

390 5653 606 5697 centum
638 5646 816 5714 potius
843 5649 1189 5720 quadraginta
1212 5660 1445 5719 quatuor
1471 5654 1665 5712 fratres
1694 5666 1750 5713 et
1774 5660 1977 5715 domini

391 5737 495 5796 tui.
525 5753 683 5806 quam
716 5748 768 5795 tu
816 5740 1025 5800 infelix.
1075 5741 1528 5803 Venoudabanlur
1557 5750 1701 5806 enim
1750 5762 1982 5822 quatuor

2106 3287 2266 3355 tibus,
2301 3303 2578 3359 coeperunt
2604 3294 2797 3364 singuli
2820 3295 3010 3350 domos
3032 3298 3553 3368 eleemosynatorum
3578 3298 3692 3353 col-

2102 3380 2342 3447 laudare,
2374 3392 2427 3437 et
2454 3399 2551 3453 pro
2580 3387 2659 3440 eis
2681 3401 2837 3442 orare
2867 3398 2963 3457 per
2992 3390 3230 3458 singulos
3259 3405 3470 3456 eorum,
3501 3389 3695 3445 simili-

2104 3484 2184 3528 ter
2204 3482 2259 3536 e_t
2276 3475 2465 3531 domos
2479 3477 2873 3549 eleemosynam
2904 3496 3008 3535 non
3030 3481 3340 3539 facientium
3362 3485 3693 3552 vituperare.

2102 3564 2245 3618 Inter
2273 3580 2392 3635 quae
2419 3569 2566 3622 venit
2595 3568 2649 3623 in
2678 3570 2915 3625 medium
2940 3588 3126 3628 eorum
3159 3585 3213 3629 et
3244 3591 3438 3631 nomen
3461 3578 3693 3632 senioris

2100 3655 2207 3709 mei
2261 3657 2584 3725 telonearii,
2643 3669 2697 3714 et
2764 3673 3047 3731 coeperunt
3106 3666 3298 3734 singuli
3361 3667 3693 3736 interrogare

2100 3750 2403 3818 proximum
2433 3769 2447 3804 :
2481 3752 2622 3808 Vere
2673 3763 2749 3819 to,
2786 3756 2974 3821 frater,
3006 3758 3259 3827 accepisti
3289 3758 3578 3828 aliquando
3622 3759 3692 3815 de

2097 3839 2260 3895 domo
2291 3840 2381 3896 illa
2426 3843 2889 3902 benedictionem?
2921 3848 2987 3903 Et
3012 3850 3260 3905 omnibus
3310 3852 3687 3923 interroganti-

2099 3928 2197 3984 bus
2227 3930 2480 3998 invicem,
2510 3934 2689 3989 nullos
2720 3935 2972 3993 inventus
2991 3947 3074 3994 est
3099 3942 3373 4011 accepisse
3397 3942 3689 4012 aliquando

2096 4021 2165 4076 de
2193 4021 2353 4076 domo
2387 4024 2502 4092 ejus
2530 4025 2755 4096 aliquid.
2789 4028 2926 4084 Dicit
2967 4047 3095 4102 ergo
3123 4042 3261 4089 unus
3288 4048 3359 4090 ex
3385 4036 3464 4092 eis
3502 4055 3515 4090 :
3548 4038 3685 4103 Quid

2095 4112 2291 4168 dabitis
2319 4114 2471 4180 mihi,
2503 4125 2555 4171 et
2606 4124 2708 4189 ego
2761 4118 3021 4189 accipiam
3049 4122 3208 4179 hodie
3261 4139 3328 4180 ex
3359 4140 3425 4181 eo
3467 4126 3689 4182 benedia

2093 4208 2362 4264 stionem?
2403 4210 2470 4266 Et
2522 4211 2841 4271 facientibus
2885 4230 3011 4271 cum
3062 4232 3128 4273 eo
3170 4230 3408 4288 pactum,
3460 4223 3604 4278 venit
3632 4229 3689 4278 et

2092 4308 2199 4355 stat
2225 4300 2356 4357 foris
2386 4312 2591 4372 partam
2637 4304 2850 4373 domus,
2882 4314 3200 4381 exspectans
3229 4314 3445 4383 quando
3470 4316 3536 4371 ad
3589 4316 3686 4371 do-

2091 4408 2236 4447 mum
2266 4409 2418 4450 suam
2445 4405 2829 4454 reverteretur.
2874 4400 2952 4455 Ex
3000 4401 3398 4471 diSpeusatione
3420 4404 3514 4459 Dei
3556 4421 3682 4476 per—

2094 4495 2359 4543 venerunt
2386 4488 2568 4559 simul,
2602 4487 2717 4561 ipse
2760 4492 3066 4562 ingrediens
3111 4501 3337 4564 portam,
3384 4506 3440 4551 et
3479 4493 3682 4558 animal

2094 4588 2311 4647 portans
2338 4580 2577 4651 siligines
2619 4601 2649 4639 a
2681 4589 2949 4657 mancipio
2979 4589 3120 4659 (61),
3153 4605 3311 4646 causa
3353 4591 3564 4660 prandii
3596 4592 3681 4661 ip-

2095 4670 2227 4724 sius.
2258 4668 2457 4727 Videns
2482 4673 2643 4743 igitur
2669 4682 2896 4747 egenum
2915 4718 2931 4744 ,
2978 4687 3085 4736 nun
3116 4681 3393 4738 inveniens
3421 4682 3680 4752 lapidem,

2095 4773 2192 4826 per
2222 4761 2453 4817 furorem
2499 4763 2687 4834 arripit
2712 4767 2977 4838 siliginem
3017 4769 3086 4826 de
3114 4772 3335 4838 clitella,
3381 4781 3436 4828 et
3460 4773 3684 4842 jactavit

2094 4849 2146 4904 in
2172 4851 2364 4909 faciem
2393 4853 2531 4924 ejus.
2562 4856 2656 4913 llle
2683 4869 2811 4914 vero
2838 4865 3074 4933 suscepit
3099 4878 3241 4930 eam,
3273 4876 3328 4919 et
3350 4865 3484 4919 abiit
3508 4877 3567 4920 ut
3596 4883 3656 4920 sa

2094 4942 2370 5001 tisfaceret
2390 4947 2755 5006 confratribus
2779 4955 2913 5022 suis,
2943 4956 3083 5025 quod
3108 4971 3173 5011 ex
3201 4958 3408 5013 eisdem
3432 4960 3679 5016 manibus

2091 5036 2390 5105 accepisset
2418 5056 2563 5096 eam.
2614 5042 2798 5114 Itaque
2830 5058 2949 5115 post
2974 5049 3112 5105 duos
3156 5051 3270 5107 dies
3290 5056 3570 5121 aegrotavit
3596 5054 3680 5109 iu-

2094 5126 2345 5184 firmitate
2362 5132 2428 5186 ad
2448 5144 2672 5189 mortem
2691 5137 2829 5194 idem
2858 5140 3201 5209 telonearius,
3221 5146 3429 5200 etvidit
3455 5147 3508 5200 in
3534 5162 3679 5203 som-

2092 5216 2176 5271 nis
2223 5220 2459 5287 seipsum
2510 5224 2771 5281 rationem
2820 5244 3138 5298 ponentem,
3189 5245 3243 5288 et
3284 5248 3477 5290 omnes
3524 5246 3679 5291 actos

2089 5322 2215 5361 suos
2258 5326 2420 5380 super
2465 5323 2719 5371 stateram
2767 5321 3072 5388 appendere
3119 5340 3132 5375 :
3190 5324 3243 5377 in
3295 5341 3401 5379 una
3456 5328 3677 5395 quidetn

2089 5398 2203 5454 acie
2238 5401 2352 5471 (6'2)
2399 5410 2860 5476 congregabantur
2909 5412 3070 5466 Mauri
3102 5415 3315 5483 quidam
3363 5416 3673 5472 deformes.

2089 5488 2253 5542 altera
2283 5502 2461 5546 autem
2506 5496 2650 5550 acies
2680 5498 2904 5553 aliorum
2933 5504 3287 5570 quorumdam
3320 5515 3437 5558 erat
3482 5506 3674 5559 candi-

2088 5577 2332 5631 datorutn
2364 5588 2420 5633 et
2442 5583 2760 5639 terribilium
2806 5590 3006 5656 specie.
3040 5591 3140 5656 Qui
3174 5591 3303 5645 ninil
3337 5592 3675 5647 invenientes

2088 5665 2210 5722 boni
2232 5709 2247 5732 ,
2272 5678 2328 5723 ot
2355 5680 2411 5725 et
2434 5671 2533 5739 ipsi
2564 5675 2932 5743 appenderent
2956 5691 3179 5736 econtra
3208 5682 3495 5738 adversum
3531 5684 3673 5738 mala

2085 5776 2248 5830 opera
2284 5777 2401 5832 qua:
2426 5765 2653 5822 collecta
2683 5780 2837 5825 erant
2872 5787 2902 5827 a
2934 5774 3127 5829 Mauris
3175 5777 3227 5830 in
3259 5775 3375 5831 acie
3409 5775 3669 5844 ipsorum,
