2008 3113
94 152 150 180 557

562 145 644 174 VITA
664 145 786 174 SANCTI
806 145 949 174 JOANNIS
968 147 1257 181 ELEEMOSYNARIL

1686 163 1741 191 558

88 206 173 234 ulmis
193 204 392 232 tribulabantur
415 207 442 231 et
456 203 641 237 tristabantur,
658 209 686 232 et
711 208 801 232 mente
824 211 888 231 con-
907 203 930 232 Δ
944 204 1106 239 gentarium,
1118 207 1268 240 quidamna
1280 208 1421 238 inciderat.
1436 211 1478 239 Ad
1494 213 1658 245 locutionem
1671 225 1738 246 vero

88 251 288 280 sternebantur
312 249 346 277 ad
366 249 539 284 alterutrum,
554 254 580 276 et
602 250 727 277 dicebam
748 249 841 285 :Ergo
860 257 894 277 ne

88 296 159 324 nihil
186 297 318 324 habemus
340 296 403 324 hic?
421 295 498 323 Tunc
520 297 587 324 dicit
601 305 670 325 unus
694 305 787 326 eorum
802 306 809 325 :
824 297 895 326 Vere

88 343 158 370 nihil
187 342 335 376 habemus,
363 341 414 369 nisi
438 348 518 369 unam
544 342 689 378 siliginem,
711 350 792 378 quam
818 343 895 371 dedit

87 393 156 416 ante
171 388 242 415 duos
255 388 314 416 dies
328 387 446 421 (Zhristo,
464 393 490 415 et
504 387 588 422 ipsam
602 396 654 416 non
670 389 833 416 voluntarie.
862 389 894 416 Et

87 434 260 462 tnittentibus
275 433 314 461 eis
337 434 485 468 siliginem,
501 435 641 468 aequalitas
656 435 725 463 facta
739 440 790 463 est.
816 434 894 463 ’l‘nnc

88 479 183 506 dicunt
207 479 357 506 teloneario
382 479 409 506 hi
431 479 477 513 qui
496 484 678 514 apparuerant
692 481 717 508 ei
733 480 867 508 candidati
884 488 892 507 :

89 524 177 557 Vade,
194 529 222 552 et
235 532 304 559 auge
317 524 350 551 ad
376 524 511 559 siliginem
535 523 618 558 hanc,
641 533 701 552 nam
724 533 787 553 vere
809 525 893 553 Mauri

90 571 138 598 isti
151 575 177 598 te
195 572 407 605 apprehendent.
424 570 535 605 Ejulans
545 578 620 605 ergo,
632 572 743 606 agnovit
755 580 816 607 qua:
838 573 892 600 visa

90 621 156 645 sunt
170 616 205 643 ab
221 624 256 644 eo
273 624 328 644 non
351 624 412 644 esse
427 616 576 650 mendacia,
593 617 640 644 sed
656 618 772 645 veracia.
798 618 893 646 Omnia

94 671 160 690 vero
174 670 237 698 qua:
260 670 275 689 a
296 662 441 698 juvenlnte
465 669 512 689 sua
535 663 718 696 commiserat,
734 668 761 691 et
780 671 893 698 quorum

93 716 152 742 ipse
164 713 223 735 erat
236 706 346 740 oblitus,
363 707 471 735 videbat
486 706 630 744 Etltiopes
640 708 703 736 illos
717 716 892 744 congregare,

93 757 120 780 et
142 753 285 787 deportare
299 753 333 779 ad
350 753 456 786 libram,
472 757 499 780 et
522 753 650 780 dicebat:
678 753 751 782 Vave
776 754 846 789 (65),
868 755 892 782 si

95 805 147 825 una
164 798 241 832 siligo
261 805 342 832 quam
364 797 463 832 jactavi
480 806 527 832 per
544 798 663 826 furorem
685 798 722 826 ita
744 799 855 834 profuit,
877 807 892 827 a

95 844 200 878 quantis
214 843 292 871 malis
313 851 342 870 se
359 844 455 870 liberat
480 844 524 878 qui
540 844 585 871 dat
607 844 635 871 in
657 844 831 879 simplicitate
844 853 891 873 sua

945 249 1114 296 venientibus
1135 252 1277 286 ambobus,
1302 253 1367 282 dicit
1385 256 1411 283 ei
1426 258 1547 285 noxarius
1568 261 1658 290 :Andi
1677 270 1738 296 me,

945 292 1029 327 Zoile,
1045 300 1072 323 et
1086 304 1146 324 eme
1159 305 1266 326 servum
1280 308 1372 333 unum,
1385 301 1447 336 quia
1460 302 1547 331 habeo
1559 309 1613 333 tam
1628 292 1740 341 bonum;

945 340 1054 368 utdicat
1072 341 1153 369 homo
1171 344 1243 377 quod
1265 347 1394 378 patricius
1407 347 1454 375 sit.
1471 348 1503 375 Et
1518 349 1630 378 audiens
1644 340 1742 387 argen;

945 385 1028 412 tarius
1049 386 1120 420 quod
1131 394 1238 415 servum
1263 389 1384 425 haberet,
1400 392 1547 421 admiratus
1560 400 1612 428 est,
1630 401 1658 423 et
1676 385 1742 425 dicit

945 429 970 457 ei
986 438 992 456 :
1009 429 1096 458 Crede
1111 432 1188 465 mihi,
1201 434 1263 468 quia
1279 442 1332 462 non
1348 437 1473 469 possideo
1489 438 1561 466 unde
1575 447 1666 468 emere
1677 449 1742 476 pos-

945 476 1006 503 sim.
1024 476 1091 504 Dicit
1110 478 1134 506 ei
1151 486 1257 507 rursum
1284 483 1425 510 notarius:
1442 485 1540 520 Accipe
1556 491 1691 521 mutuum,
1715 493 1742 516 et

945 528 1005 548 sine
1021 529 1094 555 eum,
1110 524 1221 551 multutn
1240 526 1312 553 enim
1327 533 1368 554 est
1383 527 1479 563 bonus,
1497 536 1524 558 et
1536 531 1678 560 benedicet
1694 534 1741 562 tibi

946 566 1016 594 Deus
1032 576 1079 602 per
1092 576 1164 596 eum.
1181 571 1323 606 Acquievit
1336 580 1400 608 ergo
1414 576 1451 608 ei,
1462 582 1490 602 et
1499 577 1564 604 emit
1576 585 1637 606 etim
1651 579 1741 606 sordi-

945 612 986 638 dis
1000 613 1119 642 vestibus
1132 615 1265 651 indutum,
1288 619 1493 648 numismatibns
1510 622 1626 657 triginta.
1648 624 1740 652 lielin-

944 664 1030 691 quens
1045 664 1135 686 autem
1150 667 1210 688 eum
1223 664 1356 696 notarius,
1375 664 1441 691 abiit
1463 666 1738 704 Constantinopolim,

945 704 1114 732 satisfaciens
1128 706 1199 740 quod
1215 708 1280 734 nulli
1296 708 1348 735 hoc
1368 710 1562 745 manifestaret,
1578 718 1606 741 et
1624 715 1694 749 quod
1706 716 1740 743 de

944 748 1032 782 pretio
1043 757 1211 785 nequaquam
1222 753 1273 780 sibi
1285 754 1427 782 retinendo
1437 756 1537 791 aliquid
1555 748 1738 793 defraudaret,

943 793 993 820 sed
1023 793 1074 821 hoc
1097 798 1180 822 totum
1198 798 1361 831 pauperibus
1390 800 1477 829 daret.
1504 803 1574 837 Ergo
1597 804 1741 839 aliquando

946 838 1029 866 idem.
1047 838 1142 867 Petrus
1165 842 1307 876 coquinam
1336 844 1453 872 faciebat
1477 846 1586 875 domino
1609 838 1669 883 suo,
1691 851 1740 878 ali-

99 891 168 918 bona
191 890 395 925 indigentibus?
421 891 452 917 Et
468 891 501 917 de
517 895 617 918 cretero
641 891 678 919 ita
703 891 840 920 modestus
863 889 930 920 etB
944 884 1049 918 quando
1063 891 1152 913 “lem
1176 886 1282 914 ¹²ν³δί¹ι
1307 895 1410 923 illam")5
1435 892 1510 925 εὲυδι
1535 901 1671 928 "unquam
1687 896 1739 922 ali-

101 936 211 970 prudens
226 940 307 971 atque
322 944 443 964 sumnnts
456 938 671 973 t-leemosynator
694 938 781 967 factus
795 943 891 974 est.,ttt

98 981 175 1008 etiam
190 982 298 1016 corpori
312 983 422 1016 proprio
433 990 486 1009 non
502 988 634 1016 parceret.

130 1026 251 1062 Contigit
263 1028 334 1055 enim
352 1028 493 1063 aliquando
509 1030 656 1057 secundum
669 1030 888 1058 consuetudinem

97 1073 248 1107 procedere
270 1081 331 1101 cum
356 1075 469 1102 diluculo
493 1076 526 1101 ad
543 1076 690 1110 teloneum,
712 1082 739 1104 et
755 1077 842 1104 obviat
864 1077 889 1104 ei

96 1125 192 1153 nauta,
208 1121 252 1155 qtti
267 1128 281 1147 a
298 1122 431 1156 naufragio
447 1123 532 1149 nudus
550 1128 578 1150 ut
597 1129 674 1152 natus
689 1130 730 1152 est
749 1130 887 1158 evaserat;

94 1169 123 1192 et
138 1164 239 1191 cecidit
261 1172 323 1193 ante
347 1174 416 1199 eum,
435 1176 533 1200 rogans
548 1174 577 1196 ut
606 1171 799 1204 protectionem
819 1170 889 1205 apud

96 1217 155 1236 eutn
170 1209 338 1244 impetraret.
352 1211 398 1238 ille
411 1219 475 1248 ergo
491 1219 587 1247 putans
602 1214 674 1249 qunti
690 1222 789 1250 egenus
801 1220 884 1248 esset,

99 1254 255 1288 cxspoliavit
278 1262 308 1282 se
332 1257 504 1290 esophoriutn
521 1258 577 1293 ((54)
600 1266 699 1292 suum,
724 1260 795 1294 quod
819 1261 889 1288 illius

100 1299 190 1326 melius
204 1305 277 1332 erat,
297 1305 325 1328 et
348 1302 394 1328 dat
409 1302 445 1334 ei,
460 1304 615 1339 rogavitque
633 1311 694 1331 eum
711 1309 739 1332 ut
760 1306 813 1333 hoc
832 1306 889 1340 ipse

102 1346 247 1373 \‘estirelur.
278 1346 394 1382 Pergens
420 1356 483 1376 vero
507 1350 550 1377 ille
565 1355 592 1377 et
606 1352 769 1379 erubescens
794 1353 887 1380 vestiri

100 1391 160 1421 ltoc,
175 1391 247 1417 dedit
263 1392 325 1419 illud
343 1393 475 1420 venditori
493 1400 520 1421 ttt
536 1396 751 1423 venumdnretur.
768 1397 801 1424 Et
826 1405 887 1425 cutn

98 1437 235 1464 recederet
246 1438 417 1473 telouearius,
433 1441 497 1468 vidit
514 1442 564 1468 hoc
576 1449 746 1476 suspensum,
758 1448 784 1470 et
799 1445 888 1471 trista-

98 1487 141 1510 tns
152 1489 192 1511 est
204 1484 388 1519 vehementer;
401 1491 429 1513 et
439 1488 588 1515 ascendens
601 1488 709 1515 domqu
720 1497 808 1522 suam,
822 1490 887 1516 nihil

97 1536 190 1563 passus
214 1536 254 1557 est
275 1535 399 1565 gustare;
422 1533 468 1559 sed
490 1533 618 1560 claudens
633 1533 731 1560 ostium
753 1535 887 1562 conclavis

942 929 1050 963 quando
1072 930 1099 958 in
1124 932 1243 965 quolibet
1267 933 1361 961 ltorum
1377 941 1511 964 assuetus.
1527 938 1628 966 Afilixit
1648 945 1737 968 autent

941 975 1062 1010 seipsum
1076 981 1104 1004 et
1124 976 1229 1011 jejunio
1240 979 1333 1007 multo.
1349 980 1414 1008 Cum
1430 989 1494 1010 vero
1510 983 1620 1012 vidisset
1642 993 1672 1013 se
1691 987 1739 1014 bc—

943 1021 1032 1048 nedici
1056 1021 1182 1051 dominus
1198 1024 1256 1058 ejus
1281 1033 1362 1060 super
1384 1035 1490 1056 omnem
1511 1030 1734 1066 benedictionem,

940 1066 1007 1093 dicit
1022 1067 1059 1100 ei,
1078 1070 1274 1098 verecundatus
1289 1079 1427 1101 enormem
1442 1074 1502 1109 ejns
1515 1076 1642 1104 virtutem
1654 1084 1680 1105 et
1693 1081 1737 1106 hu-

940 1113 1081 1142 tnilitatem
1095 1124 1101 1141 :
1120 1116 1197 1149 Volo,
1215 1117 1323 1146 humilis
1337 1119 1426 1152 Petro,
1443 1121 1557 1156 liberare
1568 1127 1605 1156 te,
1618 1129 1646 1151 et
1657 1129 1685 1151 ut
1695 1125 1733 1152 sis

940 1158 974 1186 de
989 1159 1092 1194 reliquo
1106 1160 1191 1188 lrater
1204 1169 1290 1190 meus.
1306 1163 1354 1191 Ille
1369 1172 1433 1192 vero
1445 1167 1540 1194 noluit.
1563 1167 1670 1196 Viderat
1686 1178 1735 1197 au-

940 1209 995 1233 tem
1017 1213 1078 1233 eum
1093 1206 1249 1241 frequenter
1262 1210 1381 1237 convicia
1398 1211 1534 1245 perferre,
1550 1218 1577 1240 et
1592 1216 1695 1248 percuti
1718 1224 1734 1244 a

940 1253 1077 1280 conservis
1091 1253 1158 1281 suis.
1173 1254 1310 1283 Habebam
1322 1262 1411 1284 autem
1426 1265 1486 1285 eum
1503 1263 1627 1294 tanquam
1639 1269 1734 1290 amen-

941 1303 1003 1331 tem,
1018 1299 1053 1326 ita
1069 1304 1098 1327 ut
1116 1304 1143 1327 et
1158 1308 1257 1328 nomen
1281 1303 1305 1329 ei
1322 1303 1490 1337 imponerent
1503 1305 1637 1334 Amentis.
1661 1308 1735 1341 Quo.

941 1344 1096 1380 tiescunque
1120 1353 1186 1380 ergo
1212 1347 1463 1382 tribulaltant,eum
1479 1352 1602 1379 conservi
1624 1353 1682 1386 sui,
1705 1359 1734 1382 et

940 1390 1092 1417 dormiebat
1103 1391 1130 1418 itt
1147 1392 1330 1427 tribulatione,
1344 1396 1489 1429 apparebat
1502 1397 1526 1424 ei
1543 1398 1627 1432 quiin
1646 1399 1735 1428 Alrica

940 1436 979 1463 illi
1003 1444 1175 1471 apparuerat,
1202 1440 1314 1468 vestitus
1338 1442 1485 1476 esophorio
1500 1443 1570 1478 ejus,
1588 1449 1682 1472 tenens
1706 1451 1734 1474 et

940 1480 984 1508 illa
999 1482 1105 1516 triginta
1129 1483 1289 1511 nomismata
1315 1485 1342 1512 in
1360 1494 1455 1520 manu,
1483 1487 1575 1516 dicens
1599 1490 1649 1517 ei:
1673 1491 1733 1518 Noli

939 1531 1051 1554 moestus
1073 1535 1143 1562 esse,
1169 1529 1250 1556 frater
1265 1531 1353 1563 Petre.
1369 1539 1419 1566 ego
1439 1534 1544 1568 suscepi
1568 1540 1595 1562 et
1619 1536 1732 1570 pretium

96 1576 147 1606 sui,
164 1576 243 1611 190
255 1577 365 1606 sedebat
377 1578 484 1613 plorans
499 1585 525 1606 et
538 1580 662 1613 cogitans
675 1589 681 1607 :
701 1580 767 1613 Quia
785 1589 838 1607 non
851 1582 886 1607 iui

941 1572 988 1604 tui,
1004 1572 1051 1600 sed
1067 1578 1190 1601 sustenta
1207 1582 1289 1609 usque
1304 1576 1366 1603 dum
1380 1579 1561 1612 cognoscaris.

97 1621 201 1655 digitus,
228 1623 322 1657 inquit,
339 1628 366 1651 ut
387 1624 440 1651 tnei
464 1626 620 1652 memoriam
643 1625 756 1653 haberet
774 1633 886 1661 egenus.

97 1664 160 1692 Cum
185 1674 248 1702 ergo
271 1669 435 1702 anxiaretur,
461 1669 638 1702 obdormivit;
668 1675 696 1698 et
719 1678 783 1699 ecce
819 1671 888 1698 vidit

97 1712 237 1745 quemdam
265 1715 417 1747 speciosum
457 1719 582 1750 tanquam
620 1716 726 1749 solem,
758 1717 887 1744 ferentem

97 1765 201 1786 crucem
219 1768 301 1794 super
313 1765 392 1795 caput
404 1769 481 1789 suum
493 1766 521 1789 ct
533 1762 717 1797 esophoriutn,
728 1763 798 1798 quod
808 1763 889 1790 dede-

98 1810 138 1832 rat
165 1810 273 1840 nautze,
305 1808 477 1836 assistentem
498 1809 548 1836 sibi
570 1815 597 1836 et
633 1810 766 1838 dicentem
793 1819 799 1836 :
820 1811 891 1844 Quid

99 1851 196 1884 ploras,
210 1851 318 1880 domine
331 1853 432 1882 Petrei
448 1854 503 1882 lloc
516 1855 587 1882 ettim
604 1861 662 1883 erat
676 1857 701 1883 ei
717 1864 825 1884 nomen.
843 1858 889 1884 Ille

99 1904 160 1923 vero
175 1897 254 1928 dixit.
282 1903 311 1925 ut
329 1899 362 1926 ad
383 1900 465 1927 Deum
481 1900 622 1935 disputans
642 1909 649 1928 :
665 1902 744 1936 Quia,
760 1901 887 1935 Domine,

98 1948 129 1967 es
144 1941 241 1976 quibus
266 1942 372 1977 largiris
386 1944 474 1977 nobis,
490 1945 585 1972 damus
599 1946 690 1979 alicui,
714 1950 743 1974 et
762 1946 789 1973 in
813 1953 890 1982 turpe

98 1986 199 2014 lucrum
217 1992 323 2015 vertunt
335 1989 507 2024 accipientes.
520 1991 596 2018 Tunc
609 1991 673 2020 dicit
686 1993 709 2021 ei
723 2001 729 2018 :
743 1991 889 2028 Cognoscis

99 2032 166 2059 hoc?
182 2032 215 2060 Et
236 2033 353 2062 ostendit
367 2035 393 2062 ei
408 2036 469 2070 quia
486 2036 593 2065 deintus
609 2039 724 2067 vestitus
738 2045 809 2068 esset
831 2040 889 2075 ejus

96 2077 248 2110 esophorio.
272 2078 341 2106 Dicit
365 2080 390 2108 ei
405 2089 412 2107 :
429 2081 500 2109 Ecce
524 2089 574 2116 ego
592 2083 640 2110 illo
660 2086 769 2117 vestior,
785 2094 817 2113 ex
835 2094 889 2121 quo

96 2121 190 2150 dediin
206 2123 273 2151 mihi
287 2125 353 2157 hoc;
367 2129 395 2153 et
409 2126 509 2161 gratias
523 2134 573 2162 ago
588 2129 716 2157 voluntati
732 2135 783 2158 tute
795 2132 888 2166 bonae,

94 2168 221 2202 quoniam
235 2168 336 2204 frigore
348 2171 498 2207 amigebar,
512 2177 539 2200 et
554 2178 580 2200 tu
592 2175 754 2208 cooperuiin
773 2184 827 2203 me.
850 2177 889 2204 Ad

95 2220 125 2241 se
139 2222 203 2249 ergo
220 2222 356 2251 reversus,
372 2217 521 2246 admiratus
535 2223 586 2252 est,
600 2224 628 2247 et
641 2220 725 2255 cmpit
736 2221 890 2250 beatilicare

95 2267 194 2294 egenos
205 2265 237 2289 et
253 2261 365 2290 dicere:
381 2262 454 2291 Vivit
467 2264 606 2295 Dominus.
621 2267 643 2293 si
657 2266 751 2302 inopes
765 2267 887 2296 Christus

95 2313 173 2333 meus
187 2311 260 2340 sunt,
286 2314 338 2335 non
351 2308 464 2342 moriar,
480 2314 509 2337 et
529 2310 589 2337 liatn
611 2316 737 2347 tanquam
759 2320 831 2341 unus
852 2321 885 2341 ex

129 2398 268 2427 Accersito
287 2406 351 2427 vero
367 2401 471 2428 notario
484 2409 545 2435 suo,
568 2410 648 2438 quem
662 2407 690 2431 et
704 2408 825 2437 emerat,
846 2404 887 2431 tli-

94 2443 132 2471 cit
146 2445 172 2472 ei
187 2453 192 2470 :
206 2444 346 2473 Secretum
360 2446 422 2473 volo‘
436 2447 548 2475 credere
563 2447 630 2481 tibi;
643 2453 670 2476 et
683 2449 774 2482 crede,
789 2450 812 2477 si
823 2457 886 2485 pro-

94 2491 226 2524 palaveris
239 2499 293 2525 me,
309 2492 430 2521 barbaris
442 2494 555 2521 vendam
568 2499 606 2527 te,
614 2500 660 2522 aut
669 2496 691 2523 si
705 2496 887 2531 nonaudieris

93 2542 149 2563 me.
161 2536 212 2563 Dat
222 2544 286 2565 vero
293 2537 416 2565 eidecem
430 2538 619 2574 librasanri,et
633 2540 696 2568 dicit
705 2541 730 2568 ei
743 2549 750 2568 :
765 2541 848 2575 Vade,
861 2546 888 2569 et

93 2587 154 2608 eme
169 2581 215 2609 tibi
227 2583 379 2617 negotium;
395 2588 422 2611 et
442 2590 520 2611 sume
534 2592 586 2617 me,
603 2588 630 2612 et
650 2585 703 2612 duc
722 2586 749 2613 in
769 2591 888 2614 sanctam

92 2625 241 2659 civitatem,
265 2632 290 2654 et
305 2628 392 2656 vende
410 2636 452 2656 me
475 2629 585 2657 cuilibet
598 2629 760 2664 Christiano,
776 2636 803 2659 et
830 2640 889 2667 pre-

93 2674 161 2702 tiuttt
176 2675 208 2702 da
222 2677 392 2711 pauperibus.
408 2676 518 2705 Notario
531 2684 622 2706 autem
645 2684 798 2712 recusante,
822 2680 887 2708 dicit

92 2720 120 2747 ei
137 2721 231 2749 iterum
245 2731 252 2750 :
268 2723 398 2756 Quoniam
414 2724 435 2750 si
450 2732 494 2751 me
508 2732 562 2752 non
578 2725 743 2759 vendideris,
762 2735 812 2762 ego
824 2735 888 2755 ven-

93 2765 157 2793 dam
181 2770 208 2794 te
223 2767 358 2800 barbaris.
374 2773 403 2795 ut
417 2770 528 2803 praedixi
554 2771 611 2798 tibi.
631 2771 755 2799 Obedivit
777 2780 841 2808 ergo
861 2774 886 2802 ei

94 2810 230 2845 notarius;
246 2816 273 2839 et
286 2813 503 2846 pervenientibus
516 2815 556 2843 eis
571 2816 604 2843 ad
619 2821 711 2844 sancta
727 2817 795 2851 loca,
807 2820 885 2848 inve-

94 2855 136 2881 nit
148 2855 217 2884 idem
229 2857 349 2886 notarius
363 2859 477 2887 amicum
493 2868 569 2889 suum
585 2861 705 2895 charum,
721 2863 825 2892 labrum
843 2873 886 2893 ar-

976 1628 1041 1656 Post
1054 1630 1161 1664 aliquod
1177 1638 1239 1657 vero
1263 1636 1379 1666 tempus,
1394 1639 1526 1662 venerunt
1539 1643 1553 1661 a
1576 1637 1659 1670 patria
1674 1639 1734 1674 ejus

940 1674 1048 1709 quidam
1062 1677 1165 1710 argenti
1180 1677 1348 1712 venditores,
1364 1684 1392 1707 ut
1405 1687 1513 1712 orarent
1533 1683 1566 1709 ad
1592 1683 1649 1711 loca
1673 1692 1734 1712 san~

940 1725 998 1753 cla;
1008 1726 1034 1748 et
1047 1721 1170 1749 invitavit
1181 1730 1226 1750 eos
1239 1724 1271 1750 ad
1283 1725 1424 1757 prandium
1436 1726 1561 1755 dominus
1569 1728 1670 1757 domini
1685 1730 1734 1758 Pe-

942 1765 988 1798 tri;
1002 1771 1029 1793 et
1043 1774 1103 1794 cum
1117 1767 1291 1803 ministraret,
1306 1771 1393 1797 statim
1411 1772 1454 1799 ille
1469 1775 1594 1807 cognovit
1608 1782 1664 1803 eos.
1678 1776 1732 1811 ipsi

940 1815 1029 1838 autem
1051 1812 1113 1839 dum
1137 1813 1313 1846 pranderent,
1330 1821 1469 1850 coeperunt
1492 1819 1633 1852 aﬂigurare
1652 1827 1732 1854 eum,

940 1861 968 1884 et
980 1857 1095 1884 invicem
1110 1857 1143 1884 ad
1156 1865 1235 1885 aures
1247 1858 1337 1887 dicere
1351 1868 1357 1887 :
1374 1861 1458 1894 Quam
1479 1863 1578 1890 similat
1594 1871 1659 1898 puer
1681 1866 1733 1894 isto

940 1903 1048 1931 domino
1064 1904 1144 1931 Petro
1159 1904 1313 1933 teloneario.
1329 1906 1376 1934 ille
1395 1915 1459 1935 vero
1470 1910 1629 1944 occultabat,
1645 1919 1733 1946 quan-

941 1953 996 1983 tum
1011 1954 1126 1983 poterat,
1140 1951 1241 1978 vultum
1263 1959 1352 1981 suum.
1370 1953 1468 1981 lterum
1485 1963 1549 1991 ergo
1564 1958 1731 1986 comedenti-

940 1996 989 2024 bus
1003 1996 1053 2028 eis,
1069 2002 1208 2031 cmperunt
1218 1998 1307 2026 dicere
1317 2000 1350 2026 ad
1363 2008 1422 2027 eum
1433 2001 1477 2036 qui
1494 2009 1539 2029 eos
1555 2003 1732 2032 invitaverat:

940 2041 1010 2070 Vere
1024 2047 1158 2076 putamus,
1181 2051 1225 2072 res
1240 2045 1287 2072 tibi
1299 2053 1392 2081 magna
1408 2047 1506 2079 evenit,
1522 2048 1629 2077 domine
1642 2049 1732 2084 Zoile;

941 2089 1051 2122 etenim,
1076 2089 1127 2117 nisi
1151 2097 1284 2123 erratnus,
1301 2091 1432 2126 publicatn
1448 2101 1588 2128 personam
1610 2096 1637 2124 in
1654 2097 1733 2126 mini-

940 2134 1024 2162 sterio
1039 2138 1085 2162 tuo
1099 2134 1192 2164 habes.
1215 2136 1309 2170 Neque
1322 2138 1393 2166 enim
1410 2139 1531 2167 sciebant
1543 2142 1653 2176 certius,
1670 2152 1731 2178 quia

939 2183 998 2207 erat
1008 2179 1042 2206 de
1055 2180 1169 2215 coquiua
1184 2186 1210 2208 et
1232 2181 1336 2216 jejunio
1349 2189 1530 2212 commutatus
1549 2186 1638 2214 vultus
1660 2189 1732 2222 ejus.

941 2224 991 2253 Diu
1005 2224 1087 2260 igitur
1102 2226 1333 2255 considerantibus
1355 2235 1428 2262 eum,
1452 2229 1516 2257 dicit
1529 2238 1596 2258 unus
1616 2240 1648 2260 ex
1668 2234 1731 2262 eis:

900 2259 928 2290 Ι)
942 2268 1010 2298 Vero
1024 2270 1148 2298 dominus
1173 2272 1268 2299 Petrus
1288 2277 1339 2305 est,
1363 2259 1470 2309 surgam
1493 2279 1520 2302 et
1541 2276 1638 2305 tenebo
1658 2285 1731 2305 eum.

942 2314 1025 2343 Valde
1039 2316 1110 2343 enim
1126 2316 1270 2352 imperator
1279 2318 1403 2354 audiens,
1426 2320 1547 2348 tristatur
1566 2321 1600 2349 de
1612 2329 1654 2356 eo,
1671 2324 1732 2357 quia

941 2360 1040 2389 dudum
1069 2368 1122 2388 non
1147 2363 1306 2396 comparuit.
1326 2362 1401 2391 Foris
1425 2364 1515 2400 itaque
1536 2373 1612 2394 sans
1631 2368 1732 2395 attdivit

942 2405 1013 2438 lucc;
1030 2411 1056 2433 et
1071 2414 1175 2441 ponens
1189 2408 1305 2435 catinum
1320 2416 1335 2435 a
1350 2416 1390 2441 se,
1403 2417 1455 2437 non
1469 2415 1510 2438 est
1525 2411 1669 2445 ingressus,
1683 2413 1732 2441 sed

942 2456 1016 2479 recto
1031 2459 1111 2479 cursu
1125 2454 1243 2481 cucurrit
1257 2454 1290 2480 ad
1306 2459 1420 2488 portam.
1446 2456 1510 2484 Erat
1531 2457 1620 2492 itaque
1640 2458 1665 2485 ei
1685 2460 1731 2493 qui

941 2504 1002 2524 eum
1019 2502 1082 2526 tunc
1096 2498 1211 2527 habebat
1226 2499 1352 2527 ostiarius
1368 2505 1455 2527 mutus
1476 2506 1502 2528 et
1515 2503 1612 2529 surdus
1626 2510 1641 2529 ι
1660 2505 1731 2531 nati-

941 2544 1032 2576 vitate,
1048 2545 1092 2579 qui
1107 2552 1154 2580 per
1167 2550 1260 2573 nutum
1277 2550 1365 2573 tamen
1381 2547 1517 2581 aperiebat
1534 2552 1562 2575 et
1576 2549 1729 2579 clattdebat.

942 2590 1082 2617 Festinans
1090 2598 1154 2625 ergo
1169 2599 1263 2619 servus
1274 2591 1321 2619 Dei
1336 2592 1421 2625 exire,
1433 2592 1495 2619 dicit
1506 2593 1587 2620 surdo
1598 2599 1625 2622 et
1636 2601 1710 2622 nmto
1722 2608 1729 2623 ;

940 2634 999 2662 Tibi
1015 2634 1076 2662 dico
1089 2635 1115 2662 in
1130 2636 1237 2664 nomine
1252 2635 1363 2663 Christi.
1380 2637 1425 2664 Ille
1435 2644 1499 2664 vero
1513 2638 1614 2666 audivit
1628 2641 1729 2674 statim,

940 2685 967 2709 et
979 2681 1049 2708 dixit
1061 2690 1067 2707 :
1081 2682 1177 2714 Etiam,
1193 2682 1311 2710 domine.
1337 2682 1433 2711 lterum
1450 2691 1513 2712 vero
1528 2685 1573 2712 ille
1593 2686 1626 2713 ad
1648 2694 1708 2714 cum
1721 2707 1730 2715 .

939 2727 1031 2762 Aperi.
1047 2726 1195 2761 Respondit
1220 2732 1310 2755 mutus
1324 2732 1352 2755 et
1376 2729 1473 2757 surdus
1493 2731 1632 2759 secundo:
1654 2732 1729 2767 Ego,

939 2773 1159 2802 dotnine.Statim
1169 2775 1365 2808 ergowrrexit,
1378 2780 1404 2803 et
1414 2777 1518 2811 aperuit
1527 2776 1561 2803 ei.
1572 2777 1603 2804 Et
1613 2783 1730 2805 exeunte

939 2828 981 2852 eo,
994 2821 1075 2848 subiit
1086 2820 1224 2854 ostiarius,
1240 2824 1268 2848 et
1282 2820 1409 2849 clamavit
1422 2829 1512 2849 coram
1528 2822 1652 2850 omnibus
1661 2830 1728 2856 gatt-

939 2866 1005 2894 dl'IlS
1029 2870 1055 2893 et
1078 2866 1225 2899 exsultans;
1242 2866 1304 2901 quia
1323 2866 1426 2895 audivit
1446 2871 1474 2896 et
1487 2867 1591 2895 locutus
1605 2871 1656 2899 est,
1675 2866 1725 2892 Do-
