4016 6280
396 365 500 421 359

1429 352 1516 407 DE
1559 349 1737 405 VITIS
1775 343 2057 403 PATRUM
2099 342 2298 397 LiBEll
2339 340 2613 397 PRIMUS.

3551 336 3657 389 38‘.)

394 478 557 540 mine,
603 470 842 526 Domine.
896 468 1058 521 Porro
1085 464 1330 519 omnibus
1360 461 1447 531 qui
1495 462 1545 514 in
1576 459 1762 513 eadem
1805 457 1965 509 domo
1993 460 2039 512 Α
2070 453 2189 519 quia
2222 466 2392 520 usque
2422 450 2578 504 hodie
2609 446 2854 517 putabam
2886 444 3023 514 quod
3058 444 3134 497 vel
3168 443 3364 512 aliquid
3399 442 3656 510 facerem,

393 573 545 619 erant
574 558 890 629 perterritis,
913 555 1162 624 quoniam
1187 553 1471 606 audiebant
1491 564 1611 602 eum
1636 550 1963 615 loquentem,

395 657 588 709 iterum
612 652 740 705 dicit
768 650 856 703 ille
881 646 1146 715 quondam
1177 654 1354 697 mutus
1393 661 1405 694 :
1437 642 1531 695 Ille
1554 640 1641 707 qui
1686 637 1967 706 coquiuam

397 745 646 807 faciebat,
680 740 1071 801 exiitcurrens,
1105 736 1195 789 sed
1228 735 1402 787 videte
1430 748 1495 786 nc
1528 729 1667 784 forte
1696 730 1811 798 fuga
1857 730 1971 794 lap-

400 852 491 891 sus
522 836 610 901 sit,
642 847 863 900 magnus
892 833 1033 883 enim
1067 842 1251 881 servus
1280 826 1371 878 Dei
1403 834 1503 877 est.
1548 823 1770 887 Quando
1801 821 1954 872 disce-

397 926 578 991 debat,
612 923 745 976 dixit
789 920 917 974 mihi
966 935 980 971 :
1012 917 1129 971 Tibi
1159 916 1277 969 dico
1308 916 1358 967 in
1390 914 1602 966 nomine
1653 911 1887 973 Domini;
1919 918 1972 962 et

402 1034 525 1071 mox
556 1018 658 1070 vidi
686 1018 753 1069 de
780 1031 871 1068 ore
902 1015 1016 1084 ejus
1045 1019 1325 1065 exeuntem
1356 1009 1643 1065 flammam,
1677 1014 1731 1058 et
1751 1012 1971 1071 tangen-

406 1121 509 1163 tem
537 1123 693 1163 aurcs
725 1122 903 1172 meas;
936 1115 990 1160 et
1012 1104 1188 1157 statim
1213 1102 1413 1163 audivi,
1437 1109 1489 1153 et
1516 1100 1720 1152 locutus
1739 1112 1879 1159 sum.
1907 1094 1975 1147 Et

409 1205 560 1271 191
593 1201 899 1253 exsilientes
928 1206 983 1252 et
1011 1205 1294 1265 sequentes
1321 1210 1440 1248 eum
1492 1192 1687 1257 cuncti,
1744 1190 1969 1243 ulterius

405 1308 509 1343 non
544 1289 785 1342 viderunt
835 1303 978 1341 eum.
1022 1285 1171 1338 Tunc
1217 1282 1584 1353 paenitentiam
1616 1293 1803 1335 omnes
1848 1294 1973 1347 age-

404 1380 545 1437 bant,
578 1379 666 1447 qui
698 1379 750 1429 in
780 1377 938 1429 domo
971 1376 1055 1428 illa
1101 1386 1273 1437 erant,
1322 1383 1376 1427 et
1408 1374 1520 1439 ipse
1569 1371 1817 1424 dominus
1859 1367 1975 1437 ejus

404 1472 490 1537 qui
517 1471 728 1524 Petrum
751 1476 975 1537 emerat,
1003 1467 1122 1536 quia
1153 1467 1203 1518 in
1236 1467 1324 1518 tali
1390 1463 1773 1518 exhoitorantia
1806 1452 1977 1513 humi-

409 1561 627 1613 liassent
654 1574 797 1624 eum,
820 1568 873 1611 et
904 1557 1131 1611 maxime
1155 1557 1205 1608 hi
1230 1571 1317 1623 qut
1348 1556 1609 1608 vocabant
1632 1570 1749 1607 eum
1780 1553 1978 1605 Amon-

408 1659 536 1702 tem.

480 1739 571 1791 liae
602 1747 726 1790 sunt
782 1736 1066 1790 beatissimi
1101 1751 1128 1787 a
1185 1736 1294 1789 Deo
1337 1734 1578 1787 honorati
1622 1731 1841 1786 Joannis
1888 1744 1973 1798 pa-

2072 542 2205 597 dalis
2231 558 2362 611 quas
2392 543 2592 596 habere
2641 554 2855 608 possum
2902 537 3178 605 pecuniis;
3223 536 3527 591 nesciebam
3572 552 3661 589 au.

2071 640 2177 684 tem
2210 632 2349 699 quod
2380 642 2431 686 et
2454 633 2661 700 seipsos
2688 628 3003 693 venderent,
3033 627 3261 697 quadam
3287 628 3664 698 compassioue

2071 723 2332 792 superati.

2143 836 2269 890 Car.
2302 834 2490 888 XXIII.
2529 865 2588 876 —-
2622 833 2849 900 Semper
2889 831 3103 901 quidem
3148 830 3450 885 honorabat
3477 846 3668 884 mona-

2073 923 2283 977 chicum
2317 925 2530 979 schema
2561 932 2780 977 sanctus
2813 923 2917 987 hic,
2960 932 3015 976 et
3042 919 3250 974 colebat
3291 927 3349 974 et
3376 921 3673 988 compatie-

2076 1016 2247 1080 batur,
2279 1018 2364 1070 ubi
2400 1017 2629 1069 maxime
2659 1014 2953 1083 aspiciebat
3006 1012 3329 1066 monachum
3360 1012 3654 1080 corporali~

2074 1106 2172 1159 bus
2203 1106 2522 1159 utilitatibus
2555 1112 2918 1169 angustatum.
2969 1102 3211 1157 Habebat
3239 1112 3416 1155 autem
3463 1111 3519 1155 et
3564 1100 3671 1153 hoc

2075 1213 2237 1264 super
2270 1202 2462 1250 multos
2516 1198 2863 1264 prmciputtm,
2919 1195 3037 1263 quia
3083 1192 3476 1247 accusationem
3530 1207 3669 1259 qua-

2077 1290 2435 1356 lemcumque,
2469 1286 2583 1339 sive
2614 1286 2948 1349 mendacem,
2982 1284 3096 1338 sive
3124 1297 3398 1347 veracem,
3434 1297 3536 1334 non
3580 1297 3674 1333 su-

2076 1380 2333 1446 scipiebat
2362 1384 2549 1430 contra
2594 1376 2826 1442 aliquem
2854 1373 3314 1427 circumamietum
3350 1370 3674 1424 monachico

2078 1470 2287 1522 habitu.
2316 1468 2491 1521 Semel
2521 1467 2663 1520 enim
2693 1466 2880 1522 evenit
2925 1480 2991 1519 ex
3036 1465 3367 1518 immissione
3413 1477 3674 1531 quorum-

2078 1562 2199 1614 dam
2266 1561 2693 1621 criminatorum,
2744 1557 3030 1627 pertulisse
3100 1571 3218 1609 cum
3270 1554 3469 1623 aliquid
3518 1553 3675 1606 tale:

2078 1649 2316 1716 Quodam
2349 1647 2611 1701 inunacho
2631 1656 2851 1716 gyrante
2878 1645 2929 1699 in
2966 1644 3186 1698 civitate
3212 1659 3335 1697 cum
3368 1644 3538 1711 pus-lla
3569 1656 3676 1694 una

2078 1741 2381 1807 iuvencula,
2414 1748 2467 1794 et
2499 1747 2710 1808 petente
2740 1739 3137 1807 eleemosynam
3171 1752 3264 1806 per
3285 1735 3399 1789 dies
3421 1736 3624 1802 aliquot
3646 1774 3663 1795 ,

411 1829 655 1881 triarcha:
702 1829 1053 1881 narrationes.
1084 1826 1200 1880 Non
1242 1826 1411 1879 solum
1459 1826 1598 1877 enim
1644 1825 1710 1877 de
1740 1822 1842 1875 vita
1886 1836 1979 1875 sua
2015 1817 2299 1900 Bquittam
2358 1830 2446 1898 qui
2498 1830 2598 1884 hoc
2649 1828 2932 1893 videram,
2987 1827 3352 1891 scandalizali,
3410 1826 3679 1880 ειεχίειί..

411 1930 689 1973 contentus
719 1929 831 1972 erat
863 1921 1127 1972 volentem
1162 1917 1417 1986 proficere
1466 1917 1753 1979 aedificare,
1797 1907 1981 1967 ver'um

411 2014 568 2065 etiam
596 2012 661 2064 de
690 2011 798 2064 Deo
824 2010 1054 2077 acceptis
1081 2018 1133 2062 et
1170 2008 1449 2062 veracibus
1476 2006 1821 2061 relationibus
1851 2006 1981 2068 suis,

409 2111 463 2155 et
492 2102 698 2155 dicebat
727 2115 936 2166 semper
962 2100 1075 2153 haec
1103 2082 1482 2152 audientibus:
1518 2098 1571 2152 Si
1612 2096 1826 2165 proprio
1859 2110 1984 2148 san—

410 2192 553 2261 guini
585 2208 687 2246 non
731 2198 1083 2260 pepercerunt
1130 2190 1341 2258 quidam
1383 2189 1673 2253 hominum,
1719 2186 1809 2240 sed
1848 2187 1989 2239 hunc

413 2283 678 2336 dederunt
727 2284 775 2335 in
822 2296 1012 2335 manus
1040 2278 1286 2345 fratrum,
1340 2282 1445 2333 imo
1470 2279 1693 2342 Christi,
1723 2276 1988 2345 quomodo

415 2382 566 2440 putas
601 2386 698 2425 nos
735 2386 854 2425 cum
885 2370 1158 2424 alacritate
1186 2380 1239 2423 et
1284 2370 1581 2422 humilitate
1625 2367 1877 2422 debemus
1923 2365 1990 2419 de

415 2462 749 2517 facultatibus
774 2462 969 2515 nostris
997 2461 1126 2514 dare
1148 2460 1360 2514 Christo
1386 2471 1437 2514 et
1463 2459 1645 2528 egenis
1672 2468 1833 2525 atque
1861 2472 1991 2525 pau-

416 2554 650 2622 peribus,
682 2564 737 2606 ut
765 2553 1307 2620 recompensationem
1340 2551 1660 2618 recipiamus
1697 2565 1726 2603 a
1763 2549 1907 2617 justo
1937 2557 1990 2602 et

418 2642 722 2697 mercedum
750 2640 1019 2697 redditore
1048 2641 1175 2706 Deo,
1200 2642 1250 2694 in
1274 2641 1358 2693 illa
1384 2639 1612 2693 timenda
1644 2649 1698 2693 et
1722 2639 1988 2692 horrenda

418 2733 777 2788 retributionis
831 2733 950 2786 die?
993 2734 1090 2797 Qui
1149 2747 1289 2785 nunc
1332 2734 1558 2785 seminat
1604 2744 1786 2800 parce.
1834 2744 1991 2797 parce

417 2835 471 2878 et
509 2836 696 2889 metet;
726 2837 777 2879 et
805 2826 893 2891 qui
923 2827 1150 2879 seminat
1179 2827 1229 2878 in
1284 2824 1756 2883 benedictionibus,
1801 2823 1850 2874 id
1887 2832 1990 2887 est,

418 2915 564 2984 large
590 2923 644 2969 et
664 2916 1087 2983 magnanimiter,
1113 2915 1475 2982 multipliciter
1498 2924 1551 2968 et
1573 2921 1735 2967 metet
1761 2912 1841 2980 (Il
1872 2912 1989 2965 Cor.

420 3005 532 3072 rx);
567 3005 665 3057 hoc
692 3013 792 3068 est,
825 3005 961 3058 bona
991 3004 1076 3059 illa
1107 3004 1442 3060 htereditabit
1463 3019 1580 3074 qua:
1606 3019 1817 3059 omnem
1846 3017 1996 3056 men-

422 3103 525 3147 tem
552 3097 945 3148 transcendunt.

2087 1931 2294 1973 mantes
2318 1920 2457 1989 quod
2488 1921 2677 1974 mulier
2702 1919 2817 1988 ejus
2849 1928 3013 1983 esset,
3038 1920 3325 1972 attulerunt
3350 1917 3674 1986 patriarcha)

2086 2020 2268 2064 contra
2303 2026 2424 2064 cum
2456 2012 2726 2078 querelas,
2759 2010 3036 2062 dicentes:
3070 2007 3289 2077 Propter
3317 2008 3463 2076 quid,
3496 2024 3525 2060 a
3557 2008 3674 2061 Dro

2090 2102 2370 2166 honorate,
2423 2100 2646 2168 derogat
2695 2100 2815 2153 talis
2871 2098 3123 2168 angelica:
3172 2098 3496 2150 monachica!
3548 2095 3675 2149 vita:

2089 2190 2369 2256 schemati,
2407 2191 2634 2258 puellam
2665 2188 2946 2258 quamdam
2977 2190 3180 2242 habens
3209 2187 3523 2241 mulierem?
3549 2186 3672 2239 Mox

2087 2296 2216 2352 ergo
2246 2281 2336 2335 Dei
2385 2281 2637 2344 famulus,
2690 2290 2883 2347 putans
2932 2280 3220 2348 prohibere
3269 2289 3456 2332 contra
3509 2276 3673 2331 Deum

2088 2372 2371 2426 commissa
2402 2379 2638 2438 peccata,
2668 2380 2916 2438 tanquam
2945 2370 3033 2435 qui
3062 2369 3127 2421 ad
3160 2369 3262 2421 hoc
3310 2368 3377 2420 ab
3418 2381 3482 2422 eo
3526 2378 3673 2421 esset

2092 2470 2399 2530 provectus,
2435 2462 2694 2530 praecepit
2722 2462 3001 2515 mulierem
3032 2461 3242 2530 quidem
3270 2459 3488 2528 ﬂagellis
3517 2458 3671 2521 credi,

2091 2563 2145 2605 et
2172 2552 2407 2618 separari
2438 2551 2503 2605 ab
2531 2566 2627 2617 eo;
2660 2552 2833 2619 ipsum
2859 2562 3033 2607 autem
3056 2550 3352 2615 verberari,
3381 2560 3436 2605 et
3465 2551 3517 2604 in
3545 2566 3665 2604 car—

2089 2655 2215 2697 cere
2247 2650 2455 2696 secreto
2486 2642 2710 2696 recludi.
2746 2641 2880 2695 Dum
2913 2657 3039 2711 ergo
3069 2658 3189 2695 cum
3221 2642 3365 2695 omni
3394 2641 3673 2696 celeritate

2088 2737 2260 2808 jussio
2308 2738 2475 2791 sancti
2508 2736 2559 2790 in
2591 2751 2724 2806 opus
2774 2737 3107 2805 procederet,
3154 2737 3401 2805 apparuit
3442 2734 3491 2789 ei
3522 2745 3678 2788 nocte

2095 2845 2188 2898 per
2213 2831 2381 2883 visum
2405 2829 2720 2893 monachus,
2750 2829 3036 2883 ostendens
3058 2828 3105 2883 ei
3138 2827 3354 2881 dorsum
3386 2841 3542 2881 suum
3568 2841 3671 2894 pu-

2098 2921 2380 2973 trefactum
2411 2920 2539 2987 (non
2579 2928 2860 2987 parcentes
2902 2919 3043 2973 enim
3075 2919 3379 2973 ceciderant
3416 2932 3538 2971 eum
3573 2917 3679 2971 Ec-

2096 3010 2277 3063 clesia:
2303 3009 2636 3079 defensores)
2662 3008 2849 3063 dicens
2879 3009 2927 3062 ei
2963 3026 2974 3061 :
3009 3008 3083 3061 Ita
3122 3009 3291 3076 placet
3314 3007 3429 3071 tibi,
3460 3006 3682 3061 domine
3752 3008 3761 3012 '

2101 3100 2431 3167 patriarcha;
2470 3101 2571 3154 hac
2628 3114 2727 3153 una
2788 3100 2903 3154 vice
2963 3098 3151 3153 errasti
3184 3109 3239 3152 ut
3282 3097 3475 3161 homo;
3524 3097 3682 3151 crede

492 3185 619 3238 Car.
650 3184 813 3238 XXII.
846 3210 915 3225 —-
941 3185 1195 3238 Omnibus
1221 3199 1347 3252 ergo
1398 3184 1557 3239 rectis
1604 3185 1841 3238 moribus
1894 3184 1994 3238 iste
2021 3176 2066 3238 C
2099 3189 2249 3255 mihi,
2280 3192 2400 3259 quia
2430 3191 2497 3244 de
2538 3191 2783 3258 proximo
2810 3199 2891 3244 est
2935 3191 3042 3242 vita
3069 3197 3123 3242 et
3152 3204 3316 3242 mors.
3367 3188 3432 3241 Et
3462 3188 3574 3240 haec
3602 3189 3683 3240 di-

422 3285 639 3327 sanctus
663 3273 971 3338 adornatus,
1003 3288 1101 3327 nec
1141 3274 1241 3327 hoc
1268 3274 1514 3337 carebat;
1549 3274 1702 3327 valde
1736 3276 1878 3327 enim
1909 3275 1996 3326 tli-

425 3364 618 3433 ligehat
660 3366 834 3433 eloqui
880 3367 947 3418 de
972 3366 1175 3420 actibus
1215 3376 1515 3419 sanctorum
1561 3367 1794 3431 Patrum,
1830 3374 1883 3419 et
1909 3382 1997 3419 (ξος.

423 3475 540 3515 rum
590 3460 677 3527 qui
726 3461 1088 3529 eleemosynte
1135 3461 1369 3514 cultores
1403 3462 1632 3514 fuerunt.
1684 3460 1834 3515 Unde
1879 3474 1998 3514 cum

424 3566 525 3604 una
551 3552 757 3605 dierum
788 3552 1039 3605 recitaret
1065 3550 1133 3606 de
1162 3552 1269 3604 vita
1315 3553 1484 3605 sancti
1533 3553 1858 3620 Serapionis,
1908 3553 1997 3618 qui

425 3643 710 3696 vocabatur
740 3642 1045 3705 Sindunius,
1097 3653 1150 3695 et
1190 3643 1451 3697 inveniret
1495 3660 1615 3697 cum
1676 3644 1758 3713 (ut
1812 3643 1999 3713 fertur)

422 3738 672 3787 amictum
703 3749 853 3786 suum
892 3734 1105 3787 dedisse
1132 3745 1302 3802 egeno
1329 3733 1589 3802 (Pallad.,
1622 3751 1735 3804 cap.
1786 3732 1904 3802 85),
1950 3744 2004 3787 et

423 3826 616 3880 iterum
641 3824 911 3892 paululum
936 3825 1263 3891 processisse
1299 3823 1464 3890 illinc,
1495 3835 1549 3880 et
1591 3826 1754 3894 frigus
1783 3827 2001 3894 patienti

423 3917 694 3973 obviassc.
744 3923 799 3969 et
845 3915 920 3969 illi
966 3916 1194 3969 tunicam
1238 3918 1544 3983 praebuisse,
1579 3929 1631 3973 et
1661 3918 1782 3986 quia
1833 3919 2004 3971 nudus

424 4008 666 4071 sedebat,
701 4016 887 4060 tenens
915 4018 1156 4060 sanctum
1203 4008 1578 4077 Evangelium;
1609 4023 1657 4063 et
1702 4011 2003 4078 interroga-

427 4108 515 4151 tus
547 4114 575 4150 :t
606 4097 833 4165 quodam
865 4114 879 4151 :
922 4097 1050 4164 Quis
1100 4106 1151 4152 te
1192 4100 1527 4168 exspoliavit,
1557 4101 1725 4156 abba?
1781 4101 2006 4154 demon-

428 4199 610 4243 strans
636 4199 875 4243 sanctum
908 4189 1272 4259 Evangelium,
1314 4194 1389 4245 ait
1418 4210 1430 4243 :
1472 4193 1613 4258 Iste;
1656 4202 1713 4248 et
1740 4193 1842 4246 alio
1872 4205 2006 4246 tem-

434 4297 562 4349 pore
585 4282 685 4334 hoc
736 4281 906 4349 ipsum
940 4280 1283 4351 Evangelium
1314 4282 1642 4351 vendidisse,
1689 4293 1743 4337 et
1786 4284 2002 4337 dedisse

428 4370 849 4436 eleemosynam,
878 4377 932 4421 et
960 4370 1220 4438 discipulo
1242 4385 1339 4424 suo
1361 4370 1572 4424 dicente
1597 4388 1609 4423 :
1637 4371 1806 4434 Abba,
1839 4372 2011 4425 Evan-

428 4457 625 4525 gelium
653 4457 741 4511 ubi
766 4459 882 4511 est?
912 4468 964 4511 et
1014 4459 1102 4513 illo
1132 4458 1342 4512 dicente
1383 4458 1448 4512 ad
1487 4474 1607 4513 eum
1644 4478 1654 4510 :
1688 4460 1881 4525 Crede,
1912 4461 2006 4529 fili,

2098 3293 2246 3346 cens,
2278 3278 2528 3333 discessit
2554 3279 2621 3332 ab
2648 3294 2732 3333 eo.
2772 3278 2925 3333 Mane
2953 3291 3130 3332 autem
3169 3276 3330 3343 facto,
3366 3276 3680 3331 recordatus

2098 3381 2180 3427 est
2209 3373 2301 3427 ille
2335 3373 2524 3427 beatus
2581 3371 2801 3426 visionis
2833 3379 3127 3436 nocturna,
3179 3378 3232 3425 et
3261 3369 3480 3425 sedebat
3524 3383 3684 3438 super

2100 3462 2293 3515 lectum
2323 3477 2478 3516 suum
2508 3471 2764 3527 maestus;
2797 3461 3066 3528 mittitque
3096 3460 3297 3525 statim,
3332 3469 3386 3513 et
3425 3466 3685 3512 convocat

2100 3568 2194 3622 per
2219 3553 2597 3624 cancellarium
2630 3567 2785 3605 suum
2816 3555 3135 3606 munachum
3186 3550 3254 3604 de
3310 3550 3427 3604 loco
3470 3548 3523 3602 in
3578 3562 3683 3616 quo

2101 3654 2217 3700 erat
2239 3646 2501 3710 reclusus,
2528 3646 2769 3715 cogitans
2799 3643 2935 3697 intra
2968 3658 3026 3697 se
3055 3643 3243 3696 beatus
3268 3641 3355 3697 ille
3385 3639 3683 3707 patriarcha

2102 3738 2145 3791 si
2176 3737 2365 3791 similis
2395 3746 2542 3791 esset
2575 3737 2651 3789 illi
2700 3736 2789 3803 qui
2821 3744 2975 3788 nocte
3019 3734 3121 3787 sibi
3166 3742 3506 3801 apparuerat.
3549 3730 3681 3784 Cum

2105 3841 2236 3895 ergo
2285 3827 2523 3881 venisset
2568 3840 2688 3877 cum
2742 3825 2919 3878 labore
2968 3821 3134 3876 multo
3173 3826 3370 3891 (neque
3397 3820 3534 3875 enim
3565 3835 3685 3888 pro.

2104 3928 2223 3987 pter
2252 3918 2433 3987 plagas
2458 3919 2659 3972 moveri
2690 3916 2941 3986 poterat),
2973 3931 3199 3982 cumque
3229 3916 3429 3967 vultum
3455 3912 3569 3981 ejus
3600 3913 3680 3963 vi-

2105 4010 2274 4063 disset
2298 4010 2618 4078 patriarcha,
2652 4010 2907 4061 remansit
2937 4008 3055 4059 sine
3078 4021 3216 4059 voce
3262 4006 3539 4067 immotus,
3575 4017 3679 4054 non

2106 4098 2293 4153 valens
2319 4097 2461 4168 loqui
2493 4116 2505 4149 :
2536 4100 2648 4153 sola
2674 4106 2850 4151 autem
2876 4112 3031 4151 manu
3063 4111 3155 4150 sua
3188 4096 3359 4149 innuit
3390 4106 3446 4147 ut
3476 4094 3687 4147 sederet

2114 4204 2279 4259 prope
2305 4204 2363 4244 se
2390 4189 2441 4243 in
2470 4189 2663 4244 lectulo
2692 4205 2808 4242 suo.
2842 4189 2898 4242 In
2946 4187 3289 4253 semetipsum
3333 4200 3463 4239 vero
3509 4199 3690 4238 rever-

2111 4293 2203 4333 sus
2234 4289 2284 4333 ιιι
2312 4279 2568 4347 signatus,
2603 4280 2808 4348 rogavit
2839 4280 3181 4342 monachum,
3218 4276 3563 4345 prrecinctum
3589 4275 3691 4327 lin-

2113 4384 2226 4440 teo,
2257 4384 2314 4428 ut
2339 4375 2455 4428 sine
2483 4372 2801 4429 verecundia
2831 4372 3153 4440 despoliaret
3191 4385 3272 4435 se,
3305 4378 3566 4437 quatenus
3609 4366 3689 4420 vi-

2123 4464 2276 4519 deret
2306 4463 2524 4518 dorsum
2565 4463 2702 4532 ejus,
2749 4464 2794 4518 si
2844 4461 2916 4516 ita
2963 4471 3107 4515 esset
3151 4460 3283 4515 sicut
3327 4459 3455 4513 etin
3486 4457 3688 4509 somnis

432 4552 518 4618 qui
548 4550 680 4602 dixit
720 4551 846 4602 mihi
883 4568 894 4602 :
928 4548 1111 4603 Vende
1156 4566 1273 4618 qua:
1303 4548 1488 4614 habes,
1518 4559 1572 4604 et
1594 4550 1658 4603 da
1691 4552 2008 4619 pauperibus
2035 4549 2087 4608 Ι)
2116 4556 2341 4609 viderat.
2376 4555 2475 4608 Vix
2504 4571 2632 4624 ergo
2654 4570 2840 4609 suasus
2865 4563 2921 4607 ut
2953 4553 3003 4608 id
3033 4562 3230 4622 ageret,
3261 4550 3573 4617 despoliavit
3601 4564 3686 4602 se.

433 4640 649 4711 (ΜιιιιΙι.
673 4642 815 4706 xm),
846 4640 1017 4706 ipsum
1050 4634 1347 4693 vendidiet
1389 4639 1511 4692 dedi
1536 4642 1635 4705 eis,
1660 4652 1713 4694 ut
1741 4642 1792 4694 in
1819 4642 1904 4695 die
1928 4642 2012 4710 ju-

433 4732 558 4785 dicii
589 4732 877 4783 habeamus
903 4729 1152 4782 Iidutiam
1179 4729 1616 4783 abundantiorem
1645 4731 1782 4799 apttd
1810 4732 2010 4797 Deum;

436 4835 489 4879 et
516 4824 633 4893 quia
664 4825 795 4876 alias
829 4825 1016 4875 iterum
1049 4822 1203 4875 vidua
1234 4823 1424 4876 mulier
1465 4824 1680 4891 petisset
1719 4825 1783 4876 ab
1821 4822 2009 4877 eodem

434 4928 495 4967 sa
536 4926 619 4967 cto
662 4912 954 4979 Serapione
982 4913 1393 4980 clcemosyuam,
1425 4914 1675 4980 quoniam
1706 4913 2015 4967 esuriehaut

440 5006 530 5057 tilii
564 5005 696 5072 ejus,
727 5012 782 5058 et
807 5003 1172 5057 nou'babeute
1201 5019 1265 5057 eo
1290 5005 1484 5071 aliquid
1512 5006 1752 5069 omnino,
1795 5005 2013 5059 tradidit

442 5108 501 5148 se
527 5096 597 5158 ei,
643 5103 694 5147 ut
743 5096 995 5148 venderet
1022 5109 1142 5147 eum
1172 5094 1239 5147 ad
1291 5097 1481 5149 mimos
1512 5097 1750 5161 (Succos,
1782 5111 1914 5165 quos
1959 5105 2015 5151 ct

442 5187 777 5240 Clu-igtianos
806 5187 928 5241 fecit
952 5188 1003 5240 in
1041 5187 1218 5255 paucis
1250 5189 1457 5243 diebus.

516 5279 639 5332 llazc
668 5280 848 5347 legens
886 5289 1101 5334 sanctus
1125 5281 1194 5335 de
1220 5290 1405 5335 saneto
1436 5283 1748 5350 Serapione,
1781 5284 2014 5352 stupefa-

443 5378 564 5425 ctus
593 5379 646 5424 et
674 5370 892 5424 miratus
916 5373 1079 5425 sancti
1109 5373 1445 5441 industriam,
1474 5383 1615 5428 totus
1645 5376 1892 5444 lacrymis
1934 5376 2015 5427 iu-

445 5461 613 5516 fectus
634 5461 840 5516 vocavit
863 5476 1049 5517 omnes
1074 5463 1469 5531 dispensatores
1499 5464 1763 5532 proprios,
1809 5466 1929 5533 legit
1966 5472 2020 5517 ot

450 5553 530 5606 eis
554 5553 731 5606 omnia
761 5552 826 5607 de
870 5563 1056 5607 sancto
1109 5554 1425 5619 Serapione,
1478 5564 1533 5609 et
1580 5556 1709 5609 dicit
1754 5555 1819 5608 ad
1877 5571 2016 5608 eos:

452 5642 630 5709 Vavac,
663 5659 695 5694 υ
749 5642 1101 5711 philochristi,
1157 5642 1279 5708 quid
1340 5646 1552 5711 prodest
1609 5646 1806 5699 homini
1858 5647 2020 5699 collo-

448 5740 625 5808 quenti
650 5738 718 5793 de
747 5739 949 5792 actibus
979 5745 1280 5791 sanctorum
1323 5738 1577 5794 Patrum?
1615 5740 1827 5796 Credite
1864 5740 2015 5806 mihi,

2117 4645 2251 4700 Cum
2284 4658 2412 4699 vero
2434 4644 2823 4712 despoliaretur
2852 4652 2909 4697 ut
2939 4650 3257 4697 monstraret
3284 4639 3502 4694 dorsum
3530 4653 3687 4691 suum

2116 4739 2234 4791 viro
2263 4744 2471 4802 sancto,
2503 4750 2598 4803 per
2645 4734 3013 4789 admirandum
3069 4734 3161 4787 Dei
3199 4733 3352 4803 192
3405 4730 3693 4785 consilium

2117 4828 2321 4882 solutus
2349 4835 2431 4881 est
2454 4840 2560 4894 quo
2607 4833 2723 4879 erat
2750 4824 2963 4879 indutus
3016 4825 3266 4890 amictus,
3320 4832 3374 4875 et
3420 4820 3616 4875 cecidit
3642 4822 3696 4874 in

2119 4924 2340 4980 terram,
2373 4924 2427 4969 et
2479 4915 2732 4969 viderunt
2786 4929 2907 4968 eum
2957 4927 3145 4967 omnes
3196 4927 3315 4966 esse
3369 4909 3695 4965 eunuchum.

2119 5007 2224 5062 Sed
2260 5008 2382 5076 quia
2412 5020 2600 5061 recens
2639 5014 2774 5071 erat,
2832 5005 2963 5059 nulli
3016 5005 3116 5056 hoc
3160 5002 3431 5056 existebat
3477 5000 3695 5056 manife-

2118 5112 2278 5156 stum.
2311 5102 2622 5155 Videntibus
2650 5115 2776 5169 ergo
2805 5114 2923 5153 eum
2954 5098 3204 5152 omnibus
3247 5107 3302 5151 et
3341 5107 3530 5149 sancto
3563 5110 3698 5163 pon-

2120 5196 2282 5261 tillce,
2340 5206 2395 5250 et.
2449 5196 2683 5248 nutxime
2730 5192 2873 5247 dorsi
2939 5191 3053 5260 ejus
3100 5189 3399 5258 perniciosa
3448 5188 3697 5249 verbera,

2120 5286 2335 5339 mittens
2358 5298 2502 5346 mox,
2537 5281 2832 5350 segregavit
2864 5282 2980 5332 illos
3011 5279 3097 5346 qui
3127 5280 3269 5331 hunc
3300 5276 3700 5330 inconsiderate

2126 5385 2516 5429 tractaverunt.
2548 5374 3017 5428 \‘eucrabilissimo
3051 5380 3227 5425 autem
3260 5369 3528 5421 monacho
3552 5381 3705 5419 com-

2126 5467 2279 5534 plura
2333 5466 2719 5527 rationabatur,
2773 5465 2823 5516 in
2870 5462 3164 5530 ignorantia
3196 5460 3378 5513 dicens
3405 5473 3464 5511 se
3496 5457 3546 5509 in
3578 5470 3700 5509 eum

2126 5570 2399 5623 peccasse,
2427 5566 2474 5609 et
2510 5554 2559 5605 in
2593 5553 2756 5605 Deum
2786 5567 2990 5604 verum.
3028 5551 3092 5603 Et
3137 5551 3186 5602 in
3231 5551 3332 5600 hoc
3377 5544 3707 5625 admouebat

2124 5664 2246 5702 cum
2274 5647 2365 5701 ille
2392 5660 2607 5699 sanetus
2641 5662 2652 5695 :
2688 5645 2824 5707 Non,
2858 5643 3046 5710 inquit,
3093 5656 3126 5695 0
3157 5640 3251 5704 fili,
3280 5641 3349 5692 ita
3380 5638 3495 5691 sine
3522 5643 3707 5688 custo-

2125 5739 2210 5791 dia
2239 5738 2291 5792 in
2328 5737 2629 5792 civitatibus
2678 5735 2985 5789 conversari
3016 5738 3227 5803 oportet
3276 5742 3370 5784 eos
3391 5726 3481 5797 qui
3514 5730 3707 5779 sancto
