  <div class='ocr_page' id='page_1' title='image "/cluster/home/n/w/nwhite01/storage/ocr_20150623/73/uva.x000827085/188.png"; bbox 0 0 4016 6236; ppageno 0'>
   <div class='ocr_carea' id='block_1_1' title="bbox 233 376 2563 442">
    <p class='ocr_par' dir='ltr' id='par_1_1' title="bbox 233 376 2563 442">
     <span class='ocr_line' id='line_1_1' title="bbox 233 376 2563 442; baseline 0.012 -30"><span class='ocrx_word' id='word_1_1' title='bbox 233 385 319 438; x_wconf 67' lang='lat' dir='ltr'><strong>5m</strong></span> <span class='ocrx_word' id='word_1_2' title='bbox 1182 376 1339 432; x_wconf 72' lang='lat' dir='ltr'><strong>V&#39;ITA</strong></span> <span class='ocrx_word' id='word_1_3' title='bbox 1379 378 1620 434; x_wconf 62' lang='lat' dir='ltr'><strong>SANCTI</strong></span> <span class='ocrx_word' id='word_1_4' title='bbox 1664 380 1944 434; x_wconf 73' lang='lat' dir='ltr'><strong>JOANNIS</strong></span> <span class='ocrx_word' id='word_1_5' title='bbox 1987 376 2563 442; x_wconf 41' lang='lat' dir='ltr'><strong>ELEEMOSYNARIL‘</strong></span> 
     </span>
    </p>
   </div>
   <div class='ocr_carea' id='block_1_2' title="bbox 3390 377 3494 451">
    <p class='ocr_par' dir='ltr' id='par_1_2' title="bbox 3390 377 3494 451">
     <span class='ocr_line' id='line_1_2' title="bbox 3390 377 3494 451; baseline 0.019 -2"><span class='ocrx_word' id='word_1_6' title='bbox 3390 377 3494 451; x_wconf 54' lang='lat' dir='ltr'><strong>Sed.</strong></span> 
     </span>
    </p>
   </div>
   <div class='ocr_carea' id='block_1_3' title="bbox 232 492 3494 570">
    <p class='ocr_par' dir='ltr' id='par_1_3' title="bbox 232 492 3494 570">
     <span class='ocr_line' id='line_1_3' title="bbox 232 492 3494 570; baseline 0.007 -25"><span class='ocrx_word' id='word_1_7' title='bbox 232 496 468 567; x_wconf 72' lang='lat' dir='ltr'><strong>angelico</strong></span> <span class='ocrx_word' id='word_1_8' title='bbox 494 504 683 549; x_wconf 81' lang='lat' dir='ltr'><strong>vestro</strong></span> <span class='ocrx_word' id='word_1_9' title='bbox 728 492 1038 546; x_wconf 89' lang='lat' dir='ltr'><strong>indumento</strong></span> <span class='ocrx_word' id='word_1_10' title='bbox 1085 492 1466 548; x_wconf 89' lang='lat' dir='ltr'><strong>circumamicti</strong></span> <span class='ocrx_word' id='word_1_11' title='bbox 1512 503 1655 559; x_wconf 87' lang='lat' dir='ltr'><strong>sunt,</strong></span> <span class='ocrx_word' id='word_1_12' title='bbox 1707 513 1817 549; x_wconf 89' lang='lat' dir='ltr'><strong>ma—</strong></span> <span class='ocrx_word' id='word_1_13' title='bbox 1846 501 1895 559; x_wconf 77' lang='grc' dir='ltr'><strong>Α</strong></span> <span class='ocrx_word' id='word_1_14' title='bbox 1923 501 2063 568; x_wconf 90' lang='lat' dir='ltr'><strong>quod</strong></span> <span class='ocrx_word' id='word_1_15' title='bbox 2087 507 2329 556; x_wconf 83' lang='lat' dir='ltr'><strong>mortuus</strong></span> <span class='ocrx_word' id='word_1_16' title='bbox 2353 517 2526 569; x_wconf 85' lang='lat' dir='ltr'><strong>esses,</strong></span> <span class='ocrx_word' id='word_1_17' title='bbox 2561 502 2609 558; x_wconf 82' lang='lat' dir='ltr'><strong>et</strong></span> <span class='ocrx_word' id='word_1_18' title='bbox 2635 507 2943 562; x_wconf 86' lang='lat' dir='ltr'><strong>memo‘riam</strong></span> <span class='ocrx_word' id='word_1_19' title='bbox 2973 510 3044 563; x_wconf 89' lang='lat' dir='ltr'><strong>lui</strong></span> <span class='ocrx_word' id='word_1_20' title='bbox 3068 510 3388 570; x_wconf 74' lang='lat' dir='ltr'><strong>faciebamus</strong></span> <span class='ocrx_word' id='word_1_21' title='bbox 3414 525 3494 569; x_wconf 84' lang='lat' dir='ltr'><strong>ter</strong></span> 
     </span>
    </p>
   </div>
   <div class='ocr_carea' id='block_1_4' title="bbox 237 584 1816 646">
    <p class='ocr_par' dir='ltr' id='par_1_4' title="bbox 237 584 1816 646">
     <span class='ocr_line' id='line_1_4' title="bbox 237 584 1816 646; baseline -0.004 0"><span class='ocrx_word' id='word_1_22' title='bbox 237 596 370 646; x_wconf 64' lang='lat' dir='ltr'><strong>xime</strong></span> <span class='ocrx_word' id='word_1_23' title='bbox 407 596 463 641; x_wconf 94' lang='lat' dir='ltr'><strong>et</strong></span> <span class='ocrx_word' id='word_1_24' title='bbox 493 587 752 641; x_wconf 90' lang='lat' dir='ltr'><strong>feminam</strong></span> <span class='ocrx_word' id='word_1_25' title='bbox 788 585 1186 640; x_wconf 86' lang='lat' dir='ltr'><strong>circumducere</strong></span> <span class='ocrx_word' id='word_1_26' title='bbox 1233 584 1298 638; x_wconf 90' lang='lat' dir='ltr'><strong>ad</strong></span> <span class='ocrx_word' id='word_1_27' title='bbox 1348 586 1654 640; x_wconf 84' lang='lat' dir='ltr'><strong>scandalum</strong></span> <span class='ocrx_word' id='word_1_28' title='bbox 1686 587 1816 642; x_wconf 86' lang='lat' dir='ltr'><strong>alio-</strong></span> 
     </span>
    </p>
   </div>
   <div class='ocr_carea' id='block_1_5' title="bbox 237 677 1819 738">
    <p class='ocr_par' dir='ltr' id='par_1_5' title="bbox 237 677 1819 738">
     <span class='ocr_line' id='line_1_5' title="bbox 237 677 1819 738; baseline -0.002 0"><span class='ocrx_word' id='word_1_29' title='bbox 237 700 346 738; x_wconf 88' lang='lat' dir='ltr'><strong>rum</strong></span> <span class='ocrx_word' id='word_1_30' title='bbox 371 680 698 736; x_wconf 86' lang='lat' dir='ltr'><strong>videntium.</strong></span> <span class='ocrx_word' id='word_1_31' title='bbox 729 680 878 733; x_wconf 89' lang='lat' dir='ltr'><strong>Tunc</strong></span> <span class='ocrx_word' id='word_1_32' title='bbox 929 677 1224 733; x_wconf 88' lang='lat' dir='ltr'><strong>monachus</strong></span> <span class='ocrx_word' id='word_1_33' title='bbox 1267 693 1387 732; x_wconf 89' lang='lat' dir='ltr'><strong>cum</strong></span> <span class='ocrx_word' id='word_1_34' title='bbox 1417 679 1560 734; x_wconf 89' lang='lat' dir='ltr'><strong>omni</strong></span> <span class='ocrx_word' id='word_1_35' title='bbox 1608 681 1819 735; x_wconf 87' lang='lat' dir='ltr'><strong>humili-</strong></span> 
     </span>
    </p>
   </div>
   <div class='ocr_carea' id='block_1_6' title="bbox 239 769 1816 832">
    <p class='ocr_par' dir='ltr' id='par_1_6' title="bbox 239 769 1816 832">
     <span class='ocr_line' id='line_1_6' title="bbox 239 769 1816 832; baseline -0.001 -5"><span class='ocrx_word' id='word_1_36' title='bbox 239 784 337 828; x_wconf 91' lang='lat' dir='ltr'><strong>tate</strong></span> <span class='ocrx_word' id='word_1_37' title='bbox 357 773 629 826; x_wconf 90' lang='lat' dir='ltr'><strong>rationem</strong></span> <span class='ocrx_word' id='word_1_38' title='bbox 661 771 916 826; x_wconf 74' lang='lat' dir='ltr'><strong>reddebat</strong></span> <span class='ocrx_word' id='word_1_39' title='bbox 945 780 1152 832; x_wconf 90' lang='lat' dir='ltr'><strong>sancto,</strong></span> <span class='ocrx_word' id='word_1_40' title='bbox 1186 769 1369 825; x_wconf 89' lang='lat' dir='ltr'><strong>dicens</strong></span> <span class='ocrx_word' id='word_1_41' title='bbox 1399 788 1411 822; x_wconf 92' lang='lat'><strong>:</strong></span> <span class='ocrx_word' id='word_1_42' title='bbox 1460 770 1658 832; x_wconf 85' lang='lat' dir='ltr'><strong>Crede.</strong></span> <span class='ocrx_word' id='word_1_43' title='bbox 1711 773 1816 826; x_wconf 84' lang='lat' dir='ltr'><strong>do-</strong></span> 
     </span>
    </p>
   </div>
   <div class='ocr_carea' id='block_1_7' title="bbox 242 859 1813 931">
    <p class='ocr_par' dir='ltr' id='par_1_7' title="bbox 242 859 1813 931">
     <span class='ocr_line' id='line_1_7' title="bbox 242 859 1813 931; baseline -0.002 -11"><span class='ocrx_word' id='word_1_44' title='bbox 242 867 394 929; x_wconf 84' lang='lat' dir='ltr'><strong>mine,</strong></span> <span class='ocrx_word' id='word_1_45' title='bbox 425 879 538 918; x_wconf 92' lang='lat' dir='ltr'><strong>non</strong></span> <span class='ocrx_word' id='word_1_46' title='bbox 593 864 845 917; x_wconf 90' lang='lat' dir='ltr'><strong>mentiar.</strong></span> <span class='ocrx_word' id='word_1_47' title='bbox 877 859 1034 914; x_wconf 71' lang='lat' dir='ltr'><strong>Gazae</strong></span> <span class='ocrx_word' id='word_1_48' title='bbox 1082 876 1228 916; x_wconf 88' lang='lat' dir='ltr'><strong>eram</strong></span> <span class='ocrx_word' id='word_1_49' title='bbox 1281 871 1406 917; x_wconf 90' lang='lat' dir='ltr'><strong>ante</strong></span> <span class='ocrx_word' id='word_1_50' title='bbox 1436 877 1634 931; x_wconf 87' lang='lat' dir='ltr'><strong>paucos</strong></span> <span class='ocrx_word' id='word_1_51' title='bbox 1659 863 1813 929; x_wconf 82' lang='lat' dir='ltr'><strong>dies;</strong></span> 
     </span>
    </p>
   </div>
   <div class='ocr_carea' id='block_1_8' title="bbox 244 954 1815 1018">
    <p class='ocr_par' dir='ltr' id='par_1_8' title="bbox 244 954 1815 1018">
     <span class='ocr_line' id='line_1_8' title="bbox 244 954 1815 1018; baseline -0.001 -6"><span class='ocrx_word' id='word_1_52' title='bbox 244 971 289 1013; x_wconf 86' lang='lat' dir='ltr'><strong>et</strong></span> <span class='ocrx_word' id='word_1_53' title='bbox 315 966 546 1012; x_wconf 80' lang='lat' dir='ltr'><strong>exeunte</strong></span> <span class='ocrx_word' id='word_1_54' title='bbox 577 972 667 1009; x_wconf 86' lang='lat' dir='ltr'><strong>tne</strong></span> <span class='ocrx_word' id='word_1_55' title='bbox 698 956 764 1008; x_wconf 91' lang='lat' dir='ltr'><strong>de</strong></span> <span class='ocrx_word' id='word_1_56' title='bbox 789 954 1029 1018; x_wconf 75' lang='lat' dir='ltr'><strong>civitate,</strong></span> <span class='ocrx_word' id='word_1_57' title='bbox 1078 963 1138 1007; x_wconf 93' lang='lat' dir='ltr'><strong>ut</strong></span> <span class='ocrx_word' id='word_1_58' title='bbox 1163 954 1402 1010; x_wconf 82' lang='lat' dir='ltr'><strong>venirem</strong></span> <span class='ocrx_word' id='word_1_59' title='bbox 1447 963 1501 1009; x_wconf 92' lang='lat' dir='ltr'><strong>et</strong></span> <span class='ocrx_word' id='word_1_60' title='bbox 1530 956 1815 1011; x_wconf 83' lang='lat' dir='ltr'><strong>salutarem</strong></span> 
     </span>
    </p>
   </div>
   <div class='ocr_carea' id='block_1_9' title="bbox 251 1044 1821 1116">
    <p class='ocr_par' dir='ltr' id='par_1_9' title="bbox 251 1044 1821 1116">
     <span class='ocr_line' id='line_1_9' title="bbox 251 1044 1821 1116; baseline -0.001 -12"><span class='ocrx_word' id='word_1_61' title='bbox 251 1058 476 1104; x_wconf 66' lang='lat' dir='ltr'><strong>sanctum</strong></span> <span class='ocrx_word' id='word_1_62' title='bbox 519 1048 772 1102; x_wconf 86' lang='lat' dir='ltr'><strong>abbatem</strong></span> <span class='ocrx_word' id='word_1_63' title='bbox 825 1047 1024 1113; x_wconf 87' lang='lat' dir='ltr'><strong>Cyrum</strong></span> <span class='ocrx_word' id='word_1_64' title='bbox 1078 1044 1220 1116; x_wconf 73' lang='lat'><strong>(65),</strong></span> <span class='ocrx_word' id='word_1_65' title='bbox 1249 1045 1483 1104; x_wconf 85' lang='lat' dir='ltr'><strong>obviavit</strong></span> <span class='ocrx_word' id='word_1_66' title='bbox 1531 1049 1659 1101; x_wconf 90' lang='lat' dir='ltr'><strong>mihi</strong></span> <span class='ocrx_word' id='word_1_67' title='bbox 1706 1050 1821 1102; x_wconf 68' lang='lat' dir='ltr'><strong>haec</strong></span> 
     </span>
    </p>
   </div>
   <div class='ocr_carea' id='block_1_10' title="bbox 256 1138 1818 1208">
    <p class='ocr_par' dir='ltr' id='par_1_10' title="bbox 256 1138 1818 1208">
     <span class='ocr_line' id='line_1_10' title="bbox 256 1138 1818 1208; baseline -0.002 -12"><span class='ocrx_word' id='word_1_68' title='bbox 256 1145 368 1196; x_wconf 82' lang='lat' dir='ltr'><strong>bene</strong></span> <span class='ocrx_word' id='word_1_69' title='bbox 395 1141 512 1194; x_wconf 89' lang='lat' dir='ltr'><strong>visa</strong></span> <span class='ocrx_word' id='word_1_70' title='bbox 545 1140 724 1208; x_wconf 89' lang='lat' dir='ltr'><strong>puella</strong></span> <span class='ocrx_word' id='word_1_71' title='bbox 750 1138 882 1194; x_wconf 87' lang='lat' dir='ltr'><strong>foris</strong></span> <span class='ocrx_word' id='word_1_72' title='bbox 911 1146 1142 1206; x_wconf 89' lang='lat' dir='ltr'><strong>portam,</strong></span> <span class='ocrx_word' id='word_1_73' title='bbox 1168 1152 1394 1206; x_wconf 83' lang='lat' dir='ltr'><strong>vespere</strong></span> <span class='ocrx_word' id='word_1_74' title='bbox 1433 1138 1777 1194; x_wconf 89' lang='lat' dir='ltr'><strong>incumbente</strong></span> <span class='ocrx_word' id='word_1_75' title='bbox 1803 1158 1818 1204; x_wconf 94' lang='lat'><strong>;</strong></span> 
     </span>
    </p>
   </div>
   <div class='ocr_carea' id='block_1_11' title="bbox 251 1230 1821 1299">
    <p class='ocr_par' dir='ltr' id='par_1_11' title="bbox 251 1230 1821 1299">
     <span class='ocr_line' id='line_1_11' title="bbox 251 1230 1821 1299; baseline -0.002 -11"><span class='ocrx_word' id='word_1_76' title='bbox 251 1247 292 1288; x_wconf 88' lang='lat' dir='ltr'><strong>et</strong></span> <span class='ocrx_word' id='word_1_77' title='bbox 317 1246 606 1286; x_wconf 86' lang='lat' dir='ltr'><strong>accurrens</strong></span> <span class='ocrx_word' id='word_1_78' title='bbox 638 1232 706 1285; x_wconf 90' lang='lat' dir='ltr'><strong>ad</strong></span> <span class='ocrx_word' id='word_1_79' title='bbox 744 1230 904 1299; x_wconf 86' lang='lat' dir='ltr'><strong>pedes</strong></span> <span class='ocrx_word' id='word_1_80' title='bbox 931 1244 1100 1290; x_wconf 88' lang='lat' dir='ltr'><strong>meos,</strong></span> <span class='ocrx_word' id='word_1_81' title='bbox 1134 1230 1356 1298; x_wconf 90' lang='lat' dir='ltr'><strong>rogabat</strong></span> <span class='ocrx_word' id='word_1_82' title='bbox 1387 1238 1444 1284; x_wconf 95' lang='lat' dir='ltr'><strong>ut</strong></span> <span class='ocrx_word' id='word_1_83' title='bbox 1472 1245 1680 1285; x_wconf 89' lang='lat' dir='ltr'><strong>mecum</strong></span> <span class='ocrx_word' id='word_1_84' title='bbox 1706 1247 1821 1285; x_wconf 90' lang='lat' dir='ltr'><strong>am-</strong></span> 
     </span>
    </p>
   </div>
   <div class='ocr_carea' id='block_1_12' title="bbox 253 1310 1823 1386">
    <p class='ocr_par' dir='ltr' id='par_1_12' title="bbox 253 1310 1823 1386">
     <span class='ocr_line' id='line_1_12' title="bbox 253 1310 1823 1386; baseline -0.001 -6"><span class='ocrx_word' id='word_1_85' title='bbox 253 1327 462 1380; x_wconf 90' lang='lat' dir='ltr'><strong>bularet.</strong></span> <span class='ocrx_word' id='word_1_86' title='bbox 495 1323 722 1377; x_wconf 84' lang='lat' dir='ltr'><strong>Dicebat</strong></span> <span class='ocrx_word' id='word_1_87' title='bbox 749 1323 892 1376; x_wconf 91' lang='lat' dir='ltr'><strong>enim</strong></span> <span class='ocrx_word' id='word_1_88' title='bbox 935 1336 996 1375; x_wconf 89' lang='lat' dir='ltr'><strong>se</strong></span> <span class='ocrx_word' id='word_1_89' title='bbox 1039 1310 1330 1375; x_wconf 67' lang='lat' dir='ltr'><strong>&#39;llebrteam</strong></span> <span class='ocrx_word' id='word_1_90' title='bbox 1385 1335 1525 1386; x_wconf 91' lang='lat' dir='ltr'><strong>esse,</strong></span> <span class='ocrx_word' id='word_1_91' title='bbox 1581 1331 1634 1378; x_wconf 91' lang='lat' dir='ltr'><strong>et</strong></span> <span class='ocrx_word' id='word_1_92' title='bbox 1681 1324 1823 1378; x_wconf 89' lang='lat' dir='ltr'><strong>velle</strong></span> 
     </span>
    </p>
   </div>
   <div class='ocr_carea' id='block_1_13' title="bbox 254 1411 1824 1481">
    <p class='ocr_par' dir='ltr' id='par_1_13' title="bbox 254 1411 1824 1481">
     <span class='ocr_line' id='line_1_13' title="bbox 254 1411 1824 1481; baseline -0.001 -11"><span class='ocrx_word' id='word_1_93' title='bbox 254 1415 355 1471; x_wconf 79' lang='lat' dir='ltr'><strong>fieri</strong></span> <span class='ocrx_word' id='word_1_94' title='bbox 399 1415 800 1477; x_wconf 85' lang='lat' dir='ltr'><strong>Christianam;</strong></span> <span class='ocrx_word' id='word_1_95' title='bbox 841 1423 896 1467; x_wconf 91' lang='lat' dir='ltr'><strong>et</strong></span> <span class='ocrx_word' id='word_1_96' title='bbox 938 1412 1101 1481; x_wconf 72' lang='lat' dir='ltr'><strong>erepit</strong></span> <span class='ocrx_word' id='word_1_97' title='bbox 1153 1411 1341 1466; x_wconf 89' lang='lat' dir='ltr'><strong>eadem</strong></span> <span class='ocrx_word' id='word_1_98' title='bbox 1389 1427 1610 1468; x_wconf 89' lang='lat' dir='ltr'><strong>narrare</strong></span> <span class='ocrx_word' id='word_1_99' title='bbox 1648 1414 1824 1470; x_wconf 89' lang='lat' dir='ltr'><strong>verbis</strong></span> 
     </span>
    </p>
   </div>
   <div class='ocr_carea' id='block_1_14' title="bbox 257 1507 1822 1575">
    <p class='ocr_par' dir='ltr' id='par_1_14' title="bbox 257 1507 1822 1575">
     <span class='ocr_line' id='line_1_14' title="bbox 257 1507 1822 1575; baseline -0.003 -11"><span class='ocrx_word' id='word_1_100' title='bbox 257 1508 609 1570; x_wconf 84' lang='lat' dir='ltr'><strong>ltorribilibus,</strong></span> <span class='ocrx_word' id='word_1_101' title='bbox 643 1517 830 1561; x_wconf 89' lang='lat' dir='ltr'><strong>utnon</strong></span> <span class='ocrx_word' id='word_1_102' title='bbox 880 1507 1247 1575; x_wconf 86' lang='lat' dir='ltr'><strong>permitterem</strong></span> <span class='ocrx_word' id='word_1_103' title='bbox 1304 1507 1478 1573; x_wconf 84' lang='lat' dir='ltr'><strong>perire</strong></span> <span class='ocrx_word' id='word_1_104' title='bbox 1530 1521 1669 1562; x_wconf 89' lang='lat' dir='ltr'><strong>eam.</strong></span> <span class='ocrx_word' id='word_1_105' title='bbox 1734 1507 1822 1561; x_wconf 85' lang='lat' dir='ltr'><strong>Ti-</strong></span> 
     </span>
    </p>
   </div>
   <div class='ocr_carea' id='block_1_15' title="bbox 258 1597 1821 1668">
    <p class='ocr_par' dir='ltr' id='par_1_15' title="bbox 258 1597 1821 1668">
     <span class='ocr_line' id='line_1_15' title="bbox 258 1597 1821 1668; baseline -0.004 -12"><span class='ocrx_word' id='word_1_106' title='bbox 258 1617 397 1656; x_wconf 87' lang='lat' dir='ltr'><strong>tnens</strong></span> <span class='ocrx_word' id='word_1_107' title='bbox 442 1600 627 1667; x_wconf 85' lang='lat' dir='ltr'><strong>itaque</strong></span> <span class='ocrx_word' id='word_1_108' title='bbox 669 1613 768 1668; x_wconf 91' lang='lat' dir='ltr'><strong>ego</strong></span> <span class='ocrx_word' id='word_1_109' title='bbox 810 1597 1074 1666; x_wconf 87' lang='lat' dir='ltr'><strong>judicium</strong></span> <span class='ocrx_word' id='word_1_110' title='bbox 1128 1597 1242 1660; x_wconf 87' lang='lat' dir='ltr'><strong>Dei,</strong></span> <span class='ocrx_word' id='word_1_111' title='bbox 1274 1598 1474 1666; x_wconf 85' lang='lat' dir='ltr'><strong>sumpsi</strong></span> <span class='ocrx_word' id='word_1_112' title='bbox 1504 1612 1642 1663; x_wconf 90' lang='lat' dir='ltr'><strong>eam,</strong></span> <span class='ocrx_word' id='word_1_113' title='bbox 1676 1601 1821 1651; x_wconf 61' lang='grc' dir='ltr'><strong>ως)ῑὶ-</strong></span> 
     </span>
    </p>
   </div>
   <div class='ocr_carea' id='block_1_16' title="bbox 267 1690 1826 1761">
    <p class='ocr_par' dir='ltr' id='par_1_16' title="bbox 267 1690 1826 1761">
     <span class='ocr_line' id='line_1_16' title="bbox 267 1690 1826 1761; baseline -0.001 -13"><span class='ocrx_word' id='word_1_114' title='bbox 267 1705 406 1748; x_wconf 76' lang='lat' dir='ltr'><strong>mens</strong></span> <span class='ocrx_word' id='word_1_115' title='bbox 462 1691 608 1761; x_wconf 87' lang='lat' dir='ltr'><strong>quod</strong></span> <span class='ocrx_word' id='word_1_116' title='bbox 657 1707 762 1745; x_wconf 87' lang='lat' dir='ltr'><strong>non</strong></span> <span class='ocrx_word' id='word_1_117' title='bbox 814 1690 1128 1744; x_wconf 85' lang='lat' dir='ltr'><strong>immitteret</strong></span> <span class='ocrx_word' id='word_1_118' title='bbox 1184 1690 1528 1744; x_wconf 89' lang='lat' dir='ltr'><strong>tentationem</strong></span> <span class='ocrx_word' id='word_1_119' title='bbox 1600 1692 1826 1746; x_wconf 86' lang='lat' dir='ltr'><strong>Satanas</strong></span> 
     </span>
    </p>
   </div>
   <div class='ocr_carea' id='block_1_17' title="bbox 273 1783 1822 1856">
    <p class='ocr_par' dir='ltr' id='par_1_17' title="bbox 273 1783 1822 1856">
     <span class='ocr_line' id='line_1_17' title="bbox 273 1783 1822 1856; baseline -0.001 -16"><span class='ocrx_word' id='word_1_120' title='bbox 273 1787 589 1856; x_wconf 83' lang='lat' dir='ltr'><strong>spadonibus.</strong></span> <span class='ocrx_word' id='word_1_121' title='bbox 644 1784 952 1839; x_wconf 83' lang='lat' dir='ltr'><strong>Nesciebaut</strong></span> <span class='ocrx_word' id='word_1_122' title='bbox 1010 1798 1139 1838; x_wconf 90' lang='lat' dir='ltr'><strong>vero</strong></span> <span class='ocrx_word' id='word_1_123' title='bbox 1185 1784 1326 1852; x_wconf 92' lang='lat' dir='ltr'><strong>quod</strong></span> <span class='ocrx_word' id='word_1_124' title='bbox 1373 1783 1570 1838; x_wconf 90' lang='lat' dir='ltr'><strong>nemini</strong></span> <span class='ocrx_word' id='word_1_125' title='bbox 1620 1795 1822 1854; x_wconf 88' lang='lat' dir='ltr'><strong>parcat.</strong></span> 
     </span>
    </p>
   </div>
   <div class='ocr_carea' id='block_1_18' title="bbox 1923 593 3494 667">
    <p class='ocr_par' dir='ltr' id='par_1_18' title="bbox 1923 593 3494 667">
     <span class='ocr_line' id='line_1_18' title="bbox 1923 593 3494 667; baseline 0.009 -21"><span class='ocrx_word' id='word_1_126' title='bbox 1923 593 1976 646; x_wconf 92' lang='lat' dir='ltr'><strong>in</strong></span> <span class='ocrx_word' id='word_1_127' title='bbox 2009 607 2171 647; x_wconf 91' lang='lat' dir='ltr'><strong>anno.</strong></span> <span class='ocrx_word' id='word_1_128' title='bbox 2201 593 2331 648; x_wconf 91' lang='lat' dir='ltr'><strong>Cum</strong></span> <span class='ocrx_word' id='word_1_129' title='bbox 2374 606 2501 664; x_wconf 86' lang='lat' dir='ltr'><strong>ergo</strong></span> <span class='ocrx_word' id='word_1_130' title='bbox 2531 595 2768 651; x_wconf 87' lang='lat' dir='ltr'><strong>audisset</strong></span> <span class='ocrx_word' id='word_1_131' title='bbox 2805 601 2943 667; x_wconf 88' lang='lat' dir='ltr'><strong>quod</strong></span> <span class='ocrx_word' id='word_1_132' title='bbox 2974 599 3024 652; x_wconf 92' lang='lat' dir='ltr'><strong>in</strong></span> <span class='ocrx_word' id='word_1_133' title='bbox 3072 615 3211 655; x_wconf 87' lang='lat' dir='ltr'><strong>anno</strong></span> <span class='ocrx_word' id='word_1_134' title='bbox 3245 612 3323 657; x_wconf 90' lang='lat' dir='ltr'><strong>ter</strong></span> <span class='ocrx_word' id='word_1_135' title='bbox 3351 605 3494 660; x_wconf 91' lang='lat' dir='ltr'><strong>face-</strong></span> 
     </span>
    </p>
   </div>
   <div class='ocr_carea' id='block_1_19' title="bbox 1924 686 3498 762">
    <p class='ocr_par' dir='ltr' id='par_1_19' title="bbox 1924 686 3498 762">
     <span class='ocr_line' id='line_1_19' title="bbox 1924 686 3498 762; baseline 0.01 -27"><span class='ocrx_word' id='word_1_136' title='bbox 1924 693 2042 737; x_wconf 87' lang='lat' dir='ltr'><strong>rent</strong></span> <span class='ocrx_word' id='word_1_137' title='bbox 2074 700 2169 752; x_wconf 90' lang='lat' dir='ltr'><strong>pro</strong></span> <span class='ocrx_word' id='word_1_138' title='bbox 2194 701 2258 740; x_wconf 92' lang='lat' dir='ltr'><strong>eo</strong></span> <span class='ocrx_word' id='word_1_139' title='bbox 2284 686 2623 755; x_wconf 84' lang='lat' dir='ltr'><strong>memoriam,</strong></span> <span class='ocrx_word' id='word_1_140' title='bbox 2650 687 2941 760; x_wconf 87' lang='lat' dir='ltr'><strong>interrogat</strong></span> <span class='ocrx_word' id='word_1_141' title='bbox 2964 703 3059 746; x_wconf 92' lang='lat' dir='ltr'><strong>eos</strong></span> <span class='ocrx_word' id='word_1_142' title='bbox 3086 692 3134 745; x_wconf 92' lang='lat' dir='ltr'><strong>in</strong></span> <span class='ocrx_word' id='word_1_143' title='bbox 3166 708 3271 762; x_wconf 87' lang='lat' dir='ltr'><strong>quo</strong></span> <span class='ocrx_word' id='word_1_144' title='bbox 3305 695 3412 760; x_wconf 89' lang='lat' dir='ltr'><strong>die,</strong></span> <span class='ocrx_word' id='word_1_145' title='bbox 3445 707 3498 750; x_wconf 85' lang='lat' dir='ltr'><strong>et</strong></span> 
     </span>
    </p>
   </div>
   <div class='ocr_carea' id='block_1_20' title="bbox 1923 775 3488 853">
    <p class='ocr_par' dir='ltr' id='par_1_20' title="bbox 1923 775 3488 853">
     <span class='ocr_line' id='line_1_20' title="bbox 1923 775 3488 853; baseline 0.008 -26"><span class='ocrx_word' id='word_1_146' title='bbox 1923 775 1975 827; x_wconf 92' lang='lat' dir='ltr'><strong>in</strong></span> <span class='ocrx_word' id='word_1_147' title='bbox 2005 789 2109 842; x_wconf 91' lang='lat' dir='ltr'><strong>quo</strong></span> <span class='ocrx_word' id='word_1_148' title='bbox 2135 791 2319 832; x_wconf 88' lang='lat' dir='ltr'><strong>mense</strong></span> <span class='ocrx_word' id='word_1_149' title='bbox 2360 776 2474 832; x_wconf 84' lang='lat' dir='ltr'><strong>haec</strong></span> <span class='ocrx_word' id='word_1_150' title='bbox 2503 779 2854 835; x_wconf 90' lang='lat' dir='ltr'><strong>celebrarent.</strong></span> <span class='ocrx_word' id='word_1_151' title='bbox 2905 782 2972 835; x_wconf 84' lang='lat' dir='ltr'><strong>Et</strong></span> <span class='ocrx_word' id='word_1_152' title='bbox 3025 782 3131 836; x_wconf 89' lang='lat' dir='ltr'><strong>illis</strong></span> <span class='ocrx_word' id='word_1_153' title='bbox 3173 783 3488 853; x_wconf 85' lang='lat' dir='ltr'><strong>dicentibus,</strong></span> 
     </span>
    </p>
   </div>
   <div class='ocr_carea' id='block_1_21' title="bbox 1924 866 3494 945">
    <p class='ocr_par' dir='ltr' id='par_1_21' title="bbox 1924 866 3494 945">
     <span class='ocr_line' id='line_1_21' title="bbox 1924 866 3494 945; baseline 0.008 -27"><span class='ocrx_word' id='word_1_154' title='bbox 1924 866 2126 921; x_wconf 88' lang='lat' dir='ltr'><strong>sanctis</strong></span> <span class='ocrx_word' id='word_1_155' title='bbox 2146 866 2528 937; x_wconf 89' lang='lat' dir='ltr'><strong>Theophaniis,</strong></span> <span class='ocrx_word' id='word_1_156' title='bbox 2555 878 2609 924; x_wconf 92' lang='lat' dir='ltr'><strong>et</strong></span> <span class='ocrx_word' id='word_1_157' title='bbox 2630 869 2901 926; x_wconf 89' lang='lat' dir='ltr'><strong>Dominica</strong></span> <span class='ocrx_word' id='word_1_158' title='bbox 2927 883 3107 927; x_wconf 89' lang='lat' dir='ltr'><strong>sancta</strong></span> <span class='ocrx_word' id='word_1_159' title='bbox 3130 884 3285 945; x_wconf 88' lang='lat' dir='ltr'><strong>atque</strong></span> <span class='ocrx_word' id='word_1_160' title='bbox 3312 888 3494 931; x_wconf 90' lang='lat' dir='ltr'><strong>sancta</strong></span> 
     </span>
    </p>
   </div>
   <div class='ocr_carea' id='block_1_22' title="bbox 1925 957 3499 1038">
    <p class='ocr_par' dir='ltr' id='par_1_22' title="bbox 1925 957 3499 1038">
     <span class='ocr_line' id='line_1_22' title="bbox 1925 957 3499 1038; baseline 0.007 -26"><span class='ocrx_word' id='word_1_161' title='bbox 1925 957 2238 1014; x_wconf 85' lang='lat' dir='ltr'><strong>Pentecoste</strong></span> <span class='ocrx_word' id='word_1_162' title='bbox 2252 959 2391 1032; x_wconf 82' lang='grc'>(67),</span> <span class='ocrx_word' id='word_1_163' title='bbox 2409 961 2546 1016; x_wconf 86' lang='lat' dir='ltr'><strong>dixit</strong></span> <span class='ocrx_word' id='word_1_164' title='bbox 2566 961 2654 1018; x_wconf 91' lang='lat' dir='ltr'><strong>ille</strong></span> <span class='ocrx_word' id='word_1_165' title='bbox 2675 981 2686 1015; x_wconf 90' lang='lat'><strong>:</strong></span> <span class='ocrx_word' id='word_1_166' title='bbox 2705 964 2834 1030; x_wconf 85' lang='lat' dir='ltr'><strong>Quia</strong></span> <span class='ocrx_word' id='word_1_167' title='bbox 2853 964 3018 1021; x_wconf 87' lang='lat' dir='ltr'><strong>tribus</strong></span> <span class='ocrx_word' id='word_1_168' title='bbox 3041 966 3154 1022; x_wconf 84' lang='lat' dir='ltr'><strong>istis</strong></span> <span class='ocrx_word' id='word_1_169' title='bbox 3172 971 3499 1038; x_wconf 83' lang='lat' dir='ltr'><strong>temporibus</strong></span> 
     </span>
    </p>
   </div>
   <div class='ocr_carea' id='block_1_23' title="bbox 1924 1053 3491 1126">
    <p class='ocr_par' dir='ltr' id='par_1_23' title="bbox 1924 1053 3491 1126">
     <span class='ocr_line' id='line_1_23' title="bbox 1924 1053 3491 1126; baseline 0.011 -23"><span class='ocrx_word' id='word_1_170' title='bbox 1924 1053 2048 1106; x_wconf 90' lang='lat' dir='ltr'><strong>anui</strong></span> <span class='ocrx_word' id='word_1_171' title='bbox 2068 1053 2311 1108; x_wconf 90' lang='lat' dir='ltr'><strong>veniebat</strong></span> <span class='ocrx_word' id='word_1_172' title='bbox 2339 1055 2553 1124; x_wconf 89' lang='lat' dir='ltr'><strong>quidam</strong></span> <span class='ocrx_word' id='word_1_173' title='bbox 2585 1055 2898 1112; x_wconf 89' lang='lat' dir='ltr'><strong>candidatus</strong></span> <span class='ocrx_word' id='word_1_174' title='bbox 2947 1069 3004 1113; x_wconf 93' lang='lat' dir='ltr'><strong>ut</strong></span> <span class='ocrx_word' id='word_1_175' title='bbox 3028 1060 3126 1126; x_wconf 90' lang='lat' dir='ltr'><strong>sol,</strong></span> <span class='ocrx_word' id='word_1_176' title='bbox 3160 1070 3214 1116; x_wconf 92' lang='lat' dir='ltr'><strong>et</strong></span> <span class='ocrx_word' id='word_1_177' title='bbox 3235 1063 3491 1119; x_wconf 82' lang='lat' dir='ltr'><strong>dissolve-</strong></span> 
     </span>
    </p>
   </div>
   <div class='ocr_carea' id='block_1_24' title="bbox 1925 1143 3498 1216">
    <p class='ocr_par' dir='ltr' id='par_1_24' title="bbox 1925 1143 3498 1216">
     <span class='ocr_line' id='line_1_24' title="bbox 1925 1143 3498 1216; baseline 0.008 -20"><span class='ocrx_word' id='word_1_178' title='bbox 1925 1143 2016 1197; x_wconf 89' lang='lat' dir='ltr'><strong>bat</strong></span> <span class='ocrx_word' id='word_1_179' title='bbox 2046 1159 2131 1198; x_wconf 90' lang='lat' dir='ltr'><strong>me</strong></span> <span class='ocrx_word' id='word_1_180' title='bbox 2183 1160 2213 1198; x_wconf 89' lang='lat' dir='ltr'><strong>a</strong></span> <span class='ocrx_word' id='word_1_181' title='bbox 2241 1146 2466 1200; x_wconf 88' lang='lat' dir='ltr'><strong>vinculis</strong></span> <span class='ocrx_word' id='word_1_182' title='bbox 2495 1145 2687 1202; x_wconf 84' lang='lat' dir='ltr'><strong>ferreis</strong></span> <span class='ocrx_word' id='word_1_183' title='bbox 2713 1158 2767 1203; x_wconf 93' lang='lat' dir='ltr'><strong>et</strong></span> <span class='ocrx_word' id='word_1_184' title='bbox 2791 1164 2818 1202; x_wconf 93' lang='lat' dir='ltr'><strong>a</strong></span> <span class='ocrx_word' id='word_1_185' title='bbox 2863 1151 3134 1216; x_wconf 91' lang='lat' dir='ltr'><strong>custodia;</strong></span> <span class='ocrx_word' id='word_1_186' title='bbox 3165 1161 3218 1207; x_wconf 88' lang='lat' dir='ltr'><strong>et</strong></span> <span class='ocrx_word' id='word_1_187' title='bbox 3247 1155 3498 1210; x_wconf 88' lang='lat' dir='ltr'><strong>movebar</strong></span> 
     </span>
    </p>
   </div>
   <div class='ocr_carea' id='block_1_25' title="bbox 1924 1235 3488 1316">
    <p class='ocr_par' dir='ltr' id='par_1_25' title="bbox 1924 1235 3488 1316">
     <span class='ocr_line' id='line_1_25' title="bbox 1924 1235 3488 1316; baseline 0.008 -27"><span class='ocrx_word' id='word_1_188' title='bbox 1924 1235 2309 1293; x_wconf 87' lang='lat' dir='ltr'><strong>deambulando</strong></span> <span class='ocrx_word' id='word_1_189' title='bbox 2341 1247 2450 1294; x_wconf 86' lang='lat' dir='ltr'><strong>tota</strong></span> <span class='ocrx_word' id='word_1_190' title='bbox 2486 1239 2593 1306; x_wconf 91' lang='lat' dir='ltr'><strong>die,</strong></span> <span class='ocrx_word' id='word_1_191' title='bbox 2638 1250 2693 1296; x_wconf 91' lang='lat' dir='ltr'><strong>et</strong></span> <span class='ocrx_word' id='word_1_192' title='bbox 2733 1257 2894 1298; x_wconf 92' lang='lat' dir='ltr'><strong>nemo</strong></span> <span class='ocrx_word' id='word_1_193' title='bbox 2926 1246 3342 1316; x_wconf 88' lang='lat' dir='ltr'><strong>recognoscebat</strong></span> <span class='ocrx_word' id='word_1_194' title='bbox 3383 1264 3488 1311; x_wconf 87' lang='lat' dir='ltr'><strong>me,</strong></span> 
     </span>
    </p>
   </div>
   <div class='ocr_carea' id='block_1_26' title="bbox 1926 1328 3493 1407">
    <p class='ocr_par' dir='ltr' id='par_1_26' title="bbox 1926 1328 3493 1407">
     <span class='ocr_line' id='line_1_26' title="bbox 1926 1328 3493 1407; baseline 0.01 -28"><span class='ocrx_word' id='word_1_195' title='bbox 1926 1328 2059 1380; x_wconf 90' lang='lat' dir='ltr'><strong>etin</strong></span> <span class='ocrx_word' id='word_1_196' title='bbox 2090 1329 2380 1385; x_wconf 87' lang='lat' dir='ltr'><strong>crastinunt</strong></span> <span class='ocrx_word' id='word_1_197' title='bbox 2429 1331 2739 1388; x_wconf 88' lang='lat' dir='ltr'><strong>inveniebar</strong></span> <span class='ocrx_word' id='word_1_198' title='bbox 2781 1334 2989 1390; x_wconf 89' lang='lat' dir='ltr'><strong>vincula</strong></span> <span class='ocrx_word' id='word_1_199' title='bbox 3037 1337 3207 1391; x_wconf 86' lang='lat' dir='ltr'><strong>ferrea</strong></span> <span class='ocrx_word' id='word_1_200' title='bbox 3256 1350 3493 1407; x_wconf 85' lang='lat' dir='ltr'><strong>portans.</strong></span> 
     </span>
    </p>
   </div>
   <div class='ocr_carea' id='block_1_27' title="bbox 1927 1419 3498 1496">
    <p class='ocr_par' dir='ltr' id='par_1_27' title="bbox 1927 1419 3498 1496">
     <span class='ocr_line' id='line_1_27' title="bbox 1927 1419 3498 1496; baseline 0.008 -22"><span class='ocrx_word' id='word_1_201' title='bbox 1927 1419 2147 1475; x_wconf 90' lang='lat' dir='ltr'><strong>Dicebat</strong></span> <span class='ocrx_word' id='word_1_202' title='bbox 2169 1421 2327 1491; x_wconf 77' lang='lat' dir='ltr'><strong>igitur</strong></span> <span class='ocrx_word' id='word_1_203' title='bbox 2343 1431 2555 1478; x_wconf 84' lang='lat' dir='ltr'><strong>sanctus</strong></span> <span class='ocrx_word' id='word_1_204' title='bbox 2578 1429 2859 1496; x_wconf 89' lang='lat' dir='ltr'><strong>episcopus</strong></span> <span class='ocrx_word' id='word_1_205' title='bbox 2882 1428 3003 1494; x_wconf 86' lang='lat' dir='ltr'><strong>quia</strong></span> <span class='ocrx_word' id='word_1_206' title='bbox 3034 1444 3098 1482; x_wconf 89' lang='lat' dir='ltr'><strong>ex</strong></span> <span class='ocrx_word' id='word_1_207' title='bbox 3126 1429 3225 1486; x_wconf 88' lang='lat' dir='ltr'><strong>huc</strong></span> <span class='ocrx_word' id='word_1_208' title='bbox 3245 1432 3498 1487; x_wconf 89' lang='lat' dir='ltr'><strong>discimus</strong></span> 
     </span>
    </p>
   </div>
   <div class='ocr_carea' id='block_1_28' title="bbox 1929 1511 3495 1590">
    <p class='ocr_par' dir='ltr' id='par_1_28' title="bbox 1929 1511 3495 1590">
     <span class='ocr_line' id='line_1_28' title="bbox 1929 1511 3495 1590; baseline 0.011 -27"><span class='ocrx_word' id='word_1_209' title='bbox 1929 1511 2126 1566; x_wconf 91' lang='lat' dir='ltr'><strong>habere</strong></span> <span class='ocrx_word' id='word_1_210' title='bbox 2155 1512 2482 1570; x_wconf 90' lang='lat' dir='ltr'><strong>dormientes</strong></span> <span class='ocrx_word' id='word_1_211' title='bbox 2527 1518 2781 1584; x_wconf 87' lang='lat' dir='ltr'><strong>quietem,</strong></span> <span class='ocrx_word' id='word_1_212' title='bbox 2834 1521 3046 1588; x_wconf 83' lang='lat' dir='ltr'><strong>quando</strong></span> <span class='ocrx_word' id='word_1_213' title='bbox 3076 1530 3171 1590; x_wconf 83' lang='lat' dir='ltr'><strong>pro</strong></span> <span class='ocrx_word' id='word_1_214' title='bbox 3211 1526 3288 1578; x_wconf 89' lang='lat' dir='ltr'><strong>eis</strong></span> <span class='ocrx_word' id='word_1_215' title='bbox 3334 1525 3495 1581; x_wconf 88' lang='lat' dir='ltr'><strong>colle—</strong></span> 
     </span>
    </p>
   </div>
   <div class='ocr_carea' id='block_1_29' title="bbox 1927 1604 2304 1659">
    <p class='ocr_par' dir='ltr' id='par_1_29' title="bbox 1927 1604 2304 1659">
     <span class='ocr_line' id='line_1_29' title="bbox 1927 1604 2304 1659; baseline 0.008 -4"><span class='ocrx_word' id='word_1_216' title='bbox 1927 1610 2042 1655; x_wconf 78' lang='lat' dir='ltr'><strong>etas</strong></span> <span class='ocrx_word' id='word_1_217' title='bbox 2065 1604 2304 1659; x_wconf 87' lang='lat' dir='ltr'><strong>facimus.</strong></span> 
     </span>
    </p>
   </div>
   <div class='ocr_carea' id='block_1_30' title="bbox 1998 1691 3498 1771">
    <p class='ocr_par' dir='ltr' id='par_1_30' title="bbox 1998 1691 3498 1771">
     <span class='ocr_line' id='line_1_30' title="bbox 1998 1691 3498 1771; baseline 0.011 -26"><span class='ocrx_word' id='word_1_218' title='bbox 1998 1691 2128 1746; x_wconf 76' lang='lat' dir='ltr'><strong>CAP.</strong></span> <span class='ocrx_word' id='word_1_219' title='bbox 2156 1694 2321 1747; x_wconf 80' lang='lat' dir='ltr'><strong>XXV.</strong></span> <span class='ocrx_word' id='word_1_220' title='bbox 2353 1725 2423 1735; x_wconf 87' lang='lat'><strong><em>—</em></strong></span> <span class='ocrx_word' id='word_1_221' title='bbox 2451 1695 2599 1763; x_wconf 87' lang='lat' dir='ltr'><strong>Quod</strong></span> <span class='ocrx_word' id='word_1_222' title='bbox 2628 1697 2677 1751; x_wconf 92' lang='lat' dir='ltr'><strong>in</strong></span> <span class='ocrx_word' id='word_1_223' title='bbox 2709 1698 2928 1754; x_wconf 82' lang='lat' dir='ltr'><strong>Aetibus</strong></span> <span class='ocrx_word' id='word_1_224' title='bbox 2958 1705 3315 1771; x_wconf 87' lang='lat' dir='ltr'><strong>apostolorum</strong></span> <span class='ocrx_word' id='word_1_225' title='bbox 3344 1707 3498 1762; x_wconf 83' lang='lat' dir='ltr'><strong>audi-</strong></span> 
     </span>
    </p>
   </div>
   <div class='ocr_carea' id='block_1_31' title="bbox 1928 1784 3495 1862">
    <p class='ocr_par' dir='ltr' id='par_1_31' title="bbox 1928 1784 3495 1862">
     <span class='ocr_line' id='line_1_31' title="bbox 1928 1784 3495 1862; baseline 0.012 -27"><span class='ocrx_word' id='word_1_226' title='bbox 1928 1784 2098 1839; x_wconf 80' lang='lat' dir='ltr'><strong>vimus</strong></span> <span class='ocrx_word' id='word_1_227' title='bbox 2122 1785 2317 1841; x_wconf 91' lang='lat' dir='ltr'><strong>factum</strong></span> <span class='ocrx_word' id='word_1_228' title='bbox 2346 1789 2482 1857; x_wconf 86' lang='lat' dir='ltr'><strong>(Act.</strong></span> <span class='ocrx_word' id='word_1_229' title='bbox 2519 1791 2612 1857; x_wconf 87' lang='lat' dir='ltr'><strong>tv),</strong></span> <span class='ocrx_word' id='word_1_230' title='bbox 2651 1791 2751 1844; x_wconf 92' lang='lat' dir='ltr'><strong>hoc</strong></span> <span class='ocrx_word' id='word_1_231' title='bbox 2775 1792 3080 1862; x_wconf 88' lang='lat' dir='ltr'><strong>frequenter</strong></span> <span class='ocrx_word' id='word_1_232' title='bbox 3110 1805 3161 1850; x_wconf 89' lang='lat' dir='ltr'><strong>et</strong></span> <span class='ocrx_word' id='word_1_233' title='bbox 3192 1798 3312 1852; x_wconf 88' lang='lat' dir='ltr'><strong>huic</strong></span> <span class='ocrx_word' id='word_1_234' title='bbox 3341 1813 3495 1854; x_wconf 84' lang='lat' dir='ltr'><strong>corn-</strong></span> 
     </span>
    </p>
   </div>
   <div class='ocr_carea' id='block_1_32' title="bbox 276 1874 3498 1946">
    <p class='ocr_par' dir='ltr' id='par_1_32' title="bbox 276 1874 3498 1946">
     <span class='ocr_line' id='line_1_32' title="bbox 276 1874 3498 1946; baseline 0.005 -15"><span class='ocrx_word' id='word_1_235' title='bbox 276 1879 412 1945; x_wconf 80' lang='lat' dir='ltr'><strong>lgitur</strong></span> <span class='ocrx_word' id='word_1_236' title='bbox 435 1877 768 1930; x_wconf 87' lang='lat' dir='ltr'><strong>venientibus</strong></span> <span class='ocrx_word' id='word_1_237' title='bbox 799 1874 972 1936; x_wconf 90' lang='lat' dir='ltr'><strong>nobis,</strong></span> <span class='ocrx_word' id='word_1_238' title='bbox 1014 1875 1348 1930; x_wconf 89' lang='lat' dir='ltr'><strong>sanctissime</strong></span> <span class='ocrx_word' id='word_1_239' title='bbox 1386 1876 1562 1941; x_wconf 86' lang='lat' dir='ltr'><strong>Pater,</strong></span> <span class='ocrx_word' id='word_1_240' title='bbox 1593 1887 1645 1931; x_wconf 90' lang='lat' dir='ltr'><strong>et</strong></span> <span class='ocrx_word' id='word_1_241' title='bbox 1690 1892 1817 1932; x_wconf 88' lang='lat' dir='ltr'><strong>ora-</strong></span> <span class='ocrx_word' id='word_1_242' title='bbox 1852 1881 1897 1945; x_wconf 77' lang='grc' dir='ltr'><strong>Β</strong></span> <span class='ocrx_word' id='word_1_243' title='bbox 1926 1877 2315 1942; x_wconf 81' lang='lat' dir='ltr'><strong>patientissimo</strong></span> <span class='ocrx_word' id='word_1_244' title='bbox 2340 1877 2639 1944; x_wconf 73' lang='lat' dir='ltr'><strong>accidebat.</strong></span> <span class='ocrx_word' id='word_1_245' title='bbox 2663 1881 2913 1937; x_wconf 79' lang='lat' dir='ltr'><strong>Vidente&#39;s</strong></span> <span class='ocrx_word' id='word_1_246' title='bbox 2938 1887 3078 1939; x_wconf 91' lang='lat' dir='ltr'><strong>enim</strong></span> <span class='ocrx_word' id='word_1_247' title='bbox 3117 1889 3265 1942; x_wconf 88' lang='lat' dir='ltr'><strong>multi</strong></span> <span class='ocrx_word' id='word_1_248' title='bbox 3300 1888 3498 1946; x_wconf 83' lang='lat' dir='ltr'><strong>indesi-</strong></span> 
     </span>
    </p>
   </div>
   <div class='ocr_carea' id='block_1_33' title="bbox 271 1969 1823 2039">
    <p class='ocr_par' dir='ltr' id='par_1_33' title="bbox 271 1969 1823 2039">
     <span class='ocr_line' id='line_1_33' title="bbox 271 1969 1823 2039; baseline -0.001 -14"><span class='ocrx_word' id='word_1_249' title='bbox 271 1973 450 2026; x_wconf 88' lang='lat' dir='ltr'><strong>tionem</strong></span> <span class='ocrx_word' id='word_1_250' title='bbox 481 1970 899 2039; x_wconf 85' lang='lat' dir='ltr'><strong>perﬁcientibus,</strong></span> <span class='ocrx_word' id='word_1_251' title='bbox 936 1971 1194 2037; x_wconf 80' lang='lat' dir='ltr'><strong>baptizavi</strong></span> <span class='ocrx_word' id='word_1_252' title='bbox 1225 1983 1342 2024; x_wconf 91' lang='lat' dir='ltr'><strong>eam</strong></span> <span class='ocrx_word' id='word_1_253' title='bbox 1367 1969 1433 2023; x_wconf 88' lang='lat' dir='ltr'><strong>ad</strong></span> <span class='ocrx_word' id='word_1_254' title='bbox 1461 1979 1701 2024; x_wconf 89' lang='lat' dir='ltr'><strong>sanctum</strong></span> <span class='ocrx_word' id='word_1_255' title='bbox 1730 1971 1823 2024; x_wconf 89' lang='lat' dir='ltr'><strong>ab-</strong></span> 
     </span>
    </p>
   </div>
   <div class='ocr_carea' id='block_1_34' title="bbox 259 2062 1820 2135">
    <p class='ocr_par' dir='ltr' id='par_1_34' title="bbox 259 2062 1820 2135">
     <span class='ocr_line' id='line_1_34' title="bbox 259 2062 1820 2135; baseline 0.003 -20"><span class='ocrx_word' id='word_1_256' title='bbox 259 2066 374 2117; x_wconf 90' lang='lat' dir='ltr'><strong>bam</strong></span> <span class='ocrx_word' id='word_1_257' title='bbox 400 2063 617 2134; x_wconf 81' lang='lat' dir='ltr'><strong>Cyrum,</strong></span> <span class='ocrx_word' id='word_1_258' title='bbox 648 2073 702 2118; x_wconf 92' lang='lat' dir='ltr'><strong>et</strong></span> <span class='ocrx_word' id='word_1_259' title='bbox 731 2062 976 2135; x_wconf 72' lang='lat' dir='ltr'><strong>gyrabam</strong></span> <span class='ocrx_word' id='word_1_260' title='bbox 1018 2077 1137 2116; x_wconf 91' lang='lat' dir='ltr'><strong>cum</strong></span> <span class='ocrx_word' id='word_1_261' title='bbox 1176 2077 1238 2118; x_wconf 92' lang='lat' dir='ltr'><strong>ea</strong></span> <span class='ocrx_word' id='word_1_262' title='bbox 1281 2062 1334 2117; x_wconf 90' lang='lat' dir='ltr'><strong>in</strong></span> <span class='ocrx_word' id='word_1_263' title='bbox 1378 2063 1607 2132; x_wconf 86' lang='lat' dir='ltr'><strong>simplici</strong></span> <span class='ocrx_word' id='word_1_264' title='bbox 1636 2065 1820 2129; x_wconf 88' lang='lat' dir='ltr'><strong>corde,</strong></span> 
     </span>
    </p>
   </div>
   <div class='ocr_carea' id='block_1_35' title="bbox 258 2157 1820 2227">
    <p class='ocr_par' dir='ltr' id='par_1_35' title="bbox 258 2157 1820 2227">
     <span class='ocr_line' id='line_1_35' title="bbox 258 2157 1820 2227; baseline 0.001 -15"><span class='ocrx_word' id='word_1_265' title='bbox 258 2172 552 2226; x_wconf 75' lang='lat' dir='ltr'><strong>exposcens</strong></span> <span class='ocrx_word' id='word_1_266' title='bbox 593 2157 854 2211; x_wconf 88' lang='lat' dir='ltr'><strong>modicum</strong></span> <span class='ocrx_word' id='word_1_267' title='bbox 894 2167 1179 2225; x_wconf 90' lang='lat' dir='ltr'><strong>sumptum,</strong></span> <span class='ocrx_word' id='word_1_268' title='bbox 1214 2165 1476 2227; x_wconf 82' lang='lat' dir='ltr'><strong>quatenus</strong></span> <span class='ocrx_word' id='word_1_269' title='bbox 1517 2159 1820 2214; x_wconf 89' lang='lat' dir='ltr'><strong>introduce-</strong></span> 
     </span>
    </p>
   </div>
   <div class='ocr_carea' id='block_1_36' title="bbox 261 2249 1823 2320">
    <p class='ocr_par' dir='ltr' id='par_1_36' title="bbox 261 2249 1823 2320">
     <span class='ocr_line' id='line_1_36' title="bbox 261 2249 1823 2320; baseline 0 -16"><span class='ocrx_word' id='word_1_270' title='bbox 261 2267 380 2305; x_wconf 90' lang='lat' dir='ltr'><strong>rem</strong></span> <span class='ocrx_word' id='word_1_271' title='bbox 428 2266 543 2305; x_wconf 90' lang='lat' dir='ltr'><strong>eam</strong></span> <span class='ocrx_word' id='word_1_272' title='bbox 583 2250 636 2303; x_wconf 88' lang='lat' dir='ltr'><strong>in</strong></span> <span class='ocrx_word' id='word_1_273' title='bbox 674 2249 1056 2304; x_wconf 86' lang='lat' dir='ltr'><strong>monasterium.</strong></span> <span class='ocrx_word' id='word_1_274' title='bbox 1100 2249 1233 2303; x_wconf 86' lang='lat' dir='ltr'><strong>Cum</strong></span> <span class='ocrx_word' id='word_1_275' title='bbox 1279 2253 1395 2304; x_wconf 67' lang='lat' dir='ltr'><strong>haec</strong></span> <span class='ocrx_word' id='word_1_276' title='bbox 1443 2251 1678 2304; x_wconf 90' lang='lat' dir='ltr'><strong>audisset</strong></span> <span class='ocrx_word' id='word_1_277' title='bbox 1728 2265 1823 2320; x_wconf 90' lang='lat' dir='ltr'><strong>pa-</strong></span> 
     </span>
    </p>
   </div>
   <div class='ocr_carea' id='block_1_37' title="bbox 263 2341 1824 2410">
    <p class='ocr_par' dir='ltr' id='par_1_37' title="bbox 263 2341 1824 2410">
     <span class='ocr_line' id='line_1_37' title="bbox 263 2341 1824 2410; baseline 0.003 -18"><span class='ocrx_word' id='word_1_278' title='bbox 263 2342 514 2403; x_wconf 85' lang='lat' dir='ltr'><strong>triarcha,</strong></span> <span class='ocrx_word' id='word_1_279' title='bbox 545 2341 676 2394; x_wconf 82' lang='lat' dir='ltr'><strong>dixit</strong></span> <span class='ocrx_word' id='word_1_280' title='bbox 703 2359 715 2392; x_wconf 87' lang='lat'>:</span> <span class='ocrx_word' id='word_1_281' title='bbox 743 2341 924 2410; x_wconf 67' lang='lat' dir='ltr'><strong>Papae!</strong></span> <span class='ocrx_word' id='word_1_282' title='bbox 965 2350 1093 2410; x_wconf 89' lang='lat' dir='ltr'><strong>quot</strong></span> <span class='ocrx_word' id='word_1_283' title='bbox 1121 2341 1415 2395; x_wconf 79' lang='lat' dir='ltr'><strong>absconsos</strong></span> <span class='ocrx_word' id='word_1_284' title='bbox 1456 2355 1640 2396; x_wconf 88' lang='lat' dir='ltr'><strong>servos</strong></span> <span class='ocrx_word' id='word_1_285' title='bbox 1664 2343 1824 2396; x_wconf 87' lang='lat' dir='ltr'><strong>habet</strong></span> 
     </span>
    </p>
   </div>
   <div class='ocr_carea' id='block_1_38' title="bbox 263 2431 1820 2502">
    <p class='ocr_par' dir='ltr' id='par_1_38' title="bbox 263 2431 1820 2502">
     <span class='ocr_line' id='line_1_38' title="bbox 263 2431 1820 2502; baseline 0.003 -20"><span class='ocrx_word' id='word_1_286' title='bbox 263 2431 420 2494; x_wconf 83' lang='lat' dir='ltr'><strong>Deus,</strong></span> <span class='ocrx_word' id='word_1_287' title='bbox 445 2441 496 2485; x_wconf 91' lang='lat' dir='ltr'><strong>et</strong></span> <span class='ocrx_word' id='word_1_288' title='bbox 517 2432 780 2485; x_wconf 84' lang='lat' dir='ltr'><strong>nescimus</strong></span> <span class='ocrx_word' id='word_1_289' title='bbox 806 2447 899 2486; x_wconf 90' lang='lat' dir='ltr'><strong>nos</strong></span> <span class='ocrx_word' id='word_1_290' title='bbox 925 2432 1188 2487; x_wconf 84' lang='lat' dir='ltr'><strong>humiles?</strong></span> <span class='ocrx_word' id='word_1_291' title='bbox 1217 2431 1284 2486; x_wconf 87' lang='lat' dir='ltr'><strong>Et</strong></span> <span class='ocrx_word' id='word_1_292' title='bbox 1310 2432 1591 2486; x_wconf 89' lang='lat' dir='ltr'><strong>enarrabat</strong></span> <span class='ocrx_word' id='word_1_293' title='bbox 1622 2433 1705 2488; x_wconf 88' lang='lat' dir='ltr'><strong>his</strong></span> <span class='ocrx_word' id='word_1_294' title='bbox 1733 2434 1820 2502; x_wconf 88' lang='lat' dir='ltr'><strong>qui</strong></span> 
     </span>
    </p>
   </div>
   <div class='ocr_carea' id='block_1_39' title="bbox 259 2524 1824 2594">
    <p class='ocr_par' dir='ltr' id='par_1_39' title="bbox 259 2524 1824 2594">
     <span class='ocr_line' id='line_1_39' title="bbox 259 2524 1824 2594; baseline 0.004 -20"><span class='ocrx_word' id='word_1_295' title='bbox 259 2532 450 2592; x_wconf 64' lang='lat' dir='ltr'><strong>prtesto</strong></span> <span class='ocrx_word' id='word_1_296' title='bbox 476 2533 623 2577; x_wconf 90' lang='lat' dir='ltr'><strong>erant</strong></span> <span class='ocrx_word' id='word_1_297' title='bbox 646 2524 897 2577; x_wconf 81' lang='lat' dir='ltr'><strong>visionem</strong></span> <span class='ocrx_word' id='word_1_298' title='bbox 926 2537 1082 2594; x_wconf 89' lang='lat' dir='ltr'><strong>quam</strong></span> <span class='ocrx_word' id='word_1_299' title='bbox 1112 2524 1318 2579; x_wconf 88' lang='lat' dir='ltr'><strong>viderat</strong></span> <span class='ocrx_word' id='word_1_300' title='bbox 1351 2534 1506 2580; x_wconf 90' lang='lat' dir='ltr'><strong>nocte</strong></span> <span class='ocrx_word' id='word_1_301' title='bbox 1536 2525 1604 2579; x_wconf 89' lang='lat' dir='ltr'><strong>de</strong></span> <span class='ocrx_word' id='word_1_302' title='bbox 1633 2540 1720 2580; x_wconf 88' lang='lat' dir='ltr'><strong>eo.</strong></span> <span class='ocrx_word' id='word_1_303' title='bbox 1757 2526 1824 2581; x_wconf 84' lang='lat' dir='ltr'><strong>Et</strong></span> 
     </span>
    </p>
   </div>
   <div class='ocr_carea' id='block_1_40' title="bbox 265 2612 1821 2683">
    <p class='ocr_par' dir='ltr' id='par_1_40' title="bbox 265 2612 1821 2683">
     <span class='ocr_line' id='line_1_40' title="bbox 265 2612 1821 2683; baseline 0.004 -19"><span class='ocrx_word' id='word_1_304' title='bbox 265 2612 469 2679; x_wconf 84' lang='lat' dir='ltr'><strong>protulit</strong></span> <span class='ocrx_word' id='word_1_305' title='bbox 496 2614 794 2680; x_wconf 79' lang='lat' dir='ltr'><strong>patriarcha</strong></span> <span class='ocrx_word' id='word_1_306' title='bbox 837 2623 1046 2669; x_wconf 91' lang='lat' dir='ltr'><strong>centum</strong></span> <span class='ocrx_word' id='word_1_307' title='bbox 1076 2615 1389 2670; x_wconf 85' lang='lat' dir='ltr'><strong>nutnismata</strong></span> <span class='ocrx_word' id='word_1_308' title='bbox 1417 2617 1482 2670; x_wconf 91' lang='lat' dir='ltr'><strong>de</strong></span> <span class='ocrx_word' id='word_1_309' title='bbox 1512 2633 1692 2683; x_wconf 89' lang='lat' dir='ltr'><strong>manu,</strong></span> <span class='ocrx_word' id='word_1_310' title='bbox 1724 2619 1821 2672; x_wconf 87' lang='lat' dir='ltr'><strong>da-</strong></span> 
     </span>
    </p>
   </div>
   <div class='ocr_carea' id='block_1_41' title="bbox 266 2702 1818 2774">
    <p class='ocr_par' dir='ltr' id='par_1_41' title="bbox 266 2702 1818 2774">
     <span class='ocr_line' id='line_1_41' title="bbox 266 2702 1818 2774; baseline 0.003 -16"><span class='ocrx_word' id='word_1_311' title='bbox 266 2715 400 2758; x_wconf 87' lang='lat' dir='ltr'><strong>turus</strong></span> <span class='ocrx_word' id='word_1_312' title='bbox 425 2704 472 2758; x_wconf 90' lang='lat' dir='ltr'><strong>ei</strong></span> <span class='ocrx_word' id='word_1_313' title='bbox 504 2720 517 2758; x_wconf 93' lang='lat'>:</span> <span class='ocrx_word' id='word_1_314' title='bbox 552 2702 646 2757; x_wconf 86' lang='lat' dir='ltr'><strong>Dei</strong></span> <span class='ocrx_word' id='word_1_315' title='bbox 678 2715 852 2758; x_wconf 89' lang='lat' dir='ltr'><strong>autem</strong></span> <span class='ocrx_word' id='word_1_316' title='bbox 878 2707 1082 2760; x_wconf 90' lang='lat' dir='ltr'><strong>amicus</strong></span> <span class='ocrx_word' id='word_1_317' title='bbox 1111 2707 1199 2760; x_wconf 92' lang='lat' dir='ltr'><strong>ille</strong></span> <span class='ocrx_word' id='word_1_318' title='bbox 1228 2713 1351 2762; x_wconf 75' lang='lat' dir='ltr'><strong>Vere</strong></span> <span class='ocrx_word' id='word_1_319' title='bbox 1371 2710 1682 2774; x_wconf 87' lang='lat' dir='ltr'><strong>monachus,</strong></span> <span class='ocrx_word' id='word_1_320' title='bbox 1715 2723 1818 2763; x_wconf 91' lang='lat' dir='ltr'><strong>non</strong></span> 
     </span>
    </p>
   </div>
   <div class='ocr_carea' id='block_1_42' title="bbox 266 2796 1821 2869">
    <p class='ocr_par' dir='ltr' id='par_1_42' title="bbox 266 2796 1821 2869">
     <span class='ocr_line' id='line_1_42' title="bbox 266 2796 1821 2869; baseline 0.005 -21"><span class='ocrx_word' id='word_1_321' title='bbox 266 2811 442 2866; x_wconf 80' lang='lat' dir='ltr'><strong>passus</strong></span> <span class='ocrx_word' id='word_1_322' title='bbox 479 2796 678 2863; x_wconf 89' lang='lat' dir='ltr'><strong>aliquid</strong></span> <span class='ocrx_word' id='word_1_323' title='bbox 732 2796 972 2866; x_wconf 88' lang='lat' dir='ltr'><strong>accipere</strong></span> <span class='ocrx_word' id='word_1_324' title='bbox 1025 2813 1090 2853; x_wconf 90' lang='lat' dir='ltr'><strong>ex</strong></span> <span class='ocrx_word' id='word_1_325' title='bbox 1141 2800 1238 2865; x_wconf 85' lang='lat' dir='ltr'><strong>eis,</strong></span> <span class='ocrx_word' id='word_1_326' title='bbox 1295 2799 1512 2869; x_wconf 90' lang='lat' dir='ltr'><strong>dignum</strong></span> <span class='ocrx_word' id='word_1_327' title='bbox 1566 2801 1821 2856; x_wconf 83' lang='lat' dir='ltr'><strong>memoria</strong></span> 
     </span>
    </p>
   </div>
   <div class='ocr_carea' id='block_1_43' title="bbox 269 2888 1823 2962">
    <p class='ocr_par' dir='ltr' id='par_1_43' title="bbox 269 2888 1823 2962">
     <span class='ocr_line' id='line_1_43' title="bbox 269 2888 1823 2962; baseline 0.006 -24"><span class='ocrx_word' id='word_1_328' title='bbox 269 2888 472 2941; x_wconf 86' lang='lat' dir='ltr'><strong>verbum</strong></span> <span class='ocrx_word' id='word_1_329' title='bbox 516 2888 583 2941; x_wconf 88' lang='lat' dir='ltr'><strong>ad</strong></span> <span class='ocrx_word' id='word_1_330' title='bbox 633 2889 991 2957; x_wconf 88' lang='lat' dir='ltr'><strong>patriarcham</strong></span> <span class='ocrx_word' id='word_1_331' title='bbox 1045 2891 1252 2945; x_wconf 91' lang='lat' dir='ltr'><strong>locutus</strong></span> <span class='ocrx_word' id='word_1_332' title='bbox 1297 2901 1399 2953; x_wconf 91' lang='lat' dir='ltr'><strong>est,</strong></span> <span class='ocrx_word' id='word_1_333' title='bbox 1431 2891 1652 2947; x_wconf 82' lang='lat' dir='ltr'><strong>dicens:</strong></span> <span class='ocrx_word' id='word_1_334' title='bbox 1713 2893 1823 2962; x_wconf 85' lang='lat' dir='ltr'><strong>Ego</strong></span> 
     </span>
    </p>
   </div>
   <div class='ocr_carea' id='block_1_44' title="bbox 275 2979 1818 3049">
    <p class='ocr_par' dir='ltr' id='par_1_44' title="bbox 275 2979 1818 3049">
     <span class='ocr_line' id='line_1_44' title="bbox 275 2979 1818 3049; baseline 0.005 -17"><span class='ocrx_word' id='word_1_335' title='bbox 275 2979 374 3032; x_wconf 84' lang='lat' dir='ltr'><strong>hoc</strong></span> <span class='ocrx_word' id='word_1_336' title='bbox 397 2994 493 3032; x_wconf 91' lang='lat' dir='ltr'><strong>non</strong></span> <span class='ocrx_word' id='word_1_337' title='bbox 537 2981 756 3049; x_wconf 87' lang='lat' dir='ltr'><strong>postulo,</strong></span> <span class='ocrx_word' id='word_1_338' title='bbox 789 2981 1036 3048; x_wconf 83' lang='lat' dir='ltr'><strong>domine;</strong></span> <span class='ocrx_word' id='word_1_339' title='bbox 1069 2982 1361 3037; x_wconf 90' lang='lat' dir='ltr'><strong>monachus</strong></span> <span class='ocrx_word' id='word_1_340' title='bbox 1399 2983 1542 3038; x_wconf 91' lang='lat' dir='ltr'><strong>enim</strong></span> <span class='ocrx_word' id='word_1_341' title='bbox 1573 2985 1617 3039; x_wconf 91' lang='lat' dir='ltr'><strong>si</strong></span> <span class='ocrx_word' id='word_1_342' title='bbox 1660 2984 1818 3041; x_wconf 88' lang='lat' dir='ltr'><strong>fidem</strong></span> 
     </span>
    </p>
   </div>
   <div class='ocr_carea' id='block_1_45' title="bbox 285 3071 1822 3146">
    <p class='ocr_par' dir='ltr' id='par_1_45' title="bbox 285 3071 1822 3146">
     <span class='ocr_line' id='line_1_45' title="bbox 285 3071 1822 3146; baseline 0.005 -23"><span class='ocrx_word' id='word_1_343' title='bbox 285 3071 445 3134; x_wconf 89' lang='lat' dir='ltr'><strong>habet,</strong></span> <span class='ocrx_word' id='word_1_344' title='bbox 475 3072 648 3125; x_wconf 92' lang='lat' dir='ltr'><strong>horum</strong></span> <span class='ocrx_word' id='word_1_345' title='bbox 679 3089 784 3128; x_wconf 92' lang='lat' dir='ltr'><strong>non</strong></span> <span class='ocrx_word' id='word_1_346' title='bbox 816 3074 1040 3143; x_wconf 81' lang='lat' dir='ltr'><strong>indiget.</strong></span> <span class='ocrx_word' id='word_1_347' title='bbox 1073 3074 1128 3129; x_wconf 89' lang='lat' dir='ltr'><strong>Si</strong></span> <span class='ocrx_word' id='word_1_348' title='bbox 1156 3084 1332 3130; x_wconf 91' lang='lat' dir='ltr'><strong>autem</strong></span> <span class='ocrx_word' id='word_1_349' title='bbox 1375 3075 1562 3130; x_wconf 91' lang='lat' dir='ltr'><strong>horum</strong></span> <span class='ocrx_word' id='word_1_350' title='bbox 1590 3086 1731 3146; x_wconf 91' lang='lat' dir='ltr'><strong>eget,</strong></span> <span class='ocrx_word' id='word_1_351' title='bbox 1766 3078 1822 3130; x_wconf 84' lang='lat' dir='ltr'><strong>li-</strong></span> 
     </span>
    </p>
   </div>
   <div class='ocr_carea' id='block_1_46' title="bbox 281 3163 1819 3235">
    <p class='ocr_par' dir='ltr' id='par_1_46' title="bbox 281 3163 1819 3235">
     <span class='ocr_line' id='line_1_46' title="bbox 281 3163 1819 3235; baseline 0.005 -20"><span class='ocrx_word' id='word_1_352' title='bbox 281 3163 386 3216; x_wconf 82' lang='lat' dir='ltr'><strong>dem</strong></span> <span class='ocrx_word' id='word_1_353' title='bbox 429 3179 524 3218; x_wconf 89' lang='lat' dir='ltr'><strong>non</strong></span> <span class='ocrx_word' id='word_1_354' title='bbox 578 3165 748 3220; x_wconf 81' lang='lat' dir='ltr'><strong>habet.</strong></span> <span class='ocrx_word' id='word_1_355' title='bbox 804 3166 955 3232; x_wconf 83' lang='lat' dir='ltr'><strong>Quod</strong></span> <span class='ocrx_word' id='word_1_356' title='bbox 1003 3167 1233 3221; x_wconf 81' lang='lat' dir='ltr'><strong>maxime</strong></span> <span class='ocrx_word' id='word_1_357' title='bbox 1281 3167 1510 3235; x_wconf 87' lang='lat' dir='ltr'><strong>amplius</strong></span> <span class='ocrx_word' id='word_1_358' title='bbox 1564 3168 1819 3223; x_wconf 79' lang='lat' dir='ltr'><strong>satisfecit</strong></span> 
     </span>
    </p>
   </div>
   <div class='ocr_carea' id='block_1_47' title="bbox 1926 1970 3498 2048">
    <p class='ocr_par' dir='ltr' id='par_1_47' title="bbox 1926 1970 3498 2048">
     <span class='ocr_line' id='line_1_47' title="bbox 1926 1970 3498 2048; baseline 0.012 -30"><span class='ocrx_word' id='word_1_359' title='bbox 1926 1975 2142 2021; x_wconf 90' lang='lat' dir='ltr'><strong>nentem</strong></span> <span class='ocrx_word' id='word_1_360' title='bbox 2171 1970 2287 2037; x_wconf 88' lang='lat' dir='ltr'><strong>ejus</strong></span> <span class='ocrx_word' id='word_1_361' title='bbox 2316 1979 2370 2025; x_wconf 94' lang='lat' dir='ltr'><strong>et</strong></span> <span class='ocrx_word' id='word_1_362' title='bbox 2396 1970 2793 2028; x_wconf 89' lang='lat' dir='ltr'><strong>inscrutabilem</strong></span> <span class='ocrx_word' id='word_1_363' title='bbox 2839 1977 2980 2029; x_wconf 90' lang='lat' dir='ltr'><strong>circa</strong></span> <span class='ocrx_word' id='word_1_364' title='bbox 3026 1988 3211 2046; x_wconf 79' lang='lat' dir='ltr'><strong>gentes</strong></span> <span class='ocrx_word' id='word_1_365' title='bbox 3255 1993 3498 2048; x_wconf 87' lang='lat' dir='ltr'><strong>compas-</strong></span> 
     </span>
    </p>
   </div>
   <div class='ocr_carea' id='block_1_48' title="bbox 1925 2059 3494 2131">
    <p class='ocr_par' dir='ltr' id='par_1_48' title="bbox 1925 2059 3494 2131">
     <span class='ocr_line' id='line_1_48' title="bbox 1925 2059 3494 2131; baseline 0.011 -19"><span class='ocrx_word' id='word_1_366' title='bbox 1925 2059 2152 2126; x_wconf 81' lang='lat' dir='ltr'><strong>sionem,-</strong></span> <span class='ocrx_word' id='word_1_367' title='bbox 2187 2063 2536 2118; x_wconf 88' lang='lat' dir='ltr'><strong>movebantur</strong></span> <span class='ocrx_word' id='word_1_368' title='bbox 2574 2064 2846 2121; x_wconf 89' lang='lat' dir='ltr'><strong>multoties</strong></span> <span class='ocrx_word' id='word_1_369' title='bbox 2889 2069 2954 2122; x_wconf 92' lang='lat' dir='ltr'><strong>ad</strong></span> <span class='ocrx_word' id='word_1_370' title='bbox 3002 2071 3276 2126; x_wconf 87' lang='lat' dir='ltr'><strong>vendenda</strong></span> <span class='ocrx_word' id='word_1_371' title='bbox 3332 2078 3494 2131; x_wconf 87' lang='lat' dir='ltr'><strong>tnulta</strong></span> 
     </span>
    </p>
   </div>
   <div class='ocr_carea' id='block_1_49' title="bbox 1925 2154 3492 2229">
    <p class='ocr_par' dir='ltr' id='par_1_49' title="bbox 1925 2154 3492 2229">
     <span class='ocr_line' id='line_1_49' title="bbox 1925 2154 3492 2229; baseline 0.011 -22"><span class='ocrx_word' id='word_1_372' title='bbox 1925 2154 1993 2209; x_wconf 91' lang='lat' dir='ltr'><strong>de</strong></span> <span class='ocrx_word' id='word_1_373' title='bbox 2020 2154 2327 2209; x_wconf 86' lang='lat' dir='ltr'><strong>substantiis</strong></span> <span class='ocrx_word' id='word_1_374' title='bbox 2350 2154 2496 2222; x_wconf 89' lang='lat' dir='ltr'><strong>suis;</strong></span> <span class='ocrx_word' id='word_1_375' title='bbox 2526 2166 2579 2211; x_wconf 91' lang='lat' dir='ltr'><strong>et</strong></span> <span class='ocrx_word' id='word_1_376' title='bbox 2621 2157 2874 2225; x_wconf 89' lang='lat' dir='ltr'><strong>ferentes,</strong></span> <span class='ocrx_word' id='word_1_377' title='bbox 2908 2163 3214 2229; x_wconf 67' lang='lat' dir='ltr'><strong>praebebant</strong></span> <span class='ocrx_word' id='word_1_378' title='bbox 3257 2164 3349 2221; x_wconf 85' lang='lat' dir='ltr'><strong>Dei</strong></span> <span class='ocrx_word' id='word_1_379' title='bbox 3399 2169 3492 2224; x_wconf 84' lang='lat' dir='ltr'><strong>de-</strong></span> 
     </span>
    </p>
   </div>
   <div class='ocr_carea' id='block_1_50' title="bbox 1924 2246 3496 2324">
    <p class='ocr_par' dir='ltr' id='par_1_50' title="bbox 1924 2246 3496 2324">
     <span class='ocr_line' id='line_1_50' title="bbox 1924 2246 3496 2324; baseline 0.01 -26"><span class='ocrx_word' id='word_1_380' title='bbox 1924 2252 2050 2299; x_wconf 63' lang='lat' dir='ltr'><strong>roto</strong></span> <span class='ocrx_word' id='word_1_381' title='bbox 2075 2246 2338 2301; x_wconf 84' lang='lat' dir='ltr'><strong>ministra.</strong></span> <span class='ocrx_word' id='word_1_382' title='bbox 2376 2247 2528 2303; x_wconf 92' lang='lat' dir='ltr'><strong>Unde</strong></span> <span class='ocrx_word' id='word_1_383' title='bbox 2554 2257 2610 2303; x_wconf 90' lang='lat' dir='ltr'><strong>et</strong></span> <span class='ocrx_word' id='word_1_384' title='bbox 2638 2250 2851 2319; x_wconf 89' lang='lat' dir='ltr'><strong>quidam</strong></span> <span class='ocrx_word' id='word_1_385' title='bbox 2879 2254 3097 2308; x_wconf 90' lang='lat' dir='ltr'><strong>veniens</strong></span> <span class='ocrx_word' id='word_1_386' title='bbox 3137 2271 3240 2310; x_wconf 89' lang='lat' dir='ltr'><strong>una</strong></span> <span class='ocrx_word' id='word_1_387' title='bbox 3269 2256 3496 2324; x_wconf 90' lang='lat' dir='ltr'><strong>dierum,</strong></span> 
     </span>
    </p>
   </div>
   <div class='ocr_carea' id='block_1_51' title="bbox 1923 2336 3494 2410">
    <p class='ocr_par' dir='ltr' id='par_1_51' title="bbox 1923 2336 3494 2410">
     <span class='ocr_line' id='line_1_51' title="bbox 1923 2336 3494 2410; baseline 0.01 -21"><span class='ocrx_word' id='word_1_388' title='bbox 1923 2336 2182 2391; x_wconf 79' lang='lat' dir='ltr'><strong>offerebat</strong></span> <span class='ocrx_word' id='word_1_389' title='bbox 2205 2339 2251 2391; x_wconf 89' lang='lat' dir='ltr'><strong>ei</strong></span> <span class='ocrx_word' id='word_1_390' title='bbox 2280 2347 2482 2407; x_wconf 90' lang='lat' dir='ltr'><strong>septem</strong></span> <span class='ocrx_word' id='word_1_391' title='bbox 2523 2338 2685 2394; x_wconf 87' lang='lat' dir='ltr'><strong>libras</strong></span> <span class='ocrx_word' id='word_1_392' title='bbox 2709 2341 2824 2395; x_wconf 90' lang='lat' dir='ltr'><strong>auri</strong></span> <span class='ocrx_word' id='word_1_393' title='bbox 2852 2351 2908 2396; x_wconf 87' lang='lat' dir='ltr'><strong>et</strong></span> <span class='ocrx_word' id='word_1_394' title='bbox 2945 2343 3238 2410; x_wconf 85' lang='lat' dir='ltr'><strong>dimidiam,</strong></span> <span class='ocrx_word' id='word_1_395' title='bbox 3284 2349 3494 2406; x_wconf 77' lang='lat' dir='ltr'><strong>satisfa-</strong></span> 
     </span>
    </p>
   </div>
   <div class='ocr_carea' id='block_1_52' title="bbox 1923 2427 3497 2508">
    <p class='ocr_par' dir='ltr' id='par_1_52' title="bbox 1923 2427 3497 2508">
     <span class='ocr_line' id='line_1_52' title="bbox 1923 2427 3497 2508; baseline 0.009 -27"><span class='ocrx_word' id='word_1_396' title='bbox 1923 2427 2070 2481; x_wconf 88' lang='lat' dir='ltr'><strong>ciens</strong></span> <span class='ocrx_word' id='word_1_397' title='bbox 2093 2437 2296 2495; x_wconf 90' lang='lat' dir='ltr'><strong>saneto,</strong></span> <span class='ocrx_word' id='word_1_398' title='bbox 2341 2428 2482 2497; x_wconf 89' lang='lat' dir='ltr'><strong>quod</strong></span> <span class='ocrx_word' id='word_1_399' title='bbox 2530 2444 2636 2484; x_wconf 92' lang='lat' dir='ltr'><strong>non</strong></span> <span class='ocrx_word' id='word_1_400' title='bbox 2666 2431 2960 2499; x_wconf 81' lang='lat' dir='ltr'><strong>possideret</strong></span> <span class='ocrx_word' id='word_1_401' title='bbox 2996 2436 3139 2490; x_wconf 90' lang='lat' dir='ltr'><strong>aliud</strong></span> <span class='ocrx_word' id='word_1_402' title='bbox 3187 2437 3386 2508; x_wconf 89' lang='lat' dir='ltr'><strong>aliquid</strong></span> <span class='ocrx_word' id='word_1_403' title='bbox 3443 2441 3497 2496; x_wconf 94' lang='lat' dir='ltr'><strong>in</strong></span> 
     </span>
    </p>
   </div>
   <div class='ocr_carea' id='block_1_53' title="bbox 1924 2519 3494 2597">
    <p class='ocr_par' dir='ltr' id='par_1_53' title="bbox 1924 2519 3494 2597">
     <span class='ocr_line' id='line_1_53' title="bbox 1924 2519 3494 2597; baseline 0.009 -25"><span class='ocrx_word' id='word_1_404' title='bbox 1924 2533 2076 2573; x_wconf 82' lang='lat' dir='ltr'><strong>auro.-</strong></span> <span class='ocrx_word' id='word_1_405' title='bbox 2107 2519 2326 2574; x_wconf 89' lang='lat' dir='ltr'><strong>Petebat</strong></span> <span class='ocrx_word' id='word_1_406' title='bbox 2355 2530 2528 2574; x_wconf 91' lang='lat' dir='ltr'><strong>autem</strong></span> <span class='ocrx_word' id='word_1_407' title='bbox 2551 2521 2617 2575; x_wconf 90' lang='lat' dir='ltr'><strong>ab</strong></span> <span class='ocrx_word' id='word_1_408' title='bbox 2647 2537 2712 2576; x_wconf 91' lang='lat' dir='ltr'><strong>eo</strong></span> <span class='ocrx_word' id='word_1_409' title='bbox 2742 2537 2862 2577; x_wconf 89' lang='lat' dir='ltr'><strong>cum</strong></span> <span class='ocrx_word' id='word_1_410' title='bbox 2905 2526 3082 2580; x_wconf 89' lang='lat' dir='ltr'><strong>multis</strong></span> <span class='ocrx_word' id='word_1_411' title='bbox 3108 2528 3494 2597; x_wconf 83' lang='lat' dir='ltr'><strong>genuﬂexioui-</strong></span> 
     </span>
    </p>
   </div>
   <div class='ocr_carea' id='block_1_54' title="bbox 1923 2612 3498 2686">
    <p class='ocr_par' dir='ltr' id='par_1_54' title="bbox 1923 2612 3498 2686">
     <span class='ocr_line' id='line_1_54' title="bbox 1923 2612 3498 2686; baseline 0.007 -21"><span class='ocrx_word' id='word_1_412' title='bbox 1923 2612 2025 2665; x_wconf 92' lang='lat' dir='ltr'><strong>bus</strong></span> <span class='ocrx_word' id='word_1_413' title='bbox 2071 2620 2129 2666; x_wconf 88' lang='lat' dir='ltr'><strong>ut</strong></span> <span class='ocrx_word' id='word_1_414' title='bbox 2158 2621 2336 2666; x_wconf 88' lang='lat' dir='ltr'><strong>oraret</strong></span> <span class='ocrx_word' id='word_1_415' title='bbox 2365 2619 2627 2682; x_wconf 86' lang='lat' dir='ltr'><strong>quatenus</strong></span> <span class='ocrx_word' id='word_1_416' title='bbox 2679 2614 2933 2669; x_wconf 88' lang='lat' dir='ltr'><strong>Dominus</strong></span> <span class='ocrx_word' id='word_1_417' title='bbox 2982 2616 3117 2671; x_wconf 82' lang='lat' dir='ltr'><strong>Deus</strong></span> <span class='ocrx_word' id='word_1_418' title='bbox 3170 2619 3334 2672; x_wconf 76' lang='lat' dir='ltr'><strong>filium</strong></span> <span class='ocrx_word' id='word_1_419' title='bbox 3380 2627 3498 2686; x_wconf 59' lang='lat' dir='ltr'><strong>ejus</strong></span> 
     </span>
    </p>
   </div>
   <div class='ocr_carea' id='block_1_55' title="bbox 1922 2703 3494 2781">
    <p class='ocr_par' dir='ltr' id='par_1_55' title="bbox 1922 2703 3494 2781">
     <span class='ocr_line' id='line_1_55' title="bbox 1922 2703 3494 2781; baseline 0.006 -25"><span class='ocrx_word' id='word_1_420' title='bbox 1922 2704 2173 2758; x_wconf 85' lang='lat' dir='ltr'><strong>salvaret.</strong></span> <span class='ocrx_word' id='word_1_421' title='bbox 2196 2703 2584 2759; x_wconf 85' lang='lat' dir='ltr'><strong>Habebateuim</strong></span> <span class='ocrx_word' id='word_1_422' title='bbox 2613 2721 2770 2760; x_wconf 89' lang='lat' dir='ltr'><strong>unum</strong></span> <span class='ocrx_word' id='word_1_423' title='bbox 2798 2707 3133 2762; x_wconf 89' lang='lat' dir='ltr'><strong>solummodo</strong></span> <span class='ocrx_word' id='word_1_424' title='bbox 3161 2709 3326 2763; x_wconf 88' lang='lat' dir='ltr'><strong>filium</strong></span> <span class='ocrx_word' id='word_1_425' title='bbox 3345 2714 3494 2781; x_wconf 86' lang='lat' dir='ltr'><strong>quasi</strong></span> 
     </span>
    </p>
   </div>
   <div class='ocr_carea' id='block_1_56' title="bbox 1923 2795 3491 2870">
    <p class='ocr_par' dir='ltr' id='par_1_56' title="bbox 1923 2795 3491 2870">
     <span class='ocr_line' id='line_1_56' title="bbox 1923 2795 3491 2870; baseline 0.006 -22"><span class='ocrx_word' id='word_1_426' title='bbox 1923 2810 2180 2850; x_wconf 88' lang='lat' dir='ltr'><strong>annorum</strong></span> <span class='ocrx_word' id='word_1_427' title='bbox 2211 2795 2535 2866; x_wconf 75' lang='lat' dir='ltr'><strong>quindecim,</strong></span> <span class='ocrx_word' id='word_1_428' title='bbox 2572 2809 2627 2850; x_wconf 91' lang='lat' dir='ltr'><strong>ut</strong></span> <span class='ocrx_word' id='word_1_429' title='bbox 2654 2798 2936 2853; x_wconf 85' lang='lat' dir='ltr'><strong>reduceret</strong></span> <span class='ocrx_word' id='word_1_430' title='bbox 2986 2799 3161 2853; x_wconf 89' lang='lat' dir='ltr'><strong>navim</strong></span> <span class='ocrx_word' id='word_1_431' title='bbox 3210 2801 3323 2870; x_wconf 89' lang='lat' dir='ltr'><strong>ejus</strong></span> <span class='ocrx_word' id='word_1_432' title='bbox 3371 2817 3491 2857; x_wconf 89' lang='lat' dir='ltr'><strong>cum</strong></span> 
     </span>
    </p>
   </div>
   <div class='ocr_carea' id='block_1_57' title="bbox 1923 2891 3495 2967">
    <p class='ocr_par' dir='ltr' id='par_1_57' title="bbox 1923 2891 3495 2967">
     <span class='ocr_line' id='line_1_57' title="bbox 1923 2891 3495 2967; baseline 0.003 -21"><span class='ocrx_word' id='word_1_433' title='bbox 1923 2891 2064 2946; x_wconf 91' lang='lat' dir='ltr'><strong>bono</strong></span> <span class='ocrx_word' id='word_1_434' title='bbox 2089 2893 2155 2946; x_wconf 87' lang='lat' dir='ltr'><strong>ab</strong></span> <span class='ocrx_word' id='word_1_435' title='bbox 2182 2893 2380 2961; x_wconf 88' lang='lat' dir='ltr'><strong>Africa,</strong></span> <span class='ocrx_word' id='word_1_436' title='bbox 2421 2893 2547 2949; x_wconf 90' lang='lat' dir='ltr'><strong>illuc</strong></span> <span class='ocrx_word' id='word_1_437' title='bbox 2577 2895 2718 2950; x_wconf 89' lang='lat' dir='ltr'><strong>enim</strong></span> <span class='ocrx_word' id='word_1_438' title='bbox 2749 2896 2974 2952; x_wconf 91' lang='lat' dir='ltr'><strong>abierat.</strong></span> <span class='ocrx_word' id='word_1_439' title='bbox 3017 2897 3300 2967; x_wconf 84' lang='lat' dir='ltr'><strong>Accipiens</strong></span> <span class='ocrx_word' id='word_1_440' title='bbox 3336 2897 3495 2966; x_wconf 82' lang='lat' dir='ltr'><strong>igitur</strong></span> 
     </span>
    </p>
   </div>
   <div class='ocr_carea' id='block_1_58' title="bbox 1923 2986 3497 3058">
    <p class='ocr_par' dir='ltr' id='par_1_58' title="bbox 1923 2986 3497 3058">
     <span class='ocr_line' id='line_1_58' title="bbox 1923 2986 3497 3058; baseline 0.003 -20"><span class='ocrx_word' id='word_1_441' title='bbox 1923 2999 2160 3038; x_wconf 88' lang='lat' dir='ltr'><strong>summus</strong></span> <span class='ocrx_word' id='word_1_442' title='bbox 2190 2986 2442 3041; x_wconf 86' lang='lat' dir='ltr'><strong>sacerdos</strong></span> <span class='ocrx_word' id='word_1_443' title='bbox 2491 2988 2838 3056; x_wconf 88' lang='lat' dir='ltr'><strong>quantitatem</strong></span> <span class='ocrx_word' id='word_1_444' title='bbox 2878 2989 2991 3042; x_wconf 88' lang='lat' dir='ltr'><strong>auri</strong></span> <span class='ocrx_word' id='word_1_445' title='bbox 3038 2989 3107 3043; x_wconf 89' lang='lat' dir='ltr'><strong>de</strong></span> <span class='ocrx_word' id='word_1_446' title='bbox 3154 3004 3310 3042; x_wconf 91' lang='lat' dir='ltr'><strong>manu</strong></span> <span class='ocrx_word' id='word_1_447' title='bbox 3357 2989 3497 3058; x_wconf 88' lang='lat' dir='ltr'><strong>ejus,-</strong></span> 
     </span>
    </p>
   </div>
   <div class='ocr_carea' id='block_1_59' title="bbox 1929 3077 3488 3153">
    <p class='ocr_par' dir='ltr' id='par_1_59' title="bbox 1929 3077 3488 3153">
     <span class='ocr_line' id='line_1_59' title="bbox 1929 3077 3488 3153; baseline 0.003 -24"><span class='ocrx_word' id='word_1_448' title='bbox 1929 3077 2081 3147; x_wconf 78' lang='lat'><strong>193</strong></span> <span class='ocrx_word' id='word_1_449' title='bbox 2107 3078 2322 3131; x_wconf 87' lang='lat' dir='ltr'><strong>miratus</strong></span> <span class='ocrx_word' id='word_1_450' title='bbox 2344 3087 2422 3133; x_wconf 92' lang='lat' dir='ltr'><strong>est</strong></span> <span class='ocrx_word' id='word_1_451' title='bbox 2451 3095 2570 3134; x_wconf 91' lang='lat' dir='ltr'><strong>eum</strong></span> <span class='ocrx_word' id='word_1_452' title='bbox 2603 3089 2706 3133; x_wconf 86' lang='lat' dir='ltr'><strong>tam</strong></span> <span class='ocrx_word' id='word_1_453' title='bbox 2738 3096 2856 3136; x_wconf 90' lang='lat' dir='ltr'><strong>esse</strong></span> <span class='ocrx_word' id='word_1_454' title='bbox 2887 3083 3278 3153; x_wconf 74' lang='lat' dir='ltr'><strong>magnanimum</strong></span> <span class='ocrx_word' id='word_1_455' title='bbox 3309 3082 3374 3136; x_wconf 89' lang='lat' dir='ltr'><strong>ad</strong></span> <span class='ocrx_word' id='word_1_456' title='bbox 3405 3081 3488 3136; x_wconf 81' lang='lat' dir='ltr'><strong>of-</strong></span> 
     </span>
    </p>
   </div>
   <div class='ocr_carea' id='block_1_60' title="bbox 1923 3168 3493 3246">
    <p class='ocr_par' dir='ltr' id='par_1_60' title="bbox 1923 3168 3493 3246">
     <span class='ocr_line' id='line_1_60' title="bbox 1923 3168 3493 3246; baseline 0.005 -24"><span class='ocrx_word' id='word_1_457' title='bbox 1923 3168 2196 3223; x_wconf 83' lang='lat' dir='ltr'><strong>ferendam</strong></span> <span class='ocrx_word' id='word_1_458' title='bbox 2232 3181 2392 3225; x_wconf 55' lang='lat' dir='ltr'><strong>totam</strong></span> <span class='ocrx_word' id='word_1_459' title='bbox 2432 3174 2777 3240; x_wconf 79' lang='lat' dir='ltr'><strong>quantitatem</strong></span> <span class='ocrx_word' id='word_1_460' title='bbox 2820 3176 2935 3228; x_wconf 91' lang='lat' dir='ltr'><strong>auri</strong></span> <span class='ocrx_word' id='word_1_461' title='bbox 2985 3192 3139 3245; x_wconf 87' lang='lat' dir='ltr'><strong>quam</strong></span> <span class='ocrx_word' id='word_1_462' title='bbox 3171 3176 3493 3246; x_wconf 87' lang='lat' dir='ltr'><strong>possidebat.</strong></span> 
     </span>
    </p>
   </div>
   <div class='ocr_carea' id='block_1_61' title="bbox 274 3259 3496 3335">
    <p class='ocr_par' dir='ltr' id='par_1_61' title="bbox 274 3259 3496 3335">
     <span class='ocr_line' id='line_1_61' title="bbox 274 3259 3496 3335; baseline 0.004 -25"><span class='ocrx_word' id='word_1_463' title='bbox 274 3259 491 3312; x_wconf 86' lang='lat' dir='ltr'><strong>omnibus</strong></span> <span class='ocrx_word' id='word_1_464' title='bbox 530 3262 616 3330; x_wconf 90' lang='lat' dir='ltr'><strong>qui</strong></span> <span class='ocrx_word' id='word_1_465' title='bbox 644 3261 927 3315; x_wconf 85' lang='lat' dir='ltr'><strong>audierant</strong></span> <span class='ocrx_word' id='word_1_466' title='bbox 966 3261 1105 3328; x_wconf 89' lang='lat' dir='ltr'><strong>quod</strong></span> <span class='ocrx_word' id='word_1_467' title='bbox 1155 3275 1341 3317; x_wconf 87' lang='lat' dir='ltr'><strong>servus</strong></span> <span class='ocrx_word' id='word_1_468' title='bbox 1386 3262 1476 3318; x_wconf 91' lang='lat' dir='ltr'><strong>Dei</strong></span> <span class='ocrx_word' id='word_1_469' title='bbox 1507 3264 1606 3318; x_wconf 90' lang='lat' dir='ltr'><strong>iste</strong></span> <span class='ocrx_word' id='word_1_470' title='bbox 1635 3279 1821 3317; x_wconf 90' lang='lat' dir='ltr'><strong>mona-</strong></span> <span class='ocrx_word' id='word_1_471' title='bbox 1847 3261 1892 3322; x_wconf 91' lang='lat' dir='ltr'><strong>C</strong></span> <span class='ocrx_word' id='word_1_472' title='bbox 1924 3260 2108 3313; x_wconf 84' lang='lat' dir='ltr'><strong>Oravit</strong></span> <span class='ocrx_word' id='word_1_473' title='bbox 2134 3262 2342 3330; x_wconf 88' lang='lat' dir='ltr'><strong>quidem</strong></span> <span class='ocrx_word' id='word_1_474' title='bbox 2367 3261 2413 3316; x_wconf 93' lang='lat' dir='ltr'><strong>ei</strong></span> <span class='ocrx_word' id='word_1_475' title='bbox 2444 3262 2556 3335; x_wconf 87' lang='lat'><strong>(68)</strong></span> <span class='ocrx_word' id='word_1_476' title='bbox 2588 3271 2639 3317; x_wconf 92' lang='lat' dir='ltr'><strong>et</strong></span> <span class='ocrx_word' id='word_1_477' title='bbox 2671 3264 2726 3317; x_wconf 92' lang='lat' dir='ltr'><strong>in&#39;</strong></span> <span class='ocrx_word' id='word_1_478' title='bbox 2755 3263 2888 3319; x_wconf 89' lang='lat' dir='ltr'><strong>facie</strong></span> <span class='ocrx_word' id='word_1_479' title='bbox 2920 3265 3164 3331; x_wconf 87' lang='lat' dir='ltr'><strong>multum,</strong></span> <span class='ocrx_word' id='word_1_480' title='bbox 3193 3275 3249 3320; x_wconf 92' lang='lat' dir='ltr'><strong>et</strong></span> <span class='ocrx_word' id='word_1_481' title='bbox 3275 3268 3350 3322; x_wconf 91' lang='lat' dir='ltr'><strong>sic</strong></span> <span class='ocrx_word' id='word_1_482' title='bbox 3372 3281 3496 3322; x_wconf 83' lang='lat' dir='ltr'><strong>eum</strong></span> 
     </span>
    </p>
   </div>
   <div class='ocr_carea' id='block_1_62' title="bbox 269 3352 1818 3422">
    <p class='ocr_par' dir='ltr' id='par_1_62' title="bbox 269 3352 1818 3422">
     <span class='ocr_line' id='line_1_62' title="bbox 269 3352 1818 3422; baseline 0.004 -19"><span class='ocrx_word' id='word_1_483' title='bbox 269 3355 384 3405; x_wconf 87' lang='lat' dir='ltr'><strong>chus</strong></span> <span class='ocrx_word' id='word_1_484' title='bbox 423 3361 588 3406; x_wconf 87' lang='lat' dir='ltr'><strong>esset.</strong></span> <span class='ocrx_word' id='word_1_485' title='bbox 627 3352 932 3408; x_wconf 83' lang='lat' dir='ltr'><strong>Genullexit</strong></span> <span class='ocrx_word' id='word_1_486' title='bbox 965 3353 1121 3422; x_wconf 80' lang='lat' dir='ltr'><strong>igitur</strong></span> <span class='ocrx_word' id='word_1_487' title='bbox 1151 3355 1485 3422; x_wconf 46' lang='lat' dir='ltr'><strong>patriarchae,</strong></span> <span class='ocrx_word' id='word_1_488' title='bbox 1518 3364 1572 3410; x_wconf 90' lang='lat' dir='ltr'><strong>et</strong></span> <span class='ocrx_word' id='word_1_489' title='bbox 1599 3354 1737 3408; x_wconf 81' lang='lat' dir='ltr'><strong>exiit</strong></span> <span class='ocrx_word' id='word_1_490' title='bbox 1764 3355 1818 3409; x_wconf 89' lang='lat' dir='ltr'><strong>in</strong></span> 
     </span>
    </p>
   </div>
   <div class='ocr_carea' id='block_1_63' title="bbox 269 3446 1821 3518">
    <p class='ocr_par' dir='ltr' id='par_1_63' title="bbox 269 3446 1821 3518">
     <span class='ocr_line' id='line_1_63' title="bbox 269 3446 1821 3518; baseline 0.004 -22"><span class='ocrx_word' id='word_1_491' title='bbox 269 3457 394 3513; x_wconf 83' lang='lat' dir='ltr'><strong>pace.</strong></span> <span class='ocrx_word' id='word_1_492' title='bbox 425 3446 638 3503; x_wconf 86' lang='lat' dir='ltr'><strong>Extunc</strong></span> <span class='ocrx_word' id='word_1_493' title='bbox 666 3450 825 3516; x_wconf 85' lang='lat' dir='ltr'><strong>igitur</strong></span> <span class='ocrx_word' id='word_1_494' title='bbox 857 3451 973 3518; x_wconf 89' lang='lat' dir='ltr'><strong>plus</strong></span> <span class='ocrx_word' id='word_1_495' title='bbox 1019 3451 1314 3504; x_wconf 87' lang='lat' dir='ltr'><strong>honorabat</strong></span> <span class='ocrx_word' id='word_1_496' title='bbox 1342 3458 1397 3505; x_wconf 88' lang='lat' dir='ltr'><strong>et</strong></span> <span class='ocrx_word' id='word_1_497' title='bbox 1425 3449 1657 3517; x_wconf 78' lang='lat' dir='ltr'><strong>hOSpitio</strong></span> <span class='ocrx_word' id='word_1_498' title='bbox 1686 3449 1821 3503; x_wconf 83' lang='lat' dir='ltr'><strong>reci-</strong></span> 
     </span>
    </p>
   </div>
   <div class='ocr_carea' id='block_1_64' title="bbox 275 3537 1823 3607">
    <p class='ocr_par' dir='ltr' id='par_1_64' title="bbox 275 3537 1823 3607">
     <span class='ocr_line' id='line_1_64' title="bbox 275 3537 1823 3607; baseline 0.003 -17"><span class='ocrx_word' id='word_1_499' title='bbox 275 3537 417 3606; x_wconf 87' lang='lat' dir='ltr'><strong>piebat</strong></span> <span class='ocrx_word' id='word_1_500' title='bbox 440 3542 760 3607; x_wconf 86' lang='lat' dir='ltr'><strong>monachos,</strong></span> <span class='ocrx_word' id='word_1_501' title='bbox 803 3552 859 3597; x_wconf 92' lang='lat' dir='ltr'><strong>et</strong></span> <span class='ocrx_word' id='word_1_502' title='bbox 888 3543 1056 3597; x_wconf 91' lang='lat' dir='ltr'><strong>bonos</strong></span> <span class='ocrx_word' id='word_1_503' title='bbox 1083 3546 1375 3597; x_wconf 73' lang='lat' dir='ltr'><strong>aestimatos</strong></span> <span class='ocrx_word' id='word_1_504' title='bbox 1404 3550 1458 3596; x_wconf 90' lang='lat' dir='ltr'><strong>et</strong></span> <span class='ocrx_word' id='word_1_505' title='bbox 1502 3542 1672 3595; x_wconf 88' lang='lat' dir='ltr'><strong>malos</strong></span> <span class='ocrx_word' id='word_1_506' title='bbox 1704 3557 1718 3594; x_wconf 89' lang='lat'><strong>:</strong></span> <span class='ocrx_word' id='word_1_507' title='bbox 1768 3549 1823 3596; x_wconf 89' lang='lat' dir='ltr'><strong>et</strong></span> 
     </span>
    </p>
   </div>
   <div class='ocr_carea' id='block_1_65' title="bbox 275 3626 1821 3700">
    <p class='ocr_par' dir='ltr' id='par_1_65' title="bbox 275 3626 1821 3700">
     <span class='ocr_line' id='line_1_65' title="bbox 275 3626 1821 3700; baseline 0.004 -21"><span class='ocrx_word' id='word_1_508' title='bbox 275 3626 535 3684; x_wconf 73' lang='lat' dir='ltr'><strong>zedilicabat</strong></span> <span class='ocrx_word' id='word_1_509' title='bbox 572 3646 694 3685; x_wconf 85' lang='lat' dir='ltr'><strong>mox</strong></span> <span class='ocrx_word' id='word_1_510' title='bbox 725 3631 1112 3686; x_wconf 88' lang='lat' dir='ltr'><strong>xenodochium</strong></span> <span class='ocrx_word' id='word_1_511' title='bbox 1144 3647 1408 3695; x_wconf 89' lang='lat' dir='ltr'><strong>seorsum,</strong></span> <span class='ocrx_word' id='word_1_512' title='bbox 1450 3642 1503 3686; x_wconf 89' lang='lat' dir='ltr'><strong>et</strong></span> <span class='ocrx_word' id='word_1_513' title='bbox 1529 3631 1821 3700; x_wconf 87' lang='lat' dir='ltr'><strong>appellavit</strong></span> 
     </span>
    </p>
   </div>
   <div class='ocr_carea' id='block_1_66' title="bbox 270 3720 1502 3792">
    <p class='ocr_par' dir='ltr' id='par_1_66' title="bbox 270 3720 1502 3792">
     <span class='ocr_line' id='line_1_66' title="bbox 270 3720 1502 3792; baseline 0.003 -18"><span class='ocrx_word' id='word_1_514' title='bbox 270 3720 352 3778; x_wconf 85' lang='lat' dir='ltr'><strong>hoc</strong></span> <span class='ocrx_word' id='word_1_515' title='bbox 377 3722 793 3792; x_wconf 80' lang='lat' dir='ltr'><strong>Receptaculum</strong></span> <span class='ocrx_word' id='word_1_516' title='bbox 838 3727 1076 3780; x_wconf 92' lang='lat' dir='ltr'><strong>omnium</strong></span> <span class='ocrx_word' id='word_1_517' title='bbox 1101 3725 1502 3779; x_wconf 89' lang='lat' dir='ltr'><strong>monachorum.</strong></span> 
     </span>
    </p>
   </div>
   <div class='ocr_carea' id='block_1_67' title="bbox 327 3814 1819 3885">
    <p class='ocr_par' dir='ltr' id='par_1_67' title="bbox 327 3814 1819 3885">
     <span class='ocr_line' id='line_1_67' title="bbox 327 3814 1819 3885; baseline 0.001 -16"><span class='ocrx_word' id='word_1_518' title='bbox 327 3814 445 3871; x_wconf 72' lang='lat' dir='ltr'><strong>CAP.</strong></span> <span class='ocrx_word' id='word_1_519' title='bbox 498 3817 694 3872; x_wconf 77' lang='lat' dir='ltr'><strong>XXIV.</strong></span> <span class='ocrx_word' id='word_1_520' title='bbox 725 3847 793 3858; x_wconf 92' lang='lat'><strong>—</strong></span> <span class='ocrx_word' id='word_1_521' title='bbox 841 3817 1162 3872; x_wconf 80' lang='lat' dir='ltr'><strong>Mortalitate</strong></span> <span class='ocrx_word' id='word_1_522' title='bbox 1211 3817 1496 3885; x_wconf 87' lang='lat' dir='ltr'><strong>aliquando</strong></span> <span class='ocrx_word' id='word_1_523' title='bbox 1551 3817 1819 3872; x_wconf 77' lang='lat' dir='ltr'><strong>civitatem</strong></span> 
     </span>
    </p>
   </div>
   <div class='ocr_carea' id='block_1_68' title="bbox 269 3909 1823 3980">
    <p class='ocr_par' dir='ltr' id='par_1_68' title="bbox 269 3909 1823 3980">
     <span class='ocr_line' id='line_1_68' title="bbox 269 3909 1823 3980; baseline 0.003 -21"><span class='ocrx_word' id='word_1_524' title='bbox 269 3909 768 3978; x_wconf 76' lang='lat' dir='ltr'><strong>comprehendente,</strong></span> <span class='ocrx_word' id='word_1_525' title='bbox 803 3911 908 3964; x_wconf 89' lang='lat' dir='ltr'><strong>ibat</strong></span> <span class='ocrx_word' id='word_1_526' title='bbox 960 3919 1015 3963; x_wconf 92' lang='lat' dir='ltr'><strong>et</strong></span> <span class='ocrx_word' id='word_1_527' title='bbox 1061 3909 1176 3980; x_wconf 91' lang='lat' dir='ltr'><strong>ipse</strong></span> <span class='ocrx_word' id='word_1_528' title='bbox 1226 3920 1463 3976; x_wconf 88' lang='lat' dir='ltr'><strong>sanctus,</strong></span> <span class='ocrx_word' id='word_1_529' title='bbox 1515 3920 1573 3964; x_wconf 87' lang='lat' dir='ltr'><strong>ut</strong></span> <span class='ocrx_word' id='word_1_530' title='bbox 1616 3909 1823 3965; x_wconf 90' lang='lat' dir='ltr'><strong>videret</strong></span> 
     </span>
    </p>
   </div>
   <div class='ocr_carea' id='block_1_69' title="bbox 265 4000 1819 4072">
    <p class='ocr_par' dir='ltr' id='par_1_69' title="bbox 265 4000 1819 4072">
     <span class='ocr_line' id='line_1_69' title="bbox 265 4000 1819 4072; baseline 0.003 -20"><span class='ocrx_word' id='word_1_531' title='bbox 265 4000 492 4055; x_wconf 87' lang='lat' dir='ltr'><strong>funerum</strong></span> <span class='ocrx_word' id='word_1_532' title='bbox 517 4001 792 4070; x_wconf 90' lang='lat' dir='ltr'><strong>obsequia.</strong></span> <span class='ocrx_word' id='word_1_533' title='bbox 827 4000 992 4057; x_wconf 80' lang='lat' dir='ltr'><strong>Valde</strong></span> <span class='ocrx_word' id='word_1_534' title='bbox 1021 4003 1162 4056; x_wconf 89' lang='lat' dir='ltr'><strong>enim</strong></span> <span class='ocrx_word' id='word_1_535' title='bbox 1191 4001 1399 4057; x_wconf 91' lang='lat' dir='ltr'><strong>dicebat</strong></span> <span class='ocrx_word' id='word_1_536' title='bbox 1423 4003 1523 4057; x_wconf 91' lang='lat' dir='ltr'><strong>hoc</strong></span> <span class='ocrx_word' id='word_1_537' title='bbox 1550 4017 1670 4057; x_wconf 89' lang='lat' dir='ltr'><strong>esse</strong></span> <span class='ocrx_word' id='word_1_538' title='bbox 1698 4018 1819 4072; x_wconf 86' lang='lat' dir='ltr'><strong>pro-</strong></span> 
     </span>
    </p>
   </div>
   <div class='ocr_carea' id='block_1_70' title="bbox 261 4090 1818 4162">
    <p class='ocr_par' dir='ltr' id='par_1_70' title="bbox 261 4090 1818 4162">
     <span class='ocr_line' id='line_1_70' title="bbox 261 4090 1818 4162; baseline 0.005 -18"><span class='ocrx_word' id='word_1_539' title='bbox 261 4090 456 4156; x_wconf 79' lang='lat' dir='ltr'><strong>lituum,</strong></span> <span class='ocrx_word' id='word_1_540' title='bbox 492 4104 546 4148; x_wconf 87' lang='lat' dir='ltr'><strong>et</strong></span> <span class='ocrx_word' id='word_1_541' title='bbox 591 4094 954 4162; x_wconf 89' lang='lat' dir='ltr'><strong>sepulcrorum</strong></span> <span class='ocrx_word' id='word_1_542' title='bbox 1004 4096 1504 4152; x_wconf 87' lang='lat' dir='ltr'><strong>considerationem.</strong></span> <span class='ocrx_word' id='word_1_543' title='bbox 1556 4097 1818 4152; x_wconf 83' lang='lat' dir='ltr'><strong>Multoties</strong></span> 
     </span>
    </p>
   </div>
   <div class='ocr_carea' id='block_1_71' title="bbox 263 4186 1817 4255">
    <p class='ocr_par' dir='ltr' id='par_1_71' title="bbox 263 4186 1817 4255">
     <span class='ocr_line' id='line_1_71' title="bbox 263 4186 1817 4255; baseline 0.005 -21"><span class='ocrx_word' id='word_1_544' title='bbox 263 4197 367 4237; x_wconf 77' lang='lat' dir='ltr'><strong>vero</strong></span> <span class='ocrx_word' id='word_1_545' title='bbox 397 4186 671 4240; x_wconf 89' lang='lat' dir='ltr'><strong>assidebat</strong></span> <span class='ocrx_word' id='word_1_546' title='bbox 711 4195 767 4240; x_wconf 88' lang='lat' dir='ltr'><strong>et</strong></span> <span class='ocrx_word' id='word_1_547' title='bbox 807 4186 888 4239; x_wconf 91' lang='lat' dir='ltr'><strong>his</strong></span> <span class='ocrx_word' id='word_1_548' title='bbox 915 4186 1027 4255; x_wconf 89' lang='lat' dir='ltr'><strong>qui,</strong></span> <span class='ocrx_word' id='word_1_549' title='bbox 1081 4188 1338 4252; x_wconf 91' lang='lat' dir='ltr'><strong>morituri,</strong></span> <span class='ocrx_word' id='word_1_550' title='bbox 1375 4189 1712 4242; x_wconf 85' lang='lat' dir='ltr'><strong>vexationem</strong></span> <span class='ocrx_word' id='word_1_551' title='bbox 1764 4189 1817 4242; x_wconf 95' lang='lat' dir='ltr'><strong>in</strong></span> 
     </span>
    </p>
   </div>
   <div class='ocr_carea' id='block_1_72' title="bbox 267 4277 1820 4348">
    <p class='ocr_par' dir='ltr' id='par_1_72' title="bbox 267 4277 1820 4348">
     <span class='ocr_line' id='line_1_72' title="bbox 267 4277 1820 4348; baseline 0.004 -22"><span class='ocrx_word' id='word_1_552' title='bbox 267 4277 381 4330; x_wconf 80' lang='lat' dir='ltr'><strong>exitu</strong></span> <span class='ocrx_word' id='word_1_553' title='bbox 414 4278 612 4330; x_wconf 72' lang='lat' dir='ltr'><strong>anima:</strong></span> <span class='ocrx_word' id='word_1_554' title='bbox 641 4277 1004 4347; x_wconf 88' lang='lat' dir='ltr'><strong>patiebantur;</strong></span> <span class='ocrx_word' id='word_1_555' title='bbox 1042 4289 1094 4333; x_wconf 88' lang='lat' dir='ltr'><strong>et</strong></span> <span class='ocrx_word' id='word_1_556' title='bbox 1123 4280 1236 4348; x_wconf 91' lang='lat' dir='ltr'><strong>ipse</strong></span> <span class='ocrx_word' id='word_1_557' title='bbox 1265 4293 1448 4333; x_wconf 81' lang='lat' dir='ltr'><strong>earum</strong></span> <span class='ocrx_word' id='word_1_558' title='bbox 1479 4279 1662 4333; x_wconf 84' lang='lat' dir='ltr'><strong>oculos</strong></span> <span class='ocrx_word' id='word_1_559' title='bbox 1696 4294 1820 4347; x_wconf 85' lang='lat' dir='ltr'><strong>pro-</strong></span> 
     </span>
    </p>
   </div>
   <div class='ocr_carea' id='block_1_73' title="bbox 261 4368 1817 4433">
    <p class='ocr_par' dir='ltr' id='par_1_73' title="bbox 261 4368 1817 4433">
     <span class='ocr_line' id='line_1_73' title="bbox 261 4368 1817 4433; baseline 0.005 -17"><span class='ocrx_word' id='word_1_560' title='bbox 261 4369 366 4433; x_wconf 85' lang='lat' dir='ltr'><strong>priis</strong></span> <span class='ocrx_word' id='word_1_561' title='bbox 397 4369 648 4421; x_wconf 90' lang='lat' dir='ltr'><strong>manibus</strong></span> <span class='ocrx_word' id='word_1_562' title='bbox 693 4368 990 4431; x_wconf 86' lang='lat' dir='ltr'><strong>claudebat,</strong></span> <span class='ocrx_word' id='word_1_563' title='bbox 1025 4371 1334 4424; x_wconf 87' lang='lat' dir='ltr'><strong>memoriam</strong></span> <span class='ocrx_word' id='word_1_564' title='bbox 1381 4371 1579 4425; x_wconf 89' lang='lat' dir='ltr'><strong>habere</strong></span> <span class='ocrx_word' id='word_1_565' title='bbox 1620 4386 1685 4424; x_wconf 86' lang='lat' dir='ltr'><strong>ex</strong></span> <span class='ocrx_word' id='word_1_566' title='bbox 1717 4370 1817 4424; x_wconf 93' lang='lat' dir='ltr'><strong>hoc</strong></span> 
     </span>
    </p>
   </div>
   <div class='ocr_carea' id='block_1_74' title="bbox 257 4460 1817 4530">
    <p class='ocr_par' dir='ltr' id='par_1_74' title="bbox 257 4460 1817 4530">
     <span class='ocr_line' id='line_1_74' title="bbox 257 4460 1817 4530; baseline 0.003 -21"><span class='ocrx_word' id='word_1_567' title='bbox 257 4460 622 4529; x_wconf 84' lang='lat' dir='ltr'><strong>sempiternam</strong></span> <span class='ocrx_word' id='word_1_568' title='bbox 650 4460 851 4526; x_wconf 88' lang='lat' dir='ltr'><strong>volens,</strong></span> <span class='ocrx_word' id='word_1_569' title='bbox 886 4471 937 4514; x_wconf 92' lang='lat' dir='ltr'><strong>et</strong></span> <span class='ocrx_word' id='word_1_570' title='bbox 958 4475 1138 4515; x_wconf 87' lang='lat' dir='ltr'><strong>curam</strong></span> <span class='ocrx_word' id='word_1_571' title='bbox 1167 4460 1364 4530; x_wconf 92' lang='lat' dir='ltr'><strong>proprii</strong></span> <span class='ocrx_word' id='word_1_572' title='bbox 1390 4461 1586 4515; x_wconf 85' lang='lat' dir='ltr'><strong>exitus.</strong></span> <span class='ocrx_word' id='word_1_573' title='bbox 1623 4461 1817 4516; x_wconf 65' lang='lat' dir='ltr'><strong>Princi-</strong></span> 
     </span>
    </p>
   </div>
   <div class='ocr_carea' id='block_1_75' title="bbox 255 4551 1814 4623">
    <p class='ocr_par' dir='ltr' id='par_1_75' title="bbox 255 4551 1814 4623">
     <span class='ocr_line' id='line_1_75' title="bbox 255 4551 1814 4623; baseline 0.004 -23"><span class='ocrx_word' id='word_1_574' title='bbox 255 4551 420 4615; x_wconf 87' lang='lat' dir='ltr'><strong>piebat</strong></span> <span class='ocrx_word' id='word_1_575' title='bbox 445 4564 626 4604; x_wconf 89' lang='lat' dir='ltr'><strong>autem</strong></span> <span class='ocrx_word' id='word_1_576' title='bbox 655 4563 706 4604; x_wconf 85' lang='lat' dir='ltr'><strong>et</strong></span> <span class='ocrx_word' id='word_1_577' title='bbox 751 4552 1095 4606; x_wconf 88' lang='lat' dir='ltr'><strong>collectiones</strong></span> <span class='ocrx_word' id='word_1_578' title='bbox 1141 4569 1235 4622; x_wconf 90' lang='lat' dir='ltr'><strong>pro</strong></span> <span class='ocrx_word' id='word_1_579' title='bbox 1285 4552 1548 4606; x_wconf 77' lang='lat' dir='ltr'><strong>defunctis</strong></span> <span class='ocrx_word' id='word_1_580' title='bbox 1594 4554 1814 4623; x_wconf 86' lang='lat' dir='ltr'><strong>impigre</strong></span> 
     </span>
    </p>
   </div>
   <div class='ocr_carea' id='block_1_76' title="bbox 1926 3350 3495 3424">
    <p class='ocr_par' dir='ltr' id='par_1_76' title="bbox 1926 3350 3495 3424">
     <span class='ocr_line' id='line_1_76' title="bbox 1926 3350 3495 3424; baseline 0.005 -20"><span class='ocrx_word' id='word_1_581' title='bbox 1926 3350 2146 3405; x_wconf 89' lang='lat' dir='ltr'><strong>dimisit.</strong></span> <span class='ocrx_word' id='word_1_582' title='bbox 2181 3351 2377 3406; x_wconf 82' lang='lat' dir='ltr'><strong>Tamen</strong></span> <span class='ocrx_word' id='word_1_583' title='bbox 2415 3362 2631 3422; x_wconf 89' lang='lat' dir='ltr'><strong>propter</strong></span> <span class='ocrx_word' id='word_1_584' title='bbox 2671 3353 2786 3422; x_wconf 88' lang='lat' dir='ltr'><strong>ejus</strong></span> <span class='ocrx_word' id='word_1_585' title='bbox 2831 3355 3049 3408; x_wconf 91' lang='lat' dir='ltr'><strong>multam</strong></span> <span class='ocrx_word' id='word_1_586' title='bbox 3097 3355 3276 3424; x_wconf 85' lang='lat' dir='ltr'><strong>fidem,</strong></span> <span class='ocrx_word' id='word_1_587' title='bbox 3322 3358 3495 3424; x_wconf 87' lang='lat' dir='ltr'><strong>posuit</strong></span> 
     </span>
    </p>
   </div>
   <div class='ocr_carea' id='block_1_77' title="bbox 1925 3443 3498 3517">
    <p class='ocr_par' dir='ltr' id='par_1_77' title="bbox 1925 3443 3498 3517">
     <span class='ocr_line' id='line_1_77' title="bbox 1925 3443 3498 3517; baseline 0.006 -23"><span class='ocrx_word' id='word_1_588' title='bbox 1925 3443 2118 3495; x_wconf 89' lang='lat' dir='ltr'><strong>subtus</strong></span> <span class='ocrx_word' id='word_1_589' title='bbox 2159 3453 2395 3497; x_wconf 89' lang='lat' dir='ltr'><strong>sanctam</strong></span> <span class='ocrx_word' id='word_1_590' title='bbox 2434 3457 2674 3498; x_wconf 89' lang='lat' dir='ltr'><strong>mensam</strong></span> <span class='ocrx_word' id='word_1_591' title='bbox 2716 3445 2988 3514; x_wconf 87' lang='lat' dir='ltr'><strong>ligaturam</strong></span> <span class='ocrx_word' id='word_1_592' title='bbox 3026 3449 3334 3517; x_wconf 89' lang='lat' dir='ltr'><strong>quantitatis</strong></span> <span class='ocrx_word' id='word_1_593' title='bbox 3378 3450 3498 3504; x_wconf 88' lang='lat' dir='ltr'><strong>auri</strong></span> 
     </span>
    </p>
   </div>
   <div class='ocr_carea' id='block_1_78' title="bbox 1926 3534 3494 3610">
    <p class='ocr_par' dir='ltr' id='par_1_78' title="bbox 1926 3534 3494 3610">
     <span class='ocr_line' id='line_1_78' title="bbox 1926 3534 3494 3610; baseline 0.007 -25"><span class='ocrx_word' id='word_1_594' title='bbox 1926 3534 2225 3601; x_wconf 80' lang='lat' dir='ltr'><strong>patriarcha</strong></span> <span class='ocrx_word' id='word_1_595' title='bbox 2262 3534 2315 3588; x_wconf 88' lang='lat' dir='ltr'><strong>in</strong></span> <span class='ocrx_word' id='word_1_596' title='bbox 2345 3538 2581 3590; x_wconf 86' lang='lat' dir='ltr'><strong>oratorio</strong></span> <span class='ocrx_word' id='word_1_597' title='bbox 2609 3535 2834 3591; x_wconf 89' lang='lat' dir='ltr'><strong>cubiculi</strong></span> <span class='ocrx_word' id='word_1_598' title='bbox 2866 3538 2970 3604; x_wconf 89' lang='lat' dir='ltr'><strong>sui,</strong></span> <span class='ocrx_word' id='word_1_599' title='bbox 3005 3546 3059 3592; x_wconf 93' lang='lat' dir='ltr'><strong>et</strong></span> <span class='ocrx_word' id='word_1_600' title='bbox 3097 3542 3336 3610; x_wconf 82' lang='lat' dir='ltr'><strong>synaxim</strong></span> <span class='ocrx_word' id='word_1_601' title='bbox 3369 3539 3494 3596; x_wconf 85' lang='lat' dir='ltr'><strong>fecit</strong></span> 
     </span>
    </p>
   </div>
   <div class='ocr_carea' id='block_1_79' title="bbox 1925 3627 3495 3701">
    <p class='ocr_par' dir='ltr' id='par_1_79' title="bbox 1925 3627 3495 3701">
     <span class='ocr_line' id='line_1_79' title="bbox 1925 3627 3495 3701; baseline 0.006 -22"><span class='ocrx_word' id='word_1_602' title='bbox 1925 3629 2104 3680; x_wconf 88' lang='lat' dir='ltr'><strong>statim</strong></span> <span class='ocrx_word' id='word_1_603' title='bbox 2135 3627 2423 3696; x_wconf 79' lang='lat' dir='ltr'><strong>perfectam</strong></span> <span class='ocrx_word' id='word_1_604' title='bbox 2447 3641 2608 3698; x_wconf 87' lang='lat' dir='ltr'><strong>super</strong></span> <span class='ocrx_word' id='word_1_605' title='bbox 2630 3645 2746 3686; x_wconf 87' lang='lat' dir='ltr'><strong>eam</strong></span> <span class='ocrx_word' id='word_1_606' title='bbox 2773 3640 2875 3700; x_wconf 75' lang='lat' dir='ltr'><strong>pro‘</strong></span> <span class='ocrx_word' id='word_1_607' title='bbox 2896 3631 2984 3686; x_wconf 90' lang='lat' dir='ltr'><strong>illo</strong></span> <span class='ocrx_word' id='word_1_608' title='bbox 3010 3633 3098 3701; x_wconf 89' lang='lat' dir='ltr'><strong>qui</strong></span> <span class='ocrx_word' id='word_1_609' title='bbox 3131 3635 3264 3687; x_wconf 89' lang='lat' dir='ltr'><strong>hanc</strong></span> <span class='ocrx_word' id='word_1_610' title='bbox 3289 3633 3495 3688; x_wconf 85' lang='lat' dir='ltr'><strong>obtule-</strong></span> 
     </span>
    </p>
   </div>
   <div class='ocr_carea' id='block_1_80' title="bbox 1923 3719 3493 3792">
    <p class='ocr_par' dir='ltr' id='par_1_80' title="bbox 1923 3719 3493 3792">
     <span class='ocr_line' id='line_1_80' title="bbox 1923 3719 3493 3792; baseline 0.005 -21"><span class='ocrx_word' id='word_1_611' title='bbox 1923 3727 2025 3784; x_wconf 90' lang='lat' dir='ltr'><strong>rat,</strong></span> <span class='ocrx_word' id='word_1_612' title='bbox 2061 3719 2189 3772; x_wconf 90' lang='lat' dir='ltr'><strong>satis</strong></span> <span class='ocrx_word' id='word_1_613' title='bbox 2211 3719 2526 3790; x_wconf 89' lang='lat' dir='ltr'><strong>abundeque</strong></span> <span class='ocrx_word' id='word_1_614' title='bbox 2557 3720 2722 3776; x_wconf 88' lang='lat' dir='ltr'><strong>Deum</strong></span> <span class='ocrx_word' id='word_1_615' title='bbox 2753 3736 2944 3792; x_wconf 85' lang='lat' dir='ltr'><strong>rogans</strong></span> <span class='ocrx_word' id='word_1_616' title='bbox 2972 3732 3234 3792; x_wconf 74' lang='lat' dir='ltr'><strong>quatenus</strong></span> <span class='ocrx_word' id='word_1_617' title='bbox 3255 3733 3307 3776; x_wconf 91' lang='lat' dir='ltr'><strong>ct</strong></span> <span class='ocrx_word' id='word_1_618' title='bbox 3329 3723 3493 3779; x_wconf 86' lang='lat' dir='ltr'><strong>lilium</strong></span> 
     </span>
    </p>
   </div>
   <div class='ocr_carea' id='block_1_81' title="bbox 1924 3812 3494 3882">
    <p class='ocr_par' dir='ltr' id='par_1_81' title="bbox 1924 3812 3494 3882">
     <span class='ocr_line' id='line_1_81' title="bbox 1924 3812 3494 3882; baseline 0.001 -14"><span class='ocrx_word' id='word_1_619' title='bbox 1924 3812 2041 3882; x_wconf 89' lang='lat' dir='ltr'><strong>ejus</strong></span> <span class='ocrx_word' id='word_1_620' title='bbox 2073 3814 2320 3877; x_wconf 89' lang='lat' dir='ltr'><strong>salvaret,</strong></span> <span class='ocrx_word' id='word_1_621' title='bbox 2348 3824 2402 3868; x_wconf 92' lang='lat' dir='ltr'><strong>et</strong></span> <span class='ocrx_word' id='word_1_622' title='bbox 2431 3826 2615 3869; x_wconf 84' lang='lat' dir='ltr'><strong>navem</strong></span> <span class='ocrx_word' id='word_1_623' title='bbox 2641 3830 2759 3868; x_wconf 90' lang='lat' dir='ltr'><strong>cum</strong></span> <span class='ocrx_word' id='word_1_624' title='bbox 2789 3815 2958 3870; x_wconf 88' lang='lat' dir='ltr'><strong>salute</strong></span> <span class='ocrx_word' id='word_1_625' title='bbox 2979 3815 3276 3880; x_wconf 88' lang='lat' dir='ltr'><strong>reduceret,</strong></span> <span class='ocrx_word' id='word_1_626' title='bbox 3305 3829 3494 3871; x_wconf 86' lang='lat' dir='ltr'><strong>secun-</strong></span> 
     </span>
    </p>
   </div>
   <div class='ocr_carea' id='block_1_82' title="bbox 1922 3904 3498 3978">
    <p class='ocr_par' dir='ltr' id='par_1_82' title="bbox 1922 3904 3498 3978">
     <span class='ocr_line' id='line_1_82' title="bbox 1922 3904 3498 3978; baseline 0.004 -20"><span class='ocrx_word' id='word_1_627' title='bbox 1922 3904 2049 3958; x_wconf 89' lang='lat' dir='ltr'><strong>dum</strong></span> <span class='ocrx_word' id='word_1_628' title='bbox 2081 3907 2219 3974; x_wconf 91' lang='lat' dir='ltr'><strong>quod</strong></span> <span class='ocrx_word' id='word_1_629' title='bbox 2254 3905 2426 3960; x_wconf 86' lang='lat' dir='ltr'><strong>fuerat</strong></span> <span class='ocrx_word' id='word_1_630' title='bbox 2458 3907 2755 3976; x_wconf 89' lang='lat' dir='ltr'><strong>postulatus</strong></span> <span class='ocrx_word' id='word_1_631' title='bbox 2807 3907 2874 3961; x_wconf 91' lang='lat' dir='ltr'><strong>ab</strong></span> <span class='ocrx_word' id='word_1_632' title='bbox 2915 3907 3028 3960; x_wconf 82' lang='lat' dir='ltr'><strong>illo.</strong></span> <span class='ocrx_word' id='word_1_633' title='bbox 3082 3907 3314 3962; x_wconf 85' lang='lat' dir='ltr'><strong>Necdum</strong></span> <span class='ocrx_word' id='word_1_634' title='bbox 3366 3921 3498 3978; x_wconf 78' lang='lat' dir='ltr'><strong>ergo</strong></span> 
     </span>
    </p>
   </div>
   <div class='ocr_carea' id='block_1_83' title="bbox 1925 3999 3493 4067">
    <p class='ocr_par' dir='ltr' id='par_1_83' title="bbox 1925 3999 3493 4067">
     <span class='ocr_line' id='line_1_83' title="bbox 1925 3999 3493 4067; baseline 0.004 -18"><span class='ocrx_word' id='word_1_635' title='bbox 1925 3999 2136 4067; x_wconf 85' lang='lat' dir='ltr'><strong>triginta</strong></span> <span class='ocrx_word' id='word_1_636' title='bbox 2170 4000 2452 4053; x_wconf 87' lang='lat' dir='ltr'><strong>transactis</strong></span> <span class='ocrx_word' id='word_1_637' title='bbox 2480 3999 2687 4066; x_wconf 90' lang='lat' dir='ltr'><strong>diebus,</strong></span> <span class='ocrx_word' id='word_1_638' title='bbox 2723 3999 3001 4053; x_wconf 88' lang='lat' dir='ltr'><strong>defunctus</strong></span> <span class='ocrx_word' id='word_1_639' title='bbox 3040 4009 3120 4054; x_wconf 89' lang='lat' dir='ltr'><strong>est</strong></span> <span class='ocrx_word' id='word_1_640' title='bbox 3149 4001 3287 4055; x_wconf 87' lang='lat' dir='ltr'><strong>filius</strong></span> <span class='ocrx_word' id='word_1_641' title='bbox 3318 4001 3493 4055; x_wconf 89' lang='lat' dir='ltr'><strong>homi-</strong></span> 
     </span>
    </p>
   </div>
   <div class='ocr_carea' id='block_1_84' title="bbox 1922 4089 3493 4159">
    <p class='ocr_par' dir='ltr' id='par_1_84' title="bbox 1922 4089 3493 4159">
     <span class='ocr_line' id='line_1_84' title="bbox 1922 4089 3493 4159; baseline 0.001 -15"><span class='ocrx_word' id='word_1_642' title='bbox 1922 4090 2006 4144; x_wconf 85' lang='lat' dir='ltr'><strong>nis</strong></span> <span class='ocrx_word' id='word_1_643' title='bbox 2048 4089 2188 4143; x_wconf 91' lang='lat' dir='ltr'><strong>illius</strong></span> <span class='ocrx_word' id='word_1_644' title='bbox 2227 4090 2317 4159; x_wconf 88' lang='lat' dir='ltr'><strong>qui</strong></span> <span class='ocrx_word' id='word_1_645' title='bbox 2353 4090 2615 4144; x_wconf 88' lang='lat' dir='ltr'><strong>obtulerat</strong></span> <span class='ocrx_word' id='word_1_646' title='bbox 2653 4100 2858 4158; x_wconf 81' lang='lat' dir='ltr'><strong>septem</strong></span> <span class='ocrx_word' id='word_1_647' title='bbox 2908 4089 3070 4144; x_wconf 87' lang='lat' dir='ltr'><strong>libras</strong></span> <span class='ocrx_word' id='word_1_648' title='bbox 3119 4097 3172 4144; x_wconf 88' lang='lat' dir='ltr'><strong>et</strong></span> <span class='ocrx_word' id='word_1_649' title='bbox 3219 4089 3493 4145; x_wconf 83' lang='lat' dir='ltr'><strong>dimidiam</strong></span> 
     </span>
    </p>
   </div>
   <div class='ocr_carea' id='block_1_85' title="bbox 1921 4179 3494 4248">
    <p class='ocr_par' dir='ltr' id='par_1_85' title="bbox 1921 4179 3494 4248">
     <span class='ocr_line' id='line_1_85' title="bbox 1921 4179 3494 4248; baseline 0.003 -16"><span class='ocrx_word' id='word_1_650' title='bbox 1921 4180 2268 4248; x_wconf 62' lang='lat' dir='ltr'><strong>patriarcha;</strong></span> <span class='ocrx_word' id='word_1_651' title='bbox 2301 4188 2353 4234; x_wconf 90' lang='lat' dir='ltr'><strong>et</strong></span> <span class='ocrx_word' id='word_1_652' title='bbox 2389 4182 2440 4233; x_wconf 93' lang='lat' dir='ltr'><strong>in</strong></span> <span class='ocrx_word' id='word_1_653' title='bbox 2486 4179 2637 4234; x_wconf 80' lang='lat' dir='ltr'><strong>tertia</strong></span> <span class='ocrx_word' id='word_1_654' title='bbox 2669 4179 2756 4234; x_wconf 91' lang='lat' dir='ltr'><strong>die</strong></span> <span class='ocrx_word' id='word_1_655' title='bbox 2785 4180 2972 4235; x_wconf 90' lang='lat' dir='ltr'><strong>mortis</strong></span> <span class='ocrx_word' id='word_1_656' title='bbox 3017 4181 3188 4248; x_wconf 86' lang='lat' dir='ltr'><strong>pueri,-</strong></span> <span class='ocrx_word' id='word_1_657' title='bbox 3221 4182 3418 4248; x_wconf 89' lang='lat' dir='ltr'><strong>recepit</strong></span> <span class='ocrx_word' id='word_1_658' title='bbox 3442 4192 3494 4237; x_wconf 89' lang='lat' dir='ltr'><strong>et</strong></span> 
     </span>
    </p>
   </div>
   <div class='ocr_carea' id='block_1_86' title="bbox 1921 4269 3493 4340">
    <p class='ocr_par' dir='ltr' id='par_1_86' title="bbox 1921 4269 3493 4340">
     <span class='ocr_line' id='line_1_86' title="bbox 1921 4269 3493 4340; baseline 0.001 -16"><span class='ocrx_word' id='word_1_659' title='bbox 1921 4274 2098 4325; x_wconf 90' lang='lat' dir='ltr'><strong>navim</strong></span> <span class='ocrx_word' id='word_1_660' title='bbox 2120 4285 2266 4324; x_wconf 86' lang='lat' dir='ltr'><strong>suam</strong></span> <span class='ocrx_word' id='word_1_661' title='bbox 2290 4272 2357 4324; x_wconf 84' lang='lat' dir='ltr'><strong>ab</strong></span> <span class='ocrx_word' id='word_1_662' title='bbox 2380 4269 2577 4335; x_wconf 81' lang='lat' dir='ltr'><strong>Africa,</strong></span> <span class='ocrx_word' id='word_1_663' title='bbox 2601 4271 2652 4324; x_wconf 95' lang='lat' dir='ltr'><strong>iu</strong></span> <span class='ocrx_word' id='word_1_664' title='bbox 2677 4287 2777 4340; x_wconf 91' lang='lat' dir='ltr'><strong>qua</strong></span> <span class='ocrx_word' id='word_1_665' title='bbox 2794 4281 2908 4325; x_wconf 87' lang='lat' dir='ltr'><strong>erat</strong></span> <span class='ocrx_word' id='word_1_666' title='bbox 2929 4279 2982 4324; x_wconf 91' lang='lat' dir='ltr'><strong>et</strong></span> <span class='ocrx_word' id='word_1_667' title='bbox 3005 4270 3166 4326; x_wconf 89' lang='lat' dir='ltr'><strong>frater</strong></span> <span class='ocrx_word' id='word_1_668' title='bbox 3185 4287 3493 4340; x_wconf 86' lang='lat' dir='ltr'><strong>germanus,</strong></span> 
     </span>
    </p>
   </div>
   <div class='ocr_carea' id='block_1_87' title="bbox 1919 4362 3493 4433">
    <p class='ocr_par' dir='ltr' id='par_1_87' title="bbox 1919 4362 3493 4433">
     <span class='ocr_line' id='line_1_87' title="bbox 1919 4362 3493 4433; baseline 0.001 -16"><span class='ocrx_word' id='word_1_669' title='bbox 1919 4362 2160 4427; x_wconf 87' lang='lat' dir='ltr'><strong>ejusdem</strong></span> <span class='ocrx_word' id='word_1_670' title='bbox 2193 4363 2288 4416; x_wconf 89' lang='lat' dir='ltr'><strong>viri</strong></span> <span class='ocrx_word' id='word_1_671' title='bbox 2320 4363 2570 4418; x_wconf 86' lang='lat' dir='ltr'><strong>creditor.</strong></span> <span class='ocrx_word' id='word_1_672' title='bbox 2604 4363 2668 4417; x_wconf 87' lang='lat' dir='ltr'><strong>Et</strong></span> <span class='ocrx_word' id='word_1_673' title='bbox 2697 4366 2915 4419; x_wconf 89' lang='lat' dir='ltr'><strong>veniens</strong></span> <span class='ocrx_word' id='word_1_674' title='bbox 2943 4364 3092 4433; x_wconf 84' lang='lat' dir='ltr'><strong>juxta</strong></span> <span class='ocrx_word' id='word_1_675' title='bbox 3121 4363 3374 4430; x_wconf 88' lang='lat' dir='ltr'><strong>Pharum,</strong></span> <span class='ocrx_word' id='word_1_676' title='bbox 3398 4381 3493 4420; x_wconf 87' lang='lat' dir='ltr'><strong>re-</strong></span> 
     </span>
    </p>
   </div>
   <div class='ocr_carea' id='block_1_88' title="bbox 1918 4454 3492 4526">
    <p class='ocr_par' dir='ltr' id='par_1_88' title="bbox 1918 4454 3492 4526">
     <span class='ocr_line' id='line_1_88' title="bbox 1918 4454 3492 4526; baseline 0.003 -19"><span class='ocrx_word' id='word_1_677' title='bbox 1918 4454 2039 4508; x_wconf 90' lang='lat' dir='ltr'><strong>tulit</strong></span> <span class='ocrx_word' id='word_1_678' title='bbox 2059 4454 2327 4523; x_wconf 75' lang='lat' dir='ltr'><strong>quomodo‘</strong></span> <span class='ocrx_word' id='word_1_679' title='bbox 2343 4457 2491 4510; x_wconf 88' lang='lat' dir='ltr'><strong>navis</strong></span> <span class='ocrx_word' id='word_1_680' title='bbox 2511 4455 2843 4526; x_wconf 80' lang='lat' dir='ltr'><strong>naufragium</strong></span> <span class='ocrx_word' id='word_1_681' title='bbox 2871 4457 3105 4526; x_wconf 86' lang='lat' dir='ltr'><strong>pertulit,</strong></span> <span class='ocrx_word' id='word_1_682' title='bbox 3129 4463 3182 4512; x_wconf 82' lang='lat' dir='ltr'><strong>et</strong></span> <span class='ocrx_word' id='word_1_683' title='bbox 3205 4455 3492 4525; x_wconf 86' lang='lat' dir='ltr'><strong>perdiderit</strong></span> 
     </span>
    </p>
   </div>
   <div class='ocr_carea' id='block_1_89' title="bbox 1920 4548 3489 4617">
    <p class='ocr_par' dir='ltr' id='par_1_89' title="bbox 1920 4548 3489 4617">
     <span class='ocr_line' id='line_1_89' title="bbox 1920 4548 3489 4617; baseline -0.001 -17"><span class='ocrx_word' id='word_1_684' title='bbox 1920 4554 2092 4600; x_wconf 89' lang='lat' dir='ltr'><strong>totum</strong></span> <span class='ocrx_word' id='word_1_685' title='bbox 2116 4561 2219 4616; x_wconf 92' lang='lat' dir='ltr'><strong>quo</strong></span> <span class='ocrx_word' id='word_1_686' title='bbox 2247 4556 2362 4601; x_wconf 90' lang='lat' dir='ltr'><strong>erat</strong></span> <span class='ocrx_word' id='word_1_687' title='bbox 2385 4550 2559 4614; x_wconf 91' lang='lat' dir='ltr'><strong>plena,</strong></span> <span class='ocrx_word' id='word_1_688' title='bbox 2584 4558 2637 4602; x_wconf 91' lang='lat' dir='ltr'><strong>et</strong></span> <span class='ocrx_word' id='word_1_689' title='bbox 2659 4549 2798 4617; x_wconf 90' lang='lat' dir='ltr'><strong>quod</strong></span> <span class='ocrx_word' id='word_1_690' title='bbox 2821 4563 2927 4602; x_wconf 92' lang='lat' dir='ltr'><strong>non</strong></span> <span class='ocrx_word' id='word_1_691' title='bbox 2949 4559 3126 4603; x_wconf 87' lang='lat' dir='ltr'><strong>essent</strong></span> <span class='ocrx_word' id='word_1_692' title='bbox 3147 4548 3362 4601; x_wconf 72' lang='lat' dir='ltr'><strong>salvata:</strong></span> <span class='ocrx_word' id='word_1_693' title='bbox 3390 4548 3489 4601; x_wconf 91' lang='lat' dir='ltr'><strong>nisi</strong></span> 
     </span>
    </p>
   </div>
   <div class='ocr_carea' id='block_1_90' title="bbox 255 4637 3490 4713">
    <p class='ocr_par' dir='ltr' id='par_1_90' title="bbox 255 4637 3490 4713">
     <span class='ocr_line' id='line_1_90' title="bbox 255 4637 3490 4713; baseline 0 -21"><span class='ocrx_word' id='word_1_694' title='bbox 255 4637 357 4712; x_wconf 84' lang='lat'><strong>(66)</strong></span> <span class='ocrx_word' id='word_1_695' title='bbox 383 4650 440 4694; x_wconf 90' lang='lat' dir='ltr'><strong>et</strong></span> <span class='ocrx_word' id='word_1_696' title='bbox 466 4644 586 4695; x_wconf 89' lang='lat' dir='ltr'><strong>sine</strong></span> <span class='ocrx_word' id='word_1_697' title='bbox 631 4642 793 4695; x_wconf 92' lang='lat' dir='ltr'><strong>dubio</strong></span> <span class='ocrx_word' id='word_1_698' title='bbox 840 4646 1118 4711; x_wconf 86' lang='lat' dir='ltr'><strong>perlicere.</strong></span> <span class='ocrx_word' id='word_1_699' title='bbox 1178 4643 1386 4698; x_wconf 88' lang='lat' dir='ltr'><strong>Etenim</strong></span> <span class='ocrx_word' id='word_1_700' title='bbox 1438 4644 1647 4699; x_wconf 84' lang='lat' dir='ltr'><strong>dicebat</strong></span> <span class='ocrx_word' id='word_1_701' title='bbox 1693 4647 1811 4713; x_wconf 91' lang='lat' dir='ltr'><strong>quia</strong></span> <span class='ocrx_word' id='word_1_702' title='bbox 1842 4637 1892 4702; x_wconf 80' lang='grc' dir='ltr'><strong>υ</strong></span> <span class='ocrx_word' id='word_1_703' title='bbox 1918 4642 2128 4705; x_wconf 66' lang='lat' dir='ltr'><strong>animm,</strong></span> <span class='ocrx_word' id='word_1_704' title='bbox 2151 4651 2203 4694; x_wconf 91' lang='lat' dir='ltr'><strong>et</strong></span> <span class='ocrx_word' id='word_1_705' title='bbox 2226 4657 2326 4694; x_wconf 88' lang='lat' dir='ltr'><strong>ttna</strong></span> <span class='ocrx_word' id='word_1_706' title='bbox 2345 4642 2542 4709; x_wconf 80' lang='lat' dir='ltr'><strong>scapha</strong></span> <span class='ocrx_word' id='word_1_707' title='bbox 2557 4655 2738 4694; x_wconf 89' lang='lat' dir='ltr'><strong>vacua.</strong></span> <span class='ocrx_word' id='word_1_708' title='bbox 2764 4642 2893 4695; x_wconf 89' lang='lat' dir='ltr'><strong>Cum</strong></span> <span class='ocrx_word' id='word_1_709' title='bbox 2916 4655 3044 4709; x_wconf 84' lang='lat' dir='ltr'><strong>ergo</strong></span> <span class='ocrx_word' id='word_1_710' title='bbox 3068 4650 3121 4695; x_wconf 92' lang='lat' dir='ltr'><strong>et</strong></span> <span class='ocrx_word' id='word_1_711' title='bbox 3145 4639 3285 4694; x_wconf 90' lang='lat' dir='ltr'><strong>hunc</strong></span> <span class='ocrx_word' id='word_1_712' title='bbox 3306 4653 3490 4693; x_wconf 89' lang='lat' dir='ltr'><strong>casum</strong></span> 
     </span>
    </p>
   </div>
   <div class='ocr_carea' id='block_1_91' title="bbox 254 4733 1810 4802">
    <p class='ocr_par' dir='ltr' id='par_1_91' title="bbox 254 4733 1810 4802">
     <span class='ocr_line' id='line_1_91' title="bbox 254 4733 1810 4802; baseline 0.006 -21"><span class='ocrx_word' id='word_1_713' title='bbox 254 4741 358 4785; x_wconf 84' lang='lat' dir='ltr'><strong>ante</strong></span> <span class='ocrx_word' id='word_1_714' title='bbox 409 4747 637 4800; x_wconf 86' lang='lat' dir='ltr'><strong>paucum</strong></span> <span class='ocrx_word' id='word_1_715' title='bbox 672 4743 877 4801; x_wconf 87' lang='lat' dir='ltr'><strong>tempus</strong></span> <span class='ocrx_word' id='word_1_716' title='bbox 907 4733 1149 4802; x_wconf 89' lang='lat' dir='ltr'><strong>captivus</strong></span> <span class='ocrx_word' id='word_1_717' title='bbox 1179 4735 1367 4789; x_wconf 92' lang='lat' dir='ltr'><strong>ductus</strong></span> <span class='ocrx_word' id='word_1_718' title='bbox 1395 4745 1478 4789; x_wconf 90' lang='lat' dir='ltr'><strong>est</strong></span> <span class='ocrx_word' id='word_1_719' title='bbox 1514 4735 1579 4789; x_wconf 90' lang='lat' dir='ltr'><strong>ad</strong></span> <span class='ocrx_word' id='word_1_720' title='bbox 1623 4735 1810 4790; x_wconf 86' lang='lat' dir='ltr'><strong>Persas</strong></span> 
     </span>
    </p>
   </div>
   <div class='ocr_carea' id='block_1_92' title="bbox 254 4823 1810 4890">
    <p class='ocr_par' dir='ltr' id='par_1_92' title="bbox 254 4823 1810 4890">
     <span class='ocr_line' id='line_1_92' title="bbox 254 4823 1810 4890; baseline 0.005 -16"><span class='ocrx_word' id='word_1_721' title='bbox 254 4825 478 4889; x_wconf 84' lang='lat' dir='ltr'><strong>quidam,</strong></span> <span class='ocrx_word' id='word_1_722' title='bbox 511 4833 566 4877; x_wconf 93' lang='lat' dir='ltr'><strong>et</strong></span> <span class='ocrx_word' id='word_1_723' title='bbox 613 4823 940 4878; x_wconf 89' lang='lat' dir='ltr'><strong>descendens</strong></span> <span class='ocrx_word' id='word_1_724' title='bbox 970 4827 1020 4879; x_wconf 89' lang='lat' dir='ltr'><strong>in</strong></span> <span class='ocrx_word' id='word_1_725' title='bbox 1047 4826 1337 4890; x_wconf 88' lang='lat' dir='ltr'><strong>Persidam,</strong></span> <span class='ocrx_word' id='word_1_726' title='bbox 1368 4835 1610 4881; x_wconf 88' lang='lat' dir='ltr'><strong>retrusus</strong></span> <span class='ocrx_word' id='word_1_727' title='bbox 1649 4837 1730 4881; x_wconf 89' lang='lat' dir='ltr'><strong>est</strong></span> <span class='ocrx_word' id='word_1_728' title='bbox 1757 4827 1810 4882; x_wconf 91' lang='lat' dir='ltr'><strong>in</strong></span> 
     </span>
    </p>
   </div>
   <div class='ocr_carea' id='block_1_93' title="bbox 247 4918 1808 4987">
    <p class='ocr_par' dir='ltr' id='par_1_93' title="bbox 247 4918 1808 4987">
     <span class='ocr_line' id='line_1_93' title="bbox 247 4918 1808 4987; baseline 0.005 -19"><span class='ocrx_word' id='word_1_729' title='bbox 247 4929 512 4972; x_wconf 86' lang='lat' dir='ltr'><strong>carcerem</strong></span> <span class='ocrx_word' id='word_1_730' title='bbox 543 4918 633 4986; x_wconf 91' lang='lat' dir='ltr'><strong>qui</strong></span> <span class='ocrx_word' id='word_1_731' title='bbox 682 4919 1042 4987; x_wconf 88' lang='lat' dir='ltr'><strong>appellabatur</strong></span> <span class='ocrx_word' id='word_1_732' title='bbox 1081 4920 1269 4986; x_wconf 89' lang='lat' dir='ltr'><strong>Lethe,</strong></span> <span class='ocrx_word' id='word_1_733' title='bbox 1303 4921 1403 4976; x_wconf 90' lang='lat' dir='ltr'><strong>hoc</strong></span> <span class='ocrx_word' id='word_1_734' title='bbox 1445 4932 1547 4987; x_wconf 89' lang='lat' dir='ltr'><strong>est,</strong></span> <span class='ocrx_word' id='word_1_735' title='bbox 1594 4922 1808 4977; x_wconf 89' lang='lat' dir='ltr'><strong>oblivio.</strong></span> 
     </span>
    </p>
   </div>
   <div class='ocr_carea' id='block_1_94' title="bbox 240 5008 1809 5085">
    <p class='ocr_par' dir='ltr' id='par_1_94' title="bbox 240 5008 1809 5085">
     <span class='ocr_line' id='line_1_94' title="bbox 240 5008 1809 5085; baseline 0.006 -26"><span class='ocrx_word' id='word_1_736' title='bbox 240 5008 463 5075; x_wconf 86' lang='lat' dir='ltr'><strong>Quidam</strong></span> <span class='ocrx_word' id='word_1_737' title='bbox 514 5022 645 5079; x_wconf 87' lang='lat' dir='ltr'><strong>ergo</strong></span> <span class='ocrx_word' id='word_1_738' title='bbox 695 5009 954 5078; x_wconf 76' lang='lat' dir='ltr'><strong>fugientes</strong></span> <span class='ocrx_word' id='word_1_739' title='bbox 993 5010 1160 5075; x_wconf 88' lang='lat' dir='ltr'><strong>illine,</strong></span> <span class='ocrx_word' id='word_1_740' title='bbox 1197 5014 1574 5082; x_wconf 84' lang='lat' dir='ltr'><strong>venientesque</strong></span> <span class='ocrx_word' id='word_1_741' title='bbox 1625 5014 1676 5067; x_wconf 91' lang='lat' dir='ltr'><strong>in</strong></span> <span class='ocrx_word' id='word_1_742' title='bbox 1707 5015 1809 5085; x_wconf 87' lang='lat' dir='ltr'><strong>Cy—</strong></span> 
     </span>
    </p>
   </div>
   <div class='ocr_carea' id='block_1_95' title="bbox 239 5102 1812 5172">
    <p class='ocr_par' dir='ltr' id='par_1_95' title="bbox 239 5102 1812 5172">
     <span class='ocr_line' id='line_1_95' title="bbox 239 5102 1812 5172; baseline 0.001 -18"><span class='ocrx_word' id='word_1_743' title='bbox 239 5115 414 5167; x_wconf 79' lang='lat' dir='ltr'><strong>prum,</strong></span> <span class='ocrx_word' id='word_1_744' title='bbox 445 5110 502 5154; x_wconf 89' lang='lat' dir='ltr'><strong>et</strong></span> <span class='ocrx_word' id='word_1_745' title='bbox 529 5102 834 5172; x_wconf 78' lang='lat' dir='ltr'><strong>interrogati</strong></span> <span class='ocrx_word' id='word_1_746' title='bbox 876 5119 905 5154; x_wconf 91' lang='lat' dir='ltr'><strong>a</strong></span> <span class='ocrx_word' id='word_1_747' title='bbox 940 5103 1250 5170; x_wconf 81' lang='lat' dir='ltr'><strong>parentibus</strong></span> <span class='ocrx_word' id='word_1_748' title='bbox 1271 5104 1433 5170; x_wconf 84' lang='lat' dir='ltr'><strong>illius,</strong></span> <span class='ocrx_word' id='word_1_749' title='bbox 1479 5106 1522 5158; x_wconf 84' lang='lat' dir='ltr'><strong>si</strong></span> <span class='ocrx_word' id='word_1_750' title='bbox 1570 5105 1704 5160; x_wconf 82' lang='lat' dir='ltr'><strong>forte</strong></span> <span class='ocrx_word' id='word_1_751' title='bbox 1736 5113 1812 5158; x_wconf 87' lang='lat' dir='ltr'><strong>vi-</strong></span> 
     </span>
    </p>
   </div>
   <div class='ocr_carea' id='block_1_96' title="bbox 237 5193 1812 5266">
    <p class='ocr_par' dir='ltr' id='par_1_96' title="bbox 237 5193 1812 5266">
     <span class='ocr_line' id='line_1_96' title="bbox 237 5193 1812 5266; baseline 0.006 -24"><span class='ocrx_word' id='word_1_752' title='bbox 237 5195 441 5248; x_wconf 60' lang='lat' dir='ltr'><strong>dissent</strong></span> <span class='ocrx_word' id='word_1_753' title='bbox 483 5209 630 5251; x_wconf 85' lang='lat' dir='ltr'><strong>eum.</strong></span> <span class='ocrx_word' id='word_1_754' title='bbox 678 5193 1059 5263; x_wconf 75' lang='lat' dir='ltr'><strong>respondentes</strong></span> <span class='ocrx_word' id='word_1_755' title='bbox 1107 5195 1353 5249; x_wconf 85' lang='lat' dir='ltr'><strong>dixerunt</strong></span> <span class='ocrx_word' id='word_1_756' title='bbox 1399 5198 1498 5260; x_wconf 87' lang='lat' dir='ltr'><strong>eis,</strong></span> <span class='ocrx_word' id='word_1_757' title='bbox 1551 5198 1671 5266; x_wconf 88' lang='lat' dir='ltr'><strong>quia</strong></span> <span class='ocrx_word' id='word_1_758' title='bbox 1717 5213 1812 5251; x_wconf 92' lang='lat' dir='ltr'><strong>nos</strong></span> 
     </span>
    </p>
   </div>
   <div class='ocr_carea' id='block_1_97' title="bbox 239 5286 1814 5355">
    <p class='ocr_par' dir='ltr' id='par_1_97' title="bbox 239 5286 1814 5355">
     <span class='ocr_line' id='line_1_97' title="bbox 239 5286 1814 5355; baseline 0.006 -22"><span class='ocrx_word' id='word_1_759' title='bbox 239 5286 475 5354; x_wconf 82' lang='lat' dir='ltr'><strong>propriis</strong></span> <span class='ocrx_word' id='word_1_760' title='bbox 505 5288 749 5340; x_wconf 87' lang='lat' dir='ltr'><strong>manibus</strong></span> <span class='ocrx_word' id='word_1_761' title='bbox 777 5287 1117 5355; x_wconf 83' lang='lat' dir='ltr'><strong>sepelivimus</strong></span> <span class='ocrx_word' id='word_1_762' title='bbox 1145 5302 1290 5342; x_wconf 90' lang='lat' dir='ltr'><strong>eum.-</strong></span> <span class='ocrx_word' id='word_1_763' title='bbox 1336 5288 1449 5341; x_wconf 84' lang='lat' dir='ltr'><strong>Non</strong></span> <span class='ocrx_word' id='word_1_764' title='bbox 1478 5298 1654 5344; x_wconf 89' lang='lat' dir='ltr'><strong>autem</strong></span> <span class='ocrx_word' id='word_1_765' title='bbox 1697 5299 1814 5344; x_wconf 89' lang='lat' dir='ltr'><strong>erat</strong></span> 
     </span>
    </p>
   </div>
   <div class='ocr_carea' id='block_1_98' title="bbox 235 5373 1812 5445">
    <p class='ocr_par' dir='ltr' id='par_1_98' title="bbox 235 5373 1812 5445">
     <span class='ocr_line' id='line_1_98' title="bbox 235 5373 1812 5445; baseline 0.001 -15"><span class='ocrx_word' id='word_1_766' title='bbox 235 5376 340 5430; x_wconf 82' lang='lat' dir='ltr'><strong>iste</strong></span> <span class='ocrx_word' id='word_1_767' title='bbox 359 5375 426 5429; x_wconf 90' lang='lat' dir='ltr'><strong>de</strong></span> <span class='ocrx_word' id='word_1_768' title='bbox 454 5373 984 5445; x_wconf 79' lang='lat' dir='ltr'><strong>quo&#39;interrogabant</strong></span> <span class='ocrx_word' id='word_1_769' title='bbox 1009 5392 1123 5443; x_wconf 89' lang='lat' dir='ltr'><strong>eos,</strong></span> <span class='ocrx_word' id='word_1_770' title='bbox 1154 5377 1247 5431; x_wconf 77' lang='lat' dir='ltr'><strong>sed</strong></span> <span class='ocrx_word' id='word_1_771' title='bbox 1268 5377 1404 5432; x_wconf 81' lang='lat' dir='ltr'><strong>alius</strong></span> <span class='ocrx_word' id='word_1_772' title='bbox 1426 5378 1812 5433; x_wconf 85' lang='lat' dir='ltr'><strong>indissimiliter</strong></span> 
     </span>
    </p>
   </div>
   <div class='ocr_carea' id='block_1_99' title="bbox 234 5467 1809 5537">
    <p class='ocr_par' dir='ltr' id='par_1_99' title="bbox 234 5467 1809 5537">
     <span class='ocr_line' id='line_1_99' title="bbox 234 5467 1809 5537; baseline 0.003 -15"><span class='ocrx_word' id='word_1_773' title='bbox 234 5483 360 5522; x_wconf 87' lang='lat' dir='ltr'><strong>eum</strong></span> <span class='ocrx_word' id='word_1_774' title='bbox 389 5467 652 5522; x_wconf 85' lang='lat' dir='ltr'><strong>sitnilans.</strong></span> <span class='ocrx_word' id='word_1_775' title='bbox 678 5468 940 5523; x_wconf 84' lang='lat' dir='ltr'><strong>Dixerunt</strong></span> <span class='ocrx_word' id='word_1_776' title='bbox 965 5485 1088 5524; x_wconf 89' lang='lat' dir='ltr'><strong>vero</strong></span> <span class='ocrx_word' id='word_1_777' title='bbox 1117 5471 1193 5524; x_wconf 91' lang='lat' dir='ltr'><strong>eis</strong></span> <span class='ocrx_word' id='word_1_778' title='bbox 1222 5479 1274 5524; x_wconf 91' lang='lat' dir='ltr'><strong>et</strong></span> <span class='ocrx_word' id='word_1_779' title='bbox 1305 5483 1561 5537; x_wconf 90' lang='lat' dir='ltr'><strong>mensem,</strong></span> <span class='ocrx_word' id='word_1_780' title='bbox 1590 5482 1642 5526; x_wconf 91' lang='lat' dir='ltr'><strong>et</strong></span> <span class='ocrx_word' id='word_1_781' title='bbox 1669 5471 1809 5526; x_wconf 90' lang='lat' dir='ltr'><strong>diem</strong></span> 
     </span>
    </p>
   </div>
   <div class='ocr_carea' id='block_1_100' title="bbox 238 5561 1811 5633">
    <p class='ocr_par' dir='ltr' id='par_1_100' title="bbox 238 5561 1811 5633">
     <span class='ocr_line' id='line_1_100' title="bbox 238 5561 1811 5633; baseline 0.004 -21"><span class='ocrx_word' id='word_1_782' title='bbox 238 5561 417 5615; x_wconf 88' lang='lat' dir='ltr'><strong>obitus</strong></span> <span class='ocrx_word' id='word_1_783' title='bbox 448 5562 630 5629; x_wconf 85' lang='lat' dir='ltr'><strong>ipsius.</strong></span> <span class='ocrx_word' id='word_1_784' title='bbox 665 5562 742 5615; x_wconf 90' lang='lat' dir='ltr'><strong>Illi</strong></span> <span class='ocrx_word' id='word_1_785' title='bbox 769 5576 897 5617; x_wconf 86' lang='lat' dir='ltr'><strong>vero</strong></span> <span class='ocrx_word' id='word_1_786' title='bbox 917 5573 1162 5631; x_wconf 87' lang='lat' dir='ltr'><strong>tanquam</strong></span> <span class='ocrx_word' id='word_1_787' title='bbox 1189 5579 1284 5633; x_wconf 90' lang='lat' dir='ltr'><strong>pro</strong></span> <span class='ocrx_word' id='word_1_788' title='bbox 1308 5575 1516 5618; x_wconf 92' lang='lat' dir='ltr'><strong>mortuo</strong></span> <span class='ocrx_word' id='word_1_789' title='bbox 1547 5564 1811 5620; x_wconf 82' lang='lat' dir='ltr'><strong>faciebant</strong></span> 
     </span>
    </p>
   </div>
   <div class='ocr_carea' id='block_1_101' title="bbox 230 5655 1808 5725">
    <p class='ocr_par' dir='ltr' id='par_1_101' title="bbox 230 5655 1808 5725">
     <span class='ocr_line' id='line_1_101' title="bbox 230 5655 1808 5725; baseline 0.001 -16"><span class='ocrx_word' id='word_1_790' title='bbox 230 5659 281 5709; x_wconf 83' lang='lat' dir='ltr'><strong>ei</strong></span> <span class='ocrx_word' id='word_1_791' title='bbox 317 5665 427 5710; x_wconf 88' lang='lat' dir='ltr'><strong>tres</strong></span> <span class='ocrx_word' id='word_1_792' title='bbox 470 5656 722 5711; x_wconf 88' lang='lat' dir='ltr'><strong>collectas</strong></span> <span class='ocrx_word' id='word_1_793' title='bbox 763 5671 858 5724; x_wconf 89' lang='lat' dir='ltr'><strong>per</strong></span> <span class='ocrx_word' id='word_1_794' title='bbox 885 5655 1118 5725; x_wconf 85' lang='lat' dir='ltr'><strong>singulos</strong></span> <span class='ocrx_word' id='word_1_795' title='bbox 1169 5673 1361 5712; x_wconf 86' lang='lat' dir='ltr'><strong>annos.</strong></span> <span class='ocrx_word' id='word_1_796' title='bbox 1412 5657 1540 5712; x_wconf 89' lang='lat' dir='ltr'><strong>Post</strong></span> <span class='ocrx_word' id='word_1_797' title='bbox 1584 5667 1808 5724; x_wconf 74' lang='lat' dir='ltr'><strong>Quatuor</strong></span> 
     </span>
    </p>
   </div>
   <div class='ocr_carea' id='block_1_102' title="bbox 231 5747 1805 5820">
    <p class='ocr_par' dir='ltr' id='par_1_102' title="bbox 231 5747 1805 5820">
     <span class='ocr_line' id='line_1_102' title="bbox 231 5747 1805 5820; baseline 0.003 -21"><span class='ocrx_word' id='word_1_798' title='bbox 231 5747 416 5818; x_wconf 86' lang='lat' dir='ltr'><strong>itaque</strong></span> <span class='ocrx_word' id='word_1_799' title='bbox 443 5764 614 5804; x_wconf 87' lang='lat' dir='ltr'><strong>annos</strong></span> <span class='ocrx_word' id='word_1_800' title='bbox 639 5750 789 5804; x_wconf 87' lang='lat' dir='ltr'><strong>venit</strong></span> <span class='ocrx_word' id='word_1_801' title='bbox 817 5750 867 5802; x_wconf 91' lang='lat' dir='ltr'><strong>in</strong></span> <span class='ocrx_word' id='word_1_802' title='bbox 890 5751 1146 5820; x_wconf 78' lang='lat' dir='ltr'><strong>Cyprum,</strong></span> <span class='ocrx_word' id='word_1_803' title='bbox 1171 5750 1287 5819; x_wconf 82' lang='lat' dir='ltr'><strong>fuga</strong></span> <span class='ocrx_word' id='word_1_804' title='bbox 1328 5751 1511 5820; x_wconf 90' lang='lat' dir='ltr'><strong>lapsus</strong></span> <span class='ocrx_word' id='word_1_805' title='bbox 1539 5766 1567 5802; x_wconf 91' lang='lat' dir='ltr'><strong>a</strong></span> <span class='ocrx_word' id='word_1_806' title='bbox 1608 5750 1805 5804; x_wconf 88' lang='lat' dir='ltr'><strong>Persis.</strong></span> 
     </span>
    </p>
   </div>
   <div class='ocr_carea' id='block_1_103' title="bbox 241 5836 1806 5912">
    <p class='ocr_par' dir='ltr' id='par_1_103' title="bbox 241 5836 1806 5912">
     <span class='ocr_line' id='line_1_103' title="bbox 241 5836 1806 5912; baseline 0.003 -20"><span class='ocrx_word' id='word_1_807' title='bbox 241 5839 495 5898; x_wconf 72' lang='lat' dir='ltr'><strong>Dixerunt</strong></span> <span class='ocrx_word' id='word_1_808' title='bbox 524 5856 652 5912; x_wconf 81' lang='lat' dir='ltr'><strong>ergo</strong></span> <span class='ocrx_word' id='word_1_809' title='bbox 681 5841 729 5895; x_wconf 88' lang='lat' dir='ltr'><strong>ei</strong></span> <span class='ocrx_word' id='word_1_810' title='bbox 781 5842 902 5896; x_wconf 89' lang='lat' dir='ltr'><strong>sui:</strong></span> <span class='ocrx_word' id='word_1_811' title='bbox 936 5839 1093 5907; x_wconf 84' lang='lat' dir='ltr'><strong>Vere,</strong></span> <span class='ocrx_word' id='word_1_812' title='bbox 1133 5836 1315 5912; x_wconf 82' lang='lat' dir='ltr'><strong>frater,</strong></span> <span class='ocrx_word' id='word_1_813' title='bbox 1365 5855 1463 5899; x_wconf 90' lang='lat' dir='ltr'><strong>nos</strong></span> <span class='ocrx_word' id='word_1_814' title='bbox 1512 5839 1806 5897; x_wconf 78' lang='lat' dir='ltr'><strong>audivimus</strong></span> 
     </span>
    </p>
   </div>
   <div class='ocr_carea' id='block_1_104' title="bbox 523 5953 1082 6017">
    <p class='ocr_par' dir='ltr' id='par_1_104' title="bbox 523 5953 1082 6017">
     <span class='ocr_line' id='line_1_104' title="bbox 523 5953 1082 6017; baseline -0.009 0"><span class='ocrx_word' id='word_1_815' title='bbox 523 5956 789 6017; x_wconf 71' lang='lat' dir='ltr'><strong>Parnm.</strong></span> <span class='ocrx_word' id='word_1_816' title='bbox 823 5953 1082 6013; x_wconf 64' lang='lat' dir='ltr'><strong>LXXlll</strong></span> 
     </span>
    </p>
   </div>
   <div class='ocr_carea' id='block_1_105' title="bbox 1919 4729 3488 4800">
    <p class='ocr_par' dir='ltr' id='par_1_105' title="bbox 1919 4729 3488 4800">
     <span class='ocr_line' id='line_1_105' title="bbox 1919 4729 3488 4800; baseline -0.003 -12"><span class='ocrx_word' id='word_1_817' title='bbox 1919 4734 2204 4788; x_wconf 87' lang='lat' dir='ltr'><strong>didicisset</strong></span> <span class='ocrx_word' id='word_1_818' title='bbox 2232 4732 2476 4786; x_wconf 87' lang='lat' dir='ltr'><strong>evenisse</strong></span> <span class='ocrx_word' id='word_1_819' title='bbox 2502 4732 2601 4786; x_wconf 89' lang='lat' dir='ltr'><strong>sibi</strong></span> <span class='ocrx_word' id='word_1_820' title='bbox 2625 4732 2871 4786; x_wconf 89' lang='lat' dir='ltr'><strong>dominus</strong></span> <span class='ocrx_word' id='word_1_821' title='bbox 2895 4732 3044 4786; x_wconf 88' lang='lat' dir='ltr'><strong>navis</strong></span> <span class='ocrx_word' id='word_1_822' title='bbox 3068 4740 3120 4785; x_wconf 93' lang='lat' dir='ltr'><strong>et</strong></span> <span class='ocrx_word' id='word_1_823' title='bbox 3145 4740 3290 4800; x_wconf 90' lang='lat' dir='ltr'><strong>pater</strong></span> <span class='ocrx_word' id='word_1_824' title='bbox 3315 4729 3488 4797; x_wconf 92' lang='lat' dir='ltr'><strong>pueri,</strong></span> 
     </span>
    </p>
   </div>
   <div class='ocr_carea' id='block_1_106' title="bbox 1919 4821 3490 4893">
    <p class='ocr_par' dir='ltr' id='par_1_106' title="bbox 1919 4821 3490 4893">
     <span class='ocr_line' id='line_1_106' title="bbox 1919 4821 3490 4893; baseline -0.001 -16"><span class='ocrx_word' id='word_1_825' title='bbox 1919 4825 2206 4880; x_wconf 88' lang='lat' dir='ltr'><strong>secundum</strong></span> <span class='ocrx_word' id='word_1_826' title='bbox 2235 4825 2450 4878; x_wconf 86' lang='lat' dir='ltr'><strong>verbum</strong></span> <span class='ocrx_word' id='word_1_827' title='bbox 2476 4823 2775 4893; x_wconf 59' lang='lat' dir='ltr'><strong>Propheta,</strong></span> <span class='ocrx_word' id='word_1_828' title='bbox 2817 4824 2971 4892; x_wconf 88' lang='lat' dir='ltr'><strong>paulo</strong></span> <span class='ocrx_word' id='word_1_829' title='bbox 2994 4823 3169 4876; x_wconf 88' lang='lat' dir='ltr'><strong>minus</strong></span> <span class='ocrx_word' id='word_1_830' title='bbox 3197 4823 3248 4875; x_wconf 89' lang='lat' dir='ltr'><strong>iu</strong></span> <span class='ocrx_word' id='word_1_831' title='bbox 3281 4821 3490 4876; x_wconf 85' lang='lat' dir='ltr'><strong>inferno</strong></span> 
     </span>
    </p>
   </div>
   <div class='ocr_carea' id='block_1_107' title="bbox 1918 4910 3488 4987">
    <p class='ocr_par' dir='ltr' id='par_1_107' title="bbox 1918 4910 3488 4987">
     <span class='ocr_line' id='line_1_107' title="bbox 1918 4910 3488 4987; baseline -0.003 -15"><span class='ocrx_word' id='word_1_832' title='bbox 1918 4918 2174 4972; x_wconf 87' lang='lat' dir='ltr'><strong>habitavit</strong></span> <span class='ocrx_word' id='word_1_833' title='bbox 2216 4916 2390 4971; x_wconf 89' lang='lat' dir='ltr'><strong>anima</strong></span> <span class='ocrx_word' id='word_1_834' title='bbox 2447 4916 2560 4983; x_wconf 89' lang='lat' dir='ltr'><strong>ejus</strong></span> <span class='ocrx_word' id='word_1_835' title='bbox 2616 4910 2784 4987; x_wconf 78' lang='lat' dir='ltr'><strong>(P’sal.</strong></span> <span class='ocrx_word' id='word_1_836' title='bbox 2819 4915 2996 4986; x_wconf 80' lang='lat' dir='ltr'><strong>xcm);</strong></span> <span class='ocrx_word' id='word_1_837' title='bbox 3057 4915 3289 4968; x_wconf 86' lang='lat' dir='ltr'><strong>nondum</strong></span> <span class='ocrx_word' id='word_1_838' title='bbox 3347 4914 3488 4969; x_wconf 90' lang='lat' dir='ltr'><strong>enim</strong></span> 
     </span>
    </p>
   </div>
   <div class='ocr_carea' id='block_1_108' title="bbox 1919 5006 3491 5075">
    <p class='ocr_par' dir='ltr' id='par_1_108' title="bbox 1919 5006 3491 5075">
     <span class='ocr_line' id='line_1_108' title="bbox 1919 5006 3491 5075; baseline -0.003 -11"><span class='ocrx_word' id='word_1_839' title='bbox 1919 5009 2260 5065; x_wconf 91' lang='lat' dir='ltr'><strong>tribulatione</strong></span> <span class='ocrx_word' id='word_1_840' title='bbox 2302 5009 2392 5062; x_wconf 85' lang='lat' dir='ltr'><strong>filii</strong></span> <span class='ocrx_word' id='word_1_841' title='bbox 2433 5007 2516 5062; x_wconf 90' lang='lat' dir='ltr'><strong>sui</strong></span> <span class='ocrx_word' id='word_1_842' title='bbox 2547 5010 2827 5075; x_wconf 87' lang='lat' dir='ltr'><strong>exstincta,</strong></span> <span class='ocrx_word' id='word_1_843' title='bbox 2856 5006 3258 5074; x_wconf 87' lang='lat' dir='ltr'><strong>comprehendit</strong></span> <span class='ocrx_word' id='word_1_844' title='bbox 3284 5021 3406 5060; x_wconf 90' lang='lat' dir='ltr'><strong>eum</strong></span> <span class='ocrx_word' id='word_1_845' title='bbox 3437 5017 3491 5061; x_wconf 91' lang='lat' dir='ltr'><strong>et</strong></span> 
     </span>
    </p>
   </div>
   <div class='ocr_carea' id='block_1_109' title="bbox 1919 5093 3487 5166">
    <p class='ocr_par' dir='ltr' id='par_1_109' title="bbox 1919 5093 3487 5166">
     <span class='ocr_line' id='line_1_109' title="bbox 1919 5093 3487 5166; baseline -0.002 -15"><span class='ocrx_word' id='word_1_846' title='bbox 1919 5099 2109 5162; x_wconf 79' lang='lat' dir='ltr'><strong>navis;</strong></span> <span class='ocrx_word' id='word_1_847' title='bbox 2142 5099 2307 5152; x_wconf 88' lang='lat' dir='ltr'><strong>relata</strong></span> <span class='ocrx_word' id='word_1_848' title='bbox 2341 5106 2464 5151; x_wconf 90' lang='lat' dir='ltr'><strong>sunt</strong></span> <span class='ocrx_word' id='word_1_849' title='bbox 2508 5098 2691 5166; x_wconf 82' lang='lat' dir='ltr'><strong>itaque</strong></span> <span class='ocrx_word' id='word_1_850' title='bbox 2728 5097 2902 5151; x_wconf 91' lang='lat' dir='ltr'><strong>omnia</strong></span> <span class='ocrx_word' id='word_1_851' title='bbox 2945 5109 3066 5165; x_wconf 78' lang='lat' dir='ltr'><strong>qua:</strong></span> <span class='ocrx_word' id='word_1_852' title='bbox 3103 5093 3404 5149; x_wconf 86' lang='lat' dir='ltr'><strong>acciderant</strong></span> <span class='ocrx_word' id='word_1_853' title='bbox 3439 5098 3487 5150; x_wconf 91' lang='lat' dir='ltr'><strong>ei</strong></span> 
     </span>
    </p>
   </div>
   <div class='ocr_carea' id='block_1_110' title="bbox 1916 5185 3489 5258">
    <p class='ocr_par' dir='ltr' id='par_1_110' title="bbox 1916 5185 3489 5258">
     <span class='ocr_line' id='line_1_110' title="bbox 1916 5185 3489 5258; baseline -0.004 -14"><span class='ocrx_word' id='word_1_854' title='bbox 1916 5190 2261 5258; x_wconf 68' lang='lat' dir='ltr'><strong>patriarchae,</strong></span> <span class='ocrx_word' id='word_1_855' title='bbox 2289 5198 2341 5242; x_wconf 92' lang='lat' dir='ltr'><strong>et</strong></span> <span class='ocrx_word' id='word_1_856' title='bbox 2371 5201 2506 5255; x_wconf 92' lang='lat' dir='ltr'><strong>pene</strong></span> <span class='ocrx_word' id='word_1_857' title='bbox 2536 5187 2654 5255; x_wconf 90' lang='lat' dir='ltr'><strong>plus</strong></span> <span class='ocrx_word' id='word_1_858' title='bbox 2683 5201 2838 5256; x_wconf 89' lang='lat' dir='ltr'><strong>quam</strong></span> <span class='ocrx_word' id='word_1_859' title='bbox 2873 5186 2916 5238; x_wconf 89' lang='lat' dir='ltr'><strong>is</strong></span> <span class='ocrx_word' id='word_1_860' title='bbox 2945 5186 3032 5254; x_wconf 91' lang='lat' dir='ltr'><strong>qui</strong></span> <span class='ocrx_word' id='word_1_861' title='bbox 3066 5185 3178 5239; x_wconf 73' lang='lat' dir='ltr'><strong>ha-c</strong></span> <span class='ocrx_word' id='word_1_862' title='bbox 3205 5200 3489 5254; x_wconf 85' lang='lat' dir='ltr'><strong>perpessus</strong></span> 
     </span>
    </p>
   </div>
   <div class='ocr_carea' id='block_1_111' title="bbox 1917 5279 3486 5347">
    <p class='ocr_par' dir='ltr' id='par_1_111' title="bbox 1917 5279 3486 5347">
     <span class='ocr_line' id='line_1_111' title="bbox 1917 5279 3486 5347; baseline -0.002 -13"><span class='ocrx_word' id='word_1_863' title='bbox 1917 5282 2093 5335; x_wconf 87' lang='lat' dir='ltr'><strong>fuerat</strong></span> <span class='ocrx_word' id='word_1_864' title='bbox 2119 5280 2168 5333; x_wconf 90' lang='lat' dir='ltr'><strong>in</strong></span> <span class='ocrx_word' id='word_1_865' title='bbox 2201 5281 2414 5333; x_wconf 88' lang='lat' dir='ltr'><strong>tristitia</strong></span> <span class='ocrx_word' id='word_1_866' title='bbox 2445 5279 2770 5342; x_wconf 90' lang='lat' dir='ltr'><strong>morabatur,</strong></span> <span class='ocrx_word' id='word_1_867' title='bbox 2818 5279 3046 5331; x_wconf 87' lang='lat' dir='ltr'><strong>maxime</strong></span> <span class='ocrx_word' id='word_1_868' title='bbox 3075 5288 3292 5347; x_wconf 90' lang='lat' dir='ltr'><strong>propter</strong></span> <span class='ocrx_word' id='word_1_869' title='bbox 3320 5279 3486 5331; x_wconf 88' lang='lat' dir='ltr'><strong>lilium</strong></span> 
     </span>
    </p>
   </div>
   <div class='ocr_carea' id='block_1_112' title="bbox 1915 5369 3489 5442">
    <p class='ocr_par' dir='ltr' id='par_1_112' title="bbox 1915 5369 3489 5442">
     <span class='ocr_line' id='line_1_112' title="bbox 1915 5369 3489 5442; baseline 0 -16"><span class='ocrx_word' id='word_1_870' title='bbox 1915 5373 2031 5442; x_wconf 85' lang='lat' dir='ltr'><strong>ejus</strong></span> <span class='ocrx_word' id='word_1_871' title='bbox 2058 5373 2289 5427; x_wconf 91' lang='lat' dir='ltr'><strong>unicum.</strong></span> <span class='ocrx_word' id='word_1_872' title='bbox 2316 5372 2570 5426; x_wconf 84' lang='lat' dir='ltr'><strong>Nesciens</strong></span> <span class='ocrx_word' id='word_1_873' title='bbox 2598 5386 2725 5440; x_wconf 92' lang='lat' dir='ltr'><strong>ergo</strong></span> <span class='ocrx_word' id='word_1_874' title='bbox 2753 5371 2877 5439; x_wconf 80' lang='lat' dir='ltr'><strong>quid</strong></span> <span class='ocrx_word' id='word_1_875' title='bbox 2907 5370 3124 5436; x_wconf 86' lang='lat' dir='ltr'><strong>faceret,</strong></span> <span class='ocrx_word' id='word_1_876' title='bbox 3153 5380 3303 5440; x_wconf 88' lang='lat' dir='ltr'><strong>rogat</strong></span> <span class='ocrx_word' id='word_1_877' title='bbox 3328 5369 3489 5426; x_wconf 84' lang='lat' dir='ltr'><strong>mise-</strong></span> 
     </span>
    </p>
   </div>
   <div class='ocr_carea' id='block_1_113' title="bbox 1915 5463 3488 5527">
    <p class='ocr_par' dir='ltr' id='par_1_113' title="bbox 1915 5463 3488 5527">
     <span class='ocr_line' id='line_1_113' title="bbox 1915 5463 3488 5527; baseline -0.001 -9"><span class='ocrx_word' id='word_1_878' title='bbox 1915 5463 2337 5518; x_wconf 84' lang='lat' dir='ltr'><strong>ricordissimum</strong></span> <span class='ocrx_word' id='word_1_879' title='bbox 2370 5464 2556 5527; x_wconf 91' lang='lat' dir='ltr'><strong>Deum,</strong></span> <span class='ocrx_word' id='word_1_880' title='bbox 2581 5473 2637 5516; x_wconf 93' lang='lat' dir='ltr'><strong>ut</strong></span> <span class='ocrx_word' id='word_1_881' title='bbox 2654 5463 3202 5519; x_wconf 87' lang='lat' dir='ltr'><strong>consolareturvirum</strong></span> <span class='ocrx_word' id='word_1_882' title='bbox 3225 5465 3488 5519; x_wconf 86' lang='lat' dir='ltr'><strong>immensa</strong></span> 
     </span>
    </p>
   </div>
   <div class='ocr_carea' id='block_1_114' title="bbox 1916 5557 3489 5627">
    <p class='ocr_par' dir='ltr' id='par_1_114' title="bbox 1916 5557 3489 5627">
     <span class='ocr_line' id='line_1_114' title="bbox 1916 5557 3489 5627; baseline 0.001 -17"><span class='ocrx_word' id='word_1_883' title='bbox 1916 5557 2114 5627; x_wconf 88' lang='lat' dir='ltr'><strong>pietate</strong></span> <span class='ocrx_word' id='word_1_884' title='bbox 2143 5572 2257 5610; x_wconf 90' lang='lat' dir='ltr'><strong>sua.</strong></span> <span class='ocrx_word' id='word_1_885' title='bbox 2285 5557 2596 5611; x_wconf 90' lang='lat' dir='ltr'><strong>Convocare</strong></span> <span class='ocrx_word' id='word_1_886' title='bbox 2623 5559 2764 5613; x_wconf 91' lang='lat' dir='ltr'><strong>enim</strong></span> <span class='ocrx_word' id='word_1_887' title='bbox 2788 5571 2936 5624; x_wconf 88' lang='lat' dir='ltr'><strong>eum,</strong></span> <span class='ocrx_word' id='word_1_888' title='bbox 2968 5569 3020 5613; x_wconf 91' lang='lat' dir='ltr'><strong>et</strong></span> <span class='ocrx_word' id='word_1_889' title='bbox 3041 5558 3302 5614; x_wconf 90' lang='lat' dir='ltr'><strong>consolari</strong></span> <span class='ocrx_word' id='word_1_890' title='bbox 3333 5559 3385 5613; x_wconf 93' lang='lat' dir='ltr'><strong>in</strong></span> <span class='ocrx_word' id='word_1_891' title='bbox 3411 5559 3489 5612; x_wconf 89' lang='lat' dir='ltr'><strong>fa-</strong></span> 
     </span>
    </p>
   </div>
   <div class='ocr_carea' id='block_1_115' title="bbox 1914 5647 3486 5707">
    <p class='ocr_par' dir='ltr' id='par_1_115' title="bbox 1914 5647 3486 5707">
     <span class='ocr_line' id='line_1_115' title="bbox 1914 5647 3486 5707; baseline -0.003 -1"><span class='ocrx_word' id='word_1_892' title='bbox 1914 5651 1995 5706; x_wconf 86' lang='lat' dir='ltr'><strong>cie</strong></span> <span class='ocrx_word' id='word_1_893' title='bbox 2037 5659 2250 5704; x_wconf 88' lang='lat' dir='ltr'><strong>sanctus</strong></span> <span class='ocrx_word' id='word_1_894' title='bbox 2299 5650 2646 5706; x_wconf 78' lang='lat' dir='ltr'><strong>erubescebat</strong></span> <span class='ocrx_word' id='word_1_895' title='bbox 2676 5669 2690 5704; x_wconf 90' lang='lat'><strong>:</strong></span> <span class='ocrx_word' id='word_1_896' title='bbox 2722 5660 3085 5707; x_wconf 89' lang='lat' dir='ltr'><strong>verumtamen</strong></span> <span class='ocrx_word' id='word_1_897' title='bbox 3134 5651 3400 5707; x_wconf 85' lang='lat' dir='ltr'><strong>mandavit</strong></span> <span class='ocrx_word' id='word_1_898' title='bbox 3437 5647 3486 5702; x_wconf 87' lang='lat' dir='ltr'><strong>ei</strong></span> 
     </span>
    </p>
   </div>
   <div class='ocr_carea' id='block_1_116' title="bbox 1915 5739 3485 5816">
    <p class='ocr_par' dir='ltr' id='par_1_116' title="bbox 1915 5739 3485 5816">
     <span class='ocr_line' id='line_1_116' title="bbox 1915 5739 3485 5816; baseline -0.001 -22"><span class='ocrx_word' id='word_1_899' title='bbox 1915 5753 1973 5814; x_wconf 87' lang='lat' dir='ltr'><strong>ut</strong></span> <span class='ocrx_word' id='word_1_900' title='bbox 1999 5741 2301 5796; x_wconf 88' lang='lat' dir='ltr'><strong>nullatenus</strong></span> <span class='ocrx_word' id='word_1_901' title='bbox 2328 5741 2673 5811; x_wconf 87' lang='lat' dir='ltr'><strong>desperaret;</strong></span> <span class='ocrx_word' id='word_1_902' title='bbox 2698 5759 2868 5814; x_wconf 83' lang='lat' dir='ltr'><strong>neque</strong></span> <span class='ocrx_word' id='word_1_903' title='bbox 2888 5744 3030 5797; x_wconf 89' lang='lat' dir='ltr'><strong>enim</strong></span> <span class='ocrx_word' id='word_1_904' title='bbox 3055 5745 3168 5799; x_wconf 82' lang='lat' dir='ltr'><strong>sine</strong></span> <span class='ocrx_word' id='word_1_905' title='bbox 3185 5743 3330 5816; x_wconf 83' lang='lat' dir='ltr'><strong>justo</strong></span> <span class='ocrx_word' id='word_1_906' title='bbox 3343 5739 3485 5812; x_wconf 88' lang='lat' dir='ltr'><strong>judi-</strong></span> 
     </span>
    </p>
   </div>
   <div class='ocr_carea' id='block_1_117' title="bbox 1916 5835 3487 5910">
    <p class='ocr_par' dir='ltr' id='par_1_117' title="bbox 1916 5835 3487 5910">
     <span class='ocr_line' id='line_1_117' title="bbox 1916 5835 3487 5910; baseline -0.003 -14"><span class='ocrx_word' id='word_1_907' title='bbox 1916 5839 1999 5896; x_wconf 81' lang='lat' dir='ltr'><strong>cio</strong></span> <span class='ocrx_word' id='word_1_908' title='bbox 2025 5838 2191 5894; x_wconf 87' lang='lat' dir='ltr'><strong>Deum</strong></span> <span class='ocrx_word' id='word_1_909' title='bbox 2224 5837 2400 5896; x_wconf 85' lang='lat' dir='ltr'><strong>facere</strong></span> <span class='ocrx_word' id='word_1_910' title='bbox 2426 5838 2645 5910; x_wconf 74' lang='lat' dir='ltr'><strong>aliquid,</strong></span> <span class='ocrx_word' id='word_1_911' title='bbox 2679 5841 2780 5896; x_wconf 75' lang='lat' dir='ltr'><strong>sed</strong></span> <span class='ocrx_word' id='word_1_912' title='bbox 2803 5840 2981 5896; x_wconf 84' lang='lat' dir='ltr'><strong>omnia</strong></span> <span class='ocrx_word' id='word_1_913' title='bbox 3003 5839 3059 5893; x_wconf 93' lang='lat' dir='ltr'><strong>in</strong></span> <span class='ocrx_word' id='word_1_914' title='bbox 3090 5840 3192 5893; x_wconf 92' lang='lat' dir='ltr'><strong>hoc</strong></span> <span class='ocrx_word' id='word_1_915' title='bbox 3226 5835 3364 5908; x_wconf 85' lang='lat' dir='ltr'><strong>quod</strong></span> <span class='ocrx_word' id='word_1_916' title='bbox 3385 5847 3487 5890; x_wconf 52' lang='lat' dir='ltr'><strong>ex;</strong></span> 
     </span>
    </p>
   </div>
   <div class='ocr_carea' id='block_1_118' title="bbox 3101 5954 3173 6015">
    <p class='ocr_par' dir='ltr' id='par_1_118' title="bbox 3101 5954 3173 6015">
     <span class='ocr_line' id='line_1_118' title="bbox 3101 5954 3173 6015; baseline 0.083 -6"><span class='ocrx_word' id='word_1_917' title='bbox 3101 5954 3173 6015; x_wconf 75' lang='grc'><strong>12</strong></span> 
     </span>
    </p>
   </div>
  </div>
