4016 6218
503 321 608 375 367i

1537 319 1623 372 DE
1669 318 1846 370 VITIS
1889 315 2165 372 PATRUM
2211 316 2405 371 LIBER
2448 319 2715 375 PRIMUS.

3652 328 3763 382 565.

507 433 674 503 pedit,
725 433 863 501 quod
917 447 1013 486 nos
1070 432 1393 501 ignoramus.
1438 431 1577 501 Ergo
1626 441 1683 483 ut
1738 448 1843 484 non
1898 431 2324 501 pcrdatAsnm,
2354 432 2472 499 quia
2497 432 3137 502 propterexitttmvrginti
3166 434 3766 501 lilimrnm,inﬁmm"s

506 527 830 592 mercedem,
853 543 1007 596 quam
1033 526 1155 580 fecit
1173 527 1223 580 in
1247 535 1447 594 septem
1470 538 1521 578 et
1543 525 1757 579 dimidia
1785 525 1919 579 libra
1941 526 2078 588 auri,

506 628 560 673 et
585 619 741 673 fidem
765 634 923 686 quam
950 618 1252 687 possidebat
1275 617 1413 670 circa
1437 624 1674 670 sanctum
1698 617 2079 685 patriarcham;

506 713 615 780 jam
647 726 773 765 vero
803 720 860 764 ut
884 720 938 765 et
965 725 1061 765 nos
1088 710 1140 763 in
1172 709 1569 776 tentationibus,
1617 725 1734 779 quae
1773 710 1927 765 nobis
1956 725 2083 766 eve-

513 806 686 873 niunt,
731 805 943 873 quando
985 804 1183 873 aliquid
1225 804 1348 859 boni
1379 803 1687 868 fecerimus,
1717 804 2085 874 imperturbati

519 908 573 952 et
594 898 793 966 gratias
814 896 1111 952 referentes
1136 896 1203 952 ad
1230 896 1395 952 Deum
1420 911 1854 965 permaneamus;
1884 898 2013 953 vidit
2034 900 2087 953 in

516 991 718 1045 somnis
748 989 864 1060 jam
913 989 1087 1044 dictus
1117 990 1198 1044 vir
1242 989 1622 1057 philochristus
1672 998 1879 1057 postera
1933 1000 2090 1047 nocte

520 1081 825 1151 quemdam,
872 1081 1019 1149 quasi
1064 1082 1114 1135 in
1161 1082 1340 1137 habitu
1385 1082 1706 1137 sanctissimi
1755 1082 2087 1151 patriarchae,

518 1173 787 1227 dicentem
818 1172 916 1227 sibi
954 1191 967 1227 :
1004 1173 1069 1229 Ut
1090 1173 1214 1244 quid
1236 1173 1535 1239 .tribularis,
1566 1176 1750 1239 frater,
1780 1182 1834 1229 et
1861 1189 2093 1229 moerere

521 1263 867 1318 dissolveris?
900 1263 1081 1319 Nonne
1111 1274 1166 1318 tu
1195 1280 1280 1320 me
1310 1266 1504 1336 r0gasti
1538 1274 1596 1319 ut
1630 1274 1865 1334 peterem
1896 1280 1925 1319 a
1959 1266 2091 1330 Deo,

522 1365 581 1407 ut
620 1354 798 1409 salvus
843 1354 996 1411 ﬁeret
1032 1356 1174 1410 ﬁlius
1220 1358 1385 1412 tuus?
1430 1358 1565 1412 Ecce
1590 1357 1766 1411 salvus
1794 1358 1965 1413 factus
1989 1365 2090 1412 est.

518 1448 691 1502 Crede
722 1448 878 1515 mihi,
911 1450 954 1502 si
984 1449 1207 1515 viveret,
1255 1465 1447 1517 pravus
1501 1460 1555 1505 et
1588 1450 1897 1505 immundus
1936 1450 2096 1504 homo

523 1542 695 1597 fieret.
723 1543 790 1596 Et
816 1543 884 1597 de
912 1544 1034 1597 navi
1060 1553 1167 1608 tua,
1193 1558 1339 1609 vere,
1366 1542 1469 1598 nisi
1502 1543 1642 1597 Deus
1672 1544 1973 1612 placaretur
2002 1557 2098 1611 pro

524 1634 670 1688 bono
697 1633 837 1703 quod
865 1631 1039 1689 fecisti
1064 1633 1307 1703 parvitati
1335 1648 1493 1699 mem,
1520 1635 1781 1689 sententia
1812 1644 1927 1689 erat
1953 1635 2095 1700 data,

525 1734 790 1794 quatenus
820 1734 948 1792 tota,
979 1735 1037 1781 ut
1059 1725 1223 1796 jacet,
1248 1741 1369 1781 cum
1399 1726 1678 1782 animabus
1703 1727 1754 1780 in
1778 1725 2099 1795 profundum

2184 531 2267 575 est
2305 522 2395 576 ille
2436 525 2630 578 invitus
2658 524 3106 594 eleemosynator.
3141 527 3270 580 Erat
3294 529 3434 583 enim
3463 531 3542 600 (ut
3572 542 3765 601 praem-

2185 623 2327 667 ctum
2374 615 2481 683 est)
2513 616 2663 670 valde
2702 617 3105 685 immisericors,
3162 630 3216 674 et
3271 630 3472 677 amator
3500 639 3765 693 pecuniae.

2185 702 2299 757 Non
2325 704 2589 760 suﬂ‘erens
2618 720 2746 775 ergo
2775 706 2959 764 beatus
2989 723 3048 763 se
3076 709 3292 777 quidem
3321 725 3482 780 super
3520 731 3766 771 mensam

2191 799 2434 863 reﬁcere,
2468 800 2617 855 illum
2648 811 2823 857 autem
2856 817 3018 873 super
3037 804 3230 860 lectum
3258 810 3483 865 cruciari
3512 814 3767 882 graviter,

2190 892 2436 957 pervenit
2457 890 2708 946 celeriter
2731 893 2795 947 ad
2824 908 2945 948 eum
2984 895 3139 966 194
3170 896 3259 951 ille
3278 913 3406 954 vere
3435 904 3553 956 sine
3581 918 3771 973 super-

2193 978 2301 1044 bia,
2328 992 2380 1033 et
2400 980 2541 1034 dixit
2564 981 2632 1035 ad
2660 997 2779 1036 eum
2808 983 2961 1040 hilari
2985 989 3128 1041 vultu
3156 1005 3171 1042 :
3198 987 3301 1043 Fac
3325 990 3662 1061 charitatem,
3694 995 3767 1050 ﬁli

2191 1071 2387 1127 Troile.
2412 1072 2667 1129 A‘Jstimas
2693 1076 2835 1145 quod
2867 1077 2919 1131 in
2960 1079 3182 1136 veritate
3212 1082 3442 1138 dixerim
3474 1085 3768 1141 tibi‘fratrio

2192 1162 2294 1217 bus
2321 1164 2683 1231 hujuscemodi
2721 1168 2894 1223 dare?
2937 1171 3098 1228 crede
3123 1173 3277 1242 mihi,
3321 1190 3414 1244 per
3438 1177 3616 1244 jocum
3653 1181 3762 1235 dixi

2194 1253 2291 1307 tibi
2321 1254 2469 1309 dare.
2505 1256 2614 1325 Ego
2640 1259 2781 1312 enim
2811 1255 2962 1315 volm‘
2980 1273 3237 1332 praestare
3284 1265 3365 1320 eis
3412 1266 3618 1338 singula
3664 1286 3763 1324 nu-

2196 1346 2440 1400 mismata
2471 1357 2689 1418 propter
2716 1360 2955 1407 sanctam
2985 1354 3357 1423 festivitatem;
3390 1359 3485 1414 sed
3514 1362 3631 1431 quia
3656 1378 3761 1417 non

2196 1435 2423 1493 habebat
2449 1440 2765 1498 distributor
2785 1460 2935 1501 meus
2971 1460 3150 1502 secum
3175 1450 3530 1508 sufﬁcientem
3561 1458 3767 1525 quanti-

2200 1539 2384 1599 tatem,
2413 1532 2570 1604 hujus
2599 1537 2679 1591 rei
2705 1537 2871 1607 gratia
2896 1548 3131 1594 mutuam
3161 1541 3354 1597 dedisti
3381 1558 3500 1599 eam
3532 1546 3685 1609 mihi,
3717 1557 3773 1600 et

2198 1639 2327 1680 ecce
2376 1627 2527 1681 attuli
2581 1627 2675 1683 tibi
2731 1628 2851 1684 illas
2900 1631 3114 1701 triginta
3165 1633 3347 1690 libras.
3391 1634 3459 1689 Ut
3483 1652 3612 1692 vero
3639 1638 3777 1691 vidit

2204 1717 2555 1786 quantitatem
2583 1720 2865 1789 episcopus
2896 1723 2947 1776 in
2982 1725 3277 1780 honorabili
3318 1742 3475 1783 manu
3511 1730 3776 1796 sapientis

523 1827 792 1887 pergeret,
832 1827 885 1874 et
915 1819 1167 1887 perderes
1192 1816 1411 1874 fratrem
1461 1827 1630 1874 tuum.
1672 1819 1777 1876 Sed
1826 1833 2004 1889 surge,
2043 1826 2101 1874 et
2128 1816 2177 1875 B
2201 1810 2480 1865 existentis
2508 1813 2699 1867 medici
2737 1823 2791 1868 et
2820 1814 3071 1883 pastoris,
3123 1816 3282 1872 febris
3326 1820 3534 1888 quidem
3587 1823 3777 1876 subito

524 1911 757 1979 sim-inca
791 1910 978 1977 Deum,
1012 1911 1099 1981 qui
1129 1911 1274 1966 dedit
1299 1910 1394 1966 [ibi
1419 1926 1562 1978 eum,
1589 1921 1641 1967 οι
1670 1911 1894 1966 salvam
1919 1911 2094 1966 ﬁlium
2198 1899 2524 1969 disparebat,
2553 1902 2717 1975 frigus
2757 1907 2916 1959 etiam
2944 1908 3247 1974 recedebat,
3277 1910 3525 1966 fortitudo
3550 1928 3776 1983 quoque

526 2011 674 2056 tuum
705 2002 958 2057 mundum
983 2002 1050 2057 de
1078 2002 1182 2058 hoc
1210 2003 1407 2057 saeculo
1433 2018 1589 2059 vano.
1624 2004 1896 2074 Evigilans
1923 2004 2099 2074 itaque

2212 2001 2254 2049 et
2280 1997 2519 2066 corporis
2546 1996 2666 2064 ejus
2698 1998 2845 2052 calor
2891 1998 2957 2053 ad
2997 2014 3118 2054 eum
3156 2002 3587 2069 revertebantur;
3612 2014 3673 2058 ut
3698 2019 3771 2059 ex

523 2095 624 2159 vir,
655 2092 853 2150 invenit
882 2109 974 2149 cor
1002 2110 1157 2148 suttm
1185 2096 1539 2161 consolatum,
1582 2104 1640 2151 et
1671 2096 1972 2151 universam
2004 2097 2103 2150 tri-

524 2182 718 2239 Stitiam
745 2185 859 2256 ejus
887 2186 1143 2253 ejectam;
1175 2195 1226 2240 et
1257 2185 1470 2240 indutus
1498 2187 1811 2241 vestimenta
1847 2201 1965 2253 sua,
2006 2202 2103 2243 ve-

520 2276 607 2330 nit
634 2278 827 2332 cursim
872 2276 936 2330 ad
972 2275 1491 2333 honorabilissimum
1524 2278 1899 2347 patriarcham,
1932 2287 1987 2333 et
2018 2278 2103 2349 ja-

524 2378 638 2423 ctat
680 2384 739 2423 se
778 2368 842 2422 ad
890 2368 1053 2437 pedes
1099 2369 1235 2438 ejus,
1279 2371 1475 2438 gratias
1522 2382 1684 2437 agens
1714 2370 1824 2423 Deo
1852 2369 2000 2435 etei,
2049 2379 2107 2426 et

535 2476 757 2515 narrans
790 2460 1047 2516 visionem
1078 2477 1235 2530 quam
1266 2462 1493 2517 viderat.
1543 2463 1712 2528 Quam
1761 2462 1983 2517 audiens
2017 2462 2106 2532 itt-

529 2553 817 2615 stissimus,
850 2551 991 2606 dixit
1019 2568 1035 2605 :
1067 2551 1246 2607 Gloria
1278 2552 1390 2617 tibi,
1438 2553 1666 2622 benigne
1709 2561 1764 2607 et
1802 2551 2107 2609 misericors

538 2647 713 2710 Dens,
771 2643 859 2713 qui
911 2653 965 2698 et
1008 2644 1436 2712 deprecationem
1483 2652 1819 2712 peccatorum
1860 2644 2102 2700 exaudis.

533 2737 834 2804 lterumque
882 2736 947 2790 ad
997 2738 1262 2791 hominem
1315 2736 1490 2792 dixit:
1522 2735 1881 2806 Nequaquam,
1935 2750 1968 2790 o
2007 2736 2103 2802 ﬁli,

532 2831 753 2899 gratiam
789 2830 924 2885 hanc
945 2831 1173 2885 orationi
1199 2845 1329 2884 meae
1357 2829 1610 2895 ascribas,
1637 2829 1730 2884 sed
1762 2829 1871 2884 Deo
1899 2836 1955 2883 et
1982 2828 2105 2883 ﬁdei

534 2929 656 2989 tum,
691 2923 803 2975 haec
822 2921 962 2975 enim
986 2924 1160 2975 omnia
1188 2921 1285 2975 ista
1309 2921 1593 2990 impetrare
1608 2915 1799 2973 valuit.‘
1817 2918 1943 2972 Erat
1962 2919 2105 2973 enim

536 3014 689 3067 valde
712 3014 982 3069 humiliter
1000 3014 1234 3070 sentiens
1260 3021 1497 3080 sanctus,
1521 3012 1700 3068 verbis
1724 3011 1929 3067 scilicet
1946 3019 2106 3081 atque
2141 3042 2148 3051 -

535 3106 831 3175 prudentia.

2201 2088 2305 2145 hoc
2350 2104 2455 2144 non
2506 2099 2685 2158 posset
2737 2091 2902 2148 latere
2951 2092 3089 2148 hanc
3134 2107 3252 2149 esse
3289 2110 3498 2150 causam
3544 2104 3776 2164 repente

2204 2183 2711 2253 comprehendentis
2764 2199 2885 2239 eum
2940 2187 3390 2242 commutationis.
3458 2186 3780 2256 Suscipiens-

2204 2289 2332 2344 ergo
2355 2288 2544 2329 aurum
2575 2275 2643 2331 ab
2682 2275 3005 2331 honorandis
3043 2276 3287 2331 manibus
3337 2278 3669 2343 patriarchaz,
3722 2288 3781 2333 et

2208 2366 2339 2421 nihil
2393 2367 2610 2422 omnino
2654 2368 3046 2436 contradicens,
3100 2369 3452 2439 exspectabat
3491 2373 3557 2426 ab
3583 2385 3648 2426 eo
3675 2386 3774 2440 pa-

2211 2457 2442 2511 triarcha
2500 2459 2943 2528 conscriptionem
2987 2461 3467 2516 abrenuntiationis
3515 2465 3772 2516 mercedis

2210 2562 2391 2602 earum
2418 2563 2536 2617 qua:
2564 2548 2701 2603 data:
2730 2561 2856 2605 sunt
2888 2552 3100 2622 triginta
3142 2554 3257 2606 auri
3302 2552 3577 2605 librarum.
3626 2551 3771 2607 [fect

2206 2650 2383 2693 autem
2411 2639 2511 2695 hoc
2554 2656 2674 2696 cum
2704 2640 2901 2711 gaudio
2940 2642 3150 2697 Troilus
3179 2644 3480 2712 episcopus,
3538 2644 3780 2697 scribens

2209 2736 2435 2804 propriis
2457 2735 2698 2789 manibus
2730 2735 2798 2791 ita
2829 2735 3030 2805 :Deus,
3053 2737 3267 2790 domino
3290 2751 3409 2790 meo
3436 2736 3628 2791 Joanni
3649 2738 3777 2790 bea-

2211 2827 2416 2882 tissimo
2464 2828 2780 2896 patriarchae
2826 2829 2982 2896 hujus
3035 2829 3518 2884 Alexandrinorum
3574 2845 3779 2900 magnze

2208 2916 2455 2981 civitatis,
2503 2917 2570 2970 da
2608 2919 2910 2974 mercedem
2944 2919 3153 2987 triginta
3199 2921 3451 2974 librarmn
3499 2935 3618 2988 quae
3659 2921 3785 2975 data

2207 3015 2332 3061 sunt
2369 3006 2482 3072 tibi,
2521 3008 2771 3075 quoniam
2820 3022 2920 3079 ego
2959 3009 3138 3077 recepi
3177 3024 3314 3064 mea.
3360 3010 3472 3064 Hoc
3520 3011 3783 3077 scriptum

2208 3096 2388 3169 itaque
2428 3112 2643 3155 sanctus
2672 3101 2960 3170 accipiens,
2991 3108 3218 3172 sumpsit
3245 3118 3425 3157 secum
3455 3112 3510 3158 et
3532 3105 3786 3159 eumdem

605 3199 733 3251 Car.
776 3197 964 3252 XXVI.
994 3227 1064 3238 —
1095 3196 1661 3269 Pergebataliquando
1710 3197 1795 3253 hic
1830 3196 2015 3253 beatus
2038 3194 2105 3251 ad
2135 3186 2180 3251 C
2212 3193 2520 3262 episcopum
2568 3193 2632 3248 ad
2682 3195 2982 3262 prandium,
3030 3207 3087 3249 ut
3114 3196 3252 3250 enim
3285 3196 3394 3265 jam
3437 3197 3638 3252 dictum
3674 3207 3782 3261 ests

538 3289 831 3343 visitandos
860 3303 1144 3359 pauperes,
1174 3290 1228 3343 in
1256 3291 1430 3345 locum
1454 3291 1541 3359 qui
1569 3290 1761 3345 dicitur
1783 3289 2108 3355 Caesarium;

546 3382 657 3437 illic
687 3384 826 3436 enim
853 3383 931 3441 eis
958 3385 1155 3437 fecerat
1182 3382 1331 3451 quasi
1362 3381 1539 3436 tholos
1560 3379 1674 3450 (69)
1702 3380 1956 3450 quosdam
1984 3394 2111 3449 pro-

541 3472 699 3539 lixos,
732 3473 917 3542 ligneis
949 3473 1141 3527 tabulis
1169 3474 1471 3541 pavimento
1495 3483 1663 3527 strato
1683 3474 1747 3525 ad
1776 3472 2115 3540 requiescen-

539 3568 638 3623 dos
683 3582 796 3631 eos,
845 3575 900 3621 et
950 3567 1109 3620 simul
1140 3581 1259 3621 cum
1287 3566 1478 3621 storeis
1508 3576 1562 3620 et
1602 3566 1846 3621 rachauis
1873 3564 1989 3638 (70)
2019 3579 2114 3633 per

539 3666 703 3711 totam
737 3657 987 3721 hiemem.
1018 3672 1137 3713 cum
1163 3656 1792 3726 quodamepismporum
1816 3671 1999 3710 eorum
2021 3654 2114 3725 qui

541 3764 661 3804 eum
701 3763 772 3805 eo
830 3759 1002 3813 erant,
1059 3758 1295 3803 amatore
1348 3748 1605 3817 pecuniae,
1664 3749 1901 3818 passibili
1953 3748 2113 3804 modo

542 3854 749 3908 presso.
778 3839 1029 3907 Dixitque
1054 3839 1242 3893 beatus
1273 3840 1569 3908 patriarcha
1602 3839 1667 3895 ad
1693 3855 1812 3895 eum
1850 3858 1864 3895 :
1893 3843 2023 3896 Ama
2049 3855 2115 3896 ac

544 3932 769 3997 honora,
800 3929 975 3986 frater
1010 3931 1208 3996 Troile,
1256 3930 1444 3987 fratres
1473 3932 1667 3987 Christi
1693 3949 1709 3998 ;
1760 3933 1858 3987 hoc
1890 3934 2033 3988 enim
2064 3933 2114 3987 ei

544 4030 659 4076 erat
701 4036 916 4075 nomen.
956 4021 1346 4076 Nuntiaverttnt
1388 4022 1528 4077 enim
1556 4024 1771 4091 quidam
1799 4023 2115 4093 patriarcha:

545 4115 687 4184 quod
714 4116 922 4185 triginta
951 4116 1113 4171 libras
1143 4118 1256 4171 auri
1291 4126 1525 4187 portaret
1555 4118 1605 4172 in
1631 4119 1741 4188 ipsa
1772 4119 1903 4175 hora
1932 4121 2116 4176 dome-

546 4209 710 4264 sticus
729 4208 964 4279 ejusdem
994 4209 1229 4279 episcopi
1252 4211 1437 4277 Troili,
1465 4221 1526 4267 ut
1540 4222 1742 4267 emeret
1770 4213 2001 4284 speciem
2024 4229 2118 4268 ar-

547 4303 691 4372 genti
714 4292 1022 4376 anaglyphi,
1052 4304 1218 4373 gratia
1252 4320 1449 4360 mensa:
1470 4321 1600 4360 suae.
1627 4306 1919 4377 EpiscOpus
1938 4316 2117 4363 autem

548 4403 798 4466 tanquam
820 4395 1020 4450 veritus
1044 4410 1343 4450 sermonem
1365 4397 1696 4465 patriarchae,
1719 4399 1824 4451 imo
1846 4397 1911 4452 ad
1933 4397 2118 4452 horam

549 4488 854 4550 calefactus,
889 4487 1093 4557 singula
1124 4486 1240 4541 dari
1287 4486 1533 4541 omnibus
1577 4487 1828 4542 fratribus
1869 4491 2122 4558 praecepit

2216 3284 2392 3338 statim
2426 3300 2585 3338 sanus
2612 3285 2781 3339 factus
2812 3296 2912 3339 est.
2946 3286 3142 3341 Volens
3171 3303 3298 3358 ergo
3327 3288 3590 3343 mercedis
3613 3289 3781 3344 reddi-

2217 3384 2299 3428 tor
2325 3374 2467 3430 Deus
2496 3379 2768 3445 corripere
2797 3394 2940 3441 eum,
2971 3378 3130 3433 simul
3159 3388 3334 3434 autem
3370 3392 3425 3434 et
3468 3381 3535 3435 ad
3565 3382 3782 3436 misera-

2217 3468 2415 3522 tionem
2461 3470 2937 3523 contribulatorum
2983 3480 3035 3524 et
3084 3475 3507 3541 compassionem
3558 3472 3787 3542 erigere,

2216 3559 2448 3615 ostendit
2474 3559 2524 3614 ei
2552 3560 2738 3615 eadem
2769 3561 2857 3616 die
2901 3561 3186 3616 dormienti
3218 3573 3332 3629 post
3379 3563 3658 3630 prandium
3689 3578 3792 3632 pa-

2218 3651 2463 3706 triarcha:
2484 3650 2536 3704 in
2556 3652 2782 3718 somnis,
2812 3668 2913 3721 qua
2945 3653 3190 3707 mercede
3217 3654 3451 3722 privatus
3477 3652 3792 3708 esset.Vidit

2220 3740 2359 3797 enim
2408 3744 2488 3812 (ut
2531 3742 2624 3809 ait)
2660 3742 2900 3805 domum,
2940 3744 3090 3815 cujus
3140 3743 3584 3813 pulchritudinem
3628 3753 3795 3814 atque

2217 3831 2637 3903 magnitudinem
2685 3848 2788 3886 non
2836 3843 3008 3901 poteSt
3032 3850 3117 3888 ars
3149 3836 3419 3889 hominum
3471 3835 3681 3899 imitari,
3732 3844 3793 3890 et

2214 3922 2432 3993 januam
2456 3922 2609 3991 hujus
2638 3931 2799 3976 totam
2828 3938 3064 3987 auream,
3088 3934 3141 3978 et
3162 3940 3325 3994 super
3343 3927 3555 3993 januam
3580 3925 3787 3979 titulum

2220 4014 2585 4082 conscriptum
2622 4030 2638 4069 :
2671 4015 2871 4089 Μιληςιο
2924 4032 3167 4078 aram,
3224 4034 3291 4071 ar
3342 4033 3553 4080 acamas
3602 4018 3786 4072 Tactu

2220 4120 2473 4161 EPISCOPI.
2516 4104 2647 4159 Cum
2695 4121 2823 4178 ergo
2868 4105 2988 4170 hoc,
3037 4107 3226 4175 inquit,
3261 4111 3524 4177 legissem,
3575 4108 3794 4178 gavisus

2219 4214 2362 4260 sum.
2409 4199 2641 4256 sciebam
2671 4201 2811 4255 enim
2841 4200 3137 4254 donandam
3187 4201 3314 4255 mihi
3363 4203 3431 4254 ab
3474 4201 3799 4269 imperatore

2222 4294 2343 4348 talis
2367 4294 2558 4349 domus
2588 4294 2967 4360 epulationem.
3007 4291 3251 4346 Nondum
3280 4301 3457 4346 autem
3492 4291 3799 4359 hujusmodi

2224 4388 2361 4443 tituli
2391 4388 2895 4458 superscriptionem
2940 4388 3287 4457 perlegeram,
3324 4394 3379 4439 et
3404 4399 3530 4439 ecce
3575 4388 3793 4453 quidam

2231 4484 2408 4549 regius
2452 4478 2829 4542 cubicularius,
2860 4478 3059 4531 habens
3094 4492 3271 4531 secum
3297 4485 3349 4527 et
3375 4475 3508 4526 alios
3538 4474 3790 4543 obsequii

550 4579 601 4635 ei
630 4578 720 4650 qui
747 4578 962 4648 triginta
1005 4579 1167 4632 libras
1212 4578 1330 4633 illas
1362 4577 1630 4648 portabat.
1688 4579 1945 4634 Celeriter
1980 4594 2109 4649 ergo

2222 4569 2419 4634 divini;
2468 4576 2525 4624 et
2562 4583 2683 4622 cum
2718 4569 3043 4636 pervenisset
3068 4565 3134 4619 ad
3160 4565 3310 4618 talem
3358 4561 3572 4616 nitentis
3600 4564 3798 4618 domus

551 4672 853 4744 hujusmodi
879 4670 993 4727 auri
1022 4670 1290 4741 quantitas
1316 4679 1532 4741 erogata
1566 4679 1674 4726 est.
1727 4671 2117 4728 Becedentibus

551 4765 733 4834 itaque
779 4762 1035 4831 utrisque,
1086 4760 1382 4829 patriarcha
1428 4761 1649 4827 scilicet,
1680 4773 1732 4816 et
1761 4763 1850 4832 qui
1896 4762 2118 4817 invitam

552 4856 635 4927 (ut
663 4856 731 4910 ita
763 4854 958 4923 dicam)
990 4852 1387 4935 eleemosynam
1419 4850 1638 4918 fecerat,
1666 4854 1916 4922 episeopo
1941 4854 2122 4909 Troile

553 4947 609 5001 in
637 4946 866 5017 propriis
894 4944 1177 5014 episcopiis
1203 4944 1351 4998 velut
1377 4943 1621 5014 quaedam
1639 4959 1835 4999 amens
1854 4954 1910 5001 et
1930 4946 2124 5001 animat

556 5041 855 5111 periculosa
884 5040 936 5095 in
966 5054 1085 5094 eum
1117 5038 1370 5109 cogitatio
1403 5035 1580 5102 irruit,
1629 5047 1844 5107 propter
1877 5040 2125 5106 pecunia-

556 5147 675 5187 rum
705 5131 1006 5195 dationem;
1051 5129 1287 5184 horroris
1311 5137 1366 5183 et
1393 5129 1594 5182 amoris
1624 5128 1881 5196 pecuniae,
1916 5139 1971 5184 et
2007 5143 2128 5184 cru-

553 5225 789 5282 delitatis
826 5233 881 5280 et
929 5222 1259 5293 negligentiae
1297 5222 1548 5292 genimen
1593 5236 1714 5277 eum
1760 5222 2080 5291 sequebatur
2108 5265 2126 5291 ,

554 5318 707 5373 febre
736 5327 886 5372 extra
910 5325 1149 5369 naturam
1177 5316 1354 5382 mista,
1388 5324 1606 5385 propter
1634 5314 1774 5383 quod
1800 5326 2029 5385 aegrotus
2052 5316 2133 5369 in-

561 5408 702 5462 vitus
746 5406 798 5461 in
841 5406 1034 5460 lectum
1076 5405 1287 5459 cecidit.
1332 5404 1757 5460 flebdomadario
1791 5419 1921 5475 ergo
1948 5420 1977 5457 a
2006 5420 2129 5459 san-

559 5498 802 5555 ctissimo
826 5496 1130 5567 patriarcha
1173 5495 1240 5549 ad
1269 5510 1389 5551 eum
1418 5498 1683 5561 veniente,
1714 5507 1770 5552 et
1797 5496 1860 5550 ad
1881 5511 2128 5551 .mensaui

562 5593 806 5664 ejusdem
834 5588 1151 5661 patriarcha:
1175 5603 1294 5642 eum
1326 5588 1598 5661 invitante,
1625 5592 1906 5658 recusavit,
1931 5590 2132 5661 frigore

564 5686 711 5743 enim
739 5695 794 5744 et
822 5683 970 5741 febre
1006 5697 1066 5739 se
1095 5681 1276 5737 vexari
1304 5695 1400 5752 pro
1438 5682 1663 5751 quadam
1704 5698 1864 5739 causa
1904 5683 2133 5738 dicebat.

564 5781 727 5855 Igitur
749 5794 870 5837 cum
892 5777 995 5836 hoc
1017 5774 1253 5834 audisset
1279 5774 1597 5846 patriarcha,
1627 5791 1744 5833 mox
1780 5777 1995 5848 agnovit
2020 5790 2138 5831 cau-

2221 4664 2456 4733 januam,
2507 4662 2639 4716 dixit
2667 4661 2731 4715 ad
2761 4659 3000 4728 proprios
3031 4658 3279 4713 officiales
3312 4675 3325 4710 :
3371 4657 3632 4725 Deponite
3662 4659 3799 4714 mihi

2226 4756 2455 4812 titulum.
2482 4756 2551 4810 Et
2579 4771 2698 4810 cum
2728 4756 3119 4824 deposuissent,
3170 4756 3354 4812 iterum
3380 4753 3557 4807 dixit:
3599 4754 3801 4809 Mutate

2226 4864 2371 4911 eum.
2418 4856 2473 4902 et
2520 4849 2700 4916 ponite
2727 4862 2883 4916 quem
2916 4848 3055 4900 misit
3088 4845 3233 4899 orbis
3264 4853 3522 4900 terrarum
3573 4860 3686 4899 rex.
3733 4846 3798 4899 Et

2228 4941 2522 4996 attulerunt
2547 4949 2603 4994 et
2629 4940 2911 4993 affixerunt
2939 4939 3077 4992 aliud
3119 4937 3410 5005 aspiciente
3457 4952 3562 5003 me,
3605 4951 3788 5005 super-

2232 5032 2483 5100 scriptuin
2539 5031 2610 5085 ita
2646 5047 2659 5083 :
2702 5029 2904 5085 qumo
2936 5044 3160 5083 ΑΕΤΕΒΝᾹ
3203 5043 3267 5083 ac
3314 5041 3533 5090 REQUIES
3580 5026 3792 5088 Joanats

2236 5137 2633 5179 ARCNEPISCOPI
2676 5125 3061 5185 ALEXANDRIE,
3112 5136 3285 5174 EMPTA
3328 5135 3493 5174 LIBRIS
3530 5132 3794 5173 TBIGINTA.

2236 5217 2304 5272 Et
2332 5232 2452 5271 cum
2494 5218 2595 5269 hoc
2628 5216 2870 5280 vidisset,
2913 5213 3144 5268 surrexit
3186 5228 3213 5264 a
3246 5226 3457 5276 somno,
3508 5219 3562 5267 et
3609 5224 3802 5278 magno

2236 5322 2550 5376 summoque
2574 5306 2766 5384 pastori
2788 5321 2904 5374 qua:
2922 5306 3030 5357 visa
3057 5314 3181 5357 sunt
3200 5301 3253 5357 ei
3281 5304 3332 5356 in
3358 5302 3562 5357 somnis
3582 5313 3802 5355 enarra—

2238 5403 2335 5456 vit.
2378 5398 2668 5455 Proﬁciens
2689 5414 2748 5452 ea
2776 5400 2842 5452 de
2869 5411 3025 5450 causa
3054 5395 3266 5449 Troilus
3293 5393 3599 5464 episcopus,
3632 5393 3805 5447 factus

2235 5511 2301 5551 ex
2323 5502 2450 5548 tunc
2474 5495 2897 5561 eleemosynator
2924 5488 3250 5557 magnificus.

2307 5586 2435 5641 Cn).
2478 5582 2686 5639 XXVII.
2725 5610 2795 5622 --
2838 5578 3090 5634 Dominus
3115 5582 3201 5650 qui
3230 5580 3445 5635 divitias
3471 5580 3526 5635 in
3568 5588 3809 5648 tempore

2239 5682 2468 5753 quodam
2495 5681 2649 5735 beato
2670 5675 2773 5732 Joh
2796 5676 3031 5741 abstulit,
3065 5675 3190 5731 fecit
3213 5677 3390 5732 simile
3420 5685 3474 5733 et
3514 5676 3636 5730 huic
3663 5674 3809 5729 omni

2245 5775 2479 5831 bonitate
2524 5771 2703 5841 pleno,
2746 5779 2936 5826 sancto
2974 5767 3284 5839 patriarchae
3327 5768 3541 5824 Joanni.
3576 5766 3813 5824 Navibus
