4016 6266
228 363 322 419 5ῐὶ5

1196 359 1345 411 γιτΑ
1386 354 1625 411 δᾹΝϐΤΙ
1665 356 1941 412 JOANNIS
1988 357 2562 417 ELEEMOSYNARII.

3387 369 3489 423 566

227 480 359 537 enim
396 474 765 531 sanctissima:
801 474 1044 528 ecclesiae
1091 470 1661 539 comprehendentibus
1690 469 1805 522 vio-
1830 471 1881 529 Α
1911 471 2176 525 mandavit
2223 474 2349 526 mihi
2389 476 2641 528 Dtllllillus
2696 491 2843 529 meus
2872 487 2923 529 et
2968 480 3204 533 otnuium
3244 483 3490 536 Christus

230 574 415 625 lentam
463 567 731 633 hiemem,
777 566 831 620 iu
873 566 989 619 loco
1017 564 1105 633 qui
1144 562 1421 616 dicebatur
1454 561 1611 615 Adria
1666 557 1804 630 (Ἠ),

230 662 566 733 proiecerunt
596 660 780 714 omnia
809 673 931 721 sua,
975 672 1091 726 quae
1124 671 1285 711 naves
1318 655 1624 725 portabant;
1657 660 1809 709 erant

232 771 348 809 vero
376 767 574 807 omnes
606 767 772 808 naves
792 750 969 805 simul.
1015 750 1145 804 Erat
1180 759 1357 802 autem
1406 761 1613 801 summa
1642 746 1807 799 multa

234 846 371 900 valde
392 846 757 899 enthecarum
789 858 1042 905 suarum;
1096 841 1362 895 habebant
1405 841 1549 895 enim
1603 850 1807 893 tantum

238 938 540 993 vestimenta
591 946 651 990 et
700 943 1003 1006 argentum,
1053 941 1108 986 et
1153 933 1287 986 alias
1333 947 1419 986 res
1464 931 1705 994 altiores,
1754 938 1811 984 ut

240 1038 628 1096 computaretur
661 1028 868 1098 pondus
902 1024 1043 1095 quod
1074 1024 1170 1078 ivit
1197 1025 1248 1078 in
1278 1023 1627 1093 perditionem
1648 1036 1810 1091 quan-

241 1125 382 1177 litatis
397 1123 842 1175 centenariorum
862 1118 1072 1188 triginta
1099 1124 1343 1186 quatuor.
1369 1116 1488 1168 Plus
1505 1114 1643 1169 enim
1660 1118 1811 1168 erant

244 1230 379 1285 quam
410 1214 685 1269 tredecim
717 1228 899 1275 naves,
928 1211 1199 1281 capientes
1229 1225 1323 1279 per
1360 1209 1595 1279 singulas
1624 1209 1810 1264 decem

244 1309 384 1361 millia
408 1307 744 1363 modiorum.
789 1303 1134 1359 Venientibus
1164 1318 1292 1357 vero
1333 1301 1711 1355 Alexandriam
1758 1306 1814 1354 et

244 1400 602 1470 pergentibus,
636 1398 817 1453 statim
849 1396 1036 1466 reliqui
1065 1394 1355 1449 creditores
1377 1401 1433 1446 et
1459 1391 1612 1459 primi
1641 1399 1814 1445 nauta:

247 1495 290 1545 in
314 1490 533 1546 ecclesia
549 1507 603 1543 m
634 1489 1009 1558 confugerunt.
1045 1484 1271 1540 Sanctus
1300 1497 1425 1537 vero
1448 1481 1551 1537 hoc
1568 1482 1809 1546 audiens,

249 1595 518 1639 etcztusam
566 1594 785 1652 propter
805 1595 962 1651 quam
993 1578 1258 1647 fugerant,
1288 1576 1451 1629 mittit
1478 1576 1558 1633 eis
1587 1573 1812 1628 verbum

253 1673 474 1726 manibus
518 1675 637 1726 suis
684 1670 1068 1739 conscriptum,
1114 1666 1314 1720 habens
1345 1666 1414 1719 ita
1450 1682 1466 1717 :
1511 1682 1530 1715 r
1564 1662 1814 1718 Dominus

262 1768 421 1827 dedit,
451 1766 665 1830 fratres;
717 1760 997 1826 Dominus,
1044 1768 1102 1814 ut
1144 1758 1330 1823 voluit,
1381 1755 1633 1822 abstulit;
1678 1754 1817 1809 sicut

1911 559 2048 613 Deus
2078 559 2255 631 (Joan.
2288 566 2361 634 χ).

1981 652 2107 706 CAP.
2133 652 2324 709 XXIX.
2346 656 2699 712 —Districtus
2728 658 2939 728 quidam
2974 660 3042 714 ab
3073 662 3256 731 hisqui
3278 670 3486 734 pensio.

1912 761 2032 800 nem
2063 745 2368 816 exigebant,
2412 766 2532 805 cum
2578 766 2681 806 non
2728 753 2946 810 haberet
2982 756 3122 824 quod
3166 758 3317 812 daret
3349 763 3487 829 (erat

1910 837 2051 892 enim
2070 838 2218 908 regio
2238 840 2287 893 in
2312 856 2500 910 magna
2523 841 2855 910 difficultate,
2876 860 2941 899 eo
2959 846 3099 914 quod
3125 847 3316 902 fluvius
3337 850 3485 906 Nilus

1912 930 2204 984 secundum
2227 934 2659 988 consuetudinem
2684 949 2786 989 non
2810 935 3051 1005 irrigaret
3072 940 3223 1007 aquis
3244 944 3488 1011 terram),

1912 1018 2028 1088 ipse
2068 1021 2253 1076 abiens
2292 1022 2601 1091 deprecatus
2629 1034 2713 1080 est
2741 1026 2927 1081 ducem
2958 1031 3238 1097 quemdam
3269 1048 3490 1102 magna-

1915 1122 2110 1178 torum,
2138 1124 2196 1169 ut
2222 1126 2428 1171 mutuas
2452 1117 2553 1172 sibi
2585 1119 2736 1174 daret
2782 1122 3159 1193 quinquaginta
3187 1124 3354 1182 libras
3381 1145 3481 1183 au-

1916 1203 1990 1269 ri;
2019 1214 2073 1258 et
2099 1205 2309 1261 dicebat
2338 1223 2397 1263 se
2424 1209 2553 1265 dare
2580 1211 2798 1281 pignora
2819 1253 2835 1277 ,
2867 1215 2908 1266 si
2956 1216 3134 1279 vellet.
3167 1218 3349 1289 dupla.
3380 1221 3486 1276 Re-

1917 1297 2159 1365 promisit
2186 1313 2313 1370 ergo
2357 1299 2459 1353 dux
2491 1301 2618 1357 dare
2643 1303 2713 1369 ei,
2758 1303 2822 1357 ad
2851 1318 3082 1371 praesens
3112 1323 3239 1363 vero
3263 1311 3487 1366 distulit.

1918 1389 2267 1447 Exactoribus
2294 1408 2419 1462 ergo
2461 1397 2947 1467 coustriugentibus
2973 1415 3116 1467 eum,
3147 1404 3293 1457 vadit
3340 1405 3478 1472 ipse,

1916 1490 1974 1537 ut
1996 1485 2169 1538 omnis
2198 1485 2262 1540 ad
2293 1497 2499 1555 portum
2530 1504 2559 1543 a
2584 1504 2687 1558 quo
2729 1492 2904 1546 cuncti
2946 1495 3290 1564 recipiuntur,
3337 1500 3485 1553 vide-

1918 1573 2041 1629 licet
2071 1576 2135 1630 ad
2167 1576 2503 1633 mitissimum
2532 1589 2587 1634 et
2612 1580 2825 1650 dignum
2869 1583 3219 1642 admiratione
3262 1592 3488 1656 patriar-

1917 1664 2093 1719 cham.
2141 1667 2205 1720 Et
2250 1668 2483 1723 nondum
2532 1684 2666 1737 pene
2716 1672 2980 1741 propriam
3029 1677 3398 1733 necessitatem
3440 1683 3489 1737 ei

1920 1768 2242 1825 narraverat,
2276 1758 2637 1814 dixitsanctus
2657 1762 2721 1815 ad
2750 1777 2870 1816 eum
2894 1778 2909 1817 :
2935 1763 3027 1829 Do,
3053 1765 3147 1831 fili,
3168 1768 3213 1821 si
3236 1769 3488 1841 volueris,

270 1858 461 1911 Domino
499 1857 723 1925 placuit,
775 1856 844 1908 ita
872 1853 1069 1908 factum
1110 1862 1193 1906 est
1227 1852 1336 1905 :sit
1380 1864 1571 1904 nomen
1606 1848 1814 1903 Domini
1846 1853 1893 1913 Β
1919 1858 1970 1901 et
1996 1864 2102 1918 quo
2149 1851 2367 1913 vestior,
2400 1852 2798 1907 vestimentum.
2841 1854 3047 1910 Etenim
3091 1871 3211 1913 cum
3257 1859 3491 1915 admira-

262 1948 578 2002 benedictum
609 1945 754 2018 (Job.
783 1946 848 2015 ι).
879 1944 1055 2009 Exite,
1095 1942 1210 2008 ﬁlii,
1241 1940 1373 1994 nihil
1401 1954 1467 1995 ex
1498 1941 1597 1994 hoc
1614 1938 1768 1993 veriti
1797 1954 1811 1989 :

254 2041 503 2095 Dominus
530 2040 675 2095 enim
698 2036 959 2093 sollicitus
976 2034 1079 2089 erit
1102 2034 1167 2089 de
1197 2033 1451 2089 crastino.
1491 2050 1511 2085 ι
1562 2030 1818 2086 Ascendit

251 2134 427 2203 itaque
465 2147 603 2202 pene
629 2130 901 2187 dimidium
929 2127 1155 2183 civitatis
1193 2126 1247 2180 in
1274 2134 1537 2181 secretum
1566 2140 1582 2178 :
1612 2124 1698 2178 die
1723 2138 1819 2176 au-

249 2235 362 2278 tem
406 2225 577 2277 altero
600 2222 838 2275 volentes
877 2216 988 2287 (7‘2)
1031 2214 1299 2270 consolari
1353 2213 1583 2268 nobilem
1626 2214 1812 2278 istum;

253 2315 373 2381 ipse
403 2328 532 2367 vero
574 2323 971 2381 praeoccupans,
998 2307 1154 2376 coepit
1191 2306 1436 2360 omnibus
1462 2305 1643 2359 dicere
1672 2321 1685 2356 :
1714 2303 1819 2358 Ne-

255 2420 539 2474 quaquam,
568 2418 603 2456 o
632 2402 726 2457 filii
755 2410 810 2457 et
832 2398 1039 2460 fratres.
1066 2412 1226 2452 causa
1250 2398 1461 2453 navium
1492 2395 1818 2451 difficultatis

253 2496 575 2557 tristemini;
626 2508 746 2559 nam
787 2491 994 2544 humilis
1022 2489 1274 2555 Joannes,
1323 2488 1545 2555 credite,
1574 2489 1818 2543 inventus

257 2598 334 2644 est
377 2586 693 2657 culpabilis;
742 2587 932 2655 quippe
982 2583 1085 2638 nisi
1131 2582 1493 2638 extollentiam
1541 2581 1815 2646 haberem,

265 2685 397 2738 nullo
420 2684 580 2738 modo
610 2684 714 2738 hoc
741 2683 955 2737 ferrem.
1000 2680 1108 2736 Sed
1146 2680 1266 2747 quia
1306 2676 1599 2735 extollebar
1636 2677 1686 2730 in
1737 2674 1819 2729 his

266 2791 371 2844 qua:
400 2774 487 2830 Dei
514 2785 693 2839 erant,
722 2782 777 2828 et
799 2774 1125 2828 aastimabam
1154 2773 1294 2841 quod
1324 2785 1510 2841 magna
1539 2783 1700 2837 opera
1743 2766 1821 2821 fa-

265 2882 454 2931 cerem,
486 2866 618 2920 dans
660 2880 778 2935 qum
810 2865 1084 2919 hominum
1116 2874 1283 2926 erant,
1318 2863 1419 2917 hoc
1448 2860 1574 2915 mihi
1606 2860 1817 2924 evenit;

271 2958 453 3015 volens
477 2974 602 3029 ergo
625 2959 766 3015 Deus
790 2968 848 3013 ut
879 2958 982 3012 hoc
1020 2957 1395 3026 intelligerem,
1429 2955 1527 3007 ista
1560 2949 1819 3021 permisit.

278 3056 610 3125 Eleemosyna
634 3056 769 3109 enim
793 3070 899 3107 non
921 3054 1225 3125 vigilantem
1250 3053 1556 3121 plerumque
1579 3050 1630 3103 itt
1653 3046 1826 3101 extol-

278 3148 477 3203 Ientiam
502 3149 666 3203 elevat
695 3164 709 3203 :
741 3147 937 3201 invitus
963 3161 1089 3201 vero
1119 3161 1271 3200 casus
1297 3143 1540 3197 humiliat
1559 3141 1823 3195 sustinen-

1918 1940 2110 1995 bilibus
2130 1941 2241 1995 suis
2262 1941 2412 1996 bouis
2434 1952 2488 1996 et
2508 1943 2607 1997 hoc
2627 1944 2961 2012 possidebat,
2992 1948 3134 2018 quod
3164 1964 3268 2004 non
3301 1964 3485 2020 posset

1920 2031 2105 2087 videre
2155 2033 2385 2101 aliquem
2419 2032 2488 2087 de
2532 2036 2937 2092 necessitatibus
2982 2039 3384 2112 Iacrymantem,
3437 2057 3492 2102 et

1918 2137 2023 2176 non
2050 2123 2229 2177 statim
2259 2138 2318 2178 se
2349 2126 2574 2193 propriis
2596 2127 2787 2194 rigaret
2812 2129 3056 2200 lacrymis
3080 2149 3092 2184 :
3120 2134 3256 2189 unde
3282 2142 3339 2189 et
3364 2151 3489 2190 mox

1918 2212 2232 2282 petitionem
2275 2215 2503 2270 volentis
2530 2216 2599 2270 ab
2638 2232 2704 2272 eo
2752 2230 2988 2275 mutuum
3036 2224 3282 2293 accipere
3321 2225 3491 2281 adim—

1919 2305 2109 2373 plevit.
2138 2305 2205 2358 Et
2232 2305 2472 2375 sequenti
2504 2316 2658 2362 nocte
2683 2308 2827 2363 videt
2857 2311 2959 2364 dux
2981 2313 3117 2380 quod
3140 2323 3309 2370 staret
3331 2329 3493 2386 super

1920 2392 2087 2447 altare
2133 2394 2366 2463 quidam,
2409 2397 2494 2450 cui
2539 2395 2836 2453 offerebant
2884 2400 3033 2456 multi
3080 2402 3406 2474 oblationes;
3439 2418 3494 2463 et

1924 2498 2016 2549 per
2038 2498 2193 2537 unam
2244 2500 2400 2554 quam
2433 2486 2727 2557 ponebant,
2757 2490 3085 2559 accipiebant
3130 2502 3344 2552 centum
3395 2514 3494 2568 pro

1921 2572 2033 2642 ipsa
2063 2574 2129 2627 de
2156 2576 2328 2629 altari.
2365 2577 2489 2632 Erat
2524 2588 2701 2635 autem
2731 2590 2785 2636 et
2815 2583 3108 2649 patriarcha
3139 2595 3260 2656 post
3287 2597 3494 2662 tergum

1923 2663 2060 2731 ejus.
2112 2664 2331 2720 Jacebat
2357 2681 2485 2736 ergo
2514 2683 2613 2723 una
2655 2671 2861 2726 oblatio
2890 2682 3013 2729 ante
3041 2689 3132 2731 eos
3161 2679 3212 2732 in
3241 2695 3348 2736 uno
3377 2696 3495 2739 sca-

1924 2769 2069 2821 mno,
2117 2764 2169 2809 et
2194 2755 2319 2810 dicit
2352 2758 2565 2826 quidam
2596 2759 2718 2816 duci
2753 2778 2766 2813 :
2803 2762 2966 2830 Vade,
2996 2766 3210 2823 domine
3239 2771 3375 2838 dux,
3399 2789 3494 2827 ac-

1924 2846 2041 2913 cipe
2079 2848 2400 2904 oblationem
2443 2851 2611 2919 illam,
2661 2862 2716 2910 et
2763 2856 2894 2912 offer
2936 2859 3001 2914 ad
3047 2864 3233 2931 altare,
3264 2874 3321 2920 et
3366 2869 3493 2924 tolle

1924 2952 2022 3006 pro
2056 2953 2118 2992 ea
2149 2952 2360 2995 centum
2390 2942 2708 3001 oblationes.
2758 2947 2850 3002 Illo
2877 2964 3004 3005 vero
3048 2952 3348 3022 pigritaute,
3398 2972 3496 3013 cu-

1926 3032 2090 3087 currit
2120 3033 2436 3101 patriarcha,
2468 3035 2586 3092 licet
2617 3051 2735 3107 post
2763 3056 2882 3096 eum
2913 3053 3099 3110 staret,
3128 3057 3181 3101 et
3207 3049 3324 3103 tulit
3353 3049 3493 3106 hanc

1928 3133 2052 3178 ante
2081 3141 2222 3189 eum,
2258 3135 2311 3180 et
2338 3129 2544 3195 obtulit,
2594 3141 2649 3187 et
2676 3135 2901 3204 accepit,
2955 3136 3090 3192 sicut
3119 3155 3324 3210 omnes,
3376 3158 3497 3200 ceu.

272 3249 387 3294 tem.
436 3240 525 3293 Ait
568 3239 708 3293 enim
759 3238 936 3292 divina
984 3236 1253 3305 Scriptura
1288 3253 1299 3287 :
1336 3235 1625 3303 Paupertas
1652 3230 1821 3285 virum

1933 3226 2042 3270 tum
2069 3218 2134 3272 de
2175 3220 2345 3273 altari.
2385 3220 2655 3292 Evigilans
2684 3227 2880 3297 itaque,
2928 3246 3032 3286 non
3067 3244 3273 3301 poterat
3299 3239 3500 3296 discer-

267 3330 516 3384 humiliat.
555 3330 620 3385 Et
646 3331 840 3386 iterum
871 3330 1034 3385 David
1060 3330 1161 3383 hoc
1185 3328 1383 3391 sciens,
1431 3326 1686 3380 dicebat:
1724 3324 1827 3379 Bo-

266 3439 375 3476 num
404 3423 537 3477 mihi
563 3423 706 3492 quod
733 3432 789 3478 tu
809 3422 1099 3477 humiliasti
1129 3436 1235 3487 me,
1260 3431 1319 3475 ut
1346 3417 1546 3474 discam
1574 3418 1830 3487 justifica—

272 3519 426 3573 tiones
449 3534 571 3574 tuas
595 3517 767 3589 (Paul.
794 3520 1000 3585 cxvut).
1027 3519 1158 3572 Dum
1180 3518 1320 3573 enim
1342 3516 1497 3570 malis
1520 3514 1689 3570 factus
1713 3531 1831 3570 sum

275 3609 541 3677 obnoxius,
585 3610 708 3677 quia
754 3609 1020 3664 dationem
1059 3623 1154 3677 per
1181 3623 1368 3661 vanam
1393 3607 1614 3677 gloriam
1644 3606 1834 3674 perde-

272 3700 398 3764 bam,
453 3713 515 3755 et
561 3702 811 3769 quoniam
852 3715 947 3770 per
988 3699 1174 3752 vitium
1224 3713 1400 3752 meum
1442 3697 1666 3766 perdita
1712 3706 1835 3751 sunt

271 3798 417 3843 tanta:
447 3791 713 3859 pecuniae,
744 3790 916 3846 habeo
944 3805 1081 3843 nunc
1106 3788 1362 3858 judicium
1391 3788 1690 3842 animarum
1716 3803 1835 3858 quae

270 3880 313 3935 in
338 3891 490 3935 arcto
522 3890 665 3935 sunt.
699 3881 915 3947 Verum,
949 3867 1302 3944 dilectissimi,
1329 3881 1417 3950 qui
1444 3888 1569 3934 tunc
1597 3892 1835 3949 tempore

265 3970 381 4041 justi
410 3972 559 4027 illius
583 3973 685 4028 Job
713 3971 813 4026 fuit
839 3972 1001 4040 Deus,
1030 3980 1085 4026 et
1111 3987 1250 4028 nunc
1281 3971 1419 4027 idem
1452 3972 1563 4041 ipse
1600 3981 1703 4037 est,
1744 3972 1834 4042 qui

268 4080 366 4119 non
397 4074 622 4133 propter
662 4074 952 4134 egestatem
998 4079 1194 4129 meam,
1236 4064 1330 4120 sed
1369 4065 1439 4119 ob
1486 4065 1834 4135 indigentium

268 4158 663 4223 necessitatem,
692 4173 798 4212 non
828 4156 1164 4226 derelinquet
1190 4172 1306 4210 nos.
1343 4156 1456 4223 Ipse
1485 4159 1625 4211 enim
1654 4157 1786 4212 dixit
1819 4174 1832 4209 :

274 4247 376 4301 Non
394 4257 444 4303 te
460 4251 735 4313 deseram,
758 4264 928 4319 neque
939 4249 1298 4318 derelinquam
1317 4248 1500 4318 (Hebr.
1521 4249 1660 4319 χιιι).
1684 4250 1836 4321 195

273 4337 336 4392 Et
358 4356 545 4395 rursus
572 4357 584 4393 :
610 4341 844 4407 Qumrite
869 4342 1094 4408 primum
1125 4355 1344 4410 regnum
1369 4341 1481 4404 Dei,
1505 4352 1557 4395 et
1578 4342 1837 4409 justitiam

275 4432 404 4501 ejus,
444 4443 503 4487 et
531 4433 645 4487 base
669 4436 847 4487 omnia
868 4432 1183 4502 adjicientur
1204 4434 1356 4487 vobis
1377 4433 1589 4504 (Manli.
1620 4438 1713 4501 vt).
1743 4433 1834 4489 νο·

267 4525 430 4581 lentes
473 4542 606 4594 ergo
643 4527 909 4581 consolari
956 4542 1077 4581 eum
1125 4526 1354 4581 civitatis
1404 4526 1748 4593 habitatores,
1779 4539 1838 4583 ut

1931 3324 2062 3365 nere
2092 3314 2378 3368 somnium.
2409 3316 2548 3370 Misit
2573 3328 2747 3373 autem
2775 3330 2827 3375 et
2851 3322 3067 3378 adduxit
3090 3341 3212 3380 eum
3241 3330 3331 3398 qui
3357 3333 3500 3387 vole-

1932 3402 2023 3457 bat
2070 3414 2307 3460 mutuum
2359 3409 2621 3478 accipere,
2661 3421 2718 3467 ut
2748 3423 3028 3482 przestaret
3049 3419 3119 3472 ei.
3156 3420 3367 3476 Etcum
3414 3440 3502 3480 ve«

1933 3494 2133 3562 uisset,
2164 3497 2289 3551 dicit
2317 3499 2364 3553 ei
2412 3502 2780 3573 dux:Accipe
2828 3507 2967 3575 quod
3016 3510 3189 3578 petisti
3240 3522 3502 3570 mutuum.

1934 3585 2280 3656 Respondeas
2306 3589 2414 3654 ille,
2447 3591 2578 3645 dixit
2605 3594 2653 3647 ei
2678 3611 2692 3647 :
2718 3596 2856 3652 Ante
2882 3598 3002 3652 tulit
3028 3602 3329 3659 mercedem
3355 3614 3498 3659 tuam

1934 3680 2179 3737 dominus
2210 3683 2530 3749 patriarcha.
2558 3685 2764 3741 Etenim
2791 3696 2841 3743 te
2863 3690 3078 3746 domino
3098 3694 3378 3752 difi'erente
3399 3713 3504 3764 me,

1933 3775 2237 3841 compulsus
2266 3788 2381 3828 sum
2424 3776 2491 3830 ad
2524 3777 2671 3832 illum
2704 3788 2952 3851 tanquam
2978 3786 3047 3841 ad
3079 3797 3285 3857 portum
3324 3794 3506 3847 confu-

1934 3879 2092 3934 gere,
2126 3866 2288 3919 multa
2316 3868 2458 3922 enim
2488 3879 2606 3924 erat
2635 3872 2713 3927 vis
2745 3874 3121 3944 inquietttdinis
3168 3888 3501 3949 exactorum.

1934 3960 2064 4011 Cum
2090 3972 2214 4027 ergo
2235 3960 2471 4015 audisset
2492 3962 2612 4028 hoc,
2644 3965 2819 4019 statim
2850 3968 3160 4025 recordatus
3187 3984 3263 4025 est
3289 3974 3505 4040 somnii,

1935 4059 1991 4104 et
2016 4050 2149 4104 dixit
2174 4068 2187 4103 :
2215 4049 2351 4107 Vere
2367 4053 2505 4108 bene
2525 4054 2702 4111 dixisti
2730 4074 2742 4107 :
2769 4057 2898 4124 Quia
2921 4070 3044 4116 ante
3066 4063 3184 4117 tulit
3208 4064 3509 4120 mercedem

1937 4152 2102 4197 tuam.
2132 4145 2268 4196 Ante
2300 4144 2421 4198 tulit
2448 4144 2609 4209 enim,
2661 4155 2717 4202 et
2744 4164 2823 4203 vat
2850 4150 2924 4204 illi
2949 4152 3173 4219 quivult
3201 4153 3378 4211 facere
3411 4156 3510 4212 bo-

1937 4249 2084 4298 num,
2117 4243 2171 4288 et
2199 4234 2395 4289 diﬂ‘ert.
2430 4235 2795 4293 Etenarravit
2813 4241 2862 4295 ei
2884 4250 2939 4296 et
2966 4246 3212 4299 omnibus
3244 4249 3511 4303 somnium
3598 4316 3601 4319 Α

1936 4326 2076 4396 quod
2107 4326 2329 4382 viderat.

2008 4439 2135 4495 CAP.
2169 4440 2337 4495 XXX.
2365 4472 2435 4483 —-
2456 4443 2715 4514 Pergente
2744 4423 3023 4518 aliquando
3061 4461 3246 4505 sancto
3272 4453 3337 4505 ad
3371 4461 3510 4507 tem-

1941 4533 2084 4601 plum
2129 4547 2433 4592 sanctorum
2495 4538 2898 4594 victoriosorum
2949 4555 3238 4615 martyrum
3289 4546 3413 4616 Cyri
3459 4557 3512 4601 et

266 4617 461 4709 dictum
493 4629 600 4683 est,
629 4619 729 4687 ipsi
762 4619 927 4687 magis
956 4619 1153 4673 inventi
1193 4628 1320 4672 sunt
1345 4630 1555 4672 econtra
1585 4621 1825 4674 consola-

1943 4628 2162 4684 Joaunis
2182 4671 2197 4695 ,
2230 4632 2282 4685 in
2302 4632 2532 4699 gloriosa
2556 4648 2737 4687 eorum
2762 4637 3017 4690 memoria
3040 4637 3297 4692 orationis
3316 4640 3510 4709 gratia,

268 4686 462 4764 tionem
487 4710 557 4763 ab
577 4686 695 4777 ejus
712 4686 1036 4763 beatitudine
1060 4708 1344 4777 recepisse.
1364 4709 1527 4763 Nimis
1540 4724 1665 4778 ergo
1679 4709 1838 4765 breve

270 4812 474 4873 tempus
518 4804 791 4870 praeteriit,
823 4811 878 4857 et
913 4804 963 4856 in
994 4803 1210 4872 duplum
1238 4804 1468 4859 restituit
1514 4805 1656 4859 Deus
1703 4821 1839 4860 n0v0

268 4907 447 4951 nostro
466 4895 569 4949 Job
588 4895 895 4961 facultates;
921 4904 975 4950 et
994 4898 1182 4951 iterum
1202 4908 1316 4952 erat
1337 4899 1447 4964 ipse
1472 4899 1840 4966 magnanimus

263 4986 406 5042 circa
466 4985 912 5051 misericordiam,
969 4987 1189 5043 fortasse
1230 5000 1403 5043 autem
1435 4998 1487 5055 ct
1540 4989 1839 5059 religiosior

260 5092 424 5149 quam
454 5090 610 5133 antea
642 5077 829 5132 fuerat.

335 5168 472 5225 CAP.
496 5170 731 5225 XXVIII.
762 5171 923 5225 -—Ad
955 5181 1247 5227 extremam
1272 5186 1628 5243 paupertatem
1656 5195 1840 5246 perve-

266 5261 439 5317 nienti
466 5264 675 5321 cuidam
706 5263 774 5318 de
794 5262 1098 5319 domesticis
1128 5264 1413 5333 ministris,
1446 5271 1655 5337 propria
1685 5287 1843 5325 manu

265 5355 370 5410 iste
399 5356 649 5421 sanctus,
682 5365 738 5411 ut
769 5357 940 5411 nullus
964 5357 1154 5421 sciret,
1185 5358 1317 5413 duas
1346 5359 1506 5413 libras
1526 5363 1638 5416 auri
1668 5363 1843 5430 dedit;

270 5457 329 5503 et
357 5449 582 5504 audiens
622 5448 690 5503 ab
733 5448 1065 5517 accipiente:
1096 5450 1358 5516 Quoniam
1405 5450 1518 5505 haec
1555 5454 1841 5523 accipietis,

271 5540 512 5609 domine,
543 5540 763 5595 ulterius
787 5554 891 5594 non
921 5540 1092 5596 habeo
1120 5541 1318 5597 vultum
1342 5542 1642 5598 intendendi
1671 5547 1722 5599 in
1746 5546 1844 5599 ho-

276 5634 576 5699 norabiletu
607 5641 663 5688 et
706 5633 995 5704 angelicam
1025 5632 1209 5689 faciem
1258 5644 1426 5701 tuam,
1460 5652 1585 5691 vere
1629 5637 1842 5707 dignum

274 5726 456 5792 laude,
484 5735 543 5781 ut
574 5725 806 5795 sapiens,
837 5725 1043 5782 locutus
1069 5736 1153 5781 est
1179 5729 1397 5784 verbum
1423 5746 1437 5783 :
1464 5728 1728 5797 Nondum,
1763 5732 1844 5785 itt-

273 5821 488 5887 quiens,
517 5819 827 5889 sanguinem
851 5834 1026 5876 meum
1046 5834 1142 5890 pro
1165 5831 1213 5876 te
1232 5859 1247 5885 ,
1278 5820 1460 5891 frater,
1491 5820 1678 5891 effudi,
1710 5826 1848 5882 sicut

1946 4735 2173 4778 exeunte
2197 4734 2404 4792 portam
2436 4724 2694 4791 civitatis,
2728 4728 2965 4797 suscepit
2992 4744 3113 4783 eum
3159 4731 3348 4785 mulier
3393 4746 3514 4798 pro-

1947 4813 2151 4876 cideus,
2174 4822 2227 4867 et
2247 4813 2430 4869 dicens
2455 4833 2466 4866 :
2491 4814 2709 4869 Viudica
2735 4833 2841 4881 me,
2865 4818 3110 4887 quoniam
3141 4820 3384 4888 injuriam
3417 4836 3511 4891 pa-

1949 4905 2051 4958 Iior
2077 4921 2105 4957 a
2132 4920 2328 4975 genero
2353 4921 2492 4961 meo.
2517 4908 2841 4972 Quibusdam
2860 4926 2983 4979 ergo
3004 4910 3072 4964 de
3092 4911 3347 4979 obsequio
3377 4911 3514 4981 ejus,

1948 5001 2035 5066 qui
2083 4999 2344 5053 habebant
2382 4999 2757 5054 confidentiam
2807 5001 2943 5068 apud
2987 5017 3131 5068 eum,
3177 5001 3513 5058 dicentibus:

1952 5091 2083 5156 Quia
2096 5105 2214 5145 cum
2231 5106 2477 5145 reversus
2492 5090 2678 5157 fueris,
2697 5106 2909 5146 causam
2932 5091 3047 5160 ejus
3060 5090 3240 5147 facies.
3268 5093 3514 5165 Respon-

1951 5181 2027 5235 dit
2080 5182 2555 5251 sapientissimus:
2592 5184 2654 5237 Et
2700 5183 2965 5249 quomodo
3010 5183 3152 5239 Deus
3217 5186 3515 5243 orationem

1952 5281 2191 5325 nostram
2237 5273 2511 5340 suscipiet,
2560 5274 2604 5325 si
2628 5287 2727 5341 ego
2775 5274 2925 5327 istam
2973 5279 3521 5347 postposuero?Quis

1952 5365 2081 5419 mihi
2112 5367 2399 5435 spopondit
2431 5375 2487 5418 ut
2520 5366 2690 5420 vivam
2721 5382 2820 5435 ego
2842 5368 2893 5420 in
2915 5368 3246 5424 crastinum?
3271 5380 3323 5425 et
3343 5372 3431 5425 ibo
3454 5373 3520 5426 ad

1953 5456 2246 5522 Christum,
2264 5473 2357 5525 pro
2374 5474 2431 5510 ea
2452 5459 2709 5512 rationem
2732 5460 3062 5514 redditurus?
3082 5462 3145 5515 Et
3163 5477 3266 5516 non
3295 5463 3522 5517 recessit

1950 5546 2154 5601 deloco
2176 5548 2285 5613 illo,
2305 5538 2473 5615 usque
2494 5548 2617 5602 dum
2641 5551 2780 5615 quod
2803 5551 2931 5605 satis
2954 5553 3004 5607 ei
3026 5563 3142 5607 erat
3164 5553 3275 5608 fieri
3299 5552 3518 5610 faceret.

2020 5637 2148 5691 CAP.
2177 5637 2367 5691 XXXI.
2411 5667 2480 5677 —
2502 5640 2580 5693 Ad
2611 5641 2937 5696 voluntatem
2969 5645 3124 5713 igitur
3163 5644 3523 5699 memorabilis

1951 5728 2130 5798 hujus,
2166 5744 2285 5798 qua:
2317 5740 2426 5784 tota
2459 5731 2513 5785 iu
2542 5731 2651 5788 Deo
2677 5744 2812 5797 erat,
2846 5736 2987 5788 misit
3015 5737 3063 5788 ei
3096 5735 3235 5788 Deus
3264 5738 3405 5788 viros
3430 5748 3519 5785 sa-

1954 5826 2159 5894 Piemes
2186 5834 2239 5880 el
2265 5839 2477 5896 semper
2516 5829 2911 5897 memorandos,
2940 5828 3195 5883 Joannem
3220 5837 3273 5881 et
3292 5827 3517 5895 Sophro-
