  <div class='ocr_page' id='page_1' title='image "/cluster/home/n/w/nwhite01/storage/ocr_20150623/73/uva.x000827085/191.png"; bbox 0 0 4016 6234; ppageno 0'>
   <div class='ocr_carea' id='block_1_1' title="bbox 519 315 620 369">
    <p class='ocr_par' dir='ltr' id='par_1_1' title="bbox 519 315 620 369">
     <span class='ocr_line' id='line_1_1' title="bbox 519 315 620 369; baseline 0.04 -4"><span class='ocrx_word' id='word_1_1' title='bbox 519 315 620 369; x_wconf 67' lang='lat'><strong>367</strong></span> 
     </span>
    </p>
   </div>
   <div class='ocr_carea' id='block_1_2' title="bbox 1487 309 2730 371">
    <p class='ocr_par' dir='ltr' id='par_1_2' title="bbox 1487 309 2730 371">
     <span class='ocr_line' id='line_1_2' title="bbox 1487 309 2730 371; baseline -0.004 0"><span class='ocrx_word' id='word_1_2' title='bbox 1487 315 1494 320; x_wconf 74' lang='grc'><em>’</em></span> <span class='ocrx_word' id='word_1_3' title='bbox 1562 316 1646 371; x_wconf 83' lang='lat' dir='ltr'><strong>DE</strong></span> <span class='ocrx_word' id='word_1_4' title='bbox 1689 316 1859 371; x_wconf 82' lang='lat' dir='ltr'><strong>VITIS</strong></span> <span class='ocrx_word' id='word_1_5' title='bbox 1899 315 2172 370; x_wconf 57' lang='lat' dir='ltr'><strong>PATIiUSI</strong></span> <span class='ocrx_word' id='word_1_6' title='bbox 2217 314 2414 367; x_wconf 72' lang='lat' dir='ltr'><strong>LIBER</strong></span> <span class='ocrx_word' id='word_1_7' title='bbox 2461 309 2730 368; x_wconf 71' lang='lat' dir='ltr'><strong>PRIMUS.</strong></span> 
     </span>
    </p>
   </div>
   <div class='ocr_carea' id='block_1_3' title="bbox 3669 310 3777 373">
    <p class='ocr_par' dir='ltr' id='par_1_3' title="bbox 3669 310 3777 373">
     <span class='ocr_line' id='line_1_3' title="bbox 3669 310 3777 373; baseline 0.019 -3"><span class='ocrx_word' id='word_1_8' title='bbox 3669 310 3777 373; x_wconf 66' lang='lat'><strong>3&#39;63</strong></span> 
     </span>
    </p>
   </div>
   <div class='ocr_carea' id='block_1_4' title="bbox 520 431 3781 502">
    <p class='ocr_par' dir='ltr' id='par_1_4' title="bbox 520 431 3781 502">
     <span class='ocr_line' id='line_1_4' title="bbox 520 431 3781 502; baseline -0.002 -12"><span class='ocrx_word' id='word_1_9' title='bbox 520 439 686 490; x_wconf 86' lang='lat' dir='ltr'><strong>nium.</strong></span> <span class='ocrx_word' id='word_1_10' title='bbox 719 431 1018 490; x_wconf 69' lang='lat' dir='ltr'><strong>(‘onsiliarii</strong></span> <span class='ocrx_word' id='word_1_11' title='bbox 1050 438 1190 490; x_wconf 86' lang='lat' dir='ltr'><strong>enim</strong></span> <span class='ocrx_word' id='word_1_12' title='bbox 1233 446 1383 489; x_wconf 83' lang='lat' dir='ltr'><strong>erant</strong></span> <span class='ocrx_word' id='word_1_13' title='bbox 1415 438 1679 490; x_wconf 87' lang='lat' dir='ltr'><strong>veraciter</strong></span> <span class='ocrx_word' id='word_1_14' title='bbox 1710 434 1864 499; x_wconf 92' lang='lat' dir='ltr'><strong>boni,</strong></span> <span class='ocrx_word' id='word_1_15' title='bbox 1898 434 2089 502; x_wconf 85' lang='lat' dir='ltr'><strong>quibus</strong></span> <span class='ocrx_word' id='word_1_16' title='bbox 2120 433 2167 490; x_wconf 81' lang='grc' dir='ltr'>Α</span> <span class='ocrx_word' id='word_1_17' title='bbox 2197 431 2396 482; x_wconf 88' lang='lat' dir='ltr'><strong>versari</strong></span> <span class='ocrx_word' id='word_1_18' title='bbox 2449 431 2622 494; x_wconf 90' lang='lat' dir='ltr'><strong>hunc;</strong></span> <span class='ocrx_word' id='word_1_19' title='bbox 2675 431 2924 484; x_wconf 85' lang='lat' dir='ltr'><strong>dicebant</strong></span> <span class='ocrx_word' id='word_1_20' title='bbox 2950 433 3093 483; x_wconf 87' lang='lat' dir='ltr'><strong>enim</strong></span> <span class='ocrx_word' id='word_1_21' title='bbox 3145 431 3196 483; x_wconf 92' lang='lat' dir='ltr'><strong>hi</strong></span> <span class='ocrx_word' id='word_1_22' title='bbox 3242 432 3328 498; x_wconf 91' lang='lat' dir='ltr'><strong>qui</strong></span> <span class='ocrx_word' id='word_1_23' title='bbox 3360 433 3410 486; x_wconf 91' lang='lat' dir='ltr'><strong>in</strong></span> <span class='ocrx_word' id='word_1_24' title='bbox 3447 443 3781 487; x_wconf 82' lang='lat' dir='ltr'><strong>testamento</strong></span> 
     </span>
    </p>
   </div>
   <div class='ocr_carea' id='block_1_5' title="bbox 517 525 2080 598">
    <p class='ocr_par' dir='ltr' id='par_1_5' title="bbox 517 525 2080 598">
     <span class='ocr_line' id='line_1_5' title="bbox 517 525 2080 598; baseline -0.003 -18"><span class='ocrx_word' id='word_1_25' title='bbox 517 539 570 581; x_wconf 81' lang='lat' dir='ltr'><strong>et</strong></span> <span class='ocrx_word' id='word_1_26' title='bbox 601 539 851 598; x_wconf 83' lang='lat' dir='ltr'><strong>tanquam</strong></span> <span class='ocrx_word' id='word_1_27' title='bbox 885 528 1121 598; x_wconf 75' lang='lat' dir='ltr'><strong>patribus</strong></span> <span class='ocrx_word' id='word_1_28' title='bbox 1151 528 1435 580; x_wconf 75' lang='lat' dir='ltr'><strong>indiscrete</strong></span> <span class='ocrx_word' id='word_1_29' title='bbox 1462 527 1765 589; x_wconf 87' lang='lat' dir='ltr'><strong>ohediehat,</strong></span> <span class='ocrx_word' id='word_1_30' title='bbox 1800 534 1854 578; x_wconf 91' lang='lat' dir='ltr'><strong>et</strong></span> <span class='ocrx_word' id='word_1_31' title='bbox 1881 525 2080 592; x_wconf 75' lang='lat' dir='ltr'><strong>gratias</strong></span> 
     </span>
    </p>
   </div>
   <div class='ocr_carea' id='block_1_6' title="bbox 515 616 2092 690">
    <p class='ocr_par' dir='ltr' id='par_1_6' title="bbox 515 616 2092 690">
     <span class='ocr_line' id='line_1_6' title="bbox 515 616 2092 690; baseline -0.001 -17"><span class='ocrx_word' id='word_1_32' title='bbox 515 621 725 688; x_wconf 82' lang='lat' dir='ltr'><strong>agebat,</strong></span> <span class='ocrx_word' id='word_1_33' title='bbox 780 629 1029 690; x_wconf 84' lang='lat' dir='ltr'><strong>tauquam</strong></span> <span class='ocrx_word' id='word_1_34' title='bbox 1078 620 1446 675; x_wconf 88' lang='lat' dir='ltr'><strong>constantibus</strong></span> <span class='ocrx_word' id='word_1_35' title='bbox 1494 619 1726 673; x_wconf 84' lang='lat' dir='ltr'><strong>maxime</strong></span> <span class='ocrx_word' id='word_1_36' title='bbox 1768 626 1822 672; x_wconf 92' lang='lat' dir='ltr'><strong>et</strong></span> <span class='ocrx_word' id='word_1_37' title='bbox 1869 616 2092 672; x_wconf 82' lang='lat' dir='ltr'><strong>viriliter</strong></span> 
     </span>
    </p>
   </div>
   <div class='ocr_carea' id='block_1_7' title="bbox 516 711 2089 783">
    <p class='ocr_par' dir='ltr' id='par_1_7' title="bbox 516 711 2089 783">
     <span class='ocr_line' id='line_1_7' title="bbox 516 711 2089 783; baseline -0.001 -18"><span class='ocrx_word' id='word_1_38' title='bbox 516 714 794 781; x_wconf 81' lang='lat' dir='ltr'><strong>agentibus</strong></span> <span class='ocrx_word' id='word_1_39' title='bbox 844 715 1102 768; x_wconf 87' lang='lat' dir='ltr'><strong>militibus</strong></span> <span class='ocrx_word' id='word_1_40' title='bbox 1153 728 1247 783; x_wconf 90' lang='lat' dir='ltr'><strong>pro</strong></span> <span class='ocrx_word' id='word_1_41' title='bbox 1299 715 1494 782; x_wconf 89' lang='lat' dir='ltr'><strong>pietate</strong></span> <span class='ocrx_word' id='word_1_42' title='bbox 1536 711 1830 783; x_wconf 81' lang='lat' dir='ltr'><strong>religionis.</strong></span> <span class='ocrx_word' id='word_1_43' title='bbox 1881 711 2089 766; x_wconf 86' lang='lat' dir='ltr'><strong>Etenim</strong></span> 
     </span>
    </p>
   </div>
   <div class='ocr_carea' id='block_1_8' title="bbox 515 803 2085 874">
    <p class='ocr_par' dir='ltr' id='par_1_8' title="bbox 515 803 2085 874">
     <span class='ocr_line' id='line_1_8' title="bbox 515 803 2085 874; baseline -0.003 -16"><span class='ocrx_word' id='word_1_44' title='bbox 515 805 685 859; x_wconf 85' lang='lat' dir='ltr'><strong>sancti</strong></span> <span class='ocrx_word' id='word_1_45' title='bbox 712 805 938 874; x_wconf 86' lang='lat' dir='ltr'><strong>Spiritus</strong></span> <span class='ocrx_word' id='word_1_46' title='bbox 965 805 1160 860; x_wconf 90' lang='lat' dir='ltr'><strong>virtute</strong></span> <span class='ocrx_word' id='word_1_47' title='bbox 1189 804 1332 867; x_wconf 87' lang='lat' dir='ltr'><strong>freti,</strong></span> <span class='ocrx_word' id='word_1_48' title='bbox 1366 813 1418 858; x_wconf 91' lang='lat' dir='ltr'><strong>et</strong></span> <span class='ocrx_word' id='word_1_49' title='bbox 1447 819 1569 858; x_wconf 90' lang='lat' dir='ltr'><strong>cum</strong></span> <span class='ocrx_word' id='word_1_50' title='bbox 1599 803 1946 859; x_wconf 89' lang='lat' dir='ltr'><strong>Severianitis</strong></span> <span class='ocrx_word' id='word_1_51' title='bbox 1969 803 2085 874; x_wconf 80' lang='lat'><strong>(7&#39;5)</strong></span> 
     </span>
    </p>
   </div>
   <div class='ocr_carea' id='block_1_9' title="bbox 517 897 2093 968">
    <p class='ocr_par' dir='ltr' id='par_1_9' title="bbox 517 897 2093 968">
     <span class='ocr_line' id='line_1_9' title="bbox 517 897 2093 968; baseline 0.001 -19"><span class='ocrx_word' id='word_1_52' title='bbox 517 913 578 951; x_wconf 88' lang='lat' dir='ltr'><strong>ac</strong></span> <span class='ocrx_word' id='word_1_53' title='bbox 607 900 815 952; x_wconf 73' lang='lat' dir='ltr'><strong>caeteris</strong></span> <span class='ocrx_word' id='word_1_54' title='bbox 841 899 978 953; x_wconf 88' lang='lat' dir='ltr'><strong>circa</strong></span> <span class='ocrx_word' id='word_1_55' title='bbox 1005 901 1276 968; x_wconf 84' lang='lat' dir='ltr'><strong>regionem</strong></span> <span class='ocrx_word' id='word_1_56' title='bbox 1297 898 1647 953; x_wconf 79' lang='lat' dir='ltr'><strong>existentibus</strong></span> <span class='ocrx_word' id='word_1_57' title='bbox 1668 898 1956 952; x_wconf 88' lang='lat' dir='ltr'><strong>immundis</strong></span> <span class='ocrx_word' id='word_1_58' title='bbox 1982 897 2093 951; x_wconf 64' lang='lat' dir='ltr'><strong>hie-</strong></span> 
     </span>
    </p>
   </div>
   <div class='ocr_carea' id='block_1_10' title="bbox 515 989 2093 1060">
    <p class='ocr_par' dir='ltr' id='par_1_10' title="bbox 515 989 2093 1060">
     <span class='ocr_line' id='line_1_10' title="bbox 515 989 2093 1060; baseline -0.001 -16"><span class='ocrx_word' id='word_1_59' title='bbox 515 993 694 1046; x_wconf 88' lang='lat' dir='ltr'><strong>reticis</strong></span> <span class='ocrx_word' id='word_1_60' title='bbox 725 993 979 1060; x_wconf 87' lang='lat' dir='ltr'><strong>sapientia</strong></span> <span class='ocrx_word' id='word_1_61' title='bbox 1003 993 1117 1046; x_wconf 84' lang='lat' dir='ltr'><strong>&#39;sua</strong></span> <span class='ocrx_word' id='word_1_62' title='bbox 1155 1006 1218 1046; x_wconf 90' lang='lat' dir='ltr'><strong>ac</strong></span> <span class='ocrx_word' id='word_1_63' title='bbox 1261 991 1706 1060; x_wconf 89' lang='lat' dir='ltr'><strong>disputationibus</strong></span> <span class='ocrx_word' id='word_1_64' title='bbox 1739 1005 1965 1060; x_wconf 79' lang='lat' dir='ltr'><strong>pugnam</strong></span> <span class='ocrx_word' id='word_1_65' title='bbox 1995 989 2093 1042; x_wconf 89' lang='lat' dir='ltr'><strong>ha-</strong></span> 
     </span>
    </p>
   </div>
   <div class='ocr_carea' id='block_1_11' title="bbox 516 1081 2092 1152">
    <p class='ocr_par' dir='ltr' id='par_1_11' title="bbox 516 1081 2092 1152">
     <span class='ocr_line' id='line_1_11' title="bbox 516 1081 2092 1152; baseline -0.001 -14"><span class='ocrx_word' id='word_1_66' title='bbox 516 1084 702 1138; x_wconf 86' lang='lat' dir='ltr'><strong>bentes</strong></span> <span class='ocrx_word' id='word_1_67' title='bbox 723 1083 1147 1151; x_wconf 83' lang='lat' dir='ltr'><strong>et-contiictum,</strong></span> <span class='ocrx_word' id='word_1_68' title='bbox 1189 1085 1349 1138; x_wconf 89' lang='lat' dir='ltr'><strong>multa</strong></span> <span class='ocrx_word' id='word_1_69' title='bbox 1395 1083 1606 1152; x_wconf 88' lang='lat' dir='ltr'><strong>quidem</strong></span> <span class='ocrx_word' id='word_1_70' title='bbox 1632 1083 1874 1150; x_wconf 88' lang='lat' dir='ltr'><strong>castella,</strong></span> <span class='ocrx_word' id='word_1_71' title='bbox 1901 1081 2092 1150; x_wconf 86' lang='lat' dir='ltr'><strong>plures-</strong></span> 
     </span>
    </p>
   </div>
   <div class='ocr_carea' id='block_1_12' title="bbox 516 1174 2086 1242">
    <p class='ocr_par' dir='ltr' id='par_1_12' title="bbox 516 1174 2086 1242">
     <span class='ocr_line' id='line_1_12' title="bbox 516 1174 2086 1242; baseline 0 -16"><span class='ocrx_word' id='word_1_72' title='bbox 516 1191 620 1242; x_wconf 86' lang='lat' dir='ltr'><strong>que</strong></span> <span class='ocrx_word' id='word_1_73' title='bbox 645 1175 918 1240; x_wconf 83' lang='lat' dir='ltr'><strong>ecclesias,</strong></span> <span class='ocrx_word' id='word_1_74' title='bbox 949 1176 1197 1230; x_wconf 87' lang='lat' dir='ltr'><strong>similiter</strong></span> <span class='ocrx_word' id='word_1_75' title='bbox 1235 1185 1288 1230; x_wconf 91' lang='lat' dir='ltr'><strong>et</strong></span> <span class='ocrx_word' id='word_1_76' title='bbox 1316 1176 1637 1230; x_wconf 89' lang='lat' dir='ltr'><strong>monasteria</strong></span> <span class='ocrx_word' id='word_1_77' title='bbox 1683 1176 1750 1228; x_wconf 90' lang='lat' dir='ltr'><strong>ab</strong></span> <span class='ocrx_word' id='word_1_78' title='bbox 1779 1188 1874 1229; x_wconf 91' lang='lat' dir='ltr'><strong>ore</strong></span> <span class='ocrx_word' id='word_1_79' title='bbox 1903 1174 2086 1228; x_wconf 90' lang='lat' dir='ltr'><strong>talium</strong></span> 
     </span>
    </p>
   </div>
   <div class='ocr_carea' id='block_1_13' title="bbox 516 1265 2089 1336">
    <p class='ocr_par' dir='ltr' id='par_1_13' title="bbox 516 1265 2089 1336">
     <span class='ocr_line' id='line_1_13' title="bbox 516 1265 2089 1336; baseline -0.001 -16"><span class='ocrx_word' id='word_1_80' title='bbox 516 1267 826 1329; x_wconf 81' lang='lat' dir='ltr'><strong>bestiarum,</strong></span> <span class='ocrx_word' id='word_1_81' title='bbox 865 1276 1112 1336; x_wconf 85' lang='lat' dir='ltr'><strong>tanquam</strong></span> <span class='ocrx_word' id='word_1_82' title='bbox 1149 1268 1271 1320; x_wconf 90' lang='lat' dir='ltr'><strong>boui</strong></span> <span class='ocrx_word' id='word_1_83' title='bbox 1303 1276 1542 1334; x_wconf 86' lang='lat' dir='ltr'><strong>pastores</strong></span> <span class='ocrx_word' id='word_1_84' title='bbox 1562 1309 1578 1333; x_wconf 95' lang='lat'><strong>,</strong></span> <span class='ocrx_word' id='word_1_85' title='bbox 1611 1266 1842 1321; x_wconf 82' lang='lat' dir='ltr'><strong>evellere</strong></span> <span class='ocrx_word' id='word_1_86' title='bbox 1871 1265 2089 1319; x_wconf 81' lang='lat' dir='ltr'><strong>studue-</strong></span> 
     </span>
    </p>
   </div>
   <div class='ocr_carea' id='block_1_14' title="bbox 515 1355 2083 1425">
    <p class='ocr_par' dir='ltr' id='par_1_14' title="bbox 515 1355 2083 1425">
     <span class='ocr_line' id='line_1_14' title="bbox 515 1355 2083 1425; baseline 0.001 -17"><span class='ocrx_word' id='word_1_87' title='bbox 515 1366 656 1423; x_wconf 89' lang='lat' dir='ltr'><strong>runt,</strong></span> <span class='ocrx_word' id='word_1_88' title='bbox 691 1365 906 1423; x_wconf 84' lang='lat' dir='ltr'><strong>propter</strong></span> <span class='ocrx_word' id='word_1_89' title='bbox 926 1356 1064 1425; x_wconf 92' lang='lat' dir='ltr'><strong>quod</strong></span> <span class='ocrx_word' id='word_1_90' title='bbox 1096 1365 1149 1409; x_wconf 92' lang='lat' dir='ltr'><strong>et</strong></span> <span class='ocrx_word' id='word_1_91' title='bbox 1174 1357 1403 1410; x_wconf 79' lang='lat' dir='ltr'><strong>maxime</strong></span> <span class='ocrx_word' id='word_1_92' title='bbox 1449 1355 1738 1424; x_wconf 90' lang='lat' dir='ltr'><strong>plurimum</strong></span> <span class='ocrx_word' id='word_1_93' title='bbox 1784 1355 2083 1410; x_wconf 87' lang='lat' dir='ltr'><strong>honorabat</strong></span> 
     </span>
    </p>
   </div>
   <div class='ocr_carea' id='block_1_15' title="bbox 514 1447 1545 1503">
    <p class='ocr_par' dir='ltr' id='par_1_15' title="bbox 514 1447 1545 1503">
     <span class='ocr_line' id='line_1_15' title="bbox 514 1447 1545 1503; baseline -0.001 -1"><span class='ocrx_word' id='word_1_94' title='bbox 514 1460 731 1503; x_wconf 73' lang='lat' dir='ltr'><strong>Sanctus</strong></span> <span class='ocrx_word' id='word_1_95' title='bbox 759 1448 856 1500; x_wconf 91' lang='lat' dir='ltr'><strong>hos</strong></span> <span class='ocrx_word' id='word_1_96' title='bbox 885 1447 974 1500; x_wconf 90' lang='lat' dir='ltr'><strong>ille</strong></span> <span class='ocrx_word' id='word_1_97' title='bbox 989 1461 1129 1501; x_wconf 64' lang='lat' dir='ltr'><strong>‘vere</strong></span> <span class='ocrx_word' id='word_1_98' title='bbox 1157 1448 1545 1501; x_wconf 88' lang='lat' dir='ltr'><strong>sanctissimus.</strong></span> 
     </span>
    </p>
   </div>
   <div class='ocr_carea' id='block_1_16' title="bbox 583 1537 2088 1607">
    <p class='ocr_par' dir='ltr' id='par_1_16' title="bbox 583 1537 2088 1607">
     <span class='ocr_line' id='line_1_16' title="bbox 583 1537 2088 1607; baseline -0.002 -15"><span class='ocrx_word' id='word_1_99' title='bbox 583 1541 714 1593; x_wconf 63' lang='lat' dir='ltr'><strong>Car.</strong></span> <span class='ocrx_word' id='word_1_100' title='bbox 749 1538 958 1593; x_wconf 85' lang='lat' dir='ltr'><strong>XXXII.</strong></span> <span class='ocrx_word' id='word_1_101' title='bbox 989 1538 1115 1592; x_wconf 88' lang='lat' dir='ltr'><strong>.-—Si</strong></span> <span class='ocrx_word' id='word_1_102' title='bbox 1131 1553 1256 1592; x_wconf 90' lang='lat' dir='ltr'><strong>vero</strong></span> <span class='ocrx_word' id='word_1_103' title='bbox 1276 1537 1466 1592; x_wconf 86' lang='lat' dir='ltr'><strong>alicubi</strong></span> <span class='ocrx_word' id='word_1_104' title='bbox 1483 1539 1711 1607; x_wconf 87' lang='lat' dir='ltr'><strong>aliquem</strong></span> <span class='ocrx_word' id='word_1_105' title='bbox 1729 1537 1919 1592; x_wconf 91' lang='lat' dir='ltr'><strong>durum</strong></span> <span class='ocrx_word' id='word_1_106' title='bbox 1939 1545 1994 1592; x_wconf 91' lang='lat' dir='ltr'><strong>et</strong></span> <span class='ocrx_word' id='word_1_107' title='bbox 2015 1537 2088 1591; x_wconf 92' lang='lat' dir='ltr'><strong>in-</strong></span> 
     </span>
    </p>
   </div>
   <div class='ocr_carea' id='block_1_17' title="bbox 518 1630 2087 1700">
    <p class='ocr_par' dir='ltr' id='par_1_17' title="bbox 518 1630 2087 1700">
     <span class='ocr_line' id='line_1_17' title="bbox 518 1630 2087 1700; baseline 0 -16"><span class='ocrx_word' id='word_1_108' title='bbox 518 1632 806 1685; x_wconf 88' lang='lat' dir='ltr'><strong>humanum</strong></span> <span class='ocrx_word' id='word_1_109' title='bbox 831 1640 885 1683; x_wconf 93' lang='lat' dir='ltr'><strong>et</strong></span> <span class='ocrx_word' id='word_1_110' title='bbox 925 1645 1292 1698; x_wconf 83' lang='lat' dir='ltr'><strong>percussorem</strong></span> <span class='ocrx_word' id='word_1_111' title='bbox 1315 1631 1455 1684; x_wconf 90' lang='lat' dir='ltr'><strong>circa</strong></span> <span class='ocrx_word' id='word_1_112' title='bbox 1479 1630 1722 1700; x_wconf 91' lang='lat' dir='ltr'><strong>proprios</strong></span> <span class='ocrx_word' id='word_1_113' title='bbox 1742 1646 1928 1686; x_wconf 89' lang='lat' dir='ltr'><strong>servos</strong></span> <span class='ocrx_word' id='word_1_114' title='bbox 1963 1645 2087 1685; x_wconf 90' lang='lat' dir='ltr'><strong>sen-</strong></span> 
     </span>
    </p>
   </div>
   <div class='ocr_carea' id='block_1_18' title="bbox 519 1721 2087 1789">
    <p class='ocr_par' dir='ltr' id='par_1_18' title="bbox 519 1721 2087 1789">
     <span class='ocr_line' id='line_1_18' title="bbox 519 1721 2087 1789; baseline -0.001 -12"><span class='ocrx_word' id='word_1_115' title='bbox 519 1724 685 1777; x_wconf 87' lang='lat' dir='ltr'><strong>tlebat</strong></span> <span class='ocrx_word' id='word_1_116' title='bbox 702 1722 790 1775; x_wconf 91' lang='lat' dir='ltr'><strong>ille</strong></span> <span class='ocrx_word' id='word_1_117' title='bbox 810 1723 1018 1785; x_wconf 84' lang='lat' dir='ltr'><strong>beatus,-</strong></span> <span class='ocrx_word' id='word_1_118' title='bbox 1036 1721 1175 1776; x_wconf 87' lang='lat' dir='ltr'><strong>hunc</strong></span> <span class='ocrx_word' id='word_1_119' title='bbox 1189 1723 1360 1788; x_wconf 88' lang='lat' dir='ltr'><strong>primo</strong></span> <span class='ocrx_word' id='word_1_120' title='bbox 1376 1723 1724 1789; x_wconf 86' lang='lat' dir='ltr'><strong>convocabat,</strong></span> <span class='ocrx_word' id='word_1_121' title='bbox 1748 1731 1933 1778; x_wconf 87' lang='lat' dir='ltr'><strong>etcum</strong></span> <span class='ocrx_word' id='word_1_122' title='bbox 1962 1723 2087 1776; x_wconf 91' lang='lat' dir='ltr'><strong>mul-</strong></span> 
     </span>
    </p>
   </div>
   <div class='ocr_carea' id='block_1_19' title="bbox 2198 520 3777 592">
    <p class='ocr_par' dir='ltr' id='par_1_19' title="bbox 2198 520 3777 592">
     <span class='ocr_line' id='line_1_19' title="bbox 2198 520 3777 592; baseline 0.004 -20"><span class='ocrx_word' id='word_1_123' title='bbox 2198 521 2360 588; x_wconf 87' lang='lat' dir='ltr'><strong>patris</strong></span> <span class='ocrx_word' id='word_1_124' title='bbox 2390 520 2507 589; x_wconf 77' lang='lat' dir='ltr'><strong>ejus</strong></span> <span class='ocrx_word' id='word_1_125' title='bbox 2536 521 2734 575; x_wconf 86' lang='lat' dir='ltr'><strong>inventi</strong></span> <span class='ocrx_word' id='word_1_126' title='bbox 2771 531 2896 575; x_wconf 90' lang='lat' dir='ltr'><strong>sunt</strong></span> <span class='ocrx_word' id='word_1_127' title='bbox 2935 530 3123 586; x_wconf 87' lang='lat' dir='ltr'><strong>testes,</strong></span> <span class='ocrx_word' id='word_1_128' title='bbox 3160 523 3285 589; x_wconf 85' lang='lat' dir='ltr'><strong>quia</strong></span> <span class='ocrx_word' id='word_1_129' title='bbox 3328 537 3430 575; x_wconf 90' lang='lat' dir='ltr'><strong>non</strong></span> <span class='ocrx_word' id='word_1_130' title='bbox 3461 523 3669 578; x_wconf 80' lang='lat' dir='ltr'><strong>dimisit</strong></span> <span class='ocrx_word' id='word_1_131' title='bbox 3699 526 3777 592; x_wconf 85' lang='lat' dir='ltr'><strong>ei,</strong></span> 
     </span>
    </p>
   </div>
   <div class='ocr_carea' id='block_1_20' title="bbox 2193 613 3776 684">
    <p class='ocr_par' dir='ltr' id='par_1_20' title="bbox 2193 613 3776 684">
     <span class='ocr_line' id='line_1_20' title="bbox 2193 613 3776 684; baseline 0.003 -19"><span class='ocrx_word' id='word_1_132' title='bbox 2193 613 2427 678; x_wconf 88' lang='lat' dir='ltr'><strong>domine,</strong></span> <span class='ocrx_word' id='word_1_133' title='bbox 2476 623 2628 682; x_wconf 87' lang='lat' dir='ltr'><strong>pater</strong></span> <span class='ocrx_word' id='word_1_134' title='bbox 2673 615 2789 683; x_wconf 90' lang='lat' dir='ltr'><strong>ejus</strong></span> <span class='ocrx_word' id='word_1_135' title='bbox 2820 615 3056 668; x_wconf 89' lang='lat' dir='ltr'><strong>moriens</strong></span> <span class='ocrx_word' id='word_1_136' title='bbox 3085 629 3257 684; x_wconf 89' lang='lat' dir='ltr'><strong>usque</strong></span> <span class='ocrx_word' id='word_1_137' title='bbox 3284 615 3350 667; x_wconf 93' lang='lat' dir='ltr'><strong>ad</strong></span> <span class='ocrx_word' id='word_1_138' title='bbox 3381 630 3542 668; x_wconf 92' lang='lat' dir='ltr'><strong>unum</strong></span> <span class='ocrx_word' id='word_1_139' title='bbox 3593 632 3776 670; x_wconf 86' lang='lat' dir='ltr'><strong>numi-</strong></span> 
     </span>
    </p>
   </div>
   <div class='ocr_carea' id='block_1_21' title="bbox 2194 702 3769 769">
    <p class='ocr_par' dir='ltr' id='par_1_21' title="bbox 2194 702 3769 769">
     <span class='ocr_line' id='line_1_21' title="bbox 2194 702 3769 769; baseline 0.005 -16"><span class='ocrx_word' id='word_1_140' title='bbox 2194 716 2344 769; x_wconf 90' lang='lat' dir='ltr'><strong>sma;</strong></span> <span class='ocrx_word' id='word_1_141' title='bbox 2396 703 2492 758; x_wconf 89' lang='lat' dir='ltr'><strong>sed</strong></span> <span class='ocrx_word' id='word_1_142' title='bbox 2539 703 2741 758; x_wconf 90' lang='lat' dir='ltr'><strong>habens</strong></span> <span class='ocrx_word' id='word_1_143' title='bbox 2785 702 2972 758; x_wconf 89' lang='lat' dir='ltr'><strong>decem</strong></span> <span class='ocrx_word' id='word_1_144' title='bbox 3021 703 3186 759; x_wconf 87' lang='lat' dir='ltr'><strong>libras</strong></span> <span class='ocrx_word' id='word_1_145' title='bbox 3216 704 3354 768; x_wconf 89' lang='lat' dir='ltr'><strong>auri,</strong></span> <span class='ocrx_word' id='word_1_146' title='bbox 3403 705 3619 760; x_wconf 88' lang='lat' dir='ltr'><strong>adducit</strong></span> <span class='ocrx_word' id='word_1_147' title='bbox 3649 723 3769 761; x_wconf 88' lang='lat' dir='ltr'><strong>eum</strong></span> 
     </span>
    </p>
   </div>
   <div class='ocr_carea' id='block_1_22' title="bbox 2194 795 3768 865">
    <p class='ocr_par' dir='ltr' id='par_1_22' title="bbox 2194 795 3768 865">
     <span class='ocr_line' id='line_1_22' title="bbox 2194 795 3768 865; baseline 0.003 -17"><span class='ocrx_word' id='word_1_148' title='bbox 2194 795 2304 865; x_wconf 91' lang='lat' dir='ltr'><strong>ipsa</strong></span> <span class='ocrx_word' id='word_1_149' title='bbox 2336 795 2462 849; x_wconf 88' lang='lat' dir='ltr'><strong>hora</strong></span> <span class='ocrx_word' id='word_1_150' title='bbox 2491 796 2702 864; x_wconf 91' lang='lat' dir='ltr'><strong>quando</strong></span> <span class='ocrx_word' id='word_1_151' title='bbox 2723 804 3097 849; x_wconf 85' lang='lat' dir='ltr'><strong>testamentum</strong></span> <span class='ocrx_word' id='word_1_152' title='bbox 3123 795 3414 860; x_wconf 88' lang='lat' dir='ltr'><strong>scribebat,</strong></span> <span class='ocrx_word' id='word_1_153' title='bbox 3437 807 3491 850; x_wconf 93' lang='lat' dir='ltr'><strong>et</strong></span> <span class='ocrx_word' id='word_1_154' title='bbox 3511 797 3641 850; x_wconf 88' lang='lat' dir='ltr'><strong>dicit</strong></span> <span class='ocrx_word' id='word_1_155' title='bbox 3674 800 3722 852; x_wconf 91' lang='lat' dir='ltr'><strong>ei</strong></span> <span class='ocrx_word' id='word_1_156' title='bbox 3755 818 3768 852; x_wconf 90' lang='lat'><strong>:</strong></span> 
     </span>
    </p>
   </div>
   <div class='ocr_carea' id='block_1_23' title="bbox 2194 884 3771 950">
    <p class='ocr_par' dir='ltr' id='par_1_23' title="bbox 2194 884 3771 950">
     <span class='ocr_line' id='line_1_23' title="bbox 2194 884 3771 950; baseline 0.001 -12"><span class='ocrx_word' id='word_1_157' title='bbox 2194 886 2302 938; x_wconf 89' lang='lat' dir='ltr'><strong>llas</strong></span> <span class='ocrx_word' id='word_1_158' title='bbox 2330 885 2514 940; x_wconf 90' lang='lat' dir='ltr'><strong>decem</strong></span> <span class='ocrx_word' id='word_1_159' title='bbox 2547 886 2706 939; x_wconf 88' lang='lat' dir='ltr'><strong>libras</strong></span> <span class='ocrx_word' id='word_1_160' title='bbox 2737 885 2894 949; x_wconf 88' lang='lat' dir='ltr'><strong>habe,</strong></span> <span class='ocrx_word' id='word_1_161' title='bbox 2917 884 3001 943; x_wconf 78' lang='lat' dir='ltr'><strong>Jili</strong></span> <span class='ocrx_word' id='word_1_162' title='bbox 3042 884 3134 938; x_wconf 90' lang='lat' dir='ltr'><strong>mi.</strong></span> <span class='ocrx_word' id='word_1_163' title='bbox 3168 884 3330 950; x_wconf 84' lang='lat' dir='ltr'><strong>Quid,</strong></span> <span class='ocrx_word' id='word_1_164' title='bbox 3378 886 3460 939; x_wconf 91' lang='lat' dir='ltr'><strong>vis</strong></span> <span class='ocrx_word' id='word_1_165' title='bbox 3504 886 3771 942; x_wconf 87' lang='lat' dir='ltr'><strong>dimittam</strong></span> 
     </span>
    </p>
   </div>
   <div class='ocr_carea' id='block_1_24' title="bbox 2194 976 3774 1045">
    <p class='ocr_par' dir='ltr' id='par_1_24' title="bbox 2194 976 3774 1045">
     <span class='ocr_line' id='line_1_24' title="bbox 2194 976 3774 1045; baseline 0 -13"><span class='ocrx_word' id='word_1_166' title='bbox 2194 978 2285 1033; x_wconf 85' lang='lat' dir='ltr'><strong>tibi</strong></span> <span class='ocrx_word' id='word_1_167' title='bbox 2317 978 2465 1041; x_wconf 86' lang='lat' dir='ltr'><strong>istas,</strong></span> <span class='ocrx_word' id='word_1_168' title='bbox 2495 990 2560 1030; x_wconf 89' lang='lat' dir='ltr'><strong>an</strong></span> <span class='ocrx_word' id='word_1_169' title='bbox 2591 977 2670 1031; x_wconf 87' lang='lat' dir='ltr'><strong>vis</strong></span> <span class='ocrx_word' id='word_1_170' title='bbox 2699 976 2982 1030; x_wconf 90' lang='lat' dir='ltr'><strong>Dominam</strong></span> <span class='ocrx_word' id='word_1_171' title='bbox 3012 991 3183 1029; x_wconf 86' lang='lat' dir='ltr'><strong>meam</strong></span> <span class='ocrx_word' id='word_1_172' title='bbox 3214 976 3308 1030; x_wconf 89' lang='lat' dir='ltr'><strong>Dei</strong></span> <span class='ocrx_word' id='word_1_173' title='bbox 3337 977 3652 1045; x_wconf 78' lang='lat' dir='ltr'><strong>genitricem</strong></span> <span class='ocrx_word' id='word_1_174' title='bbox 3675 994 3774 1033; x_wconf 88' lang='lat' dir='ltr'><strong>cu-</strong></span> 
     </span>
    </p>
   </div>
   <div class='ocr_carea' id='block_1_25' title="bbox 2192 1065 3764 1136">
    <p class='ocr_par' dir='ltr' id='par_1_25' title="bbox 2192 1065 3764 1136">
     <span class='ocr_line' id='line_1_25' title="bbox 2192 1065 3764 1136; baseline 0 -14"><span class='ocrx_word' id='word_1_175' title='bbox 2192 1078 2423 1122; x_wconf 86' lang='lat' dir='ltr'><strong>ratorem</strong></span> <span class='ocrx_word' id='word_1_176' title='bbox 2445 1076 2500 1120; x_wconf 89' lang='lat' dir='ltr'><strong>et</strong></span> <span class='ocrx_word' id='word_1_177' title='bbox 2525 1065 2889 1135; x_wconf 77' lang='lat' dir='ltr'><strong>provisorem?</strong></span> <span class='ocrx_word' id='word_1_178' title='bbox 2921 1065 3097 1120; x_wconf 88' lang='lat' dir='ltr'><strong>Puero</strong></span> <span class='ocrx_word' id='word_1_179' title='bbox 3120 1081 3248 1119; x_wconf 90' lang='lat' dir='ltr'><strong>vero</strong></span> <span class='ocrx_word' id='word_1_180' title='bbox 3269 1066 3504 1136; x_wconf 89' lang='lat' dir='ltr'><strong>eligente</strong></span> <span class='ocrx_word' id='word_1_181' title='bbox 3523 1076 3764 1122; x_wconf 87' lang='lat' dir='ltr'><strong>sanctam</strong></span> 
     </span>
    </p>
   </div>
   <div class='ocr_carea' id='block_1_26' title="bbox 2194 1158 3766 1230">
    <p class='ocr_par' dir='ltr' id='par_1_26' title="bbox 2194 1158 3766 1230">
     <span class='ocr_line' id='line_1_26' title="bbox 2194 1158 3766 1230; baseline 0.003 -17"><span class='ocrx_word' id='word_1_182' title='bbox 2194 1160 2288 1213; x_wconf 91' lang='lat' dir='ltr'><strong>Dei</strong></span> <span class='ocrx_word' id='word_1_183' title='bbox 2317 1158 2650 1229; x_wconf 82' lang='lat' dir='ltr'><strong>genitricem,</strong></span> <span class='ocrx_word' id='word_1_184' title='bbox 2705 1159 2959 1227; x_wconf 65' lang='lat' dir='ltr'><strong>praecepit</strong></span> <span class='ocrx_word' id='word_1_185' title='bbox 3008 1159 3136 1214; x_wconf 74' lang='lat' dir='ltr'><strong>dare</strong></span> <span class='ocrx_word' id='word_1_186' title='bbox 3184 1170 3374 1212; x_wconf 87' lang='lat' dir='ltr'><strong>cuncta</strong></span> <span class='ocrx_word' id='word_1_187' title='bbox 3428 1162 3766 1230; x_wconf 82' lang='lat' dir='ltr'><strong>pauperibus.</strong></span> 
     </span>
    </p>
   </div>
   <div class='ocr_carea' id='block_1_27' title="bbox 2192 1248 3760 1320">
    <p class='ocr_par' dir='ltr' id='par_1_27' title="bbox 2192 1248 3760 1320">
     <span class='ocr_line' id='line_1_27' title="bbox 2192 1248 3760 1320; baseline 0.001 -17"><span class='ocrx_word' id='word_1_188' title='bbox 2192 1249 2256 1303; x_wconf 83' lang='lat' dir='ltr'><strong>Et</strong></span> <span class='ocrx_word' id='word_1_189' title='bbox 2282 1264 2426 1312; x_wconf 88' lang='lat' dir='ltr'><strong>ecce,</strong></span> <span class='ocrx_word' id='word_1_190' title='bbox 2462 1250 2728 1317; x_wconf 90' lang='lat' dir='ltr'><strong>inquiunt,</strong></span> <span class='ocrx_word' id='word_1_191' title='bbox 2757 1248 3113 1313; x_wconf 85' lang='lat' dir='ltr'><strong>sanctissime,</strong></span> <span class='ocrx_word' id='word_1_192' title='bbox 3148 1248 3201 1303; x_wconf 93' lang='lat' dir='ltr'><strong>in</strong></span> <span class='ocrx_word' id='word_1_193' title='bbox 3232 1249 3399 1303; x_wconf 90' lang='lat' dir='ltr'><strong>multa</strong></span> <span class='ocrx_word' id='word_1_194' title='bbox 3428 1249 3603 1320; x_wconf 88' lang='lat' dir='ltr'><strong>inopia</strong></span> <span class='ocrx_word' id='word_1_195' title='bbox 3632 1267 3760 1306; x_wconf 89' lang='lat' dir='ltr'><strong>con-</strong></span> 
     </span>
    </p>
   </div>
   <div class='ocr_carea' id='block_1_28' title="bbox 2191 1339 3766 1406">
    <p class='ocr_par' dir='ltr' id='par_1_28' title="bbox 2191 1339 3766 1406">
     <span class='ocr_line' id='line_1_28' title="bbox 2191 1339 3766 1406; baseline -0.001 -11"><span class='ocrx_word' id='word_1_196' title='bbox 2191 1341 2354 1406; x_wconf 83' lang='lat' dir='ltr'><strong>sistit,</strong></span> <span class='ocrx_word' id='word_1_197' title='bbox 2397 1351 2553 1395; x_wconf 90' lang='lat' dir='ltr'><strong>nocte</strong></span> <span class='ocrx_word' id='word_1_198' title='bbox 2579 1355 2642 1395; x_wconf 90' lang='lat' dir='ltr'><strong>ac</strong></span> <span class='ocrx_word' id='word_1_199' title='bbox 2666 1339 2753 1394; x_wconf 91' lang='lat' dir='ltr'><strong>die</strong></span> <span class='ocrx_word' id='word_1_200' title='bbox 2776 1339 2994 1394; x_wconf 89' lang='lat' dir='ltr'><strong>domum</strong></span> <span class='ocrx_word' id='word_1_201' title='bbox 3036 1340 3278 1395; x_wconf 66' lang='lat' dir='ltr'><strong>Dominae</strong></span> <span class='ocrx_word' id='word_1_202' title='bbox 3309 1351 3511 1396; x_wconf 68' lang='lat' dir='ltr'><strong>nostra:</strong></span> <span class='ocrx_word' id='word_1_203' title='bbox 3540 1358 3638 1396; x_wconf 92' lang='lat' dir='ltr'><strong>non</strong></span> <span class='ocrx_word' id='word_1_204' title='bbox 3667 1345 3766 1396; x_wconf 89' lang='lat' dir='ltr'><strong>de-</strong></span> 
     </span>
    </p>
   </div>
   <div class='ocr_carea' id='block_1_29' title="bbox 2189 1433 3766 1503">
    <p class='ocr_par' dir='ltr' id='par_1_29' title="bbox 2189 1433 3766 1503">
     <span class='ocr_line' id='line_1_29' title="bbox 2189 1433 3766 1503; baseline -0.001 -13"><span class='ocrx_word' id='word_1_205' title='bbox 2189 1451 2395 1490; x_wconf 86' lang='lat' dir='ltr'><strong>serens.</strong></span> <span class='ocrx_word' id='word_1_206' title='bbox 2425 1435 2559 1488; x_wconf 89' lang='lat' dir='ltr'><strong>Cum</strong></span> <span class='ocrx_word' id='word_1_207' title='bbox 2602 1448 2730 1503; x_wconf 89' lang='lat' dir='ltr'><strong>ergo</strong></span> <span class='ocrx_word' id='word_1_208' title='bbox 2759 1433 2874 1488; x_wconf 61' lang='lat' dir='ltr'><strong>hac</strong></span> <span class='ocrx_word' id='word_1_209' title='bbox 2902 1433 3132 1488; x_wconf 83' lang='lat' dir='ltr'><strong>audisset</strong></span> <span class='ocrx_word' id='word_1_210' title='bbox 3168 1448 3196 1486; x_wconf 91' lang='lat' dir='ltr'><strong>a</strong></span> <span class='ocrx_word' id='word_1_211' title='bbox 3229 1433 3526 1489; x_wconf 86' lang='lat' dir='ltr'><strong>scientibus</strong></span> <span class='ocrx_word' id='word_1_212' title='bbox 3554 1445 3766 1490; x_wconf 82' lang='lat' dir='ltr'><strong>sanctus</strong></span> 
     </span>
    </p>
   </div>
   <div class='ocr_carea' id='block_1_30' title="bbox 2192 1524 3769 1596">
    <p class='ocr_par' dir='ltr' id='par_1_30' title="bbox 2192 1524 3769 1596">
     <span class='ocr_line' id='line_1_30' title="bbox 2192 1524 3769 1596; baseline 0 -18"><span class='ocrx_word' id='word_1_213' title='bbox 2192 1527 2298 1593; x_wconf 89' lang='lat' dir='ltr'><strong>hic,</strong></span> <span class='ocrx_word' id='word_1_214' title='bbox 2332 1527 2528 1580; x_wconf 86' lang='lat' dir='ltr'><strong>nemini</strong></span> <span class='ocrx_word' id='word_1_215' title='bbox 2571 1526 2770 1596; x_wconf 90' lang='lat' dir='ltr'><strong>aliquid</strong></span> <span class='ocrx_word' id='word_1_216' title='bbox 2801 1525 3007 1590; x_wconf 89' lang='lat' dir='ltr'><strong>dicens,</strong></span> <span class='ocrx_word' id='word_1_217' title='bbox 3039 1524 3261 1579; x_wconf 89' lang='lat' dir='ltr'><strong>adducit</strong></span> <span class='ocrx_word' id='word_1_218' title='bbox 3287 1525 3574 1595; x_wconf 88' lang='lat' dir='ltr'><strong>quemdam</strong></span> <span class='ocrx_word' id='word_1_219' title='bbox 3605 1526 3769 1578; x_wconf 88' lang='lat' dir='ltr'><strong>tabel-</strong></span> 
     </span>
    </p>
   </div>
   <div class='ocr_carea' id='block_1_31' title="bbox 2191 1618 3772 1682">
    <p class='ocr_par' dir='ltr' id='par_1_31' title="bbox 2191 1618 3772 1682">
     <span class='ocr_line' id='line_1_31' title="bbox 2191 1618 3772 1682; baseline 0 -11"><span class='ocrx_word' id='word_1_220' title='bbox 2191 1619 2430 1682; x_wconf 89' lang='lat' dir='ltr'><strong>lionem;</strong></span> <span class='ocrx_word' id='word_1_221' title='bbox 2483 1629 2536 1672; x_wconf 91' lang='lat' dir='ltr'><strong>et</strong></span> <span class='ocrx_word' id='word_1_222' title='bbox 2585 1618 2834 1672; x_wconf 88' lang='lat' dir='ltr'><strong>narrabat</strong></span> <span class='ocrx_word' id='word_1_223' title='bbox 2881 1619 2928 1672; x_wconf 93' lang='lat' dir='ltr'><strong>ei</strong></span> <span class='ocrx_word' id='word_1_224' title='bbox 2964 1633 3098 1680; x_wconf 92' lang='lat' dir='ltr'><strong>rem,</strong></span> <span class='ocrx_word' id='word_1_225' title='bbox 3148 1620 3282 1671; x_wconf 89' lang='lat' dir='ltr'><strong>dans</strong></span> <span class='ocrx_word' id='word_1_226' title='bbox 3309 1618 3362 1672; x_wconf 92' lang='lat' dir='ltr'><strong>ei</strong></span> <span class='ocrx_word' id='word_1_227' title='bbox 3401 1619 3684 1672; x_wconf 91' lang='lat' dir='ltr'><strong>terminum</strong></span> <span class='ocrx_word' id='word_1_228' title='bbox 3713 1628 3772 1671; x_wconf 80' lang='lat' dir='ltr'><strong>ut</strong></span> 
     </span>
    </p>
   </div>
   <div class='ocr_carea' id='block_1_32' title="bbox 2190 1710 3771 1780">
    <p class='ocr_par' dir='ltr' id='par_1_32' title="bbox 2190 1710 3771 1780">
     <span class='ocr_line' id='line_1_32' title="bbox 2190 1710 3771 1780; baseline -0.002 -16"><span class='ocrx_word' id='word_1_229' title='bbox 2190 1711 2321 1764; x_wconf 85' lang='lat' dir='ltr'><strong>nulli</strong></span> <span class='ocrx_word' id='word_1_230' title='bbox 2351 1712 2598 1766; x_wconf 88' lang='lat' dir='ltr'><strong>crederet</strong></span> <span class='ocrx_word' id='word_1_231' title='bbox 2628 1724 2785 1779; x_wconf 90' lang='lat' dir='ltr'><strong>quam</strong></span> <span class='ocrx_word' id='word_1_232' title='bbox 2829 1710 3084 1780; x_wconf 69' lang='lat' dir='ltr'><strong>praecepit</strong></span> <span class='ocrx_word' id='word_1_233' title='bbox 3121 1712 3172 1764; x_wconf 89' lang='lat' dir='ltr'><strong>ei</strong></span> <span class='ocrx_word' id='word_1_234' title='bbox 3216 1710 3388 1764; x_wconf 87' lang='lat' dir='ltr'><strong>facere</strong></span> <span class='ocrx_word' id='word_1_235' title='bbox 3415 1726 3548 1777; x_wconf 91' lang='lat' dir='ltr'><strong>rem,</strong></span> <span class='ocrx_word' id='word_1_236' title='bbox 3583 1710 3771 1763; x_wconf 88' lang='lat' dir='ltr'><strong>dicens</strong></span> 
     </span>
    </p>
   </div>
   <div class='ocr_carea' id='block_1_33' title="bbox 516 1801 3769 1884">
    <p class='ocr_par' dir='ltr' id='par_1_33' title="bbox 516 1801 3769 1884">
     <span class='ocr_line' id='line_1_33' title="bbox 516 1801 3769 1884; baseline -0.005 -16"><span class='ocrx_word' id='word_1_237' title='bbox 516 1824 565 1868; x_wconf 87' lang='lat' dir='ltr'><strong>ta</strong></span> <span class='ocrx_word' id='word_1_238' title='bbox 591 1813 804 1867; x_wconf 89' lang='lat' dir='ltr'><strong>lenitate</strong></span> <span class='ocrx_word' id='word_1_239' title='bbox 823 1814 1058 1882; x_wconf 75' lang='lat' dir='ltr'><strong>rogabat,</strong></span> <span class='ocrx_word' id='word_1_240' title='bbox 1076 1813 1426 1878; x_wconf 79' lang='lat' dir='ltr'><strong>tlicenstili,</strong></span> <span class='ocrx_word' id='word_1_241' title='bbox 1445 1814 1590 1868; x_wconf 85' lang='lat' dir='ltr'><strong>venit</strong></span> <span class='ocrx_word' id='word_1_242' title='bbox 1610 1814 1820 1884; x_wconf 87' lang='lat' dir='ltr'><strong>quidem</strong></span> <span class='ocrx_word' id='word_1_243' title='bbox 1839 1815 1906 1868; x_wconf 85' lang='lat' dir='ltr'><strong>ad</strong></span> <span class='ocrx_word' id='word_1_244' title='bbox 1929 1828 2086 1868; x_wconf 77' lang='lat' dir='ltr'><strong>aures</strong></span> <span class='ocrx_word' id='word_1_245' title='bbox 2118 1812 2163 1873; x_wconf 84' lang='grc' dir='ltr'><strong>Β</strong></span> <span class='ocrx_word' id='word_1_246' title='bbox 2193 1804 2242 1859; x_wconf 91' lang='lat' dir='ltr'><strong>ei</strong></span> <span class='ocrx_word' id='word_1_247' title='bbox 2271 1821 2282 1855; x_wconf 88' lang='lat'>:</span> <span class='ocrx_word' id='word_1_248' title='bbox 2313 1803 2476 1868; x_wconf 89' lang='lat' dir='ltr'><strong>Vade,</strong></span> <span class='ocrx_word' id='word_1_249' title='bbox 2501 1805 2623 1856; x_wconf 90' lang='lat' dir='ltr'><strong>etin</strong></span> <span class='ocrx_word' id='word_1_250' title='bbox 2645 1802 2914 1857; x_wconf 82' lang='lat' dir='ltr'><strong>veteribus</strong></span> <span class='ocrx_word' id='word_1_251' title='bbox 2931 1801 3190 1856; x_wconf 83' lang='lat' dir='ltr'><strong>chartulis</strong></span> <span class='ocrx_word' id='word_1_252' title='bbox 3204 1802 3374 1857; x_wconf 89' lang='lat' dir='ltr'><strong>scribe</strong></span> <span class='ocrx_word' id='word_1_253' title='bbox 3387 1810 3769 1856; x_wconf 88' lang='lat' dir='ltr'><strong>testamentum</strong></span> 
     </span>
    </p>
   </div>
   <div class='ocr_carea' id='block_1_34' title="bbox 517 1907 2085 1976">
    <p class='ocr_par' dir='ltr' id='par_1_34' title="bbox 517 1907 2085 1976">
     <span class='ocr_line' id='line_1_34' title="bbox 517 1907 2085 1976; baseline 0 -16"><span class='ocrx_word' id='word_1_254' title='bbox 517 1907 842 1974; x_wconf 85' lang='lat' dir='ltr'><strong>peccatrices</strong></span> <span class='ocrx_word' id='word_1_255' title='bbox 859 1921 1003 1961; x_wconf 90' lang='lat' dir='ltr'><strong>meas</strong></span> <span class='ocrx_word' id='word_1_256' title='bbox 1029 1907 1168 1974; x_wconf 91' lang='lat' dir='ltr'><strong>quod</strong></span> <span class='ocrx_word' id='word_1_257' title='bbox 1192 1923 1255 1961; x_wconf 72' lang='lat' dir='ltr'><strong>ex</strong></span> <span class='ocrx_word' id='word_1_258' title='bbox 1275 1909 1583 1976; x_wconf 82' lang='lat' dir='ltr'><strong>operatione</strong></span> <span class='ocrx_word' id='word_1_259' title='bbox 1599 1907 1795 1961; x_wconf 88' lang='lat' dir='ltr'><strong>inimici</strong></span> <span class='ocrx_word' id='word_1_260' title='bbox 1821 1907 2085 1960; x_wconf 89' lang='lat' dir='ltr'><strong>modicum</strong></span> 
     </span>
    </p>
   </div>
   <div class='ocr_carea' id='block_1_35' title="bbox 514 1997 2082 2069">
    <p class='ocr_par' dir='ltr' id='par_1_35' title="bbox 514 1997 2082 2069">
     <span class='ocr_line' id='line_1_35' title="bbox 514 1997 2082 2069; baseline 0 -19"><span class='ocrx_word' id='word_1_261' title='bbox 514 1998 697 2051; x_wconf 86' lang='lat' dir='ltr'><strong>durius</strong></span> <span class='ocrx_word' id='word_1_262' title='bbox 731 1999 869 2051; x_wconf 89' lang='lat' dir='ltr'><strong>circa</strong></span> <span class='ocrx_word' id='word_1_263' title='bbox 901 1997 1145 2066; x_wconf 89' lang='lat' dir='ltr'><strong>proprios</strong></span> <span class='ocrx_word' id='word_1_264' title='bbox 1173 2012 1364 2065; x_wconf 90' lang='lat' dir='ltr'><strong>pueros</strong></span> <span class='ocrx_word' id='word_1_265' title='bbox 1395 2007 1511 2052; x_wconf 88' lang='lat' dir='ltr'><strong>tuos</strong></span> <span class='ocrx_word' id='word_1_266' title='bbox 1543 1997 1751 2062; x_wconf 91' lang='lat' dir='ltr'><strong>feraris;</strong></span> <span class='ocrx_word' id='word_1_267' title='bbox 1785 1999 1900 2064; x_wconf 90' lang='lat' dir='ltr'><strong>sed,</strong></span> <span class='ocrx_word' id='word_1_268' title='bbox 1929 2013 2082 2069; x_wconf 87' lang='lat' dir='ltr'><strong>rogo,</strong></span> 
     </span>
    </p>
   </div>
   <div class='ocr_carea' id='block_1_36' title="bbox 514 2088 2087 2156">
    <p class='ocr_par' dir='ltr' id='par_1_36' title="bbox 514 2088 2087 2156">
     <span class='ocr_line' id='line_1_36' title="bbox 514 2088 2087 2156; baseline 0 -14"><span class='ocrx_word' id='word_1_269' title='bbox 514 2089 609 2142; x_wconf 88' lang='lat' dir='ltr'><strong>des</strong></span> <span class='ocrx_word' id='word_1_270' title='bbox 652 2089 832 2143; x_wconf 25' lang='lat' dir='ltr'><strong>locum!</strong></span> <span class='ocrx_word' id='word_1_271' title='bbox 857 2089 969 2142; x_wconf 75' lang='lat' dir='ltr'><strong>inte.</strong></span> <span class='ocrx_word' id='word_1_272' title='bbox 992 2088 1116 2142; x_wconf 55' lang='lat' dir='ltr'><strong>&#39;Non</strong></span> <span class='ocrx_word' id='word_1_273' title='bbox 1143 2089 1285 2142; x_wconf 89' lang='lat' dir='ltr'><strong>enim</strong></span> <span class='ocrx_word' id='word_1_274' title='bbox 1320 2097 1375 2142; x_wconf 90' lang='lat' dir='ltr'><strong>ut</strong></span> <span class='ocrx_word' id='word_1_275' title='bbox 1402 2089 1764 2156; x_wconf 89' lang='lat' dir='ltr'><strong>percutiamtts</strong></span> <span class='ocrx_word' id='word_1_276' title='bbox 1794 2104 1909 2156; x_wconf 87' lang='lat' dir='ltr'><strong>eos,</strong></span> <span class='ocrx_word' id='word_1_277' title='bbox 1941 2089 2087 2144; x_wconf 89' lang='lat' dir='ltr'><strong>dedit</strong></span> 
     </span>
    </p>
   </div>
   <div class='ocr_carea' id='block_1_37' title="bbox 515 2180 2086 2246">
    <p class='ocr_par' dir='ltr' id='par_1_37' title="bbox 515 2180 2086 2246">
     <span class='ocr_line' id='line_1_37' title="bbox 515 2180 2086 2246; baseline 0.002 -12"><span class='ocrx_word' id='word_1_278' title='bbox 515 2182 670 2237; x_wconf 90' lang='lat' dir='ltr'><strong>nobis</strong></span> <span class='ocrx_word' id='word_1_279' title='bbox 715 2181 810 2236; x_wconf 89' lang='lat' dir='ltr'><strong>hos</strong></span> <span class='ocrx_word' id='word_1_280' title='bbox 837 2180 996 2246; x_wconf 88' lang='lat' dir='ltr'><strong>Deus,</strong></span> <span class='ocrx_word' id='word_1_281' title='bbox 1027 2181 1121 2235; x_wconf 91' lang='lat' dir='ltr'><strong>sed</strong></span> <span class='ocrx_word' id='word_1_282' title='bbox 1165 2187 1221 2234; x_wconf 86' lang='lat' dir='ltr'><strong>ut</strong></span> <span class='ocrx_word' id='word_1_283' title='bbox 1250 2181 1503 2235; x_wconf 84' lang='lat' dir='ltr'><strong>serviant.</strong></span> <span class='ocrx_word' id='word_1_284' title='bbox 1539 2180 1788 2236; x_wconf 89' lang='lat' dir='ltr'><strong>Fortasse</strong></span> <span class='ocrx_word' id='word_1_285' title='bbox 1817 2195 1944 2236; x_wconf 90' lang='lat' dir='ltr'><strong>vero</strong></span> <span class='ocrx_word' id='word_1_286' title='bbox 1985 2195 2086 2237; x_wconf 87' lang='lat' dir='ltr'><strong>nec</strong></span> 
     </span>
    </p>
   </div>
   <div class='ocr_carea' id='block_1_38' title="bbox 513 2273 2084 2345">
    <p class='ocr_par' dir='ltr' id='par_1_38' title="bbox 513 2273 2084 2345">
     <span class='ocr_line' id='line_1_38' title="bbox 513 2273 2084 2345; baseline 0.001 -17"><span class='ocrx_word' id='word_1_287' title='bbox 513 2285 732 2342; x_wconf 90' lang='lat' dir='ltr'><strong>propter</strong></span> <span class='ocrx_word' id='word_1_288' title='bbox 753 2275 880 2337; x_wconf 92' lang='lat' dir='ltr'><strong>hoc,</strong></span> <span class='ocrx_word' id='word_1_289' title='bbox 924 2273 1019 2328; x_wconf 89' lang='lat' dir='ltr'><strong>sed</strong></span> <span class='ocrx_word' id='word_1_290' title='bbox 1046 2282 1486 2329; x_wconf 89' lang='lat' dir='ltr'><strong>ntsustententur</strong></span> <span class='ocrx_word' id='word_1_291' title='bbox 1511 2289 1541 2328; x_wconf 94' lang='lat' dir='ltr'><strong>a</strong></span> <span class='ocrx_word' id='word_1_292' title='bbox 1580 2275 1754 2338; x_wconf 87' lang='lat' dir='ltr'><strong>nobis,</strong></span> <span class='ocrx_word' id='word_1_293' title='bbox 1786 2291 1852 2329; x_wconf 75' lang='lat' dir='ltr'><strong>ex</strong></span> <span class='ocrx_word' id='word_1_294' title='bbox 1889 2275 2084 2345; x_wconf 87' lang='lat' dir='ltr'><strong>quibus</strong></span> 
     </span>
    </p>
   </div>
   <div class='ocr_carea' id='block_1_39' title="bbox 515 2361 2082 2439">
    <p class='ocr_par' dir='ltr' id='par_1_39' title="bbox 515 2361 2082 2439">
     <span class='ocr_line' id='line_1_39' title="bbox 515 2361 2082 2439; baseline 0.001 -19"><span class='ocrx_word' id='word_1_295' title='bbox 515 2369 671 2439; x_wconf 77' lang='lat'><strong>196</strong></span> <span class='ocrx_word' id='word_1_296' title='bbox 702 2368 844 2421; x_wconf 79' lang='lat' dir='ltr'><strong>Deus</strong></span> <span class='ocrx_word' id='word_1_297' title='bbox 875 2365 1118 2435; x_wconf 69' lang='lat' dir='ltr'><strong>prmstitit</strong></span> <span class='ocrx_word' id='word_1_298' title='bbox 1159 2366 1334 2420; x_wconf 89' lang='lat' dir='ltr'><strong>nobis.</strong></span> <span class='ocrx_word' id='word_1_299' title='bbox 1385 2361 1522 2431; x_wconf 82' lang='lat' dir='ltr'><strong>Quid</strong></span> <span class='ocrx_word' id='word_1_300' title='bbox 1565 2367 1705 2418; x_wconf 87' lang='lat' dir='ltr'><strong>enim</strong></span> <span class='ocrx_word' id='word_1_301' title='bbox 1736 2366 1880 2436; x_wconf 89' lang='lat' dir='ltr'><strong>(edic</strong></span> <span class='ocrx_word' id='word_1_302' title='bbox 1929 2366 2082 2436; x_wconf 89' lang='lat' dir='ltr'><strong>mihi)</strong></span> 
     </span>
    </p>
   </div>
   <div class='ocr_carea' id='block_1_40' title="bbox 513 2456 2083 2525">
    <p class='ocr_par' dir='ltr' id='par_1_40' title="bbox 513 2456 2083 2525">
     <span class='ocr_line' id='line_1_40' title="bbox 513 2456 2083 2525; baseline -0.002 -11"><span class='ocrx_word' id='word_1_303' title='bbox 513 2471 567 2515; x_wconf 91' lang='lat' dir='ltr'><strong>et</strong></span> <span class='ocrx_word' id='word_1_304' title='bbox 596 2461 744 2513; x_wconf 82' lang='lat' dir='ltr'><strong>dedit</strong></span> <span class='ocrx_word' id='word_1_305' title='bbox 773 2461 964 2522; x_wconf 82' lang='lat' dir='ltr'><strong>homo,</strong></span> <span class='ocrx_word' id='word_1_306' title='bbox 1005 2466 1058 2511; x_wconf 92' lang='lat' dir='ltr'><strong>et</strong></span> <span class='ocrx_word' id='word_1_307' title='bbox 1089 2456 1218 2510; x_wconf 90' lang='lat' dir='ltr'><strong>emit</strong></span> <span class='ocrx_word' id='word_1_308' title='bbox 1248 2472 1368 2510; x_wconf 91' lang='lat' dir='ltr'><strong>eum</strong></span> <span class='ocrx_word' id='word_1_309' title='bbox 1389 2456 1488 2525; x_wconf 86' lang='lat' dir='ltr'><strong>qui</strong></span> <span class='ocrx_word' id='word_1_310' title='bbox 1516 2456 1582 2510; x_wconf 90' lang='lat' dir='ltr'><strong>ad</strong></span> <span class='ocrx_word' id='word_1_311' title='bbox 1607 2458 1892 2525; x_wconf 74' lang='lat' dir='ltr'><strong>imaginem</strong></span> <span class='ocrx_word' id='word_1_312' title='bbox 1923 2468 1976 2511; x_wconf 91' lang='lat' dir='ltr'><strong>et</strong></span> <span class='ocrx_word' id='word_1_313' title='bbox 2005 2456 2083 2511; x_wconf 87' lang='lat' dir='ltr'><strong>si-</strong></span> 
     </span>
    </p>
   </div>
   <div class='ocr_carea' id='block_1_41' title="bbox 513 2548 2083 2617">
    <p class='ocr_par' dir='ltr' id='par_1_41' title="bbox 513 2548 2083 2617">
     <span class='ocr_line' id='line_1_41' title="bbox 513 2548 2083 2617; baseline 0 -14"><span class='ocrx_word' id='word_1_314' title='bbox 513 2549 865 2604; x_wconf 80' lang='lat' dir='ltr'><strong>nti-litudinem</strong></span> <span class='ocrx_word' id='word_1_315' title='bbox 891 2548 990 2601; x_wconf 83' lang='lat' dir='ltr'><strong>Dei</strong></span> <span class='ocrx_word' id='word_1_316' title='bbox 1016 2559 1242 2601; x_wconf 82' lang='lat' dir='ltr'><strong>creatus</strong></span> <span class='ocrx_word' id='word_1_317' title='bbox 1267 2556 1326 2602; x_wconf 87' lang='lat' dir='ltr'><strong>et</strong></span> <span class='ocrx_word' id='word_1_318' title='bbox 1374 2548 1672 2600; x_wconf 85' lang='lat' dir='ltr'><strong>honoratus</strong></span> <span class='ocrx_word' id='word_1_319' title='bbox 1693 2548 1807 2602; x_wconf 90' lang='lat' dir='ltr'><strong>est?</strong></span> <span class='ocrx_word' id='word_1_320' title='bbox 1834 2548 2083 2617; x_wconf 86' lang='lat' dir='ltr'><strong>Nunquid</strong></span> 
     </span>
    </p>
   </div>
   <div class='ocr_carea' id='block_1_42' title="bbox 505 2635 2081 2708">
    <p class='ocr_par' dir='ltr' id='par_1_42' title="bbox 505 2635 2081 2708">
     <span class='ocr_line' id='line_1_42' title="bbox 505 2635 2081 2708; baseline -0.001 -12"><span class='ocrx_word' id='word_1_321' title='bbox 505 2642 654 2696; x_wconf 83' lang='lat' dir='ltr'><strong>enim</strong></span> <span class='ocrx_word' id='word_1_322' title='bbox 711 2649 791 2707; x_wconf 92' lang='lat' dir='ltr'><strong>tu,</strong></span> <span class='ocrx_word' id='word_1_323' title='bbox 846 2640 1091 2693; x_wconf 89' lang='lat' dir='ltr'><strong>dominus</strong></span> <span class='ocrx_word' id='word_1_324' title='bbox 1135 2635 1279 2708; x_wconf 80' lang='lat' dir='ltr'><strong>ejus,</strong></span> <span class='ocrx_word' id='word_1_325' title='bbox 1332 2638 1536 2708; x_wconf 63' lang='lat' dir='ltr'><strong>&quot;aliquid</strong></span> <span class='ocrx_word' id='word_1_326' title='bbox 1589 2640 1704 2706; x_wconf 83' lang='lat' dir='ltr'><strong>plus</strong></span> <span class='ocrx_word' id='word_1_327' title='bbox 1759 2639 1997 2707; x_wconf 89' lang='lat' dir='ltr'><strong>possides</strong></span> <span class='ocrx_word' id='word_1_328' title='bbox 2028 2640 2081 2694; x_wconf 86' lang='lat' dir='ltr'><strong>in</strong></span> 
     </span>
    </p>
   </div>
   <div class='ocr_carea' id='block_1_43' title="bbox 510 2731 2080 2802">
    <p class='ocr_par' dir='ltr' id='par_1_43' title="bbox 510 2731 2080 2802">
     <span class='ocr_line' id='line_1_43' title="bbox 510 2731 2080 2802; baseline 0 -17"><span class='ocrx_word' id='word_1_329' title='bbox 510 2733 723 2802; x_wconf 86' lang='lat' dir='ltr'><strong>proprio</strong></span> <span class='ocrx_word' id='word_1_330' title='bbox 766 2745 1010 2798; x_wconf 91' lang='lat' dir='ltr'><strong>corpore,</strong></span> <span class='ocrx_word' id='word_1_331' title='bbox 1053 2739 1266 2784; x_wconf 88' lang='lat' dir='ltr'><strong>manum</strong></span> <span class='ocrx_word' id='word_1_332' title='bbox 1307 2739 1398 2784; x_wconf 86' lang='lat' dir='ltr'><strong>aut</strong></span> <span class='ocrx_word' id='word_1_333' title='bbox 1441 2731 1650 2800; x_wconf 85' lang='lat' dir='ltr'><strong>pedem,</strong></span> <span class='ocrx_word' id='word_1_334' title='bbox 1699 2731 1781 2785; x_wconf 90' lang='lat' dir='ltr'><strong>vel</strong></span> <span class='ocrx_word' id='word_1_335' title='bbox 1823 2732 2080 2799; x_wconf 81' lang='lat' dir='ltr'><strong>auditum,</strong></span> 
     </span>
    </p>
   </div>
   <div class='ocr_carea' id='block_1_44' title="bbox 511 2821 2081 2890">
    <p class='ocr_par' dir='ltr' id='par_1_44' title="bbox 511 2821 2081 2890">
     <span class='ocr_line' id='line_1_44' title="bbox 511 2821 2081 2890; baseline 0 -13"><span class='ocrx_word' id='word_1_336' title='bbox 511 2833 603 2878; x_wconf 88' lang='lat' dir='ltr'><strong>ant</strong></span> <span class='ocrx_word' id='word_1_337' title='bbox 625 2823 889 2877; x_wconf 85' lang='lat' dir='ltr'><strong>animam?</strong></span> <span class='ocrx_word' id='word_1_338' title='bbox 918 2821 1161 2890; x_wconf 86' lang='lat' dir='ltr'><strong>Nunquid</strong></span> <span class='ocrx_word' id='word_1_339' title='bbox 1186 2836 1292 2876; x_wconf 90' lang='lat' dir='ltr'><strong>non</strong></span> <span class='ocrx_word' id='word_1_340' title='bbox 1315 2821 1614 2876; x_wconf 81' lang='lat' dir='ltr'><strong>similisest</strong></span> <span class='ocrx_word' id='word_1_341' title='bbox 1638 2821 1731 2874; x_wconf 84' lang='lat' dir='ltr'><strong>tibi</strong></span> <span class='ocrx_word' id='word_1_342' title='bbox 1757 2837 1850 2890; x_wconf 91' lang='lat' dir='ltr'><strong>per</strong></span> <span class='ocrx_word' id='word_1_343' title='bbox 1872 2822 2081 2877; x_wconf 82' lang='lat' dir='ltr'><strong>omnia?</strong></span> 
     </span>
    </p>
   </div>
   <div class='ocr_carea' id='block_1_45' title="bbox 510 2912 2083 2985">
    <p class='ocr_par' dir='ltr' id='par_1_45' title="bbox 510 2912 2083 2985">
     <span class='ocr_line' id='line_1_45' title="bbox 510 2912 2083 2985; baseline -0.001 -13"><span class='ocrx_word' id='word_1_344' title='bbox 510 2919 646 2972; x_wconf 73' lang='lat' dir='ltr'><strong>Audi</strong></span> <span class='ocrx_word' id='word_1_345' title='bbox 668 2919 856 2972; x_wconf 87' lang='lat' dir='ltr'><strong>&#39;lumen</strong></span> <span class='ocrx_word' id='word_1_346' title='bbox 883 2917 1200 2985; x_wconf 74' lang='lat' dir='ltr'><strong>gloriosum,</strong></span> <span class='ocrx_word' id='word_1_347' title='bbox 1221 2912 1454 2969; x_wconf 65' lang='lat' dir='ltr'><strong>Paulum</strong></span> <span class='ocrx_word' id='word_1_348' title='bbox 1485 2914 1748 2970; x_wconf 83' lang='lat' dir='ltr'><strong>dicentem</strong></span> <span class='ocrx_word' id='word_1_349' title='bbox 1777 2934 1788 2968; x_wconf 94' lang='lat'><strong>:</strong></span> <span class='ocrx_word' id='word_1_350' title='bbox 1812 2917 2083 2985; x_wconf 80' lang='lat' dir='ltr'><strong>Quotquot</strong></span> 
     </span>
    </p>
   </div>
   <div class='ocr_carea' id='block_1_46' title="bbox 512 3003 2075 3074">
    <p class='ocr_par' dir='ltr' id='par_1_46' title="bbox 512 3003 2075 3074">
     <span class='ocr_line' id='line_1_46' title="bbox 512 3003 2075 3074; baseline -0.001 -14"><span class='ocrx_word' id='word_1_351' title='bbox 512 3009 564 3060; x_wconf 91' lang='lat' dir='ltr'><strong>in</strong></span> <span class='ocrx_word' id='word_1_352' title='bbox 587 3007 802 3060; x_wconf 81' lang='lat' dir='ltr'><strong>Christo</strong></span> <span class='ocrx_word' id='word_1_353' title='bbox 825 3004 1075 3074; x_wconf 80' lang='lat' dir='ltr'><strong>baptizati</strong></span> <span class='ocrx_word' id='word_1_354' title='bbox 1096 3005 1245 3068; x_wconf 89' lang='lat' dir='ltr'><strong>estis,</strong></span> <span class='ocrx_word' id='word_1_355' title='bbox 1264 3004 1536 3058; x_wconf 86' lang='lat' dir='ltr'><strong>Christum</strong></span> <span class='ocrx_word' id='word_1_356' title='bbox 1560 3004 1803 3060; x_wconf 84' lang='lat' dir='ltr'><strong>induistis</strong></span> <span class='ocrx_word' id='word_1_357' title='bbox 1824 3003 2075 3073; x_wconf 84' lang='lat' dir='ltr'><strong>(Gal.nt)‘.</strong></span> 
     </span>
    </p>
   </div>
   <div class='ocr_carea' id='block_1_47' title="bbox 508 3093 2080 3165">
    <p class='ocr_par' dir='ltr' id='par_1_47' title="bbox 508 3093 2080 3165">
     <span class='ocr_line' id='line_1_47' title="bbox 508 3093 2080 3165; baseline 0 -14"><span class='ocrx_word' id='word_1_358' title='bbox 508 3099 622 3151; x_wconf 82' lang='lat' dir='ltr'><strong>Non</strong></span> <span class='ocrx_word' id='word_1_359' title='bbox 649 3107 730 3152; x_wconf 88' lang='lat' dir='ltr'><strong>est</strong></span> <span class='ocrx_word' id='word_1_360' title='bbox 750 3097 964 3151; x_wconf 68' lang='lat' dir='ltr'><strong>Judaaus</strong></span> <span class='ocrx_word' id='word_1_361' title='bbox 985 3109 1157 3164; x_wconf 92' lang='lat' dir='ltr'><strong>neque</strong></span> <span class='ocrx_word' id='word_1_362' title='bbox 1182 3093 1417 3161; x_wconf 82' lang='lat' dir='ltr'><strong>Graecus,</strong></span> <span class='ocrx_word' id='word_1_363' title='bbox 1449 3110 1553 3150; x_wconf 94' lang='lat' dir='ltr'><strong>non</strong></span> <span class='ocrx_word' id='word_1_364' title='bbox 1581 3107 1662 3150; x_wconf 89' lang='lat' dir='ltr'><strong>est</strong></span> <span class='ocrx_word' id='word_1_365' title='bbox 1691 3111 1876 3150; x_wconf 88' lang='lat' dir='ltr'><strong>servus</strong></span> <span class='ocrx_word' id='word_1_366' title='bbox 1906 3111 2080 3165; x_wconf 89' lang='lat' dir='ltr'><strong>neque</strong></span> 
     </span>
    </p>
   </div>
   <div class='ocr_carea' id='block_1_48' title="bbox 2186 1891 3760 1963">
    <p class='ocr_par' dir='ltr' id='par_1_48' title="bbox 2186 1891 3760 1963">
     <span class='ocr_line' id='line_1_48' title="bbox 2186 1891 3760 1963; baseline -0.003 -15"><span class='ocrx_word' id='word_1_367' title='bbox 2186 1894 2462 1963; x_wconf 85' lang='lat' dir='ltr'><strong>cujusdam</strong></span> <span class='ocrx_word' id='word_1_368' title='bbox 2487 1893 2700 1948; x_wconf 92' lang='lat' dir='ltr'><strong>nomine</strong></span> <span class='ocrx_word' id='word_1_369' title='bbox 2726 1893 3052 1961; x_wconf 89' lang='lat' dir='ltr'><strong>Theopenti;</strong></span> <span class='ocrx_word' id='word_1_370' title='bbox 3084 1902 3136 1947; x_wconf 93' lang='lat' dir='ltr'><strong>et</strong></span> <span class='ocrx_word' id='word_1_371' title='bbox 3162 1891 3243 1946; x_wconf 89' lang='lat' dir='ltr'><strong>fac</strong></span> <span class='ocrx_word' id='word_1_372' title='bbox 3265 1892 3318 1946; x_wconf 92' lang='lat' dir='ltr'><strong>in</strong></span> <span class='ocrx_word' id='word_1_373' title='bbox 3347 1893 3534 1948; x_wconf 90' lang='lat' dir='ltr'><strong>eadem</strong></span> <span class='ocrx_word' id='word_1_374' title='bbox 3565 1893 3760 1945; x_wconf 72' lang='lat' dir='ltr'><strong>charta</strong></span> 
     </span>
    </p>
   </div>
   <div class='ocr_carea' id='block_1_49' title="bbox 2186 1983 3759 2051">
    <p class='ocr_par' dir='ltr' id='par_1_49' title="bbox 2186 1983 3759 2051">
     <span class='ocr_line' id='line_1_49' title="bbox 2186 1983 3759 2051; baseline -0.002 -12"><span class='ocrx_word' id='word_1_375' title='bbox 2186 2000 2272 2039; x_wconf 92' lang='lat' dir='ltr'><strong>me</strong></span> <span class='ocrx_word' id='word_1_376' title='bbox 2313 1994 2366 2040; x_wconf 91' lang='lat' dir='ltr'><strong>et</strong></span> <span class='ocrx_word' id='word_1_377' title='bbox 2415 1992 2616 2051; x_wconf 89' lang='lat' dir='ltr'><strong>patrem</strong></span> <span class='ocrx_word' id='word_1_378' title='bbox 2649 1985 2794 2051; x_wconf 90' lang='lat' dir='ltr'><strong>pueri</strong></span> <span class='ocrx_word' id='word_1_379' title='bbox 2849 1983 3192 2037; x_wconf 84' lang='lat' dir='ltr'><strong>consobrinos</strong></span> <span class='ocrx_word' id='word_1_380' title='bbox 3242 1983 3427 2036; x_wconf 86' lang='lat' dir='ltr'><strong>fratres</strong></span> <span class='ocrx_word' id='word_1_381' title='bbox 3450 2025 3464 2048; x_wconf 89' lang='lat'><strong>,</strong></span> <span class='ocrx_word' id='word_1_382' title='bbox 3495 1991 3550 2036; x_wconf 91' lang='lat' dir='ltr'><strong>et</strong></span> <span class='ocrx_word' id='word_1_383' title='bbox 3581 1983 3721 2037; x_wconf 89' lang='lat' dir='ltr'><strong>vade</strong></span> <span class='ocrx_word' id='word_1_384' title='bbox 3743 2025 3759 2047; x_wconf 92' lang='lat'><strong>,</strong></span> 
     </span>
    </p>
   </div>
   <div class='ocr_carea' id='block_1_50' title="bbox 2183 2074 3765 2146">
    <p class='ocr_par' dir='ltr' id='par_1_50' title="bbox 2183 2074 3765 2146">
     <span class='ocr_line' id='line_1_50' title="bbox 2183 2074 3765 2146; baseline -0.003 -16"><span class='ocrx_word' id='word_1_385' title='bbox 2183 2087 2240 2131; x_wconf 91' lang='lat' dir='ltr'><strong>et</strong></span> <span class='ocrx_word' id='word_1_386' title='bbox 2268 2076 2356 2130; x_wconf 92' lang='lat' dir='ltr'><strong>dic</strong></span> <span class='ocrx_word' id='word_1_387' title='bbox 2389 2074 2567 2145; x_wconf 80' lang='lat' dir='ltr'><strong>juveni</strong></span> <span class='ocrx_word' id='word_1_388' title='bbox 2597 2094 2606 2127; x_wconf 88' lang='lat'>;</span> <span class='ocrx_word' id='word_1_389' title='bbox 2638 2075 2779 2140; x_wconf 88' lang='lat' dir='ltr'><strong>Scis,</strong></span> <span class='ocrx_word' id='word_1_390' title='bbox 2822 2075 3009 2143; x_wconf 82' lang='lat' dir='ltr'><strong>frater,</strong></span> <span class='ocrx_word' id='word_1_391' title='bbox 3038 2075 3178 2146; x_wconf 89' lang='lat' dir='ltr'><strong>quod</strong></span> <span class='ocrx_word' id='word_1_392' title='bbox 3206 2088 3369 2144; x_wconf 86' lang='lat' dir='ltr'><strong>genus</strong></span> <span class='ocrx_word' id='word_1_393' title='bbox 3397 2078 3636 2128; x_wconf 79' lang='lat' dir='ltr'><strong>existens</strong></span> <span class='ocrx_word' id='word_1_394' title='bbox 3667 2089 3765 2142; x_wconf 81' lang='lat' dir='ltr'><strong>pa-</strong></span> 
     </span>
    </p>
   </div>
   <div class='ocr_carea' id='block_1_51' title="bbox 2186 2167 3764 2236">
    <p class='ocr_par' dir='ltr' id='par_1_51' title="bbox 2186 2167 3764 2236">
     <span class='ocr_line' id='line_1_51' title="bbox 2186 2167 3764 2236; baseline -0.002 -14"><span class='ocrx_word' id='word_1_395' title='bbox 2186 2168 2458 2234; x_wconf 71' lang='lat' dir='ltr'><strong>triarchaa,</strong></span> <span class='ocrx_word' id='word_1_396' title='bbox 2485 2183 2591 2222; x_wconf 90' lang='lat' dir='ltr'><strong>non</strong></span> <span class='ocrx_word' id='word_1_397' title='bbox 2618 2167 2884 2221; x_wconf 87' lang='lat' dir='ltr'><strong>debueras</strong></span> <span class='ocrx_word' id='word_1_398' title='bbox 2912 2168 2982 2221; x_wconf 87' lang='lat' dir='ltr'><strong>ita</strong></span> <span class='ocrx_word' id='word_1_399' title='bbox 3015 2168 3068 2221; x_wconf 92' lang='lat' dir='ltr'><strong>in</strong></span> <span class='ocrx_word' id='word_1_400' title='bbox 3098 2176 3406 2236; x_wconf 85' lang='lat' dir='ltr'><strong>paupertate</strong></span> <span class='ocrx_word' id='word_1_401' title='bbox 3437 2167 3684 2227; x_wconf 74' lang='lat' dir='ltr'><strong>versari?</strong></span> <span class='ocrx_word' id='word_1_402' title='bbox 3708 2178 3764 2220; x_wconf 87' lang='lat' dir='ltr'><strong>et</strong></span> 
     </span>
    </p>
   </div>
   <div class='ocr_carea' id='block_1_52' title="bbox 2185 2258 3761 2327">
    <p class='ocr_par' dir='ltr' id='par_1_52' title="bbox 2185 2258 3761 2327">
     <span class='ocr_line' id='line_1_52' title="bbox 2185 2258 3761 2327; baseline -0.003 -12"><span class='ocrx_word' id='word_1_403' title='bbox 2185 2263 2409 2315; x_wconf 79' lang='lat' dir='ltr'><strong>ostende</strong></span> <span class='ocrx_word' id='word_1_404' title='bbox 2437 2260 2485 2314; x_wconf 86' lang='lat' dir='ltr'><strong>ei</strong></span> <span class='ocrx_word' id='word_1_405' title='bbox 2517 2260 2762 2315; x_wconf 87' lang='lat' dir='ltr'><strong>chartam</strong></span> <span class='ocrx_word' id='word_1_406' title='bbox 2787 2301 2803 2325; x_wconf 89' lang='lat'><strong>,</strong></span> <span class='ocrx_word' id='word_1_407' title='bbox 2854 2271 2911 2314; x_wconf 91' lang='lat' dir='ltr'><strong>et</strong></span> <span class='ocrx_word' id='word_1_408' title='bbox 2939 2259 3027 2313; x_wconf 90' lang='lat' dir='ltr'><strong>dic</strong></span> <span class='ocrx_word' id='word_1_409' title='bbox 3057 2277 3071 2314; x_wconf 91' lang='lat'>:</span> <span class='ocrx_word' id='word_1_410' title='bbox 3097 2259 3360 2327; x_wconf 84' lang='lat' dir='ltr'><strong>Quoniam</strong></span> <span class='ocrx_word' id='word_1_411' title='bbox 3390 2258 3434 2312; x_wconf 89' lang='lat' dir='ltr'><strong>si</strong></span> <span class='ocrx_word' id='word_1_412' title='bbox 3461 2259 3761 2322; x_wconf 77' lang='lat' dir='ltr'><strong>erubescis,</strong></span> 
     </span>
    </p>
   </div>
   <div class='ocr_carea' id='block_1_53' title="bbox 2185 2348 3761 2423">
    <p class='ocr_par' dir='ltr' id='par_1_53' title="bbox 2185 2348 3761 2423">
     <span class='ocr_line' id='line_1_53' title="bbox 2185 2348 3761 2423; baseline -0.003 -17"><span class='ocrx_word' id='word_1_413' title='bbox 2185 2368 2283 2423; x_wconf 93' lang='lat' dir='ltr'><strong>ego</strong></span> <span class='ocrx_word' id='word_1_414' title='bbox 2313 2352 2505 2407; x_wconf 89' lang='lat' dir='ltr'><strong>ordino</strong></span> <span class='ocrx_word' id='word_1_415' title='bbox 2532 2367 2746 2405; x_wconf 89' lang='lat' dir='ltr'><strong>causam</strong></span> <span class='ocrx_word' id='word_1_416' title='bbox 2796 2361 2937 2403; x_wconf 89' lang='lat' dir='ltr'><strong>tuam</strong></span> <span class='ocrx_word' id='word_1_417' title='bbox 2969 2350 3106 2418; x_wconf 90' lang='lat' dir='ltr'><strong>apud</strong></span> <span class='ocrx_word' id='word_1_418' title='bbox 3138 2348 3516 2420; x_wconf 85' lang='lat' dir='ltr'><strong>patriarcham,</strong></span> <span class='ocrx_word' id='word_1_419' title='bbox 3546 2359 3614 2423; x_wconf 25' lang='lat' dir='ltr'><strong>et.</strong></span> <span class='ocrx_word' id='word_1_420' title='bbox 3641 2348 3761 2403; x_wconf 83' lang='lat' dir='ltr'><strong>vidn</strong></span> 
     </span>
    </p>
   </div>
   <div class='ocr_carea' id='block_1_54' title="bbox 2183 2441 3751 2514">
    <p class='ocr_par' dir='ltr' id='par_1_54' title="bbox 2183 2441 3751 2514">
     <span class='ocr_line' id='line_1_54' title="bbox 2183 2441 3751 2514; baseline -0.003 -16"><span class='ocrx_word' id='word_1_421' title='bbox 2183 2445 2309 2514; x_wconf 92' lang='lat' dir='ltr'><strong>quid</strong></span> <span class='ocrx_word' id='word_1_422' title='bbox 2335 2444 2430 2498; x_wconf 64' lang='lat' dir='ltr'><strong>tibi</strong></span> <span class='ocrx_word' id='word_1_423' title='bbox 2456 2443 2612 2497; x_wconf 89' lang='lat' dir='ltr'><strong>dicet.</strong></span> <span class='ocrx_word' id='word_1_424' title='bbox 2645 2442 2775 2497; x_wconf 91' lang='lat' dir='ltr'><strong>Cum</strong></span> <span class='ocrx_word' id='word_1_425' title='bbox 2806 2456 2935 2511; x_wconf 87' lang='lat' dir='ltr'><strong>ergo</strong></span> <span class='ocrx_word' id='word_1_426' title='bbox 2960 2441 3136 2496; x_wconf 85' lang='lat' dir='ltr'><strong>omnia</strong></span> <span class='ocrx_word' id='word_1_427' title='bbox 3167 2457 3284 2511; x_wconf 69' lang='lat' dir='ltr'><strong>quae</strong></span> <span class='ocrx_word' id='word_1_428' title='bbox 3311 2441 3457 2512; x_wconf 85' lang='lat' dir='ltr'><strong>jussa</strong></span> <span class='ocrx_word' id='word_1_429' title='bbox 3488 2452 3608 2496; x_wconf 85' lang='lat' dir='ltr'><strong>sunt</strong></span> <span class='ocrx_word' id='word_1_430' title='bbox 3637 2444 3686 2502; x_wconf 87' lang='lat' dir='ltr'><strong>ei</strong></span> <span class='ocrx_word' id='word_1_431' title='bbox 3720 2459 3751 2494; x_wconf 88' lang='lat' dir='ltr'><strong>a</strong></span> 
     </span>
    </p>
   </div>
   <div class='ocr_carea' id='block_1_55' title="bbox 2181 2531 3754 2603">
    <p class='ocr_par' dir='ltr' id='par_1_55' title="bbox 2181 2531 3754 2603">
     <span class='ocr_line' id='line_1_55' title="bbox 2181 2531 3754 2603; baseline -0.003 -15"><span class='ocrx_word' id='word_1_432' title='bbox 2181 2532 2714 2603; x_wconf 88' lang='lat' dir='ltr'><strong>patriarchatabellio</strong></span> <span class='ocrx_word' id='word_1_433' title='bbox 2736 2531 2969 2598; x_wconf 79' lang='lat' dir='ltr'><strong>fecisset,</strong></span> <span class='ocrx_word' id='word_1_434' title='bbox 2993 2531 3140 2587; x_wconf 88' lang='lat' dir='ltr'><strong>venit</strong></span> <span class='ocrx_word' id='word_1_435' title='bbox 3160 2531 3224 2586; x_wconf 82' lang='lat' dir='ltr'><strong>ad</strong></span> <span class='ocrx_word' id='word_1_436' title='bbox 3247 2547 3371 2587; x_wconf 92' lang='lat' dir='ltr'><strong>eum</strong></span> <span class='ocrx_word' id='word_1_437' title='bbox 3396 2533 3602 2586; x_wconf 91' lang='lat' dir='ltr'><strong>dicens:</strong></span> <span class='ocrx_word' id='word_1_438' title='bbox 3621 2533 3754 2598; x_wconf 81' lang='lat' dir='ltr'><strong>Quia</strong></span> 
     </span>
    </p>
   </div>
   <div class='ocr_carea' id='block_1_56' title="bbox 2185 2623 3757 2694">
    <p class='ocr_par' dir='ltr' id='par_1_56' title="bbox 2185 2623 3757 2694">
     <span class='ocr_line' id='line_1_56' title="bbox 2185 2623 3757 2694; baseline 0.002 -20"><span class='ocrx_word' id='word_1_439' title='bbox 2185 2636 2371 2693; x_wconf 83' lang='lat' dir='ltr'><strong>pactus</strong></span> <span class='ocrx_word' id='word_1_440' title='bbox 2421 2634 2500 2678; x_wconf 89' lang='lat' dir='ltr'><strong>est</strong></span> <span class='ocrx_word' id='word_1_441' title='bbox 2529 2639 2660 2694; x_wconf 91' lang='lat' dir='ltr'><strong>puer</strong></span> <span class='ocrx_word' id='word_1_442' title='bbox 2690 2623 2845 2692; x_wconf 88' lang='lat' dir='ltr'><strong>mihi,</strong></span> <span class='ocrx_word' id='word_1_443' title='bbox 2879 2635 2934 2677; x_wconf 91' lang='lat' dir='ltr'><strong>ut</strong></span> <span class='ocrx_word' id='word_1_444' title='bbox 2975 2639 3074 2694; x_wconf 89' lang='lat' dir='ltr'><strong>ego</strong></span> <span class='ocrx_word' id='word_1_445' title='bbox 3105 2625 3291 2694; x_wconf 86' lang='lat' dir='ltr'><strong>loquar</strong></span> <span class='ocrx_word' id='word_1_446' title='bbox 3343 2640 3553 2679; x_wconf 86' lang='lat' dir='ltr'><strong>causam</strong></span> <span class='ocrx_word' id='word_1_447' title='bbox 3605 2640 3757 2679; x_wconf 89' lang='lat' dir='ltr'><strong>suam</strong></span> 
     </span>
    </p>
   </div>
   <div class='ocr_carea' id='block_1_57' title="bbox 2183 2717 3754 2788">
    <p class='ocr_par' dir='ltr' id='par_1_57' title="bbox 2183 2717 3754 2788">
     <span class='ocr_line' id='line_1_57' title="bbox 2183 2717 3754 2788; baseline 0.001 -16"><span class='ocrx_word' id='word_1_448' title='bbox 2183 2718 2421 2784; x_wconf 85' lang='lat' dir='ltr'><strong>domino,</strong></span> <span class='ocrx_word' id='word_1_449' title='bbox 2441 2727 2494 2772; x_wconf 90' lang='lat' dir='ltr'><strong>et</strong></span> <span class='ocrx_word' id='word_1_450' title='bbox 2514 2732 2734 2786; x_wconf 83' lang='lat' dir='ltr'><strong>magnas</strong></span> <span class='ocrx_word' id='word_1_451' title='bbox 2756 2717 3045 2788; x_wconf 81' lang='lat' dir='ltr'><strong>gratiarum</strong></span> <span class='ocrx_word' id='word_1_452' title='bbox 3068 2717 3301 2772; x_wconf 88' lang='lat' dir='ltr'><strong>actiones</strong></span> <span class='ocrx_word' id='word_1_453' title='bbox 3319 2719 3583 2772; x_wconf 86' lang='lat' dir='ltr'><strong>referebat</strong></span> <span class='ocrx_word' id='word_1_454' title='bbox 3604 2720 3754 2774; x_wconf 88' lang='lat' dir='ltr'><strong>mihi.</strong></span> 
     </span>
    </p>
   </div>
   <div class='ocr_carea' id='block_1_58' title="bbox 2186 2807 3753 2878">
    <p class='ocr_par' dir='ltr' id='par_1_58' title="bbox 2186 2807 3753 2878">
     <span class='ocr_line' id='line_1_58' title="bbox 2186 2807 3753 2878; baseline 0.001 -16"><span class='ocrx_word' id='word_1_455' title='bbox 2186 2809 2327 2862; x_wconf 71' lang='lat' dir='ltr'><strong>Dixit</strong></span> <span class='ocrx_word' id='word_1_456' title='bbox 2358 2811 2541 2878; x_wconf 90' lang='lat' dir='ltr'><strong>itaque</strong></span> <span class='ocrx_word' id='word_1_457' title='bbox 2585 2820 2840 2865; x_wconf 81' lang='lat' dir='ltr'><strong>sat-tctus:</strong></span> <span class='ocrx_word' id='word_1_458' title='bbox 2873 2807 3018 2864; x_wconf 83' lang='lat' dir='ltr'><strong>Vade</strong></span> <span class='ocrx_word' id='word_1_459' title='bbox 3039 2819 3092 2862; x_wconf 92' lang='lat' dir='ltr'><strong>et</strong></span> <span class='ocrx_word' id='word_1_460' title='bbox 3117 2808 3205 2862; x_wconf 92' lang='lat' dir='ltr'><strong>dic</strong></span> <span class='ocrx_word' id='word_1_461' title='bbox 3252 2808 3302 2867; x_wconf 84' lang='lat' dir='ltr'><strong>ei</strong></span> <span class='ocrx_word' id='word_1_462' title='bbox 3330 2828 3341 2862; x_wconf 92' lang='lat'><strong>:</strong></span> <span class='ocrx_word' id='word_1_463' title='bbox 3367 2809 3502 2875; x_wconf 81' lang='lat' dir='ltr'><strong>Quia</strong></span> <span class='ocrx_word' id='word_1_464' title='bbox 3547 2810 3753 2865; x_wconf 83' lang='lat' dir='ltr'><strong>locutus</strong></span> 
     </span>
    </p>
   </div>
   <div class='ocr_carea' id='block_1_59' title="bbox 2183 2899 3757 2970">
    <p class='ocr_par' dir='ltr' id='par_1_59' title="bbox 2183 2899 3757 2970">
     <span class='ocr_line' id='line_1_59' title="bbox 2183 2899 3757 2970; baseline 0.001 -16"><span class='ocrx_word' id='word_1_465' title='bbox 2183 2914 2300 2954; x_wconf 86' lang='lat' dir='ltr'><strong>sum</strong></span> <span class='ocrx_word' id='word_1_466' title='bbox 2333 2899 2671 2967; x_wconf 64' lang='lat' dir='ltr'><strong>patriarchae.</strong></span> <span class='ocrx_word' id='word_1_467' title='bbox 2702 2901 2768 2954; x_wconf 80' lang='lat' dir='ltr'><strong>Et</strong></span> <span class='ocrx_word' id='word_1_468' title='bbox 2807 2900 2918 2954; x_wconf 77' lang='lat' dir='ltr'><strong>dixi</strong></span> <span class='ocrx_word' id='word_1_469' title='bbox 2943 2917 2957 2953; x_wconf 87' lang='lat'><strong>:</strong></span> <span class='ocrx_word' id='word_1_470' title='bbox 2979 2899 3242 2968; x_wconf 82' lang='lat' dir='ltr'><strong>Quoniam</strong></span> <span class='ocrx_word' id='word_1_471' title='bbox 3282 2910 3337 2954; x_wconf 91' lang='lat' dir='ltr'><strong>et</strong></span> <span class='ocrx_word' id='word_1_472' title='bbox 3362 2916 3461 2970; x_wconf 90' lang='lat' dir='ltr'><strong>ego</strong></span> <span class='ocrx_word' id='word_1_473' title='bbox 3489 2902 3604 2955; x_wconf 91' lang='lat' dir='ltr'><strong>scio</strong></span> <span class='ocrx_word' id='word_1_474' title='bbox 3634 2906 3757 2970; x_wconf 85' lang='lat' dir='ltr'><strong>quia</strong></span> 
     </span>
    </p>
   </div>
   <div class='ocr_carea' id='block_1_60' title="bbox 2184 2989 3762 3056">
    <p class='ocr_par' dir='ltr' id='par_1_60' title="bbox 2184 2989 3762 3056">
     <span class='ocr_line' id='line_1_60' title="bbox 2184 2989 3762 3056; baseline 0 -13"><span class='ocrx_word' id='word_1_475' title='bbox 2184 2989 2367 3044; x_wconf 87' lang='lat' dir='ltr'><strong>habuit</strong></span> <span class='ocrx_word' id='word_1_476' title='bbox 2408 2990 2758 3044; x_wconf 88' lang='lat' dir='ltr'><strong>consobrinus</strong></span> <span class='ocrx_word' id='word_1_477' title='bbox 2786 3004 2934 3045; x_wconf 91' lang='lat' dir='ltr'><strong>meus</strong></span> <span class='ocrx_word' id='word_1_478' title='bbox 2983 2989 3182 3056; x_wconf 86' lang='lat' dir='ltr'><strong>filium,</strong></span> <span class='ocrx_word' id='word_1_479' title='bbox 3215 2989 3310 3044; x_wconf 90' lang='lat' dir='ltr'><strong>sed</strong></span> <span class='ocrx_word' id='word_1_480' title='bbox 3343 3007 3410 3044; x_wconf 75' lang='lat' dir='ltr'><strong>ex</strong></span> <span class='ocrx_word' id='word_1_481' title='bbox 3439 2991 3587 3044; x_wconf 91' lang='lat' dir='ltr'><strong>vultu</strong></span> <span class='ocrx_word' id='word_1_482' title='bbox 3619 2991 3762 3050; x_wconf 73' lang='lat' dir='ltr'><strong>hunc</strong></span> 
     </span>
    </p>
   </div>
   <div class='ocr_carea' id='block_1_61' title="bbox 2188 3084 3763 3154">
    <p class='ocr_par' dir='ltr' id='par_1_61' title="bbox 2188 3084 3763 3154">
     <span class='ocr_line' id='line_1_61' title="bbox 2188 3084 3763 3154; baseline 0.001 -16"><span class='ocrx_word' id='word_1_483' title='bbox 2188 3101 2292 3138; x_wconf 89' lang='lat' dir='ltr'><strong>non</strong></span> <span class='ocrx_word' id='word_1_484' title='bbox 2327 3099 2673 3153; x_wconf 82' lang='lat' dir='ltr'><strong>recognosco.</strong></span> <span class='ocrx_word' id='word_1_485' title='bbox 2705 3084 2848 3138; x_wconf 88' lang='lat' dir='ltr'><strong>Bene</strong></span> <span class='ocrx_word' id='word_1_486' title='bbox 2875 3097 3003 3154; x_wconf 88' lang='lat' dir='ltr'><strong>ergo</strong></span> <span class='ocrx_word' id='word_1_487' title='bbox 3034 3084 3186 3150; x_wconf 88' lang='lat' dir='ltr'><strong>facis,</strong></span> <span class='ocrx_word' id='word_1_488' title='bbox 3217 3084 3488 3138; x_wconf 90' lang='lat' dir='ltr'><strong>adducens</strong></span> <span class='ocrx_word' id='word_1_489' title='bbox 3519 3084 3666 3141; x_wconf 92' lang='lat' dir='ltr'><strong>hunc</strong></span> <span class='ocrx_word' id='word_1_490' title='bbox 3694 3087 3763 3140; x_wconf 87' lang='lat' dir='ltr'><strong>ad</strong></span> 
     </span>
    </p>
   </div>
   <div class='ocr_carea' id='block_1_62' title="bbox 509 3179 3760 3260">
    <p class='ocr_par' dir='ltr' id='par_1_62' title="bbox 509 3179 3760 3260">
     <span class='ocr_line' id='line_1_62' title="bbox 509 3179 3760 3260; baseline -0.002 -16"><span class='ocrx_word' id='word_1_491' title='bbox 509 3191 664 3251; x_wconf 89' lang='lat' dir='ltr'><strong>liber,</strong></span> <span class='ocrx_word' id='word_1_492' title='bbox 685 3203 880 3242; x_wconf 85' lang='lat' dir='ltr'><strong>omnes</strong></span> <span class='ocrx_word' id='word_1_493' title='bbox 899 3189 1040 3243; x_wconf 87' lang='lat' dir='ltr'><strong>enim</strong></span> <span class='ocrx_word' id='word_1_494' title='bbox 1066 3201 1160 3241; x_wconf 90' lang='lat' dir='ltr'><strong>vos</strong></span> <span class='ocrx_word' id='word_1_495' title='bbox 1183 3202 1344 3240; x_wconf 91' lang='lat' dir='ltr'><strong>unum</strong></span> <span class='ocrx_word' id='word_1_496' title='bbox 1374 3188 1509 3243; x_wconf 86' lang='lat' dir='ltr'><strong>estis</strong></span> <span class='ocrx_word' id='word_1_497' title='bbox 1533 3189 1585 3242; x_wconf 92' lang='lat' dir='ltr'><strong>in</strong></span> <span class='ocrx_word' id='word_1_498' title='bbox 1610 3188 1846 3243; x_wconf 83' lang='lat' dir='ltr'><strong>Christo.</strong></span> <span class='ocrx_word' id='word_1_499' title='bbox 1872 3188 1925 3243; x_wconf 89' lang='lat' dir='ltr'><strong>Si</strong></span> <span class='ocrx_word' id='word_1_500' title='bbox 1949 3205 2077 3260; x_wconf 87' lang='lat' dir='ltr'><strong>ergo</strong></span> <span class='ocrx_word' id='word_1_501' title='bbox 2105 3194 2152 3258; x_wconf 73' lang='grc' dir='ltr'>ο</span> <span class='ocrx_word' id='word_1_502' title='bbox 2185 3195 2289 3233; x_wconf 81' lang='lat' dir='ltr'><strong>me-</strong></span> <span class='ocrx_word' id='word_1_503' title='bbox 2341 3179 2626 3233; x_wconf 80' lang='lat' dir='ltr'><strong>Adducens</strong></span> <span class='ocrx_word' id='word_1_504' title='bbox 2667 3194 2796 3249; x_wconf 82' lang='lat' dir='ltr'><strong>ergo</strong></span> <span class='ocrx_word' id='word_1_505' title='bbox 2837 3194 2982 3244; x_wconf 88' lang='lat' dir='ltr'><strong>eutn,</strong></span> <span class='ocrx_word' id='word_1_506' title='bbox 3031 3188 3182 3248; x_wconf 84' lang='lat' dir='ltr'><strong>porta</strong></span> <span class='ocrx_word' id='word_1_507' title='bbox 3205 3186 3262 3239; x_wconf 82' lang='lat' dir='ltr'><strong>et</strong></span> <span class='ocrx_word' id='word_1_508' title='bbox 3289 3179 3530 3235; x_wconf 84' lang='lat' dir='ltr'><strong>chartam</strong></span> <span class='ocrx_word' id='word_1_509' title='bbox 3562 3190 3760 3238; x_wconf 80' lang='lat' dir='ltr'><strong>tecum.</strong></span> 
     </span>
    </p>
   </div>
   <div class='ocr_carea' id='block_1_63' title="bbox 497 3279 2074 3349">
    <p class='ocr_par' dir='ltr' id='par_1_63' title="bbox 497 3279 2074 3349">
     <span class='ocr_line' id='line_1_63' title="bbox 497 3279 2074 3349; baseline 0 -15"><span class='ocrx_word' id='word_1_510' title='bbox 497 3281 646 3349; x_wconf 78' lang='lat' dir='ltr'><strong>apud</strong></span> <span class='ocrx_word' id='word_1_511' title='bbox 671 3281 942 3334; x_wconf 81' lang='lat' dir='ltr'><strong>Christum</strong></span> <span class='ocrx_word' id='word_1_512' title='bbox 968 3279 1199 3348; x_wconf 72' lang='lat' dir='ltr'><strong>aequales</strong></span> <span class='ocrx_word' id='word_1_513' title='bbox 1225 3293 1429 3345; x_wconf 88' lang='lat' dir='ltr'><strong>sumus,</strong></span> <span class='ocrx_word' id='word_1_514' title='bbox 1459 3289 1514 3333; x_wconf 89' lang='lat' dir='ltr'><strong>et</strong></span> <span class='ocrx_word' id='word_1_515' title='bbox 1540 3279 1606 3332; x_wconf 92' lang='lat' dir='ltr'><strong>ad</strong></span> <span class='ocrx_word' id='word_1_516' title='bbox 1637 3281 1864 3334; x_wconf 87' lang='lat' dir='ltr'><strong>invicem</strong></span> <span class='ocrx_word' id='word_1_517' title='bbox 1891 3295 2074 3349; x_wconf 82' lang='lat' dir='ltr'><strong>acqua—</strong></span> 
     </span>
    </p>
   </div>
   <div class='ocr_carea' id='block_1_64' title="bbox 508 3369 2074 3430">
    <p class='ocr_par' dir='ltr' id='par_1_64' title="bbox 508 3369 2074 3430">
     <span class='ocr_line' id='line_1_64' title="bbox 508 3369 2074 3430; baseline -0.002 -2"><span class='ocrx_word' id='word_1_518' title='bbox 508 3377 584 3430; x_wconf 90' lang='lat' dir='ltr'><strong>les</strong></span> <span class='ocrx_word' id='word_1_519' title='bbox 652 3373 965 3428; x_wconf 67' lang='lat' dir='ltr'><strong>efficiamur.</strong></span> <span class='ocrx_word' id='word_1_520' title='bbox 1047 3370 1286 3426; x_wconf 86' lang='lat' dir='ltr'><strong>Etenim-</strong></span> <span class='ocrx_word' id='word_1_521' title='bbox 1325 3369 1568 3425; x_wconf 85' lang='lat' dir='ltr'><strong>Christus</strong></span> <span class='ocrx_word' id='word_1_522' title='bbox 1633 3371 1865 3425; x_wconf 83' lang='lat' dir='ltr'><strong>fortnam</strong></span> <span class='ocrx_word' id='word_1_523' title='bbox 1935 3371 2074 3426; x_wconf 79' lang='lat' dir='ltr'><strong>servi</strong></span> 
     </span>
    </p>
   </div>
   <div class='ocr_carea' id='block_1_65' title="bbox 507 3462 2076 3533">
    <p class='ocr_par' dir='ltr' id='par_1_65' title="bbox 507 3462 2076 3533">
     <span class='ocr_line' id='line_1_65' title="bbox 507 3462 2076 3533; baseline -0.001 -15"><span class='ocrx_word' id='word_1_524' title='bbox 507 3464 834 3533; x_wconf 67' lang='lat' dir='ltr'><strong>assumpsit;</strong></span> <span class='ocrx_word' id='word_1_525' title='bbox 874 3465 1081 3519; x_wconf 80' lang='lat' dir='ltr'><strong>docens</strong></span> <span class='ocrx_word' id='word_1_526' title='bbox 1136 3476 1237 3517; x_wconf 87' lang='lat' dir='ltr'><strong>nos</strong></span> <span class='ocrx_word' id='word_1_527' title='bbox 1276 3476 1382 3517; x_wconf 90' lang='lat' dir='ltr'><strong>non</strong></span> <span class='ocrx_word' id='word_1_528' title='bbox 1429 3462 1703 3531; x_wconf 91' lang='lat' dir='ltr'><strong>superbire</strong></span> <span class='ocrx_word' id='word_1_529' title='bbox 1753 3467 1935 3516; x_wconf 86' lang='lat' dir='ltr'><strong>contra</strong></span> <span class='ocrx_word' id='word_1_530' title='bbox 1963 3479 2076 3518; x_wconf 89' lang='lat' dir='ltr'><strong>ser-</strong></span> 
     </span>
    </p>
   </div>
   <div class='ocr_carea' id='block_1_66' title="bbox 497 3555 2076 3620">
    <p class='ocr_par' dir='ltr' id='par_1_66' title="bbox 497 3555 2076 3620">
     <span class='ocr_line' id='line_1_66' title="bbox 497 3555 2076 3620; baseline 0 -7"><span class='ocrx_word' id='word_1_531' title='bbox 497 3573 607 3613; x_wconf 69' lang='lat' dir='ltr'><strong>»vos</strong></span> <span class='ocrx_word' id='word_1_532' title='bbox 655 3563 884 3611; x_wconf 83' lang='lat' dir='ltr'><strong>nostros.</strong></span> <span class='ocrx_word' id='word_1_533' title='bbox 937 3556 1091 3611; x_wconf 77' lang='lat' dir='ltr'><strong>&#39;Unus</strong></span> <span class='ocrx_word' id='word_1_534' title='bbox 1138 3555 1278 3609; x_wconf 88' lang='lat' dir='ltr'><strong>enim</strong></span> <span class='ocrx_word' id='word_1_535' title='bbox 1309 3563 1391 3609; x_wconf 89' lang='lat' dir='ltr'><strong>est</strong></span> <span class='ocrx_word' id='word_1_536' title='bbox 1432 3555 1687 3610; x_wconf 89' lang='lat' dir='ltr'><strong>Dominus</strong></span> <span class='ocrx_word' id='word_1_537' title='bbox 1734 3558 1992 3620; x_wconf 91' lang='lat' dir='ltr'><strong>omnium,</strong></span> <span class='ocrx_word' id='word_1_538' title='bbox 2023 3558 2076 3613; x_wconf 87' lang='lat' dir='ltr'><strong>in</strong></span> 
     </span>
    </p>
   </div>
   <div class='ocr_carea' id='block_1_67' title="bbox 492 3647 2078 3718">
    <p class='ocr_par' dir='ltr' id='par_1_67' title="bbox 492 3647 2078 3718">
     <span class='ocr_line' id='line_1_67' title="bbox 492 3647 2078 3718; baseline 0.001 -16"><span class='ocrx_word' id='word_1_539' title='bbox 492 3650 659 3706; x_wconf 72' lang='lat' dir='ltr'><strong>.cwlis</strong></span> <span class='ocrx_word' id='word_1_540' title='bbox 695 3649 984 3713; x_wconf 88' lang='lat' dir='ltr'><strong>habitans,</strong></span> <span class='ocrx_word' id='word_1_541' title='bbox 1026 3655 1092 3703; x_wconf 82' lang='lat' dir='ltr'><strong>&#39;et</strong></span> <span class='ocrx_word' id='word_1_542' title='bbox 1148 3649 1362 3702; x_wconf 89' lang='lat' dir='ltr'><strong>humilia</strong></span> <span class='ocrx_word' id='word_1_543' title='bbox 1420 3647 1750 3718; x_wconf 89' lang='lat' dir='ltr'><strong>respiciens:</strong></span> <span class='ocrx_word' id='word_1_544' title='bbox 1786 3665 1891 3704; x_wconf 92' lang='lat' dir='ltr'><strong>non</strong></span> <span class='ocrx_word' id='word_1_545' title='bbox 1943 3651 2078 3704; x_wconf 83' lang='lat' dir='ltr'><strong>dixit</strong></span> 
     </span>
    </p>
   </div>
   <div class='ocr_carea' id='block_1_68' title="bbox 503 3738 2062 3810">
    <p class='ocr_par' dir='ltr' id='par_1_68' title="bbox 503 3738 2062 3810">
     <span class='ocr_line' id='line_1_68' title="bbox 503 3738 2062 3810; baseline -0.001 -13"><span class='ocrx_word' id='word_1_546' title='bbox 503 3743 770 3807; x_wconf 85' lang='lat' dir='ltr'><strong>sublimia,</strong></span> <span class='ocrx_word' id='word_1_547' title='bbox 818 3740 913 3796; x_wconf 88' lang='lat' dir='ltr'><strong>sed</strong></span> <span class='ocrx_word' id='word_1_548' title='bbox 952 3739 1174 3795; x_wconf 77' lang='lat' dir='ltr'><strong>humilia</strong></span> <span class='ocrx_word' id='word_1_549' title='bbox 1223 3738 1393 3810; x_wconf 76' lang='lat' dir='ltr'><strong>(Psal.</strong></span> <span class='ocrx_word' id='word_1_550' title='bbox 1417 3739 1581 3810; x_wconf 71' lang='lat' dir='ltr'><strong>cru).</strong></span> <span class='ocrx_word' id='word_1_551' title='bbox 1621 3741 1886 3807; x_wconf 90' lang='lat' dir='ltr'><strong>Quantum</strong></span> <span class='ocrx_word' id='word_1_552' title='bbox 1918 3741 2062 3796; x_wconf 92' lang='lat' dir='ltr'><strong>enim</strong></span> 
     </span>
    </p>
   </div>
   <div class='ocr_carea' id='block_1_69' title="bbox 503 3833 2076 3902">
    <p class='ocr_par' dir='ltr' id='par_1_69' title="bbox 503 3833 2076 3902">
     <span class='ocr_line' id='line_1_69' title="bbox 503 3833 2076 3902; baseline 0 -14"><span class='ocrx_word' id='word_1_553' title='bbox 503 3849 690 3888; x_wconf 88' lang='lat' dir='ltr'><strong>aurum</strong></span> <span class='ocrx_word' id='word_1_554' title='bbox 721 3833 988 3900; x_wconf 86' lang='lat' dir='ltr'><strong>dedimus,</strong></span> <span class='ocrx_word' id='word_1_555' title='bbox 1020 3843 1079 3885; x_wconf 90' lang='lat' dir='ltr'><strong>ut</strong></span> <span class='ocrx_word' id='word_1_556' title='bbox 1107 3833 1506 3886; x_wconf 84' lang='lat' dir='ltr'><strong>lionorilicatum</strong></span> <span class='ocrx_word' id='word_1_557' title='bbox 1549 3841 1602 3887; x_wconf 87' lang='lat' dir='ltr'><strong>et</strong></span> <span class='ocrx_word' id='word_1_558' title='bbox 1633 3845 1866 3902; x_wconf 91' lang='lat' dir='ltr'><strong>emptum</strong></span> <span class='ocrx_word' id='word_1_559' title='bbox 1893 3835 2076 3888; x_wconf 91' lang='lat' dir='ltr'><strong>nobis-</strong></span> 
     </span>
    </p>
   </div>
   <div class='ocr_carea' id='block_1_70' title="bbox 491 3923 2076 3994">
    <p class='ocr_par' dir='ltr' id='par_1_70' title="bbox 491 3923 2076 3994">
     <span class='ocr_line' id='line_1_70' title="bbox 491 3923 2076 3994; baseline 0.001 -16"><span class='ocrx_word' id='word_1_560' title='bbox 491 3941 630 3978; x_wconf 84' lang='lat' dir='ltr'><strong>.cum</strong></span> <span class='ocrx_word' id='word_1_561' title='bbox 653 3939 777 3978; x_wconf 90' lang='lat' dir='ltr'><strong>eum</strong></span> <span class='ocrx_word' id='word_1_562' title='bbox 814 3925 1069 3994; x_wconf 82' lang='lat' dir='ltr'><strong>sanguine</strong></span> <span class='ocrx_word' id='word_1_563' title='bbox 1106 3923 1286 3976; x_wconf 87' lang='lat' dir='ltr'><strong>divino</strong></span> <span class='ocrx_word' id='word_1_564' title='bbox 1314 3933 1367 3978; x_wconf 91' lang='lat' dir='ltr'><strong>et</strong></span> <span class='ocrx_word' id='word_1_565' title='bbox 1395 3924 1665 3978; x_wconf 88' lang='lat' dir='ltr'><strong>Dominico</strong></span> <span class='ocrx_word' id='word_1_566' title='bbox 1685 3964 1699 3988; x_wconf 92' lang='lat'><strong>,</strong></span> <span class='ocrx_word' id='word_1_567' title='bbox 1733 3926 1886 3979; x_wconf 88' lang='lat' dir='ltr'><strong>nobis</strong></span> <span class='ocrx_word' id='word_1_568' title='bbox 1909 3927 2076 3980; x_wconf 91' lang='lat' dir='ltr'><strong>servi-</strong></span> 
     </span>
    </p>
   </div>
   <div class='ocr_carea' id='block_1_71' title="bbox 509 4013 2074 4086">
    <p class='ocr_par' dir='ltr' id='par_1_71' title="bbox 509 4013 2074 4086">
     <span class='ocr_line' id='line_1_71' title="bbox 509 4013 2074 4086; baseline 0.004 -19"><span class='ocrx_word' id='word_1_569' title='bbox 509 4017 606 4067; x_wconf 90' lang='lat' dir='ltr'><strong>tuti</strong></span> <span class='ocrx_word' id='word_1_570' title='bbox 638 4013 1004 4082; x_wconf 81' lang='lat' dir='ltr'><strong>subjiciamus?</strong></span> <span class='ocrx_word' id='word_1_571' title='bbox 1053 4013 1274 4082; x_wconf 84' lang='lat' dir='ltr'><strong>Propter</strong></span> <span class='ocrx_word' id='word_1_572' title='bbox 1295 4029 1420 4068; x_wconf 87' lang='lat' dir='ltr'><strong>eum</strong></span> <span class='ocrx_word' id='word_1_573' title='bbox 1455 4016 1670 4081; x_wconf 69' lang='lat' dir='ltr'><strong>caelum,</strong></span> <span class='ocrx_word' id='word_1_574' title='bbox 1695 4028 1910 4086; x_wconf 87' lang='lat' dir='ltr'><strong>propter</strong></span> <span class='ocrx_word' id='word_1_575' title='bbox 1952 4032 2074 4073; x_wconf 88' lang='lat' dir='ltr'><strong>eum</strong></span> 
     </span>
    </p>
   </div>
   <div class='ocr_carea' id='block_1_72' title="bbox 503 4101 2075 4183">
    <p class='ocr_par' dir='ltr' id='par_1_72' title="bbox 503 4101 2075 4183">
     <span class='ocr_line' id='line_1_72' title="bbox 503 4101 2075 4183; baseline 0.006 -23"><span class='ocrx_word' id='word_1_576' title='bbox 503 4111 666 4174; x_wconf 85' lang='lat' dir='ltr'><strong>terra,</strong></span> <span class='ocrx_word' id='word_1_577' title='bbox 691 4101 904 4178; x_wconf 88' lang='lat' dir='ltr'><strong>propter</strong></span> <span class='ocrx_word' id='word_1_578' title='bbox 933 4126 1052 4164; x_wconf 90' lang='lat' dir='ltr'><strong>eum</strong></span> <span class='ocrx_word' id='word_1_579' title='bbox 1089 4111 1275 4177; x_wconf 67' lang='lat' dir='ltr'><strong>stellaa,</strong></span> <span class='ocrx_word' id='word_1_580' title='bbox 1317 4123 1540 4180; x_wconf 84' lang='lat' dir='ltr'><strong>propter</strong></span> <span class='ocrx_word' id='word_1_581' title='bbox 1564 4126 1685 4167; x_wconf 91' lang='lat' dir='ltr'><strong>eum</strong></span> <span class='ocrx_word' id='word_1_582' title='bbox 1716 4115 1792 4167; x_wconf 92' lang='lat' dir='ltr'><strong>sol</strong></span> <span class='ocrx_word' id='word_1_583' title='bbox 1818 4154 1833 4176; x_wconf 88' lang='lat'><strong>,</strong></span> <span class='ocrx_word' id='word_1_584' title='bbox 1862 4127 2075 4183; x_wconf 83' lang='lat' dir='ltr'><strong>propter</strong></span> 
     </span>
    </p>
   </div>
   <div class='ocr_carea' id='block_1_73' title="bbox 487 4201 2072 4275">
    <p class='ocr_par' dir='ltr' id='par_1_73' title="bbox 487 4201 2072 4275">
     <span class='ocr_line' id='line_1_73' title="bbox 487 4201 2072 4275; baseline 0.005 -23"><span class='ocrx_word' id='word_1_585' title='bbox 487 4214 624 4253; x_wconf 79' lang='lat' dir='ltr'><strong>eum</strong></span> <span class='ocrx_word' id='word_1_586' title='bbox 657 4215 819 4254; x_wconf 83' lang='lat' dir='ltr'><strong>mare</strong></span> <span class='ocrx_word' id='word_1_587' title='bbox 843 4209 897 4254; x_wconf 91' lang='lat' dir='ltr'><strong>et</strong></span> <span class='ocrx_word' id='word_1_588' title='bbox 924 4218 1041 4270; x_wconf 70' lang='lat' dir='ltr'><strong>qua:</strong></span> <span class='ocrx_word' id='word_1_589' title='bbox 1070 4201 1121 4255; x_wconf 92' lang='lat' dir='ltr'><strong>in</strong></span> <span class='ocrx_word' id='word_1_590' title='bbox 1152 4216 1217 4256; x_wconf 90' lang='lat' dir='ltr'><strong>eo</strong></span> <span class='ocrx_word' id='word_1_591' title='bbox 1235 4212 1375 4257; x_wconf 88' lang='lat' dir='ltr'><strong>sunt.</strong></span> <span class='ocrx_word' id='word_1_592' title='bbox 1400 4203 1682 4257; x_wconf 79' lang='lat' dir='ltr'><strong>EStautem</strong></span> <span class='ocrx_word' id='word_1_593' title='bbox 1709 4220 1916 4271; x_wconf 90' lang='lat' dir='ltr'><strong>verum,</strong></span> <span class='ocrx_word' id='word_1_594' title='bbox 1948 4206 2072 4275; x_wconf 84' lang='lat' dir='ltr'><strong>quia</strong></span> 
     </span>
    </p>
   </div>
   <div class='ocr_carea' id='block_1_74' title="bbox 505 4291 2074 4366">
    <p class='ocr_par' dir='ltr' id='par_1_74' title="bbox 505 4291 2074 4366">
     <span class='ocr_line' id='line_1_74' title="bbox 505 4291 2074 4366; baseline 0.006 -21"><span class='ocrx_word' id='word_1_595' title='bbox 505 4301 558 4345; x_wconf 87' lang='lat' dir='ltr'><strong>et</strong></span> <span class='ocrx_word' id='word_1_596' title='bbox 601 4291 776 4362; x_wconf 86' lang='lat' dir='ltr'><strong>angeli</strong></span> <span class='ocrx_word' id='word_1_597' title='bbox 802 4291 852 4347; x_wconf 90' lang='lat' dir='ltr'><strong>ei</strong></span> <span class='ocrx_word' id='word_1_598' title='bbox 888 4293 1212 4359; x_wconf 84' lang='lat' dir='ltr'><strong>ministrant,</strong></span> <span class='ocrx_word' id='word_1_599' title='bbox 1245 4303 1459 4363; x_wconf 89' lang='lat' dir='ltr'><strong>propter</strong></span> <span class='ocrx_word' id='word_1_600' title='bbox 1477 4311 1597 4349; x_wconf 89' lang='lat' dir='ltr'><strong>cum</strong></span> <span class='ocrx_word' id='word_1_601' title='bbox 1645 4296 1888 4350; x_wconf 86' lang='lat' dir='ltr'><strong>Christus</strong></span> <span class='ocrx_word' id='word_1_602' title='bbox 1911 4299 2074 4366; x_wconf 85' lang='lat' dir='ltr'><strong>pedes</strong></span> 
     </span>
    </p>
   </div>
   <div class='ocr_carea' id='block_1_75' title="bbox 504 4389 2072 4461">
    <p class='ocr_par' dir='ltr' id='par_1_75' title="bbox 504 4389 2072 4461">
     <span class='ocr_line' id='line_1_75' title="bbox 504 4389 2072 4461; baseline 0.008 -21"><span class='ocrx_word' id='word_1_603' title='bbox 504 4403 780 4444; x_wconf 84' lang='lat' dir='ltr'><strong>servorum</strong></span> <span class='ocrx_word' id='word_1_604' title='bbox 845 4389 999 4450; x_wconf 88' lang='lat' dir='ltr'><strong>lavit,</strong></span> <span class='ocrx_word' id='word_1_605' title='bbox 1075 4400 1290 4459; x_wconf 88' lang='lat' dir='ltr'><strong>propter</strong></span> <span class='ocrx_word' id='word_1_606' title='bbox 1337 4407 1455 4445; x_wconf 91' lang='lat' dir='ltr'><strong>eum</strong></span> <span class='ocrx_word' id='word_1_607' title='bbox 1506 4393 1790 4449; x_wconf 79' lang='lat' dir='ltr'><strong>crucifixus</strong></span> <span class='ocrx_word' id='word_1_608' title='bbox 1845 4407 1963 4461; x_wconf 88' lang='lat' dir='ltr'><strong>est,</strong></span> <span class='ocrx_word' id='word_1_609' title='bbox 2017 4407 2072 4452; x_wconf 91' lang='lat' dir='ltr'><strong>et</strong></span> 
     </span>
    </p>
   </div>
   <div class='ocr_carea' id='block_1_76' title="bbox 499 4482 2068 4551">
    <p class='ocr_par' dir='ltr' id='par_1_76' title="bbox 499 4482 2068 4551">
     <span class='ocr_line' id='line_1_76' title="bbox 499 4482 2068 4551; baseline 0.004 -15"><span class='ocrx_word' id='word_1_610' title='bbox 499 4489 692 4537; x_wconf 67' lang='lat' dir='ltr'><strong>caetera</strong></span> <span class='ocrx_word' id='word_1_611' title='bbox 715 4482 890 4538; x_wconf 88' lang='lat' dir='ltr'><strong>omnia</strong></span> <span class='ocrx_word' id='word_1_612' title='bbox 922 4490 1134 4549; x_wconf 81' lang='lat' dir='ltr'><strong>prapter</strong></span> <span class='ocrx_word' id='word_1_613' title='bbox 1157 4498 1276 4536; x_wconf 87' lang='lat' dir='ltr'><strong>eum</strong></span> <span class='ocrx_word' id='word_1_614' title='bbox 1307 4497 1491 4551; x_wconf 89' lang='lat' dir='ltr'><strong>passus</strong></span> <span class='ocrx_word' id='word_1_615' title='bbox 1507 4495 1609 4539; x_wconf 93' lang='lat' dir='ltr'><strong>est.</strong></span> <span class='ocrx_word' id='word_1_616' title='bbox 1639 4485 1717 4538; x_wconf 91' lang='lat' dir='ltr'><strong>Tu</strong></span> <span class='ocrx_word' id='word_1_617' title='bbox 1739 4495 1915 4540; x_wconf 89' lang='lat' dir='ltr'><strong>autem</strong></span> <span class='ocrx_word' id='word_1_618' title='bbox 1949 4504 2068 4543; x_wconf 91' lang='lat' dir='ltr'><strong>eum</strong></span> 
     </span>
    </p>
   </div>
   <div class='ocr_carea' id='block_1_77' title="bbox 2183 3273 3750 3353">
    <p class='ocr_par' dir='ltr' id='par_1_77' title="bbox 2183 3273 3750 3353">
     <span class='ocr_line' id='line_1_77' title="bbox 2183 3273 3750 3353; baseline 0 -25"><span class='ocrx_word' id='word_1_619' title='bbox 2183 3273 2312 3328; x_wconf 89' lang='lat' dir='ltr'><strong>Cum</strong></span> <span class='ocrx_word' id='word_1_620' title='bbox 2344 3288 2469 3327; x_wconf 89' lang='lat' dir='ltr'><strong>vero</strong></span> <span class='ocrx_word' id='word_1_621' title='bbox 2497 3274 2884 3342; x_wconf 85' lang='lat' dir='ltr'><strong>pervenissent,</strong></span> <span class='ocrx_word' id='word_1_622' title='bbox 2916 3274 3037 3329; x_wconf 91' lang='lat' dir='ltr'><strong>tulit</strong></span> <span class='ocrx_word' id='word_1_623' title='bbox 3060 3289 3182 3330; x_wconf 90' lang='lat' dir='ltr'><strong>eum</strong></span> <span class='ocrx_word' id='word_1_624' title='bbox 3207 3284 3418 3353; x_wconf 84' lang='lat' dir='ltr'><strong>secreto</strong></span> <span class='ocrx_word' id='word_1_625' title='bbox 3449 3276 3539 3330; x_wconf 93' lang='lat' dir='ltr'><strong>ille</strong></span> <span class='ocrx_word' id='word_1_626' title='bbox 3555 3277 3750 3345; x_wconf 89' lang='lat' dir='ltr'><strong>justus,</strong></span> 
     </span>
    </p>
   </div>
   <div class='ocr_carea' id='block_1_78' title="bbox 2182 3365 3750 3432">
    <p class='ocr_par' dir='ltr' id='par_1_78' title="bbox 2182 3365 3750 3432">
     <span class='ocr_line' id='line_1_78' title="bbox 2182 3365 3750 3432; baseline 0.001 -13"><span class='ocrx_word' id='word_1_627' title='bbox 2182 3374 2237 3419; x_wconf 88' lang='lat' dir='ltr'><strong>et</strong></span> <span class='ocrx_word' id='word_1_628' title='bbox 2261 3366 2423 3432; x_wconf 73' lang='lat' dir='ltr'><strong>cmpit</strong></span> <span class='ocrx_word' id='word_1_629' title='bbox 2449 3365 2749 3420; x_wconf 91' lang='lat' dir='ltr'><strong>deosculari</strong></span> <span class='ocrx_word' id='word_1_630' title='bbox 2778 3381 2923 3432; x_wconf 91' lang='lat' dir='ltr'><strong>eum,</strong></span> <span class='ocrx_word' id='word_1_631' title='bbox 2951 3375 3007 3422; x_wconf 87' lang='lat' dir='ltr'><strong>et</strong></span> <span class='ocrx_word' id='word_1_632' title='bbox 3033 3367 3250 3422; x_wconf 87' lang='lat' dir='ltr'><strong>dicere:</strong></span> <span class='ocrx_word' id='word_1_633' title='bbox 3279 3368 3424 3422; x_wconf 87' lang='lat' dir='ltr'><strong>Bene</strong></span> <span class='ocrx_word' id='word_1_634' title='bbox 3448 3371 3593 3422; x_wconf 91' lang='lat' dir='ltr'><strong>venit</strong></span> <span class='ocrx_word' id='word_1_635' title='bbox 3615 3368 3750 3422; x_wconf 85' lang='lat' dir='ltr'><strong>ﬁlius</strong></span> 
     </span>
    </p>
   </div>
   <div class='ocr_carea' id='block_1_79' title="bbox 2181 3456 3758 3530">
    <p class='ocr_par' dir='ltr' id='par_1_79' title="bbox 2181 3456 3758 3530">
     <span class='ocr_line' id='line_1_79' title="bbox 2181 3456 3758 3530; baseline 0.001 -18"><span class='ocrx_word' id='word_1_636' title='bbox 2181 3457 2485 3512; x_wconf 88' lang='lat' dir='ltr'><strong>consobrini</strong></span> <span class='ocrx_word' id='word_1_637' title='bbox 2521 3458 2646 3513; x_wconf 90' lang='lat' dir='ltr'><strong>mei.</strong></span> <span class='ocrx_word' id='word_1_638' title='bbox 2681 3456 2880 3512; x_wconf 88' lang='lat' dir='ltr'><strong>Ditavit</strong></span> <span class='ocrx_word' id='word_1_639' title='bbox 2909 3458 3070 3530; x_wconf 87' lang='lat' dir='ltr'><strong>igitur</strong></span> <span class='ocrx_word' id='word_1_640' title='bbox 3096 3474 3238 3527; x_wconf 90' lang='lat' dir='ltr'><strong>eum,</strong></span> <span class='ocrx_word' id='word_1_641' title='bbox 3267 3468 3322 3514; x_wconf 91' lang='lat' dir='ltr'><strong>et</strong></span> <span class='ocrx_word' id='word_1_642' title='bbox 3348 3461 3505 3514; x_wconf 81' lang='lat' dir='ltr'><strong>uxori</strong></span> <span class='ocrx_word' id='word_1_643' title='bbox 3539 3460 3758 3515; x_wconf 85' lang='lat' dir='ltr'><strong>tradidit</strong></span> 
     </span>
    </p>
   </div>
   <div class='ocr_carea' id='block_1_80' title="bbox 2182 3549 3759 3621">
    <p class='ocr_par' dir='ltr' id='par_1_80' title="bbox 2182 3549 3759 3621">
     <span class='ocr_line' id='line_1_80' title="bbox 2182 3549 3759 3621; baseline 0 -17"><span class='ocrx_word' id='word_1_644' title='bbox 2182 3550 2235 3604; x_wconf 89' lang='lat' dir='ltr'><strong>in</strong></span> <span class='ocrx_word' id='word_1_645' title='bbox 2267 3549 2588 3604; x_wconf 80' lang='lat' dir='ltr'><strong>Alexandria</strong></span> <span class='ocrx_word' id='word_1_646' title='bbox 2613 3591 2628 3614; x_wconf 94' lang='lat'><strong>,</strong></span> <span class='ocrx_word' id='word_1_647' title='bbox 2657 3558 2714 3605; x_wconf 88' lang='lat' dir='ltr'><strong>et</strong></span> <span class='ocrx_word' id='word_1_648' title='bbox 2738 3550 2953 3604; x_wconf 88' lang='lat' dir='ltr'><strong>domtmt</strong></span> <span class='ocrx_word' id='word_1_649' title='bbox 2985 3559 3039 3606; x_wconf 90' lang='lat' dir='ltr'><strong>et</strong></span> <span class='ocrx_word' id='word_1_650' title='bbox 3066 3551 3241 3605; x_wconf 86' lang='lat' dir='ltr'><strong>omnia</strong></span> <span class='ocrx_word' id='word_1_651' title='bbox 3273 3551 3465 3618; x_wconf 88' lang='lat' dir='ltr'><strong>quibus</strong></span> <span class='ocrx_word' id='word_1_652' title='bbox 3493 3567 3629 3621; x_wconf 88' lang='lat' dir='ltr'><strong>opus</strong></span> <span class='ocrx_word' id='word_1_653' title='bbox 3660 3554 3759 3604; x_wconf 86' lang='lat' dir='ltr'><strong>ha-</strong></span> 
     </span>
    </p>
   </div>
   <div class='ocr_carea' id='block_1_81' title="bbox 2184 3639 3754 3712">
    <p class='ocr_par' dir='ltr' id='par_1_81' title="bbox 2184 3639 3754 3712">
     <span class='ocr_line' id='line_1_81' title="bbox 2184 3639 3754 3712; baseline 0.002 -19"><span class='ocrx_word' id='word_1_654' title='bbox 2184 3641 2291 3693; x_wconf 89' lang='lat' dir='ltr'><strong>huit</strong></span> <span class='ocrx_word' id='word_1_655' title='bbox 2315 3640 2532 3697; x_wconf 89' lang='lat' dir='ltr'><strong>donavit</strong></span> <span class='ocrx_word' id='word_1_656' title='bbox 2564 3641 2646 3705; x_wconf 93' lang='lat' dir='ltr'><strong>ei,</strong></span> <span class='ocrx_word' id='word_1_657' title='bbox 2679 3640 3049 3696; x_wconf 87' lang='lat' dir='ltr'><strong>demonstrare</strong></span> <span class='ocrx_word' id='word_1_658' title='bbox 3077 3639 3333 3696; x_wconf 89' lang='lat' dir='ltr'><strong>festinans</strong></span> <span class='ocrx_word' id='word_1_659' title='bbox 3360 3643 3612 3712; x_wconf 86' lang='lat' dir='ltr'><strong>quoniam</strong></span> <span class='ocrx_word' id='word_1_660' title='bbox 3647 3658 3754 3704; x_wconf 85' lang='lat' dir='ltr'><strong>non</strong></span> 
     </span>
    </p>
   </div>
   <div class='ocr_carea' id='block_1_82' title="bbox 2182 3731 3757 3808">
    <p class='ocr_par' dir='ltr' id='par_1_82' title="bbox 2182 3731 3757 3808">
     <span class='ocr_line' id='line_1_82' title="bbox 2182 3731 3757 3808; baseline 0.001 -22"><span class='ocrx_word' id='word_1_661' title='bbox 2182 3733 2519 3804; x_wconf 84' lang='lat' dir='ltr'><strong>tlerelinquet</strong></span> <span class='ocrx_word' id='word_1_662' title='bbox 2570 3733 2824 3789; x_wconf 86' lang='lat' dir='ltr'><strong>Dominus</strong></span> <span class='ocrx_word' id='word_1_663' title='bbox 2871 3745 3149 3802; x_wconf 87' lang='lat' dir='ltr'><strong>sperantes</strong></span> <span class='ocrx_word' id='word_1_664' title='bbox 3194 3737 3244 3788; x_wconf 93' lang='lat' dir='ltr'><strong>in</strong></span> <span class='ocrx_word' id='word_1_665' title='bbox 3278 3749 3336 3790; x_wconf 91' lang='lat' dir='ltr'><strong>se</strong></span> <span class='ocrx_word' id='word_1_666' title='bbox 3401 3731 3622 3808; x_wconf 73' lang='lat' dir='ltr'><strong>(Iudith.</strong></span> <span class='ocrx_word' id='word_1_667' title='bbox 3653 3737 3757 3805; x_wconf 85' lang='lat' dir='ltr'><strong>vi).</strong></span> 
     </span>
    </p>
   </div>
   <div class='ocr_carea' id='block_1_83' title="bbox 2252 3845 3757 3917">
    <p class='ocr_par' dir='ltr' id='par_1_83' title="bbox 2252 3845 3757 3917">
     <span class='ocr_line' id='line_1_83' title="bbox 2252 3845 3757 3917; baseline 0 -17"><span class='ocrx_word' id='word_1_668' title='bbox 2252 3846 2378 3900; x_wconf 75' lang='lat' dir='ltr'><strong>CAP.</strong></span> <span class='ocrx_word' id='word_1_669' title='bbox 2413 3845 2651 3901; x_wconf 83' lang='lat' dir='ltr'><strong>XXXIV.</strong></span> <span class='ocrx_word' id='word_1_670' title='bbox 2683 3846 3212 3917; x_wconf 76' lang='lat' dir='ltr'><strong>——lmpr:etermisse</strong></span> <span class='ocrx_word' id='word_1_671' title='bbox 3260 3856 3434 3901; x_wconf 89' lang='lat' dir='ltr'><strong>autem</strong></span> <span class='ocrx_word' id='word_1_672' title='bbox 3489 3857 3542 3901; x_wconf 91' lang='lat' dir='ltr'><strong>et</strong></span> <span class='ocrx_word' id='word_1_673' title='bbox 3594 3847 3757 3915; x_wconf 84' lang='lat' dir='ltr'><strong>hujus</strong></span> 
     </span>
    </p>
   </div>
   <div class='ocr_carea' id='block_1_84' title="bbox 2179 3934 3752 4008">
    <p class='ocr_par' dir='ltr' id='par_1_84' title="bbox 2179 3934 3752 4008">
     <span class='ocr_line' id='line_1_84' title="bbox 2179 3934 3752 4008; baseline 0.002 -19"><span class='ocrx_word' id='word_1_674' title='bbox 2179 3937 2414 3990; x_wconf 84' lang='lat' dir='ltr'><strong>mandati</strong></span> <span class='ocrx_word' id='word_1_675' title='bbox 2445 3953 2628 3990; x_wconf 86' lang='lat' dir='ltr'><strong>curam</strong></span> <span class='ocrx_word' id='word_1_676' title='bbox 2657 3937 2838 3991; x_wconf 89' lang='lat' dir='ltr'><strong>habuit</strong></span> <span class='ocrx_word' id='word_1_677' title='bbox 2865 3937 2949 3990; x_wconf 90' lang='lat' dir='ltr'><strong>hic</strong></span> <span class='ocrx_word' id='word_1_678' title='bbox 2976 3934 3330 4002; x_wconf 85' lang='lat' dir='ltr'><strong>admirabilis,</strong></span> <span class='ocrx_word' id='word_1_679' title='bbox 3357 3938 3522 4008; x_wconf 83' lang='lat' dir='ltr'><strong>legem</strong></span> <span class='ocrx_word' id='word_1_680' title='bbox 3547 3952 3752 4006; x_wconf 82' lang='lat' dir='ltr'><strong>ponen-</strong></span> 
     </span>
    </p>
   </div>
   <div class='ocr_carea' id='block_1_85' title="bbox 2183 4028 3748 4098">
    <p class='ocr_par' dir='ltr' id='par_1_85' title="bbox 2183 4028 3748 4098">
     <span class='ocr_line' id='line_1_85' title="bbox 2183 4028 3748 4098; baseline 0.001 -15"><span class='ocrx_word' id='word_1_681' title='bbox 2183 4028 2248 4083; x_wconf 71' lang='lat' dir='ltr'><strong>lis</strong></span> <span class='ocrx_word' id='word_1_682' title='bbox 2276 4046 2288 4082; x_wconf 92' lang='lat'>:</span> <span class='ocrx_word' id='word_1_683' title='bbox 2318 4029 2523 4082; x_wconf 89' lang='lat' dir='ltr'><strong>Volenti</strong></span> <span class='ocrx_word' id='word_1_684' title='bbox 2544 4039 2785 4082; x_wconf 90' lang='lat' dir='ltr'><strong>mutuare</strong></span> <span class='ocrx_word' id='word_1_685' title='bbox 2808 4044 2836 4082; x_wconf 84' lang='lat' dir='ltr'><strong>a</strong></span> <span class='ocrx_word' id='word_1_686' title='bbox 2865 4040 2916 4083; x_wconf 93' lang='lat' dir='ltr'><strong>te</strong></span> <span class='ocrx_word' id='word_1_687' title='bbox 2936 4044 3003 4082; x_wconf 92' lang='lat' dir='ltr'><strong>ne</strong></span> <span class='ocrx_word' id='word_1_688' title='bbox 3026 4038 3238 4083; x_wconf 88' lang='lat' dir='ltr'><strong>avertas</strong></span> <span class='ocrx_word' id='word_1_689' title='bbox 3261 4029 3540 4098; x_wconf 86' lang='lat' dir='ltr'><strong>aliquando</strong></span> <span class='ocrx_word' id='word_1_690' title='bbox 3565 4028 3748 4098; x_wconf 84' lang='lat' dir='ltr'><strong>(Deut.</strong></span> 
     </span>
    </p>
   </div>
   <div class='ocr_carea' id='block_1_86' title="bbox 2182 4119 3754 4190">
    <p class='ocr_par' dir='ltr' id='par_1_86' title="bbox 2182 4119 3754 4190">
     <span class='ocr_line' id='line_1_86' title="bbox 2182 4119 3754 4190; baseline -0.001 -16"><span class='ocrx_word' id='word_1_691' title='bbox 2182 4136 2280 4186; x_wconf 75' lang='lat' dir='ltr'><strong>xv;</strong></span> <span class='ocrx_word' id='word_1_692' title='bbox 2313 4121 2439 4174; x_wconf 77' lang='lat' dir='ltr'><strong>Luc.</strong></span> <span class='ocrx_word' id='word_1_693' title='bbox 2489 4119 2584 4190; x_wconf 87' lang='lat' dir='ltr'><strong>vi),</strong></span> <span class='ocrx_word' id='word_1_694' title='bbox 2617 4136 2738 4176; x_wconf 93' lang='lat' dir='ltr'><strong>non-</strong></span> <span class='ocrx_word' id='word_1_695' title='bbox 2771 4120 3042 4189; x_wconf 89' lang='lat' dir='ltr'><strong>prohibuit</strong></span> <span class='ocrx_word' id='word_1_696' title='bbox 3071 4121 3304 4188; x_wconf 87' lang='lat' dir='ltr'><strong>aliquem</strong></span> <span class='ocrx_word' id='word_1_697' title='bbox 3352 4120 3651 4188; x_wconf 71' lang='lat' dir='ltr'><strong>huiusmodi</strong></span> <span class='ocrx_word' id='word_1_698' title='bbox 3680 4121 3754 4173; x_wconf 86' lang='lat' dir='ltr'><strong>ab</strong></span> 
     </span>
    </p>
   </div>
   <div class='ocr_carea' id='block_1_87' title="bbox 2179 4210 3756 4282">
    <p class='ocr_par' dir='ltr' id='par_1_87' title="bbox 2179 4210 3756 4282">
     <span class='ocr_line' id='line_1_87' title="bbox 2179 4210 3756 4282; baseline 0.001 -18"><span class='ocrx_word' id='word_1_699' title='bbox 2179 4226 2244 4264; x_wconf 89' lang='lat' dir='ltr'><strong>eo</strong></span> <span class='ocrx_word' id='word_1_700' title='bbox 2272 4210 2576 4279; x_wconf 77' lang='lat' dir='ltr'><strong>suffragium</strong></span> <span class='ocrx_word' id='word_1_701' title='bbox 2608 4212 2982 4280; x_wconf 85' lang='lat' dir='ltr'><strong>postulantem.</strong></span> <span class='ocrx_word' id='word_1_702' title='bbox 3019 4211 3170 4267; x_wconf 88' lang='lat' dir='ltr'><strong>Unde</strong></span> <span class='ocrx_word' id='word_1_703' title='bbox 3201 4213 3301 4265; x_wconf 90' lang='lat' dir='ltr'><strong>hoc</strong></span> <span class='ocrx_word' id='word_1_704' title='bbox 3331 4213 3506 4267; x_wconf 86' lang='lat' dir='ltr'><strong>sciens</strong></span> <span class='ocrx_word' id='word_1_705' title='bbox 3535 4212 3756 4282; x_wconf 86' lang='lat' dir='ltr'><strong>quidam</strong></span> 
     </span>
    </p>
   </div>
   <div class='ocr_carea' id='block_1_88' title="bbox 2180 4301 3759 4371">
    <p class='ocr_par' dir='ltr' id='par_1_88' title="bbox 2180 4301 3759 4371">
     <span class='ocr_line' id='line_1_88' title="bbox 2180 4301 3759 4371; baseline -0.002 -16"><span class='ocrx_word' id='word_1_706' title='bbox 2180 4302 2438 4371; x_wconf 82' lang='lat' dir='ltr'><strong>malignus</strong></span> <span class='ocrx_word' id='word_1_707' title='bbox 2462 4311 2516 4356; x_wconf 90' lang='lat' dir='ltr'><strong>et</strong></span> <span class='ocrx_word' id='word_1_708' title='bbox 2541 4303 2816 4369; x_wconf 80' lang='lat' dir='ltr'><strong>impostor,</strong></span> <span class='ocrx_word' id='word_1_709' title='bbox 2843 4304 2992 4371; x_wconf 89' lang='lat' dir='ltr'><strong>petiit</strong></span> <span class='ocrx_word' id='word_1_710' title='bbox 3019 4301 3086 4355; x_wconf 90' lang='lat' dir='ltr'><strong>ab</strong></span> <span class='ocrx_word' id='word_1_711' title='bbox 3114 4317 3180 4357; x_wconf 94' lang='lat' dir='ltr'><strong>eo</strong></span> <span class='ocrx_word' id='word_1_712' title='bbox 3210 4311 3264 4356; x_wconf 93' lang='lat' dir='ltr'><strong>ut</strong></span> <span class='ocrx_word' id='word_1_713' title='bbox 3290 4302 3390 4355; x_wconf 91' lang='lat' dir='ltr'><strong>sibi</strong></span> <span class='ocrx_word' id='word_1_714' title='bbox 3420 4313 3633 4356; x_wconf 86' lang='lat' dir='ltr'><strong>mutuas</strong></span> <span class='ocrx_word' id='word_1_715' title='bbox 3660 4303 3759 4356; x_wconf 84' lang='lat' dir='ltr'><strong>da-</strong></span> 
     </span>
    </p>
   </div>
   <div class='ocr_carea' id='block_1_89' title="bbox 2182 4393 3758 4462">
    <p class='ocr_par' dir='ltr' id='par_1_89' title="bbox 2182 4393 3758 4462">
     <span class='ocr_line' id='line_1_89' title="bbox 2182 4393 3758 4462; baseline -0.001 -14"><span class='ocrx_word' id='word_1_716' title='bbox 2182 4404 2262 4448; x_wconf 91' lang='lat' dir='ltr'><strong>ret</strong></span> <span class='ocrx_word' id='word_1_717' title='bbox 2290 4394 2470 4462; x_wconf 86' lang='lat' dir='ltr'><strong>viginti</strong></span> <span class='ocrx_word' id='word_1_718' title='bbox 2514 4393 2680 4447; x_wconf 90' lang='lat' dir='ltr'><strong>libras</strong></span> <span class='ocrx_word' id='word_1_719' title='bbox 2707 4394 2842 4447; x_wconf 90' lang='lat' dir='ltr'><strong>auri.</strong></span> <span class='ocrx_word' id='word_1_720' title='bbox 2879 4394 3006 4447; x_wconf 87' lang='lat' dir='ltr'><strong>Erat</strong></span> <span class='ocrx_word' id='word_1_721' title='bbox 3033 4404 3208 4450; x_wconf 90' lang='lat' dir='ltr'><strong>autem</strong></span> <span class='ocrx_word' id='word_1_722' title='bbox 3241 4397 3310 4448; x_wconf 89' lang='lat' dir='ltr'><strong>de</strong></span> <span class='ocrx_word' id='word_1_723' title='bbox 3332 4395 3414 4447; x_wconf 91' lang='lat' dir='ltr'><strong>his</strong></span> <span class='ocrx_word' id='word_1_724' title='bbox 3444 4396 3533 4462; x_wconf 90' lang='lat' dir='ltr'><strong>qui</strong></span> <span class='ocrx_word' id='word_1_725' title='bbox 3560 4396 3758 4449; x_wconf 80' lang='lat' dir='ltr'><strong>dicun-</strong></span> 
     </span>
    </p>
   </div>
   <div class='ocr_carea' id='block_1_90' title="bbox 2179 4484 3753 4555">
    <p class='ocr_par' dir='ltr' id='par_1_90' title="bbox 2179 4484 3753 4555">
     <span class='ocr_line' id='line_1_90' title="bbox 2179 4484 3753 4555; baseline 0.002 -17"><span class='ocrx_word' id='word_1_726' title='bbox 2179 4494 2263 4538; x_wconf 91' lang='lat' dir='ltr'><strong>tur</strong></span> <span class='ocrx_word' id='word_1_727' title='bbox 2287 4484 2612 4539; x_wconf 91' lang='lat' dir='ltr'><strong>Gallodromi</strong></span> <span class='ocrx_word' id='word_1_728' title='bbox 2632 4484 2772 4554; x_wconf 76' lang='grc'><strong>(74).</strong></span> <span class='ocrx_word' id='word_1_729' title='bbox 2791 4486 3150 4541; x_wconf 87' lang='lat' dir='ltr'><strong>Contemnens</strong></span> <span class='ocrx_word' id='word_1_730' title='bbox 3165 4501 3287 4553; x_wconf 87' lang='lat' dir='ltr'><strong>ergo</strong></span> <span class='ocrx_word' id='word_1_731' title='bbox 3307 4495 3548 4539; x_wconf 69' lang='lat' dir='ltr'><strong>sanctum</strong></span> <span class='ocrx_word' id='word_1_732' title='bbox 3570 4502 3753 4555; x_wconf 89' lang='lat' dir='ltr'><strong>quem-</strong></span> 
     </span>
    </p>
   </div>
   <div class='ocr_carea' id='block_1_91' title="bbox 499 4573 3752 4650">
    <p class='ocr_par' dir='ltr' id='par_1_91' title="bbox 499 4573 3752 4650">
     <span class='ocr_line' id='line_1_91' title="bbox 499 4573 3752 4650; baseline 0.002 -22"><span class='ocrx_word' id='word_1_733' title='bbox 499 4574 590 4640; x_wconf 88' lang='lat' dir='ltr'><strong>qui</strong></span> <span class='ocrx_word' id='word_1_734' title='bbox 619 4590 646 4628; x_wconf 90' lang='lat' dir='ltr'><strong>a</strong></span> <span class='ocrx_word' id='word_1_735' title='bbox 670 4573 781 4628; x_wconf 90' lang='lat' dir='ltr'><strong>Deo</strong></span> <span class='ocrx_word' id='word_1_736' title='bbox 810 4574 1098 4631; x_wconf 88' lang='lat' dir='ltr'><strong>honoratur</strong></span> <span class='ocrx_word' id='word_1_737' title='bbox 1125 4575 1442 4650; x_wconf 72' lang='lat' dir='ltr'><strong>inhonorus,</strong></span> <span class='ocrx_word' id='word_1_738' title='bbox 1473 4587 1529 4631; x_wconf 91' lang='lat' dir='ltr'><strong>et</strong></span> <span class='ocrx_word' id='word_1_739' title='bbox 1547 4578 1697 4647; x_wconf 89' lang='lat' dir='ltr'><strong>quasi</strong></span> <span class='ocrx_word' id='word_1_740' title='bbox 1719 4593 1821 4633; x_wconf 91' lang='lat' dir='ltr'><strong>non</strong></span> <span class='ocrx_word' id='word_1_741' title='bbox 1843 4581 1918 4635; x_wconf 87' lang='lat' dir='ltr'><strong>sis</strong></span> <span class='ocrx_word' id='word_1_742' title='bbox 1940 4581 2074 4650; x_wconf 81' lang='lat' dir='ltr'><strong>ejus-</strong></span> <span class='ocrx_word' id='word_1_743' title='bbox 2101 4577 2153 4640; x_wconf 80' lang='grc' dir='ltr'><strong>Ι)</strong></span> <span class='ocrx_word' id='word_1_744' title='bbox 2179 4579 2462 4632; x_wconf 81' lang='lat' dir='ltr'><strong>admodum</strong></span> <span class='ocrx_word' id='word_1_745' title='bbox 2493 4590 2546 4633; x_wconf 94' lang='lat' dir='ltr'><strong>et</strong></span> <span class='ocrx_word' id='word_1_746' title='bbox 2593 4579 2724 4632; x_wconf 88' lang='lat' dir='ltr'><strong>alios</strong></span> <span class='ocrx_word' id='word_1_747' title='bbox 2753 4579 2966 4646; x_wconf 77' lang='lat' dir='ltr'><strong>multos,</strong></span> <span class='ocrx_word' id='word_1_748' title='bbox 3012 4581 3215 4635; x_wconf 82' lang='lat' dir='ltr'><strong>dicebat</strong></span> <span class='ocrx_word' id='word_1_749' title='bbox 3241 4596 3253 4630; x_wconf 86' lang='lat'><strong>:</strong></span> <span class='ocrx_word' id='word_1_750' title='bbox 3277 4580 3406 4644; x_wconf 85' lang='lat' dir='ltr'><strong>Quia</strong></span> <span class='ocrx_word' id='word_1_751' title='bbox 3440 4578 3577 4632; x_wconf 91' lang='lat' dir='ltr'><strong>nihil</strong></span> <span class='ocrx_word' id='word_1_752' title='bbox 3610 4581 3752 4634; x_wconf 86' lang='lat' dir='ltr'><strong>mihi</strong></span> 
     </span>
    </p>
   </div>
   <div class='ocr_carea' id='block_1_92' title="bbox 499 4665 2067 4736">
    <p class='ocr_par' dir='ltr' id='par_1_92' title="bbox 499 4665 2067 4736">
     <span class='ocr_line' id='line_1_92' title="bbox 499 4665 2067 4736; baseline 0.006 -18"><span class='ocrx_word' id='word_1_753' title='bbox 499 4665 620 4727; x_wconf 80' lang='lat' dir='ltr'><strong>dem</strong></span> <span class='ocrx_word' id='word_1_754' title='bbox 651 4674 873 4730; x_wconf 65' lang='lat' dir='ltr'><strong>naturai,</strong></span> <span class='ocrx_word' id='word_1_755' title='bbox 899 4680 999 4718; x_wconf 93' lang='lat' dir='ltr'><strong>non</strong></span> <span class='ocrx_word' id='word_1_756' title='bbox 1025 4681 1246 4733; x_wconf 87' lang='lat' dir='ltr'><strong>parcens</strong></span> <span class='ocrx_word' id='word_1_757' title='bbox 1266 4665 1424 4721; x_wconf 87' lang='lat' dir='ltr'><strong>feris?</strong></span> <span class='ocrx_word' id='word_1_758' title='bbox 1449 4668 1539 4721; x_wconf 89' lang='lat' dir='ltr'><strong>Dic</strong></span> <span class='ocrx_word' id='word_1_759' title='bbox 1561 4709 1574 4733; x_wconf 90' lang='lat'><strong>,</strong></span> <span class='ocrx_word' id='word_1_760' title='bbox 1603 4670 1858 4736; x_wconf 89' lang='lat' dir='ltr'><strong>obsecro,</strong></span> <span class='ocrx_word' id='word_1_761' title='bbox 1881 4673 2067 4736; x_wconf 86' lang='lat' dir='ltr'><strong>velles,</strong></span> 
     </span>
    </p>
   </div>
   <div class='ocr_carea' id='block_1_93' title="bbox 497 4756 2068 4825">
    <p class='ocr_par' dir='ltr' id='par_1_93' title="bbox 497 4756 2068 4825">
     <span class='ocr_line' id='line_1_93' title="bbox 497 4756 2068 4825; baseline 0.006 -18"><span class='ocrx_word' id='word_1_762' title='bbox 497 4757 707 4825; x_wconf 86' lang='lat' dir='ltr'><strong>quoties</strong></span> <span class='ocrx_word' id='word_1_763' title='bbox 736 4757 947 4824; x_wconf 82' lang='lat' dir='ltr'><strong>culpam</strong></span> <span class='ocrx_word' id='word_1_764' title='bbox 979 4756 1238 4823; x_wconf 86' lang='lat' dir='ltr'><strong>admittis,</strong></span> <span class='ocrx_word' id='word_1_765' title='bbox 1273 4767 1328 4810; x_wconf 91' lang='lat' dir='ltr'><strong>ut</strong></span> <span class='ocrx_word' id='word_1_766' title='bbox 1350 4773 1470 4812; x_wconf 80' lang='lat' dir='ltr'><strong>mox</strong></span> <span class='ocrx_word' id='word_1_767' title='bbox 1499 4759 1746 4814; x_wconf 82' lang='lat' dir='ltr'><strong>redderet</strong></span> <span class='ocrx_word' id='word_1_768' title='bbox 1772 4761 1864 4816; x_wconf 91' lang='lat' dir='ltr'><strong>tibi</strong></span> <span class='ocrx_word' id='word_1_769' title='bbox 1898 4763 2068 4818; x_wconf 72' lang='lat' dir='ltr'><strong>Deus?</strong></span> 
     </span>
    </p>
   </div>
   <div class='ocr_carea' id='block_1_94' title="bbox 498 4847 2067 4918">
    <p class='ocr_par' dir='ltr' id='par_1_94' title="bbox 498 4847 2067 4918">
     <span class='ocr_line' id='line_1_94' title="bbox 498 4847 2067 4918; baseline 0.005 -18"><span class='ocrx_word' id='word_1_770' title='bbox 498 4847 861 4916; x_wconf 83' lang='lat' dir='ltr'><strong>Nequaquam.</strong></span> <span class='ocrx_word' id='word_1_771' title='bbox 897 4848 1008 4914; x_wconf 91' lang='lat' dir='ltr'><strong>Dic,</strong></span> <span class='ocrx_word' id='word_1_772' title='bbox 1061 4848 1326 4916; x_wconf 91' lang='lat' dir='ltr'><strong>quomodo</strong></span> <span class='ocrx_word' id='word_1_773' title='bbox 1369 4864 1490 4904; x_wconf 90' lang='lat' dir='ltr'><strong>oras</strong></span> <span class='ocrx_word' id='word_1_774' title='bbox 1536 4851 1792 4918; x_wconf 89' lang='lat' dir='ltr'><strong>quotidie,</strong></span> <span class='ocrx_word' id='word_1_775' title='bbox 1841 4855 2067 4908; x_wconf 88' lang='lat' dir='ltr'><strong>dicens:</strong></span> 
     </span>
    </p>
   </div>
   <div class='ocr_carea' id='block_1_95' title="bbox 477 4940 2070 5005">
    <p class='ocr_par' dir='ltr' id='par_1_95' title="bbox 477 4940 2070 5005">
     <span class='ocr_line' id='line_1_95' title="bbox 477 4940 2070 5005; baseline 0.008 -15"><span class='ocrx_word' id='word_1_776' title='bbox 477 4941 717 4994; x_wconf 67' lang='lat' dir='ltr'><strong>Dimitte</strong></span> <span class='ocrx_word' id='word_1_777' title='bbox 747 4940 900 4992; x_wconf 90' lang='lat' dir='ltr'><strong>nobis</strong></span> <span class='ocrx_word' id='word_1_778' title='bbox 926 4940 1108 4995; x_wconf 89' lang='lat' dir='ltr'><strong>debita</strong></span> <span class='ocrx_word' id='word_1_779' title='bbox 1137 4949 1337 5005; x_wconf 91' lang='lat' dir='ltr'><strong>nostra,</strong></span> <span class='ocrx_word' id='word_1_780' title='bbox 1366 4941 1504 4994; x_wconf 88' lang='lat' dir='ltr'><strong>sicut</strong></span> <span class='ocrx_word' id='word_1_781' title='bbox 1546 4953 1598 4996; x_wconf 93' lang='lat' dir='ltr'><strong>et</strong></span> <span class='ocrx_word' id='word_1_782' title='bbox 1630 4960 1728 4998; x_wconf 88' lang='lat' dir='ltr'><strong>nos</strong></span> <span class='ocrx_word' id='word_1_783' title='bbox 1755 4945 2070 5002; x_wconf 89' lang='lat' dir='ltr'><strong>dimittimus</strong></span> 
     </span>
    </p>
   </div>
   <div class='ocr_carea' id='block_1_96' title="bbox 499 5033 2066 5106">
    <p class='ocr_par' dir='ltr' id='par_1_96' title="bbox 499 5033 2066 5106">
     <span class='ocr_line' id='line_1_96' title="bbox 499 5033 2066 5106; baseline 0.003 -16"><span class='ocrx_word' id='word_1_784' title='bbox 499 5033 828 5090; x_wconf 76' lang='lat' dir='ltr'><strong>debitoribus</strong></span> <span class='ocrx_word' id='word_1_785' title='bbox 858 5035 1054 5089; x_wconf 90' lang='lat' dir='ltr'><strong>nostris</strong></span> <span class='ocrx_word' id='word_1_786' title='bbox 1081 5033 1294 5106; x_wconf 81' lang='lat' dir='ltr'><strong>(Matth.</strong></span> <span class='ocrx_word' id='word_1_787' title='bbox 1318 5035 1429 5103; x_wconf 80' lang='lat' dir='ltr'><strong>Vt)?</strong></span> <span class='ocrx_word' id='word_1_788' title='bbox 1475 5035 1568 5088; x_wconf 82' lang='lat' dir='ltr'><strong>llis</strong></span> <span class='ocrx_word' id='word_1_789' title='bbox 1605 5045 1658 5089; x_wconf 91' lang='lat' dir='ltr'><strong>et</strong></span> <span class='ocrx_word' id='word_1_790' title='bbox 1683 5037 1763 5091; x_wconf 88' lang='lat' dir='ltr'><strong>his</strong></span> <span class='ocrx_word' id='word_1_791' title='bbox 1806 5038 2066 5095; x_wconf 86' lang='lat' dir='ltr'><strong>similibus</strong></span> 
     </span>
    </p>
   </div>
   <div class='ocr_carea' id='block_1_97' title="bbox 495 5125 2065 5185">
    <p class='ocr_par' dir='ltr' id='par_1_97' title="bbox 495 5125 2065 5185">
     <span class='ocr_line' id='line_1_97' title="bbox 495 5125 2065 5185; baseline 0.006 -9"><span class='ocrx_word' id='word_1_792' title='bbox 495 5125 673 5178; x_wconf 85' lang='lat' dir='ltr'><strong>verbis</strong></span> <span class='ocrx_word' id='word_1_793' title='bbox 727 5125 793 5179; x_wconf 91' lang='lat' dir='ltr'><strong>de</strong></span> <span class='ocrx_word' id='word_1_794' title='bbox 843 5126 1112 5181; x_wconf 88' lang='lat' dir='ltr'><strong>habitante</strong></span> <span class='ocrx_word' id='word_1_795' title='bbox 1141 5128 1192 5180; x_wconf 93' lang='lat' dir='ltr'><strong>in</strong></span> <span class='ocrx_word' id='word_1_796' title='bbox 1238 5141 1298 5180; x_wconf 91' lang='lat' dir='ltr'><strong>se</strong></span> <span class='ocrx_word' id='word_1_797' title='bbox 1347 5126 1596 5180; x_wconf 81' lang='lat' dir='ltr'><strong>thesauro</strong></span> <span class='ocrx_word' id='word_1_798' title='bbox 1647 5142 1874 5182; x_wconf 90' lang='lat' dir='ltr'><strong>mouens</strong></span> <span class='ocrx_word' id='word_1_799' title='bbox 1923 5131 2065 5185; x_wconf 91' lang='lat' dir='ltr'><strong>hunc</strong></span> 
     </span>
    </p>
   </div>
   <div class='ocr_carea' id='block_1_98' title="bbox 505 5215 2064 5286">
    <p class='ocr_par' dir='ltr' id='par_1_98' title="bbox 505 5215 2064 5286">
     <span class='ocr_line' id='line_1_98' title="bbox 505 5215 2064 5286; baseline 0.005 -19"><span class='ocrx_word' id='word_1_800' title='bbox 505 5215 766 5280; x_wconf 86' lang='lat' dir='ltr'><strong>absolvit;</strong></span> <span class='ocrx_word' id='word_1_801' title='bbox 799 5223 853 5270; x_wconf 92' lang='lat' dir='ltr'><strong>et</strong></span> <span class='ocrx_word' id='word_1_802' title='bbox 880 5219 978 5271; x_wconf 91' lang='lat' dir='ltr'><strong>nisi</strong></span> <span class='ocrx_word' id='word_1_803' title='bbox 1025 5217 1302 5271; x_wconf 88' lang='lat' dir='ltr'><strong>didicisset</strong></span> <span class='ocrx_word' id='word_1_804' title='bbox 1329 5217 1485 5270; x_wconf 89' lang='lat' dir='ltr'><strong>istum</strong></span> <span class='ocrx_word' id='word_1_805' title='bbox 1531 5219 1892 5284; x_wconf 88' lang='lat' dir='ltr'><strong>emendatum,</strong></span> <span class='ocrx_word' id='word_1_806' title='bbox 1925 5237 2064 5286; x_wconf 68' lang='lat' dir='ltr'><strong>prte-</strong></span> 
     </span>
    </p>
   </div>
   <div class='ocr_carea' id='block_1_99' title="bbox 496 5307 2061 5383">
    <p class='ocr_par' dir='ltr' id='par_1_99' title="bbox 496 5307 2061 5383">
     <span class='ocr_line' id='line_1_99' title="bbox 496 5307 2061 5383; baseline 0.006 -25"><span class='ocrx_word' id='word_1_807' title='bbox 496 5309 778 5376; x_wconf 87' lang='lat' dir='ltr'><strong>parabatet</strong></span> <span class='ocrx_word' id='word_1_808' title='bbox 800 5307 1091 5364; x_wconf 89' lang='lat' dir='ltr'><strong>instruebat</strong></span> <span class='ocrx_word' id='word_1_809' title='bbox 1114 5326 1323 5364; x_wconf 89' lang='lat' dir='ltr'><strong>servum</strong></span> <span class='ocrx_word' id='word_1_810' title='bbox 1354 5311 1609 5366; x_wconf 86' lang='lat' dir='ltr'><strong>afflictum</strong></span> <span class='ocrx_word' id='word_1_811' title='bbox 1635 5352 1651 5377; x_wconf 97' lang='lat'><strong>,</strong></span> <span class='ocrx_word' id='word_1_812' title='bbox 1685 5321 1742 5365; x_wconf 90' lang='lat' dir='ltr'><strong>ut</strong></span> <span class='ocrx_word' id='word_1_813' title='bbox 1769 5313 1943 5383; x_wconf 88' lang='lat' dir='ltr'><strong>fugam</strong></span> <span class='ocrx_word' id='word_1_814' title='bbox 1975 5331 2061 5368; x_wconf 83' lang='lat' dir='ltr'><strong>ar-</strong></span> 
     </span>
    </p>
   </div>
   <div class='ocr_carea' id='block_1_100' title="bbox 495 5401 2062 5474">
    <p class='ocr_par' dir='ltr' id='par_1_100' title="bbox 495 5401 2062 5474">
     <span class='ocr_line' id='line_1_100' title="bbox 495 5401 2062 5474; baseline 0.004 -20"><span class='ocrx_word' id='word_1_815' title='bbox 495 5401 714 5470; x_wconf 87' lang='lat' dir='ltr'><strong>riperet,</strong></span> <span class='ocrx_word' id='word_1_816' title='bbox 746 5413 798 5458; x_wconf 91' lang='lat' dir='ltr'><strong>et</strong></span> <span class='ocrx_word' id='word_1_817' title='bbox 826 5403 1183 5458; x_wconf 86' lang='lat' dir='ltr'><strong>venditionem</strong></span> <span class='ocrx_word' id='word_1_818' title='bbox 1215 5412 1454 5471; x_wconf 89' lang='lat' dir='ltr'><strong>peteret;</strong></span> <span class='ocrx_word' id='word_1_819' title='bbox 1486 5412 1540 5459; x_wconf 93' lang='lat' dir='ltr'><strong>et</strong></span> <span class='ocrx_word' id='word_1_820' title='bbox 1583 5405 1724 5460; x_wconf 90' lang='lat' dir='ltr'><strong>hunc</strong></span> <span class='ocrx_word' id='word_1_821' title='bbox 1751 5419 2062 5474; x_wconf 87' lang='lat' dir='ltr'><strong>comparans</strong></span> 
     </span>
    </p>
   </div>
   <div class='ocr_carea' id='block_1_101' title="bbox 487 5491 1457 5562">
    <p class='ocr_par' dir='ltr' id='par_1_101' title="bbox 487 5491 1457 5562">
     <span class='ocr_line' id='line_1_101' title="bbox 487 5491 1457 5562; baseline 0.003 -17"><span class='ocrx_word' id='word_1_822' title='bbox 487 5492 684 5562; x_wconf 90' lang='lat' dir='ltr'><strong>justus,</strong></span> <span class='ocrx_word' id='word_1_823' title='bbox 713 5493 890 5546; x_wconf 87' lang='lat' dir='ltr'><strong>statim</strong></span> <span class='ocrx_word' id='word_1_824' title='bbox 923 5491 1143 5546; x_wconf 89' lang='lat' dir='ltr'><strong>liberum</strong></span> <span class='ocrx_word' id='word_1_825' title='bbox 1174 5493 1457 5548; x_wconf 86' lang='lat' dir='ltr'><strong>statuebat.</strong></span> 
     </span>
    </p>
   </div>
   <div class='ocr_carea' id='block_1_102' title="bbox 567 5584 2068 5660">
    <p class='ocr_par' dir='ltr' id='par_1_102' title="bbox 567 5584 2068 5660">
     <span class='ocr_line' id='line_1_102' title="bbox 567 5584 2068 5660; baseline 0.003 -21"><span class='ocrx_word' id='word_1_826' title='bbox 567 5587 695 5641; x_wconf 59' lang='lat' dir='ltr'><strong>Car.</strong></span> <span class='ocrx_word' id='word_1_827' title='bbox 727 5585 966 5639; x_wconf 81' lang='lat' dir='ltr'><strong>XXXIII.</strong></span> <span class='ocrx_word' id='word_1_828' title='bbox 994 5615 1062 5624; x_wconf 83' lang='lat'><strong>—-</strong></span> <span class='ocrx_word' id='word_1_829' title='bbox 1085 5584 1320 5641; x_wconf 86' lang='lat' dir='ltr'><strong>Audiens</strong></span> <span class='ocrx_word' id='word_1_830' title='bbox 1349 5587 1633 5656; x_wconf 87' lang='lat' dir='ltr'><strong>aliquando</strong></span> <span class='ocrx_word' id='word_1_831' title='bbox 1661 5589 1934 5660; x_wconf 86' lang='lat' dir='ltr'><strong>cujusdam</strong></span> <span class='ocrx_word' id='word_1_832' title='bbox 1964 5589 2068 5644; x_wconf 83' lang='lat' dir='ltr'><strong>ele-</strong></span> 
     </span>
    </p>
   </div>
   <div class='ocr_carea' id='block_1_103' title="bbox 493 5676 2066 5750">
    <p class='ocr_par' dir='ltr' id='par_1_103' title="bbox 493 5676 2066 5750">
     <span class='ocr_line' id='line_1_103' title="bbox 493 5676 2066 5750; baseline 0.002 -20"><span class='ocrx_word' id='word_1_833' title='bbox 493 5676 884 5745; x_wconf 73' lang='lat' dir='ltr'><strong>cmosyuatoris</strong></span> <span class='ocrx_word' id='word_1_834' title='bbox 913 5690 1130 5742; x_wconf 87' lang='lat' dir='ltr'><strong>puerum</strong></span> <span class='ocrx_word' id='word_1_835' title='bbox 1163 5676 1462 5744; x_wconf 87' lang='lat' dir='ltr'><strong>orphanum</strong></span> <span class='ocrx_word' id='word_1_836' title='bbox 1494 5679 1804 5736; x_wconf 86' lang='lat' dir='ltr'><strong>derelictum</strong></span> <span class='ocrx_word' id='word_1_837' title='bbox 1828 5722 1842 5747; x_wconf 93' lang='lat'><strong>,</strong></span> <span class='ocrx_word' id='word_1_838' title='bbox 1874 5696 2066 5750; x_wconf 89' lang='lat' dir='ltr'><strong>paren-</strong></span> 
     </span>
    </p>
   </div>
   <div class='ocr_carea' id='block_1_104' title="bbox 496 5767 2068 5844">
    <p class='ocr_par' dir='ltr' id='par_1_104' title="bbox 496 5767 2068 5844">
     <span class='ocr_line' id='line_1_104' title="bbox 496 5767 2068 5844; baseline 0.003 -20"><span class='ocrx_word' id='word_1_839' title='bbox 496 5771 633 5824; x_wconf 82' lang='lat' dir='ltr'><strong>tibus</strong></span> <span class='ocrx_word' id='word_1_840' title='bbox 664 5767 774 5822; x_wconf 89' lang='lat' dir='ltr'><strong>suis</strong></span> <span class='ocrx_word' id='word_1_841' title='bbox 805 5767 1171 5833; x_wconf 87' lang='lat' dir='ltr'><strong>tuorientihus,</strong></span> <span class='ocrx_word' id='word_1_842' title='bbox 1204 5779 1256 5823; x_wconf 87' lang='lat' dir='ltr'><strong>ct</strong></span> <span class='ocrx_word' id='word_1_843' title='bbox 1291 5773 1338 5824; x_wconf 91' lang='lat' dir='ltr'><strong>iu</strong></span> <span class='ocrx_word' id='word_1_844' title='bbox 1389 5772 1554 5828; x_wconf 87' lang='lat' dir='ltr'><strong>multa</strong></span> <span class='ocrx_word' id='word_1_845' title='bbox 1587 5783 1902 5844; x_wconf 82' lang='lat' dir='ltr'><strong>paupertate</strong></span> <span class='ocrx_word' id='word_1_846' title='bbox 1932 5788 2068 5830; x_wconf 91' lang='lat' dir='ltr'><strong>con-</strong></span> 
     </span>
    </p>
   </div>
   <div class='ocr_carea' id='block_1_105' title="bbox 2178 4669 3753 4739">
    <p class='ocr_par' dir='ltr' id='par_1_105' title="bbox 2178 4669 3753 4739">
     <span class='ocr_line' id='line_1_105' title="bbox 2178 4669 3753 4739; baseline 0.001 -17"><span class='ocrx_word' id='word_1_847' title='bbox 2178 4669 2342 4723; x_wconf 90' lang='lat' dir='ltr'><strong>dedit.</strong></span> <span class='ocrx_word' id='word_1_848' title='bbox 2387 4669 2721 4736; x_wconf 68' lang='lat' dir='ltr'><strong>Quaesieruut</strong></span> <span class='ocrx_word' id='word_1_849' title='bbox 2749 4669 2927 4739; x_wconf 89' lang='lat' dir='ltr'><strong>itaque</strong></span> <span class='ocrx_word' id='word_1_850' title='bbox 2957 4669 3205 4726; x_wconf 78' lang='lat' dir='ltr'><strong>Ecclesia:</strong></span> <span class='ocrx_word' id='word_1_851' title='bbox 3224 4683 3478 4738; x_wconf 56' lang='lat' dir='ltr'><strong>pastores</strong></span> <span class='ocrx_word' id='word_1_852' title='bbox 3507 4680 3564 4725; x_wconf 89' lang='lat' dir='ltr'><strong>et</strong></span> <span class='ocrx_word' id='word_1_853' title='bbox 3595 4672 3753 4725; x_wconf 89' lang='lat' dir='ltr'><strong>ordi-</strong></span> 
     </span>
    </p>
   </div>
   <div class='ocr_carea' id='block_1_106' title="bbox 2151 4761 3746 4832">
    <p class='ocr_par' dir='ltr' id='par_1_106' title="bbox 2151 4761 3746 4832">
     <span class='ocr_line' id='line_1_106' title="bbox 2151 4761 3746 4832; baseline 0.001 -18"><span class='ocrx_word' id='word_1_854' title='bbox 2151 4790 2153 4797; x_wconf 65' lang='grc' dir='ltr'><strong><em>τ</em></strong></span> <span class='ocrx_word' id='word_1_855' title='bbox 2180 4770 2392 4815; x_wconf 87' lang='lat' dir='ltr'><strong>natures</strong></span> <span class='ocrx_word' id='word_1_856' title='bbox 2421 4769 2477 4813; x_wconf 91' lang='lat' dir='ltr'><strong>ut</strong></span> <span class='ocrx_word' id='word_1_857' title='bbox 2505 4761 2554 4813; x_wconf 88' lang='lat' dir='ltr'><strong>itt</strong></span> <span class='ocrx_word' id='word_1_858' title='bbox 2587 4774 2853 4815; x_wconf 88' lang='lat' dir='ltr'><strong>carcerem</strong></span> <span class='ocrx_word' id='word_1_859' title='bbox 2887 4762 3029 4816; x_wconf 91' lang='lat' dir='ltr'><strong>hunc</strong></span> <span class='ocrx_word' id='word_1_860' title='bbox 3060 4763 3361 4827; x_wconf 77' lang='lat' dir='ltr'><strong>mitterent,</strong></span> <span class='ocrx_word' id='word_1_861' title='bbox 3411 4773 3465 4816; x_wconf 90' lang='lat' dir='ltr'><strong>et</strong></span> <span class='ocrx_word' id='word_1_862' title='bbox 3495 4764 3746 4832; x_wconf 90' lang='lat' dir='ltr'><strong>publica-</strong></span> 
     </span>
    </p>
   </div>
   <div class='ocr_carea' id='block_1_107' title="bbox 2180 4851 3751 4922">
    <p class='ocr_par' dir='ltr' id='par_1_107' title="bbox 2180 4851 3751 4922">
     <span class='ocr_line' id='line_1_107' title="bbox 2180 4851 3751 4922; baseline 0.002 -15"><span class='ocrx_word' id='word_1_863' title='bbox 2180 4862 2299 4907; x_wconf 89' lang='lat' dir='ltr'><strong>rent</strong></span> <span class='ocrx_word' id='word_1_864' title='bbox 2344 4851 2458 4921; x_wconf 84' lang='lat' dir='ltr'><strong>ejus</strong></span> <span class='ocrx_word' id='word_1_865' title='bbox 2487 4854 2857 4909; x_wconf 87' lang='lat' dir='ltr'><strong>substantiam.</strong></span> <span class='ocrx_word' id='word_1_866' title='bbox 2890 4855 2962 4908; x_wconf 85' lang='lat' dir='ltr'><strong>At</strong></span> <span class='ocrx_word' id='word_1_867' title='bbox 2990 4855 3222 4909; x_wconf 87' lang='lat' dir='ltr'><strong>imitator</strong></span> <span class='ocrx_word' id='word_1_868' title='bbox 3251 4855 3502 4922; x_wconf 89' lang='lat' dir='ltr'><strong>dicentis,</strong></span> <span class='ocrx_word' id='word_1_869' title='bbox 3563 4857 3751 4912; x_wconf 80' lang='lat' dir='ltr'><strong>Estote</strong></span> 
     </span>
    </p>
   </div>
   <div class='ocr_carea' id='block_1_108' title="bbox 2180 4943 3741 5010">
    <p class='ocr_par' dir='ltr' id='par_1_108' title="bbox 2180 4943 3741 5010">
     <span class='ocr_line' id='line_1_108' title="bbox 2180 4943 3741 5010; baseline 0.004 -16"><span class='ocrx_word' id='word_1_870' title='bbox 2180 4943 2570 5010; x_wconf 86' lang='lat' dir='ltr'><strong>misericordes,</strong></span> <span class='ocrx_word' id='word_1_871' title='bbox 2626 4943 2763 4999; x_wconf 89' lang='lat' dir='ltr'><strong>sicut</strong></span> <span class='ocrx_word' id='word_1_872' title='bbox 2792 4956 2846 4999; x_wconf 92' lang='lat' dir='ltr'><strong>et</strong></span> <span class='ocrx_word' id='word_1_873' title='bbox 2888 4945 3046 5002; x_wconf 89' lang='lat' dir='ltr'><strong>Pater</strong></span> <span class='ocrx_word' id='word_1_874' title='bbox 3094 4957 3271 5001; x_wconf 89' lang='lat' dir='ltr'><strong>vester</strong></span> <span class='ocrx_word' id='word_1_875' title='bbox 3316 4949 3621 5003; x_wconf 87' lang='lat' dir='ltr'><strong>misericors</strong></span> <span class='ocrx_word' id='word_1_876' title='bbox 3663 4960 3741 5002; x_wconf 75' lang='lat' dir='ltr'><strong>i-st</strong></span> 
     </span>
    </p>
   </div>
   <div class='ocr_carea' id='block_1_109' title="bbox 2180 5033 3741 5110">
    <p class='ocr_par' dir='ltr' id='par_1_109' title="bbox 2180 5033 3741 5110">
     <span class='ocr_line' id='line_1_109' title="bbox 2180 5033 3741 5110; baseline 0.006 -25"><span class='ocrx_word' id='word_1_877' title='bbox 2180 5033 2355 5098; x_wconf 68' lang='lat' dir='ltr'><strong>(Lucae</strong></span> <span class='ocrx_word' id='word_1_878' title='bbox 2378 5035 2472 5104; x_wconf 80' lang='lat' dir='ltr'><strong>Vl),</strong></span> <span class='ocrx_word' id='word_1_879' title='bbox 2505 5034 2596 5103; x_wconf 92' lang='lat' dir='ltr'><strong>qui</strong></span> <span class='ocrx_word' id='word_1_880' title='bbox 2623 5036 2789 5090; x_wconf 89' lang='lat' dir='ltr'><strong>solem</strong></span> <span class='ocrx_word' id='word_1_881' title='bbox 2820 5052 2971 5092; x_wconf 90' lang='lat' dir='ltr'><strong>suum</strong></span> <span class='ocrx_word' id='word_1_882' title='bbox 2997 5039 3128 5093; x_wconf 86' lang='lat' dir='ltr'><strong>oriri</strong></span> <span class='ocrx_word' id='word_1_883' title='bbox 3157 5041 3281 5094; x_wconf 89' lang='lat' dir='ltr'><strong>facit</strong></span> <span class='ocrx_word' id='word_1_884' title='bbox 3306 5055 3470 5110; x_wconf 86' lang='lat' dir='ltr'><strong>super</strong></span> <span class='ocrx_word' id='word_1_885' title='bbox 3496 5042 3656 5094; x_wconf 91' lang='lat' dir='ltr'><strong>bonos</strong></span> <span class='ocrx_word' id='word_1_886' title='bbox 3683 5051 3741 5094; x_wconf 87' lang='lat' dir='ltr'><strong>et</strong></span> 
     </span>
    </p>
   </div>
   <div class='ocr_carea' id='block_1_110' title="bbox 2173 5127 3740 5203">
    <p class='ocr_par' dir='ltr' id='par_1_110' title="bbox 2173 5127 3740 5203">
     <span class='ocr_line' id='line_1_110' title="bbox 2173 5127 3740 5203; baseline 0.004 -22"><span class='ocrx_word' id='word_1_887' title='bbox 2173 5130 2363 5192; x_wconf 88' lang='lat' dir='ltr'><strong>malos,</strong></span> <span class='ocrx_word' id='word_1_888' title='bbox 2391 5139 2444 5182; x_wconf 90' lang='lat' dir='ltr'><strong>et</strong></span> <span class='ocrx_word' id='word_1_889' title='bbox 2472 5127 2603 5195; x_wconf 87' lang='lat' dir='ltr'><strong>pluit</strong></span> <span class='ocrx_word' id='word_1_890' title='bbox 2631 5144 2790 5199; x_wconf 89' lang='lat' dir='ltr'><strong>super</strong></span> <span class='ocrx_word' id='word_1_891' title='bbox 2812 5131 2984 5200; x_wconf 87' lang='lat' dir='ltr'><strong>justos</strong></span> <span class='ocrx_word' id='word_1_892' title='bbox 3013 5142 3066 5187; x_wconf 94' lang='lat' dir='ltr'><strong>et</strong></span> <span class='ocrx_word' id='word_1_893' title='bbox 3111 5132 3360 5202; x_wconf 82' lang='lat' dir='ltr'><strong>iniustos,</strong></span> <span class='ocrx_word' id='word_1_894' title='bbox 3411 5149 3740 5203; x_wconf 87' lang='lat' dir='ltr'><strong>nequaquam</strong></span> 
     </span>
    </p>
   </div>
   <div class='ocr_carea' id='block_1_111' title="bbox 2173 5222 3745 5294">
    <p class='ocr_par' dir='ltr' id='par_1_111' title="bbox 2173 5222 3745 5294">
     <span class='ocr_line' id='line_1_111' title="bbox 2173 5222 3745 5294; baseline 0.004 -19"><span class='ocrx_word' id='word_1_895' title='bbox 2173 5222 2276 5275; x_wconf 78' lang='lat' dir='ltr'><strong>illis</strong></span> <span class='ocrx_word' id='word_1_896' title='bbox 2304 5223 2593 5285; x_wconf 76' lang='lat' dir='ltr'><strong>consensit,</strong></span> <span class='ocrx_word' id='word_1_897' title='bbox 2627 5231 2684 5276; x_wconf 91' lang='lat' dir='ltr'><strong>ut</strong></span> <span class='ocrx_word' id='word_1_898' title='bbox 2703 5238 2824 5277; x_wconf 90' lang='lat' dir='ltr'><strong>eum</strong></span> <span class='ocrx_word' id='word_1_899' title='bbox 2851 5223 3171 5294; x_wconf 85' lang='lat' dir='ltr'><strong>aflligerent.</strong></span> <span class='ocrx_word' id='word_1_900' title='bbox 3208 5226 3300 5279; x_wconf 86' lang='lat' dir='ltr'><strong>His</strong></span> <span class='ocrx_word' id='word_1_901' title='bbox 3325 5237 3501 5282; x_wconf 85' lang='lat' dir='ltr'><strong>autem</strong></span> <span class='ocrx_word' id='word_1_902' title='bbox 3526 5229 3745 5283; x_wconf 79' lang='lat' dir='ltr'><strong>turbau-</strong></span> 
     </span>
    </p>
   </div>
   <div class='ocr_carea' id='block_1_112' title="bbox 2172 5313 3747 5386">
    <p class='ocr_par' dir='ltr' id='par_1_112' title="bbox 2172 5313 3747 5386">
     <span class='ocr_line' id='line_1_112' title="bbox 2172 5313 3747 5386; baseline 0.006 -20"><span class='ocrx_word' id='word_1_903' title='bbox 2172 5313 2312 5367; x_wconf 88' lang='lat' dir='ltr'><strong>tibus</strong></span> <span class='ocrx_word' id='word_1_904' title='bbox 2337 5320 2520 5366; x_wconf 89' lang='lat' dir='ltr'><strong>contra</strong></span> <span class='ocrx_word' id='word_1_905' title='bbox 2551 5328 2693 5375; x_wconf 90' lang='lat' dir='ltr'><strong>eum,</strong></span> <span class='ocrx_word' id='word_1_906' title='bbox 2728 5323 2905 5383; x_wconf 88' lang='lat' dir='ltr'><strong>utpote</strong></span> <span class='ocrx_word' id='word_1_907' title='bbox 2931 5318 3018 5382; x_wconf 91' lang='lat' dir='ltr'><strong>qui</strong></span> <span class='ocrx_word' id='word_1_908' title='bbox 3051 5317 3370 5384; x_wconf 70' lang='lat' dir='ltr'><strong>patriarcha:</strong></span> <span class='ocrx_word' id='word_1_909' title='bbox 3399 5319 3657 5386; x_wconf 81' lang='lat' dir='ltr'><strong>illuserat,</strong></span> <span class='ocrx_word' id='word_1_910' title='bbox 3691 5329 3747 5375; x_wconf 87' lang='lat' dir='ltr'><strong>et</strong></span> 
     </span>
    </p>
   </div>
   <div class='ocr_carea' id='block_1_113' title="bbox 2170 5403 3748 5478">
    <p class='ocr_par' dir='ltr' id='par_1_113' title="bbox 2170 5403 3748 5478">
     <span class='ocr_line' id='line_1_113' title="bbox 2170 5403 3748 5478; baseline 0.002 -20"><span class='ocrx_word' id='word_1_911' title='bbox 2170 5404 2468 5458; x_wconf 90' lang='lat' dir='ltr'><strong>dicentibus</strong></span> <span class='ocrx_word' id='word_1_912' title='bbox 2491 5403 2556 5458; x_wconf 90' lang='lat' dir='ltr'><strong>ad</strong></span> <span class='ocrx_word' id='word_1_913' title='bbox 2583 5405 2825 5459; x_wconf 92' lang='lat' dir='ltr'><strong>eumdem</strong></span> <span class='ocrx_word' id='word_1_914' title='bbox 2849 5415 3090 5460; x_wconf 82' lang='lat' dir='ltr'><strong>sanctum</strong></span> <span class='ocrx_word' id='word_1_915' title='bbox 3118 5426 3129 5460; x_wconf 90' lang='lat'><strong>:</strong></span> <span class='ocrx_word' id='word_1_916' title='bbox 3156 5407 3271 5461; x_wconf 82' lang='lat' dir='ltr'><strong>Non</strong></span> <span class='ocrx_word' id='word_1_917' title='bbox 3293 5409 3499 5478; x_wconf 84' lang='lat' dir='ltr'><strong>justum</strong></span> <span class='ocrx_word' id='word_1_918' title='bbox 3524 5421 3630 5477; x_wconf 91' lang='lat' dir='ltr'><strong>est,</strong></span> <span class='ocrx_word' id='word_1_919' title='bbox 3661 5413 3748 5463; x_wconf 80' lang='lat' dir='ltr'><strong>do-</strong></span> 
     </span>
    </p>
   </div>
   <div class='ocr_carea' id='block_1_114' title="bbox 2172 5496 3748 5565">
    <p class='ocr_par' dir='ltr' id='par_1_114' title="bbox 2172 5496 3748 5565">
     <span class='ocr_line' id='line_1_114' title="bbox 2172 5496 3748 5565; baseline 0.004 -15"><span class='ocrx_word' id='word_1_920' title='bbox 2172 5498 2335 5558; x_wconf 88' lang='lat' dir='ltr'><strong>mine,</strong></span> <span class='ocrx_word' id='word_1_921' title='bbox 2368 5505 2425 5549; x_wconf 88' lang='lat' dir='ltr'><strong>ut</strong></span> <span class='ocrx_word' id='word_1_922' title='bbox 2456 5496 2594 5564; x_wconf 92' lang='lat' dir='ltr'><strong>quod</strong></span> <span class='ocrx_word' id='word_1_923' title='bbox 2626 5511 2889 5564; x_wconf 89' lang='lat' dir='ltr'><strong>pauperes</strong></span> <span class='ocrx_word' id='word_1_924' title='bbox 2924 5500 3252 5565; x_wconf 87' lang='lat' dir='ltr'><strong>acciperent,</strong></span> <span class='ocrx_word' id='word_1_925' title='bbox 3296 5500 3385 5556; x_wconf 89' lang='lat' dir='ltr'><strong>hic</strong></span> <span class='ocrx_word' id='word_1_926' title='bbox 3435 5502 3748 5557; x_wconf 68' lang='lat' dir='ltr'><strong>luxuriosus</strong></span> 
     </span>
    </p>
   </div>
   <div class='ocr_carea' id='block_1_115' title="bbox 2173 5589 3741 5662">
    <p class='ocr_par' dir='ltr' id='par_1_115' title="bbox 2173 5589 3741 5662">
     <span class='ocr_line' id='line_1_115' title="bbox 2173 5589 3741 5662; baseline 0.006 -20"><span class='ocrx_word' id='word_1_927' title='bbox 2173 5589 2419 5659; x_wconf 82' lang='lat' dir='ltr'><strong>accipiat,</strong></span> <span class='ocrx_word' id='word_1_928' title='bbox 2469 5589 2749 5658; x_wconf 68' lang='lat' dir='ltr'><strong>respondit</strong></span> <span class='ocrx_word' id='word_1_929' title='bbox 2775 5600 2995 5646; x_wconf 88' lang='lat' dir='ltr'><strong>econtra</strong></span> <span class='ocrx_word' id='word_1_930' title='bbox 3028 5594 3118 5647; x_wconf 90' lang='lat' dir='ltr'><strong>ille</strong></span> <span class='ocrx_word' id='word_1_931' title='bbox 3147 5604 3228 5649; x_wconf 91' lang='lat' dir='ltr'><strong>ter</strong></span> <span class='ocrx_word' id='word_1_932' title='bbox 3259 5595 3468 5662; x_wconf 89' lang='lat' dir='ltr'><strong>beatus,</strong></span> <span class='ocrx_word' id='word_1_933' title='bbox 3517 5597 3741 5655; x_wconf 87' lang='lat' dir='ltr'><strong>dicens:</strong></span> 
     </span>
    </p>
   </div>
   <div class='ocr_carea' id='block_1_116' title="bbox 2171 5680 3744 5759">
    <p class='ocr_par' dir='ltr' id='par_1_116' title="bbox 2171 5680 3744 5759">
     <span class='ocr_line' id='line_1_116' title="bbox 2171 5680 3744 5759; baseline 0.006 -24"><span class='ocrx_word' id='word_1_934' title='bbox 2171 5681 2404 5746; x_wconf 88' lang='lat' dir='ltr'><strong>Credite,</strong></span> <span class='ocrx_word' id='word_1_935' title='bbox 2448 5680 2662 5747; x_wconf 80' lang='lat' dir='ltr'><strong>fratres,</strong></span> <span class='ocrx_word' id='word_1_936' title='bbox 2706 5683 2827 5752; x_wconf 89' lang='lat' dir='ltr'><strong>quia</strong></span> <span class='ocrx_word' id='word_1_937' title='bbox 2869 5685 2913 5739; x_wconf 81' lang='lat' dir='ltr'><strong>si</strong></span> <span class='ocrx_word' id='word_1_938' title='bbox 2942 5696 3096 5741; x_wconf 74' lang='lat' dir='ltr'><strong>extra</strong></span> <span class='ocrx_word' id='word_1_939' title='bbox 3124 5689 3447 5745; x_wconf 87' lang='lat' dir='ltr'><strong>voluntatem</strong></span> <span class='ocrx_word' id='word_1_940' title='bbox 3471 5691 3744 5759; x_wconf 81' lang='lat' dir='ltr'><strong>accipere-</strong></span> 
     </span>
    </p>
   </div>
   <div class='ocr_carea' id='block_1_117' title="bbox 2175 5775 3749 5853">
    <p class='ocr_par' dir='ltr' id='par_1_117' title="bbox 2175 5775 3749 5853">
     <span class='ocr_line' id='line_1_117' title="bbox 2175 5775 3749 5853; baseline 0.01 -27"><span class='ocrx_word' id='word_1_941' title='bbox 2175 5776 2242 5832; x_wconf 90' lang='lat' dir='ltr'><strong>tis</strong></span> <span class='ocrx_word' id='word_1_942' title='bbox 2271 5775 2465 5845; x_wconf 84' lang='lat' dir='ltr'><strong>aliquid</strong></span> <span class='ocrx_word' id='word_1_943' title='bbox 2491 5775 2557 5831; x_wconf 90' lang='lat' dir='ltr'><strong>ab</strong></span> <span class='ocrx_word' id='word_1_944' title='bbox 2585 5789 2670 5843; x_wconf 76' lang='lat' dir='ltr'><strong>eo,</strong></span> <span class='ocrx_word' id='word_1_945' title='bbox 2703 5776 2812 5834; x_wconf 88' lang='lat' dir='ltr'><strong>duo</strong></span> <span class='ocrx_word' id='word_1_946' title='bbox 2841 5779 3090 5836; x_wconf 83' lang='lat' dir='ltr'><strong>mandata</strong></span> <span class='ocrx_word' id='word_1_947' title='bbox 3131 5783 3656 5853; x_wconf 79' lang='lat' dir='ltr'><strong>transgrederemiai,</strong></span> <span class='ocrx_word' id='word_1_948' title='bbox 3687 5795 3749 5841; x_wconf 71' lang='lat' dir='ltr'><strong>et</strong></span> 
     </span>
    </p>
   </div>
  </div>
