  <div class='ocr_page' id='page_1' title='image "/cluster/home/n/w/nwhite01/storage/ocr_20150623/73/uva.x000827085/192.png"; bbox 0 0 4016 6230; ppageno 0'>
   <div class='ocr_carea' id='block_1_1' title="bbox 271 393 383 455">
    <p class='ocr_par' dir='ltr' id='par_1_1' title="bbox 271 393 383 455">
     <span class='ocr_line' id='line_1_1' title="bbox 271 393 383 455; baseline 0.018 -3"><span class='ocrx_word' id='word_1_1' title='bbox 271 393 383 455; x_wconf 68' lang='grc'><strong>509</strong></span> 
     </span>
    </p>
   </div>
   <div class='ocr_carea' id='block_1_2' title="bbox 1229 362 3569 466">
    <p class='ocr_par' dir='ltr' id='par_1_2' title="bbox 1229 362 3569 466">
     <span class='ocr_line' id='line_1_2' title="bbox 1229 362 3569 466; baseline 0.005 -12"><span class='ocrx_word' id='word_1_2' title='bbox 1229 401 1383 455; x_wconf 77' lang='lat' dir='ltr'><strong>VITA</strong></span> <span class='ocrx_word' id='word_1_3' title='bbox 1426 401 1674 457; x_wconf 73' lang='lat' dir='ltr'><strong>SANCTI</strong></span> <span class='ocrx_word' id='word_1_4' title='bbox 1713 402 1995 459; x_wconf 78' lang='lat' dir='ltr'><strong>JOANNIS</strong></span> <span class='ocrx_word' id='word_1_5' title='bbox 2040 402 2613 465; x_wconf 71' lang='lat' dir='ltr'><strong>ELEEMOSYNARII.</strong></span> <span class='ocrx_word' id='word_1_6' title='bbox 3232 362 3249 381; x_wconf 35' lang='grc' dir='ltr'><strong><em>θ</em></strong></span> <span class='ocrx_word' id='word_1_7' title='bbox 3440 412 3569 466; x_wconf 71' lang='lat'><strong>370&quot;</strong></span> 
     </span>
    </p>
   </div>
   <div class='ocr_carea' id='block_1_3' title="bbox 270 513 3541 589">
    <p class='ocr_par' dir='ltr' id='par_1_3' title="bbox 270 513 3541 589">
     <span class='ocr_line' id='line_1_3' title="bbox 270 513 3541 589; baseline 0.005 -24"><span class='ocrx_word' id='word_1_8' title='bbox 270 530 441 570; x_wconf 84' lang='lat' dir='ltr'><strong>unum</strong></span> <span class='ocrx_word' id='word_1_9' title='bbox 508 513 871 583; x_wconf 85' lang='lat' dir='ltr'><strong>adimplebitis</strong></span> <span class='ocrx_word' id='word_1_10' title='bbox 926 514 1139 583; x_wconf 84' lang='lat' dir='ltr'><strong>quando</strong></span> <span class='ocrx_word' id='word_1_11' title='bbox 1212 523 1265 567; x_wconf 76' lang='lat' dir='ltr'><strong>et</strong></span> <span class='ocrx_word' id='word_1_12' title='bbox 1311 514 1375 570; x_wconf 91' lang='lat' dir='ltr'><strong>ad</strong></span> <span class='ocrx_word' id='word_1_13' title='bbox 1426 532 1690 586; x_wconf 83' lang='lat' dir='ltr'><strong>pauperes</strong></span> <span class='ocrx_word' id='word_1_14' title='bbox 1737 518 1859 572; x_wconf 87' lang='lat' dir='ltr'><strong>data</strong></span> <span class='ocrx_word' id='word_1_15' title='bbox 1885 517 1936 575; x_wconf 71' lang='lat' dir='ltr'><strong>lt</strong></span> <span class='ocrx_word' id='word_1_16' title='bbox 1966 532 2104 584; x_wconf 90' lang='lat' dir='ltr'><strong>rtnn,</strong></span> <span class='ocrx_word' id='word_1_17' title='bbox 2128 519 2441 589; x_wconf 70' lang='lat' dir='ltr'><strong>dicebatque</strong></span> <span class='ocrx_word' id='word_1_18' title='bbox 2476 537 2534 575; x_wconf 87' lang='lat' dir='ltr'><strong>se</strong></span> <span class='ocrx_word' id='word_1_19' title='bbox 2561 523 2697 575; x_wconf 59' lang='lat' dir='ltr'><strong>dent:</strong></span> <span class='ocrx_word' id='word_1_20' title='bbox 2721 530 2932 575; x_wconf 45' lang='lat' dir='ltr'><strong>nstrans</strong></span> <span class='ocrx_word' id='word_1_21' title='bbox 2962 523 3109 588; x_wconf 85' lang='lat' dir='ltr'><strong>quasi</strong></span> <span class='ocrx_word' id='word_1_22' title='bbox 3142 523 3329 578; x_wconf 86' lang='lat' dir='ltr'><strong>iratum</strong></span> <span class='ocrx_word' id='word_1_23' title='bbox 3359 544 3372 576; x_wconf 84' lang='grc'>;</span> <span class='ocrx_word' id='word_1_24' title='bbox 3404 527 3541 580; x_wconf 81' lang='lat' dir='ltr'><strong>Vere</strong></span> 
     </span>
    </p>
   </div>
   <div class='ocr_carea' id='block_1_4' title="bbox 276 605 1857 680">
    <p class='ocr_par' dir='ltr' id='par_1_4' title="bbox 276 605 1857 680">
     <span class='ocr_line' id='line_1_4' title="bbox 276 605 1857 680; baseline 0.002 -18"><span class='ocrx_word' id='word_1_25' title='bbox 276 607 437 680; x_wconf 73' lang='lat'><strong>197</strong></span> <span class='ocrx_word' id='word_1_26' title='bbox 466 606 633 664; x_wconf 88' lang='lat' dir='ltr'><strong>fuerit</strong></span> <span class='ocrx_word' id='word_1_27' title='bbox 682 605 1050 676; x_wconf 83' lang='lat' dir='ltr'><strong>hujuscemodi</strong></span> <span class='ocrx_word' id='word_1_28' title='bbox 1078 609 1365 675; x_wconf 72' lang='lat' dir='ltr'><strong>quantitas.</strong></span> <span class='ocrx_word' id='word_1_29' title='bbox 1401 609 1571 664; x_wconf 89' lang='lat' dir='ltr'><strong>Unum</strong></span> <span class='ocrx_word' id='word_1_30' title='bbox 1615 611 1857 679; x_wconf 83' lang='lat' dir='ltr'><strong>quidem,</strong></span> 
     </span>
    </p>
   </div>
   <div class='ocr_carea' id='block_1_5' title="bbox 272 698 1860 770">
    <p class='ocr_par' dir='ltr' id='par_1_5' title="bbox 272 698 1860 770">
     <span class='ocr_line' id='line_1_5' title="bbox 272 698 1860 770; baseline 0.002 -16"><span class='ocrx_word' id='word_1_31' title='bbox 272 698 401 766; x_wconf 78' lang='lat' dir='ltr'><strong>quia</strong></span> <span class='ocrx_word' id='word_1_32' title='bbox 448 699 781 770; x_wconf 83' lang='lat' dir='ltr'><strong>apparebitis</strong></span> <span class='ocrx_word' id='word_1_33' title='bbox 810 698 1152 768; x_wconf 90' lang='lat' dir='ltr'><strong>impatientes</strong></span> <span class='ocrx_word' id='word_1_34' title='bbox 1179 701 1318 755; x_wconf 85' lang='lat' dir='ltr'><strong>circa</strong></span> <span class='ocrx_word' id='word_1_35' title='bbox 1349 701 1625 765; x_wconf 86' lang='lat' dir='ltr'><strong>damnum,</strong></span> <span class='ocrx_word' id='word_1_36' title='bbox 1655 713 1709 757; x_wconf 91' lang='lat' dir='ltr'><strong>et</strong></span> <span class='ocrx_word' id='word_1_37' title='bbox 1743 704 1860 757; x_wconf 85' lang='lat' dir='ltr'><strong>effi-</strong></span> 
     </span>
    </p>
   </div>
   <div class='ocr_carea' id='block_1_6' title="bbox 275 792 1856 867">
    <p class='ocr_par' dir='ltr' id='par_1_6' title="bbox 275 792 1856 867">
     <span class='ocr_line' id='line_1_6' title="bbox 275 792 1856 867; baseline 0.004 -21"><span class='ocrx_word' id='word_1_38' title='bbox 275 792 493 848; x_wconf 87' lang='lat' dir='ltr'><strong>ciemiui</strong></span> <span class='ocrx_word' id='word_1_39' title='bbox 523 792 644 848; x_wconf 90' lang='lat' dir='ltr'><strong>aliis</strong></span> <span class='ocrx_word' id='word_1_40' title='bbox 685 792 855 847; x_wconf 86' lang='lat' dir='ltr'><strong>forma</strong></span> <span class='ocrx_word' id='word_1_41' title='bbox 887 793 1025 847; x_wconf 88' lang='lat' dir='ltr'><strong>mala</strong></span> <span class='ocrx_word' id='word_1_42' title='bbox 1053 811 1067 856; x_wconf 90' lang='lat'><strong>;</strong></span> <span class='ocrx_word' id='word_1_43' title='bbox 1097 794 1322 849; x_wconf 90' lang='lat' dir='ltr'><strong>alterum</strong></span> <span class='ocrx_word' id='word_1_44' title='bbox 1353 803 1553 861; x_wconf 90' lang='lat' dir='ltr'><strong>autem,</strong></span> <span class='ocrx_word' id='word_1_45' title='bbox 1605 799 1856 867; x_wconf 84' lang='lat' dir='ltr'><strong>quoniam</strong></span> 
     </span>
    </p>
   </div>
   <div class='ocr_carea' id='block_1_7' title="bbox 274 884 1858 954">
    <p class='ocr_par' dir='ltr' id='par_1_7' title="bbox 274 884 1858 954">
     <span class='ocr_line' id='line_1_7' title="bbox 274 884 1858 954; baseline 0.001 -10"><span class='ocrx_word' id='word_1_46' title='bbox 274 903 382 944; x_wconf 83' lang='lat' dir='ltr'><strong>non</strong></span> <span class='ocrx_word' id='word_1_47' title='bbox 411 886 724 942; x_wconf 89' lang='lat' dir='ltr'><strong>obedientes</strong></span> <span class='ocrx_word' id='word_1_48' title='bbox 750 887 904 942; x_wconf 86' lang='lat' dir='ltr'><strong>eritis</strong></span> <span class='ocrx_word' id='word_1_49' title='bbox 953 884 1184 939; x_wconf 89' lang='lat' dir='ltr'><strong>Domino</strong></span> <span class='ocrx_word' id='word_1_50' title='bbox 1230 885 1360 954; x_wconf 92' lang='lat' dir='ltr'><strong>Deo,</strong></span> <span class='ocrx_word' id='word_1_51' title='bbox 1415 886 1609 943; x_wconf 88' lang='lat' dir='ltr'><strong>dicenti</strong></span> <span class='ocrx_word' id='word_1_52' title='bbox 1638 904 1653 942; x_wconf 90' lang='lat'><strong>:</strong></span> <span class='ocrx_word' id='word_1_53' title='bbox 1684 888 1764 944; x_wconf 81' lang='lat' dir='ltr'><strong>Ab</strong></span> <span class='ocrx_word' id='word_1_54' title='bbox 1792 903 1858 945; x_wconf 92' lang='lat' dir='ltr'><strong>eo</strong></span> 
     </span>
    </p>
   </div>
   <div class='ocr_carea' id='block_1_8' title="bbox 278 979 1855 1053">
    <p class='ocr_par' dir='ltr' id='par_1_8' title="bbox 278 979 1855 1053">
     <span class='ocr_line' id='line_1_8' title="bbox 278 979 1855 1053; baseline 0.001 -17"><span class='ocrx_word' id='word_1_55' title='bbox 278 982 363 1052; x_wconf 89' lang='lat' dir='ltr'><strong>qui</strong></span> <span class='ocrx_word' id='word_1_56' title='bbox 392 981 676 1037; x_wconf 90' lang='lat' dir='ltr'><strong>abstulerit</strong></span> <span class='ocrx_word' id='word_1_57' title='bbox 704 990 793 1035; x_wconf 90' lang='lat' dir='ltr'><strong>tua</strong></span> <span class='ocrx_word' id='word_1_58' title='bbox 819 994 888 1035; x_wconf 91' lang='lat' dir='ltr'><strong>ne</strong></span> <span class='ocrx_word' id='word_1_59' title='bbox 918 987 1130 1049; x_wconf 84' lang='lat' dir='ltr'><strong>repetas</strong></span> <span class='ocrx_word' id='word_1_60' title='bbox 1157 979 1308 1050; x_wconf 82' lang='lat' dir='ltr'><strong>(Luc.</strong></span> <span class='ocrx_word' id='word_1_61' title='bbox 1338 980 1436 1049; x_wconf 79' lang='lat' dir='ltr'><strong>vi).</strong></span> <span class='ocrx_word' id='word_1_62' title='bbox 1462 981 1687 1053; x_wconf 76' lang='lat' dir='ltr'><strong>Expedit</strong></span> <span class='ocrx_word' id='word_1_63' title='bbox 1706 997 1855 1053; x_wconf 80' lang='lat' dir='ltr'><strong>ergo,</strong></span> 
     </span>
    </p>
   </div>
   <div class='ocr_carea' id='block_1_9' title="bbox 280 1070 1846 1147">
    <p class='ocr_par' dir='ltr' id='par_1_9' title="bbox 280 1070 1846 1147">
     <span class='ocr_line' id='line_1_9' title="bbox 280 1070 1846 1147; baseline 0.001 -22"><span class='ocrx_word' id='word_1_64' title='bbox 280 1088 313 1125; x_wconf 90' lang='lat' dir='ltr'><strong>o</strong></span> <span class='ocrx_word' id='word_1_65' title='bbox 352 1071 470 1137; x_wconf 74' lang='lat' dir='ltr'><strong>lﬂii,</strong></span> <span class='ocrx_word' id='word_1_66' title='bbox 500 1080 558 1126; x_wconf 92' lang='lat' dir='ltr'><strong>ut</strong></span> <span class='ocrx_word' id='word_1_67' title='bbox 601 1070 897 1126; x_wconf 82' lang='lat' dir='ltr'><strong>efficiamur</strong></span> <span class='ocrx_word' id='word_1_68' title='bbox 924 1070 1175 1125; x_wconf 90' lang='lat' dir='ltr'><strong>omnibus</strong></span> <span class='ocrx_word' id='word_1_69' title='bbox 1216 1071 1520 1140; x_wconf 84' lang='lat' dir='ltr'><strong>exemplum</strong></span> <span class='ocrx_word' id='word_1_70' title='bbox 1554 1073 1846 1147; x_wconf 82' lang='lat' dir='ltr'><strong>patientiae.</strong></span> 
     </span>
    </p>
   </div>
   <div class='ocr_carea' id='block_1_10' title="bbox 284 1161 1852 1235">
    <p class='ocr_par' dir='ltr' id='par_1_10' title="bbox 284 1161 1852 1235">
     <span class='ocr_line' id='line_1_10' title="bbox 284 1161 1852 1235; baseline 0.002 -17"><span class='ocrx_word' id='word_1_71' title='bbox 284 1163 493 1218; x_wconf 80' lang='lat' dir='ltr'><strong>Etenim</strong></span> <span class='ocrx_word' id='word_1_72' title='bbox 540 1165 827 1231; x_wconf 74' lang='lat' dir='ltr'><strong>Apostolus</strong></span> <span class='ocrx_word' id='word_1_73' title='bbox 857 1161 987 1217; x_wconf 89' lang='lat' dir='ltr'><strong>dicit</strong></span> <span class='ocrx_word' id='word_1_74' title='bbox 1017 1178 1032 1217; x_wconf 91' lang='lat'><strong>:</strong></span> <span class='ocrx_word' id='word_1_75' title='bbox 1064 1163 1242 1229; x_wconf 88' lang='lat' dir='ltr'><strong>Quare</strong></span> <span class='ocrx_word' id='word_1_76' title='bbox 1272 1176 1379 1218; x_wconf 90' lang='lat' dir='ltr'><strong>non</strong></span> <span class='ocrx_word' id='word_1_77' title='bbox 1405 1165 1574 1234; x_wconf 88' lang='lat' dir='ltr'><strong>magis</strong></span> <span class='ocrx_word' id='word_1_78' title='bbox 1604 1164 1852 1235; x_wconf 64' lang='lat' dir='ltr'><strong>iniuriam</strong></span> 
     </span>
    </p>
   </div>
   <div class='ocr_carea' id='block_1_11' title="bbox 278 1254 1851 1328">
    <p class='ocr_par' dir='ltr' id='par_1_11' title="bbox 278 1254 1851 1328">
     <span class='ocr_line' id='line_1_11' title="bbox 278 1254 1851 1328; baseline 0.002 -19"><span class='ocrx_word' id='word_1_79' title='bbox 278 1254 590 1309; x_wconf 74' lang='lat' dir='ltr'><strong>sustinetis?</strong></span> <span class='ocrx_word' id='word_1_80' title='bbox 617 1269 782 1323; x_wconf 89' lang='lat' dir='ltr'><strong>quare</strong></span> <span class='ocrx_word' id='word_1_81' title='bbox 804 1270 912 1308; x_wconf 88' lang='lat' dir='ltr'><strong>non</strong></span> <span class='ocrx_word' id='word_1_82' title='bbox 937 1256 1105 1323; x_wconf 87' lang='lat' dir='ltr'><strong>magis</strong></span> <span class='ocrx_word' id='word_1_83' title='bbox 1125 1254 1367 1311; x_wconf 90' lang='lat' dir='ltr'><strong>fraudem</strong></span> <span class='ocrx_word' id='word_1_84' title='bbox 1394 1257 1636 1326; x_wconf 91' lang='lat' dir='ltr'><strong>patimini</strong></span> <span class='ocrx_word' id='word_1_85' title='bbox 1666 1258 1707 1328; x_wconf 95' lang='lat' dir='ltr'><strong>(I</strong></span> <span class='ocrx_word' id='word_1_86' title='bbox 1733 1259 1851 1313; x_wconf 86' lang='lat' dir='ltr'><strong>Cor.</strong></span> 
     </span>
    </p>
   </div>
   <div class='ocr_carea' id='block_1_12' title="bbox 278 1346 1854 1417">
    <p class='ocr_par' dir='ltr' id='par_1_12' title="bbox 278 1346 1854 1417">
     <span class='ocr_line' id='line_1_12' title="bbox 278 1346 1854 1417; baseline 0.004 -18"><span class='ocrx_word' id='word_1_87' title='bbox 278 1346 391 1417; x_wconf 75' lang='lat' dir='ltr'><strong>vi)?</strong></span> <span class='ocrx_word' id='word_1_88' title='bbox 437 1347 506 1401; x_wconf 79' lang='lat' dir='ltr'><strong>Et</strong></span> <span class='ocrx_word' id='word_1_89' title='bbox 551 1347 745 1400; x_wconf 91' lang='lat' dir='ltr'><strong>bonum</strong></span> <span class='ocrx_word' id='word_1_90' title='bbox 792 1346 1118 1416; x_wconf 72' lang='lat' dir='ltr'><strong>estquidem</strong></span> <span class='ocrx_word' id='word_1_91' title='bbox 1160 1349 1440 1413; x_wconf 82' lang='lat' dir='ltr'><strong>veraciter,</strong></span> <span class='ocrx_word' id='word_1_92' title='bbox 1471 1349 1680 1413; x_wconf 82' lang='lat' dir='ltr'><strong>fratres.</strong></span> <span class='ocrx_word' id='word_1_93' title='bbox 1708 1350 1854 1406; x_wconf 91' lang='lat' dir='ltr'><strong>omni</strong></span> 
     </span>
    </p>
   </div>
   <div class='ocr_carea' id='block_1_13' title="bbox 280 1437 1853 1507">
    <p class='ocr_par' dir='ltr' id='par_1_13' title="bbox 280 1437 1853 1507">
     <span class='ocr_line' id='line_1_13' title="bbox 280 1437 1853 1507; baseline 0.004 -17"><span class='ocrx_word' id='word_1_94' title='bbox 280 1437 481 1507; x_wconf 82' lang='lat' dir='ltr'><strong>petenti</strong></span> <span class='ocrx_word' id='word_1_95' title='bbox 511 1437 658 1504; x_wconf 85' lang='lat' dir='ltr'><strong>dare,</strong></span> <span class='ocrx_word' id='word_1_96' title='bbox 684 1437 950 1494; x_wconf 74' lang='lat' dir='ltr'><strong>excelsius</strong></span> <span class='ocrx_word' id='word_1_97' title='bbox 977 1448 1157 1493; x_wconf 89' lang='lat' dir='ltr'><strong>autem</strong></span> <span class='ocrx_word' id='word_1_98' title='bbox 1188 1448 1243 1493; x_wconf 91' lang='lat' dir='ltr'><strong>et</strong></span> <span class='ocrx_word' id='word_1_99' title='bbox 1274 1438 1638 1497; x_wconf 87' lang='lat' dir='ltr'><strong>honorabilius</strong></span> <span class='ocrx_word' id='word_1_100' title='bbox 1669 1452 1722 1496; x_wconf 90' lang='lat' dir='ltr'><strong>et</strong></span> <span class='ocrx_word' id='word_1_101' title='bbox 1749 1457 1853 1497; x_wconf 93' lang='lat' dir='ltr'><strong>non</strong></span> 
     </span>
    </p>
   </div>
   <div class='ocr_carea' id='block_1_14' title="bbox 278 1529 1856 1600">
    <p class='ocr_par' dir='ltr' id='par_1_14' title="bbox 278 1529 1856 1600">
     <span class='ocr_line' id='line_1_14' title="bbox 278 1529 1856 1600; baseline 0.003 -17"><span class='ocrx_word' id='word_1_102' title='bbox 278 1530 517 1598; x_wconf 82' lang='lat' dir='ltr'><strong>petenti;</strong></span> <span class='ocrx_word' id='word_1_103' title='bbox 543 1529 592 1585; x_wconf 86' lang='lat' dir='ltr'><strong>ei</strong></span> <span class='ocrx_word' id='word_1_104' title='bbox 622 1540 798 1584; x_wconf 89' lang='lat' dir='ltr'><strong>autem</strong></span> <span class='ocrx_word' id='word_1_105' title='bbox 821 1531 911 1600; x_wconf 89' lang='lat' dir='ltr'><strong>qui</strong></span> <span class='ocrx_word' id='word_1_106' title='bbox 938 1529 1115 1586; x_wconf 82' lang='lat' dir='ltr'><strong>aufert</strong></span> <span class='ocrx_word' id='word_1_107' title='bbox 1135 1532 1509 1587; x_wconf 82' lang='lat' dir='ltr'><strong>vestimentum</strong></span> <span class='ocrx_word' id='word_1_108' title='bbox 1531 1533 1646 1588; x_wconf 85' lang='lat' dir='ltr'><strong>sine</strong></span> <span class='ocrx_word' id='word_1_109' title='bbox 1667 1535 1856 1588; x_wconf 84' lang='lat' dir='ltr'><strong>volun-</strong></span> 
     </span>
    </p>
   </div>
   <div class='ocr_carea' id='block_1_15' title="bbox 279 1620 1853 1690">
    <p class='ocr_par' dir='ltr' id='par_1_15' title="bbox 279 1620 1853 1690">
     <span class='ocr_line' id='line_1_15' title="bbox 279 1620 1853 1690; baseline 0.004 -18"><span class='ocrx_word' id='word_1_110' title='bbox 279 1628 391 1675; x_wconf 82' lang='lat' dir='ltr'><strong>tate</strong></span> <span class='ocrx_word' id='word_1_111' title='bbox 427 1634 457 1673; x_wconf 86' lang='lat' dir='ltr'><strong>a</strong></span> <span class='ocrx_word' id='word_1_112' title='bbox 484 1620 639 1674; x_wconf 91' lang='lat' dir='ltr'><strong>nobis</strong></span> <span class='ocrx_word' id='word_1_113' title='bbox 666 1620 796 1676; x_wconf 88' lang='lat' dir='ltr'><strong>dare</strong></span> <span class='ocrx_word' id='word_1_114' title='bbox 821 1630 876 1675; x_wconf 93' lang='lat' dir='ltr'><strong>et</strong></span> <span class='ocrx_word' id='word_1_115' title='bbox 906 1621 1163 1686; x_wconf 86' lang='lat' dir='ltr'><strong>tunicam,</strong></span> <span class='ocrx_word' id='word_1_116' title='bbox 1193 1622 1447 1690; x_wconf 68' lang='lat' dir='ltr'><strong>angelica:</strong></span> <span class='ocrx_word' id='word_1_117' title='bbox 1478 1638 1605 1678; x_wconf 91' lang='lat' dir='ltr'><strong>vere</strong></span> <span class='ocrx_word' id='word_1_118' title='bbox 1651 1635 1853 1680; x_wconf 68' lang='lat' dir='ltr'><strong>naturae</strong></span> 
     </span>
    </p>
   </div>
   <div class='ocr_carea' id='block_1_16' title="bbox 296 1710 1853 1784">
    <p class='ocr_par' dir='ltr' id='par_1_16' title="bbox 296 1710 1853 1784">
     <span class='ocr_line' id='line_1_16' title="bbox 296 1710 1853 1784; baseline 0.004 -18"><span class='ocrx_word' id='word_1_119' title='bbox 296 1712 539 1776; x_wconf 86' lang='lat' dir='ltr'><strong>imitatio,</strong></span> <span class='ocrx_word' id='word_1_120' title='bbox 570 1710 681 1766; x_wconf 90' lang='lat' dir='ltr'><strong>imo</strong></span> <span class='ocrx_word' id='word_1_121' title='bbox 705 1711 901 1767; x_wconf 64' lang='lat' dir='ltr'><strong>divinae</strong></span> <span class='ocrx_word' id='word_1_122' title='bbox 925 1721 1031 1766; x_wconf 89' lang='lat' dir='ltr'><strong>est.</strong></span> <span class='ocrx_word' id='word_1_123' title='bbox 1064 1713 1139 1767; x_wconf 83' lang='lat' dir='ltr'><strong>Ex</strong></span> <span class='ocrx_word' id='word_1_124' title='bbox 1168 1712 1249 1767; x_wconf 90' lang='lat' dir='ltr'><strong>bis</strong></span> <span class='ocrx_word' id='word_1_125' title='bbox 1274 1713 1418 1768; x_wconf 92' lang='lat' dir='ltr'><strong>enim</strong></span> <span class='ocrx_word' id='word_1_126' title='bbox 1446 1730 1568 1784; x_wconf 68' lang='lat' dir='ltr'><strong>quae</strong></span> <span class='ocrx_word' id='word_1_127' title='bbox 1596 1715 1853 1773; x_wconf 85' lang='lat' dir='ltr'><strong>habemus</strong></span> 
     </span>
    </p>
   </div>
   <div class='ocr_carea' id='block_1_17' title="bbox 288 1801 1853 1876">
    <p class='ocr_par' dir='ltr' id='par_1_17' title="bbox 288 1801 1853 1876">
     <span class='ocr_line' id='line_1_17' title="bbox 288 1801 1853 1876; baseline 0.003 -18"><span class='ocrx_word' id='word_1_128' title='bbox 288 1801 533 1858; x_wconf 86' lang='lat' dir='ltr'><strong>Dominus</strong></span> <span class='ocrx_word' id='word_1_129' title='bbox 562 1803 818 1874; x_wconf 64' lang='lat' dir='ltr'><strong>praecepit</strong></span> <span class='ocrx_word' id='word_1_130' title='bbox 846 1803 1165 1860; x_wconf 86' lang='lat' dir='ltr'><strong>benefacere</strong></span> <span class='ocrx_word' id='word_1_131' title='bbox 1197 1805 1485 1873; x_wconf 87' lang='lat' dir='ltr'><strong>proximo:</strong></span> <span class='ocrx_word' id='word_1_132' title='bbox 1513 1805 1737 1876; x_wconf 87' lang='lat' dir='ltr'><strong>Bonum,</strong></span> <span class='ocrx_word' id='word_1_133' title='bbox 1770 1807 1853 1863; x_wconf 86' lang='lat' dir='ltr'><strong>iu-</strong></span> 
     </span>
    </p>
   </div>
   <div class='ocr_carea' id='block_1_18' title="bbox 1961 613 3537 679">
    <p class='ocr_par' dir='ltr' id='par_1_18' title="bbox 1961 613 3537 679">
     <span class='ocr_line' id='line_1_18' title="bbox 1961 613 3537 679; baseline 0.003 -14"><span class='ocrx_word' id='word_1_134' title='bbox 1961 626 2069 666; x_wconf 89' lang='lat' dir='ltr'><strong>non</strong></span> <span class='ocrx_word' id='word_1_135' title='bbox 2099 613 2379 667; x_wconf 89' lang='lat' dir='ltr'><strong>obaudiatn</strong></span> <span class='ocrx_word' id='word_1_136' title='bbox 2414 616 2582 679; x_wconf 82' lang='lat' dir='ltr'><strong>vobis,</strong></span> <span class='ocrx_word' id='word_1_137' title='bbox 2614 616 2685 670; x_wconf 88' lang='lat' dir='ltr'><strong>ite</strong></span> <span class='ocrx_word' id='word_1_138' title='bbox 2712 633 2740 668; x_wconf 89' lang='lat' dir='ltr'><strong>a</strong></span> <span class='ocrx_word' id='word_1_139' title='bbox 2768 633 2874 669; x_wconf 85' lang='lat' dir='ltr'><strong>me.</strong></span> <span class='ocrx_word' id='word_1_140' title='bbox 2920 615 2966 669; x_wconf 83' lang='lat' dir='ltr'><strong>M</strong></span> <span class='ocrx_word' id='word_1_141' title='bbox 2991 615 3074 667; x_wconf 78' lang='lat' dir='ltr'><strong>nlo</strong></span> <span class='ocrx_word' id='word_1_142' title='bbox 3106 616 3235 668; x_wconf 89' lang='lat' dir='ltr'><strong>nihil</strong></span> <span class='ocrx_word' id='word_1_143' title='bbox 3263 616 3407 670; x_wconf 82' lang='lat' dir='ltr'><strong>aliud</strong></span> <span class='ocrx_word' id='word_1_144' title='bbox 3456 619 3537 671; x_wconf 82' lang='lat' dir='ltr'><strong>fa—</strong></span> 
     </span>
    </p>
   </div>
   <div class='ocr_carea' id='block_1_19' title="bbox 1960 702 3538 775">
    <p class='ocr_par' dir='ltr' id='par_1_19' title="bbox 1960 702 3538 775">
     <span class='ocr_line' id='line_1_19' title="bbox 1960 702 3538 775; baseline 0.004 -20"><span class='ocrx_word' id='word_1_145' title='bbox 1960 702 2119 769; x_wconf 87' lang='lat' dir='ltr'><strong>ciam,</strong></span> <span class='ocrx_word' id='word_1_146' title='bbox 2151 712 2208 756; x_wconf 90' lang='lat' dir='ltr'><strong>ut</strong></span> <span class='ocrx_word' id='word_1_147' title='bbox 2231 719 2325 757; x_wconf 89' lang='lat' dir='ltr'><strong>vos</strong></span> <span class='ocrx_word' id='word_1_148' title='bbox 2352 720 2455 758; x_wconf 92' lang='lat' dir='ltr'><strong>non</strong></span> <span class='ocrx_word' id='word_1_149' title='bbox 2488 706 2943 771; x_wconf 73' lang='lat' dir='ltr'><strong>scandalizemini,</strong></span> <span class='ocrx_word' id='word_1_150' title='bbox 2976 707 3077 760; x_wconf 86' lang='lat' dir='ltr'><strong>nisi</strong></span> <span class='ocrx_word' id='word_1_151' title='bbox 3119 706 3371 775; x_wconf 89' lang='lat' dir='ltr'><strong>accipiam</strong></span> <span class='ocrx_word' id='word_1_152' title='bbox 3421 723 3538 762; x_wconf 87' lang='lat' dir='ltr'><strong>mu-</strong></span> 
     </span>
    </p>
   </div>
   <div class='ocr_carea' id='block_1_20' title="bbox 1962 792 3533 863">
    <p class='ocr_par' dir='ltr' id='par_1_20' title="bbox 1962 792 3533 863">
     <span class='ocr_line' id='line_1_20' title="bbox 1962 792 3533 863; baseline 0.003 -17"><span class='ocrx_word' id='word_1_153' title='bbox 1962 792 2173 859; x_wconf 87' lang='lat' dir='ltr'><strong>lierem,</strong></span> <span class='ocrx_word' id='word_1_154' title='bbox 2215 804 2479 863; x_wconf 87' lang='lat' dir='ltr'><strong>quatenus</strong></span> <span class='ocrx_word' id='word_1_155' title='bbox 2521 811 2703 851; x_wconf 87' lang='lat' dir='ltr'><strong>curam</strong></span> <span class='ocrx_word' id='word_1_156' title='bbox 2747 797 2969 852; x_wconf 88' lang='lat' dir='ltr'><strong>habeam</strong></span> <span class='ocrx_word' id='word_1_157' title='bbox 3018 798 3229 860; x_wconf 89' lang='lat' dir='ltr'><strong>domus,</strong></span> <span class='ocrx_word' id='word_1_158' title='bbox 3260 807 3316 852; x_wconf 92' lang='lat' dir='ltr'><strong>et</strong></span> <span class='ocrx_word' id='word_1_159' title='bbox 3345 797 3533 852; x_wconf 86' lang='lat' dir='ltr'><strong>faciam</strong></span> 
     </span>
    </p>
   </div>
   <div class='ocr_carea' id='block_1_21' title="bbox 1958 885 3536 954">
    <p class='ocr_par' dir='ltr' id='par_1_21' title="bbox 1958 885 3536 954">
     <span class='ocr_line' id='line_1_21' title="bbox 1958 885 3536 954; baseline 0.003 -15"><span class='ocrx_word' id='word_1_160' title='bbox 1958 885 2130 941; x_wconf 89' lang='lat' dir='ltr'><strong>malos</strong></span> <span class='ocrx_word' id='word_1_161' title='bbox 2153 885 2289 941; x_wconf 89' lang='lat' dir='ltr'><strong>dies.</strong></span> <span class='ocrx_word' id='word_1_162' title='bbox 2337 886 2435 954; x_wconf 91' lang='lat' dir='ltr'><strong>Qui</strong></span> <span class='ocrx_word' id='word_1_163' title='bbox 2476 890 2589 942; x_wconf 89' lang='lat' dir='ltr'><strong>vult</strong></span> <span class='ocrx_word' id='word_1_164' title='bbox 2624 887 2993 953; x_wconf 84' lang='lat' dir='ltr'><strong>scandalizari,</strong></span> <span class='ocrx_word' id='word_1_165' title='bbox 3038 889 3451 953; x_wconf 86' lang='lat' dir='ltr'><strong>scandalizctur,</strong></span> <span class='ocrx_word' id='word_1_166' title='bbox 3482 900 3536 943; x_wconf 89' lang='lat' dir='ltr'><strong>et</strong></span> 
     </span>
    </p>
   </div>
   <div class='ocr_carea' id='block_1_22' title="bbox 1958 977 3625 1049">
    <p class='ocr_par' dir='ltr' id='par_1_22' title="bbox 1958 977 3625 1049">
     <span class='ocr_line' id='line_1_22' title="bbox 1958 977 3625 1049; baseline 0.002 -18"><span class='ocrx_word' id='word_1_167' title='bbox 1958 977 2047 1031; x_wconf 90' lang='lat' dir='ltr'><strong>det</strong></span> <span class='ocrx_word' id='word_1_168' title='bbox 2072 977 2301 1034; x_wconf 83' lang='lat' dir='ltr'><strong>frontem</strong></span> <span class='ocrx_word' id='word_1_169' title='bbox 2333 981 2386 1035; x_wconf 91' lang='lat' dir='ltr'><strong>in</strong></span> <span class='ocrx_word' id='word_1_170' title='bbox 2434 982 2708 1048; x_wconf 87' lang='lat' dir='ltr'><strong>parietem.</strong></span> <span class='ocrx_word' id='word_1_171' title='bbox 2758 981 2891 1049; x_wconf 85' lang='lat' dir='ltr'><strong>Quid</strong></span> <span class='ocrx_word' id='word_1_172' title='bbox 2944 982 3105 1036; x_wconf 84' lang='lat' dir='ltr'><strong>vultis</strong></span> <span class='ocrx_word' id='word_1_173' title='bbox 3134 997 3201 1035; x_wconf 84' lang='lat' dir='ltr'><strong>ex</strong></span> <span class='ocrx_word' id='word_1_174' title='bbox 3232 996 3318 1035; x_wconf 84' lang='lat' dir='ltr'><strong>me</strong></span> <span class='ocrx_word' id='word_1_175' title='bbox 3340 981 3364 1034; x_wconf 82' lang='lat'><strong>?</strong></span> <span class='ocrx_word' id='word_1_176' title='bbox 3390 980 3535 1035; x_wconf 85' lang='lat' dir='ltr'><strong>Nun-</strong></span> <span class='ocrx_word' id='word_1_177' title='bbox 3624 992 3625 995; x_wconf 79' lang='lat'>‘</span> 
     </span>
    </p>
   </div>
   <div class='ocr_carea' id='block_1_23' title="bbox 1957 1068 3533 1143">
    <p class='ocr_par' dir='ltr' id='par_1_23' title="bbox 1957 1068 3533 1143">
     <span class='ocr_line' id='line_1_23' title="bbox 1957 1068 3533 1143; baseline 0.005 -24"><span class='ocrx_word' id='word_1_178' title='bbox 1957 1068 2082 1138; x_wconf 89' lang='lat' dir='ltr'><strong>quid</strong></span> <span class='ocrx_word' id='word_1_179' title='bbox 2114 1070 2322 1139; x_wconf 87' lang='lat' dir='ltr'><strong>judices</strong></span> <span class='ocrx_word' id='word_1_180' title='bbox 2356 1074 2629 1128; x_wconf 87' lang='lat' dir='ltr'><strong>constituti</strong></span> <span class='ocrx_word' id='word_1_181' title='bbox 2657 1074 2785 1129; x_wconf 88' lang='lat' dir='ltr'><strong>estis</strong></span> <span class='ocrx_word' id='word_1_182' title='bbox 2811 1090 2970 1143; x_wconf 88' lang='lat' dir='ltr'><strong>super</strong></span> <span class='ocrx_word' id='word_1_183' title='bbox 2995 1090 3080 1127; x_wconf 87' lang='lat' dir='ltr'><strong>me</strong></span> <span class='ocrx_word' id='word_1_184' title='bbox 3108 1090 3138 1127; x_wconf 90' lang='lat' dir='ltr'><strong>a</strong></span> <span class='ocrx_word' id='word_1_185' title='bbox 3170 1074 3311 1127; x_wconf 83' lang='lat' dir='ltr'><strong>Deo?</strong></span> <span class='ocrx_word' id='word_1_186' title='bbox 3341 1074 3434 1137; x_wconf 91' lang='lat' dir='ltr'><strong>Ite,</strong></span> <span class='ocrx_word' id='word_1_187' title='bbox 3464 1074 3533 1127; x_wconf 90' lang='lat' dir='ltr'><strong>de</strong></span> 
     </span>
    </p>
   </div>
   <div class='ocr_carea' id='block_1_24' title="bbox 1958 1160 3533 1231">
    <p class='ocr_par' dir='ltr' id='par_1_24' title="bbox 1958 1160 3533 1231">
     <span class='ocr_line' id='line_1_24' title="bbox 1958 1160 3533 1231; baseline 0.002 -19"><span class='ocrx_word' id='word_1_188' title='bbox 1958 1160 2109 1214; x_wconf 91' lang='lat' dir='ltr'><strong>vobis</strong></span> <span class='ocrx_word' id='word_1_189' title='bbox 2137 1176 2317 1215; x_wconf 85' lang='lat' dir='ltr'><strong>curam</strong></span> <span class='ocrx_word' id='word_1_190' title='bbox 2355 1162 2620 1227; x_wconf 86' lang='lat' dir='ltr'><strong>habetote,</strong></span> <span class='ocrx_word' id='word_1_191' title='bbox 2650 1179 2744 1217; x_wconf 89' lang='lat' dir='ltr'><strong>vos</strong></span> <span class='ocrx_word' id='word_1_192' title='bbox 2771 1178 2867 1231; x_wconf 90' lang='lat' dir='ltr'><strong>pro</strong></span> <span class='ocrx_word' id='word_1_193' title='bbox 2898 1178 2983 1217; x_wconf 92' lang='lat' dir='ltr'><strong>me</strong></span> <span class='ocrx_word' id='word_1_194' title='bbox 3021 1163 3131 1218; x_wconf 89' lang='lat' dir='ltr'><strong>Deo</strong></span> <span class='ocrx_word' id='word_1_195' title='bbox 3162 1177 3266 1215; x_wconf 89' lang='lat' dir='ltr'><strong>non</strong></span> <span class='ocrx_word' id='word_1_196' title='bbox 3297 1161 3533 1216; x_wconf 88' lang='lat' dir='ltr'><strong>reddetis</strong></span> 
     </span>
    </p>
   </div>
   <div class='ocr_carea' id='block_1_25' title="bbox 1957 1250 3531 1322">
    <p class='ocr_par' dir='ltr' id='par_1_25' title="bbox 1957 1250 3531 1322">
     <span class='ocr_line' id='line_1_25' title="bbox 1957 1250 3531 1322; baseline 0.002 -20"><span class='ocrx_word' id='word_1_197' title='bbox 1957 1250 2239 1306; x_wconf 86' lang='lat' dir='ltr'><strong>rationem.</strong></span> <span class='ocrx_word' id='word_1_198' title='bbox 2278 1250 2426 1306; x_wconf 84' lang='lat' dir='ltr'><strong>Unus</strong></span> <span class='ocrx_word' id='word_1_199' title='bbox 2453 1261 2535 1307; x_wconf 85' lang='lat' dir='ltr'><strong>est</strong></span> <span class='ocrx_word' id='word_1_200' title='bbox 2558 1253 2737 1322; x_wconf 82' lang='lat' dir='ltr'><strong>iudex,</strong></span> <span class='ocrx_word' id='word_1_201' title='bbox 2771 1264 2825 1306; x_wconf 85' lang='lat' dir='ltr'><strong>et</strong></span> <span class='ocrx_word' id='word_1_202' title='bbox 2856 1262 3037 1308; x_wconf 88' lang='lat' dir='ltr'><strong>sancta</strong></span> <span class='ocrx_word' id='word_1_203' title='bbox 3068 1253 3184 1307; x_wconf 89' lang='lat' dir='ltr'><strong>dies</strong></span> <span class='ocrx_word' id='word_1_204' title='bbox 3206 1252 3411 1321; x_wconf 79' lang='lat' dir='ltr'><strong>iudicii,</strong></span> <span class='ocrx_word' id='word_1_205' title='bbox 3439 1251 3531 1316; x_wconf 83' lang='lat' dir='ltr'><strong>qui</strong></span> 
     </span>
    </p>
   </div>
   <div class='ocr_carea' id='block_1_26' title="bbox 1955 1343 3530 1417">
    <p class='ocr_par' dir='ltr' id='par_1_26' title="bbox 1955 1343 3530 1417">
     <span class='ocr_line' id='line_1_26' title="bbox 1955 1343 3530 1417; baseline -0.001 -19"><span class='ocrx_word' id='word_1_206' title='bbox 1955 1343 2175 1411; x_wconf 76' lang='lat' dir='ltr'><strong>singulis</strong></span> <span class='ocrx_word' id='word_1_207' title='bbox 2203 1343 2390 1399; x_wconf 88' lang='lat' dir='ltr'><strong>reddet</strong></span> <span class='ocrx_word' id='word_1_208' title='bbox 2414 1346 2705 1400; x_wconf 90' lang='lat' dir='ltr'><strong>secundum</strong></span> <span class='ocrx_word' id='word_1_209' title='bbox 2732 1361 2893 1415; x_wconf 86' lang='lat' dir='ltr'><strong>opera</strong></span> <span class='ocrx_word' id='word_1_210' title='bbox 2925 1362 3132 1400; x_wconf 79' lang='lat' dir='ltr'><strong>eorum.</strong></span> <span class='ocrx_word' id='word_1_211' title='bbox 3182 1345 3401 1417; x_wconf 84' lang='lat' dir='ltr'><strong>Dicebat</strong></span> <span class='ocrx_word' id='word_1_212' title='bbox 3432 1360 3530 1397; x_wconf 84' lang='lat' dir='ltr'><strong>au-</strong></span> 
     </span>
    </p>
   </div>
   <div class='ocr_carea' id='block_1_27' title="bbox 1957 1435 3528 1506">
    <p class='ocr_par' dir='ltr' id='par_1_27' title="bbox 1957 1435 3528 1506">
     <span class='ocr_line' id='line_1_27' title="bbox 1957 1435 3528 1506; baseline 0.002 -18"><span class='ocrx_word' id='word_1_213' title='bbox 1957 1445 2062 1488; x_wconf 89' lang='lat' dir='ltr'><strong>tem</strong></span> <span class='ocrx_word' id='word_1_214' title='bbox 2105 1435 2217 1490; x_wconf 62' lang='lat' dir='ltr'><strong>haec</strong></span> <span class='ocrx_word' id='word_1_215' title='bbox 2255 1436 2512 1493; x_wconf 91' lang='lat' dir='ltr'><strong>clamans.</strong></span> <span class='ocrx_word' id='word_1_216' title='bbox 2561 1439 2784 1505; x_wconf 83' lang='lat' dir='ltr'><strong>Quidam</strong></span> <span class='ocrx_word' id='word_1_217' title='bbox 2826 1454 2954 1506; x_wconf 79' lang='lat' dir='ltr'><strong>ergo</strong></span> <span class='ocrx_word' id='word_1_218' title='bbox 2993 1440 3238 1494; x_wconf 77' lang='lat' dir='ltr'><strong>ecclesize</strong></span> <span class='ocrx_word' id='word_1_219' title='bbox 3278 1438 3528 1493; x_wconf 87' lang='lat' dir='ltr'><strong>defenso-</strong></span> 
     </span>
    </p>
   </div>
   <div class='ocr_carea' id='block_1_28' title="bbox 1954 1526 3529 1596">
    <p class='ocr_par' dir='ltr' id='par_1_28' title="bbox 1954 1526 3529 1596">
     <span class='ocr_line' id='line_1_28' title="bbox 1954 1526 3529 1596; baseline 0.003 -19"><span class='ocrx_word' id='word_1_220' title='bbox 1954 1539 2096 1587; x_wconf 86' lang='lat' dir='ltr'><strong>rum,</strong></span> <span class='ocrx_word' id='word_1_221' title='bbox 2131 1526 2244 1580; x_wconf 68' lang='lat' dir='ltr'><strong>haec</strong></span> <span class='ocrx_word' id='word_1_222' title='bbox 2273 1529 2539 1582; x_wconf 88' lang='lat' dir='ltr'><strong>multoties</strong></span> <span class='ocrx_word' id='word_1_223' title='bbox 2567 1530 2845 1582; x_wconf 90' lang='lat' dir='ltr'><strong>audientes</strong></span> <span class='ocrx_word' id='word_1_224' title='bbox 2879 1530 2946 1582; x_wconf 92' lang='lat' dir='ltr'><strong>ab</strong></span> <span class='ocrx_word' id='word_1_225' title='bbox 2981 1544 3064 1593; x_wconf 89' lang='lat' dir='ltr'><strong>eo,</strong></span> <span class='ocrx_word' id='word_1_226' title='bbox 3096 1528 3399 1583; x_wconf 87' lang='lat' dir='ltr'><strong>referebant</strong></span> <span class='ocrx_word' id='word_1_227' title='bbox 3437 1544 3529 1596; x_wconf 72' lang='lat' dir='ltr'><strong>pa-</strong></span> 
     </span>
    </p>
   </div>
   <div class='ocr_carea' id='block_1_29' title="bbox 1955 1619 3531 1691">
    <p class='ocr_par' dir='ltr' id='par_1_29' title="bbox 1955 1619 3531 1691">
     <span class='ocr_line' id='line_1_29' title="bbox 1955 1619 3531 1691; baseline 0.003 -22"><span class='ocrx_word' id='word_1_228' title='bbox 1955 1619 2198 1673; x_wconf 66' lang='lat' dir='ltr'><strong>triarchae</strong></span> <span class='ocrx_word' id='word_1_229' title='bbox 2242 1621 2391 1689; x_wconf 82' lang='lat' dir='ltr'><strong>quod</strong></span> <span class='ocrx_word' id='word_1_230' title='bbox 2428 1622 2605 1675; x_wconf 81' lang='lat' dir='ltr'><strong>ﬁebat.</strong></span> <span class='ocrx_word' id='word_1_231' title='bbox 2640 1621 2779 1676; x_wconf 87' lang='lat' dir='ltr'><strong>Deus</strong></span> <span class='ocrx_word' id='word_1_232' title='bbox 2807 1637 2934 1676; x_wconf 90' lang='lat' dir='ltr'><strong>vero</strong></span> <span class='ocrx_word' id='word_1_233' title='bbox 2975 1624 3151 1675; x_wconf 89' lang='lat' dir='ltr'><strong>sciens</strong></span> <span class='ocrx_word' id='word_1_234' title='bbox 3193 1622 3329 1691; x_wconf 84' lang='lat' dir='ltr'><strong>quod</strong></span> <span class='ocrx_word' id='word_1_235' title='bbox 3365 1621 3531 1675; x_wconf 87' lang='lat' dir='ltr'><strong>nollet</strong></span> 
     </span>
    </p>
   </div>
   <div class='ocr_carea' id='block_1_30' title="bbox 1954 1709 3529 1779">
    <p class='ocr_par' dir='ltr' id='par_1_30' title="bbox 1954 1709 3529 1779">
     <span class='ocr_line' id='line_1_30' title="bbox 1954 1709 3529 1779; baseline 0.003 -15"><span class='ocrx_word' id='word_1_236' title='bbox 1954 1709 2041 1765; x_wconf 92' lang='lat' dir='ltr'><strong>ille</strong></span> <span class='ocrx_word' id='word_1_237' title='bbox 2083 1722 2298 1767; x_wconf 89' lang='lat' dir='ltr'><strong>sanctus</strong></span> <span class='ocrx_word' id='word_1_238' title='bbox 2341 1713 2611 1769; x_wconf 76' lang='lat' dir='ltr'><strong>offendere</strong></span> <span class='ocrx_word' id='word_1_239' title='bbox 2659 1713 2902 1769; x_wconf 87' lang='lat' dir='ltr'><strong>abbatem</strong></span> <span class='ocrx_word' id='word_1_240' title='bbox 2956 1714 3221 1779; x_wconf 82' lang='lat' dir='ltr'><strong>Vitalium,</strong></span> <span class='ocrx_word' id='word_1_241' title='bbox 3263 1713 3529 1768; x_wconf 87' lang='lat' dir='ltr'><strong>induravit</strong></span> 
     </span>
    </p>
   </div>
   <div class='ocr_carea' id='block_1_31' title="bbox 1952 1805 3531 1875">
    <p class='ocr_par' dir='ltr' id='par_1_31' title="bbox 1952 1805 3531 1875">
     <span class='ocr_line' id='line_1_31' title="bbox 1952 1805 3531 1875; baseline 0.001 -16"><span class='ocrx_word' id='word_1_242' title='bbox 1952 1819 2046 1859; x_wconf 88' lang='lat' dir='ltr'><strong>cnr</strong></span> <span class='ocrx_word' id='word_1_243' title='bbox 2075 1805 2210 1875; x_wconf 87' lang='lat' dir='ltr'><strong>ejus,</strong></span> <span class='ocrx_word' id='word_1_244' title='bbox 2257 1823 2325 1861; x_wconf 86' lang='lat' dir='ltr'><strong>ne</strong></span> <span class='ocrx_word' id='word_1_245' title='bbox 2361 1808 2606 1863; x_wconf 85' lang='lat' dir='ltr'><strong>crederet</strong></span> <span class='ocrx_word' id='word_1_246' title='bbox 2639 1810 2738 1863; x_wconf 88' lang='lat' dir='ltr'><strong>eis.</strong></span> <span class='ocrx_word' id='word_1_247' title='bbox 2783 1807 3182 1863; x_wconf 82' lang='lat' dir='ltr'><strong>Recordabatnr</strong></span> <span class='ocrx_word' id='word_1_248' title='bbox 3223 1808 3365 1862; x_wconf 88' lang='lat' dir='ltr'><strong>enim</strong></span> <span class='ocrx_word' id='word_1_249' title='bbox 3405 1816 3531 1861; x_wconf 85' lang='lat' dir='ltr'><strong>ante</strong></span> 
     </span>
    </p>
   </div>
   <div class='ocr_carea' id='block_1_32' title="bbox 288 1897 3530 1969">
    <p class='ocr_par' dir='ltr' id='par_1_32' title="bbox 288 1897 3530 1969">
     <span class='ocr_line' id='line_1_32' title="bbox 288 1897 3530 1969; baseline 0.001 -18"><span class='ocrx_word' id='word_1_250' title='bbox 288 1898 413 1967; x_wconf 86' lang='lat' dir='ltr'><strong>quit,</strong></span> <span class='ocrx_word' id='word_1_251' title='bbox 442 1897 601 1954; x_wconf 85' lang='lat' dir='ltr'><strong>facies</strong></span> <span class='ocrx_word' id='word_1_252' title='bbox 621 1898 769 1954; x_wconf 87' lang='lat' dir='ltr'><strong>fratri</strong></span> <span class='ocrx_word' id='word_1_253' title='bbox 798 1908 910 1965; x_wconf 90' lang='lat' dir='ltr'><strong>tuo,</strong></span> <span class='ocrx_word' id='word_1_254' title='bbox 930 1898 1080 1968; x_wconf 90' lang='lat' dir='ltr'><strong>juxta</strong></span> <span class='ocrx_word' id='word_1_255' title='bbox 1103 1899 1243 1967; x_wconf 86' lang='lat' dir='ltr'><strong>quod</strong></span> <span class='ocrx_word' id='word_1_256' title='bbox 1266 1899 1503 1967; x_wconf 86' lang='lat' dir='ltr'><strong>possidet</strong></span> <span class='ocrx_word' id='word_1_257' title='bbox 1523 1915 1711 1955; x_wconf 89' lang='lat' dir='ltr'><strong>manus</strong></span> <span class='ocrx_word' id='word_1_258' title='bbox 1732 1910 1844 1967; x_wconf 90' lang='lat' dir='ltr'><strong>tua,</strong></span> <span class='ocrx_word' id='word_1_259' title='bbox 1879 1904 1926 1963; x_wconf 86' lang='lat' dir='ltr'><strong>B</strong></span> <span class='ocrx_word' id='word_1_260' title='bbox 1953 1898 2244 1952; x_wconf 82' lang='lat' dir='ltr'><strong>memorati.</strong></span> <span class='ocrx_word' id='word_1_261' title='bbox 2270 1901 2536 1965; x_wconf 85' lang='lat' dir='ltr'><strong>eunuchi;</strong></span> <span class='ocrx_word' id='word_1_262' title='bbox 2580 1900 2675 1955; x_wconf 91' lang='lat' dir='ltr'><strong>sed</strong></span> <span class='ocrx_word' id='word_1_263' title='bbox 2719 1900 3013 1969; x_wconf 80' lang='lat' dir='ltr'><strong>increpavit</strong></span> <span class='ocrx_word' id='word_1_264' title='bbox 3049 1900 3397 1954; x_wconf 89' lang='lat' dir='ltr'><strong>vehementer</strong></span> <span class='ocrx_word' id='word_1_265' title='bbox 3434 1913 3530 1954; x_wconf 89' lang='lat' dir='ltr'><strong>eos</strong></span> 
     </span>
    </p>
   </div>
   <div class='ocr_carea' id='block_1_33' title="bbox 281 1989 1851 2062">
    <p class='ocr_par' dir='ltr' id='par_1_33' title="bbox 281 1989 1851 2062">
     <span class='ocr_line' id='line_1_33' title="bbox 281 1989 1851 2062; baseline 0.004 -21"><span class='ocrx_word' id='word_1_266' title='bbox 281 2004 380 2042; x_wconf 82' lang='lat' dir='ltr'><strong>non</strong></span> <span class='ocrx_word' id='word_1_267' title='bbox 410 2004 477 2044; x_wconf 90' lang='lat' dir='ltr'><strong>ex</strong></span> <span class='ocrx_word' id='word_1_268' title='bbox 508 1990 593 2044; x_wconf 90' lang='lat' dir='ltr'><strong>bis</strong></span> <span class='ocrx_word' id='word_1_269' title='bbox 621 2005 739 2058; x_wconf 73' lang='lat' dir='ltr'><strong>qua:</strong></span> <span class='ocrx_word' id='word_1_270' title='bbox 763 2004 833 2045; x_wconf 85' lang='lat' dir='ltr'><strong>ex</strong></span> <span class='ocrx_word' id='word_1_271' title='bbox 866 1990 960 2044; x_wconf 89' lang='lat' dir='ltr'><strong>lite</strong></span> <span class='ocrx_word' id='word_1_272' title='bbox 978 1999 1034 2043; x_wconf 92' lang='lat' dir='ltr'><strong>et</strong></span> <span class='ocrx_word' id='word_1_273' title='bbox 1061 1989 1410 2045; x_wconf 87' lang='lat' dir='ltr'><strong>contentione</strong></span> <span class='ocrx_word' id='word_1_274' title='bbox 1437 1998 1492 2047; x_wconf 91' lang='lat' dir='ltr'><strong>et</strong></span> <span class='ocrx_word' id='word_1_275' title='bbox 1514 1989 1582 2045; x_wconf 90' lang='lat' dir='ltr'><strong>ab</strong></span> <span class='ocrx_word' id='word_1_276' title='bbox 1604 1990 1851 2062; x_wconf 88' lang='lat' dir='ltr'><strong>injuriam</strong></span> 
     </span>
    </p>
   </div>
   <div class='ocr_carea' id='block_1_34' title="bbox 270 2080 791 2149">
    <p class='ocr_par' dir='ltr' id='par_1_34' title="bbox 270 2080 791 2149">
     <span class='ocr_line' id='line_1_34' title="bbox 270 2080 791 2149; baseline 0.01 -16"><span class='ocrx_word' id='word_1_277' title='bbox 270 2094 433 2149; x_wconf 90' lang='lat' dir='ltr'><strong>passo</strong></span> <span class='ocrx_word' id='word_1_278' title='bbox 456 2080 791 2138; x_wconf 85' lang='lat' dir='ltr'><strong>auferuntur.</strong></span> 
     </span>
    </p>
   </div>
   <div class='ocr_carea' id='block_1_35' title="bbox 340 2172 1850 2249">
    <p class='ocr_par' dir='ltr' id='par_1_35' title="bbox 340 2172 1850 2249">
     <span class='ocr_line' id='line_1_35' title="bbox 340 2172 1850 2249; baseline 0.003 -20"><span class='ocrx_word' id='word_1_279' title='bbox 340 2172 480 2229; x_wconf 70' lang='lat' dir='ltr'><strong>Cu».</strong></span> <span class='ocrx_word' id='word_1_280' title='bbox 522 2173 745 2230; x_wconf 70' lang='lat' dir='ltr'><strong>XXXV.</strong></span> <span class='ocrx_word' id='word_1_281' title='bbox 782 2204 849 2214; x_wconf 97' lang='lat'><strong>—</strong></span> <span class='ocrx_word' id='word_1_282' title='bbox 886 2174 1055 2231; x_wconf 88' lang='lat' dir='ltr'><strong>Senex</strong></span> <span class='ocrx_word' id='word_1_283' title='bbox 1105 2176 1315 2245; x_wconf 89' lang='lat' dir='ltr'><strong>quidam</strong></span> <span class='ocrx_word' id='word_1_284' title='bbox 1365 2192 1628 2249; x_wconf 86' lang='lat' dir='ltr'><strong>magnus,</strong></span> <span class='ocrx_word' id='word_1_285' title='bbox 1696 2178 1850 2248; x_wconf 84' lang='lat' dir='ltr'><strong>quasi</strong></span> 
     </span>
    </p>
   </div>
   <div class='ocr_carea' id='block_1_36' title="bbox 264 2267 1851 2339">
    <p class='ocr_par' dir='ltr' id='par_1_36' title="bbox 264 2267 1851 2339">
     <span class='ocr_line' id='line_1_36' title="bbox 264 2267 1851 2339; baseline 0.006 -20"><span class='ocrx_word' id='word_1_286' title='bbox 264 2281 544 2321; x_wconf 82' lang='lat' dir='ltr'><strong>annorum</strong></span> <span class='ocrx_word' id='word_1_287' title='bbox 575 2267 868 2339; x_wconf 77' lang='lat' dir='ltr'><strong>sexaginta,</strong></span> <span class='ocrx_word' id='word_1_288' title='bbox 912 2268 1122 2323; x_wconf 90' lang='lat' dir='ltr'><strong>audiens</strong></span> <span class='ocrx_word' id='word_1_289' title='bbox 1169 2269 1301 2324; x_wconf 88' lang='lat' dir='ltr'><strong>tales</strong></span> <span class='ocrx_word' id='word_1_290' title='bbox 1343 2285 1430 2327; x_wconf 90' lang='lat' dir='ltr'><strong>res</strong></span> <span class='ocrx_word' id='word_1_291' title='bbox 1474 2271 1633 2339; x_wconf 84' lang='lat' dir='ltr'><strong>beati,</strong></span> <span class='ocrx_word' id='word_1_292' title='bbox 1683 2271 1851 2328; x_wconf 84' lang='lat' dir='ltr'><strong>voluit</strong></span> 
     </span>
    </p>
   </div>
   <div class='ocr_carea' id='block_1_37' title="bbox 266 2359 1847 2428">
    <p class='ocr_par' dir='ltr' id='par_1_37' title="bbox 266 2359 1847 2428">
     <span class='ocr_line' id='line_1_37' title="bbox 266 2359 1847 2428; baseline 0.004 -17"><span class='ocrx_word' id='word_1_293' title='bbox 266 2366 489 2413; x_wconf 84' lang='lat' dir='ltr'><strong>tentare</strong></span> <span class='ocrx_word' id='word_1_294' title='bbox 516 2374 658 2423; x_wconf 89' lang='lat' dir='ltr'><strong>eum,</strong></span> <span class='ocrx_word' id='word_1_295' title='bbox 690 2359 735 2413; x_wconf 89' lang='lat' dir='ltr'><strong>si</strong></span> <span class='ocrx_word' id='word_1_296' title='bbox 762 2367 940 2428; x_wconf 88' lang='lat' dir='ltr'><strong>posset</strong></span> <span class='ocrx_word' id='word_1_297' title='bbox 967 2359 1136 2415; x_wconf 81' lang='lat' dir='ltr'><strong>verbis</strong></span> <span class='ocrx_word' id='word_1_298' title='bbox 1165 2362 1402 2426; x_wconf 89' lang='lat' dir='ltr'><strong>suaderi,</strong></span> <span class='ocrx_word' id='word_1_299' title='bbox 1432 2372 1488 2418; x_wconf 90' lang='lat' dir='ltr'><strong>et</strong></span> <span class='ocrx_word' id='word_1_300' title='bbox 1523 2365 1587 2417; x_wconf 90' lang='lat' dir='ltr'><strong>ad</strong></span> <span class='ocrx_word' id='word_1_301' title='bbox 1618 2364 1847 2420; x_wconf 86' lang='lat' dir='ltr'><strong>scanda-</strong></span> 
     </span>
    </p>
   </div>
   <div class='ocr_carea' id='block_1_38' title="bbox 263 2446 1848 2523">
    <p class='ocr_par' dir='ltr' id='par_1_38' title="bbox 263 2446 1848 2523">
     <span class='ocr_line' id='line_1_38' title="bbox 263 2446 1848 2523; baseline 0.008 -24"><span class='ocrx_word' id='word_1_302' title='bbox 263 2449 382 2501; x_wconf 88' lang='lat' dir='ltr'><strong>lum</strong></span> <span class='ocrx_word' id='word_1_303' title='bbox 424 2446 586 2503; x_wconf 86' lang='lat' dir='ltr'><strong>facile</strong></span> <span class='ocrx_word' id='word_1_304' title='bbox 631 2449 907 2515; x_wconf 90' lang='lat' dir='ltr'><strong>inclinari,</strong></span> <span class='ocrx_word' id='word_1_305' title='bbox 935 2460 989 2506; x_wconf 93' lang='lat' dir='ltr'><strong>et</strong></span> <span class='ocrx_word' id='word_1_306' title='bbox 1017 2459 1072 2505; x_wconf 93' lang='lat' dir='ltr'><strong>ut</strong></span> <span class='ocrx_word' id='word_1_307' title='bbox 1111 2452 1363 2523; x_wconf 80' lang='lat' dir='ltr'><strong>contigit,</strong></span> <span class='ocrx_word' id='word_1_308' title='bbox 1394 2456 1440 2510; x_wconf 92' lang='lat' dir='ltr'><strong>si</strong></span> <span class='ocrx_word' id='word_1_309' title='bbox 1469 2456 1848 2513; x_wconf 88' lang='lat' dir='ltr'><strong>condemnaret</strong></span> 
     </span>
    </p>
   </div>
   <div class='ocr_carea' id='block_1_39' title="bbox 264 2540 1846 2614">
    <p class='ocr_par' dir='ltr' id='par_1_39' title="bbox 264 2540 1846 2614">
     <span class='ocr_line' id='line_1_39' title="bbox 264 2540 1846 2614; baseline 0.011 -22"><span class='ocrx_word' id='word_1_310' title='bbox 264 2540 522 2608; x_wconf 80' lang='lat' dir='ltr'><strong>aliquem.</strong></span> <span class='ocrx_word' id='word_1_311' title='bbox 589 2542 657 2596; x_wconf 84' lang='lat' dir='ltr'><strong>Et</strong></span> <span class='ocrx_word' id='word_1_312' title='bbox 703 2542 947 2599; x_wconf 87' lang='lat' dir='ltr'><strong>habitans</strong></span> <span class='ocrx_word' id='word_1_313' title='bbox 986 2545 1133 2614; x_wconf 91' lang='lat' dir='ltr'><strong>prius</strong></span> <span class='ocrx_word' id='word_1_314' title='bbox 1177 2549 1229 2601; x_wconf 94' lang='lat' dir='ltr'><strong>in</strong></span> <span class='ocrx_word' id='word_1_315' title='bbox 1274 2551 1598 2606; x_wconf 84' lang='lat' dir='ltr'><strong>monasterio</strong></span> <span class='ocrx_word' id='word_1_316' title='bbox 1637 2552 1846 2609; x_wconf 89' lang='lat' dir='ltr'><strong>abbatis</strong></span> 
     </span>
    </p>
   </div>
   <div class='ocr_carea' id='block_1_40' title="bbox 269 2632 1847 2707">
    <p class='ocr_par' dir='ltr' id='par_1_40' title="bbox 269 2632 1847 2707">
     <span class='ocr_line' id='line_1_40' title="bbox 269 2632 1847 2707; baseline 0.009 -22"><span class='ocrx_word' id='word_1_317' title='bbox 269 2632 539 2687; x_wconf 86' lang='lat' dir='ltr'><strong>Seridonis</strong></span> <span class='ocrx_word' id='word_1_318' title='bbox 567 2632 713 2703; x_wconf 87' lang='lat'><strong>(75),</strong></span> <span class='ocrx_word' id='word_1_319' title='bbox 742 2634 869 2689; x_wconf 89' lang='lat' dir='ltr'><strong>exiit</strong></span> <span class='ocrx_word' id='word_1_320' title='bbox 897 2643 952 2690; x_wconf 92' lang='lat' dir='ltr'><strong>et</strong></span> <span class='ocrx_word' id='word_1_321' title='bbox 976 2637 1122 2691; x_wconf 86' lang='lat' dir='ltr'><strong>venit</strong></span> <span class='ocrx_word' id='word_1_322' title='bbox 1147 2639 1557 2707; x_wconf 84' lang='lat' dir='ltr'><strong>Alexandriam;</strong></span> <span class='ocrx_word' id='word_1_323' title='bbox 1604 2653 1660 2698; x_wconf 90' lang='lat' dir='ltr'><strong>et</strong></span> <span class='ocrx_word' id='word_1_324' title='bbox 1682 2644 1847 2699; x_wconf 88' lang='lat' dir='ltr'><strong>sumit</strong></span> 
     </span>
    </p>
   </div>
   <div class='ocr_carea' id='block_1_41' title="bbox 271 2724 1843 2802">
    <p class='ocr_par' dir='ltr' id='par_1_41' title="bbox 271 2724 1843 2802">
     <span class='ocr_line' id='line_1_41' title="bbox 271 2724 1843 2802; baseline 0.01 -25"><span class='ocrx_word' id='word_1_325' title='bbox 271 2724 725 2781; x_wconf 80' lang='lat' dir='ltr'><strong>conversationem</strong></span> <span class='ocrx_word' id='word_1_326' title='bbox 757 2726 1060 2784; x_wconf 86' lang='lat' dir='ltr'><strong>hominibus</strong></span> <span class='ocrx_word' id='word_1_327' title='bbox 1086 2730 1300 2799; x_wconf 91' lang='lat' dir='ltr'><strong>quidem</strong></span> <span class='ocrx_word' id='word_1_328' title='bbox 1342 2733 1843 2802; x_wconf 84' lang='lat' dir='ltr'><strong>reprehensibitem,</strong></span> 
     </span>
    </p>
   </div>
   <div class='ocr_carea' id='block_1_42' title="bbox 265 2815 1844 2896">
    <p class='ocr_par' dir='ltr' id='par_1_42' title="bbox 265 2815 1844 2896">
     <span class='ocr_line' id='line_1_42' title="bbox 265 2815 1844 2896; baseline 0.008 -25"><span class='ocrx_word' id='word_1_329' title='bbox 265 2815 357 2871; x_wconf 81' lang='lat' dir='ltr'><strong>sed</strong></span> <span class='ocrx_word' id='word_1_330' title='bbox 385 2816 499 2872; x_wconf 90' lang='lat' dir='ltr'><strong>Deo</strong></span> <span class='ocrx_word' id='word_1_331' title='bbox 530 2826 757 2887; x_wconf 88' lang='lat' dir='ltr'><strong>gratam,</strong></span> <span class='ocrx_word' id='word_1_332' title='bbox 789 2820 878 2889; x_wconf 89' lang='lat' dir='ltr'><strong>qui</strong></span> <span class='ocrx_word' id='word_1_333' title='bbox 917 2820 1008 2875; x_wconf 90' lang='lat' dir='ltr'><strong>dat</strong></span> <span class='ocrx_word' id='word_1_334' title='bbox 1037 2820 1119 2892; x_wconf 91' lang='lat' dir='ltr'><strong>(ut</strong></span> <span class='ocrx_word' id='word_1_335' title='bbox 1154 2822 1231 2878; x_wconf 88' lang='lat' dir='ltr'><strong>ait</strong></span> <span class='ocrx_word' id='word_1_336' title='bbox 1263 2824 1449 2894; x_wconf 83' lang='lat' dir='ltr'><strong>David)</strong></span> <span class='ocrx_word' id='word_1_337' title='bbox 1495 2826 1716 2896; x_wconf 73' lang='lat' dir='ltr'><strong>singulis</strong></span> <span class='ocrx_word' id='word_1_338' title='bbox 1758 2842 1844 2882; x_wconf 87' lang='lat' dir='ltr'><strong>sc-</strong></span> 
     </span>
    </p>
   </div>
   <div class='ocr_carea' id='block_1_43' title="bbox 266 2908 1845 2990">
    <p class='ocr_par' dir='ltr' id='par_1_43' title="bbox 266 2908 1845 2990">
     <span class='ocr_line' id='line_1_43' title="bbox 266 2908 1845 2990; baseline 0.011 -32"><span class='ocrx_word' id='word_1_339' title='bbox 266 2908 504 2961; x_wconf 78' lang='lat' dir='ltr'><strong>rundum</strong></span> <span class='ocrx_word' id='word_1_340' title='bbox 548 2924 640 2964; x_wconf 87' lang='lat' dir='ltr'><strong>cor</strong></span> <span class='ocrx_word' id='word_1_341' title='bbox 684 2925 867 2966; x_wconf 87' lang='lat' dir='ltr'><strong>eorum</strong></span> <span class='ocrx_word' id='word_1_342' title='bbox 914 2911 1084 2984; x_wconf 81' lang='lat' dir='ltr'><strong>(Psal.</strong></span> <span class='ocrx_word' id='word_1_343' title='bbox 1130 2916 1266 2985; x_wconf 78' lang='lat' dir='ltr'><strong>xix).</strong></span> <span class='ocrx_word' id='word_1_344' title='bbox 1313 2916 1620 2986; x_wconf 85' lang='lat' dir='ltr'><strong>Ingrediens</strong></span> <span class='ocrx_word' id='word_1_345' title='bbox 1668 2919 1845 2990; x_wconf 88' lang='lat' dir='ltr'><strong>itaque</strong></span> 
     </span>
    </p>
   </div>
   <div class='ocr_carea' id='block_1_44' title="bbox 275 2999 1840 3076">
    <p class='ocr_par' dir='ltr' id='par_1_44' title="bbox 275 2999 1840 3076">
     <span class='ocr_line' id='line_1_44' title="bbox 275 2999 1840 3076; baseline 0.008 -23"><span class='ocrx_word' id='word_1_346' title='bbox 275 2999 568 3067; x_wconf 71' lang='lat' dir='ltr'><strong>civitatem,</strong></span> <span class='ocrx_word' id='word_1_347' title='bbox 602 3001 775 3057; x_wconf 85' lang='lat' dir='ltr'><strong>scribit</strong></span> <span class='ocrx_word' id='word_1_348' title='bbox 800 3019 992 3060; x_wconf 89' lang='lat' dir='ltr'><strong>omnes</strong></span> <span class='ocrx_word' id='word_1_349' title='bbox 1015 3022 1134 3074; x_wconf 66' lang='lat' dir='ltr'><strong>quae</strong></span> <span class='ocrx_word' id='word_1_350' title='bbox 1163 3017 1303 3062; x_wconf 85' lang='lat' dir='ltr'><strong>notae</strong></span> <span class='ocrx_word' id='word_1_351' title='bbox 1332 3020 1486 3065; x_wconf 91' lang='lat' dir='ltr'><strong>erant</strong></span> <span class='ocrx_word' id='word_1_352' title='bbox 1513 3012 1840 3076; x_wconf 87' lang='lat' dir='ltr'><strong>meretrices,</strong></span> 
     </span>
    </p>
   </div>
   <div class='ocr_carea' id='block_1_45' title="bbox 277 3092 1843 3171">
    <p class='ocr_par' dir='ltr' id='par_1_45' title="bbox 277 3092 1843 3171">
     <span class='ocr_line' id='line_1_45' title="bbox 277 3092 1843 3171; baseline 0.008 -27"><span class='ocrx_word' id='word_1_353' title='bbox 277 3104 333 3145; x_wconf 92' lang='lat' dir='ltr'><strong>et</strong></span> <span class='ocrx_word' id='word_1_354' title='bbox 361 3092 524 3161; x_wconf 77' lang='lat' dir='ltr'><strong>erepit</strong></span> <span class='ocrx_word' id='word_1_355' title='bbox 548 3093 777 3150; x_wconf 84' lang='lat' dir='ltr'><strong>laborare</strong></span> <span class='ocrx_word' id='word_1_356' title='bbox 812 3098 1092 3166; x_wconf 87' lang='lat' dir='ltr'><strong>cpuscula,</strong></span> <span class='ocrx_word' id='word_1_357' title='bbox 1120 3108 1174 3153; x_wconf 89' lang='lat' dir='ltr'><strong>et</strong></span> <span class='ocrx_word' id='word_1_358' title='bbox 1208 3101 1450 3164; x_wconf 83' lang='lat' dir='ltr'><strong>accipere</strong></span> <span class='ocrx_word' id='word_1_359' title='bbox 1483 3118 1578 3169; x_wconf 87' lang='lat' dir='ltr'><strong>per</strong></span> <span class='ocrx_word' id='word_1_360' title='bbox 1607 3103 1843 3171; x_wconf 79' lang='lat' dir='ltr'><strong>singulos</strong></span> 
     </span>
    </p>
   </div>
   <div class='ocr_carea' id='block_1_46' title="bbox 272 3181 1843 3257">
    <p class='ocr_par' dir='ltr' id='par_1_46' title="bbox 272 3181 1843 3257">
     <span class='ocr_line' id='line_1_46' title="bbox 272 3181 1843 3257; baseline 0.01 -22"><span class='ocrx_word' id='word_1_361' title='bbox 272 3181 387 3237; x_wconf 88' lang='lat' dir='ltr'><strong>dies</strong></span> <span class='ocrx_word' id='word_1_362' title='bbox 413 3182 654 3253; x_wconf 86' lang='lat' dir='ltr'><strong>siliquam</strong></span> <span class='ocrx_word' id='word_1_363' title='bbox 678 3200 858 3241; x_wconf 91' lang='lat' dir='ltr'><strong>unam.</strong></span> <span class='ocrx_word' id='word_1_364' title='bbox 883 3188 1017 3243; x_wconf 91' lang='lat' dir='ltr'><strong>Cum</strong></span> <span class='ocrx_word' id='word_1_365' title='bbox 1046 3203 1175 3257; x_wconf 86' lang='lat' dir='ltr'><strong>ergo</strong></span> <span class='ocrx_word' id='word_1_366' title='bbox 1204 3192 1544 3247; x_wconf 87' lang='lat' dir='ltr'><strong>occumberet</strong></span> <span class='ocrx_word' id='word_1_367' title='bbox 1563 3194 1664 3257; x_wconf 87' lang='lat' dir='ltr'><strong>sol,</strong></span> <span class='ocrx_word' id='word_1_368' title='bbox 1699 3210 1843 3252; x_wconf 89' lang='lat' dir='ltr'><strong>man-</strong></span> 
     </span>
    </p>
   </div>
   <div class='ocr_carea' id='block_1_47' title="bbox 1956 1987 3526 2053">
    <p class='ocr_par' dir='ltr' id='par_1_47' title="bbox 1956 1987 3526 2053">
     <span class='ocr_line' id='line_1_47' title="bbox 1956 1987 3526 2053; baseline 0.003 -13"><span class='ocrx_word' id='word_1_369' title='bbox 1956 1987 2047 2053; x_wconf 89' lang='lat' dir='ltr'><strong>qui</strong></span> <span class='ocrx_word' id='word_1_370' title='bbox 2074 1998 2258 2042; x_wconf 89' lang='lat' dir='ltr'><strong>contra</strong></span> <span class='ocrx_word' id='word_1_371' title='bbox 2285 1989 2530 2045; x_wconf 86' lang='lat' dir='ltr'><strong>Vitalium</strong></span> <span class='ocrx_word' id='word_1_372' title='bbox 2560 1992 2804 2047; x_wconf 87' lang='lat' dir='ltr'><strong>abbatem</strong></span> <span class='ocrx_word' id='word_1_373' title='bbox 2836 1991 3222 2047; x_wconf 80' lang='lat' dir='ltr'><strong>accusationem</strong></span> <span class='ocrx_word' id='word_1_374' title='bbox 3251 1991 3301 2047; x_wconf 90' lang='lat' dir='ltr'><strong>ei</strong></span> <span class='ocrx_word' id='word_1_375' title='bbox 3334 1990 3526 2045; x_wconf 63' lang='lat' dir='ltr'><strong>altere-</strong></span> 
     </span>
    </p>
   </div>
   <div class='ocr_carea' id='block_1_48' title="bbox 1950 2078 3526 2153">
    <p class='ocr_par' dir='ltr' id='par_1_48' title="bbox 1950 2078 3526 2153">
     <span class='ocr_line' id='line_1_48' title="bbox 1950 2078 3526 2153; baseline 0.003 -20"><span class='ocrx_word' id='word_1_376' title='bbox 1950 2078 2100 2147; x_wconf 89' lang='lat' dir='ltr'><strong>bant,</strong></span> <span class='ocrx_word' id='word_1_377' title='bbox 2133 2082 2317 2137; x_wconf 90' lang='lat' dir='ltr'><strong>dicens</strong></span> <span class='ocrx_word' id='word_1_378' title='bbox 2352 2084 2417 2138; x_wconf 85' lang='lat' dir='ltr'><strong>ad</strong></span> <span class='ocrx_word' id='word_1_379' title='bbox 2444 2099 2536 2139; x_wconf 90' lang='lat' dir='ltr'><strong>eos</strong></span> <span class='ocrx_word' id='word_1_380' title='bbox 2568 2101 2582 2139; x_wconf 90' lang='lat'><strong>:</strong></span> <span class='ocrx_word' id='word_1_381' title='bbox 2616 2086 3173 2153; x_wconf 81' lang='lat' dir='ltr'><strong>Quiesciteaccusare</strong></span> <span class='ocrx_word' id='word_1_382' title='bbox 3213 2086 3526 2138; x_wconf 89' lang='lat' dir='ltr'><strong>monachos.</strong></span> 
     </span>
    </p>
   </div>
   <div class='ocr_carea' id='block_1_49' title="bbox 1948 2174 3629 2251">
    <p class='ocr_par' dir='ltr' id='par_1_49' title="bbox 1948 2174 3629 2251">
     <span class='ocr_line' id='line_1_49' title="bbox 1948 2174 3629 2251; baseline -0.001 -23"><span class='ocrx_word' id='word_1_383' title='bbox 1948 2174 2046 2228; x_wconf 75' lang='lat' dir='ltr'><strong>An.</strong></span> <span class='ocrx_word' id='word_1_384' title='bbox 2073 2175 2288 2229; x_wconf 89' lang='lat' dir='ltr'><strong>nescitis</strong></span> <span class='ocrx_word' id='word_1_385' title='bbox 2313 2176 2452 2244; x_wconf 90' lang='lat' dir='ltr'><strong>quod</strong></span> <span class='ocrx_word' id='word_1_386' title='bbox 2493 2178 2634 2233; x_wconf 90' lang='lat' dir='ltr'><strong>circa</strong></span> <span class='ocrx_word' id='word_1_387' title='bbox 2673 2186 2872 2232; x_wconf 69' lang='lat' dir='ltr'><strong>sancta:</strong></span> <span class='ocrx_word' id='word_1_388' title='bbox 2910 2178 3182 2232; x_wconf 71' lang='lat' dir='ltr'><strong>memoriae</strong></span> <span class='ocrx_word' id='word_1_389' title='bbox 3223 2176 3527 2231; x_wconf 87' lang='lat' dir='ltr'><strong>Constanti-</strong></span> <span class='ocrx_word' id='word_1_390' title='bbox 3626 2246 3629 2251; x_wconf 0' lang='lat' dir='ltr'><strong>Q</strong></span> 
     </span>
    </p>
   </div>
   <div class='ocr_carea' id='block_1_50' title="bbox 1950 2268 3526 2339">
    <p class='ocr_par' dir='ltr' id='par_1_50' title="bbox 1950 2268 3526 2339">
     <span class='ocr_line' id='line_1_50' title="bbox 1950 2268 3526 2339; baseline 0.001 -19"><span class='ocrx_word' id='word_1_391' title='bbox 1950 2283 2074 2321; x_wconf 90' lang='lat' dir='ltr'><strong>num</strong></span> <span class='ocrx_word' id='word_1_392' title='bbox 2106 2268 2217 2339; x_wconf 89' lang='lat'><strong>(77)</strong></span> <span class='ocrx_word' id='word_1_393' title='bbox 2248 2269 2621 2338; x_wconf 88' lang='lat' dir='ltr'><strong>imperatorem</strong></span> <span class='ocrx_word' id='word_1_394' title='bbox 2667 2279 2845 2325; x_wconf 89' lang='lat' dir='ltr'><strong>actum</strong></span> <span class='ocrx_word' id='word_1_395' title='bbox 2880 2270 3069 2337; x_wconf 90' lang='lat' dir='ltr'><strong>fuisse,</strong></span> <span class='ocrx_word' id='word_1_396' title='bbox 3101 2269 3526 2337; x_wconf 88' lang='lat' dir='ltr'><strong>conscriptiones</strong></span> 
     </span>
    </p>
   </div>
   <div class='ocr_carea' id='block_1_51' title="bbox 1947 2359 3526 2430">
    <p class='ocr_par' dir='ltr' id='par_1_51' title="bbox 1947 2359 3526 2430">
     <span class='ocr_line' id='line_1_51' title="bbox 1947 2359 3526 2430; baseline -0.001 -17"><span class='ocrx_word' id='word_1_397' title='bbox 1947 2376 2067 2430; x_wconf 76' lang='lat' dir='ltr'><strong>qua:</strong></span> <span class='ocrx_word' id='word_1_398' title='bbox 2091 2364 2156 2415; x_wconf 88' lang='lat' dir='ltr'><strong>de</strong></span> <span class='ocrx_word' id='word_1_399' title='bbox 2186 2376 2251 2417; x_wconf 91' lang='lat' dir='ltr'><strong>eo</strong></span> <span class='ocrx_word' id='word_1_400' title='bbox 2286 2360 2534 2430; x_wconf 82' lang='lat' dir='ltr'><strong>leguntur</strong></span> <span class='ocrx_word' id='word_1_401' title='bbox 2575 2362 2921 2417; x_wconf 76' lang='lat' dir='ltr'><strong>contineant?</strong></span> <span class='ocrx_word' id='word_1_402' title='bbox 2963 2360 3248 2428; x_wconf 89' lang='lat' dir='ltr'><strong>Quoniam,</strong></span> <span class='ocrx_word' id='word_1_403' title='bbox 3278 2361 3373 2424; x_wconf 89' lang='lat' dir='ltr'><strong>ait,</strong></span> <span class='ocrx_word' id='word_1_404' title='bbox 3409 2359 3526 2429; x_wconf 87' lang='lat' dir='ltr'><strong>qui-</strong></span> 
     </span>
    </p>
   </div>
   <div class='ocr_carea' id='block_1_52' title="bbox 1947 2450 3523 2517">
    <p class='ocr_par' dir='ltr' id='par_1_52' title="bbox 1947 2450 3523 2517">
     <span class='ocr_line' id='line_1_52' title="bbox 1947 2450 3523 2517; baseline -0.003 -12"><span class='ocrx_word' id='word_1_405' title='bbox 1947 2454 2068 2505; x_wconf 89' lang='lat' dir='ltr'><strong>dam</strong></span> <span class='ocrx_word' id='word_1_406' title='bbox 2098 2467 2201 2505; x_wconf 88' lang='lat' dir='ltr'><strong>non</strong></span> <span class='ocrx_word' id='word_1_407' title='bbox 2241 2454 2489 2507; x_wconf 87' lang='lat' dir='ltr'><strong>timentes</strong></span> <span class='ocrx_word' id='word_1_408' title='bbox 2518 2452 2705 2517; x_wconf 70' lang='lat' dir='ltr'><strong>Deum,</strong></span> <span class='ocrx_word' id='word_1_409' title='bbox 2738 2466 2860 2507; x_wconf 87' lang='lat' dir='ltr'><strong>cum</strong></span> <span class='ocrx_word' id='word_1_410' title='bbox 2901 2453 3264 2507; x_wconf 87' lang='lat' dir='ltr'><strong>celebraretur</strong></span> <span class='ocrx_word' id='word_1_411' title='bbox 3290 2450 3523 2504; x_wconf 79' lang='lat' dir='ltr'><strong>secunda</strong></span> 
     </span>
    </p>
   </div>
   <div class='ocr_carea' id='block_1_53' title="bbox 1944 2542 3524 2616">
    <p class='ocr_par' dir='ltr' id='par_1_53' title="bbox 1944 2542 3524 2616">
     <span class='ocr_line' id='line_1_53' title="bbox 1944 2542 3524 2616; baseline -0.003 -18"><span class='ocrx_word' id='word_1_412' title='bbox 1944 2544 2191 2615; x_wconf 88' lang='lat' dir='ltr'><strong>Synodus</strong></span> <span class='ocrx_word' id='word_1_413' title='bbox 2220 2544 2272 2598; x_wconf 93' lang='lat' dir='ltr'><strong>in</strong></span> <span class='ocrx_word' id='word_1_414' title='bbox 2298 2543 2473 2598; x_wconf 67' lang='lat' dir='ltr'><strong>Niczea</strong></span> <span class='ocrx_word' id='word_1_415' title='bbox 2504 2542 2640 2616; x_wconf 89' lang='lat'><strong>(78),</strong></span> <span class='ocrx_word' id='word_1_416' title='bbox 2682 2551 2963 2613; x_wconf 70' lang='lat' dir='ltr'><strong>creperuut</strong></span> <span class='ocrx_word' id='word_1_417' title='bbox 2990 2552 3174 2597; x_wconf 86' lang='lat' dir='ltr'><strong>contra</strong></span> <span class='ocrx_word' id='word_1_418' title='bbox 3215 2557 3273 2596; x_wconf 87' lang='lat' dir='ltr'><strong>se</strong></span> <span class='ocrx_word' id='word_1_419' title='bbox 3302 2542 3432 2596; x_wconf 89' lang='lat' dir='ltr'><strong>dare</strong></span> <span class='ocrx_word' id='word_1_420' title='bbox 3473 2542 3524 2595; x_wconf 91' lang='lat' dir='ltr'><strong>in</strong></span> 
     </span>
    </p>
   </div>
   <div class='ocr_carea' id='block_1_54' title="bbox 1943 2635 3521 2707">
    <p class='ocr_par' dir='ltr' id='par_1_54' title="bbox 1943 2635 3521 2707">
     <span class='ocr_line' id='line_1_54' title="bbox 1943 2635 3521 2707; baseline -0.004 -15"><span class='ocrx_word' id='word_1_421' title='bbox 1943 2638 2157 2707; x_wconf 87' lang='lat' dir='ltr'><strong>scriptis</strong></span> <span class='ocrx_word' id='word_1_422' title='bbox 2198 2636 2366 2691; x_wconf 89' lang='lat' dir='ltr'><strong>famas</strong></span> <span class='ocrx_word' id='word_1_423' title='bbox 2420 2650 2600 2705; x_wconf 89' lang='lat' dir='ltr'><strong>turpes</strong></span> <span class='ocrx_word' id='word_1_424' title='bbox 2641 2636 2796 2692; x_wconf 87' lang='lat' dir='ltr'><strong>beato</strong></span> <span class='ocrx_word' id='word_1_425' title='bbox 2826 2637 2897 2689; x_wconf 93' lang='lat' dir='ltr'><strong>illi</strong></span> <span class='ocrx_word' id='word_1_426' title='bbox 2943 2636 3275 2703; x_wconf 89' lang='lat' dir='ltr'><strong>imperatori,</strong></span> <span class='ocrx_word' id='word_1_427' title='bbox 3305 2635 3521 2705; x_wconf 89' lang='lat' dir='ltr'><strong>quidam</strong></span> 
     </span>
    </p>
   </div>
   <div class='ocr_carea' id='block_1_55' title="bbox 1945 2728 3527 2799">
    <p class='ocr_par' dir='ltr' id='par_1_55' title="bbox 1945 2728 3527 2799">
     <span class='ocr_line' id='line_1_55' title="bbox 1945 2728 3527 2799; baseline -0.004 -15"><span class='ocrx_word' id='word_1_428' title='bbox 1945 2729 2121 2784; x_wconf 90' lang='lat' dir='ltr'><strong>clerici</strong></span> <span class='ocrx_word' id='word_1_429' title='bbox 2152 2731 2366 2799; x_wconf 89' lang='lat' dir='ltr'><strong>quidem</strong></span> <span class='ocrx_word' id='word_1_430' title='bbox 2395 2731 2714 2795; x_wconf 84' lang='lat' dir='ltr'><strong>existentes,</strong></span> <span class='ocrx_word' id='word_1_431' title='bbox 2745 2729 2957 2799; x_wconf 91' lang='lat' dir='ltr'><strong>quidam</strong></span> <span class='ocrx_word' id='word_1_432' title='bbox 2988 2728 3257 2792; x_wconf 87' lang='lat' dir='ltr'><strong>monachi,</strong></span> <span class='ocrx_word' id='word_1_433' title='bbox 3280 2741 3334 2783; x_wconf 90' lang='lat' dir='ltr'><strong>et</strong></span> <span class='ocrx_word' id='word_1_434' title='bbox 3357 2728 3423 2782; x_wconf 90' lang='lat' dir='ltr'><strong>ad</strong></span> <span class='ocrx_word' id='word_1_435' title='bbox 3452 2730 3527 2779; x_wconf 75' lang='lat' dir='ltr'><strong>fa-</strong></span> 
     </span>
    </p>
   </div>
   <div class='ocr_carea' id='block_1_56' title="bbox 1943 2822 3521 2879">
    <p class='ocr_par' dir='ltr' id='par_1_56' title="bbox 1943 2822 3521 2879">
     <span class='ocr_line' id='line_1_56' title="bbox 1943 2822 3521 2879; baseline -0.003 -2"><span class='ocrx_word' id='word_1_436' title='bbox 1943 2823 2078 2877; x_wconf 89' lang='lat' dir='ltr'><strong>ciem</strong></span> <span class='ocrx_word' id='word_1_437' title='bbox 2103 2822 2374 2878; x_wconf 85' lang='lat' dir='ltr'><strong>adducens</strong></span> <span class='ocrx_word' id='word_1_438' title='bbox 2403 2832 2616 2879; x_wconf 77' lang='lat' dir='ltr'><strong>sanctus</strong></span> <span class='ocrx_word' id='word_1_439' title='bbox 2637 2822 2729 2877; x_wconf 92' lang='lat' dir='ltr'><strong>Dei</strong></span> <span class='ocrx_word' id='word_1_440' title='bbox 2753 2822 3125 2877; x_wconf 86' lang='lat' dir='ltr'><strong>Constantinus</strong></span> <span class='ocrx_word' id='word_1_441' title='bbox 3155 2831 3521 2876; x_wconf 87' lang='lat' dir='ltr'><strong>accusatorem</strong></span> 
     </span>
    </p>
   </div>
   <div class='ocr_carea' id='block_1_57' title="bbox 1944 2912 3533 2983">
    <p class='ocr_par' dir='ltr' id='par_1_57' title="bbox 1944 2912 3533 2983">
     <span class='ocr_line' id='line_1_57' title="bbox 1944 2912 3533 2983; baseline -0.003 -15"><span class='ocrx_word' id='word_1_442' title='bbox 1944 2923 1998 2968; x_wconf 89' lang='lat' dir='ltr'><strong>et</strong></span> <span class='ocrx_word' id='word_1_443' title='bbox 2024 2923 2351 2980; x_wconf 87' lang='lat' dir='ltr'><strong>accusatum,</strong></span> <span class='ocrx_word' id='word_1_444' title='bbox 2382 2924 2662 2983; x_wconf 76' lang='lat' dir='ltr'><strong>utrumque</strong></span> <span class='ocrx_word' id='word_1_445' title='bbox 2706 2912 2930 2969; x_wconf 89' lang='lat' dir='ltr'><strong>audivit.</strong></span> <span class='ocrx_word' id='word_1_446' title='bbox 2982 2913 3190 2968; x_wconf 87' lang='lat' dir='ltr'><strong>Etcum</strong></span> <span class='ocrx_word' id='word_1_447' title='bbox 3230 2913 3533 2966; x_wconf 83' lang='lat' dir='ltr'><strong>invenisset</strong></span> 
     </span>
    </p>
   </div>
   <div class='ocr_carea' id='block_1_58' title="bbox 1943 3001 3524 3067">
    <p class='ocr_par' dir='ltr' id='par_1_58' title="bbox 1943 3001 3524 3067">
     <span class='ocr_line' id='line_1_58' title="bbox 1943 3001 3524 3067; baseline -0.004 -9"><span class='ocrx_word' id='word_1_448' title='bbox 1943 3005 2138 3058; x_wconf 80' lang='lat' dir='ltr'><strong>multas</strong></span> <span class='ocrx_word' id='word_1_449' title='bbox 2178 3004 2360 3058; x_wconf 87' lang='lat' dir='ltr'><strong>talium</strong></span> <span class='ocrx_word' id='word_1_450' title='bbox 2389 3005 2821 3059; x_wconf 90' lang='lat' dir='ltr'><strong>criminationum</strong></span> <span class='ocrx_word' id='word_1_451' title='bbox 2880 3020 3032 3059; x_wconf 89' lang='lat' dir='ltr'><strong>veras</strong></span> <span class='ocrx_word' id='word_1_452' title='bbox 3086 3018 3236 3067; x_wconf 90' lang='lat' dir='ltr'><strong>esse,</strong></span> <span class='ocrx_word' id='word_1_453' title='bbox 3295 3001 3524 3056; x_wconf 74' lang='lat' dir='ltr'><strong>afferens</strong></span> 
     </span>
    </p>
   </div>
   <div class='ocr_carea' id='block_1_59' title="bbox 1942 3094 3521 3166">
    <p class='ocr_par' dir='ltr' id='par_1_59' title="bbox 1942 3094 3521 3166">
     <span class='ocr_line' id='line_1_59' title="bbox 1942 3094 3521 3166; baseline -0.003 -16"><span class='ocrx_word' id='word_1_454' title='bbox 1942 3099 2216 3151; x_wconf 85' lang='lat' dir='ltr'><strong>ardentem</strong></span> <span class='ocrx_word' id='word_1_455' title='bbox 2254 3111 2508 3163; x_wconf 87' lang='lat' dir='ltr'><strong>cereum,</strong></span> <span class='ocrx_word' id='word_1_456' title='bbox 2542 3097 2777 3152; x_wconf 91' lang='lat' dir='ltr'><strong>incendit</strong></span> <span class='ocrx_word' id='word_1_457' title='bbox 2797 3112 2983 3151; x_wconf 90' lang='lat' dir='ltr'><strong>omnes</strong></span> <span class='ocrx_word' id='word_1_458' title='bbox 3009 3111 3126 3166; x_wconf 68' lang='lat' dir='ltr'><strong>qum</strong></span> <span class='ocrx_word' id='word_1_459' title='bbox 3146 3095 3282 3150; x_wconf 66' lang='lat' dir='ltr'><strong>datae</strong></span> <span class='ocrx_word' id='word_1_460' title='bbox 3304 3105 3427 3148; x_wconf 86' lang='lat' dir='ltr'><strong>sunt</strong></span> <span class='ocrx_word' id='word_1_461' title='bbox 3470 3094 3521 3147; x_wconf 89' lang='lat' dir='ltr'><strong>in</strong></span> 
     </span>
    </p>
   </div>
   <div class='ocr_carea' id='block_1_60' title="bbox 1943 3188 3522 3257">
    <p class='ocr_par' dir='ltr' id='par_1_60' title="bbox 1943 3188 3522 3257">
     <span class='ocr_line' id='line_1_60' title="bbox 1943 3188 3522 3257; baseline -0.003 -13"><span class='ocrx_word' id='word_1_462' title='bbox 1943 3190 2158 3257; x_wconf 82' lang='lat' dir='ltr'><strong>scriptis</strong></span> <span class='ocrx_word' id='word_1_463' title='bbox 2201 3188 2372 3242; x_wconf 84' lang='lat' dir='ltr'><strong>malas</strong></span> <span class='ocrx_word' id='word_1_464' title='bbox 2410 3189 2721 3257; x_wconf 86' lang='lat' dir='ltr'><strong>opiniones,</strong></span> <span class='ocrx_word' id='word_1_465' title='bbox 2773 3188 2996 3244; x_wconf 89' lang='lat' dir='ltr'><strong>dicens:</strong></span> <span class='ocrx_word' id='word_1_466' title='bbox 3024 3188 3163 3243; x_wconf 81' lang='lat' dir='ltr'><strong>Vere</strong></span> <span class='ocrx_word' id='word_1_467' title='bbox 3202 3189 3247 3242; x_wconf 89' lang='lat' dir='ltr'><strong>si</strong></span> <span class='ocrx_word' id='word_1_468' title='bbox 3294 3188 3522 3256; x_wconf 80' lang='lat' dir='ltr'><strong>prepriis</strong></span> 
     </span>
    </p>
   </div>
   <div class='ocr_carea' id='block_1_61' title="bbox 263 3264 3519 3353">
    <p class='ocr_par' dir='ltr' id='par_1_61' title="bbox 263 3264 3519 3353">
     <span class='ocr_line' id='line_1_61' title="bbox 263 3264 3519 3353; baseline 0.001 -25"><span class='ocrx_word' id='word_1_469' title='bbox 263 3275 492 3331; x_wconf 88' lang='lat' dir='ltr'><strong>ducabat</strong></span> <span class='ocrx_word' id='word_1_470' title='bbox 518 3278 669 3334; x_wconf 92' lang='lat' dir='ltr'><strong>unius</strong></span> <span class='ocrx_word' id='word_1_471' title='bbox 698 3280 823 3335; x_wconf 72' lang='lat' dir='ltr'><strong>terei</strong></span> <span class='ocrx_word' id='word_1_472' title='bbox 854 3280 1063 3351; x_wconf 73' lang='lat' dir='ltr'><strong>lupinus</strong></span> <span class='ocrx_word' id='word_1_473' title='bbox 1088 3282 1224 3353; x_wconf 86' lang='lat'><strong>(76),</strong></span> <span class='ocrx_word' id='word_1_474' title='bbox 1247 3294 1300 3340; x_wconf 91' lang='lat' dir='ltr'><strong>et</strong></span> <span class='ocrx_word' id='word_1_475' title='bbox 1330 3284 1561 3341; x_wconf 87' lang='lat' dir='ltr'><strong>intrabat</strong></span> <span class='ocrx_word' id='word_1_476' title='bbox 1588 3287 1653 3341; x_wconf 92' lang='lat' dir='ltr'><strong>ad</strong></span> <span class='ocrx_word' id='word_1_477' title='bbox 1683 3304 1839 3345; x_wconf 90' lang='lat' dir='ltr'><strong>unam</strong></span> <span class='ocrx_word' id='word_1_478' title='bbox 1870 3276 1918 3339; x_wconf 88' lang='lat' dir='ltr'><strong><em>C</em></strong></span> <span class='ocrx_word' id='word_1_479' title='bbox 1947 3282 2116 3335; x_wconf 89' lang='lat' dir='ltr'><strong>oculis</strong></span> <span class='ocrx_word' id='word_1_480' title='bbox 2146 3264 2395 3335; x_wconf 51' lang='lat' dir='ltr'><strong>vidisse&#39;m</strong></span> <span class='ocrx_word' id='word_1_481' title='bbox 2437 3280 2768 3336; x_wconf 89' lang='lat' dir='ltr'><strong>sacerdotem</strong></span> <span class='ocrx_word' id='word_1_482' title='bbox 2791 3280 2908 3349; x_wconf 89' lang='lat' dir='ltr'><strong>Dei,</strong></span> <span class='ocrx_word' id='word_1_483' title='bbox 2938 3280 3019 3334; x_wconf 86' lang='lat' dir='ltr'><strong>vel</strong></span> <span class='ocrx_word' id='word_1_484' title='bbox 3059 3282 3287 3349; x_wconf 88' lang='lat' dir='ltr'><strong>aliquem</strong></span> <span class='ocrx_word' id='word_1_485' title='bbox 3335 3295 3519 3334; x_wconf 89' lang='lat' dir='ltr'><strong>eorum</strong></span> 
     </span>
    </p>
   </div>
   <div class='ocr_carea' id='block_1_62' title="bbox 262 3368 1838 3445">
    <p class='ocr_par' dir='ltr' id='par_1_62' title="bbox 262 3368 1838 3445">
     <span class='ocr_line' id='line_1_62' title="bbox 262 3368 1838 3445; baseline 0.011 -26"><span class='ocrx_word' id='word_1_486' title='bbox 262 3368 625 3437; x_wconf 81' lang='lat' dir='ltr'><strong>meretricum,</strong></span> <span class='ocrx_word' id='word_1_487' title='bbox 653 3381 708 3426; x_wconf 91' lang='lat' dir='ltr'><strong>et</strong></span> <span class='ocrx_word' id='word_1_488' title='bbox 735 3372 898 3427; x_wconf 86' lang='lat' dir='ltr'><strong>dabat</strong></span> <span class='ocrx_word' id='word_1_489' title='bbox 929 3376 977 3429; x_wconf 92' lang='lat' dir='ltr'><strong>ei</strong></span> <span class='ocrx_word' id='word_1_490' title='bbox 1011 3390 1182 3432; x_wconf 58' lang='lat' dir='ltr'><strong>a’reos</strong></span> <span class='ocrx_word' id='word_1_491' title='bbox 1211 3393 1477 3445; x_wconf 90' lang='lat' dir='ltr'><strong>nummos,</strong></span> <span class='ocrx_word' id='word_1_492' title='bbox 1517 3390 1572 3435; x_wconf 90' lang='lat' dir='ltr'><strong>et</strong></span> <span class='ocrx_word' id='word_1_493' title='bbox 1599 3379 1838 3436; x_wconf 89' lang='lat' dir='ltr'><strong>dicebat:</strong></span> 
     </span>
    </p>
   </div>
   <div class='ocr_carea' id='block_1_63' title="bbox 267 3458 1845 3531">
    <p class='ocr_par' dir='ltr' id='par_1_63' title="bbox 267 3458 1845 3531">
     <span class='ocr_line' id='line_1_63' title="bbox 267 3458 1845 3531; baseline 0.011 -20"><span class='ocrx_word' id='word_1_494' title='bbox 267 3458 407 3513; x_wconf 72' lang='lat' dir='ltr'><strong>Dona</strong></span> <span class='ocrx_word' id='word_1_495' title='bbox 433 3460 564 3516; x_wconf 89' lang='lat' dir='ltr'><strong>mibi</strong></span> <span class='ocrx_word' id='word_1_496' title='bbox 594 3471 807 3519; x_wconf 90' lang='lat' dir='ltr'><strong>noctem</strong></span> <span class='ocrx_word' id='word_1_497' title='bbox 838 3465 1016 3531; x_wconf 85' lang='lat' dir='ltr'><strong>istam,</strong></span> <span class='ocrx_word' id='word_1_498' title='bbox 1049 3477 1105 3523; x_wconf 91' lang='lat' dir='ltr'><strong>et</strong></span> <span class='ocrx_word' id='word_1_499' title='bbox 1131 3468 1238 3523; x_wconf 89' lang='lat' dir='ltr'><strong>noli</strong></span> <span class='ocrx_word' id='word_1_500' title='bbox 1270 3469 1541 3528; x_wconf 88' lang='lat' dir='ltr'><strong>fornicari.</strong></span> <span class='ocrx_word' id='word_1_501' title='bbox 1571 3473 1637 3527; x_wconf 84' lang='lat' dir='ltr'><strong>Et</strong></span> <span class='ocrx_word' id='word_1_502' title='bbox 1662 3489 1845 3528; x_wconf 80' lang='lat' dir='ltr'><strong>mane-</strong></span> 
     </span>
    </p>
   </div>
   <div class='ocr_carea' id='block_1_64' title="bbox 275 3552 1841 3628">
    <p class='ocr_par' dir='ltr' id='par_1_64' title="bbox 275 3552 1841 3628">
     <span class='ocr_line' id='line_1_64' title="bbox 275 3552 1841 3628; baseline 0.013 -25"><span class='ocrx_word' id='word_1_503' title='bbox 275 3552 358 3605; x_wconf 88' lang='lat' dir='ltr'><strong>bat</strong></span> <span class='ocrx_word' id='word_1_504' title='bbox 380 3553 521 3622; x_wconf 87' lang='lat' dir='ltr'><strong>juxta</strong></span> <span class='ocrx_word' id='word_1_505' title='bbox 548 3570 674 3612; x_wconf 88' lang='lat' dir='ltr'><strong>eam</strong></span> <span class='ocrx_word' id='word_1_506' title='bbox 712 3567 868 3614; x_wconf 88' lang='lat' dir='ltr'><strong>nocte</strong></span> <span class='ocrx_word' id='word_1_507' title='bbox 895 3560 1002 3628; x_wconf 91' lang='lat' dir='ltr'><strong>illa,</strong></span> <span class='ocrx_word' id='word_1_508' title='bbox 1039 3562 1331 3619; x_wconf 85' lang='lat' dir='ltr'><strong>observans</strong></span> <span class='ocrx_word' id='word_1_509' title='bbox 1359 3581 1477 3620; x_wconf 90' lang='lat' dir='ltr'><strong>eam</strong></span> <span class='ocrx_word' id='word_1_510' title='bbox 1510 3583 1575 3621; x_wconf 91' lang='lat' dir='ltr'><strong>ne</strong></span> <span class='ocrx_word' id='word_1_511' title='bbox 1606 3567 1841 3623; x_wconf 85' lang='lat' dir='ltr'><strong>fornica-</strong></span> 
     </span>
    </p>
   </div>
   <div class='ocr_carea' id='block_1_65' title="bbox 272 3646 1843 3729">
    <p class='ocr_par' dir='ltr' id='par_1_65' title="bbox 272 3646 1843 3729">
     <span class='ocr_line' id='line_1_65' title="bbox 272 3646 1843 3729; baseline 0.014 -34"><span class='ocrx_word' id='word_1_512' title='bbox 272 3652 430 3698; x_wconf 89' lang='lat' dir='ltr'><strong>retur.</strong></span> <span class='ocrx_word' id='word_1_513' title='bbox 481 3646 676 3703; x_wconf 90' lang='lat' dir='ltr'><strong>Stabat</strong></span> <span class='ocrx_word' id='word_1_514' title='bbox 704 3665 829 3721; x_wconf 87' lang='lat' dir='ltr'><strong>ergo</strong></span> <span class='ocrx_word' id='word_1_515' title='bbox 869 3666 901 3707; x_wconf 90' lang='lat' dir='ltr'><strong>a</strong></span> <span class='ocrx_word' id='word_1_516' title='bbox 925 3668 1150 3723; x_wconf 86' lang='lat' dir='ltr'><strong>vespere</strong></span> <span class='ocrx_word' id='word_1_517' title='bbox 1190 3656 1245 3709; x_wconf 91' lang='lat' dir='ltr'><strong>in</strong></span> <span class='ocrx_word' id='word_1_518' title='bbox 1282 3672 1388 3712; x_wconf 94' lang='lat' dir='ltr'><strong>uno</strong></span> <span class='ocrx_word' id='word_1_519' title='bbox 1416 3661 1609 3729; x_wconf 90' lang='lat' dir='ltr'><strong>angulo</strong></span> <span class='ocrx_word' id='word_1_520' title='bbox 1638 3662 1843 3717; x_wconf 69' lang='lat' dir='ltr'><strong>cellulae</strong></span> 
     </span>
    </p>
   </div>
   <div class='ocr_carea' id='block_1_66' title="bbox 270 3734 1845 3820">
    <p class='ocr_par' dir='ltr' id='par_1_66' title="bbox 270 3734 1845 3820">
     <span class='ocr_line' id='line_1_66' title="bbox 270 3734 1845 3820; baseline 0.015 -33"><span class='ocrx_word' id='word_1_521' title='bbox 270 3734 355 3788; x_wconf 89' lang='lat' dir='ltr'><strong>ubi</strong></span> <span class='ocrx_word' id='word_1_522' title='bbox 375 3734 681 3793; x_wconf 89' lang='lat' dir='ltr'><strong>dormiebat</strong></span> <span class='ocrx_word' id='word_1_523' title='bbox 721 3742 934 3808; x_wconf 90' lang='lat' dir='ltr'><strong>mulier,</strong></span> <span class='ocrx_word' id='word_1_524' title='bbox 978 3746 1211 3815; x_wconf 89' lang='lat' dir='ltr'><strong>psallens</strong></span> <span class='ocrx_word' id='word_1_525' title='bbox 1253 3759 1306 3802; x_wconf 91' lang='lat' dir='ltr'><strong>et</strong></span> <span class='ocrx_word' id='word_1_526' title='bbox 1335 3764 1494 3806; x_wconf 91' lang='lat' dir='ltr'><strong>orans</strong></span> <span class='ocrx_word' id='word_1_527' title='bbox 1534 3766 1628 3820; x_wconf 90' lang='lat' dir='ltr'><strong>pro</strong></span> <span class='ocrx_word' id='word_1_528' title='bbox 1665 3768 1748 3819; x_wconf 84' lang='lat' dir='ltr'><strong>ea,</strong></span> <span class='ocrx_word' id='word_1_529' title='bbox 1789 3763 1845 3811; x_wconf 88' lang='lat' dir='ltr'><strong>et</strong></span> 
     </span>
    </p>
   </div>
   <div class='ocr_carea' id='block_1_67' title="bbox 270 3825 1841 3910">
    <p class='ocr_par' dir='ltr' id='par_1_67' title="bbox 270 3825 1841 3910">
     <span class='ocr_line' id='line_1_67' title="bbox 270 3825 1841 3910; baseline 0.017 -34"><span class='ocrx_word' id='word_1_530' title='bbox 270 3825 480 3882; x_wconf 89' lang='lat' dir='ltr'><strong>mittens</strong></span> <span class='ocrx_word' id='word_1_531' title='bbox 505 3830 907 3899; x_wconf 86' lang='lat' dir='ltr'><strong>genuﬂexiones</strong></span> <span class='ocrx_word' id='word_1_532' title='bbox 945 3852 1109 3907; x_wconf 91' lang='lat' dir='ltr'><strong>usque</strong></span> <span class='ocrx_word' id='word_1_533' title='bbox 1138 3838 1205 3893; x_wconf 90' lang='lat' dir='ltr'><strong>ad</strong></span> <span class='ocrx_word' id='word_1_534' title='bbox 1244 3856 1525 3909; x_wconf 83' lang='lat' dir='ltr'><strong>auroram;</strong></span> <span class='ocrx_word' id='word_1_535' title='bbox 1557 3852 1609 3899; x_wconf 92' lang='lat' dir='ltr'><strong>et</strong></span> <span class='ocrx_word' id='word_1_536' title='bbox 1635 3849 1841 3910; x_wconf 86' lang='lat' dir='ltr'><strong>exiens.</strong></span> 
     </span>
    </p>
   </div>
   <div class='ocr_carea' id='block_1_68' title="bbox 268 3916 1841 3999">
    <p class='ocr_par' dir='ltr' id='par_1_68' title="bbox 268 3916 1841 3999">
     <span class='ocr_line' id='line_1_68' title="bbox 268 3916 1841 3999; baseline 0.016 -30"><span class='ocrx_word' id='word_1_537' title='bbox 268 3916 561 3986; x_wconf 85' lang='lat' dir='ltr'><strong>accipiebat</strong></span> <span class='ocrx_word' id='word_1_538' title='bbox 583 3923 805 3980; x_wconf 91' lang='lat' dir='ltr'><strong>verbum</strong></span> <span class='ocrx_word' id='word_1_539' title='bbox 836 3926 904 3981; x_wconf 90' lang='lat' dir='ltr'><strong>ab</strong></span> <span class='ocrx_word' id='word_1_540' title='bbox 926 3927 1013 3983; x_wconf 88' lang='lat' dir='ltr'><strong>illa</strong></span> <span class='ocrx_word' id='word_1_541' title='bbox 1034 3931 1173 3999; x_wconf 90' lang='lat' dir='ltr'><strong>quod</strong></span> <span class='ocrx_word' id='word_1_542' title='bbox 1199 3932 1328 3987; x_wconf 90' lang='lat' dir='ltr'><strong>nulli</strong></span> <span class='ocrx_word' id='word_1_543' title='bbox 1353 3933 1555 3992; x_wconf 85' lang='lat' dir='ltr'><strong>diceret</strong></span> <span class='ocrx_word' id='word_1_544' title='bbox 1578 3938 1841 3994; x_wconf 91' lang='lat' dir='ltr'><strong>actionem</strong></span> 
     </span>
    </p>
   </div>
   <div class='ocr_carea' id='block_1_69' title="bbox 265 4005 1845 4092">
    <p class='ocr_par' dir='ltr' id='par_1_69' title="bbox 265 4005 1845 4092">
     <span class='ocr_line' id='line_1_69' title="bbox 265 4005 1845 4092; baseline 0.016 -34"><span class='ocrx_word' id='word_1_545' title='bbox 265 4005 399 4076; x_wconf 71' lang='lat' dir='ltr'><strong>ejus.</strong></span> <span class='ocrx_word' id='word_1_546' title='bbox 434 4009 509 4065; x_wconf 86' lang='lat' dir='ltr'><strong>Ita</strong></span> <span class='ocrx_word' id='word_1_547' title='bbox 553 4013 741 4083; x_wconf 88' lang='lat' dir='ltr'><strong>agebat</strong></span> <span class='ocrx_word' id='word_1_548' title='bbox 766 4031 998 4087; x_wconf 89' lang='lat' dir='ltr'><strong>semper,</strong></span> <span class='ocrx_word' id='word_1_549' title='bbox 1026 4036 1303 4092; x_wconf 89' lang='lat' dir='ltr'><strong>quousque</strong></span> <span class='ocrx_word' id='word_1_550' title='bbox 1336 4039 1442 4079; x_wconf 89' lang='lat' dir='ltr'><strong>una</strong></span> <span class='ocrx_word' id='word_1_551' title='bbox 1469 4041 1648 4081; x_wconf 87' lang='lat' dir='ltr'><strong>earum</strong></span> <span class='ocrx_word' id='word_1_552' title='bbox 1674 4031 1845 4084; x_wconf 89' lang='lat' dir='ltr'><strong>mani-</strong></span> 
     </span>
    </p>
   </div>
   <div class='ocr_carea' id='block_1_70' title="bbox 266 4100 1846 4193">
    <p class='ocr_par' dir='ltr' id='par_1_70' title="bbox 266 4100 1846 4193">
     <span class='ocr_line' id='line_1_70' title="bbox 266 4100 1846 4193; baseline 0.016 -38"><span class='ocrx_word' id='word_1_553' title='bbox 266 4100 476 4158; x_wconf 78' lang='lat' dir='ltr'><strong>festavit</strong></span> <span class='ocrx_word' id='word_1_554' title='bbox 512 4107 674 4163; x_wconf 88' lang='lat' dir='ltr'><strong>vitam</strong></span> <span class='ocrx_word' id='word_1_555' title='bbox 719 4108 857 4179; x_wconf 86' lang='lat' dir='ltr'><strong>ejus,</strong></span> <span class='ocrx_word' id='word_1_556' title='bbox 887 4114 1029 4183; x_wconf 90' lang='lat' dir='ltr'><strong>quod</strong></span> <span class='ocrx_word' id='word_1_557' title='bbox 1077 4133 1205 4183; x_wconf 89' lang='lat' dir='ltr'><strong>non,</strong></span> <span class='ocrx_word' id='word_1_558' title='bbox 1252 4131 1308 4174; x_wconf 93' lang='lat' dir='ltr'><strong>ut</strong></span> <span class='ocrx_word' id='word_1_559' title='bbox 1341 4121 1709 4193; x_wconf 89' lang='lat' dir='ltr'><strong>fornicaretur,</strong></span> <span class='ocrx_word' id='word_1_560' title='bbox 1762 4126 1846 4181; x_wconf 92' lang='lat' dir='ltr'><strong>in-</strong></span> 
     </span>
    </p>
   </div>
   <div class='ocr_carea' id='block_1_71' title="bbox 271 4196 1845 4285">
    <p class='ocr_par' dir='ltr' id='par_1_71' title="bbox 271 4196 1845 4285">
     <span class='ocr_line' id='line_1_71' title="bbox 271 4196 1845 4285; baseline 0.018 -43"><span class='ocrx_word' id='word_1_561' title='bbox 271 4201 433 4248; x_wconf 87' lang='lat' dir='ltr'><strong>traret</strong></span> <span class='ocrx_word' id='word_1_562' title='bbox 456 4196 520 4250; x_wconf 91' lang='lat' dir='ltr'><strong>ad</strong></span> <span class='ocrx_word' id='word_1_563' title='bbox 548 4212 663 4263; x_wconf 84' lang='lat' dir='ltr'><strong>eas,</strong></span> <span class='ocrx_word' id='word_1_564' title='bbox 687 4201 780 4254; x_wconf 89' lang='lat' dir='ltr'><strong>sed</strong></span> <span class='ocrx_word' id='word_1_565' title='bbox 813 4211 869 4257; x_wconf 89' lang='lat' dir='ltr'><strong>ut</strong></span> <span class='ocrx_word' id='word_1_566' title='bbox 893 4205 1355 4265; x_wconf 78' lang='lat' dir='ltr'><strong>salvaret.‘0ravit</strong></span> <span class='ocrx_word' id='word_1_567' title='bbox 1385 4227 1569 4280; x_wconf 89' lang='lat' dir='ltr'><strong>senex,</strong></span> <span class='ocrx_word' id='word_1_568' title='bbox 1595 4224 1649 4269; x_wconf 91' lang='lat' dir='ltr'><strong>et</strong></span> <span class='ocrx_word' id='word_1_569' title='bbox 1678 4218 1845 4285; x_wconf 78' lang='lat' dir='ltr'><strong>erepit</strong></span> 
     </span>
    </p>
   </div>
   <div class='ocr_carea' id='block_1_72' title="bbox 273 4286 1844 4368">
    <p class='ocr_par' dir='ltr' id='par_1_72' title="bbox 273 4286 1844 4368">
     <span class='ocr_line' id='line_1_72' title="bbox 273 4286 1844 4368; baseline 0.018 -32"><span class='ocrx_word' id='word_1_570' title='bbox 273 4286 460 4340; x_wconf 87' lang='lat' dir='ltr'><strong>mulier</strong></span> <span class='ocrx_word' id='word_1_571' title='bbox 486 4303 516 4340; x_wconf 88' lang='lat' dir='ltr'><strong>a</strong></span> <span class='ocrx_word' id='word_1_572' title='bbox 546 4288 814 4346; x_wconf 75' lang='lat' dir='ltr'><strong>dat-monia</strong></span> <span class='ocrx_word' id='word_1_573' title='bbox 842 4297 1043 4364; x_wconf 89' lang='lat' dir='ltr'><strong>vexari,</strong></span> <span class='ocrx_word' id='word_1_574' title='bbox 1073 4308 1128 4353; x_wconf 91' lang='lat' dir='ltr'><strong>ut</strong></span> <span class='ocrx_word' id='word_1_575' title='bbox 1158 4315 1253 4368; x_wconf 90' lang='lat' dir='ltr'><strong>per</strong></span> <span class='ocrx_word' id='word_1_576' title='bbox 1280 4301 1423 4358; x_wconf 88' lang='lat' dir='ltr'><strong>illam</strong></span> <span class='ocrx_word' id='word_1_577' title='bbox 1453 4317 1660 4361; x_wconf 75' lang='lat' dir='ltr'><strong>caeterze</strong></span> <span class='ocrx_word' id='word_1_578' title='bbox 1689 4308 1844 4365; x_wconf 90' lang='lat' dir='ltr'><strong>time-</strong></span> 
     </span>
    </p>
   </div>
   <div class='ocr_carea' id='block_1_73' title="bbox 272 4385 1845 4468">
    <p class='ocr_par' dir='ltr' id='par_1_73' title="bbox 272 4385 1845 4468">
     <span class='ocr_line' id='line_1_73' title="bbox 272 4385 1845 4468; baseline 0.018 -39"><span class='ocrx_word' id='word_1_579' title='bbox 272 4389 421 4444; x_wconf 87' lang='lat' dir='ltr'><strong>rent,</strong></span> <span class='ocrx_word' id='word_1_580' title='bbox 455 4390 507 4435; x_wconf 91' lang='lat' dir='ltr'><strong>et</strong></span> <span class='ocrx_word' id='word_1_581' title='bbox 536 4397 640 4436; x_wconf 91' lang='lat' dir='ltr'><strong>non</strong></span> <span class='ocrx_word' id='word_1_582' title='bbox 674 4385 1074 4445; x_wconf 85' lang='lat' dir='ltr'><strong>manifestarent</strong></span> <span class='ocrx_word' id='word_1_583' title='bbox 1104 4407 1226 4447; x_wconf 90' lang='lat' dir='ltr'><strong>eum</strong></span> <span class='ocrx_word' id='word_1_584' title='bbox 1268 4395 1412 4449; x_wconf 89' lang='lat' dir='ltr'><strong>omni</strong></span> <span class='ocrx_word' id='word_1_585' title='bbox 1453 4406 1691 4468; x_wconf 90' lang='lat' dir='ltr'><strong>tempore</strong></span> <span class='ocrx_word' id='word_1_586' title='bbox 1723 4404 1845 4457; x_wconf 66' lang='lat' dir='ltr'><strong>vitae</strong></span> 
     </span>
    </p>
   </div>
   <div class='ocr_carea' id='block_1_74' title="bbox 266 4470 1843 4556">
    <p class='ocr_par' dir='ltr' id='par_1_74' title="bbox 266 4470 1843 4556">
     <span class='ocr_line' id='line_1_74' title="bbox 266 4470 1843 4556; baseline 0.02 -37"><span class='ocrx_word' id='word_1_587' title='bbox 266 4470 400 4539; x_wconf 76' lang='lat' dir='ltr'><strong>ejus.</strong></span> <span class='ocrx_word' id='word_1_588' title='bbox 425 4472 685 4531; x_wconf 88' lang='lat' dir='ltr'><strong>Dicebant</strong></span> <span class='ocrx_word' id='word_1_589' title='bbox 709 4493 837 4548; x_wconf 91' lang='lat' dir='ltr'><strong>ergo</strong></span> <span class='ocrx_word' id='word_1_590' title='bbox 856 4481 1072 4549; x_wconf 88' lang='lat' dir='ltr'><strong>quidam</strong></span> <span class='ocrx_word' id='word_1_591' title='bbox 1103 4485 1151 4538; x_wconf 91' lang='lat' dir='ltr'><strong>ei</strong></span> <span class='ocrx_word' id='word_1_592' title='bbox 1183 4502 1300 4556; x_wconf 67' lang='lat' dir='ltr'><strong>quae</strong></span> <span class='ocrx_word' id='word_1_593' title='bbox 1328 4504 1358 4541; x_wconf 90' lang='lat' dir='ltr'><strong>a</strong></span> <span class='ocrx_word' id='word_1_594' title='bbox 1390 4488 1652 4546; x_wconf 80' lang='lat' dir='ltr'><strong>daemonio</strong></span> <span class='ocrx_word' id='word_1_595' title='bbox 1677 4510 1843 4550; x_wconf 84' lang='lat' dir='ltr'><strong>vexa-</strong></span> 
     </span>
    </p>
   </div>
   <div class='ocr_carea' id='block_1_75' title="bbox 270 4560 1844 4649">
    <p class='ocr_par' dir='ltr' id='par_1_75' title="bbox 270 4560 1844 4649">
     <span class='ocr_line' id='line_1_75' title="bbox 270 4560 1844 4649; baseline 0.02 -39"><span class='ocrx_word' id='word_1_596' title='bbox 270 4560 619 4629; x_wconf 83' lang='lat' dir='ltr'><strong>batur:Quid</strong></span> <span class='ocrx_word' id='word_1_597' title='bbox 648 4567 776 4626; x_wconf 69' lang='lat' dir='ltr'><strong>est?</strong></span> <span class='ocrx_word' id='word_1_598' title='bbox 796 4570 1050 4627; x_wconf 76' lang='lat' dir='ltr'><strong>Reddidit</strong></span> <span class='ocrx_word' id='word_1_599' title='bbox 1091 4576 1182 4630; x_wconf 92' lang='lat' dir='ltr'><strong>tibi</strong></span> <span class='ocrx_word' id='word_1_600' title='bbox 1210 4576 1350 4633; x_wconf 90' lang='lat' dir='ltr'><strong>Deus</strong></span> <span class='ocrx_word' id='word_1_601' title='bbox 1397 4582 1644 4649; x_wconf 89' lang='lat' dir='ltr'><strong>quoniam</strong></span> <span class='ocrx_word' id='word_1_602' title='bbox 1694 4582 1844 4641; x_wconf 86' lang='lat' dir='ltr'><strong>men-</strong></span> 
     </span>
    </p>
   </div>
   <div class='ocr_carea' id='block_1_76' title="bbox 1945 3369 3517 3439">
    <p class='ocr_par' dir='ltr' id='par_1_76' title="bbox 1945 3369 3517 3439">
     <span class='ocr_line' id='line_1_76' title="bbox 1945 3369 3517 3439; baseline -0.001 -15"><span class='ocrx_word' id='word_1_603' title='bbox 1945 3371 2036 3439; x_wconf 88' lang='lat' dir='ltr'><strong>qui</strong></span> <span class='ocrx_word' id='word_1_604' title='bbox 2066 3369 2377 3424; x_wconf 91' lang='lat' dir='ltr'><strong>monachico</strong></span> <span class='ocrx_word' id='word_1_605' title='bbox 2408 3371 2591 3425; x_wconf 85' lang='lat' dir='ltr'><strong>habitu</strong></span> <span class='ocrx_word' id='word_1_606' title='bbox 2620 3371 3002 3426; x_wconf 87' lang='lat' dir='ltr'><strong>circumatnicti</strong></span> <span class='ocrx_word' id='word_1_607' title='bbox 3025 3381 3166 3436; x_wconf 90' lang='lat' dir='ltr'><strong>sunt,</strong></span> <span class='ocrx_word' id='word_1_608' title='bbox 3187 3380 3517 3439; x_wconf 87' lang='lat' dir='ltr'><strong>peccantem,</strong></span> 
     </span>
    </p>
   </div>
   <div class='ocr_carea' id='block_1_77' title="bbox 1944 3460 3521 3533">
    <p class='ocr_par' dir='ltr' id='par_1_77' title="bbox 1944 3460 3521 3533">
     <span class='ocr_line' id='line_1_77' title="bbox 1944 3460 3521 3533; baseline 0.001 -19"><span class='ocrx_word' id='word_1_609' title='bbox 1944 3461 2282 3532; x_wconf 82' lang='lat' dir='ltr'><strong>chlamydem</strong></span> <span class='ocrx_word' id='word_1_610' title='bbox 2307 3476 2478 3517; x_wconf 88' lang='lat' dir='ltr'><strong>meam</strong></span> <span class='ocrx_word' id='word_1_611' title='bbox 2499 3460 2843 3529; x_wconf 83' lang='lat' dir='ltr'><strong>explicarem,</strong></span> <span class='ocrx_word' id='word_1_612' title='bbox 2865 3471 2919 3517; x_wconf 92' lang='lat' dir='ltr'><strong>et</strong></span> <span class='ocrx_word' id='word_1_613' title='bbox 2937 3462 3265 3533; x_wconf 87' lang='lat' dir='ltr'><strong>cooperirem</strong></span> <span class='ocrx_word' id='word_1_614' title='bbox 3288 3477 3430 3526; x_wconf 88' lang='lat' dir='ltr'><strong>eum,</strong></span> <span class='ocrx_word' id='word_1_615' title='bbox 3455 3475 3521 3515; x_wconf 87' lang='lat' dir='ltr'><strong>nc</strong></span> 
     </span>
    </p>
   </div>
   <div class='ocr_carea' id='block_1_78' title="bbox 1946 3552 3522 3624">
    <p class='ocr_par' dir='ltr' id='par_1_78' title="bbox 1946 3552 3522 3624">
     <span class='ocr_line' id='line_1_78' title="bbox 1946 3552 3522 3624; baseline -0.002 -16"><span class='ocrx_word' id='word_1_616' title='bbox 1946 3553 2016 3608; x_wconf 89' lang='lat' dir='ltr'><strong>ab</strong></span> <span class='ocrx_word' id='word_1_617' title='bbox 2039 3554 2221 3624; x_wconf 84' lang='lat' dir='ltr'><strong>aliquo</strong></span> <span class='ocrx_word' id='word_1_618' title='bbox 2247 3552 2539 3609; x_wconf 89' lang='lat' dir='ltr'><strong>videretur.</strong></span> <span class='ocrx_word' id='word_1_619' title='bbox 2570 3553 2703 3608; x_wconf 87' lang='lat' dir='ltr'><strong>Nam</strong></span> <span class='ocrx_word' id='word_1_620' title='bbox 2728 3566 2782 3608; x_wconf 92' lang='lat' dir='ltr'><strong>et</strong></span> <span class='ocrx_word' id='word_1_621' title='bbox 2803 3554 2856 3608; x_wconf 92' lang='lat' dir='ltr'><strong>in</strong></span> <span class='ocrx_word' id='word_1_622' title='bbox 2882 3568 3093 3609; x_wconf 88' lang='lat' dir='ltr'><strong>servum</strong></span> <span class='ocrx_word' id='word_1_623' title='bbox 3119 3553 3213 3608; x_wconf 91' lang='lat' dir='ltr'><strong>Dei</strong></span> <span class='ocrx_word' id='word_1_624' title='bbox 3243 3552 3415 3620; x_wconf 90' lang='lat' dir='ltr'><strong>illum,</strong></span> <span class='ocrx_word' id='word_1_625' title='bbox 3445 3553 3522 3605; x_wconf 88' lang='lat' dir='ltr'><strong>vi-</strong></span> 
     </span>
    </p>
   </div>
   <div class='ocr_carea' id='block_1_79' title="bbox 1944 3646 3520 3716">
    <p class='ocr_par' dir='ltr' id='par_1_79' title="bbox 1944 3646 3520 3716">
     <span class='ocr_line' id='line_1_79' title="bbox 1944 3646 3520 3716; baseline -0.003 -14"><span class='ocrx_word' id='word_1_626' title='bbox 1944 3648 2138 3704; x_wconf 90' lang='lat' dir='ltr'><strong>delicet</strong></span> <span class='ocrx_word' id='word_1_627' title='bbox 2179 3647 2511 3712; x_wconf 87' lang='lat' dir='ltr'><strong>eunuchum,</strong></span> <span class='ocrx_word' id='word_1_628' title='bbox 2555 3646 2626 3701; x_wconf 89' lang='lat' dir='ltr'><strong>ita</strong></span> <span class='ocrx_word' id='word_1_629' title='bbox 2646 3649 2888 3716; x_wconf 88' lang='lat' dir='ltr'><strong>putastis,</strong></span> <span class='ocrx_word' id='word_1_630' title='bbox 2925 3656 2979 3702; x_wconf 91' lang='lat' dir='ltr'><strong>et</strong></span> <span class='ocrx_word' id='word_1_631' title='bbox 3003 3647 3222 3701; x_wconf 91' lang='lat' dir='ltr'><strong>misistis</strong></span> <span class='ocrx_word' id='word_1_632' title='bbox 3244 3662 3329 3700; x_wconf 92' lang='lat' dir='ltr'><strong>me</strong></span> <span class='ocrx_word' id='word_1_633' title='bbox 3368 3654 3520 3699; x_wconf 83' lang='lat' dir='ltr'><strong>extra</strong></span> 
     </span>
    </p>
   </div>
   <div class='ocr_carea' id='block_1_80' title="bbox 1943 3738 3521 3809">
    <p class='ocr_par' dir='ltr' id='par_1_80' title="bbox 1943 3738 3521 3809">
     <span class='ocr_line' id='line_1_80' title="bbox 1943 3738 3521 3809; baseline -0.001 -15"><span class='ocrx_word' id='word_1_634' title='bbox 1943 3741 2103 3804; x_wconf 83' lang='lat' dir='ltr'><strong>viam,</strong></span> <span class='ocrx_word' id='word_1_635' title='bbox 2131 3747 2187 3794; x_wconf 91' lang='lat' dir='ltr'><strong>et</strong></span> <span class='ocrx_word' id='word_1_636' title='bbox 2216 3738 2315 3792; x_wconf 89' lang='lat' dir='ltr'><strong>feci</strong></span> <span class='ocrx_word' id='word_1_637' title='bbox 2355 3738 2547 3792; x_wconf 74' lang='lat' dir='ltr'><strong>anima:</strong></span> <span class='ocrx_word' id='word_1_638' title='bbox 2586 3753 2720 3793; x_wconf 87' lang='lat' dir='ltr'><strong>me:e</strong></span> <span class='ocrx_word' id='word_1_639' title='bbox 2757 3747 3028 3809; x_wconf 81' lang='lat' dir='ltr'><strong>peccatum</strong></span> <span class='ocrx_word' id='word_1_640' title='bbox 3072 3753 3339 3808; x_wconf 90' lang='lat' dir='ltr'><strong>maguum.</strong></span> <span class='ocrx_word' id='word_1_641' title='bbox 3378 3739 3521 3793; x_wconf 62' lang='lat' dir='ltr'><strong>Con-</strong></span> 
     </span>
    </p>
   </div>
   <div class='ocr_carea' id='block_1_81' title="bbox 1946 3832 3518 3904">
    <p class='ocr_par' dir='ltr' id='par_1_81' title="bbox 1946 3832 3518 3904">
     <span class='ocr_line' id='line_1_81' title="bbox 1946 3832 3518 3904; baseline -0.001 -16"><span class='ocrx_word' id='word_1_642' title='bbox 1946 3833 2170 3888; x_wconf 89' lang='lat' dir='ltr'><strong>fundens</strong></span> <span class='ocrx_word' id='word_1_643' title='bbox 2211 3850 2339 3904; x_wconf 80' lang='lat' dir='ltr'><strong>ergo</strong></span> <span class='ocrx_word' id='word_1_644' title='bbox 2377 3849 2473 3890; x_wconf 90' lang='lat' dir='ltr'><strong>eos</strong></span> <span class='ocrx_word' id='word_1_645' title='bbox 2512 3834 2757 3899; x_wconf 89' lang='lat' dir='ltr'><strong>multum,</strong></span> <span class='ocrx_word' id='word_1_646' title='bbox 2802 3832 3052 3887; x_wconf 89' lang='lat' dir='ltr'><strong>absolvit.</strong></span> <span class='ocrx_word' id='word_1_647' title='bbox 3101 3833 3296 3888; x_wconf 87' lang='lat' dir='ltr'><strong>Servus</strong></span> <span class='ocrx_word' id='word_1_648' title='bbox 3340 3841 3518 3886; x_wconf 91' lang='lat' dir='ltr'><strong>autem</strong></span> 
     </span>
    </p>
   </div>
   <div class='ocr_carea' id='block_1_82' title="bbox 1948 3924 3518 3996">
    <p class='ocr_par' dir='ltr' id='par_1_82' title="bbox 1948 3924 3518 3996">
     <span class='ocr_line' id='line_1_82' title="bbox 1948 3924 3518 3996; baseline 0 -17"><span class='ocrx_word' id='word_1_649' title='bbox 1948 3925 2040 3980; x_wconf 85' lang='lat' dir='ltr'><strong>Dei</strong></span> <span class='ocrx_word' id='word_1_650' title='bbox 2070 3924 2294 3982; x_wconf 86' lang='lat' dir='ltr'><strong>Vitalius</strong></span> <span class='ocrx_word' id='word_1_651' title='bbox 2322 3941 2352 3981; x_wconf 93' lang='lat' dir='ltr'><strong>a</strong></span> <span class='ocrx_word' id='word_1_652' title='bbox 2379 3927 2592 3996; x_wconf 90' lang='lat' dir='ltr'><strong>propria</strong></span> <span class='ocrx_word' id='word_1_653' title='bbox 2631 3925 2940 3994; x_wconf 79' lang='lat' dir='ltr'><strong>Operatioue</strong></span> <span class='ocrx_word' id='word_1_654' title='bbox 2966 3938 3072 3978; x_wconf 90' lang='lat' dir='ltr'><strong>non</strong></span> <span class='ocrx_word' id='word_1_655' title='bbox 3112 3925 3375 3978; x_wconf 89' lang='lat' dir='ltr'><strong>cessabat.</strong></span> <span class='ocrx_word' id='word_1_656' title='bbox 3418 3924 3518 3979; x_wconf 88' lang='lat' dir='ltr'><strong>De-</strong></span> 
     </span>
    </p>
   </div>
   <div class='ocr_carea' id='block_1_83' title="bbox 1947 4016 3617 4088">
    <p class='ocr_par' dir='ltr' id='par_1_83' title="bbox 1947 4016 3617 4088">
     <span class='ocr_line' id='line_1_83' title="bbox 1947 4016 3617 4088; baseline -0.001 -17"><span class='ocrx_word' id='word_1_657' title='bbox 1947 4019 2264 4085; x_wconf 88' lang='lat' dir='ltr'><strong>precabatur</strong></span> <span class='ocrx_word' id='word_1_658' title='bbox 2324 4032 2452 4088; x_wconf 82' lang='lat' dir='ltr'><strong>ergo</strong></span> <span class='ocrx_word' id='word_1_659' title='bbox 2495 4025 2555 4073; x_wconf 92' lang='lat' dir='ltr'><strong>ut</strong></span> <span class='ocrx_word' id='word_1_660' title='bbox 2596 4016 2910 4087; x_wconf 90' lang='lat' dir='ltr'><strong>quibusdam</strong></span> <span class='ocrx_word' id='word_1_661' title='bbox 2963 4024 3083 4085; x_wconf 88' lang='lat' dir='ltr'><strong>post</strong></span> <span class='ocrx_word' id='word_1_662' title='bbox 3131 4025 3355 4072; x_wconf 84' lang='lat' dir='ltr'><strong>mortem</strong></span> <span class='ocrx_word' id='word_1_663' title='bbox 3403 4016 3521 4084; x_wconf 90' lang='lat' dir='ltr'><strong>ejus</strong></span> <span class='ocrx_word' id='word_1_664' title='bbox 3605 4041 3617 4057; x_wconf 76' lang='grc' dir='ltr'><em>ι</em></span> 
     </span>
    </p>
   </div>
   <div class='ocr_carea' id='block_1_84' title="bbox 1952 4090 3519 4185">
    <p class='ocr_par' dir='ltr' id='par_1_84' title="bbox 1952 4090 3519 4185">
     <span class='ocr_line' id='line_1_84' title="bbox 1952 4090 3519 4185; baseline -0.001 -22"><span class='ocrx_word' id='word_1_665' title='bbox 1952 4111 2109 4185; x_wconf 76' lang='lat'><strong>198</strong></span> <span class='ocrx_word' id='word_1_666' title='bbox 2138 4108 2188 4163; x_wconf 92' lang='lat' dir='ltr'><strong>in</strong></span> <span class='ocrx_word' id='word_1_667' title='bbox 2239 4112 2445 4165; x_wconf 90' lang='lat' dir='ltr'><strong>somnis</strong></span> <span class='ocrx_word' id='word_1_668' title='bbox 2488 4100 3034 4178; x_wconf 90' lang='lat' dir='ltr'><strong>manifestaretDens,</strong></span> <span class='ocrx_word' id='word_1_669' title='bbox 3063 4116 3248 4163; x_wconf 88' lang='lat' dir='ltr'><strong>utnon</strong></span> <span class='ocrx_word' id='word_1_670' title='bbox 3293 4090 3519 4176; x_wconf 71' lang='lat' dir='ltr'><strong>imputa-</strong></span> 
     </span>
    </p>
   </div>
   <div class='ocr_carea' id='block_1_85' title="bbox 1946 4203 3518 4273">
    <p class='ocr_par' dir='ltr' id='par_1_85' title="bbox 1946 4203 3518 4273">
     <span class='ocr_line' id='line_1_85' title="bbox 1946 4203 3518 4273; baseline 0 -18"><span class='ocrx_word' id='word_1_671' title='bbox 1946 4214 2092 4256; x_wconf 88' lang='lat' dir='ltr'><strong>retur</strong></span> <span class='ocrx_word' id='word_1_672' title='bbox 2131 4203 2181 4256; x_wconf 91' lang='lat' dir='ltr'><strong>in</strong></span> <span class='ocrx_word' id='word_1_673' title='bbox 2211 4212 2484 4272; x_wconf 88' lang='lat' dir='ltr'><strong>peccatum</strong></span> <span class='ocrx_word' id='word_1_674' title='bbox 2518 4203 2599 4258; x_wconf 90' lang='lat' dir='ltr'><strong>his</strong></span> <span class='ocrx_word' id='word_1_675' title='bbox 2628 4205 2714 4273; x_wconf 93' lang='lat' dir='ltr'><strong>qui</strong></span> <span class='ocrx_word' id='word_1_676' title='bbox 2748 4204 3240 4257; x_wconf 79' lang='lat' dir='ltr'><strong>scandalizabantur</strong></span> <span class='ocrx_word' id='word_1_677' title='bbox 3280 4205 3331 4257; x_wconf 91' lang='lat' dir='ltr'><strong>in</strong></span> <span class='ocrx_word' id='word_1_678' title='bbox 3374 4220 3518 4267; x_wconf 87' lang='lat' dir='ltr'><strong>eum,</strong></span> 
     </span>
    </p>
   </div>
   <div class='ocr_carea' id='block_1_86' title="bbox 1946 4291 3522 4363">
    <p class='ocr_par' dir='ltr' id='par_1_86' title="bbox 1946 4291 3522 4363">
     <span class='ocr_line' id='line_1_86' title="bbox 1946 4291 3522 4363; baseline 0 -16"><span class='ocrx_word' id='word_1_679' title='bbox 1946 4306 2011 4347; x_wconf 90' lang='lat' dir='ltr'><strong>eo</strong></span> <span class='ocrx_word' id='word_1_680' title='bbox 2050 4291 2189 4362; x_wconf 83' lang='lat' dir='ltr'><strong>quod</strong></span> <span class='ocrx_word' id='word_1_681' title='bbox 2233 4307 2347 4347; x_wconf 92' lang='lat' dir='ltr'><strong>rem</strong></span> <span class='ocrx_word' id='word_1_682' title='bbox 2388 4308 2545 4361; x_wconf 89' lang='lat' dir='ltr'><strong>quam</strong></span> <span class='ocrx_word' id='word_1_683' title='bbox 2589 4295 2779 4363; x_wconf 89' lang='lat' dir='ltr'><strong>agebat</strong></span> <span class='ocrx_word' id='word_1_684' title='bbox 2821 4294 3059 4349; x_wconf 90' lang='lat' dir='ltr'><strong>dicerent</strong></span> <span class='ocrx_word' id='word_1_685' title='bbox 3105 4293 3357 4348; x_wconf 89' lang='lat' dir='ltr'><strong>scandan</strong></span> <span class='ocrx_word' id='word_1_686' title='bbox 3401 4310 3522 4347; x_wconf 84' lang='lat' dir='ltr'><strong>esse</strong></span> 
     </span>
    </p>
   </div>
   <div class='ocr_carea' id='block_1_87' title="bbox 1948 4384 3515 4456">
    <p class='ocr_par' dir='ltr' id='par_1_87' title="bbox 1948 4384 3515 4456">
     <span class='ocr_line' id='line_1_87' title="bbox 1948 4384 3515 4456; baseline -0.001 -18"><span class='ocrx_word' id='word_1_687' title='bbox 1948 4384 2201 4456; x_wconf 88' lang='lat' dir='ltr'><strong>plenam,</strong></span> <span class='ocrx_word' id='word_1_688' title='bbox 2262 4393 2316 4440; x_wconf 92' lang='lat' dir='ltr'><strong>et</strong></span> <span class='ocrx_word' id='word_1_689' title='bbox 2366 4399 2471 4439; x_wconf 90' lang='lat' dir='ltr'><strong>non</strong></span> <span class='ocrx_word' id='word_1_690' title='bbox 2519 4384 2743 4440; x_wconf 87' lang='lat' dir='ltr'><strong>haberet</strong></span> <span class='ocrx_word' id='word_1_691' title='bbox 2794 4385 2952 4438; x_wconf 90' lang='lat' dir='ltr'><strong>homo</strong></span> <span class='ocrx_word' id='word_1_692' title='bbox 2997 4385 3199 4456; x_wconf 87' lang='lat' dir='ltr'><strong>peccati</strong></span> <span class='ocrx_word' id='word_1_693' title='bbox 3259 4384 3515 4452; x_wconf 88' lang='lat' dir='ltr'><strong>judicium</strong></span> 
     </span>
    </p>
   </div>
   <div class='ocr_carea' id='block_1_88' title="bbox 1946 4475 3521 4547">
    <p class='ocr_par' dir='ltr' id='par_1_88' title="bbox 1946 4475 3521 4547">
     <span class='ocr_line' id='line_1_88' title="bbox 1946 4475 3521 4547; baseline -0.004 -14"><span class='ocrx_word' id='word_1_694' title='bbox 1946 4492 2013 4533; x_wconf 88' lang='lat' dir='ltr'><strong>ex</strong></span> <span class='ocrx_word' id='word_1_695' title='bbox 2042 4494 2127 4543; x_wconf 91' lang='lat' dir='ltr'><strong>ea,</strong></span> <span class='ocrx_word' id='word_1_696' title='bbox 2150 4476 2637 4547; x_wconf 90' lang='lat' dir='ltr'><strong>quidquidlocutus</strong></span> <span class='ocrx_word' id='word_1_697' title='bbox 2667 4477 2869 4532; x_wconf 89' lang='lat' dir='ltr'><strong>fuisset.</strong></span> <span class='ocrx_word' id='word_1_698' title='bbox 2905 4477 3096 4532; x_wconf 85' lang='lat' dir='ltr'><strong>Multas</strong></span> <span class='ocrx_word' id='word_1_699' title='bbox 3123 4476 3281 4544; x_wconf 87' lang='lat' dir='ltr'><strong>igitur</strong></span> <span class='ocrx_word' id='word_1_700' title='bbox 3306 4475 3372 4531; x_wconf 90' lang='lat' dir='ltr'><strong>de</strong></span> <span class='ocrx_word' id='word_1_701' title='bbox 3403 4476 3521 4528; x_wconf 88' lang='lat' dir='ltr'><strong>tali-</strong></span> 
     </span>
    </p>
   </div>
   <div class='ocr_carea' id='block_1_89' title="bbox 1948 4567 3517 4637">
    <p class='ocr_par' dir='ltr' id='par_1_89' title="bbox 1948 4567 3517 4637">
     <span class='ocr_line' id='line_1_89' title="bbox 1948 4567 3517 4637; baseline -0.004 -12"><span class='ocrx_word' id='word_1_702' title='bbox 1948 4572 2047 4625; x_wconf 90' lang='lat' dir='ltr'><strong>bus</strong></span> <span class='ocrx_word' id='word_1_703' title='bbox 2077 4569 2386 4625; x_wconf 87' lang='lat' dir='ltr'><strong>mulieribus</strong></span> <span class='ocrx_word' id='word_1_704' title='bbox 2424 4568 2479 4623; x_wconf 90' lang='lat' dir='ltr'><strong>in</strong></span> <span class='ocrx_word' id='word_1_705' title='bbox 2509 4568 2969 4637; x_wconf 86' lang='lat' dir='ltr'><strong>compunctionem</strong></span> <span class='ocrx_word' id='word_1_706' title='bbox 3011 4567 3219 4621; x_wconf 88' lang='lat' dir='ltr'><strong>induxit</strong></span> <span class='ocrx_word' id='word_1_707' title='bbox 3248 4574 3361 4621; x_wconf 70' lang='lat' dir='ltr'><strong>haec</strong></span> <span class='ocrx_word' id='word_1_708' title='bbox 3386 4582 3517 4633; x_wconf 90' lang='lat' dir='ltr'><strong>ope-</strong></span> 
     </span>
    </p>
   </div>
   <div class='ocr_carea' id='block_1_90' title="bbox 270 4649 3521 4744">
    <p class='ocr_par' dir='ltr' id='par_1_90' title="bbox 270 4649 3521 4744">
     <span class='ocr_line' id='line_1_90' title="bbox 270 4649 3521 4744; baseline 0.008 -40"><span class='ocrx_word' id='word_1_709' title='bbox 270 4659 362 4706; x_wconf 75' lang='lat' dir='ltr'><strong>ttta</strong></span> <span class='ocrx_word' id='word_1_710' title='bbox 392 4668 472 4708; x_wconf 89' lang='lat' dir='ltr'><strong>es.</strong></span> <span class='ocrx_word' id='word_1_711' title='bbox 502 4654 573 4711; x_wconf 93' lang='lat' dir='ltr'><strong>Ut</strong></span> <span class='ocrx_word' id='word_1_712' title='bbox 599 4657 893 4717; x_wconf 88' lang='lat' dir='ltr'><strong>fornicetur</strong></span> <span class='ocrx_word' id='word_1_713' title='bbox 927 4667 1067 4720; x_wconf 89' lang='lat' dir='ltr'><strong>enim</strong></span> <span class='ocrx_word' id='word_1_714' title='bbox 1108 4668 1403 4739; x_wconf 88' lang='lat' dir='ltr'><strong>ingreditur</strong></span> <span class='ocrx_word' id='word_1_715' title='bbox 1432 4673 1693 4740; x_wconf 90' lang='lat' dir='ltr'><strong>pessimus</strong></span> <span class='ocrx_word' id='word_1_716' title='bbox 1720 4678 1839 4744; x_wconf 83' lang='lat' dir='ltr'><strong>iste,</strong></span> <span class='ocrx_word' id='word_1_717' title='bbox 1868 4649 1924 4713; x_wconf 78' lang='lat' dir='ltr'><strong>D</strong></span> <span class='ocrx_word' id='word_1_718' title='bbox 1948 4660 2083 4716; x_wconf 65' lang='grc' dir='ltr'><strong>ηιῑίο</strong></span> <span class='ocrx_word' id='word_1_719' title='bbox 2120 4660 2258 4730; x_wconf 57' lang='lat' dir='ltr'><strong>eius,</strong></span> <span class='ocrx_word' id='word_1_720' title='bbox 2300 4669 2357 4715; x_wconf 73' lang='grc' dir='ltr'><strong>ει</strong></span> <span class='ocrx_word' id='word_1_721' title='bbox 2395 4660 2634 4714; x_wconf 49' lang='lat' dir='ltr'><strong>maxum?</strong></span> <span class='ocrx_word' id='word_1_722' title='bbox 2672 4660 2883 4729; x_wconf 64' lang='lat' dir='ltr'><strong>quando</strong></span> <span class='ocrx_word' id='word_1_723' title='bbox 2915 4659 3162 4714; x_wconf 59' lang='lat' dir='ltr'><strong>Videbam</strong></span> <span class='ocrx_word' id='word_1_724' title='bbox 3200 4674 3321 4712; x_wconf 70' lang='lat' dir='ltr'><strong>eum</strong></span> <span class='ocrx_word' id='word_1_725' title='bbox 3365 4666 3521 4712; x_wconf 63' lang='grc'><strong>⁸³0⁸⁸³</strong></span> 
     </span>
    </p>
   </div>
   <div class='ocr_carea' id='block_1_91' title="bbox 272 4751 1843 4825">
    <p class='ocr_par' dir='ltr' id='par_1_91' title="bbox 272 4751 1843 4825">
     <span class='ocr_line' id='line_1_91' title="bbox 272 4751 1843 4825; baseline 0.015 -25"><span class='ocrx_word' id='word_1_726' title='bbox 272 4756 325 4800; x_wconf 87' lang='lat' dir='ltr'><strong>et</strong></span> <span class='ocrx_word' id='word_1_727' title='bbox 354 4761 453 4799; x_wconf 90' lang='lat' dir='ltr'><strong>non</strong></span> <span class='ocrx_word' id='word_1_728' title='bbox 485 4759 569 4803; x_wconf 89' lang='lat' dir='ltr'><strong>est</strong></span> <span class='ocrx_word' id='word_1_729' title='bbox 611 4751 756 4806; x_wconf 90' lang='lat' dir='ltr'><strong>aliud</strong></span> <span class='ocrx_word' id='word_1_730' title='bbox 796 4756 1018 4825; x_wconf 91' lang='lat' dir='ltr'><strong>aliquid.</strong></span> <span class='ocrx_word' id='word_1_731' title='bbox 1050 4758 1165 4813; x_wconf 70' lang='lat' dir='ltr'><strong>iam</strong></span> <span class='ocrx_word' id='word_1_732' title='bbox 1197 4760 1339 4815; x_wconf 90' lang='lat' dir='ltr'><strong>enim</strong></span> <span class='ocrx_word' id='word_1_733' title='bbox 1371 4772 1424 4817; x_wconf 92' lang='lat' dir='ltr'><strong>et</strong></span> <span class='ocrx_word' id='word_1_734' title='bbox 1452 4779 1666 4820; x_wconf 89' lang='lat' dir='ltr'><strong>sanctus</strong></span> <span class='ocrx_word' id='word_1_735' title='bbox 1693 4767 1843 4822; x_wconf 75' lang='lat' dir='ltr'><strong>Vita-</strong></span> 
     </span>
    </p>
   </div>
   <div class='ocr_carea' id='block_1_92' title="bbox 276 4839 1842 4922">
    <p class='ocr_par' dir='ltr' id='par_1_92' title="bbox 276 4839 1842 4922">
     <span class='ocr_line' id='line_1_92' title="bbox 276 4839 1842 4922; baseline 0.014 -31"><span class='ocrx_word' id='word_1_736' title='bbox 276 4839 377 4895; x_wconf 87' lang='lat' dir='ltr'><strong>lius</strong></span> <span class='ocrx_word' id='word_1_737' title='bbox 414 4842 538 4914; x_wconf 91' lang='lat' dir='ltr'><strong>(hoc</strong></span> <span class='ocrx_word' id='word_1_738' title='bbox 583 4848 781 4915; x_wconf 89' lang='lat' dir='ltr'><strong>quippe</strong></span> <span class='ocrx_word' id='word_1_739' title='bbox 828 4863 1022 4902; x_wconf 85' lang='lat' dir='ltr'><strong>nomen</strong></span> <span class='ocrx_word' id='word_1_740' title='bbox 1070 4858 1185 4903; x_wconf 88' lang='lat' dir='ltr'><strong>erat</strong></span> <span class='ocrx_word' id='word_1_741' title='bbox 1224 4853 1298 4922; x_wconf 89' lang='lat' dir='ltr'><strong>ei)</strong></span> <span class='ocrx_word' id='word_1_742' title='bbox 1344 4854 1529 4909; x_wconf 86' lang='lat' dir='ltr'><strong>volens</strong></span> <span class='ocrx_word' id='word_1_743' title='bbox 1571 4858 1842 4913; x_wconf 90' lang='lat' dir='ltr'><strong>hominum</strong></span> 
     </span>
    </p>
   </div>
   <div class='ocr_carea' id='block_1_93' title="bbox 258 4932 1846 5016">
    <p class='ocr_par' dir='ltr' id='par_1_93' title="bbox 258 4932 1846 5016">
     <span class='ocr_line' id='line_1_93' title="bbox 258 4932 1846 5016; baseline 0.014 -32"><span class='ocrx_word' id='word_1_744' title='bbox 258 4932 482 5001; x_wconf 82' lang='lat' dir='ltr'><strong>gloriam</strong></span> <span class='ocrx_word' id='word_1_745' title='bbox 513 4936 718 5006; x_wconf 86' lang='lat' dir='ltr'><strong>fugere,</strong></span> <span class='ocrx_word' id='word_1_746' title='bbox 749 4947 801 4992; x_wconf 92' lang='lat' dir='ltr'><strong>et</strong></span> <span class='ocrx_word' id='word_1_747' title='bbox 828 4940 1034 4994; x_wconf 90' lang='lat' dir='ltr'><strong>animas</strong></span> <span class='ocrx_word' id='word_1_748' title='bbox 1072 4955 1100 4994; x_wconf 92' lang='lat' dir='ltr'><strong>a</strong></span> <span class='ocrx_word' id='word_1_749' title='bbox 1134 4945 1364 4999; x_wconf 88' lang='lat' dir='ltr'><strong>tenebris</strong></span> <span class='ocrx_word' id='word_1_750' title='bbox 1392 4961 1667 5016; x_wconf 89' lang='lat' dir='ltr'><strong>revocare,</strong></span> <span class='ocrx_word' id='word_1_751' title='bbox 1700 4949 1846 5005; x_wconf 88' lang='lat' dir='ltr'><strong>dice-</strong></span> 
     </span>
    </p>
   </div>
   <div class='ocr_carea' id='block_1_94' title="bbox 253 5028 1846 5111">
    <p class='ocr_par' dir='ltr' id='par_1_94' title="bbox 253 5028 1846 5111">
     <span class='ocr_line' id='line_1_94' title="bbox 253 5028 1846 5111; baseline 0.013 -33"><span class='ocrx_word' id='word_1_752' title='bbox 253 5028 355 5079; x_wconf 72' lang='lat' dir='ltr'><strong>luat</strong></span> <span class='ocrx_word' id='word_1_753' title='bbox 382 5028 725 5084; x_wconf 88' lang='lat' dir='ltr'><strong>audientibus</strong></span> <span class='ocrx_word' id='word_1_754' title='bbox 763 5034 991 5099; x_wconf 88' lang='lat' dir='ltr'><strong>cunctis,</strong></span> <span class='ocrx_word' id='word_1_755' title='bbox 1021 5049 1140 5089; x_wconf 91' lang='lat' dir='ltr'><strong>cum</strong></span> <span class='ocrx_word' id='word_1_756' title='bbox 1172 5036 1436 5093; x_wconf 84' lang='lat' dir='ltr'><strong>laboraret</strong></span> <span class='ocrx_word' id='word_1_757' title='bbox 1478 5042 1532 5095; x_wconf 91' lang='lat' dir='ltr'><strong>in</strong></span> <span class='ocrx_word' id='word_1_758' title='bbox 1557 5058 1744 5111; x_wconf 88' lang='lat' dir='ltr'><strong>opere,</strong></span> <span class='ocrx_word' id='word_1_759' title='bbox 1787 5053 1846 5102; x_wconf 86' lang='lat' dir='ltr'><strong>et</strong></span> 
     </span>
    </p>
   </div>
   <div class='ocr_carea' id='block_1_95' title="bbox 246 5118 1845 5205">
    <p class='ocr_par' dir='ltr' id='par_1_95' title="bbox 246 5118 1845 5205">
     <span class='ocr_line' id='line_1_95' title="bbox 246 5118 1845 5205; baseline 0.013 -35"><span class='ocrx_word' id='word_1_760' title='bbox 246 5118 498 5174; x_wconf 84' lang='lat' dir='ltr'><strong>solveret</strong></span> <span class='ocrx_word' id='word_1_761' title='bbox 527 5122 776 5190; x_wconf 88' lang='lat' dir='ltr'><strong>vesperi:</strong></span> <span class='ocrx_word' id='word_1_762' title='bbox 802 5122 997 5178; x_wconf 87' lang='lat' dir='ltr'><strong>Eamus</strong></span> <span class='ocrx_word' id='word_1_763' title='bbox 1028 5128 1206 5191; x_wconf 91' lang='lat' dir='ltr'><strong>modo,</strong></span> <span class='ocrx_word' id='word_1_764' title='bbox 1235 5130 1448 5184; x_wconf 88' lang='lat' dir='ltr'><strong>domina</strong></span> <span class='ocrx_word' id='word_1_765' title='bbox 1497 5134 1613 5187; x_wconf 88' lang='lat' dir='ltr'><strong>talis</strong></span> <span class='ocrx_word' id='word_1_766' title='bbox 1654 5150 1845 5205; x_wconf 84' lang='lat' dir='ltr'><strong>exspe-</strong></span> 
     </span>
    </p>
   </div>
   <div class='ocr_carea' id='block_1_96' title="bbox 246 5212 1846 5291">
    <p class='ocr_par' dir='ltr' id='par_1_96' title="bbox 246 5212 1846 5291">
     <span class='ocr_line' id='line_1_96' title="bbox 246 5212 1846 5291; baseline 0.009 -26"><span class='ocrx_word' id='word_1_767' title='bbox 246 5220 372 5265; x_wconf 75' lang='lat' dir='ltr'><strong>Ctat</strong></span> <span class='ocrx_word' id='word_1_768' title='bbox 401 5225 519 5267; x_wconf 88' lang='lat' dir='ltr'><strong>nos.</strong></span> <span class='ocrx_word' id='word_1_769' title='bbox 555 5212 651 5268; x_wconf 86' lang='lat' dir='ltr'><strong>Ubi</strong></span> <span class='ocrx_word' id='word_1_770' title='bbox 688 5228 815 5284; x_wconf 89' lang='lat' dir='ltr'><strong>ergo</strong></span> <span class='ocrx_word' id='word_1_771' title='bbox 838 5225 954 5268; x_wconf 89' lang='lat' dir='ltr'><strong>erat</strong></span> <span class='ocrx_word' id='word_1_772' title='bbox 978 5216 1111 5271; x_wconf 91' lang='lat' dir='ltr'><strong>ordo</strong></span> <span class='ocrx_word' id='word_1_773' title='bbox 1146 5218 1352 5286; x_wconf 84' lang='lat' dir='ltr'><strong>ipsius?</strong></span> <span class='ocrx_word' id='word_1_774' title='bbox 1380 5222 1560 5277; x_wconf 88' lang='lat' dir='ltr'><strong>Multis</strong></span> <span class='ocrx_word' id='word_1_775' title='bbox 1586 5240 1713 5291; x_wconf 86' lang='lat' dir='ltr'><strong>ergo</strong></span> <span class='ocrx_word' id='word_1_776' title='bbox 1741 5225 1846 5280; x_wconf 85' lang='lat' dir='ltr'><strong>cri-</strong></span> 
     </span>
    </p>
   </div>
   <div class='ocr_carea' id='block_1_97' title="bbox 245 5303 1846 5386">
    <p class='ocr_par' dir='ltr' id='par_1_97' title="bbox 245 5303 1846 5386">
     <span class='ocr_line' id='line_1_97' title="bbox 245 5303 1846 5386; baseline 0.01 -30"><span class='ocrx_word' id='word_1_777' title='bbox 245 5303 593 5360; x_wconf 86' lang='lat' dir='ltr'><strong>minantibus</strong></span> <span class='ocrx_word' id='word_1_778' title='bbox 628 5316 684 5361; x_wconf 90' lang='lat' dir='ltr'><strong>et</strong></span> <span class='ocrx_word' id='word_1_779' title='bbox 721 5306 1064 5364; x_wconf 86' lang='lat' dir='ltr'><strong>illudentihus</strong></span> <span class='ocrx_word' id='word_1_780' title='bbox 1092 5309 1159 5376; x_wconf 89' lang='lat' dir='ltr'><strong>ei,</strong></span> <span class='ocrx_word' id='word_1_781' title='bbox 1194 5310 1398 5366; x_wconf 90' lang='lat' dir='ltr'><strong>dicebat</strong></span> <span class='ocrx_word' id='word_1_782' title='bbox 1433 5314 1717 5384; x_wconf 77' lang='lat' dir='ltr'><strong>:Nunquitl</strong></span> <span class='ocrx_word' id='word_1_783' title='bbox 1746 5332 1846 5386; x_wconf 87' lang='lat' dir='ltr'><strong>ego</strong></span> 
     </span>
    </p>
   </div>
   <div class='ocr_carea' id='block_1_98' title="bbox 244 5398 1846 5468">
    <p class='ocr_par' dir='ltr' id='par_1_98' title="bbox 244 5398 1846 5468">
     <span class='ocr_line' id='line_1_98' title="bbox 244 5398 1846 5468; baseline 0.011 -19"><span class='ocrx_word' id='word_1_784' title='bbox 244 5412 374 5449; x_wconf 89' lang='lat' dir='ltr'><strong>non</strong></span> <span class='ocrx_word' id='word_1_785' title='bbox 415 5398 587 5453; x_wconf 89' lang='lat' dir='ltr'><strong>vestio</strong></span> <span class='ocrx_word' id='word_1_786' title='bbox 627 5413 820 5468; x_wconf 90' lang='lat' dir='ltr'><strong>corpus</strong></span> <span class='ocrx_word' id='word_1_787' title='bbox 871 5409 928 5454; x_wconf 91' lang='lat' dir='ltr'><strong>ut</strong></span> <span class='ocrx_word' id='word_1_788' title='bbox 975 5404 1203 5458; x_wconf 77' lang='lat' dir='ltr'><strong>omnes?</strong></span> <span class='ocrx_word' id='word_1_789' title='bbox 1244 5406 1350 5460; x_wconf 83' lang='lat' dir='ltr'><strong>Aut</strong></span> <span class='ocrx_word' id='word_1_790' title='bbox 1398 5409 1670 5463; x_wconf 90' lang='lat' dir='ltr'><strong>monachis</strong></span> <span class='ocrx_word' id='word_1_791' title='bbox 1715 5410 1846 5466; x_wconf 87' lang='lat' dir='ltr'><strong>solis</strong></span> 
     </span>
    </p>
   </div>
   <div class='ocr_carea' id='block_1_99' title="bbox 235 5488 1843 5561">
    <p class='ocr_par' dir='ltr' id='par_1_99' title="bbox 235 5488 1843 5561">
     <span class='ocr_line' id='line_1_99' title="bbox 235 5488 1843 5561; baseline 0.011 -19"><span class='ocrx_word' id='word_1_792' title='bbox 235 5488 438 5542; x_wconf 84' lang='lat' dir='ltr'><strong>iratus</strong></span> <span class='ocrx_word' id='word_1_793' title='bbox 462 5499 546 5545; x_wconf 89' lang='lat' dir='ltr'><strong>est</strong></span> <span class='ocrx_word' id='word_1_794' title='bbox 570 5489 745 5545; x_wconf 79' lang='lat' dir='ltr'><strong>Deus?</strong></span> <span class='ocrx_word' id='word_1_795' title='bbox 775 5491 910 5548; x_wconf 87' lang='lat' dir='ltr'><strong>Vere</strong></span> <span class='ocrx_word' id='word_1_796' title='bbox 934 5502 988 5549; x_wconf 91' lang='lat' dir='ltr'><strong>et</strong></span> <span class='ocrx_word' id='word_1_797' title='bbox 1015 5493 1112 5561; x_wconf 83' lang='lat' dir='ltr'><strong>ipsi</strong></span> <span class='ocrx_word' id='word_1_798' title='bbox 1139 5496 1381 5553; x_wconf 89' lang='lat' dir='ltr'><strong>homines</strong></span> <span class='ocrx_word' id='word_1_799' title='bbox 1407 5509 1533 5553; x_wconf 89' lang='lat' dir='ltr'><strong>sunt</strong></span> <span class='ocrx_word' id='word_1_800' title='bbox 1557 5510 1612 5554; x_wconf 92' lang='lat' dir='ltr'><strong>ut</strong></span> <span class='ocrx_word' id='word_1_801' title='bbox 1638 5516 1843 5560; x_wconf 86' lang='lat' dir='ltr'><strong>omnes.</strong></span> 
     </span>
    </p>
   </div>
   <div class='ocr_carea' id='block_1_100' title="bbox 239 5580 1844 5660">
    <p class='ocr_par' dir='ltr' id='par_1_100' title="bbox 239 5580 1844 5660">
     <span class='ocr_line' id='line_1_100' title="bbox 239 5580 1844 5660; baseline 0.011 -26"><span class='ocrx_word' id='word_1_802' title='bbox 239 5580 492 5636; x_wconf 81' lang='lat' dir='ltr'><strong>Dicebat</strong></span> <span class='ocrx_word' id='word_1_803' title='bbox 518 5583 694 5651; x_wconf 89' lang='lat' dir='ltr'><strong>itaque</strong></span> <span class='ocrx_word' id='word_1_804' title='bbox 720 5583 770 5639; x_wconf 91' lang='lat' dir='ltr'><strong>ei</strong></span> <span class='ocrx_word' id='word_1_805' title='bbox 797 5586 1009 5655; x_wconf 88' lang='lat' dir='ltr'><strong>quidam</strong></span> <span class='ocrx_word' id='word_1_806' title='bbox 1053 5606 1064 5641; x_wconf 96' lang='lat'>:</span> <span class='ocrx_word' id='word_1_807' title='bbox 1108 5589 1305 5660; x_wconf 89' lang='lat' dir='ltr'><strong>Accipe</strong></span> <span class='ocrx_word' id='word_1_808' title='bbox 1336 5591 1428 5647; x_wconf 87' lang='lat' dir='ltr'><strong>tibi</strong></span> <span class='ocrx_word' id='word_1_809' title='bbox 1460 5608 1616 5650; x_wconf 89' lang='lat' dir='ltr'><strong>unam</strong></span> <span class='ocrx_word' id='word_1_810' title='bbox 1649 5595 1844 5653; x_wconf 83' lang='lat' dir='ltr'><strong>mulie-</strong></span> 
     </span>
    </p>
   </div>
   <div class='ocr_carea' id='block_1_101' title="bbox 234 5675 1845 5751">
    <p class='ocr_par' dir='ltr' id='par_1_101' title="bbox 234 5675 1845 5751">
     <span class='ocr_line' id='line_1_101' title="bbox 234 5675 1845 5751; baseline 0.011 -22"><span class='ocrx_word' id='word_1_811' title='bbox 234 5688 405 5736; x_wconf 86' lang='lat' dir='ltr'><strong>rem,</strong></span> <span class='ocrx_word' id='word_1_812' title='bbox 435 5675 591 5743; x_wconf 89' lang='lat' dir='ltr'><strong>abba,</strong></span> <span class='ocrx_word' id='word_1_813' title='bbox 621 5687 675 5732; x_wconf 92' lang='lat' dir='ltr'><strong>et</strong></span> <span class='ocrx_word' id='word_1_814' title='bbox 704 5688 845 5734; x_wconf 89' lang='lat' dir='ltr'><strong>muta</strong></span> <span class='ocrx_word' id='word_1_815' title='bbox 876 5682 1247 5737; x_wconf 61' lang='lat' dir='ltr'><strong>vestimentum</strong></span> <span class='ocrx_word' id='word_1_816' title='bbox 1292 5693 1457 5751; x_wconf 85' lang='lat' dir='ltr'><strong>tuum,</strong></span> <span class='ocrx_word' id='word_1_817' title='bbox 1490 5699 1541 5741; x_wconf 89' lang='lat' dir='ltr'><strong>ut</strong></span> <span class='ocrx_word' id='word_1_818' title='bbox 1575 5704 1677 5744; x_wconf 90' lang='lat' dir='ltr'><strong>non</strong></span> <span class='ocrx_word' id='word_1_819' title='bbox 1709 5691 1845 5746; x_wconf 86' lang='lat' dir='ltr'><strong>blas-</strong></span> 
     </span>
    </p>
   </div>
   <div class='ocr_carea' id='block_1_102' title="bbox 236 5768 1841 5853">
    <p class='ocr_par' dir='ltr' id='par_1_102' title="bbox 236 5768 1841 5853">
     <span class='ocr_line' id='line_1_102' title="bbox 236 5768 1841 5853; baseline 0.015 -37"><span class='ocrx_word' id='word_1_820' title='bbox 236 5768 555 5833; x_wconf 81' lang='lat' dir='ltr'><strong>phemelur</strong></span> <span class='ocrx_word' id='word_1_821' title='bbox 598 5769 738 5825; x_wconf 90' lang='lat' dir='ltr'><strong>Deus</strong></span> <span class='ocrx_word' id='word_1_822' title='bbox 781 5785 876 5841; x_wconf 89' lang='lat' dir='ltr'><strong>per</strong></span> <span class='ocrx_word' id='word_1_823' title='bbox 924 5779 974 5827; x_wconf 90' lang='lat' dir='ltr'><strong>te</strong></span> <span class='ocrx_word' id='word_1_824' title='bbox 1000 5816 1027 5848; x_wconf 10' lang='grc' dir='ltr'><strong>,ἢ</strong></span> <span class='ocrx_word' id='word_1_825' title='bbox 1069 5786 1122 5829; x_wconf 89' lang='lat' dir='ltr'><strong>et</strong></span> <span class='ocrx_word' id='word_1_826' title='bbox 1169 5777 1387 5832; x_wconf 87' lang='lat' dir='ltr'><strong>habebis</strong></span> <span class='ocrx_word' id='word_1_827' title='bbox 1426 5780 1679 5848; x_wconf 87' lang='lat' dir='ltr'><strong>judicium</strong></span> <span class='ocrx_word' id='word_1_828' title='bbox 1726 5799 1841 5853; x_wconf 69' lang='lat' dir='ltr'><strong>quae</strong></span> 
     </span>
    </p>
   </div>
   <div class='ocr_carea' id='block_1_103' title="bbox 233 5860 1840 5942">
    <p class='ocr_par' dir='ltr' id='par_1_103' title="bbox 233 5860 1840 5942">
     <span class='ocr_line' id='line_1_103' title="bbox 233 5860 1840 5942; baseline 0.012 -25"><span class='ocrx_word' id='word_1_829' title='bbox 233 5860 699 5923; x_wconf 81' lang='lat' dir='ltr'><strong>scandalizantur</strong></span> <span class='ocrx_word' id='word_1_830' title='bbox 718 5866 1035 5923; x_wconf 86' lang='lat' dir='ltr'><strong>animarum.</strong></span> <span class='ocrx_word' id='word_1_831' title='bbox 1061 5872 1129 5926; x_wconf 84' lang='lat' dir='ltr'><strong>At</strong></span> <span class='ocrx_word' id='word_1_832' title='bbox 1156 5869 1242 5925; x_wconf 88' lang='lat' dir='ltr'><strong>ille</strong></span> <span class='ocrx_word' id='word_1_833' title='bbox 1264 5873 1612 5942; x_wconf 77' lang='lat' dir='ltr'><strong>respondebat</strong></span> <span class='ocrx_word' id='word_1_834' title='bbox 1635 5876 1712 5932; x_wconf 88' lang='lat' dir='ltr'><strong>eis</strong></span> <span class='ocrx_word' id='word_1_835' title='bbox 1740 5879 1840 5937; x_wconf 85' lang='lat' dir='ltr'><strong>ite-</strong></span> 
     </span>
    </p>
   </div>
   <div class='ocr_carea' id='block_1_104' title="bbox 1946 4751 3516 4821">
    <p class='ocr_par' dir='ltr' id='par_1_104' title="bbox 1946 4751 3516 4821">
     <span class='ocr_line' id='line_1_104' title="bbox 1946 4751 3516 4821; baseline -0.004 -14"><span class='ocrx_word' id='word_1_836' title='bbox 1946 4751 2320 4807; x_wconf 75' lang='lat' dir='ltr'><strong>cxtendentem</strong></span> <span class='ocrx_word' id='word_1_837' title='bbox 2363 4764 2550 4805; x_wconf 89' lang='lat' dir='ltr'><strong>manus</strong></span> <span class='ocrx_word' id='word_1_838' title='bbox 2594 4760 2648 4804; x_wconf 77' lang='lat' dir='ltr'><strong>CI.</strong></span> <span class='ocrx_word' id='word_1_839' title='bbox 2687 4763 2925 4805; x_wconf 86' lang='lat' dir='ltr'><strong>orantem</strong></span> <span class='ocrx_word' id='word_1_840' title='bbox 2955 4767 3053 4821; x_wconf 88' lang='lat' dir='ltr'><strong>pro</strong></span> <span class='ocrx_word' id='word_1_841' title='bbox 3082 4765 3393 4818; x_wconf 85' lang='lat' dir='ltr'><strong>unaquaque</strong></span> <span class='ocrx_word' id='word_1_842' title='bbox 3422 4763 3516 4803; x_wconf 87' lang='lat' dir='ltr'><strong>ea—</strong></span> 
     </span>
    </p>
   </div>
   <div class='ocr_carea' id='block_1_105' title="bbox 1945 4842 3518 4915">
    <p class='ocr_par' dir='ltr' id='par_1_105' title="bbox 1945 4842 3518 4915">
     <span class='ocr_line' id='line_1_105' title="bbox 1945 4842 3518 4915; baseline -0.002 -17"><span class='ocrx_word' id='word_1_843' title='bbox 1945 4860 2063 4898; x_wconf 88' lang='lat' dir='ltr'><strong>rum</strong></span> <span class='ocrx_word' id='word_1_844' title='bbox 2095 4860 2110 4897; x_wconf 89' lang='lat'><strong>:</strong></span> <span class='ocrx_word' id='word_1_845' title='bbox 2141 4854 2355 4913; x_wconf 89' lang='lat' dir='ltr'><strong>propter</strong></span> <span class='ocrx_word' id='word_1_846' title='bbox 2398 4846 2537 4915; x_wconf 89' lang='lat' dir='ltr'><strong>quod</strong></span> <span class='ocrx_word' id='word_1_847' title='bbox 2584 4846 2825 4914; x_wconf 67' lang='lat' dir='ltr'><strong>quaedam</strong></span> <span class='ocrx_word' id='word_1_848' title='bbox 2869 4860 3052 4899; x_wconf 91' lang='lat' dir='ltr'><strong>earum</strong></span> <span class='ocrx_word' id='word_1_849' title='bbox 3099 4860 3128 4896; x_wconf 91' lang='lat' dir='ltr'><strong>a</strong></span> <span class='ocrx_word' id='word_1_850' title='bbox 3177 4842 3518 4898; x_wconf 89' lang='lat' dir='ltr'><strong>fornicatione</strong></span> 
     </span>
    </p>
   </div>
   <div class='ocr_carea' id='block_1_106' title="bbox 1946 4931 3521 5006">
    <p class='ocr_par' dir='ltr' id='par_1_106' title="bbox 1946 4931 3521 5006">
     <span class='ocr_line' id='line_1_106' title="bbox 1946 4931 3521 5006; baseline -0.003 -15"><span class='ocrx_word' id='word_1_851' title='bbox 1946 4936 2257 5001; x_wconf 86' lang='lat' dir='ltr'><strong>cessabant;</strong></span> <span class='ocrx_word' id='word_1_852' title='bbox 2280 4936 2523 5006; x_wconf 71' lang='lat' dir='ltr'><strong>quaedam</strong></span> <span class='ocrx_word' id='word_1_853' title='bbox 2551 4950 2679 4989; x_wconf 88' lang='lat' dir='ltr'><strong>vero</strong></span> <span class='ocrx_word' id='word_1_854' title='bbox 2707 4935 3036 5004; x_wconf 88' lang='lat' dir='ltr'><strong>accipiebant</strong></span> <span class='ocrx_word' id='word_1_855' title='bbox 3065 4935 3229 4998; x_wconf 89' lang='lat' dir='ltr'><strong>viros,</strong></span> <span class='ocrx_word' id='word_1_856' title='bbox 3256 4942 3309 4987; x_wconf 90' lang='lat' dir='ltr'><strong>et</strong></span> <span class='ocrx_word' id='word_1_857' title='bbox 3333 4931 3521 5000; x_wconf 89' lang='lat' dir='ltr'><strong>pudice</strong></span> 
     </span>
    </p>
   </div>
   <div class='ocr_carea' id='block_1_107' title="bbox 1949 5024 3518 5098">
    <p class='ocr_par' dir='ltr' id='par_1_107' title="bbox 1949 5024 3518 5098">
     <span class='ocr_line' id='line_1_107' title="bbox 1949 5024 3518 5098; baseline -0.005 -13"><span class='ocrx_word' id='word_1_858' title='bbox 1949 5030 2431 5095; x_wconf 85' lang='lat' dir='ltr'><strong>conversabanlur;</strong></span> <span class='ocrx_word' id='word_1_859' title='bbox 2493 5029 2735 5098; x_wconf 65' lang='lat' dir='ltr'><strong>quaedam</strong></span> <span class='ocrx_word' id='word_1_860' title='bbox 2778 5043 2906 5082; x_wconf 89' lang='lat' dir='ltr'><strong>vero</strong></span> <span class='ocrx_word' id='word_1_861' title='bbox 2956 5035 3011 5080; x_wconf 89' lang='lat' dir='ltr'><strong>et</strong></span> <span class='ocrx_word' id='word_1_862' title='bbox 3054 5024 3227 5079; x_wconf 91' lang='lat' dir='ltr'><strong>modis</strong></span> <span class='ocrx_word' id='word_1_863' title='bbox 3272 5025 3518 5079; x_wconf 89' lang='lat' dir='ltr'><strong>omnibus</strong></span> 
     </span>
    </p>
   </div>
   <div class='ocr_carea' id='block_1_108' title="bbox 1950 5116 3515 5191">
    <p class='ocr_par' dir='ltr' id='par_1_108' title="bbox 1950 5116 3515 5191">
     <span class='ocr_line' id='line_1_108' title="bbox 1950 5116 3515 5191; baseline -0.004 -16"><span class='ocrx_word' id='word_1_864' title='bbox 1950 5122 2206 5177; x_wconf 88' lang='lat' dir='ltr'><strong>mundum</strong></span> <span class='ocrx_word' id='word_1_865' title='bbox 2245 5122 2627 5191; x_wconf 87' lang='lat' dir='ltr'><strong>relinquentes,</strong></span> <span class='ocrx_word' id='word_1_866' title='bbox 2678 5119 3000 5189; x_wconf 85' lang='lat' dir='ltr'><strong>singularem</strong></span> <span class='ocrx_word' id='word_1_867' title='bbox 3032 5119 3191 5172; x_wconf 90' lang='lat' dir='ltr'><strong>vitam</strong></span> <span class='ocrx_word' id='word_1_868' title='bbox 3230 5116 3515 5173; x_wconf 90' lang='lat' dir='ltr'><strong>ducebant.</strong></span> 
     </span>
    </p>
   </div>
   <div class='ocr_carea' id='block_1_109' title="bbox 1948 5212 3514 5282">
    <p class='ocr_par' dir='ltr' id='par_1_109' title="bbox 1948 5212 3514 5282">
     <span class='ocr_line' id='line_1_109' title="bbox 1948 5212 3514 5282; baseline -0.005 -9"><span class='ocrx_word' id='word_1_869' title='bbox 1948 5218 2134 5273; x_wconf 84' lang='lat' dir='ltr'><strong>Nullus</strong></span> <span class='ocrx_word' id='word_1_870' title='bbox 2164 5227 2341 5272; x_wconf 89' lang='lat' dir='ltr'><strong>tamen</strong></span> <span class='ocrx_word' id='word_1_871' title='bbox 2373 5215 2527 5271; x_wconf 87' lang='lat' dir='ltr'><strong>scivit</strong></span> <span class='ocrx_word' id='word_1_872' title='bbox 2554 5230 2719 5281; x_wconf 88' lang='lat' dir='ltr'><strong>usque</strong></span> <span class='ocrx_word' id='word_1_873' title='bbox 2744 5214 2809 5268; x_wconf 91' lang='lat' dir='ltr'><strong>ad</strong></span> <span class='ocrx_word' id='word_1_874' title='bbox 2832 5213 2947 5282; x_wconf 74' lang='lat' dir='ltr'><strong>ejus</strong></span> <span class='ocrx_word' id='word_1_875' title='bbox 2972 5212 3346 5267; x_wconf 74' lang='lat' dir='ltr'><strong>dormitionem</strong></span> <span class='ocrx_word' id='word_1_876' title='bbox 3376 5214 3514 5282; x_wconf 84' lang='lat' dir='ltr'><strong>quod</strong></span> 
     </span>
    </p>
   </div>
   <div class='ocr_carea' id='block_1_110' title="bbox 1948 5305 3521 5379">
    <p class='ocr_par' dir='ltr' id='par_1_110' title="bbox 1948 5305 3521 5379">
     <span class='ocr_line' id='line_1_110' title="bbox 1948 5305 3521 5379; baseline -0.002 -16"><span class='ocrx_word' id='word_1_877' title='bbox 1948 5309 2119 5379; x_wconf 89' lang='lat' dir='ltr'><strong>ipsius</strong></span> <span class='ocrx_word' id='word_1_878' title='bbox 2147 5310 2504 5364; x_wconf 90' lang='lat' dir='ltr'><strong>admonitione</strong></span> <span class='ocrx_word' id='word_1_879' title='bbox 2532 5321 2583 5363; x_wconf 91' lang='lat' dir='ltr'><strong>et</strong></span> <span class='ocrx_word' id='word_1_880' title='bbox 2614 5308 2852 5362; x_wconf 89' lang='lat' dir='ltr'><strong>oratione</strong></span> <span class='ocrx_word' id='word_1_881' title='bbox 2895 5305 3174 5376; x_wconf 65' lang='lat' dir='ltr'><strong>impudicae</strong></span> <span class='ocrx_word' id='word_1_882' title='bbox 3200 5306 3521 5360; x_wconf 68' lang='lat' dir='ltr'><strong>muliercula:</strong></span> 
     </span>
    </p>
   </div>
   <div class='ocr_carea' id='block_1_111' title="bbox 1949 5399 2678 5454">
    <p class='ocr_par' dir='ltr' id='par_1_111' title="bbox 1949 5399 2678 5454">
     <span class='ocr_line' id='line_1_111' title="bbox 1949 5399 2678 5454; baseline -0.004 -1"><span class='ocrx_word' id='word_1_883' title='bbox 1949 5413 1979 5453; x_wconf 88' lang='lat' dir='ltr'><strong>a</strong></span> <span class='ocrx_word' id='word_1_884' title='bbox 2010 5399 2361 5454; x_wconf 87' lang='lat' dir='ltr'><strong>fornicatione</strong></span> <span class='ocrx_word' id='word_1_885' title='bbox 2387 5409 2678 5454; x_wconf 89' lang='lat' dir='ltr'><strong>cessarent.</strong></span> 
     </span>
    </p>
   </div>
   <div class='ocr_carea' id='block_1_112' title="bbox 2026 5507 3525 5579">
    <p class='ocr_par' dir='ltr' id='par_1_112' title="bbox 2026 5507 3525 5579">
     <span class='ocr_line' id='line_1_112' title="bbox 2026 5507 3525 5579; baseline -0.004 -15"><span class='ocrx_word' id='word_1_886' title='bbox 2026 5509 2177 5565; x_wconf 88' lang='lat' dir='ltr'><strong>Unde</strong></span> <span class='ocrx_word' id='word_1_887' title='bbox 2196 5508 2424 5579; x_wconf 89' lang='lat' dir='ltr'><strong>quodam</strong></span> <span class='ocrx_word' id='word_1_888' title='bbox 2464 5509 2550 5564; x_wconf 90' lang='lat' dir='ltr'><strong>die</strong></span> <span class='ocrx_word' id='word_1_889' title='bbox 2581 5520 2814 5564; x_wconf 89' lang='lat' dir='ltr'><strong>exeunte</strong></span> <span class='ocrx_word' id='word_1_890' title='bbox 2838 5523 2903 5563; x_wconf 92' lang='lat' dir='ltr'><strong>eo</strong></span> <span class='ocrx_word' id='word_1_891' title='bbox 2933 5524 2962 5563; x_wconf 94' lang='lat' dir='ltr'><strong>a</strong></span> <span class='ocrx_word' id='word_1_892' title='bbox 2993 5507 3160 5579; x_wconf 90' lang='lat' dir='ltr'><strong>prima</strong></span> <span class='ocrx_word' id='word_1_893' title='bbox 3195 5507 3375 5562; x_wconf 90' lang='lat' dir='ltr'><strong>talium</strong></span> <span class='ocrx_word' id='word_1_894' title='bbox 3408 5521 3525 5559; x_wconf 86' lang='lat' dir='ltr'><strong>mn-</strong></span> 
     </span>
    </p>
   </div>
   <div class='ocr_carea' id='block_1_113' title="bbox 1952 5598 3522 5671">
    <p class='ocr_par' dir='ltr' id='par_1_113' title="bbox 1952 5598 3522 5671">
     <span class='ocr_line' id='line_1_113' title="bbox 1952 5598 3522 5671; baseline -0.003 -18"><span class='ocrx_word' id='word_1_895' title='bbox 1952 5598 2141 5654; x_wconf 91' lang='lat' dir='ltr'><strong>lierum</strong></span> <span class='ocrx_word' id='word_1_896' title='bbox 2165 5600 2420 5666; x_wconf 91' lang='lat' dir='ltr'><strong>diluculo,</strong></span> <span class='ocrx_word' id='word_1_897' title='bbox 2462 5600 2640 5655; x_wconf 88' lang='lat' dir='ltr'><strong>obviat</strong></span> <span class='ocrx_word' id='word_1_898' title='bbox 2677 5602 2723 5657; x_wconf 90' lang='lat' dir='ltr'><strong>ei</strong></span> <span class='ocrx_word' id='word_1_899' title='bbox 2750 5601 2962 5671; x_wconf 89' lang='lat' dir='ltr'><strong>quidam</strong></span> <span class='ocrx_word' id='word_1_900' title='bbox 2994 5603 3151 5655; x_wconf 84' lang='lat' dir='ltr'><strong>homo</strong></span> <span class='ocrx_word' id='word_1_901' title='bbox 3191 5600 3522 5659; x_wconf 82' lang='lat' dir='ltr'><strong>immundus,</strong></span> 
     </span>
    </p>
   </div>
   <div class='ocr_carea' id='block_1_114' title="bbox 1952 5688 3524 5756">
    <p class='ocr_par' dir='ltr' id='par_1_114' title="bbox 1952 5688 3524 5756">
     <span class='ocr_line' id='line_1_114' title="bbox 1952 5688 3524 5756; baseline -0.005 -12"><span class='ocrx_word' id='word_1_902' title='bbox 1952 5692 2155 5745; x_wconf 89' lang='lat' dir='ltr'><strong>intrans</strong></span> <span class='ocrx_word' id='word_1_903' title='bbox 2200 5690 2267 5745; x_wconf 91' lang='lat' dir='ltr'><strong>ad</strong></span> <span class='ocrx_word' id='word_1_904' title='bbox 2311 5690 2677 5745; x_wconf 90' lang='lat' dir='ltr'><strong>fornicandum</strong></span> <span class='ocrx_word' id='word_1_905' title='bbox 2725 5709 2845 5748; x_wconf 87' lang='lat' dir='ltr'><strong>cum</strong></span> <span class='ocrx_word' id='word_1_906' title='bbox 2894 5708 2993 5756; x_wconf 87' lang='lat' dir='ltr'><strong>ea;</strong></span> <span class='ocrx_word' id='word_1_907' title='bbox 3036 5701 3091 5750; x_wconf 85' lang='lat' dir='ltr'><strong>et</strong></span> <span class='ocrx_word' id='word_1_908' title='bbox 3137 5706 3257 5745; x_wconf 90' lang='lat' dir='ltr'><strong>cum</strong></span> <span class='ocrx_word' id='word_1_909' title='bbox 3303 5688 3524 5745; x_wconf 83' lang='lat' dir='ltr'><strong>vidisset</strong></span> 
     </span>
    </p>
   </div>
   <div class='ocr_carea' id='block_1_115' title="bbox 1950 5779 3525 5855">
    <p class='ocr_par' dir='ltr' id='par_1_115' title="bbox 1950 5779 3525 5855">
     <span class='ocr_line' id='line_1_115' title="bbox 1950 5779 3525 5855; baseline -0.007 -17"><span class='ocrx_word' id='word_1_910' title='bbox 1950 5795 2189 5840; x_wconf 87' lang='lat' dir='ltr'><strong>sanctum</strong></span> <span class='ocrx_word' id='word_1_911' title='bbox 2224 5784 2470 5840; x_wconf 86' lang='lat' dir='ltr'><strong>Vitalium</strong></span> <span class='ocrx_word' id='word_1_912' title='bbox 2501 5800 2565 5840; x_wconf 86' lang='lat' dir='ltr'><strong>ex</strong></span> <span class='ocrx_word' id='word_1_913' title='bbox 2610 5800 2671 5839; x_wconf 89' lang='lat' dir='ltr'><strong>ea</strong></span> <span class='ocrx_word' id='word_1_914' title='bbox 2716 5787 3100 5855; x_wconf 82' lang='lat' dir='ltr'><strong>egredientem,</strong></span> <span class='ocrx_word' id='word_1_915' title='bbox 3132 5785 3279 5839; x_wconf 91' lang='lat' dir='ltr'><strong>dedit</strong></span> <span class='ocrx_word' id='word_1_916' title='bbox 3317 5781 3366 5837; x_wconf 90' lang='lat' dir='ltr'><strong>ei</strong></span> <span class='ocrx_word' id='word_1_917' title='bbox 3413 5779 3525 5830; x_wconf 87' lang='lat' dir='ltr'><strong>ala-</strong></span> 
     </span>
    </p>
   </div>
   <div class='ocr_carea' id='block_1_116' title="bbox 1948 5868 3549 5951">
    <p class='ocr_par' dir='ltr' id='par_1_116' title="bbox 1948 5868 3549 5951">
     <span class='ocr_line' id='line_1_116' title="bbox 1948 5868 3549 5951; baseline -0.01 -17"><span class='ocrx_word' id='word_1_918' title='bbox 1948 5894 2068 5951; x_wconf 74' lang='lat' dir='ltr'><strong>pam</strong></span> <span class='ocrx_word' id='word_1_919' title='bbox 2102 5878 2155 5933; x_wconf 90' lang='lat' dir='ltr'><strong>in</strong></span> <span class='ocrx_word' id='word_1_920' title='bbox 2192 5877 2401 5947; x_wconf 83' lang='lat' dir='ltr'><strong>faciem,</strong></span> <span class='ocrx_word' id='word_1_921' title='bbox 2447 5879 2627 5936; x_wconf 78' lang='lat' dir='ltr'><strong>dicens</strong></span> <span class='ocrx_word' id='word_1_922' title='bbox 2674 5878 2737 5932; x_wconf 88' lang='lat' dir='ltr'><strong>ad</strong></span> <span class='ocrx_word' id='word_1_923' title='bbox 2761 5892 2880 5931; x_wconf 87' lang='lat' dir='ltr'><strong>eum</strong></span> <span class='ocrx_word' id='word_1_924' title='bbox 2912 5892 2923 5927; x_wconf 91' lang='lat'>:</span> <span class='ocrx_word' id='word_1_925' title='bbox 2961 5875 3265 5943; x_wconf 84' lang='lat' dir='ltr'><strong>Usquequo,</strong></span> <span class='ocrx_word' id='word_1_926' title='bbox 3295 5868 3549 5939; x_wconf 78' lang='lat' dir='ltr'><strong>pessime</strong></span> 
     </span>
    </p>
   </div>
  </div>
