4016 6238
528 346 622 405 571

1573 349 1661 405 Ι)Ε
1700 348 1874 403 VITIS
1912 345 2194 401 PATRUM
2231 346 2431 402 LIBER
2469 346 2748 405 PRIMUS.

3670 348 3785 404 372

520 456 708 517 illusor
728 459 954 529 Christi,
985 477 1094 519 non
1117 462 1367 519 emendas
1401 471 1450 518 te
1476 461 1543 517 ab
1570 460 1654 517 his
1681 449 1928 532 nequitiis
1959 462 2099 517 tuis?
2125 459 2182 519 Α
2204 458 2366 519 Gaza,
2397 469 2446 513 et
2475 461 2714 529 suscepit
2753 458 3000 514 cellulam
3045 460 3252 515 abbatis
3278 460 3450 518 Vitalii
3476 464 3789 519 secundum
3820 539 3828 545 .

517 554 620 620 Qui
671 553 809 609 dixit
851 552 919 608 ad
963 567 1134 609 eum:
1176 554 1344 608 Crede
1386 554 1554 621 mihi,
1608 554 1836 623 accipies
1882 556 2091 624 alapam

515 659 549 698 a
587 662 672 701 me
696 645 902 710 humili.
939 653 998 701 ut
1026 655 1134 702 tota
1155 646 1475 701 Alexandria
1506 648 1780 717 colligatur
1808 648 2097 705 ad.clamo—

524 754 615 797 res
636 749 776 797 tuos.
806 741 1048 797 Nondum
1072 742 1220 797 brevi
1251 752 1487 810 tempore
1528 752 1817 810 transacto,
1842 743 2095 797 dormivit

526 845 650 887 cum
692 847 820 902 pace
862 833 915 887 in
956 835 1145 889 cellula
1187 850 1280 889 sua
1323 844 1541 891 sanctus
1576 835 1820 901 Vitalius,
1879 838 2093 890 nemine

527 922 731 978 sciente
756 924 991 979 omnino.
1023 924 1261 979 Habebat
1293 926 1435 980 enim
1462 926 1614 981 valde
1643 926 1888 996 pusillam
1930 926 2095 980 cellu-

528 1014 657 1078 lam,
686 1030 844 1083 super
876 1014 1049 1070 locum
1074 1018 1161 1085 qui
1198 1018 1391 1072 dicitur
1417 1019 1576 1072 Porta
1618 1018 1745 1072 solis
1773 1016 1910 1087 (79).
1944 1018 2094 1074 Unde

526 1112 585 1159 et
612 1105 939 1174 plerumque,
973 1122 1093 1160 cum
1122 1109 1340 1162 collecta
1370 1110 1732 1164 celebraretur
1756 1111 1905 1178 juxta
1932 1111 2095 1165 cellu-

528 1197 634 1252 lam
664 1199 778 1267 ejus
813 1197 865 1251 in
893 1201 1119 1255 ecclesia
1160 1200 1338 1256 Metrae
1365 1201 1499 1273 (80),
1544 1203 1917 1258 convenientes
1945 1220 2092 1274 qua:-

526 1292 653 1347 dam
691 1292 1120 1349 muliercularum
1154 1296 1360 1357 harum.
1390 1296 1455 1349 ad
1493 1297 1774 1351 alterutras
1814 1297 2092 1352 dicebant:

527 1385 744 1453 Eamus,
774 1401 980 1455 eamus,
1008 1388 1201 1443 iterum
1240 1381 1404 1443 abbas
1429 1388 1649 1442 Vitalius
1676 1389 1952 1443 collectam
1995 1389 2095 1441 ha-

528 1478 636 1533 bet.
663 1479 728 1533 Et
747 1480 1081 1534 venientibus
1108 1480 1206 1545 eis,
1232 1479 1449 1533 curabat
1472 1495 1581 1532 eas.
1614 1480 1776 1547 Igitur
1800 1479 2096 1534 dormiente

525 1584 615 1633 eo,
651 1580 708 1623 nt
750 1572 1059 1640 praedictum
1102 1580 1206 1635 est,
1248 1570 1299 1624 in
1348 1571 1556 1639 propria
1603 1571 1809 1631 cellula,
1857 1577 1912 1623 et
1952 1569 2097 1623 nullo

527 1664 750 1729 sciente,
784 1680 901 1718 mox
940 1663 1156 1733 quidam
1208 1663 1415 1717 damon
1456 1673 1705 1731 tanquam
1729 1661 1976 1729 Ethiops
2003 1660 2095 1715 de-

526 1753 732 1818 formis,
764 1765 903 1808 astat
942 1755 991 1808 ei
1028 1754 1116 1823 qui
1159 1754 1377 1809 dederat
1412 1755 1619 1820 alapam
1658 1753 1833 1807 abbati
1876 1752 2089 1820 Vitalio,

2197 549 2379 616 fidem,
2420 562 2472 605 et
2515 552 2569 606 in
2608 567 2671 606 ea
2702 555 2992 621 permansit
3030 568 3199 622 usque
3226 554 3291 608 ad
3329 563 3553 610 mortem
3595 570 3776 611 suam.

2196 642 2263 703 Et
2285 643 2649 699 sanctissimus
2684 645 2984 714 patriarcha
3030 646 3222 699 multas
3265 647 3463 715 gratias
3497 648 3611 717 egit
3643 648 3768 715 Deo,

2195 734 2317 801 quia
2348 751 2450 790 non
2480 735 2718 804 permisit
2754 751 2878 793 eum
2908 753 3129 806 peccare
3160 739 3214 792 in
3245 753 3456 792 servum
3498 755 3654 794 suum
3689 742 3770 795 γί-

2196 827 2398 880 talium.
2443 827 2591 881 Multi
2627 838 2802 884 autem
2847 831 3070 884 multum
3091 846 3156 885 ex
3192 840 3317 886 tunc
3357 831 3412 884 in
3446 832 3768 888 Alexandria

2196 922 2507 991 profuerunt
2544 922 2662 988 sibi,
2697 932 2750 978 et
2789 923 3017 995 hospitio
3062 925 3389 993 recipiebant
3437 929 3764 982 monachos:

2195 1024 2253 1069 et
2278 1016 2630 1069 mouebantur
2672 1026 2852 1071 utnon
2877 1016 3323 1072 condemnaretur
3360 1016 3551 1088 aliquis
3594 1021 3662 1075 ab
3690 1024 3772 1077 eis

2196 1109 2333 1163 sicut
2360 1118 2629 1164 evenerat.
2654 1110 2800 1165 Fecit
2826 1120 3000 1165 autem
3030 1120 3080 1165 et
3111 1110 3366 1165 sanitates
3394 1120 3513 1180 post
3540 1122 3765 1167 mortem

2197 1198 2513 1253 honorabile
2562 1213 2753 1253 nomen
2802 1201 2971 1254 sancti
3014 1198 3200 1254 Vitalii
3246 1214 3343 1269 per
3387 1201 3614 1255 divinam
3650 1219 3768 1270 gra-

2197 1294 2323 1347 tiam
2352 1310 2366 1347 :
2395 1291 2547 1361 cujus
2575 1291 2903 1347 orationibus
2948 1292 3038 1347 det
3084 1291 3236 1346 nobis
3269 1291 3525 1346 Dominus
3570 1293 3761 1349 bonam

2195 1384 2689 1449 conversationem,
2732 1394 2785 1437 et
2828 1382 3248 1438 misericordiam
3291 1384 3341 1436 in
3384 1382 3507 1450 die,
3551 1388 3764 1453 quando

2197 1476 2561 1531 manifestabit
2606 1476 2915 1532 abscondita
2968 1476 3274 1543 hominum,
3320 1487 3375 1533 et
3417 1478 3556 1532 nuda
3604 1480 3765 1535 faciet

2196 1568 2415 1624 consilia
2439 1568 2678 1621 cordium
2702 1566 2757 1640 (Ι
2778 1566 2899 1623 Cor.
2930 1567 3027 1634 tv).

2265 1659 2395 1715 Car.
2438 1657 2674 1713 XXXVI.
2706 1690 2775 1698 —
2807 1659 3128 1729 Praecipiens
3174 1657 3460 1728 aliquando
3494 1657 3616 1713 dari
3659 1659 3772 1712 cui—

2197 1753 2319 1808 dam
2371 1754 2566 1822 petenti
2614 1752 3032 1823 eleemosynam,
3083 1751 3267 1806 decem
3309 1765 3552 1807 nummos
3595 1767 3773 1807 aneos

525 1854 580 1901 et
608 1845 700 1900 dat
730 1845 780 1901 ei
804 1846 1035 1916 alapam,
1062 1846 1241 1901 dicens
1271 1864 1284 1898 :
1324 1848 1545 1914 Suscipe
1572 1851 1778 1910 alapam
1810 1860 1965 1912 quam
1997 1846 2095 1898 mi-
2124 1837 2172 1897 B
2199 1860 2419 1914 tantum,
2452 1848 2698 1903 convicia
2728 1850 2796 1902 ab
2833 1864 2898 1901 eo
2936 1846 3232 1915 patiebatur
3273 1845 3326 1900 in
3357 1845 3487 1900 facie
3511 1844 3773 1900 atrociter

524 1938 592 1992 sit
631 1937 724 1991 tibi
752 1938 919 1993 abbas
948 1936 1193 1993 Vitalius.
1230 1938 1296 1991 Et
1322 1939 1548 2001 cadens,
1577 1938 1755 1992 statim
1787 1938 1946 2003 cmpit
1973 1952 2095 2003 spu-

526 2044 694 2084 mare.
737 2030 1069 2101 Congregata
1098 2015 1396 2100 estigitur,
1441 2032 1733 2086 secundum
1762 2029 2095 2100 prephetiam

525 2119 734 2185 Vitalii,
780 2136 915 2190 pene
960 2131 1071 2176 tota
1115 2122 1436 2177 Alexandria
1492 2124 1545 2177 in
1584 2123 1891 2178 violentiam
1933 2138 2091 2192 quam

525 2210 824 2279 patiebatur
849 2229 876 2264 a
908 2212 1190 2274 drcmone;
1220 2224 1276 2268 et
1301 2212 1530 2268 maxime
1553 2215 1674 2283 quia
1696 2216 1928 2268 sonitum
1954 2215 2093 2269 datm

523 2302 576 2358 ei
604 2304 772 2372 alapa:
811 2305 1096 2360 audierunt
1124 2307 1335 2374 quidam
1359 2348 1373 2370 ,
1406 2307 1554 2375 quasi
1592 2306 1656 2359 ad
1701 2307 1857 2360 unius
1896 2306 2094 2374 jactum

525 2393 752 2462 sagitta.
786 2392 912 2448 Post
939 2394 1237 2465 aliquantas
1267 2410 1391 2450 vero
1440 2410 1599 2449 noras
1643 2396 1694 2449 in
1735 2404 1965 2450 mentem
2012 2411 2097 2451 re-

526 2488 679 2541 diens
726 2488 769 2543 is
813 2487 903 2557 qui
944 2490 1262 2558 patiebatur,
1304 2490 1463 2546 scidit
1508 2491 1816 2545 vestimenta
1867 2493 2095 2559 pectoris

524 2578 637 2640 sui,
687 2586 745 2632 et
786 2578 1021 2632 cucurrit
1062 2580 1125 2633 ad
1175 2581 1419 2634 cellulam
1445 2622 1459 2643 ,
1502 2582 1741 2636 clamans
1780 2592 1834 2636 et
1872 2582 2092 2637 dicens:

524 2669 746 2739 Culpam
791 2669 893 2725 feci
942 2671 1057 2737 tibi,
1105 2685 1258 2727 serve
1304 2672 1397 2727 Dei
1445 2673 1621 2739 Vitali,
1670 2673 1922 2728 miserere
1966 2675 2090 2728 mei.

526 2762 889 2821 Cucurrerunt
924 2780 1052 2819 vero
1090 2780 1210 2819 cum
1272 2781 1339 2821 eo
1388 2781 1575 2821 omnes
1621 2766 1916 2821 audientes.
1962 2767 2093 2823 Cum

527 2854 854 2923 pervenisset
895 2856 961 2910 ad
993 2856 1237 2911 cellulam
1269 2860 1460 2922 sancti,
1506 2857 1633 2914 exiit
1677 2859 1867 2912 iterum
1896 2860 2093 2913 daemo-

527 2947 705 3013 nium,
741 2947 950 3017 jactans
986 2965 1106 3003 eum
1139 2950 1383 3004 omnibus
1422 2951 1818 3019 aspicientibus.
1863 2951 1931 3004 Et
1972 2966 2091 3005 cum

524 3040 927 3110 ingrederentur
971 3042 1112 3096 intro
1147 3043 1198 3096 hi
1238 3045 1327 3112 qui
1369 3060 1488 3097 cum
1520 3060 1584 3098 eo
1614 3054 1980 3111 cucurrerunt,
2015 3046 2094 3099 in-

524 3141 785 3188 venerunt
810 3144 1051 3188 sanctum
1082 3145 1307 3189 stantem
1335 3134 1388 3188 in
1413 3137 1671 3205 geniculis
1696 3138 1824 3206 suis,
1855 3146 1905 3190 et
1936 3153 2092 3190 oran-

526 3236 655 3287 tem,
682 3235 738 3280 et
760 3225 992 3279 animam
1023 3226 1245 3281 Domino
1275 3231 1593 3290 tradentem,
1626 3238 1679 3282 et
1709 3227 1761 3282 in
1794 3230 2093 3295 pavimento
2119 3211 2167 3273 (ἶ

525 3316 840 3383 scripturam
872 3316 1213 3384 hujusmodi:
1250 3316 1361 3370 Viri
1381 3319 1737 3383 Alexandrini,
1783 3318 1939 3373 nolite
1979 3329 2095 3374 ante

525 3418 723 3475 tempus
764 3408 957 3474 aliquid
992 3408 1253 3479 judicare,
1295 3410 1623 3479 quoadusque
1661 3410 1825 3463 veniat
1846 3407 2096 3463 Dominus

524 3496 575 3569 (1
602 3496 720 3553 Cor.
755 3501 851 3568 tv).
880 3498 1240 3554 Conﬁtebatur
1267 3516 1395 3555 vero
1434 3510 1490 3554 et
1513 3500 1695 3567 homo,
1716 3501 1807 3569 qui
1835 3517 1865 3554 a
1893 3499 2095 3555 daemo-

524 3592 612 3644 nio
649 3591 959 3654 vexabatur,
992 3591 1131 3660 quod
1174 3602 1361 3647 sancto
1395 3592 1612 3658 fecerat,
1643 3602 1696 3647 et
1723 3595 1862 3662 quod
1889 3595 2100 3650 dixerat

524 3695 741 3739 sanctus
781 3683 851 3739 ei.
924 3685 1161 3740 llecitata
1216 3695 1339 3739 sunt
1382 3699 1509 3755 ergo
1552 3685 1858 3740 beatissimo
1904 3687 2095 3742 Joanni

523 3774 841 3842 patriarchae
886 3774 1061 3828 omnia
1088 3791 1207 3844 qua:
1251 3776 1394 3830 circa
1434 3787 1676 3830 sanctum
1698 3776 1949 3832 Vitalium
1980 3789 2095 3834 acta

525 3874 681 3930 sunt;
727 3873 782 3920 et
828 3864 1161 3921 descendens
1204 3880 1322 3921 cum
1363 3866 1542 3933 clero,
1595 3869 1742 3922 venit
1790 3869 1856 3923 ad
1903 3884 2099 3937 corpus

526 3958 695 4029 sancti
744 3956 956 4022 Vitalii;
1015 3965 1073 4012 et
1122 3973 1241 4011 cum
1287 3957 1508 4014 vidisset
1550 3960 2097 4029 superscriptionem,

529 4020 661 4101 dixit
694 4062 709 4101 :
742 4046 881 4102 Vere
910 4046 1046 4102 hanc
1084 4047 1299 4103 humilis
1325 4048 1558 4105 Joannes
1586 4065 1679 4119 per
1711 4050 1878 4107 Deum
1907 4056 2097 4120 evasit,

530 4152 649 4193 nam
688 4139 893 4208 alapam
936 4152 1093 4207 quam
1136 4141 1342 4210 accepit
1385 4143 1476 4211 qui
1524 4145 1720 4214 patitur
1761 4160 1860 4216 ego
1895 4147 2103 4215 accipe-

530 4246 664 4285 rem.

599 4322 750 4378 Tunc
797 4325 974 4396 itaque
1018 4340 1203 4382 omnes
1244 4326 1565 4394 fornicariae,
1596 4334 1652 4381 et
1674 4342 1792 4397 qua:
1837 4328 2103 4382 abrenun-

529 4414 794 4468 tiaverunt
828 4430 893 4469 ex
922 4416 1026 4483 eis,
1053 4425 1109 4471 et
1136 4415 1281 4471 viros
1306 4427 1673 4484 susceperant,
1702 4430 1821 4469 cum
1852 4417 2020 4471 cereis
2046 4426 2102 4473 et

531 4504 863 4574 lampadibus
892 4507 1152 4575 praeibam
1179 4521 1302 4562 eum
1339 4507 1547 4573 ﬂentes,
1575 4514 1630 4561 et
1651 4506 1890 4561 dicentes
1920 4524 1933 4561 :
1968 4506 2099 4562 Per-

2197 1942 2288 1996 ille
2314 1943 2521 2007 beatus,
2547 1942 2668 2008 quia
2709 1954 2816 1993 non
2844 1937 3063 1994 dederat
3100 1938 3147 1992 ei
3175 1946 3424 2006 quotquot
3448 1936 3631 1991 voluit.
3668 1936 3767 1991 llis

2197 2045 2372 2087 autem
2400 2031 2492 2102 qui
2536 2031 2604 2086 de
2632 2030 2889 2101 obsequio
2937 2039 3111 2099 erant,
3154 2028 3504 2097 quaerentibus
3550 2026 3770 2081 cadere

2196 2138 2317 2181 eum
2345 2127 2433 2195 qui
2481 2124 2894 2185 conviciabatur,
2941 2122 3235 2191 increpavit
3278 2136 3370 2176 eos
3411 2120 3769 2175 vehementer

2198 2218 2493 2289 patriarcha
2521 2261 2536 2284 ,
2578 2216 2761 2270 dicens
2808 2232 2822 2268 :
2870 2214 3041 2269 Sinite
3103 2230 3249 2277 eum,
3286 2211 3478 2266 fratres
3523 2226 3540 2266 :
3593 2210 3769 2263 habeo

2203 2312 2359 2381 199
2392 2325 2489 2379 ego
2525 2309 2801 2376 sexaginta
2829 2321 3027 2371 annos,
3068 2306 3448 2372 blasphemans
3486 2318 3579 2371 per
3606 2316 3765 2371 opera

2196 2418 2315 2458 mea
2345 2401 2644 2465 Christum,
2677 2409 2729 2452 et
2773 2414 2933 2453 unum
2964 2397 3259 2451 convicium
3300 2410 3405 2449 non
3432 2393 3650 2462 portabo
3686 2391 3756 2444 ab

2197 2495 2335 2550 isto?
2377 2494 2443 2547 Et
2468 2493 2718 2563 praecepit
2746 2491 2918 2546 datori
2965 2490 3172 2545 solvere
3203 2489 3495 2553 sacculum,
3532 2495 3588 2540 ut
3613 2485 3756 2539 sine.

2197 2596 2279 2642 ret
2307 2600 2588 2655 pauperem
2620 2585 2809 2638 tollere
2838 2594 3090 2653 quantunt
3119 2583 3277 2636 vellet
3303 2579 3549 2649 pretium.

2266 2678 2391 2733 CAP.
2429 2677 2690 2733 XXXVII.
2721 2676 2777 2731 Si
2807 2690 2933 2730 vero
2954 2674 3237 2741 aliquando
3266 2671 3517 2725 audiebat
3541 2669 3756 2736 sapien-

2196 2772 2453 2837 tissimus,
2484 2770 2734 2840 quoniam
2762 2769 3187 2837 eleemosynator
3214 2774 3297 2820 est
3353 2763 3495 2828 talis,
3526 2760 3759 2814 adduce-

2196 2866 2286 2919 bat
2324 2877 2445 2916 emn
2496 2862 2549 2915 in
2593 2861 2858 2915 hilaritate
2886 2873 3147 2921 seorsum,
3179 2866 3233 2909 et
3261 2854 3470 2909 dicebat
3495 2854 3545 2906 ei
3572 2871 3584 2905 :
3618 2852 3763 2914 Ono-

2195 2954 2353 3008 modo
2381 2955 2545 3006 factus
2563 2968 2616 3005 es
2633 2951 3088 3020 efeemosynator?
3106 2947 3513 3010 naturaliter,an
3538 2945 3771 3013 teipsum

2195 3045 2456 3099 violenter
2486 3043 2716 3113 cogens?
2750 3042 2898 3097 Unde
2928 3040 3139 3110 quidam
3191 3041 3283 3108 qui
3310 3040 3377 3093 ab
3420 3056 3486 3117 eo
3539 3039 3773 3094 interro-

2195 3136 2451 3207 gabamur
2473 3179 2488 3200 ,
2521 3133 2881 3199 verecundati,
2906 3132 3239 3186 occultabant
3268 3131 3481 3200 quidem
3502 3173 3517 3195 ,
3551 3132 3769 3197 quidam

2200 3239 2376 3283 autem
2408 3228 2654 3282 dicebant
2683 3226 2754 3280 ei.
2808 3225 3033 3293 Pr0ptcr
3062 3225 3199 3293 quod
3231 3240 3364 3277 unus
3415 3224 3769 3292 interrogatus

2198 3336 2227 3374 a
2254 3331 2459 3383 sancto,
2488 3319 2759 3385 re~pondit
2807 3317 2876 3370 ita
2902 3333 2917 3370 2
2969 3316 3145 3370 Crede
3202 3315 3349 3380 mihi,
3380 3315 3616 3378 domine,
3645 3314 3763 3382 quia

2200 3410 2333 3465 nih.l
2353 3409 2422 3462 do
2443 3416 2533 3460 aut
2562 3406 2699 3461 facio
2724 3404 2883 3471 boni;
2915 3411 3278 3481 verumtamen
3310 3402 3483 3471 ipsmu
3516 3401 3655 3471 quod
3677 3402 3757 3453 fa-

2201 3502 2284 3558 cio
2312 3509 2367 3554 et
2419 3497 2649 3568 praebeo,
2674 3511 2744 3551 ex
2785 3495 2977 3563 quibus
3030 3494 3167 3547 Deus
3223 3503 3278 3548 et
3327 3492 3601 3547 orationes
3659 3500 3768 3545 tua:

2200 3593 2515 3662 largiuntur,
2534 3591 2603 3642 ita
2626 3586 2799 3641 facere
2815 3585 3043 3640 assuevi.
3078 3585 3233 3638 Eram
3259 3583 3570 3652 priusvalde
3591 3584 3774 3637 immio

2200 3685 2431 3741 sericors
2472 3690 2527 3735 et
2570 3679 2821 3743 crudelis,
2853 3686 2906 3732 et
2968 3676 3131 3731 semel
3163 3676 3355 3729 damna
3402 3675 3617 3744 pertuli,
3639 3685 3693 3729 et
3722 3676 3775 3728 in

2202 3777 2541 3833 subtilitatem
2606 3772 2844 3828 deveni:
2902 3772 3062 3838 C(epit
3108 3770 3356 3837 cogitatio
3410 3783 3526 3822 mea
3587 3768 3779 3821 dicere

2203 3870 2333 3923 mihi
2365 3887 2377 3922 :
2410 3867 2543 3922 Vere
2574 3867 2615 3921 si
2647 3879 2792 3920 esses
2819 3863 3262 3933 eleemosynator,
3296 3878 3399 3915 non
3442 3861 3773 3929 relinqueret

2204 3973 2257 4018 te
2280 3964 2434 4017 Deus.
2462 3959 2634 4016 Statui
2678 3974 2804 4028 ergo
2833 3972 2927 4025 per
2960 3955 3196 4024 singulos
3243 3955 3358 4009 dies
3380 3956 3503 4007 dare
3530 3955 3772 4020 quinque

2204 4066 2635 4109 mreosnummos
2663 4050 3021 4120 pauperibus;
3052 4055 3245 4101 etcum
3288 4044 3563 4113 cmpissem
3610 4045 3769 4106 dare,

2194 4147 2381 4215 _statim
2409 4145 2632 4201 Satanas
2657 4140 2966 4210 prohibebat
2990 4154 3091 4204 me,
3124 4138 3309 4192 dicens
3334 4154 3347 4190 :
3378 4135 3511 4190 Vere
3533 4135 3776 4204 quinque

2207 4238 2410 4295 nummi
2459 4237 2546 4291 isti
2600 4232 2873 4288 sufﬁciunt
2906 4231 3084 4286 domui
3140 4230 3206 4284 ad
3245 4229 3412 4297 olera,
3441 4240 3532 4282 aut
3562 4228 3628 4282 ad
3658 4228 3777 4283 bal-

2204 4345 2363 4385 neum
2420 4325 2853 4397 percipiendum;
2913 4333 2967 4375 et
3032 4323 3230 4385 statim,
3292 4328 3543 4388 tanquam
3607 4320 3655 4373 si
3706 4322 3782 4374 de

2206 4421 2449 4476 faucibus
2494 4430 2737 4472 natorum
2814 4427 3054 4468 meorum
3122 4412 3377 4480 privarem
3428 4424 3568 4473 eos,
3632 4411 3773 4464 nihil

2205 4512 2419 4566 dabam.
2445 4510 2573 4564 Cum
2601 4522 2729 4578 ergo
2772 4505 3023 4560 vidissem
3068 4499 3204 4569 quod
3245 4512 3529 4567 superarer
3557 4512 3588 4550 a
3609 4498 3769 4562 vitio,

528 4596 761 4651 didimus
808 4598 1031 4653 salutem
1071 4608 1305 4654 nostram
1338 4608 1392 4655 et
1418 4599 1737 4654 doctrinam.
1769 4599 2103 4656 Enarrabant
2129 4592 2181 4652 D
2204 4603 2324 4656 dico
2376 4614 2540 4668 puero
2594 4612 2713 4651 meo
2744 4614 2756 4649 :
2784 4596 2884 4649 Per
2924 4592 3152 4663 singulos
3182 4588 3295 4643 dies
3346 4586 3547 4653 furare,
3572 4604 3660 4643 me
3680 4603 3781 4641 ne-

528 4692 671 4746 enim
690 4691 797 4759 jam
828 4692 1288 4748 conversationem
1317 4693 1433 4762 ejus
1453 4693 1724 4759 omnibus,
1743 4692 2098 4761 et,Quoniam

532 4800 637 4838 non
694 4794 910 4853 propter
967 4792 1176 4851 turpem
1245 4798 1358 4839 rem
1422 4784 1487 4837 ad
1550 4798 1646 4838 nos
1712 4784 1980 4849 intrabat;
2048 4793 2102 4839 et

528 4875 651 4944 quia
694 4890 960 4945 nunquam
1000 4873 1286 4945 aliquando
1329 4873 1556 4929 vidimus
1594 4890 1714 4930 eum
1758 4891 1917 4945 super
1960 4876 2099 4931 latus

529 4966 911 5035 dormientem,
961 4975 1053 5021 aut
1097 4981 1255 5020 unam
1306 4980 1372 5021 ex
1421 4966 1575 5021 nobis
1624 4975 1890 5021 tenentem
1937 4983 2100 5021 manu

529 5073 643 5113 sua.
680 5059 747 5114 Et
774 5060 1288 5129 reprehendentibus
1331 5075 1421 5115 eas
1448 5060 1764 5129 quibusdam
1800 5069 1856 5114 et
1879 5059 2099 5115 dicenti-

532 5152 635 5208 bus
663 5169 677 5207 :
702 5152 877 5220 Quare
902 5154 1017 5209 haec
1044 5171 1150 5210 non
1177 5155 1423 5209 omnibus
1447 5152 1727 5217 dicebatis,
1753 5152 1847 5206 sed
1874 5153 2098 5205 scanda-

532 5244 792 5300 lizabatur
825 5246 876 5297 in
916 5260 981 5299 eo
1022 5256 1129 5300 tota
1174 5245 1398 5301 civitas?
1426 5244 1743 5299 enarrabant
1764 5243 1873 5311 jam
1900 5242 2101 5309 capitu-

531 5338 664 5401 ltun,
706 5336 845 5404 quod
893 5336 1032 5391 circa
1078 5353 1195 5392 eam
1242 5350 1448 5408 gestum
1478 5345 1581 5404 est,
1611 5350 1730 5403 qua:
1775 5350 1805 5387 a
1836 5334 2101 5388 daemonio

522 5427 866 5482 vexationem
907 5428 1175 5492 sustinuit,
1208 5440 1263 5483 et
1294 5431 1415 5499 quia
1444 5426 1546 5483 hoc
1595 5428 1843 5480 timentes
1887 5426 2103 5480 taceba-

522 5532 670 5572 mus.
698 5516 915 5585 Sepulto
951 5532 1083 5585 ergo
1107 5533 1171 5572 eo
1206 5519 1257 5571 in
1290 5519 1456 5573 multo
1484 5518 1706 5579 honore,
1737 5515 2026 5586 permansit
2055 5514 2101 5567 is

519 5608 618 5678 qui
649 5605 720 5662 ab
743 5621 810 5661 eo
830 5616 1109 5662 correctus
1135 5616 1189 5661 et
1216 5622 1377 5662 sanus
1406 5610 1577 5663 factus
1607 5618 1723 5674 est,
1755 5608 1953 5661 iaciens
1982 5620 2099 5660 me-

522 5698 759 5758 muriam
786 5697 924 5771 ejus.
958 5699 1297 5755 Postmodum
1344 5711 1519 5754 autem
1554 5709 1609 5755 ct
1654 5700 1974 5755 renuntiavit
2003 5716 2103 5753 sa:-

520 5796 679 5866 culo,
729 5796 999 5868 ingressus
1046 5795 1426 5853 monasterium
1469 5794 1673 5852 abbatis
1721 5794 1997 5852 Seridonis
2045 5794 2099 5849 in

2204 4694 2424 4758 sciente,
2448 4691 2682 4761 quinque
2725 4701 2995 4749 nummos,
3018 4692 3073 4738 et
3096 4680 3162 4735 da
3190 4678 3609 4747 eleemosynam.
3639 4678 3780 4734 Sum

2203 4800 2303 4854 ego
2349 4784 2489 4838 enim
2541 4781 2813 4848 trapezita,
2864 4776 3097 4831 domine.
3132 4772 3224 4829 llle
3251 4788 3380 4827 vero
3410 4771 3782 4833 benefacieus,

2202 4879 2365 4949 C(Bpil
2391 4876 2552 4932 furari
2583 4874 2750 4929 denos
2775 4871 2910 4943 (8|).
2946 4869 3075 4924 Erat
3097 4876 3278 4924 autem
3325 4866 3539 4937 quando
3581 4876 3635 4920 et
3661 4865 3776 4919 silio

2202 4987 2379 5041 quam.
2429 4969 2563 5023 Cum
2600 4981 2726 5033 ergo
2750 4964 2971 5017 vidisset
3022 4961 3149 5030 quia
3207 4958 3685 5019 benedicebamur,
3713 4963 3772 5008 et

2203 5061 2399 5116 divitiis
2438 5058 2869 5120 abundabamus,
2903 5052 3067 5120 etrapit
3117 5062 3171 5106 et
3224 5050 3495 5103 tremisses
3519 5045 3774 5114 furari,et

2203 5156 2349 5207 dare.
2369 5149 2540 5206 Semel
2558 5149 2734 5217 itaque
2745 5144 3012 5199 admirans
3025 5139 3422 5196 benedictiones
3437 5137 3545 5202 Dei,
3561 5134 3669 5188 dixi
3682 5137 3736 5187 ei
3758 5153 3772 5186 :

2204 5244 2342 5298 Vere
2385 5243 2602 5295 multum
2650 5237 2981 5309 profuerunt,
3031 5232 3130 5302 ﬁli,
3177 5232 3411 5301 quinque
3450 5226 3651 5283 nummi
3679 5227 3780 5289 illi,

2206 5338 2326 5391 volo
2355 5351 2481 5405 ergo
2512 5343 2567 5387 ut
2591 5334 2688 5388 des
2715 5332 2922 5386 decem.
2954 5327 3107 5381 Tunc
3129 5325 3259 5379 dicit
3280 5323 3410 5377 mihi
3435 5331 3491 5377 et
3517 5335 3649 5390 puer
3692 5335 3785 5372 su-

2209 5430 2466 5486 bridendo
2498 5446 2513 5483 :
2544 5426 2711 5489 Vade,
2738 5440 2832 5480 ora
2876 5421 3030 5477 furtis
3067 5420 3224 5475 meis.
3274 5418 3407 5473 Nam
3452 5432 3579 5472 vere
3624 5415 3787 5469 hodie

2207 5537 2313 5577 non
2344 5521 2659 5574 haberemus
2686 5529 2843 5583 quem
2868 5510 3339 5565 manducassemus
3366 5506 3704 5576 panem.Sed
3734 5506 3787 5559 si

2206 5624 2288 5668 est
2333 5612 2415 5667 fur
2455 5612 2651 5680 justus,
2681 5623 2781 5677 ego
2810 5620 2948 5660 sum.
2978 5602 3129 5657 Tunc
3154 5617 3283 5671 ergo
3328 5601 3495 5665 dixit,
3526 5600 3785 5669 quoniam

2208 5704 2471 5759 tretnissia
2500 5701 2660 5755 dabat
2706 5706 2760 5753 et
2784 5698 3009 5765 siliquas
3052 5696 3236 5758 etiam,
3267 5707 3333 5746 cx
3368 5692 3471 5747 fide
3501 5692 3666 5755 illius,
3696 5704 3788 5744 as-

2209 5795 2378 5861 suevi,
2404 5795 2636 5853 domine.
2671 5791 2737 5847 de
2764 5791 2940 5845 animo
2969 5786 3117 5843 dare.
3146 5785 3461 5843 Aiditicatus
3507 5799 3635 5854 ergo
3661 5797 3785 5837 sau-
