4016 6216
227 344 340 401 373

1197 342 1355 399 VITA
1392 340 1636 400 SANCTI
1677 340 1964 397 JOANNIS
2007 342 2582 399 ELEEMOSYNARII.
3410 343 3513 400 574

224 468 348 515 ctus
377 455 587 522 valde,
612 457 748 513 dixit
796 457 859 510 ad
891 471 1014 513 eum
1042 474 1057 517 ;
1089 456 1263 513 Crede
1293 456 1445 520 mihi,
1478 457 1671 523 multas
1711 469 1841 510 con-
1868 459 1921 513 Λ
1948 470 2045 509 nos
2087 457 2257 518 lictor,
2289 466 2341 509 et
2396 465 2611 525 peccato
2643 462 2709 509 et'
2748 454 3105 510 inobcdientia
3128 456 3381 527 deceptos
3409 458 3517 511 ite-

228 551 592 606 versationes
653 550 865 603 Patrum
890 549 1015 619 legi,
1048 549 1152 603 tale
1175 548 1373 616 aliquid
1405 564 1508 602 non
1530 545 1733 603 audivi.

296 641 444 696 CAP.
478 639 1117 696 XXXVlll.—Malitiam
1141 646 1503 694 reservantem
1556 636 1841 707 quemdam

230 730 574 799 illustrium,
608 739 799 785 contra
825 730 987 784 alium
1018 729 1337 798 principem,
1365 728 1585 783 audiens
1614 727 1703 784 hic
1731 742 1841 781 ma-

230 839 370 897 gnus
400 824 681 889 Joannes,
714 823 923 877 monuit
970 837 1091 877 eum
1121 837 1283 892 saepe,
1315 830 1369 877 et
1396 820 1563 876 suasit
1599 820 1665 875 ad
1708 835 1840 875 con-

229 916 515 987 cordiam,
547 930 606 977 et
665 933 771 974 non
820 916 992 984 potuit
1018 929 1138 969 eum
1196 924 1510 969 convertere
1539 913 1604 967 ad
1633 927 1839 982 pacem.

233 1008 417 1064 Semel
448 1026 595 1083 ergo
613 1011 778 1066 mittit
807 1019 863 1064 et
889 1005 1106 1062 adducit
1135 1020 1257 1061 eum
1306 1014 1541 1069 sanctus,
1572 1003 1720 1073 quasi
1744 1017 1841 1071 pro

237 1115 297 1157 re
333 1102 573 1171 publica
598 1121 612 1155 :
637 1112 691 1158 et
719 1100 851 1157 facit
901 1099 1094 1153 missas
1139 1096 1193 1150 in
1233 1096 1468 1151 oratorio
1488 1110 1604 1159 suo,
1634 1094 1837 1147 nullum

239 1191 454 1248 habens
483 1192 594 1249 nisi
640 1192 943 1247 ministrum
975 1202 1129 1243 suum
1161 1184 1300 1256 (82).
1334 1186 1463 1241 Cum
1494 1200 1625 1255 ergo
1654 1193 1837 1239 sancta

242 1286 631 1343 benedixisset
651 1283 973 1356 patriarcha,
1002 1290 1056 1336 et
1084 1280 1377 1335 orationem
1408 1278 1736 1332 Dominicam
1760 1276 1841 1332 in-

241 1378 528 1444 choasset,
559 1385 838 1448 coeperunt
864 1376 1044 1431 dicere
1065 1383 1173 1428 tres
1205 1381 1406 1426 tantum
1435 1371 1531 1437 illi,
1563 1370 1723 1425 Pater
1747 1384 1843 1423 no-

246 1478 380 1524 ster.
412 1468 487 1524 Et
512 1483 639 1524 cum
668 1465 1008 1537 pervenisset
1036 1462 1102 1518 ad
1132 1476 1453 1527 sermonem,
1484 1475 1591 1530 quo
1617 1460 1836 1524 dicitur,

252 1560 479 1617 Dimitte
507 1559 668 1617 nobis
693 1558 868 1613 debita
895 1562 1098 1617 nostra,
1126 1554 1263 1608 sicut
1296 1559 1350 1607 et
1377 1565 1473 1606 nos
1522 1549 1841 1604 dimittimus

258 1650 593 1708 debitoribus
618 1649 837 1713 nostris,
868 1644 1041 1702 innuit
1089 1643 1385 1699 domestico
1436 1643 1758 1712 patriarcha,
1786 1651 1844 1696 ut

268 1754 483 1804 taceret.
506 1743 670 1802 Siluit
710 1757 840 1811 ergo
860 1752 915 1795 et
956 1737 1281 1808 patriarcha,
1308 1744 1363 1791 et
1388 1736 1647 1790 remansit
1698 1735 1841 1803 prin-

1945 562 2063 601 rum
2092 547 2391 611 vivificavit,
2416 560 2469 601 et
2498 549 2659 618 200
2703 547 2917 616 proprio
2941 547 3199 617 sanguine
3226 549 3454 604 redemit
3484 565 3515 603 a

1945 651 2138 707 morte,
2169 648 2225 696 et
2250 656 2462 695 omnem
2523 651 2719 695 terrain
2751 649 2804 693 et
2834 640 3004 708 ipsum
3034 639 3228 695 coelum
3256 640 3311 693 in
3338 639 3518 695 obse—

1944 734 2125 803 quium
2165 733 2435 788 hominum
2489 732 2742 800 subdidit,
2767 732 2859 788 sed
2882 716 2937 785 et
2962 746 3100 787 nunc
3137 730 3369 801 qualiter
3396 744 3524 799 perc

1942 834 2126 879 cantes
2142 841 2245 880 non
2265 824 2504 895 dissipat,
2523 825 2615 881 sed
2645 823 3017 895 longanimiter
3042 823 3211 894 magis
3236 830 3519 892 exspectat

1943 916 2229 972 immobilis
2252 916 2340 971 illa
2369 928 2576 982 natura,
2599 926 2655 971 et
2680 917 2888 984 patiens
2916 916 3004 971 ille
3038 915 3247 977 oculus,
3270 924 3325 969 et
3350 913 3506 969 nobis

1943 1008 2253 1080 plerumque
2282 1009 2771 1079 blasphemantibus
2788 1010 2902 1081 ipse
2922 1010 3230 1065 consolatur
3255 1018 3311 1065 et
3360 1008 3517 1063 blan-

1942 1099 2085 1153 ditur
2111 1114 2204 1167 per
2233 1100 2624 1157 miserationem
2655 1102 3121 1167 suam,desursum
3150 1101 3354 1171 pluvias
3385 1114 3516 1170 pro-

1942 1198 2062 1257 pter
2090 1191 2252 1244 vitam
2308 1201 2543 1245 nostram
2574 1192 2833 1258 tribuens,
2860 1202 3088 1261 quantos
3132 1191 3303 1246 malos
3328 1206 3521 1260 opera-

1941 1281 2073 1346 rios,
2106 1291 2385 1352 pergentes
2408 1294 2465 1338 ut
2492 1284 2737 1339 occidant
2758 1294 2848 1337 aut
2877 1284 3137 1347 furentur,
3168 1283 3299 1354 tegit
3331 1291 3388 1337 et
3412 1297 3519 1336 non

1944 1371 2127 1439 tradit,
2156 1386 2224 1428 ne
2252 1375 2529 1443 capiantur
2552 1383 2606 1429 et
2632 1375 2951 1443 puniantur?
2981 1383 3209 1443 quantos
3228 1372 3517 1428 existentes

1943 1467 1999 1521 in
2019 1467 2242 1523 navibus
2273 1468 2324 1523 in
2350 1469 2554 1540 pelago,
2589 1478 2646 1523 ut
2672 1469 2976 1539 prtedentur
2994 1471 3272 1525 obviantes
3295 1470 3394 1524 sibi
3425 1485 3519 1523 na-

1942 1574 2060 1626 ves,
2102 1568 2155 1615 et
2200 1559 2444 1615 occidant
2481 1561 2570 1631 qui
2621 1561 2673 1615 in
2712 1561 2791 1615 eis
2848 1570 2993 1627 sunt,
3027 1576 3132 1614 non
3180 1560 3437 1629 permittit
3466 1560 3519 1613 in

1945 1651 2258 1719 profundum
2290 1650 2549 1719 demergi,
2580 1651 2673 1704 sed
2718 1651 2943 1720 imperat
2974 1650 3104 1704 mari
3131 1665 3199 1704 ne
3238 1649 3523 1704 absorbent

1944 1754 2078 1806 eos,
2133 1752 2450 1810 exspectans
2511 1742 2915 1796 conversionem
2981 1741 3198 1795 malitia:
3244 1740 3522 1810 ipsorum?

267 1851 390 1906 eeps
429 1836 599 1905 solus,
630 1834 815 1890 dicens
842 1846 1054 1887 versum
1088 1845 1103 1882 :
1135 1828 1346 1883 Dimitte
1390 1826 1573 1894 nobis,
1598 1829 1739 1882 sicut
1786 1837 1841 1882 et
1872 1835 1920 1894 Β
1950 1829 2133 1899 quanti
2184 1830 2425 1901 pejorant
2487 1845 2684 1901 corpus
2748 1829 2862 1903 (85)
2911 1838 2968 1886 et
3027 1830 3340 1900 sanguinem
3406 1830 3525 1900 ejus

259 1945 359 1987 nos
386 1930 726 1986 dimittimus.
755 1927 823 1981 Et
846 1924 1027 1980 statim
1057 1937 1345 1977 conversus
1367 1930 1603 1988 sanctus,
1637 1920 1767 1975 dicit
1787 1920 1845 1975 ei

254 2031 550 2076 mansueta
570 2034 703 2075 voce
724 2036 740 2072 :
765 2017 894 2072 Vide
914 2016 967 2069 in
988 2016 1129 2085 qttali
1156 2013 1378 2069 terribili
1403 2013 1531 2067 hora
1585 2012 1712 2083 quid
1758 2012 1839 2068 di-

254 2127 359 2167 cas
390 2113 506 2168 Deo
528 2127 547 2165 :
573 2110 826 2178 Quoniam
876 2108 1007 2162 sicut
1064 2120 1162 2174 ego
1210 2105 1439 2168 dimitto,
1475 2104 1544 2157 ita
1576 2112 1630 2157 et
1677 2112 1731 2157 tu
1761 2104 1843 2157 di-

262 2205 433 2259 mitte
477 2203 629 2258 mihi.
656 2202 922 2271 Tanquam
972 2199 1036 2253 ab
1087 2199 1211 2266 igne
1236 2198 1415 2252 statim
1447 2198 1740 2252 cruciatum
1763 2196 1842 2250 fe-

265 2309 405 2349 rens
433 2293 715 2362 przedictus
761 2290 1302 2360 princeps,ceciditin
1349 2290 1535 2343 faciem
1566 2290 1631 2343 ad
1682 2287 1842 2355 pedes

261 2385 466 2448 sancti,
513 2383 697 2437 dicens
730 2399 745 2436 :
772 2381 1101 2448 Quaecunque
1130 2380 1377 2449 jusseris,
1410 2380 1649 2445 domine,
1682 2379 1841 2436 laciet

259 2488 454 2529 servus
486 2483 629 2527 tuus.
658 2471 724 2525 Et
750 2471 1118 2526 reconciliatus
1138 2481 1220 2526 est
1247 2472 1463 2529 inimico
1493 2486 1592 2527 suo
1614 2487 1682 2526 ex
1712 2482 1835 2527 tunc

266 2579 388 2619 cum
419 2563 569 2617 omni
594 2561 836 2616 veritate.
1798 2580 1801 2585 ν

334 2674 459 2730 οη.
476 2674 1091 2745 XXXIX—Superbum
1120 2685 1293 2731 autem
1316 2676 1358 2731 si
1373 2676 1584 2732 videbat
1605 2676 1837 2747 aliquem

272 2770 480 2837 beatus,
508 2770 650 2823 hunc
673 2764 884 2839 quidem
917 2786 1021 2824 non
1049 2776 1301 2841 arguebat
1332 2772 1384 2825 in
1416 2768 1553 2826 facie
1584 2788 1597 2824 :
1627 2771 1839 2841 quando

278 2870 453 2914 autem
474 2874 593 2915 eum
613 2860 664 2914 in
692 2869 904 2915 secreto
933 2876 1031 2916 suo
1062 2862 1338 2916 sedentem
1380 2861 1611 2927 videbat,
1644 2862 1839 2917 affere-

286 2949 378 3004 bat
402 2949 471 3006 de
488 2948 775 3006 humilitate
801 2966 1102 3017 sermones,
1124 2961 1183 3006 ut
1205 2968 1296 3022 per
1341 2955 1443 3007 tale
1470 2954 1839 3023 magisterium

291 3039 486 3095 sensim
538 3052 838 3112 percuteret
865 3043 1178 3111 superbum,
1205 3054 1256 3097 et
1284 3044 1582 3098 modestum
1620 3046 1839 3113 faceret,

288 3134 462 3187 dicens
488 3132 596 3189 ita:
626 3133 805 3201 Miror,
839 3135 1184 3201 dominimei,
1216 3137 1482 3202 quomodo
1513 3152 1615 3191 non
1666 3152 1842 3192 recor-

1945 1932 2384 1990 sacrosanctum,
2433 1932 2490 1979 et
2560 1924 2759 1993 patitur
2816 1932 2869 1979 et
2933 1923 3309 1995 longanimiter
3372 1922 3522 1993 agit,

1945 2028 2050 2069 non
2104 2015 2332 2070 reddens
2384 2017 2462 2070 eis
2492 2015 2580 2071 hic
2623 2015 2820 2085 aliquid
2860 2015 3115 2071 difﬁcile?
3175 2024 3403 2087 quantos
3470 2016 3521 2067 in

1944 2104 2137 2161 itinere
2183 2106 2580 2171 latrocinantes,
2608 2120 2714 2160 non
2746 2106 2906 2161 tradit
2959 2108 3013 2161 in
3067 2107 3243 2162 cibum
3301 2108 3522 2162 obviao-

1944 2196 2089 2251 tibus
2158 2197 2261 2252 sibi
2316 2197 2539 2251 beStiis?
2603 2212 2833 2268 quantos
2907 2208 3098 2254 euntes
3167 2198 3223 2254 in
3287 2213 3518 2253 concava

1944 2302 2229 2355 terrarum,
2254 2302 2307 2346 et
2330 2290 2579 2345 itinerum
2602 2291 2897 2347 seditiones
2920 2298 3236 2362 operantes,
3265 2290 3517 2361 protegit,

1942 2394 2004 2437 ut
2032 2396 2137 2437 non
2177 2390 2565 2437 consumantur
2608 2397 2641 2435 a
2682 2382 3103 2437 custodientibus
3159 2381 3402 2448 canibus,
3433 2381 3515 2435 vel

1943 2478 2103 2528 etiam
2126 2472 2471 2527 hominibus?
2492 2473 2559 2527 Et
2582 2472 2950 2528 meinterdum
2981 2483 3072 2527 aut
3091 2486 3213 2527 cum
3236 2474 3515 2528 meretrice

1942 2565 2304 2634 recumbente,
2327 2577 2417 2620 aut
2443 2580 2564 2621 cum
2619 2564 2702 2621 his
2731 2567 2823 2637 qui
2864 2581 2924 2622 se
2954 2566 3249 2636 inebriant,
3278 2576 3370 2621 aut
3399 2583 3518 2622 cum

1944 2661 2117 2730 turpia
2161 2660 2497 2730 loquentibus
2517 2670 2896 2726 conversante,
2924 2669 3017 2716 aut
3056 2669 3251 2717 cancro
3280 2661 3518 2731 quolibet

1942 2753 2303 2823 saeculihujus
2334 2753 2604 2824 implicato
2630 2764 2868 2825 peccato,
2898 2757 3015 2825 apis
3040 2754 3254 2824 quidem
3277 2757 3509 2810 circnm-

1943 2846 2135 2913 fertur,
2163 2856 2217 2901 et
2246 2847 2411 2900 valles
2437 2857 2489 2900 et
2519 2847 2700 2900 alveos
2727 2848 2937 2913 circuit,
2968 2863 3214 2919 quaerens
3257 2849 3510 2916 colligere

1945 2939 2197 3005 lructum,
2223 2951 2277 2993 ut
2304 2939 2460 2994 dulce
2512 2937 2674 2995 faciat
2720 2941 2850 2994 mihi
2898 2951 3100 3010 guttur,
3130 2947 3270 3011 quod
3298 2941 3439 2997 foeda
3465 2953 3519 2996 et

1945 3031 2124 3101 iniqua
2175 3034 2513 3101 pronuntiat;
2547 3049 2649 3087 uva
2692 3045 2870 3088 autem
2905 3034 3121 3088 festinat
3147 3051 3243 3104 per
3284 3037 3519 3092 calorem

1948 3124 2222 3189 maturari,
2254 3133 2311 3179 ut
2355 3125 2559 3193 repleat
2584 3141 2645 3180 os
2675 3136 2729 3180 et
2750 3126 3007 3216 .lzetillcet
3032 3143 3146 3196 cor,
3177 3128 3318 3199 quod
3354 3128 3517 3184 facto.

278 3225 425 3280 datur
454 3229 644 3282 misera
672 3229 847 3283 anima
872 3243 988 3282 mea
1013 3228 1324 3282 humilitatis
1351 3245 1469 3298 quae
1499 3229 1843 3285 demonstra-

1951 3232 2064 3272 rem
2127 3232 2280 3271 suum
2334 3208 2887 3287 pr:evaricatum'est.
2940 3218 3127 3275 Flores
3181 3220 3407 3276 invicem
3460 3240 3518 3276 se

274 3318 342 3372 vit
368 3319 523 3376 nobis
553 3336 718 3390 super
740 3329 937 3375 terram
970 3336 1229 3390 apparere
1275 3320 1471 3376 Filium
1498 3321 1612 3386 Dei,
1637 3322 1729 3376 sed
1764 3320 1845 3374 in-

274 3422 511 3467 tumesco
562 3420 617 3467 et
668 3414 898 3469 extollor
943 3428 1103 3483 super
1132 3412 1351 3468 fratrem
1396 3428 1593 3476 meum,
1625 3412 1670 3466 si
1699 3412 1850 3467 fuero

279 3503 539 3558 modicum
570 3514 663 3558 aut
684 3504 957 3574 pulchrior
987 3504 1387 3570 eo,autditior,
1421 3512 1513 3557 aut
1534 3503 1845 3574 gloriosior,

276 3606 358 3650 aut
385 3596 745 3669 principatum
767 3597 927 3652 ofllcii
954 3598 1321 3667 cujuscunque
1341 3596 1601 3660 habuero,
1636 3613 1739 3652 non
1764 3597 1847 3651 in-

275 3690 517 3760 telligens
567 3691 799 3745 divinam
844 3705 1196 3758 voeem,qu:e
1243 3689 1411 3744 dicit:
1445 3689 1641 3745 Discite
1688 3704 1718 3743 a
1764 3705 1849 3745 me

276 3783 388 3851 quia
405 3782 553 3836 mitis
576 3796 695 3836 sum
723 3790 776 3839 et
800 3781 1014 3837 humilis
1026 3782 1208 3847 corde,
1227 3790 1283 3836 et
1303 3781 1583 3835 invenietis
1610 3780 1848 3850 requiem

272 3876 554 3931 animabus
580 3876 772 3931 veStris
801 3875 1018 3946 (Manli.
1040 3873 1147 3944 xi);
1171 3889 1344 3944 neque
1364 3885 1667 3929 sanctorum
1691 3889 1851 3930 voces

272 3967 534 4035 cogitans,
558 3965 807 4034 quoniam
861 3964 1075 4035 quidam
1106 3974 1301 4020 terram
1343 3963 1498 4034 (Gen.
1530 3963 1711 4031 xvnt),
1734 3964 1852 4034 qui-

273 4063 392 4112 dam
446 4057 730 4123 cinerem,
763 4056 977 4126 quidam
1032 4072 1266 4111 vermem
1319 4065 1375 4111 et
1424 4072 1528 4111 non
1582 4054 1850 4110 hominem

280 4146 443 4217 (Ρωι.
493 4148 887 4218 ut),quidam
947 4156 1038 4202 aut
1084 4147 1433 4216 impeditioris
1497 4156 1553 4203 et
1607 4147 1854 4203 tardioris

284 4237 461 4307 lingua.-
513 4238 713 4311 (Exod.
765 4240 840 4310 tv)
888 4253 947 4295 se
997 4240 1381 4294 nominabant:
1413 4248 1468 4294 et
1514 4240 1634 4309 quia
1667 4239 1859 4307 Isaias,

280 4334 489 4402 quando
525 4334 690 4388 Deum
712 4333 896 4388 videre
921 4333 1133 4400 meruit,
1151 4341 1206 4386 ut
1232 4334 1375 4401 capit
1403 4333 1584 4398 homo,
1612 4340 1737 4386 tunc
1758 4332 1857 4386 im-

279 4426 471 4481 munda
502 4425 636 4480 labia
687 4440 747 4480 se
775 4425 971 4481 habere
1016 4423 1378 4494 pronuntiavit
1422 4423 1559 4493 (lsa.
1587 4422 1688 4494 vi).
1716 4424 1854 4492 Quid

279 4518 414 4572 enim
444 4528 502 4573 et
529 4532 648 4571 sum
678 4516 929 4570 humilis?
947 4516 1133 4572 Nonne
1150 4516 1217 4571 de
1244 4516 1355 4570 luto
1375 4515 1528 4569 lictus
1549 4530 1688 4581 sum,
1717 4517 1857 4571 unde

1950 3318 2348 3378 praeoccupant,
2374 3320 2431 3364 ut
2479 3310 2745 3366 delectent
2793 3312 2999 3377 oculos,
3030 3313 3120 3381 qui
3150 3312 3523 3371 fornicationi-

1951 3400 2051 3455 bus
2077 3409 2132 3455 et
2156 3402 2343 3456 alienis
2382 3402 2691 3458 mulieribus
2725 3403 2790 3457 ad
2810 3406 3343 3464 luxuriaminnuunt.
3365 3407 3520 3462 Ficus

1951 3494 2190 3549 turbatur
2212 3496 2351 3564 (δι),
2378 3503 2643 3564 quatenus
2673 3498 2967 3565 perveniat,
2993 3512 3051 3552 ut
3079 3500 3281 3568 repleat
3310 3516 3520 3553 manum

1951 3601 2047 3656 per
2069 3585 2508 3655 magnitudinem,
2532 3594 2587 3641 et
2616 3602 2678 3640 os
2708 3602 2804 3655 per
2832 3587 3188 3651 dulcedinem,
3214 3590 3355 3657 quod
3380 3600 3524 3644 tenet

1952 3686 2007 3733 et
2064 3677 2233 3732 basiat
2277 3678 2504 3733 alienam
2566 3679 2871 3733 mulierem.
2919 3680 3070 3734 Talia
3116 3696 3283 3750 ergo,
3334 3683 3526 3753 inquit,

1952 3786 2114 3841 opera
2133 3770 2327 3824 fratres
2353 3779 2592 3840 agentes,
2619 3780 2673 3827 et
2706 3772 2839 3827 tales
2869 3772 3247 3829 retributiones
3266 3776 3526 3845 recipien-

1954 3872 2035 3917 tes
2060 3876 2089 3915 a
2118 3862 2344 3933 benigno
2371 3862 2481 3918 Deo
2500 3901 2516 3927 ,
2548 3863 2759 3932 qualem
2791 3864 3147 3919 debueramus
3176 3866 3374 3923 habere
3403 3882 3525 3936 prn-

1953 3954 2632 4023 dentiam,considerantes
2675 3958 3017 4014 novissimam
3048 3970 3282 4016 nostram
3319 3968 3375 4015 et
3404 3961 3528 4014 hor-

1955 4050 2175 4107 rendam
2199 4050 2418 4106 horam?
2441 4051 2658 4106 Multum
2688 4054 2829 4107 enim
2859 4053 2927 4109 de
2953 4056 3206 4111 memoria
3238 4055 3425 4110 mortis
3475 4069 3529 4110 et

1957 4145 2104 4199 exitu
2160 4143 2351 4198 anima:
2404 4144 2708 4212 disiiutabat
2746 4161 2960 4213 semper
3004 4147 3093 4203 ille
3136 4147 3344 4215 beatus,
3371 4151 3441 4202 ita
3475 4161 3532 4203 ut

1958 4235 2267 4306 frequenter
2296 4237 2510 4307 quidam
2534 4237 2600 4291 ad
2630 4254 2751 4292 eum
2779 4238 3014 4310 superbo
3056 4239 3331 4295 schemate
3366 4241 3533 4295 inna-

1957 4339 2078 4385 rent
2096 4339 2149 4385 et
2170 4328 2365 4386 ridenti
2394 4330 2570 4396 vultu,
2597 4341 2651 4387 et
2691 4332 3089 4389 inconsiderato
3109 4334 3297 4401 oculo;
3342 4343 3398 4389 et
3426 4335 3534 4389 exi-

1960 4431 2081 4477 rent
2111 4423 2296 4478 humili
2324 4438 2495 4490 more,
2522 4434 2576 4479 et
2601 4435 2915 4493 compuncta
2945 4424 3174 4492 facie,et
3194 4426 3533 4498 lacrymanti-

1961 4515 2060 4570 bus
2078 4517 2267 4571 oculis.
2294 4516 2517 4586 Propter
2537 4516 2677 4585 quod
2705 4526 2759 4571 et
2786 4516 2997 4571 dicebat
3027 4518 3194 4584 :Quia
3220 4520 3300 4591 (ut
3327 4520 3536 4575 aastimo

285 4620 403 4666 sunt
446 4620 503 4666 et
551 4608 785 4664 lateres?
814 4609 999 4664 Nonne
1049 4625 1263 4665 omnem
1306 4624 1462 4678 quam
1493 4619 1621 4679 puto
1652 4609 1851 4664 habere
1887 4595 1935 4654 D
1960 4620 2059 4674 ego
2099 4606 2335 4675 humilis)
2365 4605 2565 4661 sufﬁcit
2593 4606 2660 4661 ad
2708 4607 2936 4661 salutem
2964 4608 3178 4663 assidue
3216 4618 3270 4664 et
3288 4608 3531 4664 dolenter

285 4701 524 4769 gloriam,
551 4711 608 4755 ut
630 4702 727 4755 llos
753 4697 1328 4769 fmnimarcescitUsa.
1359 4699 1486 4769 xc)?
1517 4698 1611 4754 His
1642 4715 1770 4770 ergo
1799 4708 1851 4755 et

290 4791 607 4863 huiusmodi,
634 4800 689 4847 et
737 4792 854 4845 aliis
894 4793 1129 4862 pluribus
1172 4792 1349 4848 verbis
1397 4792 1849 4861 sapientissimus,

284 4885 425 4953 quasi
452 4884 521 4938 de
547 4897 606 4937 se
627 4882 834 4947 dicens,
858 4898 978 4936 eum
1005 4882 1090 4951 qui
1120 4882 1428 4952 languorem
1457 4881 1745 4936 inﬂationis
1800 4891 1855 4936 et

280 4976 543 5044 superbia:
568 4975 796 5030 habebat
818 4975 1056 5029 cauterio
1080 4975 1423 5039 comburens,
1456 4975 1705 5042 proderat
1733 4974 1853 5044 ejus

284 5070 493 5123 anima).
521 5066 854 5135 lntelligebat
883 5067 1023 5120 enim
1072 5064 1116 5119 is
1144 5066 1233 5133 qui
1255 5064 1405 5120 ulcus
1436 5064 1664 5120 habebat
1712 5065 1854 5136 quod

283 5160 348 5215 de
366 5175 432 5215 eo
460 5158 765 5229 patriarcha
790 5158 903 5212 haec
929 5157 1213 5210 intimaret.

350 5248 482 5304 Cn.
510 5249 626 5304 XL.
653 5279 721 5288 —
749 5248 815 5302 Et
847 5250 947 5302 hoc
974 5245 1283 5317 frequenter
1313 5246 1402 5301 ille
1427 5263 1456 5302 a
1484 5248 1595 5303 Deo
1619 5248 1855 5303 honnra-

289 5349 393 5405 tus,
414 5341 671 5397 afferebat
697 5340 750 5395 in
775 5330 1026 5402 medium,
1049 5339 1112 5393 ad
1137 5337 1447 5393 humilitatis
1463 5352 1854 5409 argumentum,

289 5432 508 5489 dicens:
540 5432 694 5501 Quod
751 5431 795 5487 si
850 5431 1343 5487 considerassemns
1373 5441 1427 5486 et
1472 5434 1853 5501 cogitassemns

294 5524 382 5581 Dei
402 5526 525 5595 erga
553 5540 648 5580 nos
672 5524 1092 5581 misericordiam
1116 5532 1169 5577 et
1191 5522 1502 5589 bonitatem,
1528 5539 1625 5578 nec
1657 5525 1709 5579 in
1748 5540 1857 5580 coe-

291 5612 369 5668 los
395 5616 800 5670 sublevaremus
852 5616 1032 5670 oculos
1054 5624 1291 5684 nostros,
1323 5615 1414 5670 sed
1437 5628 1651 5685 semper
1678 5617 1729 5671 in
1759 5618 1857 5672 hu-

289 5708 399 5763 mili
427 5708 609 5764 habitu
639 5724 700 5763 ac
718 5708 992 5779 prudentia
1023 5710 1353 5779 degeremus.
1380 5710 1445 5765 Ut
1467 5712 1609 5766 enim
1636 5721 1854 5780 prmter-

291 5815 430 5866 eam,
475 5799 707 5866 qualiter
758 5817 862 5856 non
911 5802 1201 5857 existentes
1242 5816 1293 5857 ut
1340 5821 1578 5860 essemus
1610 5805 1859 5873 produxit

1959 4698 2215 4768 cogitare,
2234 4706 2289 4752 et
2311 4697 2725 4752 sollicitudinem
2749 4696 2947 4752 habere
2974 4699 3041 4752 de
3066 4708 3255 4763 morte,
3280 4700 3530 4768 quoniam

1961 4806 2120 4846 nemo
2157 4790 2313 4845 nobis
2343 4791 2397 4843 in
2443 4790 2531 4844 illa
2560 4791 2689 4844 hora
2722 4792 3092 4861 compatietnr,
3113 4802 3204 4845 aut
3255 4792 3535 4846 comitabi-

1961 4891 2049 4938 tur
2074 4898 2139 4938 ex
2158 4882 2264 4936 vita
2292 4882 2417 4947 ista,
2444 4882 2543 4936 nisi
2573 4897 2732 4951 opera
2764 4883 2903 4937 bona
2930 4892 3129 4936 nostra.
3166 4881 3230 4935 Et
3267 4884 3532 4951 quomodo

1962 4974 2169 5045 angelis
2198 4974 2529 5029 venientibus
2559 4986 2611 5028 et
2662 4974 3072 5043 properantibus
3122 4975 3361 5029 turbatur
3408 4984 3533 5030 tunc

1964 5067 2163 5131 anima,
2190 5066 2235 5119 si
2269 5064 2480 5119 inventa
2530 5079 2635 5118 non
2684 5064 2848 5119 fuerit
2886 5066 3216 5133 praeparata?
3266 5068 3535 5137 quomodo

1960 5157 2422 5227 rogatutaddatur
2441 5157 2542 5211 sibi
2566 5156 2832 5211 modicum
2863 5165 3074 5226 tempus
3088 5158 3227 5223 vitae,
3246 5160 3489 5215 etaudiet
3516 5176 3532 5215 :

1960 5250 2096 5317 Quid
2149 5252 2340 5305 enim?
2384 5252 2615 5321 Tempus
2662 5249 2805 5320 quod
2856 5252 3073 5319 vixisti,
3106 5251 3243 5309 bene
3286 5267 3537 5310 consum-

1960 5343 2157 5412 psisti?
2200 5344 2265 5399 Et
2294 5344 2484 5399 iterum
2533 5343 2743 5398 dicebat
2789 5354 3037 5414 tanquam
3092 5344 3159 5401 de
3205 5346 3533 5417 semetipso:

1960 5434 2256 5501 Quomodo,
2289 5435 2505 5490 humilis
2532 5435 2793 5504 Joannes,
2820 5437 3048 5494 transire
3097 5443 3296 5508 poteris
3336 5439 3536 5494 bestias

1958 5528 2255 5583 arundineti
2292 5527 2464 5597 (Psal.
2498 5529 2681 5600 vatr),
2708 5530 2919 5597 quando
2950 5530 3240 5586 obviabunt
3282 5531 3377 5586 tibi
3403 5547 3531 5585 exa-

1959 5620 2173 5674 ctores?
2204 5618 2296 5673 Va:
2320 5619 2494 5687 qualis
2525 5620 2682 5674 timor
2710 5630 2764 5675 et
2792 5629 2991 5677 tremor
3047 5621 3254 5676 obtinet
3298 5621 3529 5673 animam

1962 5721 2086 5765 tunc
2139 5711 2398 5765 rationem
2429 5722 2736 5780 ponentem,
2767 5713 2926 5765 tantis
2974 5711 3387 5779 exquisitoribus
3424 5719 3532 5761 tam

1962 5805 2157 5859 amaris
2188 5815 2239 5861 ct
2266 5804 2811 5860 immisericordibns?
2853 5803 3057 5858 Etenim
3112 5810 3324 5856 sanctus
3351 5799 3555 5855 istoin.
