4016 6216
411 337 516 395 575

1440 339 1527 393 DE
1570 337 1750 394 VITIS
1790 336 2068 392 PATBUM
2101 336 2304 391 LIBER
2345 335 2620 392 PRIMUS.

3548 336 3649 393 5Ἷῦ

409 454 666 515 memoria
688 467 897 527 semper
937 456 1200 510 retinebat
1228 453 1365 524 quod
1394 463 1577 507 sancto
1631 453 1855 518 Simoni,
1891 452 1978 520 qui
2009 457 2055 512 A
2085 452 2287 519 scopio.
2330 448 2506 504 Semel
2537 461 2667 516 ergo
2694 456 2745 503 et
2791 448 2870 502 bis
2913 448 3038 502 fecit
3087 449 3186 502 hoc
3225 449 3391 516 ipsum
3433 451 3656 509 schema

415 551 468 602 in
497 548 760 608 columnis
787 550 933 604 stetit
972 549 1112 618 (85).
1140 564 1232 616 per
1263 548 1640 602 revelationem
1673 546 1868 600 factmn
1898 557 1979 601 est

415 646 599 692 notum
635 655 649 692 :
679 639 810 706 Quia
843 639 920 711 (ut
946 640 1039 708 ait)
1090 647 1316 693 exeunte
1344 639 1519 691 anima
1549 652 1580 690 e
1610 651 1854 704 corpore,
1878 637 1978 688 ob-

413 729 560 783 viant
586 729 634 784 ei
663 743 782 784 cum
809 730 1108 784 ascenderit
1133 744 1163 782 a
1194 739 1332 784 terra
1361 729 1410 781 in
1442 729 1658 792 omium,
1685 729 1833 783 chori
1867 729 1978 781 (ιν-

413 835 652 886 monum,
666 823 857 892 singuli
871 824 921 876 in
941 822 1152 890 proprio
1167 821 1373 876 ordine.
1393 821 1583 875 Obviat
1605 821 1650 875 ei
1664 821 1857 875 chorus
1872 821 1982 874 dte-

416 915 715 968 monlorum
743 913 1028 981 superbiae,
1061 913 1342 982 investigat
1369 929 1509 985 eam,
1532 914 1576 966 si
1608 914 1799 968 habeat
1816 928 1979 981 opera

414 1019 622 1058 eorum.
636 1004 1028 1067 Obviatcltorus
1039 1004 1314 1073 spirituum
1327 1005 1696 1059 detractionis:
1718 1005 1981 1074 aspiciunt

412 1097 460 1152 si
490 1098 698 1167 quando
744 1098 985 1156 oblocuta
1016 1098 1104 1169 sit,
1134 1107 1188 1153 et
1234 1099 1602 1168 paenitentiam
1654 1114 1756 1151 non
1791 1097 1976 1167 egerit.

418 1189 645 1245 Obviant
705 1191 895 1248 iterum
946 1192 1192 1258 superius
1245 1193 1515 1246 dtemOnes
1563 1189 1971 1248 fornicationis:

415 1289 718 1335 scrutantur
739 1281 784 1336 si
805 1287 1184 1349 recognoscant
1240 1282 1290 1335 in
1315 1297 1375 1336 ea
1408 1282 1708 1348 Voluptates
1736 1295 1876 1334 suas.
1913 1280 1981 1333 Et

412 1369 622 1440 quando
641 1385 672 1424 a
699 1379 838 1425 terra
865 1387 1032 1440 usque
1071 1372 1138 1425 ad
1163 1371 1355 1430 ctelum
1387 1372 1581 1427 misera
1629 1373 1803 1425 anima
1834 1372 1978 1438 posi-

412 1469 528 1514 tura
558 1461 814 1515 rationem
847 1461 1169 1528 pervenerit,
1212 1476 1451 1524 seorsum
1481 1461 1547 1516 ab
1573 1476 1635 1516 ea
1683 1461 1853 1515 sancti
1882 1476 1978 1513 an-

412 1551 514 1620 geli
538 1551 771 1618 stabunt,
804 1561 860 1607 et
905 1569 1007 1607 non
1059 1551 1385 1622 adjuvabunt
1430 1568 1547 1612 eam
1575 1552 1676 1608 nisi
1718 1553 1981 1610 bonitates

413 1655 542 1698 suae.
576 1641 702 1696 Haec
748 1644 1089 1698 considerans
1137 1644 1223 1699 hic
1269 1644 1479 1710 nobilis,
1539 1647 1847 1713 perterritus
1885 1660 1980 1713 pro

415 1731 509 1797 tali
541 1731 668 1787 hora
697 1741 752 1786 et
779 1733 1036 1800 sollicitus
1057 1733 1222 1797 factus
1251 1743 1352 1797 est,
1383 1735 1561 1789 ferens
1589 1735 1640 1790 in
1665 1737 1976 1789 memmiam

2083 541 2169 595 ille
2198 541 2406 595 beatus.
2442 539 2680 600 Erudivit
2707 547 2762 593 et
2802 541 2853 592 in
2895 540 2994 594 hoc
3031 541 3234 608 plebem
3261 543 3538 609 magnilice
3558 581 3574 606 ,
3603 552 3661 593 et

2080 635 2419 700 emendavit;
2450 635 2704 689 timebant
2729 635 2902 700 enim,
2933 651 2998 689 ne
3028 636 3219 689 iterum
3244 635 3469 703 idipsum
3497 635 3656 689 sche-

2087 744 2169 782 ma
2196 727 2396 784 faceret
2426 729 2503 782 eis
2534 729 2624 782 ille
2652 743 2866 796 semper
2893 729 3288 784 memorandus.

2149 820 2278 872 CAP.
2323 819 2479 872 XLII.
2511 849 2582 862 -—-
2612 819 2779 888 Loqui
2822 834 2996 875 autem
3043 822 3098 876 in
3146 823 3381 876 sacrario
3433 824 3655 878 omnino

2085 924 2188 962 non
2246 912 2619 977 permittebat,
2663 912 2755 965 sed
2809 911 2860 965 in
2903 922 3191 982 conspectu
3231 914 3470 969 omnium
3511 913 3660 974 foras

2082 1003 2322 1056 mittebat
2349 1019 2468 1062 eum
2493 1043 2508 1067 ,
2539 1004 2761 1058 dicens:
2798 1004 2858 1059 Si
2889 1004 3099 1073 quidem
3141 1016 3199 1059 ut
3238 1021 3422 1062 orares
3460 1008 3656 1064 veniali

2084 1096 2183 1148 huc
2202 1135 2216 1157 ,
2242 1095 2293 1147 in
2325 1095 2423 1146 hoc
2451 1109 2681 1149 mentem
2708 1105 2848 1150 tuam
2875 1105 2928 1150 et
2949 1110 3010 1150 os
3038 1106 3182 1151 tuum
3209 1113 3400 1154 vacare
3424 1111 3614 1164 empta
3637 1119 3653 1165 ;

2082 1186 2127 1238 si
2169 1199 2298 1238 vero
2338 1195 2556 1253 prOptcr
2598 1185 2956 1255 locutionem,
2997 1189 3250 1256 scriptum
3291 1198 3412 1242 est:
3457 1189 3655 1245 Domus

2083 1276 2176 1330 Dei
2221 1276 2412 1329 domus
2452 1276 2710 1330 orationis
2751 1279 3026 1331 vocabitur
3071 1277 3091 1350 (
3118 1277 3307 1332 Matth.
3338 1296 3422 1333 ut
3450 1287 3469 1351 )
3497 1299 3512 1347 ;
3544 1285 3650 1338 noli

2080 1384 2210 1438 ergo
2242 1367 2420 1427 facere
2449 1383 2566 1422 eam
2596 1370 2902 1432 Speluncam
2936 1370 3222 1424 latronum.

2149 1461 2280 1511 ιὶΑρ.
2314 1457 2494 1513 XLIII.
2525 1489 2594 1497 —
2622 1458 2734 1514 Hoc
2772 1470 2947 1516 autem
2989 1471 3100 1514 erat
3142 1462 3504 1517 admirabilius
3531 1480 3657 1518 san-

2080 1549 2302 1602 etissimi
2335 1549 2492 1618 hujus
2518 1551 2833 1620 patriarchae
2852 1594 2866 1617 ,
2894 1554 3144 1621 quoniam
3173 1569 3269 1608 nec
3292 1557 3661 1612 monachicam

2083 1643 2240 1696 vitam
2283 1641 2521 1706 ducens,
2553 1658 2728 1711 neque
2759 1647 2808 1696 in
2837 1647 2980 1698 clero
3018 1654 3254 1701 moratus
3295 1648 3345 1700 in
3381 1650 3607 1703 ecclesia
3635 1689 3656 1713 ,

2081 1734 2175 1788 sed
2205 1743 2260 1789 et
2289 1733 2502 1790 femina:
2542 1735 2777 1804 legitime
2819 1737 3017 1791 dudttm
3061 1740 3375 1808 conjunctus
3405 1741 3551 1813 (86),
3586 1744 3664 1798 ita

413 1832 466 1879 et
484 1825 654 1880 sancti
679 1823 960 1880 Hilarionis
980 1826 1246 1896 eloquium
1274 1825 1422 1895 (Vita
1451 1826 1758 1891 Hilarionis,
1776 1843 1826 1880 c.
1845 1825 1937 1894 58)
1963 1845 1979 1894 ;
2013 1819 2056 1879 Β
2088 1826 2255 1879 tenuit
2280 1826 2515 1895 vigorem
2541 1829 2784 1883 ecclesia:
2809 1829 2874 1882 ab
2900 1829 3014 1899 ipso
3042 1832 3194 1885 initio
3218 1848 3322 1900 quo
3351 1834 3660 1902 patriarcha

417 1913 540 1983 quia
565 1929 685 1968 cum
713 1930 744 1969 e
768 1915 873 1970 vita
903 1931 1212 1983 egressurus
1233 1924 1394 1986 esset,
1418 1914 1720 1970 formidavit
1767 1925 1821 1971 et
1845 1917 1978 1972 dixit

417 2004 608 2058 anima:
627 2019 738 2065 sua:
765 2019 782 2060 :
815 2006 1090 2076 Octoginta
1121 2023 1311 2071 annos,
1337 2025 1366 2056 ιι
1392 2007 1609 2066 humilis
1657 2009 1856 2074 anima,
1888 2009 1982 2061 ha-

416 2093 511 2163 bes
541 2096 782 2150 serviens
812 2096 1046 2164 Christo,
1078 2107 1133 2152 et
1162 2097 1313 2152 times
1332 2099 1510 2152 exire?
1537 2098 1654 2160 Exi,
1677 2097 1796 2167 quia
1818 2098 1979 2152 mise-

414 2183 585 2252 ricors
617 2195 715 2240 est.
741 2186 804 2242 Et
827 2187 1036 2242 dicebat
1080 2188 1179 2241 sibi
1211 2189 1506 2256 patriarcha
1533 2207 1544 2242 :
1573 2189 1626 2244 Si
1655 2189 1698 2242 is
1725 2191 1810 2256 qui
1835 2199 1972 2252 octo-

414 2277 557 2345 ginta
586 2293 754 2340 annos
782 2281 1003 2335 servivit
1048 2281 1282 2351 Christo,
1309 2291 1362 2337 et
1407 2293 1645 2338 mortuos
1680 2282 1981 2348 suscitavit,

415 2377 469 2427 et
488 2370 641 2441 signa
670 2370 808 2439 fecit.
839 2371 1014 2429 timuit
1037 2386 1268 2430 amaram
1287 2373 1432 2426 illam
1463 2373 1667 2444 horam,
1701 2371 1827 2448 quid
1884 2371 1981 2425 ha-

418 2461 510 2514 bes
535 2473 612 2525 tu,
636 2462 848 2516 humilis
876 2461 1132 2527 Joannes,
1163 2463 1343 2518 dicere
1393 2474 1487 2518 aut
1528 2464 1740 2533 facere,
1769 2465 1984 2534 quando

419 2551 749 2608 obviaverint
778 2553 829 2605 in
861 2552 1046 2611 faciem
1071 2561 1213 2613 tuam
1253 2553 1500 2608 crudeles
1530 2553 1606 2612 illi
1636 2564 1690 2608 et
1744 2556 1982 2614 immise-

423 2647 656 2701 ricordes
675 2656 950 2702 exactores
973 2657 1026 2702 et
1050 2647 1421 2717 inquisitores?
1443 2649 1523 2703 Ad
1544 2658 1768 2718 quantos
1786 2651 1985 2718 poteris

424 2738 683 2797 rationem
713 2738 956 2808 reddere,
975 2739 1040 2793 ad
1061 2754 1153 2796 eos
1173 2740 1260 2810 qui
1289 2740 1578 2810 exquirunt
1599 2743 1663 2794 de
1683 2740 1983 2805 mendacio,

420 2830 486 2884 ad
513 2845 606 2884 eos
623 2830 710 2900 qui
727 2831 794 2885 de
818 2831 1164 2897 detractione,
1182 2833 1246 2888 ad
1267 2848 1358 2888 cos
1374 2832 1460 2900 qui
1485 2831 1550 2887 de
1568 2833 1899 2899 crudelitate,
1917 2835 1982 2901 ad

421 2934 515 2976 eos
543 2921 629 2988 qui
659 2920 726 2976 de
753 2921 995 2992 avaritia,
1025 2923 1092 2976 ad
1128 2938 1220 2979 eos
1242 2925 1329 2993 qui
1358 2924 1424 2979 de
1452 2927 1705 2980 memoria
1742 2925 1890 2992 mali,
1915 2925 1981 2978 ad

419 3026 511 3066 eos
544 3012 632 3081 qui
685 3013 754 3075 de
781 3014 925 3079 odio,
955 3015 1021 3082 ad
1053 3030 1146 3070 eos
1181 3017 1268 3086 qui
1299 3016 1582 3084 exquirunt
1610 3018 1677 3072 de
1718 3018 1983 3088 perjurio?

419 3102 485 3158 Et
546 3105 880 3160 dementatus
919 3107 1128 3163 dicebat
1176 3125 1189 3159 :
1233 3108 1373 3162 Deus
1403 3149 1420 3180 ,
1471 3117 1527 3163 tu
1586 3124 1679 3167 eos
1742 3110 1978 3177 increpa,

2088 1927 2437 1971 consecratus
2469 1927 2551 1972 est
2571 1959 2587 1984 ,
2615 1928 2671 1975 et
2695 1919 2747 1974 in
2779 1921 2939 1981 talem
2981 1921 3348 1980 sublimitatem
3388 1927 3657 1980 exaltatus

2084 2017 2198 2072 est,
2231 2016 2288 2061 ut
2315 2009 2508 2064 multos
2535 2012 2875 2066 eremitarum
2901 2023 2956 2068 et
2983 2013 3034 2066 in
3058 2025 3194 2070 arcta
3218 2018 3318 2070 vita
3341 2018 3654 2088 degentium

2083 2112 2380 2169 superaret.

2155 2191 2284 2246 Car.
2319 2191 2501 2246 XLIV.
2533 2221 2602 2233 --
2633 2194 2826 2249 Volens
2855 2204 3030 2250 autem
3063 2212 3159 2251 nec
3187 2197 3342 2267 hujus
3369 2199 3493 2254 boni
3531 2214 3664 2255 esse

2086 2282 2339 2350 inexpers
2359 2323 2373 2345 ,
2427 2282 2683 2338 videlicet
2725 2285 3047 2340 monachicae
3075 2290 3197 2342 vita:
3226 2291 3662 2343 connumeratio-

2087 2375 2203 2438 nis,
2252 2375 2430 2430 studet
2473 2391 2585 2430 rem
2635 2376 2836 2432 talem:
2892 2393 3217 2448 congregans
3265 2380 3402 2436 duos
3442 2381 3658 2438 ordines

2085 2478 2388 2530 sanctorum
2418 2467 2798 2522 monachorum
2817 2511 2830 2532 ,
2861 2472 3041 2526 statuit
3071 2471 3122 2524 in
3149 2472 3227 2526 eis
3266 2486 3476 2534 omnem
3514 2474 3652 2525 utili-

2087 2569 2245 2614 tatem
2276 2560 2430 2613 tribui
2458 2559 2526 2614 de
2555 2560 2696 2614 villis
2723 2561 2832 2615 suis
2863 2561 2917 2615 in
2960 2562 3173 2618 civitate
3198 2579 3295 2617 sua
3323 2581 3336 2615 :
3365 2574 3419 2618 et
3459 2563 3651 2624 faciens

2087 2653 2164 2708 eis
2193 2653 2412 2710 cellulas
2455 2652 2506 2706 in
2538 2652 2745 2708 duobus
2772 2654 3016 2712 oratoriis
3049 2655 3286 2710 Domina;
3315 2665 3508 2710 nostra:
3532 2671 3656 2708 san-

2085 2755 2186 2798 ctae
2236 2744 2331 2798 Dei
2377 2743 2682 2814 genitricis,
2727 2753 2781 2798 et
2817 2746 2986 2803 sancti
3025 2745 3276 2812 Joannis,
3315 2762 3434 2816 quae
3474 2746 3588 2816 ipse
3626 2763 3656 2803 a

2085 2837 2438 2900 fundamentis
2485 2838 2874 2902 aadilicaverat,
2904 2839 3085 2892 dicens
3127 2839 3506 2894 auitantissimis
3548 2839 3655 2898 Den

2085 2929 2363 2983 monachis
2393 2931 2465 2982 ita
2491 2946 2504 2982 :
2533 2929 2644 3000 Ego
2672 2938 2792 3000 post
2822 2929 2989 2984 Deum
3018 2929 3297 2984 utilitatem
3325 2932 3658 2998 corporalem

2083 3028 2318 3083 vestram
2356 3021 2687 3089 procurabo,
2731 3035 2827 3074 vos
2865 3030 3038 3076 autem
3080 3021 3368 3089 spiritualis
3413 3021 3663 3075 habetote

2088 3125 2219 3163 mea:
2261 3125 2441 3163 curam
2480 3110 2691 3166 salutis.
2737 3110 3051 3178 Vespertina
3093 3121 3148 3165 et
3188 3121 3442 3166 nocturna
3483 3113 3660 3183 vigilia

420 3209 540 3257 nam
603 3195 774 3250 omnis
813 3193 1064 3262 fortitudo
1122 3198 1397 3254 hominum
1455 3201 1534 3254 eis
1574 3201 1824 3256 resistere
1879 3217 1981 3264 non
2010 3187 2056 3248 C
2088 3199 2368 3268 mihiapud
2391 3200 2552 3254 Deum
2575 3203 2896 3268 imputetur:
2926 3200 3180 3269 quidquid
3209 3217 3336 3255 vero
3367 3201 3421 3266 in
3451 3201 3658 3260 cellulis

420 3287 577 3340 valet.
632 3287 746 3355 Tu,
809 3289 1070 3357 Domine,
1115 3291 1181 3358 da
1243 3291 1397 3346 nobis
1457 3293 1705 3348 ductores
1775 3306 1987 3358 sanctos

420 3377 657 3448 angelos,
699 3379 786 3449 qui
837 3380 1139 3446 custodiant
1201 3393 1253 3440 et
1274 3384 1571 3454 gubernent
1626 3401 1759 3454 nos;
1820 3389 1984 3442 multa

419 3470 559 3530 enim
626 3481 707 3525 est
761 3484 942 3528 contra
1005 3491 1104 3532 nos
1152 3493 1337 3532 eorum
1378 3479 1603 3544 insania,
1643 3482 1838 3542 multus
1877 3489 1986 3536 tre-.-

424 3578 560 3627 mor,
591 3563 786 3618 multus
836 3565 1011 3631 timor,
1046 3567 1266 3624 multum
1301 3569 1590 3637 perieulum
1641 3569 1813 3640 pelagi
1845 3573 1985 3626 aeris

426 3653 606 3724 hujus.
635 3654 690 3709 Si
712 3656 852 3712 enim
876 3657 942 3712 de
963 3658 1256 3719 civitatein
1287 3661 1556 3723 civitatem
1596 3678 1758 3732 super
1789 3673 1983 3720 terram

421 3744 774 3811 ambulantes,
793 3748 1139 3816 deprecamur
1155 3764 1247 3814 eos
1268 3751 1358 3821 qui
1383 3753 1535 3808 nobis
1559 3754 1808 3810 duetores
1834 3767 1984 3841 sunt,

423 3852 490 3897 ne
517 3838 569 3890 in
595 3837 883 3907 prmcipitia
908 3839 1164 3897 cadamus
1189 3882 1205 3914 ,
1235 3851 1328 3897 aut
1353 3843 1405 3897 in
1451 3846 1738 3918 agrestium
1789 3837 1986 3902 bestia;

421 3945 536 3982 rum
562 3929 701 3996 loca,
730 3941 821 3983 aut
855 3931 904 3985 in
938 3931 1153 3990 flumina
1184 3935 1410 4001 infinita,
1441 3947 1533 3991 aut
1562 3938 1614 3991 in
1640 3938 1986 3995 inaccessibi-

425 4019 502 4073 les
540 4028 594 4074 et
621 4019 795 4079 invios
820 4031 1050 4090 montes,
1078 4035 1167 4080 aut
1194 4026 1248 4080 in
1270 4028 1529 4085 latronum
1553 4044 1760 4095 manus,
1792 4038 1886 4086 aut
1931 4032 1983 4098 in

425 4124 662 4172 eremum
721 4111 1304 4182 incomprehensibilem
1334 4119 1487 4188 201
1515 4128 1607 4172 aut
1649 4120 1979 4189 inaquosam,

423 4209 479 4254 et
506 4215 800 4268 pereamus.
824 4203 962 4269 Quot
985 4203 1296 4261 ductoribus
1324 4207 1550 4263 fortibus
1577 4217 1631 4263 et
1657 4209 1853 4264 divinis
1890 4225 1984 4265 cu-

420 4292 658 4347 stodibus
709 4309 842 4360 opus
868 4297 1139 4364 habemus,
1171 4308 1452 4369 pergentes
1508 4301 1662 4372 longa
1691 4303 1774 4358 via
1805 4303 1903 4359 hac
1931 4316 1986 4366 et

421 4394 642 4450 aeterna,
669 4386 940 4454 videlicet,
969 4405 1085 4459 quae
1109 4404 1176 4456 ex
1203 4404 1429 4460 corpore
1455 4403 1538 4448 est
1553 4395 1811 4464 egressio,
1836 4405 1892 4449 et
1916 4396 1982 4448 ad

421 4475 614 4529 coelum
669 4478 950 4535 ascensio?
981 4480 1070 4534 Hae
1096 4488 1220 4536 sunt
1257 4482 1517 4551 sapientia
1551 4486 1718 4553 plena:
1747 4486 1887 4540 beati
1916 4487 1980 4554 ad

417 4579 478 4620 se
501 4575 552 4620 et
580 4566 645 4620 ad
682 4583 871 4624 omnes
918 4569 1205 4637 doctrinae;
1247 4572 1331 4628 ba:
1362 4582 1483 4628 sunt
1508 4575 1621 4643 ejus
1664 4577 1982 4646 quotidiana:
2010 4555 2062 4625 D

419 4674 562 4714 curae
584 4669 744 4725 atque
776 4663 1165 4720 meditationes.

488 4750 614 4806 Car.
658 4751 789 4808 XLI.
824 4781 895 4793 —
920 4755 1131 4808 Multam
1162 4765 1335 4809 autem
1365 4767 1418 4810 et
1445 4757 1511 4812 de
1538 4770 1716 4812 sancta
1759 4761 1988 4815 statione

419 4858 601 4903 curam
630 4843 891 4911 habebat,
915 4855 970 4906 et
994 4845 1401 4903 sollicitudinem
1430 4851 1844 4906 demonstrabat.
1873 4853 1987 4908 Una

426 4935 566 4992 cnim
596 4936 805 4991 dierum
836 4939 1020 4992 volens
1051 4939 1245 4993 multos
1268 4956 1544 5007 resecare,
1568 4953 1623 4995 ut
1647 4959 1749 4997 nou
1773 4947 1988 5010 egrede-

421 5035 608 5080 rentur
637 5039 757 5096 post
782 5030 1096 5084 solutionem
1137 5032 1305 5094 sancti
1348 5033 1612 5100 Evangelii
1641 5033 1708 5087 de
1734 5034 1982 5097 ecclesia,

422 5125 478 5176 et
515 5118 703 5171 otiosis
743 5120 1077 5176 sermonibus
1119 5139 1214 5192 pro
1257 5124 1497 5177 oratione
1533 5133 1813 5188 vacarent,
1857 5125 1981 5193 quid

420 5208 581 5264 fecit?
609 5206 840 5276 Reliquit
865 5226 1020 5277 mox,
1071 5224 1344 5283 postquam
1376 5215 1569 5267 lectum
1618 5223 1701 5269 est
1744 5224 1982 5268 sanctum

419 5301 798 5372 Evangelium,
830 5304 1150 5370 ecclesiam;
1182 5315 1236 5360 et
1263 5307 1375 5374 ipse
1404 5308 1566 5367 exiit,
1599 5315 1654 5361 et
1690 5307 1829 5359 sedit
1866 5322 1985 5360 cum

421 5393 596 5451 turba.
623 5394 876 5449 Omnibus
909 5411 1033 5451 vero
1057 5396 1490 5464 obstupeutibtts,
1515 5396 1646 5450 dixit
1668 5396 1733 5449 ad
1760 5410 1852 5450 eos
1871 5398 1982 5464 jUS-

421 5493 547 5549 tus:
586 5483 794 5550 Filioli,
826 5485 913 5540 ubi
943 5501 1104 5552 oves,
1151 5485 1260 5538 illic
1301 5492 1355 5538 et
1396 5497 1592 5553 pastor.
1639 5490 1745 5542 Aut
1791 5488 1984 5541 intrate

425 5576 599 5648 intro,
629 5587 687 5632 et
716 5577 1113 5647 ingredieur;
1145 5582 1235 5630 aut
1261 5587 1471 5633 manete
1500 5579 1615 5644 hic,
1647 5588 1700 5634 et
1740 5579 1826 5635 hic
1866 5594 1981 5633 tua-

423 5671 582 5735 iicho.
618 5670 728 5740 Ego
756 5677 970 5737 propter
1008 5683 1103 5722 vos
1141 5667 1410 5723 descendo
1447 5671 1498 5724 in
1537 5678 1771 5724 sanctam
1813 5669 1980 5723 eccle-

425 5762 588 5834 siam,
627 5775 745 5825 nam
788 5768 1025 5829 poteram
1064 5763 1235 5816 facere
1273 5759 1511 5816 mihimet
1553 5762 1739 5825 missas
1782 5762 1832 5816 iu
1871 5761 1982 5830 epi-

2094 3295 2283 3348 vestris
2308 3291 2467 3347 oflicii
2497 3294 2748 3358 feceritis,
2781 3309 2876 3362 pro
2907 3294 3098 3356 vestris
3124 3295 3192 3349 sit
3218 3295 3513 3358 animabus.
3545 3296 3656 3350 Hoc

2091 3395 2268 3441 autem
2300 3385 2454 3451 fecit,
2487 3388 2670 3448 volens
2698 3388 3034 3441 sollicitiores
3075 3387 3290 3443 efficere
3330 3386 3426 3445 Dei
3461 3390 3655 3452 amicos

2091 3479 2405 3533 monachos.
2433 3478 2583 3534 Unde
2607 3490 2659 3534 et
2687 3479 2979 3548 permansit
3007 3480 3118 3535 Deo
3151 3481 3270 3534 talis
3295 3491 3440 3549 grata
3466 3483 3658 3537 consti-

2091 3572 2218 3624 tutio
2246 3571 2488 3624 ordinum
2516 3587 2531 3642 ;_
2558 3580 2610 3625 et
2634 3571 2699 3625 ad
2727 3571 3121 3628 similitudinem
3149 3574 3456 3631 monasterii
3481 3590 3545 3628 ex
3573 3574 3659 3629 his

2089 3664 2280 3716 civitas
2321 3679 2454 3728 pene
2483 3662 2644 3728 vivit,
2696 3664 2749 3718 in
2776 3664 3002 3724 diversis
3033 3665 3163 3722 locis
3190 3665 3470 3738 pervigiles
3497 3667 3656 3739 hym-

2088 3755 2273 3816 nodias
2302 3755 2411 3810 Deo
2439 3755 2699 3810 referens.

2157 3844 2287 3911 Car.
2329 3844 2488 3902 XLV.
2520 3875 2590 3886 —
2617 3846 2683 3899 Et
2713 3847 2814 3901 hoc
2840 3845 3026 3904 beatus
3056 3847 3154 3902 iste
3181 3848 3255 3902 ita
3282 3863 3466 3903 omnes
3493 3848 3654 3903 doce-

2088 3936 2210 4002 bat,
2238 3946 2292 3990 et
2321 3938 2720 3991 contestabatur
2762 3937 2943 3992 dicens
2975 3956 2988 3993 :
3017 3937 3329 3994 Nullatenus
3367 3940 3646 4008 aliquando

2088 4032 2461 4088 haereticorum
2485 4032 2872 4087 communionis
2890 4072 2905 4096 ,
2935 4033 3041 4088 imo
3067 4033 3505 4103 coinquinationis
3527 4047 3648 4100 par-

2087 4121 2410 4192 ticipemini,
2436 4123 2597 4178 etiam
2628 4124 2672 4178 si
2726 4123 2869 4180 omni
2897 4125 3003 4180 vita
3032 4135 3207 4178 vestra
3237 4139 3304 4179 ex
3339 4125 3510 4194 aliqua
3545 4124 3646 4178 im-

2086 4217 2329 4286 pulsione
2379 4216 2463 4270 vel
2521 4215 2843 4272 necessitate
2895 4215 3322 4280 communionem
3375 4216 3651 4271 catholica:

2090 4309 2350 4368 Ecclesiae
2396 4324 2498 4364 non
2545 4309 2905 4373 invenientes,
2955 4309 3072 4364 sine
3112 4311 3482 4365 communione
3529 4324 3650 4378 per-

2089 4403 2413 4458 manseritis.
2449 4402 2504 4456 Si
2537 4401 2716 4469 enim,
2745 4401 2859 4464 ait,
2896 4416 3115 4455 uxorem
3157 4401 3480 4468 corporalem
3519 4401 3652 4466 legis.

2092 4495 2216 4548 time
2241 4493 2596 4561 possidentes,
2623 4492 2676 4545 in
2705 4491 2918 4560 regione
2943 4491 3115 4559 aliqua
3141 4489 3414 4558 longinqua
3445 4487 3648 4555 absque

2086 4583 2185 4636 ista
2214 4592 2452 4651 tempore
2478 4581 2646 4635 multo
2667 4590 2940 4636 morantes
2957 4620 2972 4643 ,
2999 4581 3290 4648 relinquere
3314 4577 3450 4631 hanc
3476 4586 3532 4631 et
3556 4577 3649 4630 alii

2084 4675 2355 4743 copulari,
2393 4689 2423 4727 a
2463 4673 2571 4726 Deo
2602 4682 2657 4730 et
2685 4673 2891 4742 legibus
2920 4671 3275 4742 prohibemur,
3304 4668 3350 4722 si
3379 4683 3508 4723 vero
3547 4667 3652 4721 hoc

2084 4765 2351 4835 egerimus
2372 4803 2388 4834 ,
2438 4763 2688 4833 punimur
2718 4781 2732 4828 ;
2771 4762 3037 4833 quomodo
3077 4769 3261 4829 putas,
3301 4757 3411 4813 Deo
3441 4772 3539 4828 per
3569 4773 3658 4812 re-

2087 4867 2225 4912 ctam
2270 4856 2424 4911 fidem
2464 4865 2519 4911 et
2553 4855 2867 4914 catholicam
2912 4855 3204 4910 Ecclesiam
3251 4852 3564 4921 conjuncti,
3597 4862 3658 4907 ut

2089 4949 2163 5003 ait
2192 4947 2512 5017 Apostolus:
2546 4947 2737 5018 Aptavi
2765 4961 2860 5005 vos
2885 4947 2976 5001 uni
3002 4946 3117 5002 viro
3159 4945 3419 5016 virginem
3456 4953 3653 4998 castam

2090 5038 2343 5096 exhibere
2370 5036 2583 5092 Christo
2614 5038 2682 5109 (ll
2702 5037 2821 5092 Cor.
2846 5037 2928 5108 ιι)
2948 5080 2964 5106 ,
2996 5036 3041 5090 si
3068 5036 3424 5090 orthodoxam
3448 5045 3503 5089 et
3532 5048 3650 5088 san-

2091 5139 2196 5182 tatu
2227 5127 2381 5181 fidem
2420 5128 2846 5183 adulteraveritis
2888 5143 2983 5197 per
3025 5128 3455 5184 communionem
3485 5125 3654 5179 haere-

2091 5221 2336 5286 ticorum,
2364 5234 2469 5272 non
2497 5217 2549 5271 in
2580 5220 2755 5273 futuro
2784 5218 2981 5273 saeculo
3011 5220 3285 5283 tormenti,
3310 5218 3450 5287 quod
3468 5229 3653 5284 exspe-

2090 5318 2200 5363 ctat
2245 5309 2556 5374 litereticos,
2594 5311 2796 5372 erimus
2835 5309 2956 5363 facti
2985 5309 3308 5378 participes?
3338 5308 3658 5362 Communio

2092 5403 2233 5456 enim
2256 5446 2270 5468 ,
2299 5401 2402 5467 ait,
2434 5401 2553 5456 ideo
2583 5402 2798 5468 dicitur,
2833 5409 2897 5456 e'o
2927 5400 3068 5470 quod
3093 5416 3431 5456 communem
3461 5397 3654 5462 faciat,

2089 5504 2142 5547 et
2187 5493 2363 5546 firmet
2404 5491 2885 5546 communicautem
2935 5491 3124 5559 quibus
3162 5492 3539 5548 communicat.
3582 5489 3664 5545 Ne

2091 5584 2269 5652 igitur,
2298 5598 2511 5653 quaeso,
2553 5583 2657 5649 ait,
2694 5598 2728 5639 ο
2765 5581 2896 5651 filii,
2937 5582 3241 5654 bujusmodi
3280 5585 3530 5641 oratoriis
3568 5601 3662 5653 ap-

2091 5674 2313 5742 plicetis.

2162 5765 2290 5820 Car.
2335 5761 2512 5819 XLVI.
2558 5795 2625 5804 —
2665 5763 2796 5822 Cum
2837 5769 3080 5825 omnibus
3121 5769 3272 5826 bonis
3312 5769 3420 5825 suis
3459 5778 3511 5824 ct
3559 5767 3662 5824 huc
