4016 6228
333 306 404 358 77
1271 298 1426 353 ἨΤΑ
1472 297 1715 351 SANCTI
1752 295 2028 351 JOANNIS
2069 295 2646 352 ELEEMOSYNARII.

3373 306 3386 322 '
3463 301 3567 356 578

295 420 499 475 beatus
538 415 624 470 hic
665 412 966 483 possidebat
989 452 1003 472 ,
1045 411 1183 479 quod
1225 411 1242 479 (
1274 422 1329 464 ιιι
1367 412 1564 465 dictum
1608 424 1691 466 est
1721 413 1738 481 )
1783 429 1885 465 non
1915 417 1968 473 Α
1992 422 2114 464 sunt
2141 429 2286 480 eam,
2317 413 2752 466 abrenuntiantes
2781 415 2976 467 mundo
2997 457 3010 479 ,
3045 432 3164 471 cum
3193 433 3252 470 ea
3283 430 3568 492 pergentes

289 512 704 567 eundemnaret
735 508 1032 577 proximum
1055 545 1068 570 ,
1102 519 1198 558 nec
1227 504 1645 560 condemnaotes
1687 506 1891 570 recipe-

295 612 405 657 ret.
447 601 641 656 Dicam
675 614 804 654 vero
832 609 885 652 et
915 597 1032 668 ejus
1067 595 1359 650 doctrinam
1402 595 1468 649 de
1507 595 1608 650 hoc
1645 597 1893 652 omnibus

295 698 655 766 proficuam:
717 692 937 747 .luvenis
994 690 1206 759 quidam
1264 691 1474 756 rapiens
1529 690 1841 743 monacham
1876 731 1890 755 ,

295 792 436 854 fugit
496 783 1045 854 Constantinopolim.
1090 779 1431 837 Ilocdiscens
1473 779 1677 849 justus,
1728 781 1893 833 tristis

297 883 482 936 iactus
522 891 605 935 est
645 893 816 945 usque
852 875 917 929 ad
964 882 1206 927 mortem.
1247 872 1510 940 Tempore
1554 887 1678 924 vero
1718 871 1893 938 aliquo

300 981 616 1038 transacto,
647 968 974 1024 consedente
1003 982 1069 1022 eo
1100 983 1200 1020 una
1245 967 1448 1021 dierum
1491 966 1542 1019 in
1594 965 1890 1018 honorabili

304 1067 671 1124 cimiliarchio
712 1081 831 1120 cum
871 1061 1186 1132 quibusdam
1227 1059 1470 1120 clericis.
1502 1068 1556 1112 et
1593 1073 1892 1112 sermonem

303 1169 512 1228 anima:
541 1167 723 1221 utilem
755 1173 1003 1219 movente
1023 1203 1038 1225 ,
1068 1162 1214 1216 venit
1243 1161 1296 1216 in
1326 1161 1557 1215 medium
1598 1168 1653 1214 et
1693 1173 1895 1213 memo-

309 1263 393 1317 ria
423 1263 638 1330 juvenis
667 1258 756 1328 qui
783 1257 1028 1310 ancillam
1061 1254 1154 1309 Dei
1200 1264 1479 1322 rapuerat,
1523 1264 1576 1308 et
1616 1261 1894 1321 cmperunt

311 1355 405 1418 qui
446 1359 637 1406 sancto
673 1348 1024 1403 considebant
1057 1345 1510 1400 anathematizare
1552 1347 1707 1399 talem
1744 1346 1894 1413 juve-

316 1461 479 1511 nem,
527 1453 779 1511 tanquam
826 1440 914 1508 qui
955 1437 1087 1493 duas
1137 1439 1342 1492 animas
1376 1438 1709 1508 perdiderat,
1741 1451 1891 1491 suam

317 1537 568 1591 videlicet
601 1541 654 1587 et
684 1531 1127 1587 sanctimonialis.
1156 1529 1492 1598 Compescuit
1516 1544 1640 1594 ergo
1668 1537 1720 1581 et
1749 1542 1896 1580 rese-

331 1630 464 1688 cavit
488 1643 584 1682 eos
611 1628 830 1690 beatus,
863 1624 1047 1678 dicens
1074 1641 1087 1677 :
1119 1622 1193 1677 Ne
1223 1623 1299 1676 sic
1320 1664 1334 1687 ,
1370 1622 1460 1674 lilii
1481 1661 1494 1684 ,
1529 1635 1593 1674 ne
1622 1620 1697 1672 sic
1724 1637 1737 1684 ;
1771 1634 1890 1670 nam

337 1720 600 1776 ostendam
649 1716 803 1772 vobis
850 1720 972 1783 quia
1020 1725 1073 1768 et
1123 1731 1217 1768 vos
1264 1714 1370 1768 duo
1423 1722 1633 1781 peccata
1677 1711 1888 1765 facitis:

2000 502 2052 556 in
2085 505 2463 557 monasterium
2504 503 2637 571 ejus.
2680 503 2880 558 Servus
2917 505 3057 559 enim
3100 508 3194 560 Dei
3241 512 3568 579 intonat-has,

1995 595 2083 664 qui
2115 597 2415 651 totonderat
2464 612 2619 665 eam,
2660 606 2938 666 postquam
2979 600 3239 654 satisfecit
3281 605 3577 668 outnibus,

1996 689 2210 742 tradidit
2237 691 2344 745 Deo
2371 689 2613 760 spiritum
2645 691 2698 746 in
2730 707 2877 760 pace.
2911 692 3065 758 Ideo,
3097 692 3290 761 inquit,
3325 695 3445 750 dico
3473 713 3568 749 vo-

1996 782 2112 847 bis,
2157 782 2287 848 filii,
2333 798 2400 837 ne
2441 784 2738 852 praecipites
2780 784 2847 838 ad
2887 785 3291 838 condemnanda
3333 796 3384 839 et
3427 786 3568 853 judi-

1995 873 2161 926 canda
2191 876 2306 927 sitis
2335 876 2527 928 aliena.
2563 863 2828 930 Multoties
2854 878 2995 930 enim
3029 889 3302 946 peccatum
3334 875 3567 931 fornica-

1998 965 2161 1020 tionis
2191 967 2452 1034 vidimus,
2492 966 2858 1034 ptenirentiam
2890 983 3015 1022 vero
3054 967 3206 1037 ejus,
3247 983 3405 1036 quam
3448 969 3572 1023 fecit

1995 1061 2237 1121 occulte,
2273 1076 2378 1114 non
2408 1061 2733 1130 aspeximus.
2765 1061 2833 1116 Et
2861 1071 2944 1116 est
2971 1063 3095 1133 quia
3123 1064 3332 1132 furtum
3373 1064 3572 1118 facien-

1997 1161 2099 1206 tem
2142 1153 2422 1221 quemdam
2462 1153 2723 1220 vidimus,
2759 1155 2983 1223 suspiria
3034 1171 3161 1210 vero
3209 1167 3264 1211 et
3305 1158 3568 1227 lacrymas

1995 1259 2127 1312 quas
2156 1245 2405 1313 produxit
2437 1246 2545 1301 Deo
2574 1249 2860 1306 nescimus.
2905 1247 2971 1302 Et
3013 1265 3110 1304 nos
3151 1250 3364 1319 quidem
3405 1251 3570 1304 babe-

1995 1351 2113 1387 ntus
2141 1351 2263 1389 eum
2296 1336 2507 1406 qualem
2539 1338 2769 1392 vidimus
2800 1339 2949 1392 illum
2975 1383 2990 1408 ,
3032 1339 3202 1394 furem
3225 1382 3240 1404 ,
3281 1352 3368 1395 aut
3407 1341 3571 1395 forni-

1993 1436 2228 1481 catorem
2249 1467 2264 1490 ,
2298 1437 2390 1482 aut
2418 1429 2721 1498 perjurum;
2747 1431 2884 1498 apud
2911 1431 3076 1486 Deum
3105 1448 3229 1487 vero
3253 1445 3459 1503 recepta
3483 1444 3569 1488 est

1993 1519 2196 1574 occulta
2225 1519 2338 1590 ejus
2364 1521 2632 1576 confessio
2659 1535 2714 1577 et
2740 1525 3052 1592 pmnitentia
3077 1567 3092 1589 ,
3135 1535 3190 1580 et
3229 1536 3312 1581 est
3349 1527 3416 1580 ab
3454 1528 3572 1596 ipso

1997 1614 2285 1683 pretiosus.
2312 1614 2511 1669 Omnes
2536 1617 2695 1686 igitur
2723 1617 3124 1689 admirabantur
3151 1633 3312 1689 super
3331 1620 3574 1692 doctrina

1994 1707 2242 1761 industrii
2270 1708 2501 1775 pastoris
2532 1707 2685 1775 hujus
2712 1719 2871 1777 atque
2899 1710 3158 1778 magistri.

332 1827 516 1877 unum,
576 1811 703 1880 quia
759 1806 1196 1876 transgredimini
1251 1804 1553 1858 mandatum
1609 1803 1880 1857 dicentis:
1919 1800 1966 1858 B
2063 1797 2191 1852 Car.
2234 1799 2439 1852 XLVII.
2486 1829 2557 1839 —
2600 1800 2814 1853 Duobus
2852 1801 3061 1854 clericis
3103 1787 3459 1855 calceamenta
3491 1800 3570 1855 fa-

320 1905 486 1962 Nolite
508 1903 770 1972 judicare,
795 1909 852 1955 ut
877 1916 984 1961 non
1009 1897 1318 1968 judicemini
1341 1896 1552 1966 (Matth.
1578 1900 1668 1964 vn)
1695 1912 1710 1961 ;
1736 1895 1889 1948 dein-

311 1998 382 2050 de
405 2039 420 2060 ,
449 1996 574 2065 quia
602 1992 822 2048 nescitis
849 1991 1048 2046 certius
1078 1990 1123 2044 si
1155 2004 1320 2057 usque
1353 1987 1508 2042 hodie
1553 1994 1806 2056 peccent,
1838 1994 1891 2040 et

317 2104 425 2140 non
453 2086 764 2154 pmuiteant.

396 2177 522 2246 Legi
572 2177 710 2230 enim
753 2178 911 2228 vitam
954 2172 1125 2246 Patris
1172 2172 1372 2242 aliquid
1417 2171 1521 2226 tale
1565 2171 1886 2228 habentem:

327 2270 447 2337 quia
501 2268 556 2323 in
604 2269 818 2322 civitate
857 2267 1074 2336 quadam
1121 2265 1227 2319 duo
1265 2264 1512 2320 monachi
1553 2262 1797 2318 abierunt
1836 2262 1890 2317 in

326 2360 703 2421 uitiisterium.
735 2359 801 2413 Et
829 2373 945 2412 cum
977 2357 1224 2432 transiret
1252 2371 1390 2410 unus
1422 2371 1515 2423 per
1545 2354 1748 2415 locum,
1782 2355 1892 2408 cla-

321 2451 495 2504 mabat
522 2451 568 2502 ei
601 2462 704 2502 una
733 2448 1034 2513 fornicaria,
1067 2447 1286 2502 dicens:
1318 2447 1473 2503 Salva
1497 2461 1600 2513 me,
1629 2444 1804 2507 Pater,
1832 2452 1890 2498 ut

316 2544 563 2595 (Ltiristus
604 2540 961 2595 meretricem.
1004 2540 1098 2594 Ille
1131 2553 1260 2594 vero
1301 2538 1574 2591 hominum
1620 2535 1887 2590 confusio-

325 2651 436 2688 nem
467 2635 628 2704 202
656 2630 873 2686 omnino
915 2647 1020 2687 non
1061 2647 1288 2696 curans,
1333 2631 1467 2685 dixit
1510 2631 1556 2683 ei
1591 2646 1604 2683 :
1655 2630 1891 2697 Sequere

324 2743 420 2791 rue,
453 2727 514 2780 Et
542 2735 730 2780 tenens
773 2739 891 2779 eam
934 2740 1030 2788 per
1069 2740 1282 2777 manum
1324 2723 1477 2792 ejus,
1516 2723 1644 2776 exiit
1683 2722 1890 2791 publice

327 2820 394 2872 de
417 2816 660 2880 civitate,
702 2814 953 2870 omnibus
993 2813 1394 2883 aspicientibus.
1441 2813 1598 2867 Facta
1641 2823 1723 2868 est
1761 2827 1890 2882 ergo

338 2912 466 2962 Iama
509 2909 622 2977 quia
658 2891 840 2961 abbas
869 2908 1076 2976 accepit
1118 2908 1398 2966 mulierem
1444 2906 1692 2960 domnam
1753 2904 1887 2958 Por-

344 3005 570 3073 phyriam
599 3002 705 3073 (ita
735 3003 880 3056 enim
921 3002 1210 3056 vocabatur
1248 3000 1498 3068 mulier).
1545 2998 1890 3068 Pergentibus

343 3110 463 3165 ergo
492 3095 590 3159 eis,
619 3102 674 3147 ut
698 3093 940 3146 mitteret
970 3107 1087 3146 eam
1129 3090 1182 3145 in
1227 3091 1609 3144 monasterium
1632 3131 1646 3154 ,
1691 3088 1891 3142 invenit

337 3187 516 3240 mulier
544 3186 593 3238 in
623 3201 725 3239 una
749 3184 976 3238 ecclesia
1008 3199 1228 3252 puerum
1260 3180 1314 3235 iu
1347 3192 1542 3237 terram
1573 3180 1891 3249 projectum,

323 3289 371 3332 et
405 3277 617 3331 sustulit
644 3293 764 3331 eum
798 3285 854 3328 ut
882 3275 1109 3329 nutriret
1139 3273 1310 3327 illum.
1342 3272 1522 3341 Itaque
1553 3280 1672 3340 post
1696 3285 1893 3324 annum

326 3367 531 3435 quidam
561 3374 826 3421 venerunt
857 3365 908 3417 in
939 3364 1195 3434 patriam,
1228 3364 1317 3418 ubi
1346 3372 1460 3418 erat
1489 3361 1655 3416 abbas
1683 3371 1735 3416 et
1766 3361 1894 3415 Por-

329 3458 544 3528 piiyria,
596 3473 716 3526 qua:
764 3458 937 3512 fuerat
983 3457 1051 3511 de
1095 3456 1504 3520 meretricibus;
1547 3464 1601 3508 et
1651 3454 1894 3508 videntes

326 3566 432 3604 eam
465 3550 667 3605 habere
693 3549 969 3619 puerulum
989 3589 1003 3612 ,
1033 3549 1217 3602 dicunt
1242 3549 1290 3601 ei
1319 3564 1332 3601 :
1383 3548 1657 3609 ,Veraciter
1696 3547 1892 3601 bonum

325 3644 494 3696 albati
529 3642 730 3712 pullum
761 3641 1009 3710 genuisti.
1039 3639 1279 3694 Nondum
1307 3639 1447 3694 enim
1475 3649 1715 3692 sanctum
1743 3639 1893 3692 sche-

326 3751 405 3790 ma
431 3744 736 3805 acceperat.
770 3735 970 3789 Euntes
997 3749 1125 3804 ergo
1154 3733 1354 3804 Tyrum
1391 3732 1476 3802 qui
1509 3731 1749 3785 viderant
1777 3748 1892 3785 eam

321 3829 481 3897 (inde
530 3829 674 3893 enim
720 3828 882 3882 abbas
930 3827 1120 3881 tulerat
1160 3824 1383 3894 illam),
1441 3824 1887 3886 diffamaverunt,

319 3921 434 3989 quia
482 3922 671 3989 genuit
715 3920 780 3975 de
822 3919 1014 3974 abbate
1058 3919 1380 3988 Porphyria,
1431 3926 1484 3971 et
1523 3931 1621 3969 nos
1662 3917 1890 3969 vidimus

323 4011 600 4079 puerulum
628 4011 799 4064 oculis
829 4013 1024 4067 nostris
1052 4009 1373 4064 similantem
1401 4010 1471 4063 ei.
1503 4007 1726 4073 Quando
1757 4023 1885 4076 ergo

321 4104 565 4173 rugnovit
589 4119 654 4158 ex
687 4103 798 4157 Deo
839 4104 1004 4157 abbas
1044 4103 1247 4156 obitum
1290 4116 1441 4155 suum
1469 4118 1492 4166 ;-
1527 4100 1658 4154 dicit
1704 4115 1894 4156 nonum

323 4196 543 4266 l‘elagiae
563 4237 580 4263 ,
609 4195 686 4250 sic
714 4194 856 4249 enim
887 4196 1109 4248 mutavit
1140 4208 1332 4248 nomen
1361 4195 1506 4260 ejus,
1541 4191 1751 4262 quando
1782 4202 1893 4244 tra-

323 4289 453 4341 didit
482 4288 530 4341 ei
569 4291 810 4348 sanctum
844 4287 1058 4340 schema
1093 4301 1105 4337 :
1137 4286 1334 4341 Eamus
1374 4285 1571 4355 Tyrum
1594 4325 1608 4349 ,
1653 4285 1769 4354 quia
1795 4285 1891 4336 ba—

326 4381 421 4434 beo
451 4379 564 4433 illic
591 4392 904 4446 responsum
932 4419 946 4443 ,
977 4387 1030 4430 et
1059 4375 1180 4429 volo
1209 4383 1267 4428 ut
1296 4375 1480 4429 venias
1523 4390 1753 4430 mecum.
1797 4373 1891 4428 Illa

322 4488 446 4530 vero
476 4488 581 4525 non
613 4472 792 4525 valens
818 4469 1184 4525 contradicere
1212 4470 1258 4523 ei
1283 4509 1298 4534 ,
1330 4479 1510 4523 secuta
1541 4478 1622 4523 est
1646 4484 1766 4523 eum
1797 4485 1809 4521 :
1842 4477 1895 4520 et

1993 1890 2290 1953 cientibus,
2342 1900 2396 1945 et
2435 1892 2587 1961 juxta
2635 1906 2693 1945 se
2734 1892 3132 1960 laborantibus,
3179 1908 3317 1947 unus
3355 1893 3567 1962 quidem

1996 1982 2226 2036 habebat
2255 1983 2393 2037 filios
2426 1985 2646 2049 multos,
2671 1992 2724 2037 et
2754 1999 3004 2049 uxorem,
3032 1994 3086 2038 et
3117 1996 3348 2052 patrem,
3380 1995 3436 2038 et
3461 2000 3570 2040 mae

1995 2086 2129 2130 trem
2160 2095 2173 2129 :
2205 2078 2430 2130 vacabat
2464 2092 2589 2130 vero
2618 2077 2860 2132 ecclesiae
2895 2078 3014 2131 sine
3054 2078 3477 2143 intermissione,
3519 2090 3570 2132 et

1994 2185 2179 2225 omnes
2229 2181 2349 2240 post
2391 2170 2554 2224 Deum
2600 2171 2774 2225 alebat
2818 2170 2884 2226 de
2926 2180 3042 2226 arte
3089 2186 3203 2224 sua.
3250 2172 3398 2224 Alter
3441 2185 3569 2224 vero

1994 2263 2233 2331 quamvis
2259 2263 2463 2317 doctior
2489 2271 2632 2316 esset
2660 2261 2784 2327 illo,
2813 2277 2878 2316 eo
2909 2262 3047 2330 quod
3086 2277 3189 2315 non
3233 2273 3570 2327 permaneret

1994 2357 2045 2410 in
2081 2357 2340 2419 ecclesia,
2384 2356 2477 2410 sed
2513 2357 2673 2408 etiam
2715 2355 3006 2408 Dominicis
3045 2354 3233 2407 diebus
3265 2355 3566 2416 laboraret.

1994 2463 2093 2502 nec
2121 2448 2354 2516 seipsum
2385 2456 2589 2500 tantum
2620 2448 2825 2500 nutrire
2854 2445 3090 2499 valebat.
3135 2444 3408 2497 Invidebat
3443 2459 3569 2512 ergo

1994 2540 2095 2594 iste
2124 2541 2298 2592 vicino
2323 2554 2441 2593 suo.
2478 2539 2538 2592 Et
2569 2555 2672 2592 una
2707 2539 2821 2592 vice
2849 2554 2954 2590 non
2985 2536 3248 2590 sufferens
3275 2537 3525 2589 invidiam
3551 2579 3566 2598 ,

1993 2633 2122 2687 dicit
2149 2634 2199 2689 ei
2232 2649 2353 2687 cum
2387 2632 2461 2686 ira
2489 2648 2504 2686 :
2541 2631 2692 2687 Unde
2723 2641 2777 2684 tu
2807 2631 2883 2684 sic
2913 2631 3064 2684 dives
3107 2629 3277 2682 factus
3318 2629 3417 2682 es?
3457 2627 3569 2696 Ego

1992 2739 2120 2779 vero
2149 2739 2344 2779 vacans
2377 2724 2494 2793 plus
2525 2723 2627 2777 arti
2658 2738 2792 2777 mete
2822 2738 2978 2792 quam
3008 2733 3061 2774 tu
3084 2762 3097 2786 ,
3125 2720 3176 2772 in
3204 2730 3567 2790 paupertatem

1992 2816 2200 2871 deveni.
2237 2815 2372 2869 Dicit
2400 2831 2526 2870 vero
2556 2816 2640 2878 ei,
2671 2816 2859 2868 volens
2903 2812 3076 2866 facere
3116 2827 3237 2866 eum
3266 2825 3453 2864 vacare
3483 2826 3570 2864 ee-

1994 2908 2210 2962 clesite:
2245 2908 2466 2961 Invenio
2501 2907 2726 2976 pretium
2762 2907 2810 2958 iu
2843 2915 2983 2959 terra
3005 2946 3020 2970 ,
3064 2913 3120 2959 et
3156 2905 3278 2958 inde
3319 2904 3568 2972 paulatim

1993 3000 2145 3053 dives
2176 3000 2347 3054 factus
2376 3014 2492 3053 sum
2518 3016 2531 3064 ;
2563 2998 2657 3052 sed
2681 2999 2726 3052 si
2747 2999 2858 3061 vis,
2879 3013 3089 3065 semper
3113 3012 3246 3050 voco
3271 3006 3348 3062 te,
3374 3007 3428 3050 et
3449 2995 3570 3050 veni

1995 3106 2202 3146 mecum
2225 3109 2239 3158 ;
2261 3102 2314 3146 et
2341 3091 2594 3161 quidquid
2619 3090 3005 3154 invenerimus,
3027 3089 3256 3157 accipies
3273 3089 3569 3142 dimidium.

1922 3179 1968 3242 C
1995 3183 2130 3237 Cum
2159 3198 2284 3250 ergo
2309 3183 2676 3251 acquiesceret
2707 3182 2824 3246 ille,
2857 3190 2911 3235 et
2944 3189 3256 3249 sequeretur
3292 3195 3412 3234 eum
3441 3195 3572 3233 eun-.

1998 3287 2105 3333 tem
2144 3277 2211 3330 ad
2252 3277 2574 3341 ecclesiam,
2620 3275 2734 3330 sine
2773 3275 3173 3329 intermissione
3216 3274 3486 3328 benedixit
3520 3274 3570 3328 ei

1996 3371 2163 3435 Deus,
2198 3379 2252 3425 et
2277 3371 2495 3424 divitem
2531 3369 2661 3425 fecit
2689 3386 2834 3424 eum.
2867 3370 3016 3422 Tunc
3047 3369 3180 3423 dixit
3207 3369 3256 3422 ei
3288 3369 3373 3422 ille
3404 3368 3575 3422 bonus.

1993 3462 2363 3517 consiliarius:
2399 3462 2585 3516 Vidisti
2608 3505 2623 3529 ,
2657 3461 2844 3528 frater,
2877 3477 3038 3516 unum
3071 3459 3406 3514 mendacium
3451 3473 3570 3527 pro-

1995 3565 2115 3624 pter
2145 3555 2312 3610 Deum
2348 3552 2462 3623 (88)
2485 3597 2500 3621 ,
2530 3564 2781 3624 quantum
2811 3553 3005 3624 profuit
3031 3554 3222 3607 animre
3251 3565 3350 3606 tua;
3373 3562 3426 3606 et
3446 3551 3572 3606 sub-v

1993 3646 2205 3701 stantia:
2238 3646 2380 3700 tum?
2406 3645 2610 3707 Crede,
2642 3644 2771 3698 nihil
2816 3643 3148 3698 inveniebam
3192 3641 3478 3710 aliquando
3516 3643 3570 3696 in

1994 3750 2168 3805 terra,
2197 3748 2256 3794 ut
2279 3739 2555 3794 aestimasti
2585 3738 2750 3808 gratia
2780 3738 2930 3806 pretii
2958 3754 2973 3801 ;
3012 3737 3105 3791 sed
3145 3736 3396 3804 quoniam
3436 3733 3572 3794 dixit

1995 3831 2252 3886 Dominus
2280 3850 2290 3884 :
2329 3831 2561 3899 Quaerite
2589 3830 2817 3899 primum
2845 3845 3064 3898 regnum
3103 3829 3193 3883 Dei
3227 3839 3280 3882 et
3307 3828 3571 3896 justitiam

1995 3922 2144 3993 ejus,
2191 3934 2247 3980 et
2290 3922 2404 3977 haec
2431 3920 2608 3977 omnia
2636 3920 2953 3989 adjicientur
2985 3919 3135 3974 vobis
3164 3924 3179 3988 (
3207 3919 3396 3972 Matth.
3428 3917 3523 3988 vt)
3549 3936 3566 3985 ε

1997 4018 2200 4073 idcirco
2248 4015 2585 4069 occasionem
2633 4013 2768 4081 feci,
2802 4021 3003 4066 tantum
3037 4023 3097 4067 ut
3137 4011 3446 4068 seducerem
3478 4020 3574 4078 te;

1996 4122 2054 4168 et
2101 4126 2230 4166 ecce
2270 4127 2374 4164 non
2414 4111 2530 4164 sine
2569 4123 2727 4164 causa
2766 4108 3033 4170 laboravi,
3067 4106 3162 4161 sed
3207 4104 3489 4167 invenisti,
3520 4115 3574 4160 et

1999 4205 2436 4273 superinvenisti.
2484 4205 2594 4258 Iloc
2645 4204 2805 4272 igitur
2850 4202 3062 4254 discens
3098 4211 3312 4254 sanctus
3350 4199 3576 4268 patriar».

1997 4300 2132 4370 cha,
2167 4299 2294 4353 fecit
2334 4299 2478 4352 illum
2527 4299 2722 4351 bonum
2765 4293 3126 4349 consiliarium
3170 4293 3571 4363 presbyterum.

1999 4399 2264 4457 tamquam
2297 4389 2512 4456 dignum
2541 4405 2555 4453 ;
2585 4397 2700 4442 erat
2727 4386 2869 4444 enim
2902 4386 3084 4444 lector,
3249 4431 3258 4438 .

2067 4481 2198 4536 CAP.
2229 4480 2456 4535 XLVIII.
2486 4509 2553 4520 —-
2589 4479 2652 4532 Et
2679 4478 2889 4546 quidem
2922 4476 3178 4530 hactenus
3212 4481 3338 4526 ante
3363 4483 3570 4524 memo—

322 4573 582 4619 venerunt
611 4565 804 4628 ambo,
848 4564 1104 4618 habentes
1145 4571 1199 4616 et
1239 4563 1515 4633 puerulum
1554 4574 1756 4631 septem
1796 4576 1890 4621 au-

2002 4583 2146 4629 ratus
2199 4574 2293 4628 Dei
2333 4575 2510 4628 cultor
2561 4571 2810 4634 Menuas,
2857 4569 2947 4637 qui
2994 4566 3166 4620 fuerat
3208 4561 3573 4616 vicedominus

322 4674 509 4714 norum
554 4656 890 4712 existentem.
933 4655 1063 4711 Cum
1110 4672 1236 4726 ergo
1280 4665 1588 4725 argrotasset
1624 4655 1786 4708 abbas
1836 4654 1888 4708 in

319 4750 626 4804 infirmitate
651 4747 714 4802 ad
743 4757 967 4802 mortem
987 4787 1004 4815 ,
1031 4749 1381 4803 ascenderunt
1426 4748 1491 4801 ad
1532 4747 1888 4801 visitationem

316 4841 434 4907 ejus
458 4841 525 4894 de
551 4839 764 4895 civitate
795 4855 960 4910 usque
986 4841 1052 4895 ad
1091 4852 1302 4895 centum
1349 4839 1574 4896 animas.
1622 4841 1684 4892 Et
1722 4839 1887 4893 dicit:

318 4931 516 4987 Atl‘erte
559 4945 774 5002 prunas.
806 4933 987 5000 Itaque
1014 4947 1131 4986 cum
1163 4933 1392 4987 venisset
1421 4932 1745 4987 thuribulum
1778 4932 1889 5001 (87)

320 5027 535 5094 plenum
575 5026 798 5096 prunis,
834 5027 953 5079 tulit
987 5035 1040 5081 et
1075 5026 1347 5079 evacuavit
1386 5041 1474 5079 eas
1516 5026 1566 5078 iu
1609 5026 1892 5079 veSIimen—

320 5128 430 5172 tum
457 5133 631 5184 suum,
663 5128 717 5172 et
742 5117 912 5172 dixit:
941 5116 1173 5180 Credite,
1201 5116 1410 5183 fratres,
1439 5117 1559 5182 quia
1588 5118 1725 5171 sicut
1756 5117 1893 5173 Deus

323 5212 514 5266 rubum
567 5212 851 5267 custodivit
889 5212 1279 5265 incombustum
1322 5210 1388 5264 ab
1428 5210 1576 5279 igne,
1620 5210 1756 5262 sicut
1797 5222 1894 5262 nec

325 5304 557 5358 tunicam
600 5303 739 5358 hanc
781 5319 954 5358 meam
1001 5302 1350 5357 incenderunt
1397 5317 1579 5370 prun-.e
1628 5301 1773 5364 istae,
1822 5300 1890 5354 ita

325 5409 428 5450 nec
475 5411 574 5466 ego
622 5396 813 5466 agnovi
867 5405 1138 5465 peccatum
1180 5393 1450 5460 mulieris,
1490 5407 1554 5447 ex
1595 5408 1699 5461 quo
1739 5400 1886 5447 natus

320 5503 462 5542 sum.
494 5491 560 5544 Et
587 5504 774 5545 omnes
802 5490 978 5544 mirati
1013 5499 1170 5554 sunt,
1219 5488 1485 5559 quomodo
1523 5504 1628 5541 non
1669 5487 1891 5541 ardebat

321 5582 698 5638 vestimentum
727 5582 794 5637 ab
821 5584 980 5651 igne;
1024 5591 1076 5637 et
1111 5582 1544 5651 gloriﬁcaverunt
1585 5579 1751 5634 Deum
1795 5578 1889 5631 ha-

323 5672 540 5728 bentem
565 5676 802 5731 occultos
831 5690 1037 5730 servos.
1071 5674 1146 5730 Ex
1179 5675 1460 5729 occasione
1487 5684 1662 5728 autem
1695 5689 1888 5727 nonnae

324 5765 553 5833 I'clagite
582 5766 845 5836 quondam
875 5767 1198 5831 meretricis,
1229 5766 1343 5822 alia:
1370 5764 1665 5820 fornicarite
1691 5773 1886 5820 secuta:

1997 4668 2348 4723 sanctissima:
2390 4665 2630 4720 ecclesia:
2673 4661 3158 4716 Alexandrinorum
3204 4669 3410 4724 magna:
3435 4652 3568 4706 civi-2

1997 4762 2150 4821 tatis,
2197 4757 2466 4811 enarravit
2506 4756 2679 4809 nobis.
2711 4751 2993 4822 Sequentia
3024 4759 3203 4804 autem
3233 4747 3407 4801 vilitas
3449 4759 3568 4807 mea

1997 4851 2240 4920 depinxit
2268 4867 2282 4916 ;
2313 4849 2556 4919 quaedam
2589 4863 2715 4902 vero
2743 4863 2772 4900 a
2803 4845 3114 4915 quibusdam
3143 4882 3158 4907 ,
3190 4840 3381 4910 quibus
3411 4837 3572 4905 digne

1995 4943 2324 5000 credendum
2347 4951 2446 5010 est,
2472 4939 2670 4993 audivi.
2698 4937 3003 4993 Dicentibus
3025 4950 3153 5002 ergo
3177 4931 3330 4986 nobis
3357 4931 3408 4985 in
3436 4945 3571 4999 praes

1997 5039 2158 5095 dictis
2187 5039 2238 5092 in
2268 5038 2498 5107 quodam
2529 5035 2762 5103 capitulo
2791 5033 2811 5104 (
2845 5051 2984 5103 δαίμ,
3007 5048 3053 5086 c.
3079 5030 3140 5084 Il
3162 5029 3204 5098 ),
3235 5028 3377 5099 quod
3405 5027 3570 5090 multa

1996 5128 2265 5194 spirituali
2314 5127 2602 5182 dilectione
2644 5123 2946 5192 patriarcha
2989 5129 3044 5176 et
3090 5121 3275 5175 Niceta
3318 5121 3572 5188 patricius

1996 5220 2061 5272 ad
2107 5220 2331 5272 invicem
2371 5217 2602 5286 colligati
2642 5222 2854 5280 essent,
2895 5213 3112 5282 dignum
3153 5212 3407 5270 indicium
3452 5211 3571 5269 talis

1995 5310 2339 5366 exhibitionis
2370 5322 2603 5376 praesens
2627 5307 2807 5361 existit
2833 5306 3142 5373 capitulum.

2066 5401 2310 5469 Quando,
2326 5399 2663 5470 permittente
2687 5397 2797 5452 Deo
2821 5395 2957 5468 (89),
2979 5412 3075 5468 pro
3098 5395 3330 5465 peccatis
3349 5393 3570 5456 nostris.

1994 5493 2229 5549 futurum
2258 5501 2374 5548 erat
2403 5501 2461 5546 ut
2491 5491 2788 5546 traderetur
2811 5491 3140 5547 Alexandria
3166 5493 3283 5546 sine
3306 5491 3416 5543 Deo
3441 5487 3569 5542 Per:

1995 5587 2101 5652 sis,
2135 5581 2483 5647 reminiscens
2513 5593 2691 5652 pastor
2714 5583 2980 5640 dicentis:
3011 5583 3144 5638 Cutn
3174 5579 3440 5652 persecuti
3468 5591 3565 5630 vos

1994 5677 2189 5730 fuerint
2216 5676 2268 5730 in
2301 5675 2517 5730 civitate
2547 5676 2645 5732 ista
2667 5717 2682 5742 ,
2717 5676 2882 5747 fugite
2909 5676 2963 5730 in
2990 5677 3146 5729 aliam
3191 5676 3208 5726 f
3237 5672 3425 5727 Matth.
3454 5685 3486 5721 x
3511 5666 3566 5737 ),

1995 5768 2174 5837 fugam
2222 5766 2452 5839 arripuit
2499 5766 2552 5824 in
2600 5769 2869 5840 propriam
2923 5765 3146 5836 patriam
3174 5805 3188 5828 ,
3236 5760 3476 5823 videlicet
3517 5758 3570 5814 in
