4016 6212
387 351 483 407 579

1426 345 1513 400 DE
1556 344 1730 399 VITIS
1770 341 2049 397 PATRUM
2094 342 2290 397 LIBER
2331 342 2604 398 PRIMUS.

3539 338 3653 395 580

386 464 655 532 Cyprum,
705 462 757 514 in
806 459 1072 514 civitatem
1121 473 1295 512 suam.
1343 456 1497 511 Unde
1543 457 1822 509 occasione
1869 470 1958 507 ac-
1988 454 2372 521 Aglorilicaho
2402 454 2455 523 (Ι
2485 456 2608 526 (leg.
2644 455 2721 523 ιι).
2772 455 2908 510 Vere
2955 456 3096 510 enim
3142 457 3415 526 magnifice
3444 456 3649 527 gloril‘v

388 566 546 620 cepta
569 597 584 621 ,
620 554 872 622 prwfatus
902 552 1080 605 Niceta
1113 550 1365 617 patricius
1395 548 1530 601 dixit
1569 547 1633 600 ad
1678 556 1917 599 sanctum
1947 563 1960 597 :

388 646 657 704 Obsecro.
691 645 735 697 si
780 643 953 697 inveni
996 639 1220 710 gratiam
1268 649 1390 692 ante
1431 650 1509 700 te,
1557 652 1625 691 ne
1663 636 1964 705 dedigneris

393 736 604 807 fatigari
656 749 822 804 u-que
871 733 935 786 ad
1004 732 1200 803 regiam
1268 730 1566 793 civitatem,
1606 737 1659 783 et
1697 716 1832 782 bene
1878 742 1965 781 ac-

394 839 579 895 ceptas
608 841 792 895 preces
836 835 952 878 tuas
993 824 1192 877 donare
1237 821 1492 890 piissimis
1533 820 1961 889 imperatoribus.

392 919 485 973 llle
530 935 656 973 vero
702 920 881 972 multa:
928 916 1047 969 ﬁdei
1083 914 1241 986 203
1278 915 1377 968 viri
1418 915 1793 991 consentiens,
1837 912 1967 967 obe-

399 1011 648 1068 diensad
680 1014 781 1064 hoc
812 1010 981 1064 factus
1010 1020 1093 1064 est
1130 1009 1240 1063 Deo
1278 1018 1327 1062 et
1370 1007 1625 1060 voluntati
1664 1008 1810 1073 ejus,
1848 1015 1901 1059 et
1934 1020 1965 1059 a

392 1118 453 1157 se
485 1104 663 1157 datum
692 1104 946 1156 honorem
973 1111 1223 1168 quantum
1249 1109 1362 1154 erat
1387 1099 1526 1153 circa
1553 1099 1763 1153 beatum
1788 1108 1969 1151 osten-

393 1195 522 1250 dere
553 1198 781 1250 volente.
818 1196 1056 1265 Fatigata
1086 1193 1250 1263 igitur
1278 1193 1396 1247 navi
1440 1190 1804 1260 multipliciter
1844 1206 1873 1244 a
1915 1191 1965 1243 vi

398 1294 675 1341 ventorum
701 1330 715 1352 ,
752 1288 803 1341 in
834 1301 937 1356 qua
966 1297 1181 1339 sanctus
1209 1300 1328 1339 cum
1373 1286 1594 1353 patricio
1632 1292 1780 1347 erat,
1819 1292 1873 1337 et
1912 1282 1966 1337 in

400 1378 720 1447 profundum
754 1377 1009 1431 mittenda
1040 1418 1054 1439 ,
1085 1376 1232 1430 videt
1270 1391 1413 1446 smpe
1441 1384 1767 1429 memoratus
1795 1376 1970 1443 patri-

398 1469 546 1531 cius,
577 1479 630 1521 ct
657 1469 943 1535 optimates
972 1467 1064 1535 qtti
1104 1482 1226 1520 cum
1255 1480 1321 1521 eo
1348 1476 1537 1533 erant,
1566 1480 1670 1519 una
1700 1476 1883 1528 nocte,
1913 1465 1967 1518 in

394 1576 502 1633 qua
533 1571 821 1630 tempestas
856 1561 991 1615 facta
1021 1567 1135 1624 est,
1168 1560 1517 1626 patriarcham
1558 1558 1719 1612 modo
1756 1558 1968 1627 quidem

393 1672 513 1708 cum
560 1653 879 1722 pauperibus
932 1667 1030 1721 per
1075 1653 1251 1705 navim
1295 1650 1489 1719 ubique
1536 1650 1969 1703 circumcurren-

394 1754 532 1810 tem,
566 1745 726 1798 modo
753 1752 929 1798 autem
956 1746 1145 1797 iterum
1180 1758 1300 1796 cum
1344 1744 1422 1797 eis
1453 1757 1640 1796 manus
1682 1741 1735 1794 in
1774 1740 1966 1795 coelum

2069 549 2208 602 cavit
2235 560 2474 603 sanctum
2508 550 2668 617 hunc,
2700 550 2788 617 qui
2830 550 2883 604 in
2915 550 3025 604 suis
3053 564 3262 619 semper
3297 551 3449 604 bonis
3480 552 3648 620 glori-

2069 637 2253 693 ﬂcatus
2288 651 2371 693 est
2411 641 2686 694 Dominus.
2723 640 2835 695 Non
2890 641 3029 694 enim
3076 641 3253 695 ferens
3290 641 3483 694 nobilis
3530 640 3641 703 hic,

2067 731 2344 801 temporali
2368 732 2472 784 vita
2498 747 2591 786 sua
2620 732 3000 800 conquiescere
3020 743 3202 786 sancta
3225 740 3279 786 et
3299 733 3456 801 digna
3486 734 3644 786 laude

2067 822 2226 889 bona,
2252 823 2375 891 quid
2408 823 2555 891 egit?
2597 823 2962 887 Xenodochia,
3008 824 3427 890 gerontocomia,
3483 834 3645 892 atque

2068 914 2387 968 monasteria
2417 929 2447 966 a
2476 913 2832 968 fundamentis
2861 910 3154 979 :edilicans,
3184 925 3240 969 et
3269 914 3467 969 choros
3513 930 3644 967 sau-

2067 1015 2270 1059 ctorum
2325 1007 2705 1059 monachorum
2766 1013 3037 1069 statuens,
3094 1006 3461 1060 incessabilem
3502 1021 3646 1059 vera:

2063 1096 2281 1165 justitiae
2308 1096 2620 1150 memoriam
2650 1094 2906 1163 possidet,
2938 1111 3030 1165 per
3052 1112 3112 1151 ea
3154 1111 3275 1166 qua:
3302 1096 3645 1151 celebrantur

2070 1188 2122 1241 in
2145 1187 2223 1242 eis
2254 1187 2389 1241 bona
2410 1201 2594 1257 opera.
2625 1187 2775 1254 Quod
2806 1188 2946 1242 enim
2972 1188 3039 1242 de
3070 1187 3152 1243 his
3179 1188 3269 1257 qui
3292 1188 3429 1241 mala
3457 1201 3638 1256 agunt,

2067 1287 2121 1333 et
2141 1292 2480 1333 successores
2507 1278 2841 1348 propriorum
2876 1278 3134 1332 malorum
3179 1287 3301 1348 post
3330 1288 3555 1333 mortem
3587 1280 3642 1332 iu

2074 1370 2182 1423 vita
2214 1367 2315 1423 hac
2339 1369 2668 1438 relinquunt,
2700 1370 2775 1422 ait
2819 1368 3045 1423 Domino
3088 1369 3276 1438 plenus
3309 1368 3591 1439 Apostolus
3628 1388 3640 1423 :

2070 1458 2332 1526 Quoniam
2354 1459 2703 1527 quorumdam
2756 1469 2976 1530 peccata
3032 1460 3312 1516 manifesta
3339 1468 3641 1530 sunt,prae-

2068 1553 2308 1609 cedentia
2336 1554 2402 1607 ad
2419 1553 2707 1622 judicium;
2740 1552 2995 1622 quosdam
3024 1565 3200 1608 autem
3224 1562 3281 1609 et
3308 1556 3644 1624 subsequun-

2071 1654 2177 1701 tur.
2196 1647 2307 1701 Hoc
2324 1657 2539 1701 econtra
2561 1644 2676 1717 (95)
2697 1646 2763 1701 de
2785 1652 2883 1703 hoc
2899 1648 3052 1702 beato
3071 1648 3351 1705 dicendum
3369 1658 3452 1704 est
3471 1666 3486 1702 :
3509 1648 3644 1717 Quo-

2070 1738 2213 1792 niam
2234 1738 2579 1807 quorumdam
2593 1741 2812 1809 justitize
2827 1742 3122 1796 manifestae
3143 1751 3267 1795 sunt
3284 1743 3645 1812 praecedentes

394 1836 774 1889 cxtendentem
795 1874 811 1899 ,
841 1842 895 1889 et
934 1834 1002 1887 ab
1042 1834 1150 1888 alto
1191 1832 1960 1907 adjutorium{abstraltenteun
1996 1833 2041 1893 Β
2070 1828 2122 1881 in
2165 1842 2386 1897 regnum
2434 1831 2687 1886 cmlorum
2717 1830 2772 1904 (I
2793 1832 2953 1899 Tim.,
2984 1834 3059 1902 v),
3084 1834 3340 1913 quosdam
3384 1845 3558 1889 autem
3589 1846 3641 1890 et

394 1926 632 1994 Cumque
664 1926 714 1979 in
746 1924 988 1979 Rhodum
1021 1924 1134 1993 (90)
1179 1924 1550 1993 pervenissent
1584 1922 1970 1991 ascendentes,

395 2015 542 2069 videt
566 2016 969 2085 expergefactus
999 2028 1028 2065 a
1066 2014 1175 2067 Deo
1204 2024 1425 2068 vocatus
1456 2013 1542 2067 hic
1568 2014 1850 2084 quemdam
1879 2028 1973 2067 eu-

399 2108 632 2161 nuchutn
660 2116 1026 2160 coruscantem
1056 2104 1225 2159 forma
1244 2146 1258 2170 ,
1288 2115 1340 2160 et
1380 2120 1599 2160 aureum
1626 2116 1893 2174 sceptrum
1917 2107 1969 2159 in

400 2197 583 2265 dextra
612 2206 900 2261 tenentem,
922 2197 1261 2250 assistentem
1279 2198 1376 2250 sibi
1402 2206 1455 2250 et
1478 2197 1741 2251 dicentem
1770 2215 1782 2249 :
1811 2196 1969 2262 Veni,

398 2290 527 2358 jube
554 2290 699 2360 (9i),
727 2289 842 2343 Rex
874 2290 1206 2358 regnantium
1235 2289 1427 2357 quaarit
1456 2298 1530 2345 te.
1556 2289 1691 2344 Nihil
1715 2304 1842 2358 ergo
1866 2298 1973 2344 sta-

396 2384 491 2435 tim
524 2382 827 2450 negligens,
855 2379 1079 2433 advocat
1119 2379 1397 2448 patricium
1439 2380 1672 2436 Nicetam
1696 2422 1711 2446 ,
1754 2392 1809 2435 et
1844 2383 1971 2438 dicit

394 2474 445 2526 ei
475 2487 598 2526 cum
630 2474 813 2525 multis
842 2469 1091 2540 lacrymis
1115 2487 1131 2525 :
1163 2470 1241 2523 Tu
1270 2472 1481 2539 quidem
1503 2517 1518 2537 ,
1560 2488 1593 2526 ο
1622 2474 1836 2529 domine
1858 2514 1874 2540 ,
1904 2475 1969 2529 ad

394 2574 667 2617 terrenum
716 2562 1090 2630 imperatorem
1123 2576 1209 2615 me
1236 2563 1474 2625 vocasni;
1507 2562 1599 2617 sed
1628 2565 1964 2632 praeveniens

394 2652 665 2719 caelestis,
695 2662 819 2706 ante
851 2653 1067 2706 vocavit
1096 2652 1444 2720 exiguitatem
1474 2668 1666 2708 meam.
1701 2656 1767 2708 Et
1792 2658 1971 2711 retulit

394 2747 443 2800 ei
484 2745 745 2812 eunuchi,
790 2745 896 2799 into
934 2745 1106 2814 angeli
1151 2746 1450 2811 visionem,
1495 2763 1615 2817 qua:
1654 2758 1972 2818 apparuerat

396 2840 523 2895 sibi.
568 2840 791 2895 Gavisus
828 2856 956 2911 ergo
999 2852 1053 2895 et
1080 2842 1246 2896 tristis
1278 2842 1448 2897 factus
1477 2844 1615 2899 idem
1649 2846 1971 2914 gloriosissi-

400 2948 524 2989 mus
553 2935 652 2999 vir,
683 2933 944 3004 impedire
974 2944 1214 2990 sanctum
1246 2951 1352 2990 non
1388 2938 1575 3005 potuit.
1620 2939 1846 2994 Abunde
1877 2941 1973 3010 igi-

399 3039 483 3079 tur
522 3028 723 3081 sanctis
762 3028 878 3095 ejus
921 3027 1152 3097 repletus
1190 3030 1556 3097 orationibus,
1598 3042 1653 3086 et
1688 3033 1971 3101 imperato-

402 3119 547 3172 tihns
575 3119 671 3173 bas
700 3118 948 3174 deferens
973 3164 988 3187 ,
1023 3135 1143 3172 cum
1173 3122 1341 3176 multo
1370 3121 1573 3177 honore
1606 3125 1782 3181 redire
1824 3127 1872 3181 ei
1914 3129 1966 3182 in

394 3208 624 3278 Cyprum
652 3209 826 3274 jussit.

465 3301 593 3353 CAP.
633 3300 816 3353 XLlX.
860 3330 929 3339 —
970 3301 1291 3356 Advenieute
1331 3318 1458 3372 ergo
1487 3318 1553 3358 eo
1598 3304 1650 3358 in
1697 3305 1966 3374 propriam

393 3396 683 3456 civitatem.
715 3411 833 3464 quae
863 3396 1181 3449 Amathunta
1206 3397 1320 3468 (9'2)
1350 3400 1657 3464 vocabatur,
1683 3409 1966 3456 testamen-

398 3501 508 3542 tum
538 3489 806 3557 propiium
848 3488 1082 3543 scribere
1123 3489 1229 3543 cito
1257 3490 1514 3544 ministris
1543 3492 1652 3561 suis
1696 3494 1967 3561 praecepit.

397 3580 662 3636 Velociter
687 3596 812 3635 vero
841 3589 894 3634 et
924 3581 1037 3634 sine
1075 3568 1327 3635 dilatione
1358 3558 1595 3636 chartam
1625 3582 1683 3637 et
1708 3582 1967 3637 calamum

397 3673 865 3742 prmsentantibus,
909 3673 1163 3743 prmcepit
1207 3687 1417 3725 sacrum
1460 3672 1585 3725 illud
1633 3688 1693 3727 os
1733 3672 1971 3727 scribere

396 3766 513 3819 sic:
552 3784 571 3816 ‹
608 3764 840 3820 Joannes
866 3780 1072 3830 servus,
1114 3774 1329 3834 propter
1356 3777 1473 3818 eam
1504 3779 1633 3817 vero
1673 3778 1794 3832 qua:
1850 3778 1974 3833 sup-

397 3856 567 3924 posita
588 3864 672 3910 est
690 3856 818 3910 tnihi
848 3856 1131 3911 sacerdotii
1152 3855 1483 3925 dignitatem,
1511 3854 1603 3909 Dei
1625 3856 1791 3924 gratia
1813 3855 1967 3908 liber.

401 3945 614 3999 Gratias
638 3960 757 4013 ago,
794 3946 950 4013 Deus,
977 3945 1093 4011 tibi,
1123 3944 1371 4013 quoniam
1400 3945 1668 3999 exaudisti
1700 3947 1968 4000 miseriam

401 4052 596 4102 meam,
651 4047 922 4105 rogantem
979 4036 1269 4092 bonitatem
1326 4048 1495 4104 tuam,
1545 4052 1611 4092 ne
1643 4038 1972 4093 inveniretur

401 4128 649 4183 morienti
680 4128 809 4183 mihi
865 4130 964 4183 nisi
995 4146 1129 4185 unus
1181 4131 1461 4185 tremissis.
1494 4130 1800 4186 lnveniente
1829 4132 1971 4185 enim

401 4232 489 4273 me
539 4220 592 4273 in
644 4218 943 4274 honorabili
996 4221 1265 4289 episcopio
1315 4223 1668 4279 sanctissimae
1717 4223 1972 4279 Ecclesia:

401 4310 891 4367 Alexandrinorum
923 4326 1125 4381 magna:
1154 4312 1403 4377 civitatis,
1433 4329 1591 4383 quam
1640 4329 1734 4383 per
1787 4314 1973 4369 indul-

402 4402 635 4467 gentiam
669 4402 761 4457 Dei
791 4405 1022 4472 suscepi,
1054 4403 1265 4473 quando
1294 4404 1347 4457 in
1377 4419 1437 4457 ea
1468 4416 1811 4459 consecratus
1854 4421 1969 4460 sum

399 4495 705 4564 episcopus,
735 4493 946 4550 circiter
972 4496 1239 4565 octoginta
1267 4500 1571 4551 centenaria
1600 4499 1739 4563 auri,
1768 4507 1824 4553 et
1852 4514 1970 4568 qua:

2072 1920 2483 1991 subsequuntur,
2506 1925 2572 1979 de
2592 1925 2780 1994 quibus
2804 1942 2941 1980 unus
2965 1936 3019 1980 et
3047 1927 3147 1982 iste
3166 1928 3389 1983 exstitit.
3416 1928 3483 1982 Et
3501 1945 3636 1999 quo-

2072 2016 2211 2070 niam
2245 2030 2348 2070 non
2376 2017 2573 2081 tabula,
2598 2033 2770 2088 neque
2798 2019 2863 2073 ad
2890 2019 3115 2089 gratiam
3145 2028 3241 2086 est,
3272 2020 3408 2089 quod
3436 2021 3636 2075 dictum

2070 2117 2299 2174 constat,
2358 2110 2721 2166 testimonium
2775 2112 2929 2166 nobis
2976 2111 3250 2181 perhibeat
3297 2113 3451 2182 plane
3496 2114 3641 2182 quod

2070 2214 2193 2254 mox
2224 2200 2278 2255 in
2314 2200 2547 2269 pretiosa
2601 2202 2717 2270 ejus
2744 2201 3065 2257 dormitione
3092 2210 3301 2272 gestum
3331 2212 3413 2258 est
3460 2202 3644 2272 prodi-

2069 2291 2237 2361 gium.
2271 2291 2535 2347 Tradente
2564 2294 2705 2348 enim
2742 2308 2808 2348 eo
2840 2304 2895 2348 et
2932 2295 3339 2349 commendante
3378 2293 3647 2364 propriam

2070 2385 2304 2437 animam
2328 2384 2380 2437 in
2404 2399 2562 2439 manu
2584 2384 2817 2451 Domini,
2843 2394 2901 2439 ut
2923 2386 2996 2439 ait
3020 2385 3213 2441 alicubi
3238 2399 3390 2439 sacra
3417 2385 3612 2439 Littera
3635 2405 3647 2439 :

2070 2473 2338 2530 Justorum
2382 2476 2574 2530 animae
2625 2476 2680 2531 in
2712 2492 2871 2531 manu
2915 2477 3009 2532 Dei
3066 2486 3193 2531 sunt
3234 2476 3394 2549 (Sap.
3444 2477 3551 2547 ιιι),
3598 2489 3649 2531 et

2072 2566 2209 2620 hanc
2236 2566 2287 2621 ei
2317 2576 2372 2620 ut
2396 2566 2716 2623 sacrificium
2746 2567 3073 2623 immolatum
3103 2568 3380 2636 otl'erente,
3413 2584 3533 2624 cum
3562 2585 3647 2624 re-

2074 2657 2416 2712 condendum
2445 2670 2589 2714 esset
2614 2659 2927 2716 honorabile
2953 2661 3068 2730 ejus
3088 2675 3286 2730 corpus
3336 2662 3647 2729 honoriﬁce,

2070 2761 2125 2805 et
2150 2764 2268 2805 cum
2293 2766 2528 2821 congruo
2558 2754 2926 2809 sacerdmibus
2955 2756 3059 2809 ritu
3108 2754 3163 2809 in
3207 2757 3437 2825 quodam
3468 2768 3647 2811 orato-

2071 2842 2156 2897 rio
2192 2844 2361 2897 sancti
2416 2845 2794 2900 miraculorum
2848 2847 3065 2902 factoris
3106 2846 3538 2918 'l‘ychonis(94),
3592 2848 3651 2902 ﬁt

2069 2933 2333 3003 quoddam
2362 2936 2467 2990 tale
2500 2936 2706 3004 signum
2734 2936 3049 3006 gloriosum.

2140 3025 2267 3080 CAP.
2307 3024 2369 3080 L.
2412 3056 2481 3066 —
2516 3026 2769 3083 Jacebant
2797 3030 2847 3082 in
2867 3029 3098 3097 quodam
3126 3029 3349 3095 tumulo,
3374 3032 3463 3086 ubi
3492 3032 3649 3102 etju-

2071 3128 2184 3173 stus
2214 3118 2299 3173 hic
2325 3122 2661 3189 reponendus
2690 3131 2823 3186 erat,
2854 3122 3078 3177 duorum
3128 3126 3396 3192 quondam
3429 3124 3647 3192 episco-

1994 3212 2041 3274 C
2073 3225 2285 3281 porum,
2312 3212 2400 3283 qui
2441 3223 2565 3268 ante
2605 3213 2953 3278 dormierant,
2998 3224 3182 3268 sancta
3229 3216 3496 3269 veraciter
3523 3230 3641 3269 cor-

2071 3319 2201 3374 pora
2232 3317 2534 3360 sanctorum
2562 3322 2577 3360 :
2606 3322 2724 3376 qua:
2752 3316 2805 3361 et
2849 3309 2903 3361 in
2934 3317 3121 3362 natura
3152 3307 3383 3363 exanimi
3427 3309 3635 3364 interim

2069 3398 2334 3467 degentia,
2370 3408 2618 3468 tanquam
2671 3400 2717 3454 si
2765 3403 2879 3453 vlva
2930 3416 3116 3455 revera
3158 3410 3358 3463 essent.
3390 3402 3646 3470 aequalem

2069 3498 2253 3543 sancto
2278 3488 2534 3544 honorem
2569 3491 2886 3546 tribuerunt.
2921 3489 3053 3545 Cum
3101 3491 3240 3545 enim
3273 3492 3411 3546 beati
3453 3508 3650 3562 corpus

2070 3581 2210 3638 inter
2234 3583 2367 3637 duos
2389 3583 2503 3637 illos
2524 3584 2948 3653 componendum
2973 3592 3138 3649 esset,
3163 3584 3488 3639 honorantes
3514 3600 3654 3639 sum-

2073 3693 2217 3731 mum
2251 3686 2519 3745 pastorem
2564 3690 2827 3746 pastores,
2875 3687 2929 3732 et
2956 3678 3172 3731 multam
3220 3677 3345 3748 ejus
3398 3677 3647 3732 ﬁduciam

2070 3770 2209 3836 apud
2243 3770 2406 3825 Deum
2432 3782 2766 3839 reverentes,
2797 3772 2954 3826 simul
2977 3782 3031 3827 et
3068 3772 3350 3837 mirantes.
3394 3772 3489 3828 Dei
3531 3773 3652 3843 jus-

2071 3862 2221 3916 sione
2241 3872 2487 3931 tanquam
2510 3863 2613 3917 vivi
2628 3878 2851 3933 corpora
2870 3878 2963 3917 sua
2978 3871 3289 3933 separantes
3304 3863 3438 3935 (95),
3464 3864 3515 3919 in
3534 3880 3646 3917 me-

2074 3952 2161 4005 dio
2190 3965 2399 4006 sacrum
2448 3950 2590 4007 hunc
2630 3962 3002 4023 susceperunt,
3054 3954 3311 4009 honorem
3359 3963 3411 4010 et
3456 3954 3551 4022 ipsi
3592 3956 3642 4009 ei

2073 4046 2431 4112 praeceptione
2457 4044 2552 4098 Dei
2574 4046 2713 4101 sicut
2744 4059 2772 4099 a
2814 4046 2926 4101 Deo
2955 4045 3216 4101 honorato
3245 4046 3548 4109 oﬂereotes,
3591 4056 3647 4100 et

2074 4136 2319 4191 omnibus
2355 4138 2533 4191 statim
2562 4136 2905 4192 ostendentes
2954 4154 3072 4205 quae
3114 4153 3145 4193 a
3198 4138 3309 4193 Deo
3356 4139 3405 4195 ei
3454 4139 3651 4193 donata

2074 4239 2157 4284 est
2180 4230 2404 4299 gloriam
2431 4239 2590 4300 atque
2628 4231 3031 4286 sublimitatem.
3060 4231 3211 4299 Quod
3259 4233 3557 4285 maximum
3601 4243 3657 4285 et

2075 4322 2519 4394 gloriosissimum
2550 4324 2881 4391 miraculum,
2914 4338 3018 4377 non
3049 4339 3205 4388 unus,
3237 4339 3407 4392 neque
3435 4323 3651 4385 decem,

2076 4430 2249 4485 neque
2290 4410 2501 4470 centum
2542 4416 2812 4482 viderunt,
2840 4417 2931 4470 sed
2959 4416 3133 4471 omnis
3173 4416 3319 4469 turba
3365 4430 3486 4483 quae
3516 4429 3647 4468 con-

2076 4509 2222 4561 venit
2248 4506 2316 4561 ad
2348 4507 2629 4575 pretiosam
2655 4508 2771 4575 ejus
2802 4508 3148 4577 sepulturam.

400 4587 732 4642 intraverunt
778 4587 906 4641 mihi
958 4586 1027 4641 ab
1054 4586 1239 4642 amicis
1265 4586 1484 4653 Christi,
1526 4604 1658 4658 pene
1688 4604 1963 4643 numerum
1996 4576 2045 4634 Ῑ)
2141 4597 2269 4651 (Συ).
2295 4597 2377 4652 LI.
2403 4596 2645 4668 -2ο4
2672 4597 2826 4653 Aliud
2855 4576 3029 4653 autem
3050 4599 3160 4668 ejus
3180 4595 3481 4668 gloriosius,
3499 4598 3645 4667 quod

401 4680 632 4735 hominis
663 4680 1075 4746 transcendunt;
1107 4683 1158 4735 in
1184 4684 1409 4751 seipsam
1436 4694 1665 4737 mentem
1688 4683 1964 4753 colligens,

399 4781 457 4825 et
482 4786 812 4842 cognoscens
852 4773 962 4827 haec
989 4773 1167 4826 omnia
1188 4773 1536 4829 dominatoris
1563 4776 1796 4830 omnium
1825 4791 1963 4841 esse,

400 4865 645 4920 festinavi
675 4880 737 4921 ea
766 4881 885 4934 quae
917 4866 1005 4919 Dei
1048 4874 1201 4920 erant
1230 4865 1337 4919 Deo
1367 4865 1514 4921 dare.
1566 4866 1715 4922 Unde
1744 4875 1797 4921 et
1828 4866 1968 4937 quod

404 4961 660 5013 remansit
683 4959 813 5012 mihi
840 4958 942 5013 hoc
970 4958 1231 5027 tremisse,
1266 4958 1358 5013 Dei
1387 4968 1443 5013 et
1472 4959 1572 5013 hoc
1601 4960 1859 5027 existens,
1880 4960 1967 5029 ju-

404 5050 505 5104 beo
532 5049 648 5104 dari
675 5050 758 5105 his
786 5053 874 5119 qui
906 5059 1029 5106 sunt
1058 5051 1173 5105 Dei.
1209 5068 1228 5102 ι
1258 5052 1301 5105 Ο
1327 5052 1558 5119 gloriosa
1595 5066 1681 5105 res
1701 5054 1727 5097 ὲ
1749 5065 1782 5104 o
1811 5052 1970 5105 devo-

326 5156 343 5169 ‘
403 5141 602 5197 tionem
629 5145 794 5197 sancti
827 5146 841 5196 l
874 5146 987 5197 Non
1018 5142 1263 5209 attendit,
1318 5143 1456 5197 sicut
1477 5140 1777 5209 debuisset,
1824 5143 1966 5209 Suis;

409 5234 554 5303 quod
580 5234 783 5289 faciunt
808 5236 957 5290 multi
986 5237 1075 5306 qui
1110 5236 1165 5291 in
1192 5236 1391 5291 divitiis
1414 5244 1558 5301 sunt,
1589 5236 1678 5305 qui
1710 5235 1803 5290 Dei
1830 5234 1969 5289 dona

405 5333 498 5378 aut
524 5339 590 5379 ex
620 5324 876 5393 injustitia
914 5325 1166 5393 collecta,
1200 5335 1448 5395 tanquam
1488 5327 1720 5395 propria,
1759 5334 1813 5379 et
1857 5334 1971 5377 tan-

403 5430 563 5486 quam
593 5415 638 5470 si
664 5430 723 5471 ea
751 5430 930 5470 secum
960 5415 1096 5472 ferre
1125 5428 1361 5485 possunt,
1380 5417 1757 5485 thesaurizant,
1780 5424 1834 5470 et
1862 5430 1970 5469 nou

408 5508 553 5578 large
573 5507 755 5578 egenis
781 5508 1046 5573 praebent;
1076 5508 1169 5561 sed
1200 5508 1283 5563 illa
1312 5509 1583 5579 quaerebat
1616 5523 1733 5579 qua:
1759 5522 1970 5575 semper

410 5612 646 5667 manent,
667 5615 714 5657 et
739 5602 1018 5667 aliquando
1041 5618 1144 5656 non
1167 5602 1492 5659 minuuntur.
1515 5606 1665 5662 Unde
1686 5607 1802 5660 sine
1822 5621 1970 5658 men-

403 5696 558 5749 dacio
588 5696 1090 5764 repromissiouibus
1118 5712 1220 5749 non
1252 5707 1331 5751 est
1358 5698 1647 5764 fraudatus,
1678 5715 1792 5768 qua:
1824 5714 1967 5753 asse-

408 5797 609 5857 verant,
644 5805 706 5845 ex
730 5804 955 5860 persona
979 5789 1091 5857 Dei,
1122 5789 1369 5858 quoniam
1401 5793 1484 5859 qui
1516 5792 1811 5861 gloriﬁcant
1860 5808 1966 5855 me,

2075 4687 2285 4756 quidem
2316 4686 2490 4741 adhuc
2511 4691 2692 4742 vivens
2723 4689 2775 4742 in
2798 4703 2959 4744 carne
2988 4690 3146 4757 cmpit
3176 4688 3487 4742 miraculum
3511 4730 3528 4754 ,
3554 4693 3651 4743 sed

2074 4787 2355 4848 postquam
2387 4780 2631 4848 migravit
2660 4780 2725 4834 ad
2752 4782 2938 4849 Deum,
2965 4782 3268 4849 complevit,
3294 4796 3473 4834 sermo
3502 4798 3656 4836 com-

2074 4885 2369 4926 memorare
2396 4871 2637 4927 tcntabit.
2662 4873 2848 4929 Mulier
2889 4874 3127 4944 quaadam
3158 4874 3225 4928 de
3267 4888 3328 4928 ea
3374 4890 3495 4943 qua:
3524 4890 3655 4928 saa-

2074 4974 2216 5015 ctum
2248 4964 2465 5032 protulit
2506 4965 2722 5019 civitate
2770 4964 3024 5028 existens,
3077 4981 3197 5019 cum
3239 4965 3482 5020 audisset
3531 4983 3649 5019 euut

2077 5057 2287 5111 venisse
2317 5070 2346 5109 a
2377 5056 2563 5111 Rhodo
2596 5056 2734 5123 (96),
2784 5068 2837 5112 et
2874 5059 3115 5128 angelum
3158 5060 3206 5113 ei
3259 5060 3456 5115 ibidem
3491 5075 3648 5127 appzt-

2077 5148 2267 5211 ruisse,
2320 5156 2375 5202 et
2426 5148 2752 5203 vocationem
2785 5154 2849 5204 ad
2901 5166 3236 5206 communem
3272 5152 3549 5205 Dominum
3600 5155 3648 5207 ci

2077 5238 2439 5306 denuntiasse,
2478 5254 2762 5308 peccamen
2814 5243 3187 5311 gravissimum
3220 5246 3270 5297 in
3303 5260 3364 5299 se
3392 5259 3653 5315 recogno-

2078 5345 2252 5395 scens,
2281 5333 2420 5401 quod
2468 5347 2565 5387 nec
2588 5334 2797 5388 auditus
2844 5336 3114 5389 hominum
3147 5351 3301 5404 posse
3342 5338 3544 5391 intrare
3569 5335 3645 5387 at-

2079 5422 2344 5492 ﬁrmabat,
2389 5425 2544 5479 ﬁdem
2586 5427 2939 5495 inambiguam
2988 5443 3236 5494 sumens,
3288 5428 3353 5482 ad
3401 5440 3645 5483 sanctum

2078 5518 2274 5570 cursim
2297 5519 2574 5585 pervenit;
2599 5527 2652 5571 et
2673 5518 2835 5585 pedes
2855 5517 2969 5588 ejus
2996 5520 3483 5588 comprehendens,
3525 5532 3646 5571 cum

2079 5606 2327 5675 lacrymis
2356 5608 2535 5661 multis
2564 5607 2845 5672 clamabat,
2874 5619 2927 5662 et
2956 5609 3141 5664 dicens
3173 5621 3384 5665 secreto
3412 5621 3598 5663 sancto
3627 5623 3644 5665 :

2081 5699 2379 5763 Peccatum,
2412 5716 2445 5754 ο
2472 5710 2551 5755 ter
2580 5700 2755 5768 beate,
2779 5702 2949 5757 habeo
2973 5704 3191 5770 misera,
3219 5703 3360 5772 quod
3389 5704 3455 5756 ad
3486 5718 3645 5757 aures

2081 5791 2347 5845 hominum
2406 5794 2582 5846 venire
2635 5808 2739 5847 non
2800 5805 2987 5863 potest,
3041 5808 3092 5849 ct
3120 5797 3227 5849 scio
3270 5794 3433 5863 quod,
3465 5794 3511 5848 si
3547 5811 3645 5858 tis,
