4016 6260
417 386 515 442 381

1389 376 1543 432 ΥΙΤΑ
1588 374 1830 434 SANCTI
1868 373 2147 430 JOANNIS
2184 370 2760 429 ELEEMOSYNARH.

3572 371 3673 427 582

417 510 571 571 potes
599 496 653 552 id
677 494 811 551 mihi
841 493 1148 562 indulgere;
1190 489 1323 543 dixit
1350 492 1491 545 enim
1518 490 1667 543 vobis
1697 489 1952 543 Dominus
1980 507 1993 543 :
2024 491 2077 549 Α
2102 491 2194 536 aut
2222 495 2403 552 potum
2434 484 2649 537 omnino
2698 498 2802 537 non
2843 493 3080 552 gustatis,
3115 488 3268 540 tertia
3322 497 3498 551 nocte,
3545 490 3668 541 diuit

418 591 682 660 Quoniam
712 600 1044 658 quaecunque
1087 583 1355 637 solveritis
1390 598 1550 652 super
1580 592 1795 644 terram,
1839 591 1998 637 erunt

416 684 616 745 Subita,
648 688 707 735 et
730 680 782 732 itt
813 676 1001 739 caelis;
1056 684 1111 728 et
1155 688 1483 742 quazeunque
1522 673 1812 741 ligaveritis
1840 689 1998 741 super

424 786 645 831 terram.
677 778 839 825 erunt
889 769 1047 837 ligata
1096 776 1151 820 et
1193 766 1243 818 in
1286 765 1433 819 etelis
1478 765 1691 834 (Matth.
1734 764 1998 831 xvm);et

415 880 644 933 quorum
678 860 993 917 remiseritis
1015 867 1255 926 peccata,
1286 858 1626 911 remittuntur
1647 857 1759 922 eis;
1791 866 1845 912 et
1866 872 1998 925 quo-

418 973 540 1013 rum
573 952 926 1015 retinueritis,
960 958 1166 1004 retenta
1196 958 1319 1002 sunt
1346 948 1527 1012 (Joan.
1556 948 1671 1015 xx).
1693 948 1816 1001 Ilaec
1838 950 1994 1001 verba

417 1047 644 1102 audiens
674 1062 704 1099 a
735 1044 960 1099 muliere
991 1050 1227 1105 sanctus,
1260 1050 1313 1093 et
1366 1041 1577 1104 timens,
1611 1040 1655 1093 si
1689 1039 1993 1108 petitionem

420 1138 536 1207 ejus
555 1136 834 1201 refutaret,
857 1132 1053 1188 noxius
1075 1133 1191 1199 ejus
1207 1132 1452 1186 tormenti
1477 1133 1646 1199 fieret,
1667 1132 1790 1185 dum
1818 1143 1998 1201 posset

421 1227 934 1296 liberariaproprio
956 1233 1174 1294 peccato
1227 1238 1323 1289 per
1352 1222 1511 1277 fidem
1562 1238 1717 1292 quam
1768 1224 1996 1278 habebat

418 1324 475 1377 in
496 1338 642 1387 eum,
677 1320 805 1375 dicit
832 1320 898 1375 ad
926 1334 1042 1373 eam
1082 1317 1357 1371 humiliter
1386 1336 1399 1372 :
1426 1319 1481 1373 Si
1510 1319 1694 1387 utique
1734 1319 1930 1385 credis,
1963 1335 1995 1371 ο

429 1413 637 1477 mulier,
666 1412 798 1477 Deo,
820 1410 960 1481 quod
986 1425 1080 1479 per
1106 1409 1470 1463 infelicitatem
1495 1425 1665 1463 meam
1696 1412 1997 1480 ignoscatur

423 1504 515 1558 tibi
534 1504 739 1558 crimen
758 1501 899 1570 quod
925 1501 1083 1566 dicis,
1106 1501 1363 1555 conﬁtere
1385 1500 1513 1554 mihi
1535 1500 1658 1556 hoc.
1678 1502 1807 1567 Qua:
1828 1502 1990 1555 dixit:

425 1597 533 1651 Non
560 1609 801 1664 possum,
830 1592 1067 1657 domine,
1100 1593 1279 1647 dicere
1322 1592 1397 1654 id,
1449 1608 1620 1661 neque
1649 1592 1791 1648 enim
1825 1603 1997 1660 potest

429 1688 630 1742 auditus
664 1685 940 1740 hominum
968 1693 1179 1753 portare
1205 1684 1357 1738 illud.
1386 1683 1523 1739 Dicit
1545 1684 1610 1737 ad
1654 1699 1771 1739 eam
1800 1685 1992 1739 iterum

430 1789 675 1834 sanctus:
709 1778 776 1831 Et
829 1777 875 1831 si
908 1774 1202 1841 erubescis,
1259 1775 1390 1830 vade
1439 1784 1494 1830 et
1539 1776 1713 1830 scribe
1764 1776 1914 1842 illud,
1946 1778 1989 1831 si

2100 590 2287 630 rursus
2314 591 2433 630 cum
2482 577 2732 646 lacrymis
2759 575 2973 631 eosdem
3021 579 3184 632 duros
3214 595 3275 631 ac
3323 579 3506 634 fideles
3556 598 3668 633 se-

2098 681 2284 721 mones
2310 667 2619 722 beatissimo
2640 668 2861 731 diceret,
2883 682 3009 721 ecce
3027 669 3299 738 egreditur
3325 671 3417 723 Dei
3443 670 3669 724 famulus

2097 760 2165 814 de
2197 760 2403 813 tumulo
2431 774 2550 827 suo,
2580 762 2828 814 oculatim
2861 775 3125 829 apparens
3164 777 3283 815 cum
3314 761 3517 817 duobus
3560 770 3662 832 epi-

2097 856 2292 920 scopis,
2322 854 2407 921 qui
2436 868 2555 906 cum
2578 868 2642 907 eo
2662 854 2931 923 jacebant,
2958 870 3063 909 uno
3088 853 3235 921 hinc,
3267 867 3319 910 et
3345 858 3517 911 altero
3548 857 3666 910 him:

2096 944 2442 1012 aSpitantibus
2472 945 2612 1017 (99),
2641 954 2696 1001 et
2724 947 2853 1002 dicit
2881 948 2947 1003 ad
2988 964 3107 1003 eam
3133 968 3145 1001 :
3180 964 3453 1020 usquequo
3482 951 3669 1003 mulier

2097 1036 2194 1091 hos
2222 1038 2310 1106 qui
2330 1038 2413 1092 hic
2428 1049 2548 1092 sunt
2562 1054 2884 1105 commoves,
2902 1050 2954 1096 et
2972 1057 3073 1095 non
3100 1042 3318 1096 dimittis
3335 1058 3427 1097 eos
3443 1042 3669 1111 quiesci--

2097 1144 2154 1182 re
2181 1128 2204 1183 ?
2235 1129 2542 1183 lnfuderunt
2570 1131 2709 1184 enim
2741 1132 2904 1185 stolas
2927 1144 3132 1187 nostras
3160 1135 3408 1206 laci‘ymm
3438 1146 3560 1188 tuae.
3606 1134 3669 1188 Et

2102 1220 2216 1271 hzec
2244 1220 2453 1284 dicens,
2484 1220 2575 1275 dat
2603 1222 2651 1275 ei
2682 1225 2950 1291 proprium
2976 1224 3245 1292 pittacium
3279 1226 3552 1289 bullatum,
3582 1226 3665 1279 di-

2096 1326 2223 1365 cens
2248 1329 2260 1364 :
2293 1312 2536 1381 Suscipe,
2565 1317 2898 1383 recognoscis
2929 1317 3073 1371 hoc?
3104 1320 3269 1386 solve,
3294 1320 3490 1387 aspice.
3526 1321 3589 1374 Et
3615 1322 3664 1371 in

2096 1406 2323 1472 seipsam
2347 1423 2412 1459 ex
2438 1406 2638 1460 visione
2671 1409 2911 1473 veniens,
2952 1411 3083 1464 vidit
3116 1412 3303 1466 iterum
3330 1422 3540 1466 sanctos
3586 1412 3666 1465 in-

2095 1497 2400 1563 gredientes
2428 1500 2478 1550 in
2528 1499 2797 1567 proprium
2850 1500 3061 1567 locum;
3106 1512 3159 1556 et
3187 1506 3421 1568 solvens,
3464 1504 3664 1560 invenit

2096 1589 2300 1643 litteras
2329 1605 2449 1643 suas
2473 1590 2695 1653 deletas,
2729 1602 2780 1644 et
2809 1593 3249 1658 subscriptionem
3281 1595 3381 1647 sub
3420 1596 3521 1657 eis,
3570 1597 3661 1650 ha—

2094 1679 2304 1733 bentem
2331 1680 2405 1732 sic
2432 1697 2444 1731 :
2490 1679 2709 1749 Propter
2726 1680 2975 1734 Joannem
2992 1680 3198 1735 bervum
3229 1700 3414 1750 meum,
3445 1686 3663 1739 deletum

2093 1781 2167 1823 est
2198 1783 2455 1839 peccatum
2486 1782 2644 1824 tuum.
2674 1773 2804 1839 Quis
2845 1774 3091 1842 loquetur
3139 1777 3403 1844 potentias
3432 1777 3659 1845 Domini,

425 1871 561 1926 nosti
600 1872 831 1935 litteras,
878 1879 933 1924 et
976 1868 1058 1923 fer
1107 1868 1257 1922 mihi.
1289 1867 1379 1923 llla
1434 1869 1625 1924 iterum
1672 1871 1944 1938 reSpondit
1974 1887 1989 1924 ε
2025 1857 2068 1916 Β
2094 1880 2127 1917 o
2151 1864 2304 1918 amici
2336 1876 2389 1919 et
2419 1865 2647 1919 fratres?
2698 1868 2794 1931 Qui
2825 1868 2893 1921 ita
2924 1868 3228 1923 misericors
3257 1870 3537 1923 etamator
3568 1871 3661 1923 ho-

425 1960 585 2027 Vcre,
612 1961 848 2028 domine,
881 1976 987 2015 non
1018 1974 1257 2029 possum.
1290 1959 1615 2026 Exspectans
1650 1975 1780 2030 ergo
1816 1962 1987 2015 mndi-

425 2068 549 2107 cum
569 2052 696 2123 quid
723 2064 923 2117 tacens,
951 2050 1083 2106 dixit
1112 2051 1161 2106 ei
1186 2069 1199 2105 :
1227 2050 1342 2105 Non
1373 2060 1518 2119 potes
1539 2053 1773 2108 scribere
1798 2062 1853 2107 et
1876 2053 1993 2108 bul-

427 2146 564 2211 lare,
585 2156 639 2200 et
658 2146 850 2201 afferre
875 2144 1005 2199 mihi
1032 2145 1055 2198 ?
1085 2143 1235 2199 Tunc
1262 2142 1394 2197 dixit
1417 2144 1466 2199 ei
1491 2162 1504 2198 :
1538 2145 1782 2209 Possum,
1816 2145 1989 2199 domi-

434 2253 526 2304 ne,
559 2238 660 2291 hoc
689 2237 847 2303 facio,
886 2252 1072 2307 rogans
1112 2236 1477 2294 honorabilem
1529 2249 1584 2293 et
1631 2238 1991 2307 coangelicam

431 2329 662 2382 animam
695 2337 840 2383 tuam
876 2344 943 2383 ne
991 2329 1243 2393 solvatur,
1297 2343 1468 2398 neque
1510 2329 1620 2383 ullo
1649 2330 1807 2384 modo
1847 2329 1992 2385 inve-

432 2416 656 2471 niatura
699 2419 930 2487 quolibet
954 2420 1221 2487 pittacium
1257 2420 1367 2490 (97)
1400 2418 1500 2474 hoc
1527 2420 1829 2489 aliquando.
1854 2421 1982 2476 Ver-

423 2509 548 2561 bum
577 2508 740 2579 igitur
768 2510 1031 2579 accipiens
1060 2527 1090 2565 a
1126 2512 1236 2566 Deo
1282 2513 1605 2568 honorabilis
1628 2515 1768 2583 quod
1818 2513 1993 2568 nullus

422 2600 584 2653 homo
629 2600 865 2655 solveret
910 2612 1003 2655 aut
1061 2603 1261 2673 legeret
1308 2603 1425 2674 ejus
1456 2604 1755 2673 pittacium,
1809 2605 1993 2660 abiens

420 2689 633 2761 scripsit
659 2692 870 2761 propria
894 2709 1053 2748 manu
1091 2708 1384 2764 peccatum,
1418 2707 1472 2751 et
1513 2697 1721 2751 bullans
1769 2699 1994 2765 portavit

428 2785 603 2841 beato.
622 2785 935 2857 Suscipiens
965 2805 1092 2857 ergo
1118 2801 1333 2844 sanctus
1364 2791 1657 2859 pittacium,
1695 2801 1813 2858 post
1840 2792 1994 2860 quin-

432 2892 535 2946 que
556 2877 667 2933 dies
691 2878 757 2931 ad
794 2880 1072 2933 Dominum
1121 2885 1389 2949 profectus
1420 2891 1521 2948 est,
1552 2882 1754 2937 nemini
1797 2883 1992 2951 aliquid

438 2970 505 3024 de
531 2971 824 3039 hujusmodi
882 2973 1097 3039 pittacio
1139 2985 1228 3027 aut
1255 2975 1566 3043 disponens,
1598 2984 1689 3028 aut
1730 2974 1992 3047 indicans.

440 3061 615 3117 Mulier
641 3064 819 3133 itaque
852 3064 1093 3128 fortuitu,
1139 3065 1247 3119 imo
1286 3068 1681 3135 dispensatione
1728 3067 1843 3129 Dei,
1889 3082 1994 3120 non

435 3154 658 3208 existens
709 3155 761 3208 in
794 3156 1009 3210 civitate
1035 3156 1124 3209 die
1149 3156 1204 3209 in
1227 3172 1329 3225 qua
1357 3158 1647 3212 translatus
1668 3160 1819 3212 estin
1864 3171 1992 3226 pace

427 3248 493 3303 de
516 3248 711 3303 saeculo
738 3248 843 3304 isto
881 3250 945 3303 ad
973 3249 1113 3303 aliud
1143 3250 1462 3318 patriarcha,
1493 3251 1705 3305 volente
1735 3258 1784 3305 et
1812 3250 1864 3304 in
1897 3251 1997 3304 hoc

424 3338 790 3396 demonstrare
837 3340 948 3395 Deo
992 3350 1242 3411 quantam
1290 3340 1428 3409 apud
1458 3357 1601 3406 eum,
1635 3352 1816 3410 utpote
1868 3356 1996 3411 pro-

424 3422 574 3503 prius
599 3433 848 3499 famulus,
891 3434 1135 3488 ﬁduciam
1171 3435 1495 3503 possidebat.
1535 3436 1639 3489 Sed
1683 3444 1803 3503 post
1839 3450 1996 3488 unam

424 3525 563 3580 diem
600 3524 988 3580 recouditionis
1023 3526 1239 3594 pretiosi
1283 3527 1399 3594 ejus
1453 3527 1639 3592 lipsani
1681 3525 1795 3599 (98)
1839 3527 1999 3580 adve-

424 3616 594 3679 niens,
624 3630 749 3670 cum
779 3616 1013 3670 audisset
1032 3616 1405 3670 dormitiouem
1444 3617 1578 3684 ejus,
1603 3631 1787 3670 amens
1814 3623 1869 3669 et
1895 3616 1998 3669 de-

428 3705 621 3774 sipiens
649 3705 1034 3776 propemodum
1074 3706 1208 3759 facta
1249 3717 1351 3772 est,
1382 3705 1694 3760 existimans
1723 3706 1995 3775 pittacium

430 3799 560 3867 quod
581 3797 827 3864 dederat,
848 3798 901 3852 in
927 3799 1200 3867 episcouio
1230 3801 1492 3864 relictum,
1525 3798 1771 3855 omnibus
1800 3801 1998 3853 faceret

426 3891 630 3960 culpant
662 3890 777 3960 ejus
805 3891 1159 3945 manifestam.
1191 3891 1309 3945 Cito
1332 3906 1458 3960 ergo
1486 3892 1746 3951 resiliens.
1775 3901 1827 3946 et
1858 3891 1993 3959 prio-

429 3996 537 4049 rem
569 3980 728 4035 fidem
758 3996 906 4035 suam
949 3980 1346 4034 indubitabilem
1392 3995 1549 4048 super
1582 3982 1815 4035 animam
1850 3996 1997 4035 resu-

427 4086 595 4139 mens,
620 4087 797 4126 arcam
827 4088 855 4125 a
889 4072 997 4126 Deo
1040 4071 1281 4125 honorati
1323 4072 1703 4142 apprehendit;
1745 4085 1819 4139 et,
1860 4073 1997 4126 sicut

412 4165 620 4219 'viventi
643 4165 692 4219 ei
736 4166 1021 4226 veraciter,
1060 4166 1130 4218 ita
1186 4166 1392 4219 turbata
1424 4165 1734 4233 perhibebat
1769 4183 1782 4217 :
1828 4164 1997 4218 Homo

424 4254 542 4320 Dei,
575 4255 667 4310 tibi
693 4255 795 4309 hoc
833 4265 1105 4324 peccatum
1146 4272 1250 4309 non
1284 4257 1426 4324 potui
1452 4271 1726 4322 enarrare,
1759 4271 1825 4310 eo
1852 4256 1995 4324 quod

425 4362 585 4415 supra
613 4347 828 4401 modum
861 4348 1120 4401 existeret
1144 4362 1328 4415 grave,
1360 4357 1412 4402 et
1434 4362 1560 4403 ecce
1589 4363 1729 4402 nunc
1751 4348 1996 4403 omnibus

426 4438 617 4492 factum
645 4449 725 4492 est
754 4439 969 4492 forsitan
1001 4438 1333 4493 manifestum
1377 4448 1431 4493 et
1453 4439 1719 4507 cognitum
1749 4457 1763 4505 ;
1795 4441 1992 4493 utinam

427 4547 530 4584 non
560 4531 655 4584 tibi
685 4547 793 4586 rem
825 4546 996 4585 meam
1025 4531 1467 4585 manifestassem.
1501 4530 1613 4585 Heu
1640 4532 1653 4585 !
1688 4535 1790 4586 heu
1822 4533 1948 4585 ntihi
1975 4534 1988 4586 ε

425 4632 616 4691 putans
645 4622 970 4675 confusionis
1016 4622 1406 4677 absolutionem
1456 4622 1717 4691 invenire,
1750 4623 1991 4678 confusio

425 4712 671 4766 omnibus
695 4712 828 4766 facta
855 4728 1005 4775 sum;
1030 4727 1125 4781 pro
1151 4713 1358 4768 medela
1382 4713 1759 4783 blasphemiam
1791 4716 1989 4784 recepi.

424 4803 562 4870 Quid
584 4803 710 4857 mihi
738 4803 803 4856 ad
835 4812 887 4858 te
931 4818 1063 4872 opus
1086 4813 1200 4857 erat
1228 4813 1491 4858 secretum
1519 4805 1710 4858 animae
1748 4822 1879 4859 mea!
1902 4822 1993 4874 pa-

424 4892 695 4948 tefacere?
719 4892 917 4948 Tamen
946 4910 1050 4948 non
1079 4894 1317 4947 deficiam
1349 4910 1518 4964 neque
1540 4894 1798 4959 diffidam,
1820 4912 1991 4963 neque

423 4988 710 5042 removebo
732 5002 759 5038 a
792 4986 993 5041 tumulo
1019 4987 1299 5056 lacrymas,
1331 5002 1496 5054 usque
1522 4990 1646 5041 dum
1674 4988 1991 5042 satisfacto-

423 5092 543 5132 ttem
568 5077 635 5132 de
676 5078 931 5146 petitione
969 5092 1085 5130 mea
1115 5092 1389 5145 accepero.
1442 5078 1621 5146 Neque
1663 5079 1805 5132 enim
1851 5094 1993 5132 mor-

422 5176 543 5224 tuus
569 5183 650 5235 es,
700 5179 882 5224 sancte
930 5168 1047 5235 Dei,
1091 5169 1185 5222 sed
1217 5169 1368 5223 vivis.
1412 5169 1675 5237 Scriptum
1723 5181 1805 5225 est
1850 5171 1990 5225 enim

420 5262 539 5330 quia
562 5260 693 5331 justi
723 5262 773 5314 in
805 5268 1118 5329 perpetuum
1148 5260 1326 5313 vivent
1372 5260 1529 5331 (Sup.
1562 5262 1636 5331 v).
1689 5264 1991 5333 lterumque

419 5352 604 5407 eadem
635 5351 793 5407 verba
823 5365 1124 5419 assumens,
1152 5350 1398 5405 diccbat:
1449 5352 1609 5418 N.hil,
1667 5352 1826 5407 homo
1872 5355 1985 5421 Dei,

420 5452 543 5510 peto
571 5452 696 5508 ate,
728 5442 827 5495 nisi
857 5450 913 5495 ut
966 5450 1170 5497 certum
1204 5440 1370 5495 facias
1400 5456 1492 5494 cor
1528 5456 1702 5495 meum
1735 5444 1987 5512 quidnam

416 5534 485 5593 de
506 5534 629 5589 dato
662 5535 751 5589 tibi
785 5534 1003 5604 pittacia
1030 5534 1223 5588 factum
1267 5535 1378 5589 sit?
1416 5535 1553 5590 Deus
1582 5551 1708 5606 ergo
1734 5538 1825 5606 qui
1857 5538 1989 5591 dixit

416 5626 703 5695 aliquando
730 5626 797 5681 ad
830 5625 1183 5680 Chananazam
1211 5643 1225 5678 :
1260 5627 1416 5681 Fides
1443 5638 1526 5682 tua
1558 5638 1607 5682 te
1638 5630 1834 5682 salvam
1862 5631 1989 5685 fecit

411 5716 636 5783 (Matth.
668 5718 786 5785 xv),
815 5717 928 5785 ipse
954 5725 1008 5772 et
1050 5718 1188 5771 hanc
1213 5727 1412 5774 certam
1454 5718 1597 5774 fecit.
1628 5721 1816 5776 'l‘ribus
1844 5722 1988 5776 enim

416 5809 607 5885 diebus
632 5822 979 5881 perseverans
1005 5808 1071 5866 ad
1119 5810 1415 5879 sepulcrum
1472 5814 1661 5879 sancti,
1712 5824 1763 5868 et
1811 5815 1985 5869 cibum

2094 1957 2315 2022 minum,
2347 1959 2542 2013 faciens
2572 1961 2896 2014 voluntatem
2930 1962 3223 2015 timentium
3266 1977 3345 2026 se,
3377 1972 3429 2016 et
3464 1962 3660 2031 gloriﬁ-

2093 2066 2220 2106 cans
2241 2052 2596 2120 glorificantes
2621 2066 2701 2113 se.
2726 2061 2781 2108 et
2812 2068 2904 2121 per
2925 2054 3304 2108 miraculorum
3322 2057 3659 2124 operationes

2093 2144 2436 2212 magnificans
2457 2146 2584 2199 eos?
2610 2144 2722 2199 Non
2750 2156 2924 2199 autem
2954 2145 3006 2198 in
3023 2145 3124 2201 hoc
3152 2145 3268 2199 loco
3281 2148 3472 2207 solum,
3490 2146 3658 2215 inquo

2094 2238 2323 2304 pretiosa
2351 2237 2602 2290 dormitio
2640 2236 2757 2305 ejus
2788 2236 2925 2291 facta
2948 2245 3063 2299 est,
3093 2238 3256 2306 gratia
3284 2253 3440 2305 quam
3483 2236 3659 2291 habuit

2093 2329 2231 2397 apud
2251 2328 2433 2389 Deum,
2450 2328 2781 2381 manifestata
2798 2338 2897 2391 est,
2915 2328 3005 2379 sed
3022 2329 3212 2397 ubique
3228 2328 3432 2398 longius
3446 2332 3657 2384 claruit.
3680 2388 3693 2405 ί

2163 2418 2291 2473 CAP.
2334 2419 2440 2473 LII.
2474 2448 2543 2458 --
2566 2421 2757 2473 Eadem
2789 2422 2928 2473 enim
2960 2421 3045 2473 die
3072 2421 3126 2473 in
3160 2436 3262 2487 qua
3293 2423 3355 2472 ad
3408 2422 3568 2473 Deum
3595 2439 3659 2475 ex

2095 2511 2196 2567 hac
2220 2514 2327 2566 vita
2358 2512 2545 2567 beatus
2577 2514 2673 2567 iste
2702 2513 2971 2581 profectus
2998 2523 3099 2576 est,
3130 2514 3340 2581 quidam
3359 2529 3541 2566 eorum
3571 2518 3659 2584 qui

2093 2604 2383 2672 angelicam
2414 2604 2574 2657 vitam
2607 2613 2661 2656 et
2688 2604 2903 2657 schema
2943 2604 3305 2657 monachicum
3352 2605 3508 2674 205
3565 2607 3659 2657 ha-

2094 2696 2240 2759 bent,
2273 2696 2354 2749 vir
2385 2694 2709 2748 admirabilis
2756 2703 2810 2749 et
2841 2695 3150 2758 industrius,
3174 2695 3401 2750 Sabinus
3425 2699 3657 2763 nomine,

2097 2787 2433 2841 Alexandriae
2464 2786 2729 2850 habitans,
2768 2786 2902 2839 vidit
2930 2787 3082 2855 quasi
3122 2786 3173 2839 in
3203 2800 3425 2840 excessu
3467 2789 3659 2841 mentis

2095 2877 2283 2941 factus,
2311 2878 2565 2931 divinitus
2595 2876 2907 2930 honoratum
2938 2876 3193 2931 Joannem
3216 2876 3282 2929 de
3312 2878 3525 2947 proprio
3544 2881 3663 2947 epi-

2095 2971 2276 3038 scopio
2302 2971 2656 3039 egredientem
2676 2986 2793 3023 cum
2818 2972 2959 3024 clero
2986 2970 3126 3023 omni
3151 2986 3302 3025 cerea
3345 2981 3662 3039 portantem,

2095 3072 2149 3114 et
2169 3061 2233 3114 ad
2275 3061 2646 3129 imperatorem
2677 3069 2912 3123 euntem,
2947 3070 3194 3130 tanquam
3244 3064 3491 3117 eunucho
3530 3081 3661 3132 qun-

2096 3152 2217 3206 dam
2250 3153 2329 3225 (ut
2358 3152 2473 3222 ipse
2500 3151 2709 3225 dicebat
2754 3151 3003 3221 Sabinus)
3034 3152 3358 3208 cubiculario
3401 3154 3541 3209 hunc
3572 3172 3664 3209 vo-

2024 3226 2071 3288 C
2099 3255 2270 3310 caute,
2304 3255 2578 3315 postquam
2607 3248 2821 3313 januam
2855 3246 3107 3313 episcopii
3146 3249 3296 3313 exiit,
3328 3250 3467 3316 quod
3497 3248 3662 3316 signi-

2102 3337 2219 3392 ficat
2250 3339 2443 3406 proprii
2473 3338 2708 3407 corporis
2734 3339 3143 3406 separationem,
3176 3350 3229 3392 et
3251 3356 3406 3394 unam
3433 3343 3661 3408 puellam

2101 3431 2375 3496 ntsolem,
2405 3430 2785 3498 suscipientem
2815 3446 2960 3493 emn,
2991 3440 3045 3484 et
3095 3447 3250 3484 manu
3297 3440 3584 3492 tenentem,
3613 3448 3663 3484 ct

2098 3538 2258 3591 super
2287 3533 2445 3590 caput
2469 3537 2721 3576 coronam
2753 3538 2818 3577 ex
2843 3524 2976 3577 oleze
3006 3525 3167 3576 ramis
3191 3524 3663 3578 circumamictam.

2100 3615 2217 3668 Mox
2244 3629 2371 3682 ergo
2401 3614 2611 3683 agnovit
2649 3624 2864 3668 sanctus
2906 3614 3133 3668 Sabinus
3163 3615 3532 3684 migrationem
3576 3631 3664 3681 pa.

2101 3707 2346 3762 triarehm
2378 3708 2444 3760 ad
2482 3708 2761 3761 Dominum
2789 3708 2899 3775 ipsa
2933 3708 3058 3761 hora
3093 3709 3254 3762 fuisse
3286 3708 3494 3761 factam.
3527 3708 3663 3773 Qua.

2101 3809 2311 3867 propter
2339 3798 2653 3854 adnotantes
2702 3799 2914 3868 quidem
2971 3815 3208 3853 mensem
3243 3811 3297 3854 et
3344 3802 3507 3866 diem,
3553 3813 3663 3855 erat

2097 3894 2239 3944 enim
2267 3891 2512 3956 celebris,
2538 3891 2783 3945 videlicet
2803 3892 2970 3945 sancti
2996 3893 3242 3963 martyris
3264 3894 3467 3947 Meno-.12
3492 3895 3664 3964 (100),

2098 3981 2412 4050 quibusdam
2438 3983 2767 4036 venientibus
2796 3983 2863 4036 de
2900 3982 3073 4053 Cypro
3130 3994 3530 4052 perennetantes
3559 3988 3665 4055 qui-

2100 4072 2220 4126 dam
2251 4073 2340 4141 qui
2374 4074 2681 4128 habitabant
2704 4074 3040 4128 Alexandriae
3066 4075 3131 4127 de
3159 4076 3470 4144 migratione
3499 4078 3664 4130 saneti

2100 4165 2431 4232 patriarchae,
2477 4175 2802 4233 agnoverunt
2848 4180 3025 4218 veram
3072 4164 3232 4218 fuisse
3278 4165 3551 4227 visionem,
3600 4181 3666 4219 eo

2098 4257 2236 4325 quod
2266 4258 2449 4311 eadem
2482 4258 2610 4311 hora
2642 4258 2791 4311 ﬁeret
2822 4258 2874 4311 in
2903 4274 3001 4326 qua
3032 4257 3163 4312 obiit
3188 4260 3391 4324 beatus,
3423 4269 3476 4313 et
3500 4263 3661 4311 maxi-

2099 4364 2186 4401 me
2214 4347 2281 4402 de
2303 4349 2549 4416 exemplo
2580 4349 2768 4417 puellae
2798 4365 2915 4417 qua:
2945 4364 3102 4402 manu
3128 4352 3337 4403 tenebat
3376 4365 3518 4403 eum.
3552 4354 3666 4403 Ar-

2098 4450 2312 4509 ceperat
2340 4442 2481 4495 enim
2518 4442 2960 4509 repromiSsiones
2990 4442 3056 4493 ab
3082 4456 3144 4495 ea
3176 4450 3410 4506 sanctus,
3444 4442 3580 4493 sicut
3614 4444 3661 4494 in

2100 4532 2521 4599 praecedentibus
2568 4533 2745 4586 verbis
2798 4531 2926 4585 Viite
2972 4532 3203 4585 diximus
3251 4532 3430 4600 (Sup.,
3473 4548 3518 4584 ι’.
3564 4532 3661 4599 7);

2021 4605 2073 4663 Ῑ)
2097 4622 2227 4689 Quia
2257 4624 2301 4675 si
2333 4640 2417 4677 me
2447 4624 2683 4693 possides
2712 4624 2961 4688 amicam,
3002 4639 3102 4691 ego
3125 4631 3175 4676 te
3201 4632 3322 4677 ante
3371 4620 3662 4690 imperato-

2095 4729 2206 4769 rem
2232 4713 2586 4778 introducam,
2619 4715 2758 4783 quod
2791 4725 2841 4767 et
2873 4729 3054 4768 revera
3094 4714 3236 4769 fecit.

2164 4808 2289 4861 Car.
2333 4807 2462 4860 Llll.
2486 4837 2553 4844 —
2574 4808 2689 4861 Non
2718 4817 2891 4861 autem
2913 4824 2974 4861 ex
3001 4809 3098 4861 hoc
3131 4816 3329 4863 tantum
3360 4820 3546 4860 Omnes
3572 4823 3660 4859 su-

2096 4898 2446 4952 tisfactionem
2474 4909 2813 4969 acceperunt,
2841 4900 2979 4969 quod
3008 4901 3348 4969 eleemosyna
3377 4910 3430 4955 et
3457 4903 3664 4954 miscri-

2094 4990 2274 5045 cordia
2303 5005 2457 5056 quam
2506 4990 2688 5045 habuit
2717 4990 2857 5045 circa
2882 5000 3118 5060 egentes,
3158 5005 3280 5045 eum
3307 4991 3358 5045 in
3403 4995 3659 5049 C(Blurum

2094 5098 2313 5153 regnum
2336 5084 2691 5147 deduxerunt;
2720 5083 2812 5137 sed
2837 5084 2954 5152 quia
2978 5083 3111 5136 alius
3131 5098 3315 5139 eorum
3344 5086 3429 5155 qui
3458 5088 3661 5141 habita-

2094 5176 2184 5229 bat
2209 5175 2473 5231 civitatem
2506 5176 2901 5237 Aletandriam,
2936 5175 3128 5230 timens
3160 5162 3346 5246 Deum,
3377 5180 3505 5234 vidit
3549 5183 3660 5248 ipsa

2093 5276 2249 5319 nocte
2289 5267 2339 5319 in
2367 5282 2467 5334 qua
2492 5275 2546 5320 et
2573 5276 2785 5319 sanctus
2814 5264 3066 5335 Sabinus,
3092 5283 3278 5324 omnes
3306 5285 3562 5339 pauperes
3604 5285 3660 5326 ct

2095 5357 2360 5425 orphanos
2379 5364 2536 5425 atque
2558 5356 2763 5422 viduas,
2805 5358 2936 5411 oleae
2974 5371 3152 5411 ramos
3176 5358 3490 5429 bajulantes,
3523 5373 3575 5416 et
3607 5366 3659 5418 in

2094 5450 2409 5519 patriarchae
2433 5449 2686 5519 obsequio
2714 5458 2922 5517 euntes,
2960 5460 3014 5505 et
3040 5450 3107 5505 ad
3128 5453 3407 5509 ecclesiam
3439 5471 3661 5523 pergen-

2052 5562 2057 5567 ι
2088 5548 2189 5595 tes.
2222 5541 2334 5594 Non
2364 5539 2535 5594 solum
2562 5541 2687 5607 duo,
2717 5552 2807 5596 aut
2831 5542 3038 5607 decem,
3084 5552 3177 5598 aut
3205 5555 3413 5600 centum
3444 5548 3654 5599 satisfa.

2086 5634 2290 5688 ctiones
2315 5642 2456 5700 sunt,
2490 5649 2583 5701 per
2624 5650 2754 5704 quas
2776 5635 2976 5690 scimus
3004 5634 3148 5690 clare
3175 5638 3419 5707 quoniam
3444 5649 3656 5691 sancto-

2086 5741 2203 5779 rum
2234 5739 2508 5778 numerum
2548 5728 2741 5780 meruit
2780 5729 3138 5784 memorabilis
3166 5730 3284 5792 hic;
3316 5729 3404 5781 sed
3433 5742 3557 5780 cccc
3604 5738 3660 5780 et

2088 5817 2221 5883 alite,
2256 5831 2385 5886 quas
2414 5817 2740 5886 subsequens
2772 5820 2938 5873 forma
2969 5818 3217 5872 ostendit.
