4016 6264
341 368 442 421 385

1401 369 1488 428 ωε
1532 371 1701 426 VITIS
1742 368 2020 427 PATRUM
2062 370 2261 424 LIBER
2303 369 2575 425 PRIMUS.

3486 377 3593 432 ὅδε

408 480 538 535 0⁸⁸⁵·
578 479 1095 576 υνξ-ἦΗΥηπξοδίθ
1110 487 1251 540 enim
1268 483 1625 537 ²η¹⁸ίνθτ³³τί⁸¹
1645 493 1761 551 Ρθδί
1780 486 1918 537 mu"
1941 486 1991 546 Α
2018 506 2214 560 bonum
2245 506 2335 575 qui
2366 513 2484 575 post
2515 504 2673 558 futuri
2702 515 2825 560 sunt
2868 504 3140 559 hominum
3168 525 3180 558 :
3212 516 3470 576 quatenus
3498 526 3591 565 se-

340 582 451 627 tum
481 574 1094 642 temporisdormitionis
1119 577 1288 630 sancti
1317 575 1606 642 celebrata,
1633 575 1687 630 in
1716 581 1912 645 templo

338 663 584 730 superius
613 664 891 719 memorati
925 667 1091 720 sancti
1125 664 1390 735 Tyehonis
1412 665 1784 736 (Sup.,c.49),
1821 666 1912 723 ubi

341 754 628 821 pretiosum
652 756 912 823 lipsanum
944 756 1233 811 beatissimi
1258 756 1572 825 patriarcha:
1592 756 1806 811 Joannis
1826 772 1915 811 re-

347 845 576 913 positum
605 856 688 901 est
719 863 734 900 :
764 856 882 901 erat
907 855 1082 901 autem
1110 862 1230 915 quae
1255 846 1525 900 colebatur
1548 861 1695 900 sacra
1720 846 1913 915 vigilite

342 936 624 1004 hymuodia
672 951 862 991 annuas
899 935 1282 991 recordationis
1322 935 1494 990 sancti
1542 936 1914 991 miraculorum

346 1028 563 1081 factoris
592 1026 880 1098 Tyehonis.
914 1026 961 1079 Is
991 1027 1080 1097 qui
1114 1037 1197 1081 est
1231 1027 1603 1082 miraculorum
1634 1027 1909 1091 Dominus,

340 1115 523 1169 volens
547 1116 828 1171 ostendere
847 1116 1095 1171 omnibus
1120 1115 1259 1185 quali
1291 1116 1494 1172 honore
1522 1131 1735 1172 servum
1756 1132 1912 1171 suum

340 1216 581 1261 sanctum
612 1206 868 1273 Joannem
898 1207 1114 1277 dignum
1142 1206 1348 1273 fecerit,
1380 1207 1573 1277 placuit
1592 1207 1659 1263 de
1681 1209 1912 1262 honora-

342 1299 433 1354 bili
461 1300 576 1370 ejus
600 1300 803 1369 Iipsano
834 1302 1085 1370 unguenti
1115 1300 1405 1357 saniferam
1427 1302 1741 1356 suavitatem
1769 1315 1915 1355 ema-

344 1408 495 1458 nare,
520 1409 620 1461 qua
661 1393 898 1449 universi
928 1393 980 1447 in
1010 1394 1191 1448 laetitia
1218 1392 1337 1449 freti
1365 1393 1587 1462 gloriam
1619 1392 1915 1447 retulerunt

341 1482 485 1537 Patri
514 1493 567 1538 et
594 1483 726 1538 Filio
766 1496 819 1539 et
866 1484 1082 1553 Spiritui
1128 1494 1349 1550 sancto;
1380 1500 1506 1539 vero
1558 1484 1766 1539 scilicet
1805 1484 1915 1537 Deo

343 1583 552 1642 nostro,
581 1576 667 1644 qui
700 1576 943 1645 proprios
967 1585 1181 1632 sanctos
1207 1578 1376 1645 gloria
1399 1577 1657 1646 gloriﬁcat
1686 1577 1911 1631 infinita.

418 1668 549 1723 Car.
590 1668 700 1722 LV.
729 1697 800 1710 —
836 1668 902 1723 Et
931 1668 1128 1736 nullus,
1155 1683 1188 1721 ο
1215 1669 1370 1723 amici
1402 1667 1619 1738 Christi,
1657 1669 1783 1722 tanti
1810 1668 1914 1723 ηιίφ

350 1761 515 1815 raculi
545 1762 846 1816 incredulus
876 1763 963 1815 sit.
1009 1762 1217 1816 Etenim
1251 1776 1417 1832 usque
1445 1775 1583 1815 nunc
1612 1760 1822 1814 videtur
1861 1761 1913 1815 in

343 1852 513 1919 amica
552 1852 751 1908 Christi
796 1855 1088 1924 Cyprorum
1119 1855 1311 1920 insula,

343 1944 503 2001 talem
530 1943 622 1999 Dei
646 1946 867 2014 gratiam
890 1954 1225 2013 operantem,
1247 1955 1304 2001 et
1325 1955 1571 2015 tanquam
1593 1961 1658 2002 ex
1680 1944 1913 2001 fontibus

343 2045 730 2107 unguentorum
759 2037 1073 2094 suavitatem
1101 2041 1168 2095 de
1195 2039 1438 2109 pretiosis
1465 2054 1648 2096 eorum
1695 2037 1912 2107 lipsattis

345 2128 712 2196 proﬂuentem,
744 2129 809 2184 ad
836 2131 1057 2200 gloriam
1083 2131 1321 2196 ejusdem
1348 2131 1620 2197 bonitatis,
1644 2140 1697 2184 et
1724 2130 1786 2184 ad
1815 2130 1913 2185 ho-

341 2237 524 2278 norem
556 2233 858 2279 sanctorum
885 2224 1024 2295 ejus,
1065 2236 1226 2294 atque
1273 2225 1598 2281 alacritatem
1641 2232 1695 2279 et
1730 2223 1904 2282 zelum

2014 598 2246 654 eundum
2281 597 2629 651 imitationem
2656 611 2840 651 eorum
2881 606 3278 665 conversantes,
3307 600 3508 656 eisdem
3539 610 3595 657 et

2016 706 2111 747 nos
2142 690 2433 747 honoribus
2462 691 2607 760 digni
2633 690 2932 745 efﬁciamur
2958 708 2988 745 a
3003 692 3149 760 justo
3174 692 3478 749 mercedum
3505 709 3593 749 re.

2013 783 2270 861 tributore
2298 782 2427 836 Deo.
2457 780 2755 841 Efﬁciamur
2784 783 2960 851 igitur,
2989 782 3343 846 dilectissimi,
3386 793 3440 839 et
3488 801 3591 840 nos

2014 885 2475 933 consummatores
2504 876 2927 944 przcscriptarum
2958 875 3331 929 rectitudinutu
3361 877 3594 931 sanctis-

2013 972 2133 1026 simi
2163 970 2334 1039 hujus
2378 968 2553 1025 Patris
2596 968 2761 1023 nostri
2791 968 3040 1031 Joannis;
3090 976 3146 1023 et
3197 968 3351 1038 quasi
3400 967 3593 1025 incola:

2015 1064 2305 1120 existentes
2331 1072 2385 1117 et
2410 1059 2674 1131 peregrini
2707 1061 2759 1121 in
2801 1061 2903 1115 vita
2950 1060 3073 1124 ista,
3104 1059 3157 1112 in
3186 1071 3442 1114 internum
3471 1060 3593 1117 the-

2014 1152 2345 1207 saurizemus
2386 1150 2639 1216 futurum,
2680 1164 2775 1218 per
2814 1150 3010 1219 largam
3056 1164 3176 1220 qute
3231 1149 3591 1220 indigentibus

2015 1243 2261 1297 tribuitur
2288 1241 2628 1296 donationem
2656 1240 2709 1312 (I
2732 1240 2850 1295 Cor.
2876 1242 2969 1309 Ix).
3015 1240 3247 1305 Etenim,
3293 1240 3588 1295 secundum

2012 1335 2265 1391 divinitus
2294 1334 2605 1400 inspiratum
2623 1332 2957 1399 Apostolum,
2979 1332 3065 1399 qui
3087 1334 3318 1386 seminat
3347 1333 3398 1386 in
3423 1332 3590 1387 bene-

2013 1428 2357 1491 dictionibus,
2405 1428 2472 1483 de
2509 1425 2963 1482 benedictionibus
2986 1435 3040 1480 et
3071 1435 3234 1482 metet
3270 1426 3324 1499 (I
3348 1427 3468 1483 Cor.
3493 1429 3584 1497 n);

2014 1530 2068 1576 et
2094 1536 2189 1588 pro
2215 1519 2650 1589 corruptibilibus
2695 1518 3132 1587 incorruptibilia,
3177 1534 3274 1587 pro
3319 1530 3589 1588 tempora-

2015 1612 2152 1668 libus
2180 1620 2399 1677 :eterna,
2423 1627 2542 1681 quas
2568 1611 2752 1666 oculus
2774 1625 2879 1664 nou
2900 1610 3052 1673 vidit,
3082 1626 3179 1665 nec
3200 1611 3344 1665 auris
3362 1611 3587 1676 audivit,

2015 1713 2072 1757 et
2102 1704 2152 1757 in
2184 1717 2278 1757 cor
2309 1702 2540 1757 hominis
2576 1716 2683 1756 non
2721 1700 3074 1756 ascenderunt
3111 1716 3229 1771 quae
3275 1705 3587 1772 praeparavit

2018 1791 2157 1847 Deus
2177 1792 2510 1862 diligentibus
2533 1805 2629 1845 se:
2652 1804 2769 1860 quae
2795 1803 2981 1844 omnes
3002 1804 3099 1851 nos
3128 1791 3466 1859 impetremus
3487 1808 3586 1861 per

1354 1853 1407 1908 ί¹¹
1452 1854 1914 1957 ἀίνθτδίεηδθλπξῗίίίι
1942 1862 1992 1927 Β
2016 1886 2238 1955 gratiam
2262 1853 2317 1940 ἐι
2343 1853 2760 1957 misericordiam
2787 1882 2911 1937 Jesu
2932 1882 3131 1937 Christi
3159 1853 3360 1938 Domini
3387 1853 3577 1949 nostri,

2010 1993 2129 2032 cum
2162 1990 2269 2046 quo
2294 1985 2374 2030 est
2420 1974 2559 2030 Patri
2590 1990 2693 2029 una
2719 1989 2838 2029 cum
2867 1982 3054 2029 sancto
3080 1974 3272 2041 Spiritu
3309 1976 3473 2045 gloria
3513 1985 3571 2030 et

2013 2070 2182 2123 honor
2209 2078 2261 2122 et
2290 2068 2592 2135 imperium,
2619 2083 2760 2125 nunc
2787 2076 2842 2125 et
2868 2080 3079 2138 semper
3107 2067 3161 2123 in
3184 2071 3371 2123 saecula
3396 2083 3571 2123 saecu-

2022 2161 2213 2217 lorum.
2252 2160 2444 2219 Amen.

1600 2354 1966 2409 ROSWEYDI
2002 2354 2319 2413 NOTATIO.

410 2467 487 2539 (I)
526 2466 1251 2540 Joannes.]Martyrologium
1274 2467 1590 2540 Romanum,
1622 2468 1692 2528 25
1713 2468 1908 2540 Janua-

339 2539 402 2595 rii
458 2557 471 2593 :
533 2539 922 2609 «Alexandria:
962 2539 1143 2609 sancti
1196 2539 1415 2593 Joannis
1467 2539 1904 2609 EleemOsynat-ii,

338 2608 578 2676 ejusdem
610 2608 754 2663 urbis
780 2608 1033 2677 episcopi,
1065 2608 1422 2663 misericordia
1452 2609 1503 2662 in
1533 2608 1785 2675 pauperes
1816 2624 1905 2663 ce.

340 2679 630 2750 leberrimi.
659 2697 680 2731 δ
729 2679 1080 2750 Menologium
1126 2677 1387 2750 Graecum,
1430 2679 1495 2732 12
1543 2680 1900 2750 Novembris;

342 2770 363 2801 ι
412 2748 858 2803 Commemoratio
904 2748 960 2804 S.
1015 2750 1075 2804 P.
1123 2750 1184 2804 N.
1234 2749 1451 2805 Joannis
1523 2748 1903 2818 archiepiscopi

340 2820 1079 2891 Alexandrini,cognomento
1103 2820 1420 2891 Eleemonis.
1449 2818 1542 2873 Hie
1568 2819 1663 2873 [uit
1679 2820 1903 2891 Cyprius

339 2905 554 2960 genere,
582 2889 857 2957 Epiphanii
880 2891 1019 2945 illius
1043 2890 1275 2960 regionis
1296 2892 1445 2945 ducis
1468 2891 1602 2944 ﬁlius
1629 2908 1641 2942 :
1666 2889 1754 2961 qtit
1779 2907 1898 2945 cum

340 2976 553 3015 omnem
575 2960 901 3029 diligentiam
928 2970 1086 3025 atque
1113 2977 1329 3031 operam
1350 2962 1415 3016 ad
1438 2962 1645 3015 virtutis
1670 2960 1902 3016 studium

339 3041 392 3089 et
420 3032 511 3086 Dei
538 3032 756 3099 gratiam
777 3032 1157 3087 conciliandam
1184 3033 1515 3096 contulisset,
1547 3043 1758 3099 propter
1785 3036 1903 3086 vita:

341 3102 695 3168 splendorem,
720 3100 962 3157 Heraclio
985 3105 1109 3171 imp.
1133 3111 1361 3171 petente,
1392 3103 1560 3157 factus
1588 3112 1669 3157 est
1696 3104 1903 3159 archie-

346 3175 591 3241 pisc0pus
618 3173 1023 3229 Alexandrinus.
1047 3177 1226 3242 Itaque
1250 3182 1307 3227 ut
1338 3174 1550 3228 lucerna
1580 3172 1631 3226 itt
1662 3176 1906 3228 candela-

343 3242 439 3303 bro
463 3242 629 3310 posita
649 3243 813 3299 eluxit
828 3285 840 3301 .
862 3244 1142 3311 multisque
1165 3245 1318 3297 annis
1345 3246 1396 3297 in
1413 3245 1708 3297 sacerdotio
1737 3255 1906 3298 trans-

342 3315 495 3379 actis,
528 3313 692 3366 multa
746 3314 981 3368 eﬂiciens
1014 3315 1285 3378 miracula,
1336 3315 1544 3368 abunde
1589 3317 1905 3380 pauperibus

345 3396 397 3439 et
425 3383 606 3452 egenis
634 3385 754 3437 vitae
781 3387 1078 3439 necessaria
1109 3385 1468 3454 suppeditans.
1496 3383 1643 3438 Unde
1668 3385 1907 3437 Eleetno-

345 3454 428 3524 itis
472 3464 877 3522 cognomentum
922 3457 1141 3524 aet-epit,
1183 3454 1449 3517 omnibus,
1495 3464 1547 3507 et
1592 3454 1718 3521 ipsis
1748 3456 1906 3508 etiam

344 3523 645 3579 inﬁdelibus
704 3526 1021 3581 venerabilis
1097 3526 1342 3592 migravit
1401 3525 1464 3576 ad
1523 3524 1824 3578 Dominum.
1883 3544 1903 3582 ι

347 3594 545 3719 laniem
590 3595 777 3651 eodem
822 3598 910 3652 die
958 3596 1295 3667 reperiuntur
1317 3594 1371 3652 in
1401 3595 1636 3661 Menaeis,
1672 3596 1908 3666 pauculis

347 3681 370 3719 tt
449 3679 552 3719 tis.

344 3676 552 3723 οααιιιε.

415 3734 567 3808 Quod
610 3734 869 3808 Baronius
911 3735 977 3790 ad
1015 3735 1226 3808 dictum
1254 3735 1323 3793 25
1350 3734 1585 3808 Januarii
1628 3736 1904 3801 diem‘ait,

345 3805 561 3865 Graecos
586 3806 743 3860 etiam
771 3808 959 3863 eodem
993 3807 1081 3861 die
1119 3808 1188 3862 de
1227 3821 1293 3861 eo
1330 3821 1505 3875 agere,
1546 3806 1669 3860 licet
1718 3808 1910 3862 natalis

346 3878 456 3935 dies
485 3876 607 3932 sit3
634 3877 928 3942 Februarii,
961 3876 1138 3933 nescio
1169 3876 1306 3933 unde
1336 3879 1595 3931 hauserit.
1626 3878 1742 3932 Jant
1776 3879 1912 3931 vidi-

348 3962 465 4005 mus
492 3963 559 4017 ex
584 3945 795 4003 Menaeis
823 3957 878 4002 et
906 3948 1219 4017 Menologio.
1256 3947 1322 3999 12
1348 3946 1660 4002 Novembris
1706 3964 1910 4001 memo-

349 4017 480 4089 riam
513 4015 628 4085 ejus
655 4018 797 4089 apud
824 4017 1037 4089 Graecos
1065 4015 1339 4089 celebrari.
1375 4018 1439 4071 Et
1471 4017 1604 4070 infra
1656 4018 1707 4071 iit
1753 4019 1912 4089 203

350 4085 488 4150 Vita,
514 4101 629 4154 t-ap.
654 4085 742 4155 δί,
771 4086 963 4143 dicitur
986 4086 1215 4142 Joannes
1238 4086 1434 4143 obiisse
1460 4089 1546 4141 die
1567 4089 1737 4143 sancti
1755 4085 1911 4143 Ἐπεηῖ

349 4172 451 4220 itas,
480 4156 933 4230 Mennamautem
981 4160 1468 4230 Megalutnartyrem
1517 4159 1682 4213 habes
1717 4159 1771 4230 in
1802 4161 1913 4214 Me-

349 4229 480 4285 naeis
500 4236 554 4282 et
576 4227 889 4297 Menologio,
917 4230 975 4283 ll
1008 4227 1337 4295 Novembris,
1358 4230 1546 4284 eodem
1567 4245 1686 4284 cum
1707 4229 1912 4285 Joanne

351 4311 556 4360 menSe,
588 4300 671 4351 die
702 4300 785 4353 vix
817 4299 1111 4355 dlll‘erente.

420 4368 579 4439 Addit
627 4369 819 4423 ibidem
850 4372 1106 4425 Baronius
1140 4388 1151 4423 :
1183 4368 1314 4430 Puto
1342 4368 1500 4439 hanc,
1530 4369 1719 4439 inquit,
1745 4370 1911 4439 ipsam

351 4438 442 4505 (25
468 4437 611 4499 Jan.)
641 4455 761 4495 esse
785 4442 924 4495 diem
956 4442 1303 4499 ordinationis
1329 4438 1467 4508 ejus,
1498 4437 1654 4507 quam
1684 4452 1737 4494 et
1766 4437 1916 4495 itata-

350 4510 452 4567 ietn
494 4510 598 4566 dici
648 4525 989 4566 consuthsse
1013 4521 1069 4566 et
1103 4510 1413 4565 Solemniter
1441 4510 1598 4564 etiam
1628 4512 1911 4575 celebrari,

356 4596 512 4652 supra
542 4580 789 4645 diximus,
820 4583 945 4635 dum
968 4585 1172 4652 egimus
1193 4583 1261 4636 de
1281 4581 1531 4652 cathedra
1558 4582 1722 4652 sancti
1748 4581 1909 4652 Petri.

2072 2472 2321 2547 mpigsrau.
2342 2466 2562 2547 ’ξξξιμαξι
2574 2467 2643 2547 βὶ-
2659 2472 2792 2525 κατά
2801 2471 2917 2531 τοὺς
2932 2470 3581 2547 χρόνους-,Μανρικίορ-τοῦ

2072 2490 2321 2547 ωριςεται.
2367 2490 2562 2541 expect
2579 2490 2635 2525 os
2659 2490 2917 2531 κατατους
2936 2492 2971 2523 *η
3012 2490 3152 2531 ovat):
3178 2490 3463 2547 Μανρικιου
3488 2494 3576 2528 του

2010 2490 2280 2613 gladii“.
2317 2557 2336 2590 α
2360 2539 2453 2594 Hic
2497 2540 2586 2608 qui
2623 2539 2798 2613 lectus
2834 2491 3123 2613 estﬂtei',
3152 2540 3203 2594 in
3233 2556 3336 2613 una
3362 2541 3576 2607 urbium

2009 2610 2191 2680 Cypri,
2221 2611 2416 2664 decore
2445 2610 2806 2665 sacratissimo
2833 2612 3041 2665 claruit.
3077 2611 3140 2664 Et
3166 2612 3330 2664 multa
3368 2627 3580 2680 praeco-

2012 2686 2117 2743 nia,
2150 2692 2205 2735 et
2234 2681 2449 2735 festivos
2477 2695 2754 2751 sermones
2783 2680 2899 2751 ejus
2929 2683 3206 2746 habemus,
3233 2696 3354 2735 cum
3384 2683 3581 2751 quibus

2010 2764 2092 2804 est
2116 2753 2275 2806 etiam
2298 2766 2476 2806 sermo
2504 2750 2620 2819 ejus
2643 2752 2693 2805 in
2718 2750 3261 2810 'I‘ranslitzurationem
3285 2751 3582 2809 Salvatoris

2011 2822 2197 2876 nostri.
2250 2820 2576 2889 ConscripStt
2622 2830 2800 2875 autem
2829 2830 2884 2876 et
2929 2820 3096 2875 Vitam
3139 2823 3307 2875 sancti
3357 2822 3583 2878 Joannis

2010 2892 2394 2960 archiepiscopi
2422 2890 2776 2962 Alexandriae,
2800 2900 3153 2962 cognomento
3176 2892 3499 2959 Eleemonis,
3526 2893 3582 2948 id

2011 2972 2114 3028 est,
2146 2961 2531 3028 Misericordis;
2561 2962 2686 3029 quin
2712 2973 2767 3016 et
2794 2961 2960 3018 sancti
2992 2962 3258 3017 Sitneonis
3286 2962 3581 3031 Simplicis,

2011 3042 2065 3087 et
2092 3033 2193 3101 alia
2223 3034 2484 3101 quaedam.
2530 3034 2700 3101 Atque
2730 3033 2782 3086 itt
2813 3033 3059 3086 omnibus
3087 3034 3425 3087 sermonibus
3467 3035 3583 3089 suis

2011 3100 2340 3158 orthodoxus
2367 3100 2627 3158 cernitur.
2654 3102 2854 3157 Floruit
2875 3112 3052 3156 autem
3083 3106 3411 3169 temporibus
3432 3104 3582 3159 Mau-

2012 3174 2117 3226 ritii
2146 3174 2505 3241 imperatoris.
2535 3192 2553 3225 i
2578 3176 2887 3228 Anastasius
2915 3173 3379 3240 Bibliotheearius,
3410 3175 3463 3228 in
3487 3190 3581 3229 sua

2012 3243 2259 3303 versione
2284 3259 2360 3298 vn
2390 3243 2600 3316 synodi,
2633 3255 2749 3311 post
2787 3245 3091 3316 Simeonem
3121 3243 3271 3316 addit
3297 3259 3417 3298 eum
3449 3247 3581 3300 scri-

1934 3306 1979 3370 C
2009 3316 2199 3381 psisse,
2257 3332 2275 3366 ι
2302 3306 2736 3383 turbationesque
2778 3327 2990 3381 prapter
3027 3314 3299 3368 Christum
3343 3315 3487 3368 circa
3518 3331 3577 3370 ea

2010 3392 2245 3452 tempora
2270 3387 2320 3438 in
2344 3384 2567 3439 ecclesia
2592 3383 2773 3451 factas,
2801 3402 2819 3435 ι
2849 3388 2987 3451 quod
3011 3384 3096 3438 hic
3121 3385 3271 3439 deest
3291 3384 3341 3437 itt
3366 3383 3581 3439 Gratco.

2007 3455 2187 3518 Quare
2216 3455 2296 3509 vel
2328 3455 2443 3523 ipse
2471 3453 2757 3522 perfectius
2797 3453 3038 3509 Graecum
3071 3455 3344 3517 exemplar
3391 3465 3586 3512 nactus

2010 3525 2129 3589 fuit,
2147 3527 2224 3579 vel
2249 3536 2393 3580 certe
2406 3532 2496 3580 τοῦ
2518 3525 2693 3588 Σαλοῦ.
2725 3525 2864 3593 quod
2887 3526 3161 3593 epitheton
3183 3538 3269 3580 est
3288 3526 3582 3591 Simeonis,

2008 3611 2115 3663 quo
2141 3596 2360 3663 simplex
2384 3605 2441 3649 et
2467 3597 2660 3649 stultus
2684 3594 2833 3665 Syris
2858 3597 3186 3666 designatur,
3234 3598 3348 3666 ipse
3400 3608 3579 3651 meta-

2009 3667 2277 3734 phrastice
2323 3667 2568 3735 explicat.
2616 3667 2695 3719 Ex
2731 3666 2916 3721 Griectt
2946 3665 3035 3721 τόῡ
3063 3666 3236 3725 σάλος.
3268 3665 3398 3720 Nam
3427 3668 3583 3728 σάλος

2010 3735 2206 3789 Graecis
2225 3739 2459 3806 jactatio,
2492 3738 2728 3790 turbatio.
2759 3737 2933 3801 Quare
2963 3736 3095 3790 forte
3127 3737 3255 3789 nihil
3279 3737 3433 3790 deest
3460 3750 3578 3793 tex-

2011 3808 2083 3858 tui
2126 3806 2340 3879 Graico,
2408 3808 2504 3862 sed
2549 3810 2858 3862 Anastasius
2910 3808 3085 3875 lapsus
3126 3808 3283 3861 fuerit
3326 3808 3577 3879 ambiguo

2009 3876 2247 3931 vocabuli
2277 3880 2515 3933 σαλοῦηθι
2534 3878 2717 3933 σάλου.

2081 3952 2209 4014 Qua:
2238 3963 2322 4001 res
2350 3948 2595 4015 Barouio,
2627 3958 2755 4003 tom.
2784 3946 2919 4013 VIII,
2954 3962 3094 4002 anno
3134 3945 3331 4001 Christi
3359 3946 3480 4015 594,
3522 3956 3574 4001 et

2010 4032 2149 4072 anno
2170 4018 2273 4072 620
2298 4018 2507 4073 labendi
2536 4018 2864 4070 occasionem
2895 4018 3196 4087 praebuerit,
3231 4026 3287 4071 ut
3307 4017 3575 4072 existima-

2012 4096 2082 4143 rtt
2110 4089 2387 4142 Leontium
2422 4090 2561 4143 hunc
2605 4088 2876 4141 historiam
2912 4090 2991 4140 sui
3024 4090 3279 4157 temporis
3306 4089 3577 4155 scripsisse

2013 4160 2352 4228 incipientem
2381 4175 2410 4211 a
2440 4159 2682 4213 Manritio
2730 4172 2947 4212 narrare
2987 4173 3081 4213 eas
3108 4174 3229 4228 quae
3266 4162 3486 4228 inerunt
3529 4158 3581 4211 in

2014 4227 2251 4284 Ecclesia
2305 4231 2747 4299 perturbationes.
2804 4230 3001 4282 Eadem
3046 4227 3215 4299 habet
3262 4227 3585 4299 Possevinus

2014 4315 2195 4355 noeter
2234 4300 2286 4353 in
2308 4297 2583 4368 Apparatu
2611 4298 2794 4354 Sacro.
2824 4298 3000 4365 Quare
3026 4298 3158 4354 liber
3186 4297 3273 4352 ille
3303 4298 3439 4352 forte
3472 4314 3578 4352 non

2013 4373 2236 4433 excidit,
2289 4384 2386 4425 nec
2430 4370 2624 4424 alicubi
2663 4369 2943 4431 delitescit,
2973 4384 3093 4437 qma
3131 4382 3395 4436 nunquam
3442 4368 3581 4423 forte

2013 4446 2242 4509 scriptus
2271 4441 2386 4495 fuit.
2433 4442 2543 4494 Nec
2580 4449 2726 4495 recte
2758 4444 2932 4503 priore
2959 4439 3078 4493 loco
3105 4440 3240 4507 apud
3271 4438 3577 4500 Baronium,

2014 4521 2071 4565 et
2097 4512 2234 4580 apud
2262 4510 2605 4566 Pessevinum
2632 4510 2822 4580 dicitur
2851 4510 3098 4580 Leontius
3122 4510 3436 4580 Constantia:
3458 4510 3578 4580 epi-

2015 4576 2229 4648 scopus,
2283 4582 2389 4635 iuto
2439 4580 2688 4650 Neapolis
2734 4578 2851 4634 fuit.
2907 4578 3040 4635 Vide
3091 4576 3464 4633 Onomasticon
3521 4577 3577 4630 in

352 4648 721 4743 JIIPAIIIIJ‘i'IIDUS
746 4648 1248 4743 latigfnnlldlliolxlll,
1274 4648 1774 4743 annp‘ChriStitiﬂi),
1807 4651 1911 4734 Bo-
1945 4684 1993 4743 υ
2018 4650 2286 4743 Neapolis.

352 4721 524 4778 ttil‘acii
558 4722 589 4775 V
643 4737 787 4789 papa:
837 4720 893 4785 ὅ,
938 4722 1166 4776 Heraelii
1214 4723 1342 4787 itnp.
1375 4722 1463 4787 Η,
1495 4720 1568 4777 ait
1595 4722 1735 4776 diem
1763 4723 1916 4780 anui-

351 4792 636 4847 versariam
666 4808 773 4860 qua
798 4792 949 4858 obiit,
973 4807 1092 4847 esse
1112 4791 1183 4847 25
1210 4792 1464 4847 Januarii.

424 4861 502 4931 (2)
540 4861 794 4933 Leonum]
842 4864 1166 4933 Sigebettus,
1200 4870 1438 4932 catalogo
1465 4862 1628 4917 illust.
1664 4863 1916 4918 Ecclesia;

354 4933 569 5000 Script.,
602 4950 720 5000 cap.
747 4933 812 4987 57
843 4952 856 4988 :
889 4954 905 4984 ι
940 4933 1193 5005 Leontius
1220 4935 1469 5002 Neapolis
1494 4933 1805 5005 Cypriorum
1831 4938 1913 4987 in-

353 5006 482 5055 sttla:
511 5006 808 5072 episcopus,
863 5005 1075 5073 scrip-it
1102 5003 1274 5059 Vitam
1318 5003 1549 5060 Joannis
1574 5005 1915 5059 Alexandrini

353 5074 607 5141 episcopi,
637 5076 724 5142 qui
752 5075 822 5128 ob
845 5077 1091 5130 eximiam
1122 5076 1174 5128 in
1206 5090 1466 5145 pauperes
1497 5076 1917 5135 tttisericordiam

355 5145 717 5215 agnominatttr
739 5145 1221 5215 Eleemosynarius.
1262 5165 1279 5197 ι
1312 5145 1655 5209 'l‘rithetnitts,
1678 5149 1918 5214 catalogo

357 5214 518 5272 illust.
549 5214 795 5268 Ecclesiae
814 5214 1162 5283 Scriptorum,
1196 5218 1262 5271 de
1280 5234 1345 5271 eo
1367 5218 1523 5270 etiam
1555 5218 1682 5284 agit,
1712 5226 1766 5269 cl.
1787 5217 1918 5273 nthtl

359 5296 550 5357 praiter
575 5286 713 5357 hanc.
733 5286 894 5357 vitam
923 5301 986 5340 ex
1016 5287 1131 5357 ejus
1157 5288 1366 5356 scriptis
1392 5289 1538 5341 citat.

429 5353 584 5443 Plura
606 5353 810 5443 Leontii
857 5371 1015 5443 opera
1033 5353 1332 5443 enumerant
1362 5358 1608 5443 septima
1645 5356 1919 5443 generalis

356 5424 741 5505 svttodus,_act.
757 5440 826 5505 tv.
844 5424 1005 5488 οὗτος
1025 5428 1051 5485 ὁ
1071 5431 1401 5505 infirmius
1420 5428 1685 5505 «arripiet!
1706 5433 1919 5505 μιᾷττῖυ

356 5494 545 5584 «diem
570 5498 769 5571 κύπρου
785 5498 1099 5586 ξερρτςρεπῶς
1123 5494 1375 5586 βιὲτρξψεο
1408 5503 1490 5553 καὶ
1517 5494 1681 5586 «Lyci
1699 5494 1921 5586 ἓγδὶῴμεα
1942 5563 1948 5569 1

358 5568 439 5620 καὶ
465 5568 844 5643 πανηγνμκοὺέ
874 5568 1052 5639 λὸῖγους
1078 5568 1247 5643 αὐτοῦί
1264 5568 1479 5639 ἔχομεν·
1514 5569 1617 5639 μεθ’
1641 5569 1710 5643 -ὧν
1732 5568 1817 5643 agi
1843 5575 1916 5629 εἰς

357 5642 445 5712 τήν
464 5638 960 5712 μταριόῥφωσινᾲτοῆ
976 5647 1200 5711 Σωτῆρος
1220 5638 1378 5708 ἡμῶν
1392 5640 1752 5712 συνεγράψω-9
1766 5638 1917 5699 δὲκαὶ

358 5710 442 5785 τὸν
460 5709 568 5785 βίῳ
585 5708 675 5765 rei}
691 5708 838 5785 5:75.03
853 5708 1507 5785 ’luéwouﬁpxtzjrtaxétt'w
1532 5708 1915 5785 ‘Dsfavdpsiag,

362 5777 774 5848 τοῠ⁷Ἐλεήμονοξ,
805 5777 880 5832 ἔτι
902 5785 997 5849 μὴν
1016 5781 1098 5831 καὶ
1115 5777 1202 5833 ’ἑόῦ
1233 5778 1375 5833 ὁσίου
1407 5789 1603 5849 Συμεῶν
1623 5788 1712 5837 τοῦ
1742 5777 1915 5843 Salui,

363 5852 441 5907 καὶ
470 5850 619 5928 ἕτερά
653 5864 781 5908 τινα·
814 5852 891 5903 καὶ
912 5848 962 5904 ἐν
990 5855 1121 5906 πᾶσι
1168 5858 1271 5910 τοῖς
1298 5848 1631 5924 λόγοιςναύτοῡ
1663 5850 1919 5918 ὀρθόδοξος

2088 4700 2351 4777 Habe-svio
2397 4700 2587 4792 eadem
2625 4721 2846 4792 synodo,
2892 4720 3100 4792 actione
3143 4715 3581 4792 eadem,_citatos

2013 4792 2215 4861 aliquot
2259 4793 2420 4847 libros
2461 4787 2669 4845 Leontii
2691 4801 2874 4845 contra
2898 4790 3111 4846 Judatos
3136 4804 3226 4858 pro
3246 4787 3581 4861 Christian-t-

2021 4855 2135 4916 ruth
2190 4864 2449 4933 apologizt,
2496 4877 2561 4915 ex
2610 4864 2799 4929 quibus
2852 4862 3013 4917 etiam
3069 4855 3310 4933 quantam
3361 4855 3585 4910 adducit

2017 4929 2248 4991 Joannes
2280 4935 2635 4986 Damascettus
2661 4940 2799 4985 orat.
2825 4935 2845 4985 l
2881 4943 2936 4986 et
2966 4933 3021 4994 5,
3047 4932 3113 4985 de
3134 4929 3352 4997 lmagin.

2092 5004 2344 5076 Barcinus
2370 5044 2385 5068 ,
2460 5003 2730 5076 notatione
2780 5004 2845 5055 ad
2885 4996 3586 5076 MartyrologiumHRtima-

2019 5092 2141 5130 ηυιιι
2181 5073 2252 5125 25
2292 5074 2542 5147 Januarii,
2572 5074 2836 5129 existimat
2864 5067 3128 5147 duplicem
3159 5067 3364 5147 Leontii
3394 5067 3587 5147 editio-

2020 5163 2139 5200 nem
2186 5155 2239 5198 et
2283 5143 2676 5197 translationem
2720 5158 2838 5197 esse
2889 5144 3027 5196 inter
3071 5156 3132 5195 se
3170 5142 3585 5215 diversamgjn

2020 5231 2242 5284 quarum
2268 5217 2433 5267 altera
2463 5216 2635 5281 altqua
2666 5215 2923 5284 habentur
2946 5227 3064 5281 quae
3094 5215 3144 5263 in
3175 5210 3342 5284 altera
3369 5206 3583 5284 deside-

2021 5276 2226 5341 rantur.
2281 5287 2375 5338 Est
2396 5276 2607 5349 quidem
2639 5284 2831 5352 duplex
2862 5276 3044 5345 editio,
3075 5289 3130 5334 et
3152 5278 3429 5333 translatio
3453 5276 3585 5330 Vitae

2019 5357 2239 5415 Joannis
2257 5356 2701 5429 fEleetuosynarii,
2730 5356 2823 5407 sed
2852 5356 3063 5429 diverso
3092 5359 3338 5429 auctore:
3364 5362 3584 5429 una-au-

2021 5440 2222 5480 ctotetn
2254 5427 2411 5479 habet
2436 5417 2733 5487 Leontium,
2761 5439 2880 5493 quae
2904 5424 3158 5493 hactenus
3183 5421 3365 5493 existit
3385 5419 3436 5471 itt
3456 5417 3590 5470 Vitis

2023 5496 2257 5559 Patrum,
2289 5506 2341 5548 et
2369 5497 2589 5550 habetur
2620 5490 2836 5550 tomo'll
2865 5490 3162 5561 Lipomani.
3206 5490 3592 5561 Alteraaucto-

2023 5582 2136 5620 rem
2166 5568 2324 5620 habet
2348 5566 2775 5633 Metaphrastetu,
2803 5560 2956 5630 quam
2989 5562 3152 5618 habes
3177 5560 3317 5631 apud
3339 5560 3593 5628 Lipoma-

2023 5653 2170 5701 Itunt,
2204 5648 2343 5688 tomo
2377 5636 2413 5687 V
2442 5645 2496 5689 et
2514 5636 2746 5699 Suriutu,
2780 5644 2922 5689 tumo
2948 5633 2987 5688 L

2093 5698 2171 5775 (ὅ)
2208 5705 2862 5779 Andalusia]Sigebertus,
2886 5717 3066 5773 supra,
3087 5717 3215 5779 eap_._
3234 5698 3374 5779 ιρι-ε
3411 5719 3429 5749 ι
3450 5701 3592 5778 Ana-

2025 5771 2235 5839 stasius,
2282 5771 2742 5842 jubentc'NiénIao
2770 5790 2927 5843 papa,
2956 5771 3243 5839 transtulit
3268 5771 3593 5843 ἰη]»θιὶιιυιιι

2028 5848 2199 5900 Vnam
2250 5840 2467 5901 Joannis
2523 5840 2960 5917 Elecmo‘syttarti,
3011 5845 3263 5913 scriptam
3316 5840 3507 5897 Graios
3562 5856 3590 5892 a
