4016 6228
1752 334 1793 339 μ-
1816 334 1855 339 ..ν
1874 333 1979 339 ψ--
1994 330 2227 339 -αο--ροο-
2240 330 3127 338 ιμνμννλύ-ρ-..Μ-Μλο-

1715 446 1876 487 ιιιςιιι
1925 446 2057 486 νιιι.

1056 586 1533 698 ν’ῙΤΔ
1606 581 2729 698 εΛΝατοιωιιι

636 799 1652 976 EPICTETI
1770 808 3150 955 PRESBYTERI

796 1218 1528 1368 ASTION
1541 1218 1722 1363 IS

1940 1215 2760 1364 [ONACHI
2822 1131 2990 1410 (η’,

1301 1459 1865 1544 AUCTORE
1920 1459 2479 1544 INCERTO.

336 1738 502 1793 Cum
530 1727 1203 1795 Paruum—Temporibus
1234 1726 1543 1780 Diocletiani
1576 1725 1838 1795 prtil‘anis-
1866 1735 1912 1788 Α
1948 1742 2071 1779 cum
2105 1729 2291 1796 pignus
2319 1744 2411 1794 per
2441 1739 2581 1783 tuam
2612 1730 2833 1799 gratiam
2860 1746 3176 1803 recuperare
3202 1738 3255 1794 εη
3284 1740 3515 1811 priorem

268 1830 381 1884 simi
413 1830 742 1890 imperatoris
776 1823 877 1892 (2),
907 1832 1019 1874 erat
1048 1820 1259 1889 quidam
1282 1821 1560 1891 presbyter
1588 1822 1638 1873 in
1670 1821 1832 1888 parti-

258 1920 354 1973 bus
400 1919 673 1978 Urientis,
721 1916 936 1970 nomine
980 1914 1268 1983 Epictetus.
1320 1915 1622 1981 religiosam
1670 1925 1830 1967 Vitam

251 2025 443 2079 agens,
478 2021 531 2064 et
561 2023 736 2063 castus
765 2011 816 2061 iu
846 2007 987 2060 omni
1017 2020 1109 2059 sua
1146 2007 1546 2060 conversatione
1575 2006 1829 2060 existens.

250 2101 358 2158 lite
392 2119 619 2169 namque
645 2118 672 2153 a
704 2115 859 2168 parva
888 2107 1043 2151 aetate
1075 2096 1125 2149 in
1149 2095 1367 2151 servitio
1400 2097 1604 2148 Dntuitti
1633 2098 1833 2150 enutri-

252 2207 386 2262 tus,
432 2197 781 2249 exercebatur
820 2193 872 2246 in
911 2192 1153 2245 omnibus
1197 2190 1663 2259 justiticationibus
1708 2191 1832 2243 Jesu

255 2288 463 2341 Christi
512 2285 704 2355 (Puri.
762 2284 984 2352 cxvttt).
1026 2281 1157 2336 Cum
1226 2292 1403 2335 autem
1458 2282 1521 2333 ad
1573 2290 1832 2334 maturant

260 2380 609 2447 pervenisset
671 2387 918 2437 aetatem,
964 2359 1017 2427 ut
1071 2372 1283 2429 Samuel
1343 2373 1606 2442 quondam
1657 2371 1833 2440 epltod

250 2471 593 2524 sacerdotale
616 2471 904 2537 promeruit
930 2478 1141 2537 portare
1185 2464 1241 2538 (Ι
1274 2466 1402 2539 Reg.
1452 2466 1533 2534 tt),
1584 2480 1651 2519 eo
1693 2466 1832 2535 quod

253 2563 415 2615 multa
474 2561 627 2629 signa
690 2574 752 2614 ac
818 2560 1052 2631 prodigia
1100 2573 1194 2628 per
1251 2573 1372 2613 eum
1430 2556 1609 2611 divma
1665 2556 1830 2627 gratia

256 2654 305 2707 in
370 2655 619 2708 omnibus
690 2653 1027 2720 operabatur.
1088 2652 1322 2721 Denique
1382 2664 1643 2704 caecorum
1692 2663 1834 2716 saepe

257 2746 435 2799 oculus
470 2746 799 2798 orationibus
826 2745 1177 2809 illuminabat,
1222 2744 1317 2798 sed
1372 2752 1427 2799 et
1475 2745 1713 2809 leprosos
1766 2741 1831 2795 ad

261 2852 321 2891 se
349 2838 617 2891 venientes
644 2836 990 2901 emundabat,
1024 2836 1335 2905 paralyticos
1363 2836 1603 2900 sanabat,
1655 2849 1716 2887 ac
1768 2835 1834 2887 de

268 2930 495 2985 obsessis
520 2928 818 2997 corporibus
845 2928 1107 2982 daemonia
1150 2926 1427 2996 eﬁ‘ugabat.

339 3020 461 3075 Car.
495 3021 551 3073 ll.
579 3052 636 3059 —
661 3021 825 3090 Igitur
854 3036 954 3074 una
991 3035 1022 3076 e
1053 3020 1259 3082 diebus,
1290 3021 1413 3073 dum
1441 3018 1588 3074 solus
1634 3032 1725 3072 sua
1772 3018 1825 3072 in

1939 1821 2176 1875 habitum
2197 1823 2433 1892 dignare.
2461 1831 2517 1877 nt
2539 1836 2792 1894 agnoscat
2815 1825 2927 1880 haec
2949 1831 3218 1898 generatio
3243 1834 3512 1893 incredula

1936 1924 1985 1966 et
2020 1929 2286 1980 perversa,
2318 1924 2559 1969 sanctum
2591 1928 2645 1970 et
2668 1918 2901 1974 terribile
2924 1935 3114 1975 nomen
3141 1934 3284 1978 tuum
3310 1928 3512 1987 colere.

1934 2015 1987 2059 et
2017 2022 2269 2061 enarrare
2298 2007 2556 2061 mirabilia
2590 2018 2676 2062 tua
2710 2014 2759 2062 in
2788 2011 2929 2064 omni
2964 1994 3221 2081 tempore.
3257 2016 3320 2071 Et
3365 2021 3512 2076 linita

1935 2100 2197 2160 oratione,
2220 2097 2287 2151 de
2309 2099 2637 2152 sanctiﬁcato
2653 2099 2773 2154 oleo
2793 2102 2980 2167 puellte
3004 2106 3241 2161 membra
3264 2108 3510 2164 universa

1938 2192 2208 2259 perunxit.
2236 2190 2365 2257 Quae
2390 2193 2525 2247 hanc
2549 2196 2827 2249 sanitatem
2844 2212 2906 2250 ac
2924 2199 3181 2254 medelam
3209 2216 3512 2270 consecuta,

1938 2297 2039 2334 una
2062 2298 2180 2336 cum
2204 2285 2512 2352 parentibus
2531 2287 2640 2339 suis
2665 2287 2947 2342 Dominum
2970 2290 3336 2349 benedicebat.
3373 2295 3510 2350 l‘unc

1936 2386 2151 2430 sanctus
2182 2374 2453 2442 Epictetus
2479 2377 2730 2447 prrecepit
2772 2379 2906 2445 patri
2939 2382 3129 2448 puellae
3173 2383 3355 2440 dicens
3388 2402 3403 2438 :
3453 2388 3509 2443 Si

1937 2466 2105 2537 cupis.
2129 2481 2162 2519 ο
2187 2466 2500 2521 charissime
2532 2470 2623 2528 mi.
2648 2480 2705 2522 ut
2731 2470 2870 2524 nulla
2899 2470 2967 2525 de
2993 2473 3200 2543 reliquo
3231 2475 3512 2533 iullrmitas

1936 2574 2029 2611 seu
2054 2558 2263 2612 vexatio
2290 2559 2463 2629 aliqua
2487 2561 2537 2613 in
2564 2561 2725 2614 domo
2755 2569 2841 2615 tua
2871 2565 3172 2631 pnevaleat,
3206 2582 3299 2634 per
3327 2571 3514 2638 singu-

1940 2654 2016 2706 Ias
2038 2652 2362 2721 septitnanas
2387 2670 2507 2707 cum
2543 2656 2685 2707 omni
2712 2666 2795 2707 tua
2824 2656 3014 2710 fatnilia
3046 2657 3309 2715 dominica
3333 2677 3514 2717 sacra-

1938 2754 2113 2797 menta
2142 2759 2262 2797 cum
2294 2746 2577 2801 devotione
2608 2747 2790 2800 intuna
2822 2757 2875 2800 et
2908 2750 3104 2803 mundo
3144 2755 3306 2805 corde
3336 2755 3509 2820 perci-

1936 2850 2061 2904 pere
2091 2836 2302 2890 festinal
2336 2836 2457 2890 limc
2482 2851 2600 2891 cum
2630 2838 2872 2905 dixisset,
2904 2839 3080 2894 laetum
3111 2857 3231 2896 eum
3279 2852 3334 2899 et
3370 2845 3512 2899 bono

1936 2929 2114 2980 animo
2138 2943 2257 2981 cum
2289 2929 2536 2982 omnibus
2557 2928 2623 2981 ad
2653 2929 2861 2998 propria
2888 2929 3036 2985 abire
3064 2934 3303 2999 imperat.

2006 3018 2139 3071 CAP.
2179 3016 2267 3072 111.
2293 3045 2364 3057 -
2388 3021 2514 3071 Item
2546 3019 2650 3072 alio
2697 3029 2965 3088 tempore,
2994 3021 3350 3078 daemoniacns
3389 3026 3512 3095 qni-

269 3115 393 3167 cetla
422 3113 694 3174 resideret.
717 3129 779 3167 ac
803 3116 989 3167 solitas
1010 3113 1277 3167 orationes
1296 3112 1508 3167 Christo
1527 3112 1822 3176 exhiberet,
1856 3118 1903 3178 Β
1928 3107 2050 3162 dam
2091 3108 2155 3161 ad
2187 3123 2309 3164 eum
2336 3109 2614 3163 deductus.
2646 3109 2813 3176 Quem
2842 3125 2962 3166 cum
2986 3128 3165 3167 secum
3194 3114 3388 3184 degere
3415 3115 3509 3171 Dei

261 3207 494 3272 quadam
522 3210 693 3274 puella
715 3206 928 3263 comitis
944 3207 1219 3275 cujusdam
1244 3205 1371 3268 ﬁlia,
1393 3205 1639 3259 omnibus
1658 3218 1826 3257 mem-

254 3298 358 3350 bris
385 3309 583 3364 przeter
613 3296 846 3366 linguam
877 3307 981 3351 tota
1012 3308 1217 3351 mortua
1246 3297 1311 3350 ad
1341 3311 1463 3351 eum
1494 3297 1823 3367 perducitur.

251 3392 483 3457 Cumque
532 3402 634 3458 pro
663 3388 866 3443 foribus
896 3390 1012 3459 ejus
1062 3401 1209 3458 pater
1235 3391 1393 3444 ﬁliam
1440 3390 1726 3459 posuisset,
1748 3392 1829 3443 in-

252 3497 456 3547 gressus
486 3482 604 3549 ipse
634 3476 700 3533 ad
729 3491 991 3543 sanctum.
1020 3482 1240 3553 genibus
1268 3482 1385 3551 ejus
1406 3483 1582 3537 subito
1612 3482 1832 3535 advolu-

255 3584 350 3637 tus,
382 3583 428 3625 ta
454 3573 561 3626 iter
588 3573 824 3626 clamans
848 3583 901 3625 et
925 3574 1110 3627 dicens
1136 3591 1149 3626 :
1177 3576 1427 3628 Miserere
1454 3575 1579 3639 mei,
1608 3589 1642 3628 ο
1667 3574 1829 3627 homo

260 3663 347 3716 Dei
378 3665 601 3730 excelsi,
636 3678 701 3716 eo
729 3666 865 3732 quod
907 3664 1046 3718 Deus
1072 3673 1213 3728 tuus,
1261 3675 1399 3727 totus
1429 3666 1731 3719 misericors
1776 3675 1831 3719 et

268 3756 533 3829 miserator
563 3776 594 3812 a
626 3761 795 3813 servis
819 3758 930 3812 suis
977 3759 1365 3823 pronuntiatur.
1421 3757 1497 3811 Ne
1546 3744 1675 3813 velis
1719 3775 1825 3823 me,

268 3864 449 3914 quwso,
485 3851 751 3921 projicere
783 3866 810 3902 a
841 3850 971 3903 tacie
994 3858 1104 3914 tua,
1134 3864 1253 3902 cum
1280 3849 1368 3900 ille
1387 3858 1654 3918 gratanter
1673 3851 1830 3903 susci-

264 3942 359 4007 piat
405 3957 599 3996 orenes
630 3944 693 3995 ad
738 3958 795 3997 se
843 3940 1227 4011 c0nfugientes.
1280 3941 1392 4008 Ego
1432 3943 1572 3995 enim
1620 3945 1829 3996 unicam

262 4032 421 4084 habeo
450 4033 616 4086 ﬁliam
651 4048 818 4086 annos
863 4030 974 4086 fere
1003 4048 1069 4085 xv
1098 4034 1268 4085 astatis
1297 4043 1561 4098 agentem,
1594 4033 1686 4087 sed
1721 4033 1832 4087 haec

268 4139 353 4193 per
376 4126 666 4179 triennium
693 4126 942 4192 temporis
962 4139 991 4177 a
1024 4126 1179 4179 nimia
1208 4127 1432 4197 paralysi
1453 4126 1706 4179 dissoluta
1729 4137 1830 4178 est.

264 4214 431 4282 itaque
463 4234 573 4272 non
601 4217 786 4271 dubito
815 4219 952 4286 quod
987 4216 1073 4272 ille
1102 4217 1192 4286 qui
1223 4233 1295 4270 χιι
1341 4233 1599 4271 annorum
1634 4216 1832 4270 ﬂuxum

262 4314 531 4381 sanguinis
560 4312 832 4367 restrinxit
860 4310 1069 4382 (Matth.
1106 4312 1205 4380 ix),
1248 4314 1459 4379 poterit,
1496 4311 1541 4365 si
1580 4311 1829 4375 voluerit,

259 4414 311 4458 et
339 4408 457 4459 tilia
488 4422 621 4459 mea:
645 4420 735 4471 per
758 4414 808 4459 te
830 4405 1089 4475 integram
1114 4403 1527 4459 incolumitatem
1561 4412 1832 4469 praestare,

1933 3206 2093 3257 homo
2117 3204 2349 3269 fecisset,
2374 3204 2535 3272 cmpit
2563 3204 2793 3258 triduum
2826 3205 3001 3260 taliter
3020 3205 3262 3262 diabolus
3291 3210 3355 3262 ad
3386 3224 3508 3264 eum

1930 3295 2209 3348 vociferari
2239 3302 2294 3347 et
2331 3294 2511 3348 dicere
2538 3312 2553 3349 :
2584 3293 2628 3347 0
2665 3309 2814 3361 crux,
2843 3309 2878 3350 ο
2909 3308 3192 3365 tormenta,
3236 3315 3355 3370 qua:
3394 3302 3511 3355 sine

1929 3400 2087 3442 eausa
2118 3387 2310 3450 patior.
2339 3385 2508 3453 Quam
2548 3386 2686 3441 bene
2732 3387 2859 3441 mihi
2907 3404 3118 3459 semper
3168 3393 3218 3445 in
3272 3393 3512 3462 thrygize

1933 3481 2169 3549 partibus
2215 3487 2366 3548 erat,
2411 3481 2683 3549 quomodo
2724 3482 2959 3550 quotidie
3004 3486 3306 3539 horninhus
3353 3492 3513 3561 212

1934 3588 2109 3627 meum
2155 3574 2475 3627 sacrilicium
2524 3575 2789 3643 ritumque
2832 3577 3155 3630 suatleham?
3207 3579 3256 3632 in
3304 3583 3517 3647 quantis

1931 3665 2109 3734 itaque
2138 3664 2428 3730 honoribus
2457 3679 2555 3734 ego
2586 3667 2749 3720 miser
2779 3666 2888 3719 illic
2918 3668 3197 3735 degebant,
3228 3674 3321 3723 sed
3366 3685 3511 3723 nunc

1933 3770 2100 3825 usque
2128 3770 2232 3809 non
2265 3756 2517 3820 intellexi,
2547 3770 2615 3811 eo
2661 3758 2799 3824 quod
2855 3758 3072 3813 levitate
3119 3763 3345 3829 quadam
3392 3762 3516 3819 inde

1932 3846 2132 3902 recessi
2152 3857 2208 3902 et
2234 3849 2335 3901 huc
2366 3849 2604 3916 perveni.
2637 3849 2745 3917 Ego
2768 3848 2846 3920 (3)
2876 3865 3102 3917 namque
3131 3867 3245 3905 sum
3279 3856 3387 3921 ille,
3420 3857 3512 3925 qui

1935 3952 2030 4007 per
2061 3937 2370 3991 Montanum
2403 3938 2627 4005 plurima
2673 3940 2856 4001 verba,
2886 3947 2940 3992 et
2984 3940 3311 4009 blasphemia
3362 3943 3517 4012 plena

1934 4032 2153 4099 protuli.
2186 4030 2298 4100 Ego
2327 4045 2418 4098 per
2448 4031 2789 4084 Maximillam
2816 4031 3024 4087 diversa
3070 4014 3364 4103 perpetravi
3396 4051 3513 4091 sce-

1937 4122 2073 4178 lera.
2120 4122 2227 4191 Ego
2260 4132 2424 4175 totam
2452 4122 2597 4175 illum
2628 4124 2896 4191 regionem
2928 4123 2991 4177 ad
3043 4141 3213 4179 meatu
3255 4128 3517 4183 culturam

1935 4214 2230 4281 sordesque
2252 4214 2478 4268 detraxi.
2507 4213 2621 4285 Ego
2653 4230 2746 4282 per
2774 4215 2956 4268 Arium
2982 4216 3393 4273 Alexandrinam
3425 4236 3519 4275 ur-

1936 4304 2059 4358 bem
2092 4305 2281 4371 invasi,
2318 4319 2474 4374 atque
2503 4317 2561 4360 ut
2589 4304 2781 4361 Filium
2815 4307 2906 4361 Dei
2954 4310 3054 4362 vivi
3104 4323 3402 4365 creaturam
3434 4313 3519 4366 di-

1939 4408 2105 4460 ceret,
2138 4401 2395 4465 persuasi.
2422 4398 2535 4469 Ego
2568 4414 2661 4466 per
2679 4399 2883 4453 Manem
2915 4401 3321 4458 Manichaeorum
3348 4408 3519 4459 luere-

258 4510 322 4549 eo
350 4496 490 4563 quod
526 4497 645 4551 ﬁdei
677 4498 842 4565 ipsius
872 4510 967 4549 nos
998 4495 1256 4559 voiimus,
1286 4504 1341 4548 et
1381 4495 1472 4548 lilii
1505 4503 1702 4548 sancta!
1732 4494 1832 4548 Ec—
1862 4486 1909 4549 C
1938 4490 2038 4553 Sim
2089 4489 2316 4554 inS'ilUi.
2367 4498 2526 4559 atque
2573 4500 2628 4544 υί
2678 4491 2804 4544 mihi
2847 4492 3047 4561 iei'luia
3099 4509 3475 4549 consecrare"!
3498 4536 3516 4559 ο

258 4590 433 4643 clesize
464 4591 768 4651 existimns,
795 4600 950 4658 atque
990 4590 1041 4643 in
1073 4590 1286 4643 nomine
1335 4588 1507 4642 Patris
1537 4598 1592 4643 et
1638 4587 1753 4641 Filii
1783 4595 1838 4641 et

259 4680 494 4749 Spiritus
532 4682 699 4735 sancti
737 4696 918 4735 sumus
944 4680 1215 4750 baptizati.
1242 4680 1351 4736 Hoc
1389 4686 1611 4735 audiens
1657 4695 1836 4734 sacer-

260 4772 355 4824 dos
380 4771 613 4835 Domini,
630 4772 788 4841 jussit
808 4771 1032 4839 puellam
1058 4774 1200 4826 intro
1223 4772 1286 4825 ad
1317 4786 1378 4825 se
1408 4772 1644 4839 perduci.
1669 4776 1837 4838 Quam

259 4876 378 4915 cum
410 4874 535 4915 ante
560 4862 725 4925 ipsius
760 4864 917 4927 pedes
948 4872 1097 4929 pater
1130 4862 1409 4929 posuisset,
1446 4863 1624 4915 taliter
1651 4877 1747 4930 pro
1774 4876 1837 4915 ea

255 4958 425 5006 homo
449 4954 539 5007 Dei
566 4968 749 5021 preres
776 4952 1005 5021 profudit
1033 4953 1095 5005 ad
1121 4952 1400 5006 Dominum
1428 4952 1591 5007 Deum
1617 4952 1798 5006 dicens
1823 4971 1833 5004 :

255 5042 406 5098 Deus
437 5055 655 5108 azterne,
682 5046 903 5112 agitator
922 5043 1216 5103 cherubim,
1245 5044 1332 5112 qui
1355 5045 1420 5097 de
1448 5043 1587 5097 ccelo
1615 5044 1839 5096 tlesren-
1858 5056 1871 5071 ·

254 5133 408 5195 disti,
440 5144 499 5188 ut
547 5137 792 5203 paradiso
830 5136 1103 5189 exulatum
1150 5134 1201 5187 id
1250 5136 1515 5203 antiquam
1558 5136 1840 5189 reduceres

259 5227 678 5291 possessionem,
712 5226 799 5295 qui
829 5240 925 5293 per
954 5225 1295 5279 humanitatis
1345 5237 1447 5279 tute
1493 5226 1842 5293 diSpensatio-

259 5332 386 5371 nem
420 5329 653 5374 nostram
685 5319 1043 5373 inﬁrmitatem
1090 5319 1388 5385 suscepisti,
1437 5328 1496 5372 ut
1543 5328 1594 5372 te
1641 5333 1737 5372 nos
1786 5319 1838 5372 in

259 5412 463 5464 nostris
480 5413 621 5463 vasis
638 5411 881 5464 lictilibus
905 5410 1175 5478 possidere
1198 5424 1616 5477 promereatnur.
1635 5425 1837 5478 quaeso,

266 5500 515 5565 Domine,
539 5517 740 5567 quaeso,
779 5502 997 5571 dignare
1027 5502 1296 5568 respicere
1343 5501 1395 5553 iu
1447 5500 1603 5553 ﬁdem
1656 5500 1837 5553 t'atnuli

266 5590 379 5652 tui;
410 5599 467 5645 et
504 5593 643 5647 sicut
671 5593 828 5646 ﬁliam
865 5592 1268 5663 archisynagogi
1322 5593 1388 5647 de
1440 5594 1625 5645 mortis
1666 5593 1839 5660 ianuis

264 5685 528 5739 revocavi
561 5684 626 5736 ad
656 5686 816 5737 vitam
844 5681 1035 5754 (Marc.
1068 5685 1147 5754 v),
1179 5687 1249 5739 ita
1280 5694 1331 5740 et
1363 5698 1503 5738 nunc
1531 5683 1688 5752 hujus
1715 5684 1838 5739 uni-

555 5760 847 5834 Pariter...
874 5774 1153 5835 Lxxut.

1869 5468 1923 5526 D

1941 4580 2177 4633 ostendi.
2212 4581 2322 4650 Ego
2355 4597 2448 4647 per
2479 4581 2736 4635 Donatum
2770 4591 2934 4637 totam
2968 4586 3195 4638 Africam
3226 4586 3517 4641 devastavi.

1944 4674 2010 4727 Et
2038 4689 2181 4736 ecce,
2215 4689 2352 4727 nunc
2386 4673 2452 4727 ab
2481 4690 2588 4728 uno
2618 4676 2814 4728 iamqu
2843 4687 2932 4729 tuo
2956 4689 3010 4729 ut
3040 4678 3359 4747 mancipium
3389 4679 3523 4747 iugi-

1943 4766 2110 4819 tivum
2143 4764 2333 4831 ligatus
2356 4774 2558 4829 teneor,
2588 4778 2621 4816 ο
2645 4765 2874 4819 Christe.
2913 4766 3037 4821 Haec
3066 4779 3118 4819 et
3148 4770 3297 4837 plura
3327 4769 3515 4823 horum

1941 4858 2187 4911 daemone
2222 4856 2567 4920 vociferante,
2596 4871 2625 4910 a
2653 4859 2808 4911 beato
2836 4862 2952 4913 viro
3001 4862 3327 4927 increpatus,
3361 4866 3522 4915 tertio

1945 4950 2033 5003 die
2080 4964 2108 5001 a
2160 4962 2258 5001 suo
2308 4948 2577 5001 domicilio
2622 4960 2877 5013 recessit,
2929 4960 3253 5017 purgataque
3298 4966 3521 5019 persona

1950 5041 2162 5095 Christo
2196 5041 2418 5094 Domino
2446 5044 2645 5107 gratias
2676 5040 2953 5093 relerebat.
3155 5092 3163 5105 ,
3484 5040 3487 5047 ’

2016 5134 2141 5187 CAP.
2176 5132 2262 5186 IV.
2290 5133 2500 5186 —‘Alio
2538 5147 2725 5185 rursus
2766 5144 3005 5199 tempore
3035 5146 3174 5186 caeca
3222 5134 3414 5188 mulier
3456 5135 3521 5189 ad

1946 5239 2066 5276 eum
2096 5224 2345 5290 perducta
2373 5231 2473 5285 est,
2500 5231 2555 5275 et
2591 5233 2741 5275 stans
2770 5236 2948 5275 curant
2980 5226 3116 5289 ipso,
3152 5223 3327 5278 taliter
3355 5228 3523 5282 delle-

1949 5315 2049 5366 bao
2068 5316 2250 5366 dicens
2281 5330 2295 5365 :
2329 5314 2427 5379 Qui
2460 5315 2555 5377 sis,
2586 5326 2855 5379 agnasco;
2893 5314 2983 5367 sed
3012 5326 3064 5368 et
3092 5324 3344 5381 quantum
3384 5318 3521 5387 apud

1951 5406 2116 5460 Deum
2145 5406 2342 5469 valeas,
2379 5406 2562 5458 credo.
2598 5404 2675 5459 Ne
2698 5420 2825 5475 ergo
2868 5406 2999 5460 velis
3027 5406 3301 5469 despicere
3342 5409 3521 5463 ﬂetum

1944 5484 2143 5564 meum,
2174 5513 2272 5551 nec
2311 5499 2361 5551 iu
2392 5513 2585 5551 vanum
2615 5501 2810 5553 ducere
2852 5501 3277 5554 obsecrationem
3324 5517 3520 5555 meam.

1943 5592 2130 5645 Totius
2161 5603 2388 5658 namque
2417 5591 2701 5657 provinciae
2732 5589 2888 5659 hujus
2929 5591 3118 5647 medici
3149 5606 3297 5645 suam
3345 5594 3396 5644 in
3439 5606 3526 5643 me

1946 5682 2280 5754 prudentiam
2326 5681 2745 5754 industriamque
2771 5687 3104 5749 exercentes,
3149 5686 3201 5739 in
3230 5684 3373 5737 nttllu
3404 5696 3525 5752 pru-

2980 5776 3052 5837 13
