4016 6284
438 321 543 374 895

1470 320 1561 372 DE
1608 318 1783 373 VITIS
1826 319 2101 375 PATRUM
2145 319 2344 374 LIBER
2388 318 2651 376 PRIMUS.

3589 320 3697 375 398

435 440 591 487 desse
637 440 948 500 potuerunt;
981 430 1073 484 sed
1115 439 1167 485 et
1194 440 1447 499 quantum
1474 431 1527 483 in
1556 447 1637 483 tne
1665 445 1814 483 suam
1845 440 2010 483 artem
2046 438 2084 490 Α
2121 433 2341 500 partitur
2367 431 2549 486 dicens
2584 450 2596 483 :
2625 431 2836 484 Suadeo
2868 430 2958 484 tibi
2984 446 3161 484 emere
3183 447 3211 483 a
3240 447 3323 485 me
3348 445 3534 484 aurum
3564 436 3699 501 igni-

434 528 960 590 demtutstraverunt,
1011 527 1062 578 in
1108 533 1309 576 tantum
1358 538 1455 592 ego
1502 527 1697 578 misera
1744 524 2014 578 doloribus

432 616 789 673 dissolvebar.
837 618 987 671 Unde
1018 616 1610 669 obsecro‘sauctit-atem
1646 626 1785 669 tuam
1836 627 1891 668 ut
1936 617 2015 669 di-

431 712 614 775 gneris
639 715 1007 762 tantummodo
1029 708 1301 760 dexteram
1321 717 1460 759 tuam
1485 721 1644 773 super
1667 706 1852 760 oculos
1868 723 2015 761 meos

434 801 486 852 in
521 801 737 853 nomine
760 798 957 854 ChriSti
987 800 1057 852 tui
1090 800 1382 867 imponere,
1416 808 1469 851 et
1512 799 1674 852 credo
1722 799 1861 867 qttod
1895 815 2015 863 mox

432 905 672 945 meorum
703 891 961 945 luminum
994 890 1126 943 visio
1155 905 1248 959 per
1278 903 1327 944 te
1373 890 1500 943 mihi
1535 891 1812 943 tribuatur.
1852 893 2016 946 Tunc

432 994 648 1038 sanctus
696 983 969 1052 Epictetus
1019 981 1288 1035 admirans
1342 982 1499 1049 hujus
1547 985 1755 1035 feminae
1813 976 1968 1035 fidem
1999 1024 2012 1047 ,

431 1078 704 1131 dexteram
734 1090 882 1129 suam
912 1089 1073 1142 super
1103 1074 1287 1128 oculos
1320 1074 1435 1141 ejus
1484 1074 1676 1141 posuit,
1714 1074 2015 1140 glorificans

430 1168 646 1225 Domini
696 1168 1009 1233 bonitatem,
1037 1162 1112 1221 ‘et
1156 1167 1339 1220 dicens
1386 1167 1450 1218 ad
1495 1182 1609 1218 eam
1656 1182 1668 1217 :
1711 1165 2012 1220 Secundum

431 1261 575 1331 quod
600 1260 899 1325 credidisti,
928 1276 960 1314 o
984 1260 1111 1325 lilia,
1148 1260 1234 1311 fiat
1264 1259 1380 1312 tibi.
1414 1259 1601 1312 Adhuc
1632 1262 1791 1311 verba
1824 1260 1875 1311 in
1920 1273 2015 1312 ore

430 1353 627 1409 Christi
658 1350 953 1407 sacerdotis
987 1350 1359 1414 volvebantur,
1390 1360 1441 1402 et
1470 1361 1686 1417 repente
1742 1349 2013 1417 patefactis

429 1444 597 1499 oculis
647 1444 841 1498 mulier
894 1445 1070 1497 lumen
1121 1444 1346 1510 aspexit,
1397 1444 1633 1497 clamans
1681 1454 1733 1496 ct
1780 1445 2008 1496 dicens:

429 1536 608 1591 Gloria
642 1536 769 1601 tibi,
802 1537 945 1590 Deus
991 1534 1437 1597 Christianorum,
1493 1536 1580 1602 qui
1628 1551 1733 1587 non
1782 1536 2013 1600 deSpicis

427 1639 739 1699 peccatores
770 1626 826 1681 in
876 1641 1061 1680 errore
1109 1627 1329 1695 positos,
1362 1629 1454 1678 sed
1505 1635 1718 1693 propter
1770 1640 2011 1693 magnam

430 1721 851 1776 misericordiam
884 1729 1026 1773 luam
1055 1719 1281 1785 suscipis
1327 1731 1379 1772 et
1404 1718 1578 1772 salvas
1611 1718 1674 1771 ad
1710 1727 1759 1772 te
1790 1732 2012 1771 conver-

2122 532 2229 577 tum
2264 524 2561 592 probatum,
2599 534 2655 576 ut
2694 523 2932 591 locuples
2962 525 3057 577 tias
3101 536 3154 576 et
3181 525 3514 579 vestimentis
3560 527 3698 582 albis

2118 616 2389 683 induaris,
2444 625 2498 668 ut
2543 632 2645 669 non
2698 623 2951 683 appareat
2997 612 3239 669 confusio
3292 616 3544 670 nuditatis
3592 627 3691 674 tua:

2119 709 2305 777 (Apoc.
2337 709 2437 773 tu).
2471 710 2666 759 Aurum
2698 723 2824 775 ergo
2856 706 2954 760 hoc
2982 707 3201 777 ignitum
3229 708 3505 775 probatum
3534 709 3682 765 Chri-

2117 807 2232 850 stus
2262 799 2514 852 Dominus
2542 806 2722 851 noster
2747 809 2846 850 cst.
2877 800 2958 859 Et,
2984 800 3078 861 fili,
3107 800 3195 867 qui
3221 799 3447 852 voluerit
3486 814 3605 853 eum
3631 800 3682 854 in

2116 889 2241 941 sede
2271 888 2351 941 sui
2385 890 2609 957 pectoris
2629 889 2847 954 habere,
2872 890 3047 943 statim
3072 892 3282 943 divitias
3302 892 3552 947 caelestes
3572 908 3689 958 pro-

2117 981 2428 1042 merebitur,
2461 990 2513 1034 et
2542 982 2871 1036 vestimentis
2896 983 3030 1035 albis
3060 982 3325 1045 induetur,
3360 984 3409 1036 id
3434 995 3538 1050 est,
3564 984 3691 1050 ﬁde,

2117 1086 2211 1134 Spe
2265 1079 2318 1124 et
2346 1071 2624 1136 charitate,
2659 1089 2751 1141 per
2776 1088 2905 1141 quas
2935 1074 3001 1127 de
3032 1075 3235 1141 reliquo
3265 1089 3369 1128 non
3402 1075 3539 1129 hunc
3563 1078 3694 1131 visi-

2116 1161 2275 1215 bilem
2301 1163 2553 1217 mundum
2581 1176 2802 1232 tantum,
2831 1164 2923 1218 sed
2948 1175 2998 1218 et
3027 1166 3320 1229 diabolum,
3343 1183 3499 1236 quem
3522 1183 3615 1223 vos
3634 1178 3698 1224 ut

2114 1254 2388 1308 dominum
2422 1256 2616 1320 colitis,
2649 1272 2764 1309 cum
2801 1256 3060 1310 universis
3104 1257 3303 1326 angelis
3342 1258 3457 1325 ejus
3496 1262 3697 1327 poteris

2116 1360 2387 1415 superare.
2418 1346 2548 1400 Nam
2593 1356 2647 1401 et
2678 1357 2826 1416 pater
2864 1356 2986 1401 tuus
3037 1348 3135 1402 iste
3182 1348 3273 1415 qui
3322 1348 3549 1414 videtur,
3594 1352 3694 1413 lili,

2117 1454 2220 1491 non
2250 1449 2330 1491 est
2376 1452 2532 1492 verus
2585 1446 2754 1505 pater,
2788 1440 2882 1493 sed
2927 1438 3265 1504 omnipotens
3312 1441 3506 1493 dicitur
3552 1440 3697 1494 Deus

2117 1530 2276 1582 Pater
2306 1537 2448 1594 tuus,
2476 1541 2529 1583 et
2556 1529 2674 1583 ideo
2705 1531 2838 1582 alius
2860 1530 3051 1605 dicitur
3075 1531 3176 1587 ille.
3211 1542 3262 1583 et
3288 1530 3418 1585 alius
3448 1535 3544 1585 iste
3572 1549 3698 1603 pro—
3742 1532 3747 1537 λ

2117 1621 2409 1675 nuntiatur.
2436 1622 2527 1676 Ille
2556 1623 2712 1693 213
2738 1638 2963 1692 namque
2991 1623 3266 1677 invisibilis
3287 1636 3339 1678 et
3366 1625 3698 1680 inenarrabi-

2118 1716 2182 1767 lis
2213 1715 2413 1780 existit,
2448 1714 2533 1768 bic
2564 1731 2687 1769 vero
2719 1715 2937 1770 visibilis
2966 1727 3021 1771 et
3048 1718 3408 1785 corruptibilis
3447 1728 3548 1773 est.
3600 1720 3700 1775 Ille

428 1822 605 1867 tentes
634 1828 712 1865 se.
747 1813 811 1865 Et
839 1826 957 1865 cum
992 1810 1106 1865 haec
1131 1809 1371 1873 dixisset,
1405 1809 1582 1863 statim
1613 1826 1731 1863 cum
1768 1811 2010 1866 universi
2048 1807 2091 1867 Β
2122 1807 2674 1875 incomprehensibilis
2707 1819 2978 1873 permanet
3008 1822 3060 1862 et
3091 1807 3423 1876 intmortalis,
3459 1810 3541 1864 hic
3564 1825 3696 1864 cor-

428 1906 588 1959 domo
615 1919 709 1958 sua
732 1903 959 1957 credidit
984 1904 1034 1956 in
1057 1902 1225 1957 Deum
1258 1901 1607 1958 Salvatorcm.
1642 1902 1704 1955 Et
1732 1906 1851 1972 quia
1884 1906 2011 1958 satis

428 1998 640 2066 longum
659 2004 760 2061 est,
785 1997 829 2051 si
853 1996 1074 2049 velimus
1090 1996 1337 2050 universa
1362 1995 1622 2071 mirabilia
1646 2013 1760 2064 quae
1778 2014 1871 2066 per
1887 2014 2008 2053 eum

427 2090 683 2144 Dominus
707 2100 954 2158 operatus
976 2099 1057 2142 est
1081 2087 1320 2142 studioso
1349 2085 1533 2141 lectori
1559 2102 1828 2156 exponere
1847 2130 1861 2153 ,
1894 2090 2012 2144 h.cc

427 2186 638 2245 interim
671 2196 833 2252 pauca
877 2181 942 2234 de
974 2181 1153 2234 multis
1197 2180 1249 2233 in
1297 2168 1603 2233 transcursu
1634 2181 2010 2249 perstrinxisse

425 2271 676 2326 sufficiat.
709 2271 858 2325 Nunc
887 2286 1011 2325 vero
1041 2270 1105 2325 ad
1139 2270 1465 2340 propositum
1489 2285 1621 2340 opus
1648 2281 2004 2328 revertamur.

495 2368 623 2420 «ΣΑΡ.
654 2354 717 2420 έν.
745 2393 815 2405 —-
848 2364 963 2420 Una
987 2366 1161 2433 itaque
1186 2366 1459 2434 e‘diebus,
1494 2366 1618 2418 dum
1643 2364 1856 2435 quidam
1879 2366 2009 2420 ado-

424 2461 637 2514 lescens
666 2458 886 2512 nimium
918 2458 1143 2511 decorus
1189 2459 1358 2521 vultu,
1401 2452 1455 2511 et
1500 2460 1722 2527 pulcher
1766 2469 2004 2527 aspectu,

423 2554 614 2607 Astinn
646 2552 882 2611 nomine,
914 2550 1234 2603 visitationis
1264 2552 1433 2618 gratia
1461 2551 1525 2604 ad
1557 2566 1678 2605 eum
1706 2552 2011 2607 devenisset

420 2654 583 2712 atque
610 2642 757 2710 juxta
789 2656 848 2696 se
879 2657 999 2696 eum
1022 2643 1213 2696 sedere
1236 2643 1421 2697 beatus
1447 2645 1727 2715 presbyter
1748 2654 2005 2713 rogasset,

402 2747 629 2800 ,poneus
660 2746 873 2784 manum
904 2746 1061 2800 super
1090 2740 1249 2799 caput
1278 2732 1424 2801 ejus,
1453 2735 1620 2803 otepit
1648 2750 1770 2789 eum
1797 2736 2010 2791 blandis

404 2823 762 2878 sermonibus
781 2825 954 2878 taliter
976 2823 1043 2877 ad
1069 2823 1227 2878 fidem
1258 2825 1465 2880 Domini
1488 2827 1754 2882 cohortari
1780 2829 1963 2884 dicens
1992 2849 2005 2883 :

423 2918 569 2987 Quis,
603 2916 789 2987 inquit,
825 2934 881 2973 es
913 2930 987 2983 tu,
1021 2932 1053 2972 ο
1080 2918 1389 2973 dulcissime
1418 2920 1490 2973 fili
1513 2965 1527 2987 ,
1561 2933 1614 2976 et
1647 2922 1784 2977 unde
1835 2925 2007 2988 venis,

394 3019 513 3061 aut
543 3026 648 3078 quo
675 3008 853 3062 vadis?
882 3016 975 3062 aut
1000 3008 1151 3079 cujus
1182 3009 1322 3063 filius
1346 3025 1437 3065 seu
1470 3014 1681 3079 generis
1710 3013 1785 3067 sis
1831 3014 2005 3076 indica

425 3101 577 3157 mihi.
608 3101 790 3156 Atille
820 3101 1153 3171 respondens
1181 3102 1313 3157 dixit
1335 3104 1399 3157 ad
1422 3118 1545 3157 eum
1572 3122 1584 3157 :
1617 3105 1889 3175 Originem
1920 3108 2007 3162 vel

2117 1899 2383 1966 tuptibilis
2412 1909 2464 1952 et
2488 1900 2728 1952 mortalis
2756 1899 2808 1954 iu
2839 1901 3082 1953 omnibus
3113 1900 3270 1969 degit.
3304 1901 3401 1956 Per
3422 1902 3561 1955 illius
3584 1903 3697 1973 igi-

2115 2003 2199 2045 tnr
2228 1992 2677 2059 dispensationem
2702 2001 2948 2047 constant
2978 1997 3239 2058 universa,
3270 2009 3359 2062 per
3382 1994 3529 2048 istius
3551 2011 3686 2048 vero

2112 2083 2504 2137 ordinationem
2555 2082 2684 2137 nihil
2732 2094 3002 2151 permanet
3033 2085 3335 2139 stabilitum.
3372 2085 3462 2140 Ille
3503 2088 3690 2155 jussit,

2112 2187 2164 2232 et
2202 2177 2371 2231 factus
2398 2192 2494 2243 es;
2530 2177 2818 2242 mandavit,
2850 2188 2901 2232 et
2933 2178 2984 2233 in
3026 2190 3177 2233 utero
3207 2181 3390 2233 matris
3432 2179 3695 2234 formatus

2113 2285 2207 2334 es;
2236 2270 2512 2339 praecepit,
2540 2279 2593 2324 et
2617 2284 2861 2339 egressus
2906 2285 2992 2337 es;
3044 2272 3339 2339 imperavit,
3372 2282 3424 2325 et
3459 2272 3523 2325 ad
3556 2273 3696 2325 hanc

2108 2361 2397 2429 juvenilcm
2427 2369 2637 2414 (etatem
2668 2361 2951 2428 perductus
2981 2377 3058 2415 es.
3091 2362 3155 2414 Et
3185 2363 3395 2431 quidem
3437 2362 3535 2415 iste
3564 2365 3693 2415 Visi-

2114 2450 2404 2523 bilispater
2433 2451 2774 2505 honorandus
2804 2462 2904 2519 est,
2941 2452 3032 2517 fili,
3066 2469 3169 2506 non
3201 2464 3373 2507 tamen
3398 2455 3534 2510 sicut
3558 2455 3686 2519 ille;

2111 2557 2176 2597 eo
2202 2543 2339 2611 quod
2370 2543 2458 2597 ille
2484 2544 2547 2595 ad
2582 2544 2863 2613 imaginem
2894 2555 2946 2599 et
2972 2544 3369 2600 similitudinem
3408 2561 3554 2602 suam
3590 2564 3689 2603 uos

2110 2636 2347 2689 condidit
2367 2646 2422 2691 et
2448 2641 2668 2702 creavit,
2688 2637 3012 2691 intellectum
3036 2654 3247 2707 quoque
3268 2656 3330 2693 ac
3352 2643 3689 2710 prudentiam

2112 2728 2349 2793 donavit,
2378 2742 2595 2781 sensum
2626 2729 2959 2800 pervigilem,
2987 2740 3041 2783 et
3072 2735 3380 2785 memoriam
3430 2734 3690 2787 bonorum

2113 2818 2311 2873 habere
2343 2821 2629 2886 concessit,
2660 2832 2816 2890 atque
2846 2837 3007 2891 super
3034 2824 3207 2877 omnia
3239 2839 3400 2893 Opera
3450 2840 3545 2880 sua
3591 2842 3692 2880 nos

2111 2913 2387 2967 constituit
2416 2914 2800 2980 dominatores,
2828 2930 2892 2969 ex
2922 2916 3089 2969 servis
3122 2917 3175 2969 in
3216 2916 3351 2969 filios
3398 2928 3449 2971 et
3497 2915 3691 2972 fratres

2109 3016 2268 3075 atque
2294 3005 2492 3059 amicos
2519 3019 2615 3059 nos
2646 3004 2746 3059 sibi
2776 3021 2867 3074 per
2888 3020 3037 3059 suam
3059 3005 3281 3075 gratiam
3310 3007 3605 3075 adoptavit;
3635 3019 3691 3060 et

2116 3099 2235 3151 ideo
2271 3097 2411 3153 hunc
2442 3112 2626 3151 verum
2666 3106 2894 3165 patrem,
2926 3099 3016 3166 qui
3056 3099 3209 3151 nobis
3254 3109 3395 3152 tanta
3445 3101 3692 3169 prmstitit

394 3206 590 3260 genus
635 3209 836 3254 meum,
883 3195 1109 3263 qualiter
1166 3194 1482 3249 beatitudini
1535 3206 1636 3251 tua:
1664 3214 1948 3267 exponam,
1974 3217 2007 3253 ο
2034 3186 2081 3250 C
2114 3193 2282 3261 bona,
2318 3207 2531 3261 semper
2559 3194 2828 3258 convenit,
2861 3193 2963 3258 fili,
3017 3208 3305 3263 agnoscere
3349 3206 3401 3249 et
3446 3198 3693 3251 adorare.

426 3282 733 3338 beatissime
765 3295 935 3353 pater,
965 3287 1177 3355 ignoro.
1208 3286 1322 3340 Hoc
1350 3302 1477 3356 ergo
1523 3290 1660 3356 quod
1704 3291 1838 3357 scio,
1886 3303 2005 3346 tan-

425 3376 699 3430 tummodo
724 3377 958 3431 breviter
983 3386 1037 3431 ct
1064 3378 1116 3430 in
1151 3390 1455 3434 transcursu
1484 3380 1578 3434 tibi
1611 3380 1875 3437 indicabo.
1908 3385 2010 3438 Pa-

427 3477 507 3523 ter
527 3484 677 3523 meus
701 3469 992 3538 primarius
1022 3471 1169 3525 urbis
1199 3472 1356 3541 hujus
1389 3480 1442 3527 et
1464 3474 1682 3528 nimium
1711 3476 2008 3531 ditissimus

425 3562 681 3631 habetur;
716 3576 884 3619 mater
910 3580 1037 3620 vero
1063 3565 1131 3620 de
1160 3566 1443 3620 illustrium
1472 3582 1667 3636 genere
1709 3579 1764 3622 et
1810 3569 2004 3626 Juliani

424 3657 689 3710 senatmis
714 3657 917 3712 exstitit
949 3657 1077 3723 filia,
1112 3658 1198 3727 qui
1234 3673 1316 3713 me
1347 3659 1584 3731 quotidie
1609 3662 1761 3731 quasi
1792 3665 2005 3718 unicum

404 3750 615 3818 pignus
642 3764 704 3803 ac
730 3750 1164 3817 pretiosissimam
1195 3750 1486 3818 insiticiunt
1529 3756 1888 3823 margaritam.
1941 3756 2009 3809 Et

421 3849 640 3893 sanctus
663 3839 729 3892 ad
758 3841 870 3893 haac
904 3857 917 3894 :
952 3840 1095 3895 Bene
1135 3842 1339 3905 dixisti,
1371 3842 1441 3896 mi
1492 3856 1635 3906 nate,
1691 3843 1815 3912 quia
1864 3846 2010 3901 velut

408 3929 764 3998 margaritam
807 3930 1126 3997 inspiciunt;
1161 3946 1267 3984 non
1314 3931 1456 3985 enim
1501 3933 1609 4002 jam
1655 3936 1881 4003 habent;
1912 3938 2007 3993 sed

348 4059 363 4071 .
421 4021 712 4089 inspiciunt
763 4022 1149 4087 tantummodo,
1199 4038 1265 4078 eo
1303 4027 1445 4094 quod
1503 4026 1779 4081 benedicta
1828 4034 2004 4084 anima

422 4120 515 4167 tua
546 4111 828 4180 pretiosior
854 4112 999 4167 omni
1032 4117 1316 4183 margarita
1330 4117 1579 4186 omnique
1605 4120 1821 4173 metallo
1844 4122 2008 4177 habe-

418 4214 512 4255 tur
538 4201 772 4267 Christo,
797 4220 951 4272 quam
991 4206 1092 4267 sibi
1125 4211 1237 4276 ipse
1282 4208 1523 4263 Salvator
1571 4220 1755 4265 noster
1797 4213 1905 4280 jam
1951 4214 2003 4267 in

428 4310 579 4349 tuum
607 4294 961 4350 ministerium
992 4306 1045 4351 et
1074 4297 1144 4353 ad
1170 4299 1507 4353 serviendum
1537 4301 1718 4372 elegit,
1749 4312 1804 4355 ut
1828 4305 2002 4358 video.

384 4422 389 4431 .
432 4387 560 4442 Veni
582 4402 730 4457 ergo,
766 4388 837 4442 uti
865 4398 1091 4455 nate,et
1123 4404 1313 4459 respue
1344 4406 1406 4444 ea
1438 4409 1554 4460 qua:
1594 4392 1645 4446 in
1677 4395 1874 4449 mundo
1905 4396 2006 4453 hoc

424 4482 707 4544 habentur,
739 4490 797 4535 ut
823 4497 942 4536 cum
975 4485 1177 4538 sanctis
1208 4484 1456 4538 omnibus
1480 4485 1567 4537 illa
1599 4485 1649 4539 in
1680 4486 1856 4549 futuro
1882 4504 2006 4558 per-

2111 3283 2240 3336 Natn
2271 3293 2325 3337 et
2356 3284 2458 3337 isto
2508 3283 2697 3337 visibili
2731 3283 2866 3350 patri
2908 3284 2971 3337 ad
3009 3284 3107 3338 hoc
3154 3294 3352 3339 tantum
3398 3287 3566 3341 honor
3603 3301 3693 3343 est

2109 3373 2427 3428 deferendus
2448 3416 2461 3438 ,
2493 3378 2630 3442 quod
2663 3373 2802 3429 servi
2836 3375 3187 3429 ministerium
3233 3392 3354 3445 erga
3402 3394 3499 3433 nos
3547 3396 3692 3449 saepe

2110 3472 2347 3522 exercuit
2394 3468 2447 3522 in
2480 3482 2641 3537 parva
2673 3477 2827 3524 aetate
2866 3470 3205 3537 cousdtutos,
3236 3471 3541 3542 frequenter
3588 3490 3691 3529 nos

2114 3561 2238 3615 dum
2268 3563 2432 3630 pavit,
2462 3562 2658 3629 saepius
2689 3562 2813 3616 dum
2853 3563 3110 3618 sollicitus
3137 3563 3237 3618 fuit
3264 3568 3328 3620 ad
3354 3582 3414 3620 ea
3460 3585 3578 3636 qua:
3607 3550 3705 3623 in?

2109 3650 2289 3706 funtiae
2336 3663 2532 3707 nostrae
2575 3665 2727 3708 erant
2775 3657 3107 3719 necessaria,
3150 3657 3274 3712 dtnn
3325 3662 3559 3713 Osculatu
3607 3676 3689 3715 est

2108 3756 2232 3796 caro
2259 3758 2376 3811 quae
2403 3744 2578 3798 carnis
2608 3756 2747 3808 sunt,
2776 3747 2903 3807 dum
2932 3750 3341 3803 sollicitudinem
3378 3753 3557 3805 habuit
3590 3770 3687 3822 pro

2110 3832 2404 3888 visceribus
2436 3836 2682 3904 propriis.
2728 3834 2865 3890 Ecce
2912 3837 3087 3907 itaque
3140 3856 3233 3907 pro
3279 3842 3470 3897 talibus
3514 3844 3687 3899 causis

2109 3922 2280 3977 honor
2306 3924 2356 3978 ei
2386 3923 2707 3980 deferendos
2735 3935 2837 3981 est.

2180 4015 2286 4070 Sed
2329 4025 2384 4071 et
2428 4028 2597 4072 mater
2642 4028 2822 4072 nostra
2865 4019 2965 4075 alia
3014 4020 3253 4087 habetur,
3289 4024 3383 4079 ﬁli.
3419 4026 3532 4081 Non
3575 4028 3683 4082 haec

2110 4107 2368 4174 visibilis,
2415 4110 2507 4164 sed
2556 4110 2871 4166 immortalis
2920 4125 3225 4181 permanet;
3282 4132 3335 4169 et
3383 4137 3502 4186 quae
3533 4123 3689 4188 drgne

2107 4198 2367 4256 Salvatori
2399 4206 2582 4257 nostro
2613 4214 2695 4258 est
2742 4205 3098 4274 desponsata,
3135 4219 3293 4278 atque
3349 4227 3440 4276 per
3471 4216 3693 4280 angelus

2107 4306 2189 4348 est
2219 4298 2492 4360 adornata,
2526 4312 2619 4367 per
2653 4301 2944 4368 prophetas
2972 4312 3227 4356 exornata
3248 4344 3262 4365 ,
3294 4318 3388 4371 per
3416 4307 3688 4372 apostolos

2108 4388 2421 4457 gloriﬁcata,
2457 4399 2551 4458 per
2580 4398 2845 4461 martyres
2873 4403 2926 4445 et
2955 4393 3287 4448 confessores
3322 4398 3568 4455 exaltata,
3596 4410 3683 4447 at-

2110 4496 2212 4549 que
2242 4480 2295 4535 in
2326 4482 2560 4547 Christo,
2590 4494 2644 4537 et
2674 4499 2769 4553 per
2809 4482 3081 4541 Christum
3130 4490 3177 4540 in
3207 4486 3401 4540 rmlesti
3440 4488 3675 4539 thalamo

419 4575 586 4643 cipias
613 4589 731 4644 qua:
762 4574 984 4630 hicsnon
1019 4577 1289 4631 videntur.
1324 4577 1425 4631 Ista
1471 4578 1611 4634 enim
1663 4582 1841 4634 omnia
1887 4598 2005 4651 qua,
2033 4561 2087 4625 D
2112 4582 2195 4626 est
2223 4575 2451 4638 elevata,
2483 4589 2598 4643 qua:
2626 4584 2681 4630 et
2707 4576 2774 4631 ab
2804 4578 3103 4633 hominibus
3147 4582 3253 4632 btet:
3281 4589 3461 4630 sancta
3506 4588 3680 4632 mater

420 4664 507 4720 hic
537 4666 834 4733 intuentur,
864 4667 1168 4721 transitoria
1198 4677 1322 4722 sunt
1348 4679 1402 4722 et
1427 4671 1685 4738 peritura;
1714 4670 1801 4739 illa
1824 4682 2001 4728 autem

420 4772 539 4825 qua:
571 4757 714 4811 Deus
744 4758 845 4811 sibi
893 4758 1254 4813 servientibus
1306 4760 1636 4828 prteparavit,
1689 4774 1905 4816 manent
1947 4763 2000 4817 in

420 4860 704 4913 internum,
733 4851 1000 4919 quomodo
1031 4859 1083 4903 et
1107 4850 1220 4919 ipse
1247 4860 1427 4905 manet
1470 4853 1521 4906 in
1549 4864 1828 4909 aaternum.
1866 4857 1996 4911 Nam

412 4955 607 4995 aurum
639 4940 759 5002 hoc,
792 4940 885 5004 ﬁli,
924 4940 1065 5009 quod
1115 4940 1344 5007 videtur,
1389 4957 1494 4996 non
1533 4954 1616 4999 est
1662 4960 1867 5013 verum,
1901 4949 1995 5002 sed

414 5034 663 5102 quaedam
707 5035 914 5089 vanitas
961 5044 1044 5089 est
1089 5034 1401 5102 phantasize,
1451 5051 1547 5106 per
1586 5053 1741 5107 quam
1792 5040 1845 5093 in
1897 5044 1997 5095 hnc

422 5126 623 5178 mundo
654 5126 947 5180 illuduntur
976 5126 1170 5181 anima:
1212 5128 1497 5196 justorum.
1530 5130 1787 5186 Similiter
1811 5143 1865 5188 et
1913 5152 2000 5188 ar-

418 5228 638 5279 gentum
671 5218 810 5283 quod
852 5217 965 5270 istis
1008 5218 1177 5273 oculis
1223 5220 1479 5283 cernitur,
1528 5222 1717 5275 falsum
1767 5225 2001 5292 possrdet

422 5322 644 5372 nomen,
675 5312 814 5378 quod
861 5308 928 5361 ab
958 5312 1204 5364 omnibus
1235 5311 1522 5369 fabricatur
1547 5322 1600 5369 et
1625 5315 1856 5377 limatur.
1886 5325 2001 5385 tay-

426 5400 700 5454 tummodo
734 5411 797 5491 tt}
819 5401 1047 5470 decipiat
1075 5418 1295 5471 rapaces
1324 5414 1378 5459 et
1406 5406 1627 5460 suadeat
1669 5407 1997 5475 insipientes.

425 5494 559 5551 Veni
586 5513 734 5567 ergo,
766 5509 819 5553 et
858 5499 980 5553 audi
1011 5513 1119 5563 me,
1167 5499 1240 5552 fili
1287 5498 1613 5566 dulcissime,
1657 5511 1711 5555 et
1758 5517 1856 5572 ego
1906 5501 1999 5557 tibi

421 5592 648 5645 ostendo
692 5593 846 5661 quale
875 5606 1061 5645 aurum
1094 5590 1188 5644 tibi
1230 5599 1314 5643 est
1360 5591 1682 5661 eligendum,
1716 5595 1815 5649 vel,
1847 5596 2003 5664 quale

419 5696 699 5751 argentum
751 5682 816 5735 sit
866 5681 1385 5748 concupiscendum,
1435 5685 1562 5737 illud
1610 5685 1815 5740 scilicet
1863 5687 2002 5756 quod

423 5774 679 5829 Dominus
711 5784 891 5828 noster
916 5785 1075 5842 atque
1102 5772 1343 5827 Salvator
1374 5775 1423 5828 in
1454 5791 1511 5830 se
1542 5778 1879 5833 credentibus
1909 5780 2005 5833 itu-

2113 4666 2349 4720 Ecclesia
2381 4669 2780 4735 pronuntiatur.
2813 4669 2973 4738 Cujus
3017 4686 3139 4737 vox,
3170 4681 3225 4724 ut
3254 4670 3469 4722 turtutis
3512 4673 3681 4724 habe-

2113 4766 2217 4823 tur,
2248 4758 2313 4811 ad
2342 4757 2495 4827 cujus
2526 4759 2659 4812 labia
2691 4760 2948 4814 distillant
2970 4773 3225 4828 aromata,
3249 4761 3449 4816 scilicet
3474 4776 3691 4830 aposto-

2109 4851 2280 4905 lorum
2302 4852 2565 4906 doctrina.
2593 4852 2755 4921 Cujus
2782 4857 2942 4920 oculi,
2970 4857 3076 4910 duo
3090 4856 3349 4911 surttcmli
3368 4857 3646 4909 luminaria
3672 4859 3684 4910 l

2106 4944 2257 5012 cujus
2284 4945 2467 4999 dentes
2493 4956 2616 4999 sunt
2642 4947 2880 5012 candidi,
2905 4958 2958 5002 et
2978 4950 3124 5018 quasi
3150 4949 3358 5001 lavacro
3386 4948 3685 5002 ascenduno

2106 5037 2194 5090 tis.
2224 5037 2392 5101 Quem
2428 5038 2708 5107 mysticum
2738 5054 2953 5093 sensum
2984 5042 3163 5111 viginti
3193 5050 3422 5110 quatuor
3454 5041 3572 5093 libri
3602 5040 3681 5105 (6)

2107 5128 2466 5182 sacratissima
2516 5130 2712 5184 habent
2763 5134 2814 5182 in
2867 5132 3054 5199 figura.
3112 5134 3186 5186 De
3234 5149 3296 5185 ('ll
3323 5148 3387 5185 us
3443 5133 3683 5183 manibus

2109 5221 2277 5273 stillat
2307 5221 2543 5289 myrrha,
2576 5221 2714 5289 quod
2745 5233 2827 5277 est
2851 5223 3057 5292 justitia
3087 5235 3141 5277 et
3184 5226 3315 5278 fides
3348 5238 3490 5279 vera.
3518 5221 3685 5291 Cujus

2110 5314 2295 5367 decem
2324 5315 2503 5382 digiti,
2534 5312 2773 5383 decalogi
2816 5316 3063 5368 virtutem
3104 5317 3388 5369 continent
3424 5326 3477 5368 et
3505 5329 3687 5367 sacra-

2113 5414 2373 5459 mentum.
2403 5404 2568 5473 Cujus
2595 5407 2755 5462 ubera
2806 5410 2912 5461 duo
2957 5419 3083 5461 sunt
3118 5407 3462 5463 Testamenta
3488 5450 3503 5475 ,
3537 5408 3681 5478 Moy-

2105 5498 2250 5550 suica
2291 5499 2495 5552 scilicet
2542 5500 2625 5552 lex
2651 5543 2664 5564 ,
2697 5509 2751 5553 et
2789 5500 3057 5569 Evangelii
3093 5504 3285 5571 gratia.
3330 5504 3493 5572 Cujus
3526 5506 3687 5572 pedes

2107 5589 2309 5645 similes
2359 5600 2480 5644 sunt
2519 5592 2854 5659 aurichalco;
2901 5592 3050 5662 cujus
3088 5608 3276 5650 venter
3314 5605 3387 5663 et,
3428 5598 3685 5649 interiora

2110 5686 2453 5739 sacrurssiiiii
2478 5684 2679 5762 fontem
2715 5687 2965 5754 Baptismi
2993 5698 3047 5744 et
3064 5691 3302 5743 omnium
3329 5692 3566 5755 gentium
3591 5692 3690 5741 de-

2105 5778 2314 5831 clarant
2359 5783 2840 5849 regenerationem.
2897 5782 3024 5838 Veni
3059 5799 3185 5853 ergo
3209 5824 3222 5847 ,
3264 5783 3579 5838 duicisshue
3614 5785 3685 5836 uti
