4016 6234
238 304 344 361 397

748 303 906 359 VITA
945 297 1362 380 .SANCTORUM
1406 293 1715 350 Ef‘lCTETI
1755 291 2183 348 PRESBYTERI
2224 291 2311 346 ET
2351 291 2662 368 ASTIONIS
2699 292 3020 350 MONACHI.

3394 289 3497 348 303

242 431 391 483 nate,
424 427 482 471 et
513 415 672 487 hujus
702 417 996 470 verissimae
1027 413 1209 466 matris
1245 421 1348 466 tua:
1379 411 1537 465 ubera
1573 424 1736 477 suge;
1769 417 1819 460 et
1853 411 1899 464 A
1932 404 2284 465 devenerunt,
2318 403 2406 457 ubi
2453 404 2631 458 nullus
2659 413 2773 458 erat
2803 405 2890 473 qui
2920 418 3014 458 eos
3060 406 3145 458 vel
3170 419 3352 459 eorum
3401 422 3498 474 pa-

239 510 602 578 acquiescens
625 506 1030 570 monitionibus,
1059 519 1248 572 respue
1278 519 1394 572 quae
1420 504 1469 554 in
1502 501 1601 555 hoc
1632 503 1829 554 smcnlo

243 603 519 662 videntur,
553 607 611 651 ut
652 597 756 650 illis
807 596 906 648 frui
942 597 1228 670 merearis,
1262 609 1378 662 qua:
1410 593 1462 645 in
1516 593 1684 644 futura
1717 592 1824 642 vita

245 692 355 744 suis
389 689 520 741 filiis
551 703 609 742 se
641 687 782 741 Dens
815 687 1120 750 repromisit
1153 686 1376 738 donare.
1422 684 1524 738 Sed
1559 694 1616 738 et
1653 698 1831 734 verum

247 781 464 835 Patrem
501 789 742 832 nostrmn
775 777 899 829 audi
925 777 1188 828 dicentem
1215 793 1228 828 :
1255 775 1354 829 Exi
1382 775 1449 828 de
1480 785 1615 828 terra
1649 784 1755 834 tua,
1780 782 1836 826 et

249 875 315 929 de
343 876 674 942 cognatione
718 880 803 923 tua
831 911 846 934 ,
881 877 935 923 et
976 869 1096 922 veni
1137 870 1189 922 in
1239 869 1379 922 illam
1411 877 1604 922 terram
1629 907 1642 930 ,
1676 883 1833 936 quam

251 967 705 1020 demonstravero
735 962 828 1016 tibi
863 958 1018 1028 (Gen.
1050 959 1183 1030 xu);
1218 961 1272 1012 in
1303 971 1497 1014 terram
1527 958 1727 1012 scilicet
1759 958 1837 1010 vi-

254 1055 524 1119 ventium,
549 1067 602 1108 et
623 1055 892 1122 regionem
923 1059 1222 1104 sanctorum
1249 1066 1263 1105 :
1289 1052 1339 1104 in
1369 1060 1560 1104 terram
1589 1049 1835 1102 fluentem

259 1149 397 1202 lacte
428 1155 489 1201 et
538 1146 730 1207 melle,
763 1145 811 1196 id
852 1152 964 1211 est,
1009 1144 1060 1196 in
1105 1143 1342 1198 doctrina
1383 1145 1740 1212 apostolomm
1786 1148 1841 1194 et

263 1240 671 1308 [raptu-tarum.
703 1238 772 1298 Et
802 1253 922 1290 cum
967 1236 1210 1289 universa
1241 1252 1360 1304 quze
1387 1235 1480 1289 tibi
1515 1243 1840 1304 prarceperat

263 1329 594 1399 expleveris,
629 1338 755 1380 tunc
800 1325 972 1380 tradet
1014 1324 1378 1394 possessiones
1409 1325 1676 1392 paradisi,
1709 1340 1838 1392 pan-

263 1427 352 1477 det
381 1423 482 1476 tibi
508 1430 837 1475 sacramenta
863 1410 1136 1494 caelestia,
1171 1419 1388 1472 donabit
1413 1421 1556 1489 regni
1584 1420 1840 1474 ctelorum

264 1513 516 1586 gloriam,
544 1510 936 1566 demonstrabit
962 1510 1324 1575 apostolorum
1363 1510 1675 1565 immensam
1704 1511 1841 1564 Leti-

271 1606 424 1665 tiam,
449 1613 740 1673 martyrum
768 1603 985 1662 choros,
1018 1600 1324 1668 angelorum
1357 1611 1515 1669 atque
1550 1600 1846 1668 archange-

279 1700 448 1753 lorum
473 1697 822 1766 frequentiam
857 1693 1053 1760 smpius
1081 1692 1388 1747 declarabit.
1419 1693 1520 1748 Sed
1549 1709 1709 1761 super
1731 1693 1846 1747 haec

1939 496 2090 548 triam
2124 503 2301 564 posset
2339 509 2652 564 agnoscere.

2006 585 2131 638 CAP.
2173 583 2279 638 VII.
2303 615 2370 624 —
2394 584 2554 650 Igitur
2583 600 2702 637 cuin
2733 585 2866 638 hanc
2894 593 3130 654 sanetam
3160 583 3333 653 fugam
3377 588 3501 646 bea-
3570 621 3582 632 ο

1940 678 2129 731 tissimi
2174 678 2278 732 viri
2309 691 2737 748 perpetrassent,
2771 689 3047 745 coeperunt
3084 690 3330 746 parentes
3377 696 3501 737 san-

1938 772 2007 822 eti
2038 768 2273 823 Astionis
2307 785 2398 836 per
2428 770 2633 823 diversa
2667 769 2782 823 loca
2817 784 2937 824 eum
2982 770 3272 838 requirere,
3307 779 3360 824 et
3407 786 3503 822 no-

1942 877 2064 916 men
2115 862 2254 932 ejus,
2309 863 2413 916 huc
2463 862 2690 929 illucque
2737 861 3117 924 discurrentes,
3170 874 3291 914 cum
3342 859 3508 912 nimio

1944 972 2179 1012 maerore
2209 957 2521 1011 inclamare.
2563 954 2832 1024 Siquidem
2867 965 3015 1022 pater
3042 943 3514 1022 ejusvociferaha-

1942 1059 2050 1114 tur,
2083 1051 2306 1104 dicens:
2344 1048 2446 1104 Fili
2493 1049 2823 1111 dulcissime,
2856 1055 2909 1100 et
2956 1046 3167 1100 unicum
3213 1060 3388 1098 meum
3439 1045 3516 1112 υί-

1943 1159 2098 1208 guns.
2132 1141 2319 1194 Astiun
2369 1140 2708 1202 cbarissime,
2741 1137 2863 1206 quid
2904 1137 2996 1190 tibi
3044 1138 3236 1190 factum
3286 1143 3403 1198 est,
3433 1136 3513 1185 vel

1945 1232 2115 1300 qualis
2147 1231 2257 1284 fera
2286 1241 2334 1285 te
2365 1231 2536 1284 subito
2560 1230 2857 1289 devoravit,
2883 1237 2942 1280 ut
2970 1243 3067 1282 nec
3093 1243 3279 1296 parum
3311 1225 3511 1294 aliquid

1947 1322 2290 1391 reliquiarum
2340 1332 2546 1376 tuarum
2599 1322 2858 1389 potuerim
2889 1319 3160 1388 reperire?
3209 1321 3252 1372 0
3291 1319 3514 1374 baculus

1944 1413 2234 1466 senectutis
2266 1425 2421 1475 mete,
2450 1419 2504 1465 et
2533 1411 2796 1463 viscerum
2831 1423 3066 1462 meorum
3101 1411 3309 1474 lumen,
3345 1409 3430 1464 ubi
3463 1419 3514 1463 te

1941 1503 2051 1573 jam
2083 1504 2306 1558 ulterius
2336 1502 2601 1572 requiram
2638 1503 2818 1555 neSrio
2842 1544 2856 1566 ,
2889 1512 2943 1556 et
2985 1503 3035 1556 in
3064 1519 3218 1570 quant
3249 1493 3516 1570 regionem

1948 1606 2167 1667 propter
2197 1603 2249 1652 te
2297 1610 2446 1648 meos
2492 1596 2694 1648 mittam
2745 1593 2968 1647 famulos
3009 1593 3216 1660 ignoro.
3257 1594 3333 1646 Tu
3377 1596 3518 1648 enim

1955 1703 2078 1743 eras
2108 1687 2255 1740 urth
2289 1687 2445 1755 hujus
2493 1685 2879 1754 pretiosissima
2923 1687 3204 1751 margarita
3231 1731 3244 1752 ,
3277 1693 3333 1738 tu
3379 1687 3524 1748 inter

289 1789 476 1851 omnia,
504 1797 564 1840 ut
604 1788 772 1840 lilium
800 1795 854 1840 et
879 1783 1101 1840 fratrem
1135 1795 1184 1839 te
1214 1785 1311 1838 sibi
1341 1802 1436 1854 per
1462 1787 1686 1856 gratiam
1718 1785 1846 1839 ado-
1879 1796 1926 1856 Β
1956 1789 2075 1834 tuos
2109 1778 2255 1832 cives
2283 1786 2339 1830 ut
2363 1777 2608 1831 columba
2639 1775 2989 1845 pulcherrima
3026 1775 3339 1838 iucedebas;
3375 1785 3429 1829 tu
3461 1787 3520 1829 ιιι

288 1879 469 1946 piabit.
503 1880 631 1933 llaec
648 1878 874 1931 audiens
896 1879 1116 1944 juvenis
1144 1877 1588 1946 sapientissimus,
1624 1878 1852 1945 procidit

279 1976 342 2023 ad
375 1973 523 2025 senis
545 1987 736 2040 genua,
765 1979 820 2024 et
846 1984 1034 2038 rogare
1059 1985 1178 2022 eum
1210 1972 1390 2038 coepit,
1416 1979 1473 2022 ut
1497 1969 1568 2022 illi
1597 1986 1654 2024 se
1679 1972 1852 2036 potius

277 2063 526 2128 offerret,
553 2064 638 2118 cui
667 2065 779 2132 ipse
803 2062 878 2134 ab
897 2063 1114 2115 ineunte
1144 2070 1298 2116 aetate
1327 2061 1649 2124 deserviret,
1681 2062 1769 2129 qui
1801 2073 1855 2114 et

293 2169 461 2210 tanta
490 2160 740 2226 potentia:
765 2166 819 2209 et
856 2155 1228 2224 magnitudinis
1259 2155 1406 2209 solus
1448 2155 1753 2209 haberetur.
1789 2156 1856 2208 Et

291 2250 418 2319 quia
446 2259 662 2318 propter
683 2263 861 2302 servos
885 2263 974 2302 seu
1003 2249 1298 2312 ministros,
1323 2247 1410 2316 qui
1471 2247 1537 2300 ad
1569 2234 1685 2315 ejus
1705 2255 1857 2302 erant

287 2341 630 2408 obsequium,
660 2354 727 2394 ne
762 2339 1013 2408 quispiam
1053 2353 1239 2392 eorum
1269 2338 1382 2392 haec
1412 2338 1544 2406 patri
1574 2339 1852 2403 indicaret,

283 2432 521 2497 amplius
554 2429 685 2482 nihil
715 2430 898 2484 Astiou
929 2430 979 2483 in
1007 2433 1095 2485 die
1124 2431 1213 2484 illa
1245 2430 1309 2484 ad
1349 2431 1618 2488 hominem
1653 2430 1747 2486 Dei
1779 2432 1857 2484 lo-

284 2532 437 2576 οιιιυε
468 2531 572 2575 est.
1787 2500 1796 2512 .

355 2612 484 2668 Car.
524 2613 609 2667 Vl.
637 2643 702 2653 —
729 2614 838 2666 Alia
871 2628 998 2668 vero
1027 2612 1117 2668 die
1145 2628 1368 2684 surgens
1394 2615 1568 2683 primo
1605 2613 1858 2675 diluculo,

291 2718 344 2760 ut
369 2712 482 2777 apis
517 2707 954 2774 prudentissima,
985 2707 1051 2760 ad
1092 2710 1337 2786 eumdem
1378 2710 1551 2760 locum
1595 2707 1732 2759 unde
1763 2706 1859 2759 he-

296 2811 468 2856 sterna
497 2800 583 2854 die
610 2802 854 2854 ccelestes
887 2800 1044 2854 flores
1086 2799 1255 2853 fuerat
1285 2799 1537 2869 depastus
1557 2808 1860 2866 ,‘propera-

310 2896 398 2946 \it.
433 2894 498 2946 Et
525 2895 793 2964 ingressos
821 2896 873 2946 in
923 2895 1254 2948 mansionem
1291 2893 1580 2948 sacerdotis
1614 2892 1818 2944 llomini
1846 2932 1861 2955 ,

311 2986 480 3040 taliter
507 3002 616 3038 eum
645 2987 918 3049 salutavit,
950 2985 1129 3039 dii-ens
1157 3003 1170 3036 :
1210 2987 1340 3050 Ave,
1373 3000 1404 3038 ο
1431 2986 1672 3054 apostole
1707 2983 1863 3036 Chri-

313 3077 411 3141 sti,
435 3086 486 3132 et
514 3078 627 3132 novi
652 3078 982 3132 Testamenti
1005 3079 1264 3133 minister.
1299 3078 1364 3130 Et
1386 3086 1598 3131 sanctus
1625 3079 1692 3131 ad
1718 3078 1860 3131 inec:

1960 1869 2138 1930 radius
2165 1871 2294 1922 solis
2336 1869 2475 1923 inter
2501 1884 2687 1922 omnes
2732 1869 2999 1936 fulgebas;
3031 1879 3085 1922 tu
3115 1878 3172 1923 ut
3197 1870 3522 1938 Splendidis-

1955 1963 2087 2017 sima
2117 1962 2238 2015 luna
2267 1962 2406 2014 inter
2427 1960 2681 2028 populare
2708 1960 2893 2028 vulgus
2915 1962 3235 2015 coruscabas
3259 1978 3273 2025 ;
3307 1971 3359 2015 tu
3383 1961 3523 2016 inter

1956 2055 2226 2123 sapientes
2259 2053 2553 2122 sapientior
2601 2051 2896 2106 eiistcbas.
2933 2054 2994 2105 Et
3023 2051 3145 2120 quid
3176 2052 3380 2106 multa?
3429 2052 3528 2106 l’er

1956 2157 2044 2201 tua
2087 2147 2340 2201 melliflua
2367 2145 2526 2200 verba
2573 2147 2849 2199 universus
2877 2147 2940 2199 ad
2975 2146 3048 2198 tui
3072 2132 3286 2199 amoris
3312 2125 3527 2208 deside-

1957 2239 2095 2293 rium
2142 2238 2490 2305 provocabas.
2523 2238 2649 2292 fltec
2677 2238 2890 2307 quidem
2933 2250 3100 2306 pater.
3133 2237 3239 2292 Sed
3279 2245 3335 2292 et
3361 2248 3532 2308 mater

1959 2316 2208 2384 scindens
2237 2330 2551 2382 vestimenta
2577 2343 2692 2393 sua,
2723 2344 2784 2382 ac
2812 2328 3005 2399 feriens
3037 2329 3281 2382 manibus
3309 2327 3489 2399 pectus
3513 2371 3530 2393 ,

1959 2422 2049 2476 tali
2082 2421 2241 2474 modo
2271 2420 2519 2482 deflebat,
2550 2422 2734 2476 dicens
2757 2439 2771 2474 :
2797 2397 2926 2488 Quis
2955 2431 3006 2474 te
3052 2438 3082 2476 a
3127 2439 3212 2478 me
3243 2397 3531 2493 separavit,

1961 2518 2046 2573 vel
2074 2517 2193 2587 quis
2233 2516 2476 2570 seduxit?
2498 2531 2592 2569 seu
2619 2517 2790 2583 qualis
2818 2516 2932 2569 avis
2972 2507 3194 2572 demens
3223 2517 3291 2572 de
3315 2517 3532 2588 gremiis

1969 2609 2164 2679 rapuit,
2192 2624 2224 2663 ο
2253 2608 2565 2661 dulcissime
2593 2607 2664 2661 fili
2695 2609 2904 2674 AStion,
2936 2610 3139 2675 ignoro.
3169 2610 3297 2677 Sed,
3327 2621 3385 2665 ut
3413 2624 3534 2664 sns-

1964 2702 2130 2771 picor,
2167 2699 2302 2755 forte
2325 2699 2416 2754 ille
2460 2698 2879 2753 ChriStianorum
2909 2701 3080 2764 Deus,
3108 2717 3271 2755 unum
3303 2703 3448 2762 misit
3468 2704 3538 2759 de

1965 2795 2095 2860 Suis,
2122 2802 2176 2850 et
2201 2795 2456 2864 pervertit
2484 2810 2578 2847 cor
2603 2809 2766 2860 tuum,
2794 2803 2848 2848 et
2875 2795 3195 2863 abalienavit
3222 2806 3274 2851 te
3300 2812 3328 2850 a
3353 2797 3532 2852 nobis.

1967 2895 2032 2948 Et
2060 2910 2198 2948 nunc
2224 2909 2302 2946 vae
2333 2893 2458 2946 mihi
2488 2893 2697 2946 miserm
2721 2892 2849 2955 soli,
2884 2908 2948 2945 eo
2973 2892 3110 2960 quod
3135 2892 3339 2947 infinita
3371 2894 3534 2947 tristi-

1969 2988 2064 3050 tia,
2098 2997 2149 3040 et
2176 2983 2529 3039 intolerabilis
2550 2983 2704 3036 dolor
2733 2999 2818 3038 me
2858 2986 3245 3052 apprehendit.
3273 2993 3328 3039 et
3354 2991 3534 3040 tanto—

1966 3094 2081 3130 rum
2113 3093 2372 3131 annorum
2407 3077 2554 3130 labor
2595 3076 2766 3130 inanis
2797 3076 3041 3130 inventus
3071 3088 3176 3132 est.
3208 3077 3410 3132 Cecidit
3441 3093 3539 3132 co-

305 3171 412 3222 Are
437 3178 488 3221 et
516 3179 592 3231 tu,
622 3169 834 3238 juvenis
861 3210 875 3233 ,
909 3169 997 3238 qui
1031 3168 1268 3239 martyrii
1312 3169 1498 3222 stolam
1527 3176 1584 3222 et
1607 3182 1858 3222 coronam
1884 3160 1935 3226 ϐ
1969 3182 2094 3219 rona
2125 3168 2312 3234 capitis
2336 3165 2460 3220 mei.
2486 3167 2638 3218 Aruit
2667 3165 2931 3234 siquidem
2960 3165 3159 3220 fruetus
3181 3168 3384 3222 ventris
3411 3169 3543 3232 mei,

300 3260 453 3314 variis
481 3261 711 3330 genuuis
755 3267 1056 3314 contextam
1107 3259 1158 3312 in
1191 3259 1365 3328 capite
1402 3271 1601 3329 gestas.
1629 3258 1867 3327 Cumque

295 3351 434 3425 iuxta
465 3370 528 3407 se
557 3370 679 3407 eum
711 3353 900 3407 sedere
930 3354 1164 3417 fecisset,
1199 3355 1374 3407 taliter
1400 3354 1463 3406 ad
1495 3369 1616 3406 eum
1661 3354 1869 3406 loeutus

293 3455 373 3520 est
398 3463 411 3498 :
437 3445 573 3513 Quid
606 3455 710 3511 est,
732 3445 804 3499 fili
827 3446 846 3498 ?
869 3450 1058 3504 Sem-n
1081 3446 1435 3512 Dominieum,
1459 3446 1597 3516 quod
1623 3446 1869 3500 hesterna

296 3525 376 3592 die
408 3539 458 3590 in
495 3548 696 3591 terram
727 3539 906 3594 cordis
937 3539 1008 3590 tui
1043 3553 1138 3606 per
1179 3538 1410 3591 divinam
1439 3537 1660 3606 gratiam
1710 3536 1872 3590 semi-

301 3631 558 3695 navimus,
591 3632 833 3684 ascendit
860 3631 924 3686 ad
955 3631 1180 3684 fructum
1201 3673 1214 3694 ,
1248 3647 1314 3683 an
1346 3631 1516 3683 adhuc
1543 3629 1874 3683 infidelitatis

310 3725 431 3776 vitio
469 3722 778 3776 detinetur?
831 3721 895 3775 Et
935 3722 1119 3774 Astion
1161 3725 1236 3775 ait
1273 3722 1382 3776 :Ut
1423 3723 1564 3774 novit
1604 3722 1874 3776 beatitudo

312 3829 411 3881 tua,
438 3834 469 3870 ο
496 3816 838 3872 sanctissime
884 3825 1054 3884 pater,
1087 3817 1275 3869 unicus
1320 3814 1422 3869 mei
1467 3815 1757 3885 genitoris,
1795 3816 1875 3869 ni-

305 3911 571 3980 niiumqne
601 3915 795 3965 eharus
831 3912 1036 3975 existo;
1069 3920 1122 3963 et
1150 3911 1277 3964 satis
1309 3920 1469 3964 timeo
1490 3951 1504 3977 ,
1541 3911 1582 3962 si
1612 3908 1875 3962 Christia-

310 4020 407 4057 nus
435 4004 662 4058 effectus
694 4003 864 4064 fuero,
897 4002 985 4056 ille
1016 4017 1126 4071 prie
1155 4001 1314 4054 nimia
1345 4001 1716 4069 desperatione
1740 4039 1753 4060 ,
1786 4009 1878 4052 aut

306 4093 497 4163 spiritu
529 4094 790 4147 violenter
822 4102 1020 4156 careat,
1054 4104 1140 4145 aut
1171 4092 1222 4147 in
1254 4091 1570 4160 profundum
1603 4090 1762 4142 maris
1787 4103 1878 4143 se-

309 4188 596 4254 metipsum
632 4185 962 4254 prmcipitet;
993 4193 1046 4237 et
1074 4193 1164 4236 aut
1191 4198 1335 4244 vere,
1369 4181 1508 4250 quod
1541 4180 1676 4234 absit
1704 4220 1718 4244 ,
1750 4195 1878 4247 pro-

315 4286 428 4340 pter
458 4291 546 4329 me
591 4290 776 4327 amens
805 4273 1100 4337 efficiatur;
1129 4273 1452 4340 atqueunde
1493 4271 1620 4324 mihi
1651 4271 1876 4324 salutem

309 4381 468 4436 spero
495 4367 772 4431 devenire,
809 4365 880 4420 illi
927 4377 1148 4420 mortem
1181 4376 1486 4433 perpetuam
1527 4374 1582 4419 et
1621 4367 1880 4434 gehennae

309 4473 605 4529 praeparem
652 4460 821 4528 ignes.
859 4459 996 4527 Ergo
1027 4457 1070 4513 si
1119 4456 1349 4527 dignaris
1388 4458 1671 4517 consilium
1701 4473 1876 4513 meum

1971 3273 2025 3318 et
2053 3264 2216 3317 sedeo
2248 3271 2309 3315 ut
2334 3262 2525 3316 civitas
2568 3261 2824 3316 desolata.
2862 3262 3030 3317 Mater
3061 3262 3131 3315 fui
3175 3279 3343 3332 usque
3386 3260 3546 3318 hodie

1971 3371 2066 3425 per
2096 3366 2171 3420 te,
2205 3355 2278 3410 fili
2326 3355 2427 3418 mi,
2458 3370 2521 3408 ac
2550 3355 2751 3422 regina,
2782 3363 2837 3408 et
2877 3369 3017 3408 nunc
3048 3364 3097 3408 te
3127 3358 3411 3422 amittens,
3446 3373 3546 3411 nec

1973 3447 2173 3516 reginze
2213 3447 2432 3515 gloriam
2459 3486 2474 3508 ,
2507 3460 2604 3500 nec
2651 3435 2831 3498 matris
2862 3445 3108 3516 gaudium
3139 3446 3329 3500 habeo.
3362 3446 3465 3502 Sed
3493 3459 3548 3502 et

1977 3548 2052 3601 tu,
2085 3548 2207 3591 nate
2241 3537 2567 3600 dulcissime,
2600 3536 2761 3590 arbor
2789 3535 2971 3602 fuisti,
3004 3547 3056 3592 et
3082 3539 3255 3592 excisa
3285 3553 3374 3602 es;
3407 3556 3548 3591 mar-

1973 3634 2163 3700 garita,
2194 3642 2247 3685 et
2275 3630 2568 3684 a.Galila2is
2595 3615 2674 3700 (f5)
2704 3628 2910 3682 furatus
2933 3644 3022 3694 es;
3055 3645 3261 3694 gemma
3295 3632 3548 3698 pretiosa,

1973 3735 2030 3779 et
2059 3725 2114 3782 in
2141 3723 2371 3777 obscuro
2413 3722 2705 3776 collocatus
2734 3735 2827 3782 es;
2858 3728 2915 3772 tu
2947 3720 3176 3788 lampas,
3209 3733 3262 3774 et
3290 3705 3549 3776 exstincta

1979 3835 2073 3885 es;
2103 3821 2344 3875 columna
2377 3831 2522 3882 eras,
2552 3827 2606 3872 et
2633 3816 2872 3885 deiectus
2908 3829 3000 3881 es;
3031 3817 3222 3885 regalis
3252 3826 3425 3870 statua
3448 3858 3464 3881 ,
3497 3828 3550 3869 et

1985 3927 2203 3970 eversus
2231 3927 2310 3966 es.
2356 3912 2423 3965 Et
2458 3909 2582 3979 quid
2631 3909 2832 3962 multa?
2859 3909 3030 3963 Homo
3057 3907 3231 3974 fuisti,
3264 3917 3320 3962 et
3343 3909 3396 3960 in
3426 3925 3542 3961 mo—

1978 4007 2142 4062 menti
2176 4003 2326 4068 hora,
2352 4011 2414 4057 ut
2440 4001 2706 4072 suspicor,
2738 4001 2916 4054 subito
2938 4012 3178 4054 mortuus
3207 4015 3288 4054 es.
3317 3998 3384 4053 Et
3409 4015 3552 4054 nunc

1979 4103 2199 4166 propter
2228 4103 2313 4158 te,
2347 4093 2419 4146 fili
2466 4085 2792 4158 mi,'amens
2822 4091 3009 4146 effecta
3043 4107 3158 4145 sum
3181 4132 3195 4152 .
3230 4101 3287 4145 ιιι
3331 4107 3428 4146 nec
3467 4093 3551 4146 vel

1981 4189 2165 4249 vitam,
2191 4186 2275 4240 vel
2306 4199 2497 4238 nomen
2523 4199 2704 4240 meum
2733 4183 3041 4252 intelligam.
3077 4184 3200 4237 Ηιιια
3225 4193 3279 4238 et
3308 4183 3554 4251 hujusce-

1981 4279 2126 4334 modi
2157 4278 2316 4333 verba
2337 4286 2493 4348 pater
2521 4277 2636 4345 ejus
2664 4285 2718 4332 et
2746 4287 2914 4330 mater
2935 4277 3195 4341 dicentes,
3219 4279 3367 4331 nullo
3395 4279 3552 4333 modo

1982 4387 2040 4428 se
2073 4380 2318 4442 poterant
2342 4386 2372 4423 a
2403 4385 2633 4426 mcerore
2663 4370 3190 4425 maximo-relevare.
3343 4373 3346 4376 ’

2054 4463 2180 4520 CAP.
2218 4463 2344 4518 Vill.
2372 4491 2444 4504 -—
2465 4463 2625 4535 Igitur
2652 4477 2771 4517 cum
2801 4462 2855 4516 in
2887 4473 3175 4517 memorata
3203 4463 3352 4524 urbe,
3379 4465 3552 4516 sancti
3581 4502 3586 4535 ε

306 4552 551 4620 accipere
574 4593 589 4615 ,
626 4552 783 4604 facito
830 4551 1039 4605 interim
1079 4565 1196 4620 qua:
1233 4551 1370 4603 dico.
1410 4549 1545 4604 .luhe
1588 4566 1672 4605 me
1723 4550 1879 4608 hodie
1908 4538 1963 4600 Ῑ)
1988 4557 2078 4612 Dei
2114 4555 2360 4611 homines
2391 4527 2694 4610 mansiones
2720 4555 2822 4609 sibi
2851 4565 3000 4623 aptas
3026 4555 3382 4616 invenissent,
3414 4556 3464 4607 in
3495 4527 3587 4608 ea.

307 4644 419 4697 fieri
468 4643 949 4708 catechumenum,
993 4650 1046 4695 et
1092 4641 1480 4710 impone.mihi
1519 4641 1777 4711 jejunium
1828 4644 1881 4698 in

309 4746 540 4804 quantos
568 4735 802 4787 volueris
831 4735 965 4797 dies,
999 4743 1051 4786 et
1082 4744 1200 4801 post
1227 4733 1340 4786 dies
1369 4735 1615 4786 definilos
1646 4736 1772 4788 tnihi
1801 4752 1886 4790 sa—

309 4835 648 4878 eratnentum
695 4823 1025 4891 baptismatis
1054 4823 1244 4876 tribue.
1275 4822 1512 4892 Cumque
1543 4825 1718 4877 omnia
1766 4842 1885 4893 qua:

309 4918 637 4971 Christiana:
685 4917 970 4984 pertinent
994 4916 1233 4984 religioni
1279 4917 1586 4987 explevere,
1618 4930 1743 4972 tunc
1767 4935 1885 4989 pre-

309 5027 406 5065 cor
429 5021 486 5066 ut
518 5012 718 5080 pariter
741 5010 807 5064 ab
849 5009 947 5061 hac
988 5009 1118 5062 urbe
1147 5010 1302 5065 ambo
1328 5011 1686 5079 egrediamnr,
1729 5022 1784 5067 et
1827 5013 1878 5069 in

310 5105 584 5175 regionem
627 5101 992 5170 longinquam,
1026 5100 1187 5171 21!.
1229 5102 1318 5154 ubi
1371 5117 1464 5156 nos
1501 5103 1728 5172 Spiritus
1759 5119 1883 5161 san-

308 5207 426 5248 ctus
455 5195 782 5264 perduxerit,
815 5206 1182 5261 properemus,
1216 5206 1282 5244 ne
1323 5192 1712 5246 itnmacnlatam
1754 5210 1879 5248 con-

312 5287 594 5340 scientiam
641 5301 814 5339 meam
866 5299 962 5352 per
1008 5297 1132 5336 soas
1173 5283 1430 5354 lacrymas
1464 5273 1664 5352 polluat
1709 5296 1880 5355 pater.

309 5377 552 5448 Cumque
582 5383 634 5432 in
687 5378 1096 5447 prudentissimo
1121 5376 1316 5452 juvene
1340 5416 1354 5440 ,
1404 5363 1520 5447 qua:
1551 5378 1884 5448 disposuerat

311 5469 452 5537 ipse,
493 5479 858 5524 consummata
900 5468 1142 5534 fniSsent,
1178 5475 1295 5536 post
1338 5467 1451 5520 dies
1502 5483 1717 5536 paucos,
1762 5483 1885 5521 ora—

314 5563 459 5618 tione
509 5563 573 5615 ad
604 5562 873 5623 Christ-um
915 5561 1185 5630 premissa
1210 5601 1223 5614 .
1255 5558 1412 5612 ambo
1450 5559 1516 5610 ab
1565 5561 1694 5612 urbe
1732 5574 1888 5627 egre-

313 5654 534 5708 diuntur
561 5672 573 5706 :
601 5665 654 5708 et
686 5653 1072 5707 descendentes
1103 5636 1302 5716 navim,
1335 5651 1384 5703 in
1417 5649 1732 5720 Scytharum
1757 5650 1890 5704 fines

319 5745 544 5818 ingressr
577 5756 723 5811 euut,
751 5755 910 5817 atque
949 5745 999 5801 in
1041 5742 1476 5800 Almiridensiutn
1507 5744 1773 5798 civitatem
1806 5744 1890 5816 (5)

1986 4647 2276 4718 gratiarum
2301 4646 2540 4701 actiones
2567 4646 2664 4707 soli
2691 4645 2800 4700 Deo
2821 4645 3160 4700 exhibebant.
3193 4647 3254 4698 Et
3277 4642 3396 4714 quia
3425 4643 3561 4698 seri-

1989 4747 2135 4806 ptum
2166 4745 2283 4792 est:
2312 4737 2426 4790 Non
2456 4745 2630 4806 potest
2654 4736 2842 4790 civitas
2859 4736 3111 4790 abscondi
3139 4751 3298 4804 super
3324 4744 3557 4788 montem

1990 4829 2160 4895 posita
2206 4827 2425 4897 (Matth.
2462 4827 2564 4896 v),
2617 4844 2788 4896 neque
2828 4827 3004 4882 divina
3047 4828 3211 4894 gratia
3259 4828 3420 4880 latere
3466 4826 3565 4878 $th

1989 4918 2207 4983 modio,
2239 4919 2401 4988 coepit
2450 4917 2639 4973 iterum
2691 4919 2926 4973 ctelestis
2972 4920 3138 4972 virtus
3187 4931 3281 4984 per
3321 4928 3562 4971 sanctum

1991 5011 2290 5079 Epitectnm
2324 5012 2468 5080 plura
2496 5011 2642 5078 signa
2669 5019 2725 5064 et
2754 5009 2988 5080 prodigia
3015 5012 3065 5063 in
3097 5009 3313 5079 regione
3340 5011 3564 5081 Scytha-

1992 5117 2134 5164 rum,
2168 5118 2324 5170 quam
2356 5117 2417 5155 ea
2446 5117 2564 5170 quae
2595 5101 2646 5154 in
2670 5099 2904 5154 Orientis
2935 5099 3189 5166 partibus
3209 5099 3407 5152 fecerat
3432 5115 3564 5167 ope-

1991 5194 2116 5246 rari.
2147 5193 2277 5246 Nam
2306 5208 2407 5246 una
2456 5192 2661 5245 dierum
2695 5191 2950 5263 .qnzedatn
2993 5190 3182 5244 mulier
3209 5191 3273 5244 ad
3309 5205 3430 5245 eum
3473 5207 3562 5245 ve-

1994 5281 2165 5348 niens,
2193 5283 2384 5335 obtulit
2413 5283 2461 5336 ei
2492 5283 2654 5335 filium
2685 5298 2862 5346 suum,
2893 5296 3150 5336 annorum
3180 5283 3288 5337 fere
3319 5298 3406 5342 xv,
3447 5298 3564 5335 mu-

1995 5385 2103 5428 tum
2134 5383 2188 5428 et
2214 5373 2457 5437 surdum,
2481 5382 2534 5427 et
2559 5374 2764 5428 aridum
2795 5377 3140 5437 existentem;
3175 5373 3569 5444 projiciensque

1992 5486 2112 5525 eum
2139 5470 2202 5523 ad
2238 5470 2400 5537 pedes
2423 5470 2592 5523 sancti
2623 5470 2877 5538 Epitecti,
2911 5470 3083 5523 taliter
3110 5469 3176 5524 ad
3205 5469 3352 5524 illum
3383 5467 3568 5536 loque-

1995 5563 2170 5624 batur,
2215 5560 2434 5615 dicens:
2465 5560 2615 5617 Unde
2661 5563 2941 5618 adveneris
2971 5562 3191 5629 nescio,
3241 5567 3325 5617 vel
3354 5559 3426 5613 de
3466 5575 3568 5624 qua

1994 5655 2212 5722 regione
2259 5653 2463 5710 existas
2510 5641 2718 5725 ignoro.
2773 5658 2885 5713 lloc
2953 5669 3130 5714 autem
3201 5654 3570 5716 tantummodo

1995 5748 2174 5816 credo,
2203 5745 2321 5818 quia
2353 5746 2396 5801 si
2427 5749 2505 5800 vis
2528 5786 2545 5818 ,
2577 5758 2728 5818 potes
2768 5750 3140 5823 languentibus
3178 5748 3422 5806 sanitatis
3453 5758 3565 5799 rne-
