4016 6288
421 358 528 433 399

1452 373 1539 429 DE
1579 370 1758 428 VITIS
1799 372 2077 430 PATRUM
2118 374 2319 428 LIBER
2364 373 2635 430 PRIMUS.

3566 378 3679 436 400

420 492 594 546 delum
626 497 900 558 prastare,
931 502 997 543 eo
1023 488 1162 555 quod
1207 488 1414 541 habitus
1445 495 1564 540 tuus
1605 492 1763 553 atque
1807 486 1991 554 religio
2022 494 2070 551 Α
2166 485 2296 541 CAP.
2331 486 2393 540 X.
2418 519 2485 528 —
2510 486 2638 540 item
2673 488 2777 539 alio
2808 496 3048 555 tempore
3092 489 3213 541 vidit
3260 490 3528 544 hominem
3584 497 3672 563 qui

420 582 682 638 Nazareni
714 580 856 634 illius
890 591 941 633 te
970 595 1090 634 esse
1118 578 1435 647 discipulum
1479 578 1735 633 declaret.
1768 576 1991 631 Audivi-

421 689 538 728 mus
555 673 818 744 siquidem
838 682 1032 741 quanta
1064 672 1211 740 signa
1235 680 1287 724 et
1313 671 1548 739 prodigia
1574 672 1659 725 alii
1684 671 1751 725 de
1774 686 1996 726 numero

421 776 512 817 tuo
538 769 587 818 iit
620 765 757 818 iliius
780 773 904 821 sunt
934 764 1147 818 nomine
1179 762 1403 832 Operati.
1439 764 1573 831 Ergo
1604 765 1725 831 quia
1760 779 1892 816 unus
1923 778 1992 816 ex

423 854 570 909 illius
642 854 916 922 discipulis
988 852 1245 917 baheris,
1313 854 1536 907 subveni
1609 854 1997 943 inﬁrlmitatibus

428 947 646 1002 nostris.
704 946 937 1000 Pra~dica
991 945 1143 998 nobis
1200 946 1267 998 de
1324 944 1653 998 mirabilibus
1687 946 1847 1011 illius,
1900 962 1996 1000 ex-

422 1052 560 1105 pone
590 1037 656 1090 de
706 1036 919 1089 uati0ne
974 1035 1169 1103 ipsius,
1225 1050 1319 1089 seu
1365 1034 1655 1087 divinitatis
1697 1050 1998 1090 sacramen-

423 1143 555 1196 tum,
580 1140 639 1185 ut
667 1140 720 1185 et
744 1144 839 1184 nos
864 1130 1006 1184 servi
1030 1131 1146 1194 ejus
1169 1126 1262 1198 per
1287 1136 1339 1182 te
1367 1124 1504 1182 efﬁci
1529 1142 1849 1183 mereamur.
1876 1130 1997 1183 llaec

422 1224 642 1277 audiens
669 1223 917 1277 sacerdos
944 1221 1184 1286 Domini,
1213 1220 1388 1274 taliter
1416 1221 1624 1274 mulieri
1660 1223 1865 1275 locutus
1894 1230 1993 1288 est,

421 1317 604 1371 dicens
633 1332 648 1370 :
673 1316 730 1371 Si
754 1315 976 1369 credere
1006 1314 1084 1368 vis
1114 1313 1305 1367 mulier
1334 1316 1382 1367 in
1408 1328 1528 1367 eum
1555 1330 1711 1383 quem
1743 1329 1842 1384 ego
1873 1329 2000 1383 pra:-

418 1408 538 1465 dico
568 1409 758 1475 Deum,
788 1417 842 1463 et
866 1408 1071 1463 nullum
1099 1407 1347 1476 deinceps
1374 1406 1699 1461 inﬁdelitatis
1728 1408 1910 1461 vitium
1944 1409 1996 1462 in

417 1500 600 1554 animo
629 1510 722 1553 ttto
744 1499 1027 1564 resederit,
1060 1498 1151 1552 sed
1174 1498 1462 1552 credideris
1487 1512 1551 1552 ex
1582 1508 1691 1551 totu
1717 1499 1877 1552 corde
1905 1507 1998 1550 tuo

423 1593 565 1665 quod
601 1594 715 1660 ipse
739 1593 805 1647 sit
835 1592 1081 1646 conditor
1104 1589 1227 1646 οωιί
1249 1599 1304 1646 et
1328 1600 1501 1654 terrae,
1532 1594 1693 1645 maris
1714 1607 1923 1661 quoque
1944 1600 1999 1645 et

421 1684 645 1738 fontium
697 1697 984 1753 aquarum,
1014 1689 1069 1735 et
1114 1682 1350 1734 omnium
1381 1696 1499 1750 quae
1532 1683 1580 1734 in
1608 1682 1689 1736 eis
1715 1694 1837 1735 sunt
1857 1724 1871 1748 ,
1901 1683 2000 1735 erit

420 1772 559 1843 quod
592 1772 789 1841 petisti.
819 1771 929 1826 Nec
957 1771 1099 1827 enim
1133 1771 1289 1840 longe
1330 1779 1415 1825 est
1450 1771 1515 1824 ab
1547 1787 1866 1841 unoquoque
1899 1786 1994 1824 no-

2098 578 2164 630 de
2197 579 2353 630 nimia
2379 578 2661 632 altitudine
2695 581 2892 645 lapsus,
2914 581 3289 634 semimortuus
3315 598 3341 635 a
3369 586 3670 645 parentibus

2100 669 2150 721 in
2177 669 2390 721 domum
2424 668 2688 737 proprium
2731 670 3041 723 ducebatur.
3088 670 3329 740 Cumque
3377 674 3664 729 intueretur

2100 761 2218 815 illos
2243 763 2311 815 de
2338 761 2610 827 repentino
2643 764 2781 815 facto
2812 764 3027 816 nimium
3062 763 3365 827 lamentari,
3396 765 3480 832 pia
3511 767 3661 819 mise-

2100 856 2304 907 ratione
2330 866 2641 918 cominotus,
2675 860 2892 910 secessit
2914 855 2964 909 in
2988 857 3268 926 qnetndattt
3297 858 3468 910 locum
3494 864 3667 912 occul-

2101 954 2241 1009 tum;
2270 954 2322 999 ct
2350 955 2514 1007 stans,
2550 947 2725 1000 taliter
2757 948 3035 1001 Dominum
3063 959 3299 1000 nostrum
3329 964 3425 1016 pro
3454 965 3518 1001 eo
3552 966 3673 1019 pre-

2098 1046 2248 1089 Catus
2302 1047 2402 1100 est,
2441 1036 2895 1094 dicens:Chrtste
2950 1039 3108 1102 Deus,
3155 1041 3242 1105 qui
3304 1055 3401 1108 per
3459 1042 3675 1094 beatum

2100 1127 2317 1182 Paulum
2348 1131 2667 1198 apostolum,
2701 1131 2993 1200 Eutychum
3023 1130 3088 1185 de
3120 1130 3350 1184 fenestra
3381 1145 3619 1187 ruentem
3643 1150 3675 1187 a

2102 1222 2288 1274 mortis
2330 1220 2503 1289 junuis
2555 1221 2811 1275 revoca~ti
2859 1221 2923 1274 ad
2965 1222 3123 1275 vitam
3148 1222 3284 1293 (Act.
3321 1224 3448 1292 xx),
3482 1240 3531 1277 et
3583 1227 3673 1293 qui

2100 1309 2287 1365 IEnete
2313 1312 2380 1366 ab
2406 1326 2558 1365 annis
2584 1328 2721 1366 Lxxx
2751 1312 2799 1365 in
2831 1311 3284 1382 grabatojztcenti.
3310 1329 3404 1381 per
3430 1325 3673 1367 sanetum

2102 1404 2313 1457 Petrum
2346 1404 2683 1458 stabilitatem
2729 1404 2956 1457 tribuisti
2990 1404 3371 1468 membrorum,
3400 1414 3456 1457 et
3479 1406 3674 1458 claudo

2100 1510 2163 1547 ex
2194 1503 2344 1548 utero
2374 1496 2555 1550 matris
2581 1494 2833 1551 existenti
2856 1496 3112 1564 integram
3143 1497 3424 1551 sanitatem
3458 1500 3673 1565 prmsli-

2102 1585 2209 1640 tisri
2234 1587 2367 1655 (Act.
2396 1587 2570 1656 ttt),et
2597 1603 2758 1651 nunc,
2786 1602 2984 1655 quaeso,
3018 1586 3257 1650 Domine,
3281 1588 3485 1655 respice
3513 1602 3673 1656 super

2098 1673 2259 1730 istum
2293 1679 2581 1741 hoiniuem,
2612 1680 2698 1749 qui
2732 1694 2825 1748 per
2850 1678 3049 1732 diaboli
3076 1679 3440 1746 operationem
3468 1692 3498 1731 a
3529 1689 3673 1733 tanta

2101 1768 2293 1823 cecidit
2321 1768 2625 1835 altitudine;
2659 1769 2796 1824 dona
2824 1771 2870 1825 ei
2905 1770 3160 1838 integram
3208 1772 3508 1835 sanitatem,
3539 1772 3675 1823 iaci-

423 1874 618 1928 strum,
641 1878 707 1918 eo
731 1863 871 1932 quod
899 1864 950 1916 in
981 1863 1096 1932 ipso
1121 1878 1325 1929 sumus,
1357 1863 1603 1926 vivimus,
1633 1872 1691 1916 et
1721 1878 1992 1916 movemur
2026 1847 2067 1906 Β
2096 1866 2255 1926 taque
2282 1873 2402 1913 eum
2437 1874 2556 1913 esse
2585 1860 2652 1914 de
2684 1876 2906 1914 numero
2934 1876 3153 1930 gregum
3184 1868 3423 1926 tuorum,
3455 1864 3576 1929 quia
3610 1874 3670 1912 ιιι

425 1954 561 2016 (Act.
592 1953 708 2023 vn).
741 1954 865 2008 llaec
886 1952 1091 2017 dicens,
1121 1968 1341 2022 puerum
1365 1954 1677 2008 dissolutum
1704 1953 1853 2024 jubet
1878 1956 1989 2008 ele-

421 2047 568 2109 vari;
605 2054 661 2100 et
699 2045 991 2100 sublevatis
1026 2045 1193 2098 oculis
1226 2044 1303 2133 ad
1326 2045 1552 2108 cmlum,
1582 2044 1756 2099 taliter
1796 2060 1890 2111 pro
1926 2058 1991 2099 eo

422 2138 704 2193 Dominum
750 2136 1155 2206 deprecabatur,
1193 2137 1375 2191 dicens
1408 2138 1792 2204 :Omnipmens
1824 2136 1987 2204 Deus,

418 2232 507 2302 qui
533 2247 592 2287 es
618 2231 915 2286 immensus
951 2240 1005 2284 et
1033 2229 1336 2292 invisibilis,
1365 2229 1737 2283 inenarrabilis
1785 2244 1993 2297 quoque

419 2334 473 2378 et
520 2320 1114 2391 incomprehensibilis.
1158 2320 1306 2376 salus
1346 2314 1793 2380 Christianorum,
1848 2319 1992 2372 inﬁr-

420 2418 679 2473 mantium
707 2418 978 2478 medicus,
1005 2414 1331 2484 gubernator
1360 2417 1741 2482 navigantium,
1785 2412 1992 2479 perit-li-

420 2510 647 2563 tantium
682 2515 886 2576 portus,
911 2506 1089 2575 lumen
1117 2518 1401 2569 caecorum,
1430 2516 1521 2571 pes
1551 2503 1881 2569 claudorum,
1911 2503 1991 2555 via

422 2600 738 2664 errantium,
764 2599 992 2665 respice,
1017 2609 1222 2665 quaeso,
1250 2592 1492 2658 Domine,
1539 2607 1700 2661 super
1737 2592 1876 2645 hunc
1913 2592 1963 2644 t'a

428 2692 631 2747 mulum
680 2701 860 2755 tuum,
905 2699 957 2742 et
1000 2689 1148 2745 solve
1191 2687 1462 2740 vinculum
1517 2688 1709 2756 linguae
1742 2685 1886 2738 illius
1926 2684 1991 2737 ad

424 2782 634 2837 laudem
666 2781 898 2835 nominis
923 2780 1017 2833 tui.
1053 2778 1212 2848 Aperi
1255 2792 1464 2847 quoque
1507 2792 1663 2830 aures
1708 2776 1896 2845 ipsms,
1927 2777 1991 2827 ad

424 2873 743 2928 audiendum
772 2882 862 2927 tua
910 2873 1145 2927 caelestia
1193 2882 1549 2925 sacramenta.
1582 2869 1719 2923 Sana
1748 2869 1992 2921 universa

420 2964 661 3020 membra
691 2965 807 3033 ejus
836 2964 1082 3027 contrita,
1120 2971 1225 3016 tam
1248 2961 1474 3015 animam
1507 2975 1661 3029 quam
1689 2961 1848 3012 etiam
1876 2974 1995 3012 cor-

426 3070 548 3127 pus,
577 3056 885 3111 sicubillius
915 3054 1192 3126 paralytici
1225 3069 1380 3123 quem
1409 3062 1530 3122 post
1561 3054 1771 3122 triginta
1797 3062 1850 3106 et
1875 3059 1994 3104 octo

423 3161 594 3201 annos
621 3156 741 3201 tuus
767 3145 1087 3201 venerabilis
1111 3144 1371 3199 adventus
1407 3144 1611 3214 integra
1652 3143 1869 3196 donavit
1900 3160 1990 3195 sa-

2093 1966 2154 2006 es
2204 1961 2382 2022 pastor
2429 1964 2628 2017 noster,
2653 1968 2807 2008 verus
2850 1953 3126 2015 Dominus,
3168 1953 3332 2022 quiin
3364 1964 3450 2006 tuo
3478 1964 3672 2007 sancto

2092 2044 2382 2117 Evangelia
2404 2045 2611 2103 locutus
2642 2062 2721 2109 es,
2747 2047 2929 2101 dicens
2957 2048 3138 2115 (Joan.
3170 2046 3223 2117 κ)
3251 2064 3262 2097 :
3291 2047 3395 2114 Ego
3423 2062 3536 2097 sum
3571 2063 3675 2109 pa—

2090 2151 2203 2196 stor
2256 2142 2443 2201 bonus.
2469 2150 2523 2195 et
2570 2156 2831 2208 cognosco
2879 2155 3026 2194 meas
3073 2153 3219 2203 oves,
3249 2148 3302 2191 et
3342 2147 3674 2205 cognoscunt

2092 2249 2178 2288 me
2208 2249 2361 2289 mete.
2391 2233 2539 2287 Sicut
2571 2235 2715 2286 novit
2757 2247 2840 2286 me
2888 2231 3076 2294 Pater,
3105 2239 3155 2283 et
3187 2245 3283 2298 ego
3313 2243 3538 2297 agno-cn
3571 2227 3677 2279 Pn—

2098 2335 2256 2388 trem,
2286 2333 2340 2378 et
2382 2323 2610 2377 animam
2642 2338 2811 2377 meant
2845 2338 2983 2392 pono
3011 2338 3106 2391 pro
3134 2322 3321 2375 ovibus
3350 2322 3500 2374 meis.
3529 2320 3667 2372 Ora-

2099 2418 2244 2471 tione
2277 2416 2440 2482 ﬁnita,
2472 2402 2732 2471 accedens
2756 2413 2906 2484 juxta
2936 2413 3224 2478 hominem,
3258 2412 3430 2466 taliter
3456 2410 3521 2464 ad
3547 2426 3668 2465 eum

2094 2509 2298 2563 locutus
2325 2517 2425 2575 est,
2458 2508 2638 2562 dicens
2664 2525 2675 2559 ε
2704 2507 2757 2560 ln
2782 2508 2996 2561 nomine
3027 2506 3150 2560 Jesu
3183 2503 3381 2558 Christi
3411 2517 3566 2574 surge
3613 2511 3672 2556 et

2093 2599 2392 2656 ambula.Et
2407 2602 2734 2668 apprehensa
2752 2598 2866 2668 ejus
2880 2613 3034 2651 manu
3054 2598 3153 2651 dex
3166 2608 3274 2650 tera
3286 2597 3668 2654 elevaviteum;

2094 2702 2145 2746 et
2176 2693 2413 2762 protinus
2442 2690 2783 2744 consolidatat
2811 2701 2934 2743 sunt
2964 2690 3119 2741 bases
3148 2686 3264 2755 ejus
3291 2698 3343 2740 et
3376 2689 3589 2755 plautte,
3612 2695 3671 2740 et

2095 2764 2327 2837 exsilivit
2357 2791 2411 2837 et
2437 2784 2745 2835 ambulavit.
2796 2783 2861 2835 Et
2903 2780 3120 2834 veniens
3148 2796 3253 2833 una
3286 2795 3405 2835 cum
3439 2781 3672 2848 parenti-

2096 2876 2194 2930 bus
2216 2879 2326 2931 suis
2350 2892 2515 2944 usque
2537 2876 2600 2929 ad
2622 2873 2978 2929 habitaculum
3006 2883 3334 2939 sanctorum,
3354 2874 3672 2928 exclamavit

2098 2984 2284 3038 magna
2314 2982 2462 3033 voce,
2483 2968 2665 3023 dicens
2693 2987 2704 3019 :
2732 2968 2877 3022 Unus
2902 2966 3042 3021 Deus
3072 2964 3291 3034 Epicteti
3322 2977 3377 3020 et
3408 2965 3665 3029 Astionis,

2100 3077 2227 3116 vere
2255 3078 2387 3115 unus
2419 3062 2556 3116 Deus
2586 3062 3006 3115 Christianorum
3032 3077 3046 3124 ;
3089 3061 3313 3128 ideoque
3343 3075 3448 3114 non
3479 3059 3671 3112 recedo

2103 3156 2255 3223 hinc,
2286 3154 2388 3209 nisi
2433 3154 2591 3210 hodie
2639 3155 2971 3209 Christianus
3016 3169 3135 3207 cum
3182 3154 3315 3208 meis
3370 3151 3675 3220 parentibus

426 3238 593 3291 nitate
623 3234 802 3307 (Joan.
832 3234 923 3306 v),
958 3245 1018 3289 ut
1051 3243 1347 3306 agnoscant
1397 3248 1588 3288 nomen
1633 3243 1778 3287 tuum
1815 3235 1902 3300 qui
1945 3244 1995 3286 te

2103 3246 2249 3303 fuero
2277 3247 2516 3302 effectus.
2561 3246 2707 3301 Tunc
2743 3248 2992 3301 sacerdos
3033 3246 3241 3301 Domini
3272 3260 3547 3321 assumens
3577 3247 3672 3299 ho-

425 3343 531 3381 non
564 3337 853 3393 noverunt,
887 3327 1046 3399 2‘15
1078 3339 1132 3382 et
1165 3327 1388 3382 credant
1427 3327 1550 3397 quia
1596 3336 1649 3379 tu
1677 3342 1734 3380 es
1768 3331 1913 3381 solus
1944 3339 1997 3382 et

430 3432 591 3475 verus
619 3419 777 3481 Deus,
808 3418 896 3486 qui
924 3433 1115 3487 regnas
1140 3432 1187 3472 et
1224 3431 1505 3485 permanes
1544 3431 1647 3471 una
1680 3433 1798 3472 cum
1842 3418 1997 3474 Patre

420 3522 482 3564 et
506 3509 703 3578 Spiritu
732 3519 917 3563 sancto
942 3508 993 3563 in
1023 3509 1217 3562 saecula
1247 3509 1588 3562 saeculorum.
1620 3509 1842 3576 Expleta
1877 3524 1997 3560 ora-

425 3602 591 3664 tione,
617 3600 830 3668 exspuit
868 3608 949 3654 ter
976 3600 1028 3653 in
1074 3614 1136 3653 os
1167 3597 1383 3654 infantis
1408 3639 1424 3665 ,
1455 3608 1613 3668 atque
1657 3600 1996 3669 interrogans

423 3706 569 3754 eum.
614 3690 788 3746 dixit:
818 3688 950 3753 Fili,
985 3690 1037 3744 in
1081 3704 1237 3759 quem
1277 3690 1442 3744 Deum
1474 3705 1573 3745 nos
1606 3691 1856 3745 convenit
1882 3705 1999 3745 cre-

423 3781 577 3847 dere,
608 3783 660 3837 in
688 3782 825 3837 idola
861 3796 983 3851 quas
1024 3782 1093 3837 ab
1121 3781 1420 3835 hominibus
1447 3781 1596 3844 fiunt,
1630 3788 1718 3834 aut
1746 3782 1798 3834 in
1820 3779 1999 3835 Jesum

431 3876 703 3930 Christum
741 3875 1087 3938 cruciﬁxum,
1112 3873 1203 3943 qui
1241 3882 1295 3929 te
1337 3874 1717 3928 liodie'sanare
1757 3873 1999 3943 dignatus

433 3972 554 4025 est?
587 3975 653 4025 At
682 3972 770 4024 ille
808 3985 931 4024 curn
964 3982 1153 4039 magna
1191 3982 1323 4023 voce
1348 3969 1666 4023 exclamavit
1697 3968 1919 4024 dicens:
1946 3970 2001 4023 in

433 4062 616 4115 Jesum
645 4062 914 4115 Christum
953 4075 1048 4115 nos
1077 4061 1327 4115 convenit
1351 4061 1595 4123 credere,
1618 4075 1651 4114 ο
1674 4060 2000 4123 beatissime,

434 4158 525 4223 qui
574 4164 717 4209 tanta
762 4154 1020 4209 beneﬁcia
1062 4169 1275 4223 semper
1310 4163 1366 4209 et
1406 4169 1572 4224 usque
1606 4155 1659 4210 in
1688 4163 2002 4223 przesentem

434 4250 574 4302 diem
598 4251 649 4301 in
676 4247 976 4303 horninibus
1000 4257 1267 4317 operatur.
1298 4247 1535 4318 Cumque
1559 4247 1660 4304 hoc
1690 4246 2000 4302 miraculum

434 4350 679 4395 cerneret
722 4339 1164 4395 Almiridensium
1231 4340 1557 4407 multitudo,
1599 4341 1745 4396 dedit
1777 4342 2001 4412 gloriam

436 4432 569 4493 Deo,
594 4440 649 4486 et
679 4432 957 4502 plusquam
978 4433 1125 4487 mille
1148 4432 1344 4486 animae
1362 4431 1417 4486 in
1443 4431 1531 4485 illa
1553 4431 1643 4488 die
1664 4432 2005 4488 crediderunt

438 4523 490 4575 in
525 4522 802 4575 Doluinum
833 4521 1185 4577 Salvatorem.

498 4614 630 4668 CAP.
654 4612 960 4669 lx.—Non
985 4614 1156 4668 solum
1183 4611 1343 4684 igitur
1365 4623 1579 4670 sanctus
1604 4615 1892 4684 Epictetus,
1911 4618 2005 4672 sed
2036 4582 2085 4645 θ

434 4714 491 4759 et
519 4704 862 4760 beatissimus
883 4707 1070 4759 Astion
1093 4705 1317 4773 plurima
1341 4708 1596 4762 miracula
1610 4709 1660 4762 in
1681 4710 1897 4764 nomine
1916 4710 2007 4764 Do-

430 4798 563 4852 mini
586 4798 922 4867 operabatur.
948 4797 1183 4866 Denique
1200 4798 1390 4853 collata
1403 4810 1484 4853 est
1499 4802 1577 4853 eis
1601 4801 1823 4869 plurima
1838 4806 2006 4872 gratia

433 4888 693 4941 adversus
717 4899 907 4941 omnes
934 4886 1289 4951 inﬁrmitates,
1320 4889 1412 4944 sed
1440 4900 1493 4944 et
1521 4900 1707 4945 contra
1736 4894 2005 4949 daemones

434 4979 666 5029 maxima
693 4974 798 5031 illis
821 4985 1057 5045 potestas
1084 4977 1274 5030 tributa
1301 4987 1402 5032 est.
1430 4979 1542 5034 Una
1571 4982 1728 5051 igitur
1746 4982 2001 5050 ediebus,

430 5069 557 5123 dum
588 5068 654 5123 ad
697 5068 1049 5123 hauriendum
1080 5083 1270 5137 aquam
1301 5083 1544 5141 pergeret
1585 5073 1653 5127 ad
1686 5073 2006 5143 Danubium,

432 5162 669 5216 oteurrit
706 5161 755 5215 ei
786 5160 945 5215 homo
981 5161 1071 5231 qui
1100 5174 1129 5216 a
1152 5162 1421 5217 daemonio
1471 5164 1785 5219 vexabatur.
1815 5166 1881 5221 Et
1915 5182 2009 5236 ap-

433 5255 685 5324 propians
727 5254 877 5322 juxta
921 5255 1093 5321 illum,
1123 5266 1176 5310 et
1204 5271 1365 5313 orans
1404 5272 1500 5328 pro
1548 5274 1613 5313 eo
1655 5256 2005 5326 sufﬁcienter,

434 5347 666 5400 salutare
695 5346 902 5415 signum
930 5348 982 5401 in
1027 5350 1201 5404 ironte
1227 5350 1343 5419 ejus
1371 5352 1513 5416 fecit,
1544 5362 1599 5408 et
1627 5367 1723 5422 per
1760 5355 2007 5409 universa

435 5436 675 5492 membra
721 5436 837 5508 ejus
865 5438 1125 5507 depinxit.
1155 5441 1252 5509 Qui
1285 5444 1472 5498 eadem
1502 5444 1630 5499 hora
1658 5459 1904 5515 egressus
1926 5455 2010 5501 est

430 5531 501 5588 ab
528 5546 614 5588 eo.
644 5531 875 5605 Fugiens
914 5546 1093 5589 autem
1135 5535 1399 5601 diabolus,
1430 5540 1644 5596 dicebat
1671 5559 1684 5596 :
1713 5541 1868 5598 Fides
1898 5553 2006 5609 tua,

430 5640 467 5679 o
495 5624 709 5691 Astion,
730 5641 795 5681 ac
815 5629 1016 5696 puritas
1044 5629 1263 5693 mentis,
1289 5645 1533 5700 magnam
1558 5636 1818 5690 adversus
1842 5651 2007 5707 genus

433 5728 674 5774 nostrum
699 5734 731 5774 ι
758 5719 1037 5775 Salvatore
1083 5722 1288 5789 accepit
1332 5733 1668 5794 potestatem.
1700 5727 1767 5784 Et
1797 5733 1909 5785 haec
1937 5728 2011 5783 dl-

422 5825 585 5879 oens,
612 5825 871 5881 nusquam
894 5813 1221 5882 comparuit.

2099 3346 2447 3408 minem,cum
2476 3342 2733 3396 universis
2760 3341 2848 3410 qui
2879 3342 3124 3407 aderant,
3158 3341 3342 3395 eadem
3376 3343 3502 3392 hora
3530 3345 3676 3392 cate-

2097 3435 2389 3512 chumenos
2434 3432 2627 3495 eil'ecit,
2662 3445 2713 3487 et
2744 3440 2862 3502 post
2905 3447 3101 3499 paucos
3127 3432 3243 3486 dies
3270 3440 3671 3486 sacramentum

2096 3526 2173 3581 eis
2207 3522 2451 3595 baptismi
2480 3523 2714 3577 tradidit.

2167 3615 2293 3672 er.
2323 3614 2412 3671 ΧΙ.
2437 3645 2504 3657 -
2527 3616 2644 3670 Alio
2666 3629 2875 3685 quoque
2902 3624 3162 3683 tempore,
3191 3613 3319 3667 dum
3340 3611 3403 3664 ad
3427 3611 3675 3665 haurien-

2098 3709 2218 3763 dam
2247 3724 2438 3779 aquam
2468 3724 2530 3763 ex
2564 3709 2779 3763 flumine
2808 3708 2923 3777 ipse
2952 3707 3289 3761 beatissimus
3318 3707 3524 3766 Astion,
3557 3705 3675 3757 sine

2094 3801 2332 3872 jussione
2355 3802 2440 3857 vel
2470 3801 2933 3857 commendatione
2956 3801 3099 3855 senis
3130 3800 3481 3870 perrexisset,
3506 3796 3677 3863 turpis

2099 3891 2339 3960 quasdam
2369 3892 2618 3961 cogitatio
2647 3892 2697 3945 in
2726 3892 2811 3945 via
2841 3899 3001 3945 eunte
3032 3890 3140 3949 illo.
3177 3900 3411 3942 mentem
3441 3889 3560 3957 ejus
3590 3903 3676 3939 su-

2102 3982 2212 4037 bito
2240 3985 2451 4040 invasit.
2501 3983 2569 4038 Et
2597 3998 2718 4037 cum
2750 3999 2841 4052 per
2871 3984 3101 4038 triduum
3134 3984 3221 4037 hic
3248 3983 3373 4037 talis
3396 3999 3455 4034 ac
3504 3991 3673 4034 tantus

2103 4075 2183 4129 vir
2230 4091 2335 4129 non
2368 4075 2625 4142 potuisset
2647 4074 2713 4128 de
2740 4090 2836 4128 suo
2870 4084 3084 4142 pectore
3112 4088 3230 4129 eam
3258 4072 3566 4136 extrudere,
3599 4069 3676 4124 ni-

2103 4165 2266 4221 mium
2292 4164 2459 4220 tristis
2478 4164 2698 4219 eil'ectus
2721 4174 2823 4227 est,
2843 4153 2896 4217 et
2927 4164 3099 4217 vultus
3125 4162 3241 4232 ejus
3269 4165 3424 4216 valde
3454 4179 3548 4226 pro
3581 4161 3684 4216 hnc

2104 4257 2449 4329 permanebat
2475 4258 2746 4310 confusus.
2778 4255 2944 4321 Quem
2994 4255 3208 4308 intuens
3236 4253 3557 4308 venerabilis
3587 4267 3683 4305 se-

2104 4349 2242 4413 nior,
2276 4347 2343 4401 ait
2373 4345 2439 4400 ad
2469 4362 2624 4401 eum:
2651 4345 2786 4413 Quid
2816 4357 2897 4399 est
2928 4345 3046 4409 hoe,
3081 4344 3175 4407 ﬁli,
3200 4344 3338 4411 quod
3369 4346 3445 4397 sic
3471 4344 3675 4395 tristem

2105 4448 2160 4494 te
2203 4441 2433 4506 intueor,
2464 4447 2518 4492 et
2548 4439 2760 4492 insolito
2806 4452 3034 4492 tiimrore
3082 4437 3280 4504 aspicio
3322 4432 3617 4488 confectum
3653 4433 3677 4485 Ι

2107 4533 2232 4588 Haec
2255 4531 2512 4600 siquidem
2540 4530 2769 4595 tristitia,
2795 4546 2912 4595 quae
2939 4539 2989 4583 te
3009 4544 3147 4584 nunc
3165 4528 3393 4582 detinere
3420 4524 3656 4577 videtur.

2110 4642 2214 4681 non
2245 4635 2326 4679 est
2354 4624 2442 4678 illa
2470 4637 2626 4692 quam
2671 4623 2839 4675 sancti
2878 4620 3051 4675 solent
3082 4621 3269 4675 habere
3300 4619 3349 4672 in
3379 4617 3549 4678 vultu,
3578 4616 3671 4669 vel

2112 4717 2427 4788 poenitentes
2460 4729 2554 4785 pro
2592 4728 2685 4767 sua
2725 4714 2993 4767 communi
3020 4715 3217 4778 salute;
3244 4712 3336 4766 sed
3378 4722 3503 4779 puto
3535 4710 3679 4763 hanc

2109 4823 2230 4863 esse
2258 4807 2401 4862 illam
2434 4804 2759 4859 mortiferam
2790 4805 3056 4860 tristitiam
3080 4848 3097 4875 ,
3124 4821 3239 4875 qua:
3268 4812 3356 4858 aut
3382 4814 3681 4872 apostaiam

2110 4903 2298 4959 Judam
2342 4900 2567 4971 (Matth.
2597 4900 2799 4971 xxvii),
2824 4901 2909 4954 vel
2940 4899 3254 4969 Acltitopbcl
3282 4897 3681 4952 consiliatorem

2112 4996 2395 5052 Absalonis
2435 4996 2645 5049 necavit
2670 4991 2793 5066 (III
2825 4991 2959 5063 Reg.
2995 4994 3150 5063 xvu).
3195 4994 3344 5047 Tunc
3391 4991 3520 5045 ille:
3546 4993 3683 5045 Ante

2111 5090 2213 5145 hoc
2242 5088 2472 5142 triduum
2500 5128 2515 5152 ,
2545 5086 2758 5157 quando
2789 5096 2874 5141 tua
2904 5084 3276 5141 venerabilitas
3304 5098 3422 5138 cum
3457 5081 3680 5135 homini-

2110 5182 2209 5237 bus
2240 5179 2343 5235 illis
2371 5180 2439 5234 de
2459 5179 2664 5234 cmlesti
2698 5178 2952 5249 mysterio
2981 5178 3317 5247 loquebatur,
3355 5174 3553 5245 pudore
3582 5187 3675 5227 ve-

2110 5281 2277 5335 tante,
2320 5286 2444 5340 ego,
2473 5279 2523 5322 te
2565 5270 2835 5324 nesciente
2859 5313 2874 5337 ,
2903 5268 2971 5322 ad
3001 5266 3349 5323 hauriendam
3392 5280 3579 5332 aquam
3612 5262 3683 5316 ad

2111 5364 2324 5419 ﬂuvium
2344 5363 2575 5432 perrexi.
2604 5363 2773 5416 Eunte
2797 5377 2880 5417 me
2901 5376 3029 5415 vero
3048 5361 3098 5414 in
3122 5362 3228 5425 via,
3249 5360 3419 5425 turpis
3439 5356 3683 5427 quaedam

2110 5466 2163 5509 et
2190 5455 2318 5509 satis
2348 5453 2561 5507 sordida
2604 5453 2872 5523 cogitatio,
2902 5462 2978 5515 et,
3008 5461 3064 5504 ut
3108 5461 3252 5517 puto,
3288 5466 3383 5519 per
3408 5443 3678 5502 diaboluin

2110 5546 2164 5601 in
2195 5556 2428 5600 mentem
2473 5544 2601 5598 mihi
2628 5544 2890 5599 ascendit.
2925 5543 2989 5596 Et
3014 5558 3156 5597 nunc
3197 5543 3395 5611 itaque,
3424 5554 3551 5596 ecce
3571 5538 3683 5607 jam

2111 5654 2205 5709 per
2251 5639 2516 5705 triduum,
2547 5647 2800 5702 quantum
2831 5635 2982 5690 valeo
3024 5650 3142 5689 cum
3174 5634 3425 5705 lacrymis
3470 5641 3525 5686 et
3566 5644 3689 5685 ora-

2112 5731 2255 5785 tione
2295 5728 2683 5797 Scripturarutn
2731 5727 2913 5780 laboro
2956 5726 3025 5780 ad
3060 5725 3429 5795 expellendam
3457 5737 3600 5785 eam,
3631 5729 3688 5774 et

2111 5822 2258 5877 nullo
2284 5823 2444 5877 modo
2490 5821 2644 5877 valeo
2668 5835 2944 5889 superare.
2992 5819 3141 5875 Tunc
3170 5828 3383 5874 sanctus
3414 5815 3689 5886 Epictetus
