4016 6260
287 307 388 363 401

798 303 959 359 νιτΑ
996 299 1407 357 SANCTORUM
1451 299 1760 355 EPICTETI
1801 297 2233 355 PRESBYTERI
2276 300 2363 355 ET
2403 300 2711 357 ASTIONIS
2750 301 3071 356 MONACIII.

3433 303 3537 357 ett!

282 418 583 478 terribilem
614 413 666 471 ei
698 430 854 469 suum
896 413 1095 467 vultum
1134 410 1454 476 ostendens,
1488 419 1543 465 et
1586 409 1863 479 indignans
1895 409 1943 467 Α
1968 424 2085 472 nus,
2118 410 2217 466 hoc
2244 411 2447 479 patria;
2472 422 2524 466 et
2557 413 2683 465 nihil
2715 412 2855 466 aliud
2880 428 3081 477 sumus,
3115 430 3269 484 quam
3298 421 3410 473 veri
3442 420 3535 475 Dei

282 508 685 583 quodammodo
716 505 970 559 adversus
999 502 1324 566 daemonem,
1344 503 1517 556 taliter
1541 501 1608 557 ad
1635 518 1753 555 eum
1786 501 1863 555 lo-

281 613 438 659 cutus
487 608 600 665 est,
630 594 945 651 dicens:Et
991 608 1155 661 quare
1193 593 1391 657 absque
1436 608 1552 647 mea
1599 594 1862 648 sententia

283 693 483 748 ostium
515 688 727 744 cellula:
768 700 1016 756 egressus
1045 700 1123 748 es,
1156 684 1240 740 vel
1265 685 1380 738 sine
1408 687 1648 741 oratione
1668 683 1864 739 Christi

281 782 580 836 sacerdmis
626 775 907 846 porrexisti
955 775 1021 829 ad
1064 775 1321 829 fluvium?
1354 777 1431 831 An
1483 778 1695 846 ignoras
1743 778 1863 845 quia

283 873 683 929 commendatio
713 869 982 939 praepositi
1014 884 1224 934 semper
1247 869 1539 937 junioribus
1569 886 1748 924 murus
1778 871 1861 923 in-

283 967 676 1031 expugnabilis,
696 974 749 1019 et
773 963 936 1017 lorica
959 961 1100 1038 fidei,
1128 964 1191 1016 a-l
1217 963 1570 1030 superandum
1592 963 1861 1017 diabolum

285 1060 501 1117 existit?
535 1059 601 1113 Et
642 1061 754 1112 haec
785 1059 967 1112 dicens
990 1097 1006 1123 ,
1036 1055 1189 1124 jubet
1217 1072 1337 1111 eum
1372 1058 1569 1124 puriter
1597 1072 1775 1111 secum
1810 1056 1863 1111 in

285 1153 531 1207 oratione
578 1161 699 1203 ante
751 1149 1033 1203 Dominum
1080 1160 1438 1215 prosternere.
1488 1151 1725 1216 Cumque
1774 1147 1863 1202 diu

286 1246 620 1313 multumque
664 1243 956 1297 Salvatoris
986 1243 1148 1313 216
1197 1240 1614 1297 misericordiam
1662 1242 1865 1310 precati

254 1357 260 1363 δ
286 1340 533 1399 fuissent,
566 1346 620 1388 et
649 1336 790 1389 finita
820 1334 1067 1387 oratione
1098 1348 1162 1388 ex
1186 1334 1299 1386 solo
1328 1334 1705 1399 surrexissent,
1733 1333 1865 1389 vidit

289 1427 477 1481 beatus
504 1425 690 1479 Astinn
725 1437 947 1491 puerum
979 1422 1262 1489 quemdam
1307 1423 1515 1489 nigrum
1563 1437 1682 1476 cum
1713 1424 1863 1491 ignea

290 1516 457 1571 facula
498 1516 567 1568 de
591 1530 689 1568 suo
719 1515 837 1568 sinu
864 1512 1222 1584 egredientem
1242 1555 1255 1577 ,
1278 1528 1341 1569 ac
1369 1514 1493 1569 talia
1537 1515 1638 1569 sibi
1685 1515 1864 1569 dicen-

296 1620 399 1663 tem
424 1623 439 1661 :
463 1606 745 1662 Confessio
782 1615 892 1670 tua,
925 1606 1137 1673 Astion,
1170 1620 1387 1673 magnas
1432 1622 1578 1661 meas
1617 1608 1867 1661 contrivit

304 1701 455 1754 hodie
484 1699 646 1759 vires,
677 1710 728 1751 et
761 1714 861 1752 una
893 1697 1065 1751 oratio
1087 1706 1258 1753 vestra
1278 1712 1362 1752 me
1383 1697 1638 1752 inermem
1669 1699 1719 1751 in
1749 1714 1864 1755 om-

1966 501 2214 555 Cultores.
2250 501 2314 555 Et
2337 502 2524 557 iterum
2546 520 2558 556 :
2579 502 2634 556 Si
2664 488 2814 556 nobis
2840 516 2956 572 post
2982 505 3117 559 hanc
3141 508 3533 562 confessionem

1965 592 2219 659 supplicia
2259 590 2480 660 jusserit
2521 593 2785 658 adhiberi,
2816 594 2945 648 nihil
2986 594 3126 649 aliud
3158 596 3210 648 in
3255 602 3541 654 tormentis

1970 683 2119 750 positi
2151 683 2407 745 dicamus,
2435 684 2535 739 nisi
2562 701 2575 738 :
2602 685 2825 741 Domine
2844 685 2992 751 Jesu,
3020 695 3108 740 tua
3132 688 3376 743 voluntas
3398 706 3541 745 sem-

1967 790 2061 844 per
2092 777 2180 828 fiat
2208 779 2258 828 iu
2291 776 2463 831 nobis.

2035 870 2161 923 Car.
2194 869 2328 924 XIII.
2354 901 2425 913 —
2460 871 2623 941 Igitur
2652 872 2753 926 alia
2777 873 2883 937 die,
2917 871 3086 941 primo
3117 870 3350 927 diluculo
3391 872 3544 942 jubet

1967 961 2314 1016 Latronianus
2352 962 2457 1018 dux
2505 963 2735 1017 tribunal
2785 965 3068 1032 praeparari
3115 964 3167 1017 in
3201 965 3374 1019 media
3404 966 3538 1020 civi-

1969 1064 2101 1121 tate,
2132 1066 2186 1110 et
2234 1056 2570 1126 praaconibus
2618 1058 2840 1125 imperat
2870 1066 2929 1110 ut
2955 1072 3073 1111 cum
3107 1056 3277 1111 nimio
3307 1057 3543 1112 clamore

1966 1148 2030 1201 ad
2060 1157 2165 1201 tam
2195 1147 2483 1202 nefandum
2516 1157 2569 1201 et
2599 1148 2871 1201 horridum
2912 1148 3270 1213 spectaculum
3302 1148 3540 1201 multitu-

1966 1241 2143 1294 dinem
2176 1241 2355 1310 populi
2385 1241 2691 1293 invitarent.
2726 1238 2790 1294 Et
2836 1240 2975 1295 facta
3001 1239 3111 1310 jam
3141 1242 3267 1294 hora
3297 1241 3403 1295 diei
3432 1249 3543 1294 ter-

1967 1334 2057 1396 tia,
2089 1333 2237 1400 quasi
2268 1331 2546 1387 furibunda
2574 1331 2742 1386 bestia
2783 1330 3134 1386 Latronianns
3167 1331 3437 1400 procedit.
3474 1330 3541 1384 Et

1969 1422 2163 1489 populo
2192 1420 2423 1487 undique
2450 1430 2814 1488 exspectante,
2838 1421 3031 1476 sedens
3060 1436 3154 1489 pro
3184 1421 3427 1475 tribunali
3452 1419 3543 1489 ju-

1968 1511 2059 1566 bet
2087 1511 2274 1566 adduci
2321 1520 2533 1565 sanetos
2561 1527 2615 1565 m
2646 1520 2933 1581 conspectu
2963 1525 3080 1565 suo.
3126 1512 3362 1579 Cumque
3390 1513 3543 1566 exhi-

1966 1603 2061 1657 biti
2094 1618 2272 1657 coram
2303 1617 2368 1657 eo
2396 1611 2647 1666 astarent,
2682 1616 2801 1657 mox
2852 1615 2908 1657 ut
2956 1602 3084 1656 vidit
3132 1617 3257 1668 eos,
3291 1618 3320 1655 a
3349 1617 3542 1670 pavore

1968 1694 2131 1747 nimio
2159 1702 2298 1747 totus
2326 1693 2591 1760 obriguit;
2626 1709 2729 1747 non
2762 1694 2906 1748 enim
2940 1702 3148 1763 poterat
3180 1693 3455 1749 intendere
3485 1694 3537 1749 in

310 1794 455 1845 nibus
492 1789 722 1845 reddidit
750 1804 811 1841 ae
842 1787 1160 1842 destilallllﬂ.
1191 1786 1419 1853 Ideoque
1446 1801 1692 1856 egressus
1719 1787 1863 1853 hinc,
1896 1786 1939 1845 Β
1969 1794 2198 1849 sanctos,
2223 1799 2287 1840 eo
2316 1785 2455 1854 quod
2486 1785 2654 1838 instar
2682 1784 2829 1851 solis,
2862 1800 2970 1852 pra:
2998 1784 3160 1838 nimia
3186 1787 3351 1853 gratia
3379 1800 3540 1853 quam

301 1881 498 1935 intrabo
525 1880 579 1934 in
610 1895 703 1934 cor
746 1879 1047 1933 Latroniani
1076 1877 1226 1931 ducis
1254 1876 1366 1949 (7),
1392 1886 1445 1931 et
1468 1877 1712 1932 excitabo
1740 1894 1860 1933 eum

291 1974 576 2028 adversum
623 1990 718 2029 vos
765 1974 1029 2040 celeritvr,
1062 1981 1116 2025 et
1154 1986 1245 2040 per
1288 1972 1434 2026 varia
1479 1973 1862 2042 suppliciorum

289 2079 491 2133 genera
528 2081 627 2118 vos
655 2068 932 2132 expendet,
966 2079 1031 2116 eo
1064 2062 1203 2129 quod
1234 2063 1454 2132 ingressi
1486 2066 1636 2128 estis,
1666 2074 1721 2118 ut
1750 2066 1866 2135 qni-

293 2156 424 2210 dam
462 2157 700 2209 latrones
728 2156 837 2210 sive
879 2154 1119 2216 malefici,
1154 2158 1203 2207 in
1247 2155 1569 2224 provinciam
1602 2156 1784 2224 ipsius.
1814 2166 1867 2212 et

297 2240 501 2302 multos
526 2250 765 2304 homines
790 2264 818 2302 a
835 2250 1028 2303 cultura
1055 2248 1272 2302 deorum
1296 2248 1460 2315 ipsius
1490 2265 1583 2318 per
1609 2251 1865 2304 veneficia

295 2352 475 2395 vestra
509 2352 830 2406 avertentes,
858 2342 963 2396 Deo
995 2351 1169 2394 vestro
1195 2342 1429 2395 sociatis.
1456 2340 1519 2395 Et
1550 2341 1663 2396 haec
1684 2342 1867 2397 dicens

289 2434 529 2494 tia-mon,
560 2435 697 2487 ultra
729 2449 826 2484 non
852 2433 1144 2499 comparuit

359 2523 491 2578 CAP.
532 2524 921 2595 Xll.—lgitur
968 2538 1087 2577 cum
1134 2524 1498 2592 hujuscemodi
1544 2523 1866 2594 spiritalibus

290 2616 567 2670 exercitiis
598 2617 765 2670 sancti
788 2617 875 2668 Ili-i
905 2615 1085 2669 famuli
1114 2626 1586 2682 conversarentur,
1605 2625 1660 2670 et
1686 2617 1863 2670 Salva.

292 2710 390 2760 turi
427 2717 617 2761 nostro
663 2706 787 2759 Jesu
819 2706 1031 2759 Christo
1078 2705 1130 2759 in
1186 2707 1401 2775 psalmis
1448 2715 1501 2760 et
1542 2706 1870 2760 orationibus

296 2801 622 2853 unanimiter
662 2799 1028 2863 deservirem;
1060 2814 1122 2852 ac
1159 2798 1324 2852 multa
1354 2798 1619 2852 mirabilia
1649 2812 1750 2851 nun
1784 2811 1870 2850 so-

305 2890 415 2953 lum
442 2890 494 2944 in
520 2890 839 2953 hominibus,
871 2904 1053 2944 verum
1085 2892 1242 2945 etiam
1287 2900 1343 2945 et
1386 2890 1439 2944 in
1482 2889 1761 2957 pecoribus
1790 2889 1872 2943 di-

312 2983 433 3037 vina
473 2987 629 3053 gratia
678 2999 773 3052 per
820 2986 1036 3037 eosdem
1086 2992 1418 3050 Operaretur,
1452 2983 1627 3035 subito
1657 2982 1871 3036 advenit

315 3076 653 3130 Latronianus
672 3077 779 3128 dux
802 3076 853 3128 in
880 3073 1308 3129 Almiridensium
1338 3076 1625 3131 civitatem.
1658 3075 1720 3128 Et
1749 3089 1869 3128 cum

1965 1874 2556 1945 geret-ant,fulgebant
2604 1874 2769 1931 facies
2821 1892 3028 1930 eorum.
3087 1875 3217 1931 Erat
3269 1875 3533 1945 siquidem

1964 1980 2179 2022 sanctus
2223 1968 2493 2036 Epictetus
2538 1984 2801 2024 annorum
2846 1968 3302 2038 fere'sexaginta,
3333 1978 3537 2023 statura

1965 2072 2241 2126 procerus,
2272 2058 2433 2113 barba
2464 2057 2691 2128 prolixa,
2722 2069 2775 2113 et
2814 2061 3098 2128 Splendore
3126 2057 3343 2113 canitiei
3380 2060 3539 2114 deco-

1967 2161 2131 2206 ratus.
2180 2150 2439 2205 Similiter
2489 2164 2545 2206 et
2592 2151 2932 2207 beatissimus
2986 2150 3170 2207 Astion
3224 2154 3540 2218 monachus,
3602 2180 3615 2190 -

1967 2250 2169 2296 statura
2220 2250 2275 2296 et
2327 2242 2442 2310 ipse
2488 2234 2743 2312 proce'rus
2790 2243 3080 2303 existebat;
3111 2243 3202 2297 sed
3235 2254 3289 2298 et
3322 2244 3543 2298 nimium

1968 2332 2186 2401 pulcher
2210 2347 2271 2384 ac
2295 2331 2570 2395 delicatus,
2601 2340 2654 2387 et
2682 2337 2832 2401 quasi
2865 2334 3073 2403 triginta
3105 2335 3337 2404 quinque
3363 2349 3535 2389 annos

1968 2424 2137 2477 anatis
2160 2439 2341 2492 agens.
2367 2423 2605 2492 Cumque
2628 2425 2782 2477 unius
2811 2425 2957 2479 hora:
2980 2428 3214 2493 spatium
3233 2427 3535 2493 transisset,

1969 2516 2316 2585 interrogavit
2358 2530 2453 2571 eos
2482 2517 2831 2571 Latronianus
2861 2515 2988 2581 dux,
3013 2517 3194 2573 dicens
3219 2535 3233 2571 :
3254 2517 3384 2584 Quae
3417 2529 3540 2572 sunt

1971 2608 2223 2661 vocabula
2255 2616 2450 2671 vestra,
2480 2608 2619 2677 quod
2648 2623 2836 2678 genus,
2866 2624 2959 2663 seu
2996 2609 3063 2663 de
3091 2610 3233 2680 quali
3270 2612 3541 2678 provincia

1970 2715 2065 2753 vos
2090 2702 2219 2754 esus
2241 2698 2474 2765 oriundi,
2503 2700 2655 2756 nobis
2678 2702 2727 2756 in
2753 2713 3037 2771 conspectu
3065 2704 3218 2772 hujus
3243 2703 3540 2757 multitudi-

1972 2796 2054 2849 nis
2100 2798 2400 2864 explanate.
2452 2795 2854 2865 ReSpondentes
2901 2796 3095 2861 sancti,
3122 2795 3368 2851 dixerunt
3400 2814 3412 2849 :
3439 2796 3547 2851 Nos

1972 2889 2258 2943 Christiani
2290 2904 2496 2952 sumus,
2529 2898 2584 2943 et
2612 2891 2678 2943 de
2706 2888 3013 2953 parentibus
3054 2891 3160 2943 nati
3205 2890 3543 2958 Christianis,

1973 2991 2131 3052 atque
2164 2982 2232 3036 de
2259 2982 2681 3037 Christianorum
2726 2982 2894 3051 patria
2935 2997 3034 3037 nos
3078 2999 3263 3036 sumus
3312 2984 3544 3039 oriundi.

1976 3071 2330 3128 Latronianus
2359 3074 2465 3129 dux
2495 3074 2628 3128 dixit
2658 3091 2671 3129 :
2698 3074 2809 3145 Ego
2851 3074 3063 3129 nomina
3108 3082 3285 3129 vestra
3335 3076 3551 3132 interim

309 3184 404 3233 per
447 3166 674 3221 triduum
726 3182 888 3235 opi't‘a
937 3166 1147 3236 publica
1175 3178 1227 3221 et
1257 3167 1550 3235 imperialia
1581 3166 1867 3221 ministeria
1899 3156 1945 3217 C
1978 3166 2115 3220 volui
2142 3167 2345 3221 audire.
2385 3166 2515 3220 Nam
2542 3181 2608 3220 eo
2638 3167 2775 3234 qttud
2808 3166 2875 3221 de
2901 3166 2987 3221 illa
3015 3166 3293 3222 maledicta
3328 3167 3548 3237 perfidia

299 3275 417 3331 quae
459 3258 656 3314 ibidem
704 3269 856 3313 erant
904 3259 1238 3326 pervitlisset,
1266 3268 1453 3327 quarta
1481 3258 1568 3312 die
1599 3256 1874 3311 nuntiave-

296 3364 417 3408 runt
446 3352 494 3407 ei
524 3353 738 3420 quidam
766 3351 832 3407 de
861 3353 1039 3406 officio
1069 3351 1134 3405 de
1164 3351 1483 3405 beatissimis
1512 3350 1661 3416 viris,
1693 3349 1875 3404 dicen-

296 3453 377 3499 tes
401 3445 471 3504 ei.
502 3452 557 3498 et
584 3445 721 3511 quod
754 3443 977 3498 malefici
1003 3453 1123 3497 sunt
1149 3451 1203 3497 et
1233 3442 1389 3511 magi,
1420 3442 1742 3512 multo5°per
1771 3455 1869 3495 sua

300 3536 552 3590 veneﬁcia
603 3544 900 3590 averterent
925 3535 1034 3606 jam
1067 3550 1095 3588 a
1141 3535 1418 3589 sacrificiis
1460 3533 1704 3588 deorum.
1752 3532 1877 3587 Hu-c

309 3643 429 3681 cum
456 3628 542 3680 ille
568 3628 840 3691 audisset,
872 3627 1125 3681 continuo
1154 3626 1378 3695 imperat
1404 3625 1610 3695 aliquos
1639 3641 1700 3679 ex
1733 3640 1875 3694 quain

316 3720 602 3784 stionariis,
632 3728 690 3772 ut
721 3727 838 3788 post.
867 3718 996 3773 solis
1026 3732 1274 3772 occasum
1320 3726 1601 3786 pergerent
1631 3716 1695 3770 ad
1728 3716 1878 3770 habi-

317 3811 531 3864 taculuut
562 3821 866 3865 sanctorum
890 3852 906 3876 ,
937 3821 988 3865 et
1013 3810 1431 3879 comprehensos
1461 3824 1554 3864 eos
1587 3810 1726 3863 ferro
1752 3810 1872 3862 vitt-

308 3914 415 3959 ctos
460 3905 811 3971 perducerent
836 3906 886 3958 in
919 3905 1210 3959 custodiam
1261 3905 1509 3959 carceris.
1567 3903 1698 3959 Cum
1747 3919 1874 3974 ergo

303 3996 675 4065 comprehensi
698 3996 984 4051 beatissimi
1011 3998 1128 4061 viri,
1147 3997 1197 4049 in
1218 3997 1616 4051 vinculatorium
1636 3996 1877 4066 (8)duce-

302 4096 505 4151 rentur,
534 4082 831 4156 pSallcbunt
856 4087 1090 4141 dicentes
1115 4105 1125 4138 :
1158 4087 1296 4141 Deus
1323 4095 1503 4141 noster
1532 4086 1791 4155 refugium
1821 4096 1876 4140 et

306 4181 490 4246 virtus,
520 4179 734 4249 adjutor
763 4180 815 4233 in
851 4178 1273 4234 tribulatiOnibus
1299 4194 1414 4247 qua:
1438 4179 1749 4232 invenerunt
1779 4193 1874 4232 nos

301 4271 452 4325 nimis
478 4269 650 4341 (Psaf.
673 4268 822 4337 ην).
856 4271 919 4324 Ει
950 4270 1138 4323 iterum
1164 4286 1178 4322 :
1206 4269 1459 4324 Dominus
1488 4271 1735 4327 virtutum
1778 4284 1877 4323 no-

302 4364 526 4428 biscum,
555 4371 835 4433 susceptor
883 4372 1063 4415 noster
1110 4364 1247 4416 Deus
1286 4360 1449 4417 Jacob
1496 4361 1708 4431 (Ibid).
1738 4359 1874 4416 Rur-

299 4468 522 4524 sumque
550 4472 561 4507 :
589 4454 765 4510 Multa:
814 4453 1179 4508 tribulationes
1222 4452 1485 4521 justurum
1514 4494 1528 4517 ,
1560 4462 1613 4505 et
1643 4467 1744 4505 non
1774 4453 1872 4506 im~

1974 3260 2126 3326 estis,
2157 3270 2212 3316 et
2237 3275 2337 3330 ego
2359 3261 2501 3327 novi,
2526 3269 2580 3314 et
2612 3259 2849 3314 universi
2878 3260 3301 3314 circumstantes.
3327 3261 3406 3313 Ad
3434 3260 3551 3315 haec

1974 3353 2141 3406 sancti
2184 3365 2443 3422 martyres
2472 3351 2757 3406 dixerunt:
2786 3352 2892 3408 Nos
2940 3350 3228 3408 Christiani
3257 3367 3462 3421 sumus,
3494 3362 3551 3407 et

1975 3443 2152 3499 Jesum
2202 3444 2471 3500 Christum
2523 3446 2804 3501 Dominum
2848 3457 3110 3509 nostrum,
3164 3446 3215 3500 in
3256 3446 3408 3513 cujus
3458 3461 3553 3514 po-

1979 3543 2167 3590 testate
2211 3544 2398 3609 cuneta
2450 3536 2731 3597 habentur,
2756 3538 3093 3605 agnoscimus
3140 3548 3192 3593 et
3238 3543 3549 3600 adoramus.

1979 3629 2224 3681 universa
2256 3628 2391 3680 idola
2436 3638 2521 3681 tua
2570 3629 2962 3693 abominamur,
2991 3629 3208 3683 dicente
3234 3628 3505 3699 Scriptura
3534 3648 3548 3681 :

1975 3719 2187 3773 Similes
2235 3718 2340 3771 illis
2377 3718 2504 3772 fiant
2538 3721 2625 3787 qui
2668 3717 2867 3772 faciunt
2911 3736 2995 3783 ea,
3023 3720 3117 3774 sed
3149 3727 3202 3772 et
3228 3734 3415 3773 omnes
3460 3721 3551 3785 qui

1975 3810 2248 3865 confidunt
2275 3811 2329 3867 in
2357 3813 2433 3865 eis
2465 3810 2644 3883 (Psaf.
2674 3810 2860 3879 cxiii).
2908 3810 3033 3865 Haec
3062 3810 3285 3866 audiens
3309 3809 3436 3874 dux,
3466 3811 3549 3865 ni-

1978 3903 2139 3957 mium
2185 3902 2350 3957 iratus
2396 3914 2496 3965 est,
2526 3912 2581 3957 et
2627 3904 2942 3972 imperat'ut
2971 3903 3298 3971 exspoliatos
3346 3901 3552 3956 fortiter

1977 3996 2339 4049 verberareut.
2388 3998 2624 4065 Cumque
2665 4010 2696 4049 a
2729 3994 2986 4050 ministris
3036 3995 3233 4050 Christi
3284 4002 3547 4066 martyres

1977 4086 2328 4151 mederentur,
2362 4088 2645 4141 oculorum
2675 4104 2893 4143 suorum
2917 4090 3155 4143 obtutum
3181 4088 3457 4144 elevantes
3482 4089 3549 4143 ad

1975 4185 2186 4246 cretum,
2222 4182 2399 4236 taliter
2427 4182 2679 4236 dicebant
2704 4200 2716 4235 :
2745 4183 2965 4238 Domine
2991 4182 3137 4250 Jesu,
3170 4184 3420 4255 tuagister
3446 4200 3549 4239 uo-

1976 4282 2104 4336 ster,
2136 4282 2219 4326 tua
2271 4274 2515 4328 voluntas
2557 4274 2647 4328 fiat
2686 4274 2740 4329 in
2785 4275 2957 4329 nobis.
3005 4274 3113 4330 Sed
3144 4290 3263 4331 cum
3294 4276 3387 4330 diu
3417 4275 3556 4331 ntul—

1978 4375 2192 4433 tuntque
2218 4366 2573 4430 caederentur,
2598 4375 2651 4420 et
2674 4366 2803 4421 nihil
2830 4365 2947 4436 ejus
2969 4367 3273 4422 immanitas
3292 4367 3550 4423 adversus

1977 4457 2068 4512 Dei
2096 4459 2327 4531 cultores
2358 4455 2724 4525 przevaluisset
2748 4497 2762 4518 .
2797 4456 2979 4510 taliter
3009 4458 3171 4511 iratus
3217 4466 3407 4511 contra
3453 4472 3553 4511 eos

301 4548 539 4617 piorum;
582 4546 675 4601 sed
724 4552 899 4601 tamen
942 4561 1007 4600 ex
1061 4545 1306 4598 omnibus
1357 4542 1439 4597 his
1489 4543 1735 4598 liberabit
1781 4524 2329 4602 eosDLatrOnianus
2361 4524 2591 4601 locutus
2637 4556 2749 4609 est,
2776 4547 2999 4602 dicens:
3029 4549 3126 4604 Ubi
3170 4560 3253 4604 est
3300 4549 3558 4604 mirabilis

302 4637 578 4692 Dominus.
607 4636 846 4691 Custodit
866 4635 1118 4690 Dominus
1140 4636 1316 4689 omnia
1338 4648 1455 4687 ossa
1483 4649 1689 4699 eorum,
1706 4648 1871 4688 unum

297 4743 359 4781 ex
392 4727 477 4781 his
506 4743 611 4780 non
639 4735 941 4781 conteretur
964 4722 1135 4798 (Paul.
1156 4723 1365 4795 xxxiii).
1389 4722 1628 4793 Cumque
1650 4722 1874 4793 ingressi

298 4817 527 4873 fuissent
556 4819 606 4872 in
634 4832 900 4874 carcerem
927 4859 941 4883 ,
974 4824 1139 4870 totam
1172 4824 1380 4869 noctem
1417 4830 1565 4869 more
1590 4815 1689 4871 sibi
1716 4815 1875 4870 solito

295 4911 350 4966 in
376 4909 596 4978 psalmis
621 4917 674 4963 et
693 4907 1019 4963 orationibus
1044 4914 1431 4977 transegerunt.
1460 4908 1585 4961 Post
1607 4908 1873 4976 expletam

293 5014 473 5056 autem
512 5000 808 5070 vigiliarum
858 4999 1272 5063 solemnitatem,
1307 4999 1408 5053 hoc
1447 5001 1607 5054 modo
1654 5008 1871 5055 sanctus

296 5093 580 5164 Epictetus
611 5094 675 5149 ad
704 5093 917 5147 beatum
952 5093 1223 5147 Asdonem
1261 5093 1466 5148 locutus
1502 5103 1613 5157 est,
1644 5094 1826 5149 dicens
1854 5112 1870 5148 :

298 5187 355 5243 Si
387 5202 508 5253 nos,
541 5202 573 5240 ο
601 5187 911 5244 dulcissime
938 5186 1009 5240 illi
1031 5227 1047 5254 ,
1078 5187 1310 5241 crastino
1351 5187 1437 5241 die
1467 5186 1872 5255 interrogaverit

294 5277 487 5348 judex,
515 5278 732 5335 dicens:
764 5278 915 5343 Quod
944 5292 1133 5347 genus,
1168 5277 1249 5332 vel
1280 5294 1396 5348 qua:
1427 5278 1637 5332 nomina
1668 5288 1871 5339 vestra,

296 5372 381 5423 vel
412 5386 478 5423 ex
507 5384 610 5439 qua
634 5368 905 5438 provincia
931 5369 1083 5432 estis,
1109 5378 1161 5423 et
1183 5370 1322 5425 unde
1351 5369 1452 5423 huc
1484 5370 1744 5425 venistis?
1772 5385 1870 5425 nus

297 5461 424 5514 nihil
456 5460 532 5515 illi
564 5462 772 5530 penitus
802 5461 1248 5530 respondeamus;
1297 5476 1465 5530 neque
1490 5476 1653 5529 genus
1684 5462 1755 5527 ei,
1790 5464 1869 5515 vel

299 5552 511 5607 numina
540 5563 719 5608 nostra
750 5552 1074 5617 indicemus;
1099 5550 1193 5607 sed
1223 5540 1323 5606 tice
1344 5552 1584 5619 patriam,
1612 5553 1751 5607 unde
1781 5568 1870 5607 su-

300 5660 415 5699 mus
439 5645 671 5709 oriundi,
704 5644 780 5698 illi
804 5644 1091 5708 fateamur;
1121 5641 1217 5697 nisi
1250 5644 1349 5696 hoc
1376 5649 1574 5696 tantum
1607 5643 1865 5708 dicamus,

300 5739 418 5803 quia
448 5727 735 5793 Christiani
767 5751 966 5801 sumus,
1000 5743 1053 5791 et
1083 5734 1179 5791 hoc
1208 5748 1402 5790 nomen
1434 5736 1612 5801 nobis,
1649 5737 1748 5791 hoc
1776 5752 1869 5805 ge-

1980 4641 2066 4694 ille
2096 4651 2268 4695 vester
2310 4640 2583 4705 defensor,
2612 4654 2767 4708 quem
2798 4639 2915 4694 sine
2942 4639 3240 4695 cessatione
3270 4641 3428 4711 217
3459 4656 3553 4694 vo-

1978 4734 2058 4788 bis
2087 4734 2137 4787 in
2165 4733 2417 4787 auxilium
2451 4731 2777 4786 invocasus?
2808 4730 3002 4787 Veniat
3026 4731 3204 4801 itaque
3234 4744 3394 4796 nunc,
3421 4738 3477 4784 et
3502 4731 3550 4783 si

1979 4833 2171 4893 potest,
2195 4823 2265 4877 de
2295 4822 2427 4877 meis
2449 4837 2545 4877 vos
2569 4823 2760 4890 eripiat
2790 4823 3055 4877 manibus.
3081 4821 3261 4876 Sancti
3288 4832 3551 4890 martyre;

1978 4917 2224 4970 dixerunt
2247 4900 2572 4970 z'Christiani
2604 4930 2808 4980 sumus,
2833 4932 2865 4969 ο
2896 4924 3155 4987 tyranne,
3187 4916 3277 4969 flat
3305 4916 3561 4970 voluntas

1978 5006 2069 5062 Dei
2113 5007 2278 5061 nostri
2311 5007 2363 5060 in
2396 5006 2566 5061 nobis.
2600 5006 2723 5060 Haec
2751 5021 2872 5061 cum
2902 5006 3144 5061 audisset
3174 5006 3561 5071 Latronianus,

1971 5095 2129 5166 jussit
2162 5112 2255 5151 eos
2286 5096 2337 5150 in
2365 5099 2609 5151 eculeum
2653 5096 2839 5161 levari,
2870 5106 2925 5151 et
2950 5096 3160 5152 fortiter
3204 5099 3416 5171 ungulis
3444 5098 3549 5155 fer-

1976 5189 2081 5240 ieis
2107 5188 2240 5242 radi.
2269 5187 2506 5257 Cumque
2529 5189 2859 5251 raderentur,
2882 5189 3075 5243 iterum
3097 5188 3380 5245 dicebant:
3409 5191 3557 5245 Chri-

1977 5280 2134 5332 stiani
2179 5294 2363 5333 sumus
2389 5320 2404 5343 ,
2435 5296 2467 5335 ο
2508 5289 2732 5349 tyranne
2776 5278 3099 5337 Latroniano
3123 5322 3138 5348 ,
3168 5280 3260 5336 flat
3307 5281 3556 5336 voluntas

1982 5368 2073 5422 Dei
2102 5370 2268 5423 nostri
2299 5370 2349 5423 in
2388 5368 2562 5424 nobis.
2612 5369 2760 5424 Tunc
2788 5368 2982 5427 deinde
3022 5374 3181 5441 jussit
3211 5382 3472 5444 tyrannus
3496 5384 3557 5427 ut

1978 5461 2255 5531 lampades
2277 5461 2546 5526 ardentes,
2585 5477 2705 5515 cum
2736 5463 2911 5518 adhuc
2942 5466 2994 5517 iu
3023 5467 3211 5520 eculeo
3237 5466 3552 5536 penderent,

1979 5552 2044 5604 ad
2090 5554 2257 5605 latera
2303 5568 2489 5607 eorum
2531 5553 2877 5622 applicarent.
2930 5554 3172 5627 Cumque
3218 5570 3271 5614 et
3304 5557 3404 5611 hoc
3443 5565 3555 5610 tor-

1978 5643 2142 5697 menti
2193 5658 2362 5712 genns
2420 5646 2830 5714 magnanimiter
2879 5645 3493 5727 tolerareathdicebant
3535 5660 3554 5697 :

1978 5738 2264 5795 Cttrist’ani
2312 5755 2515 5806 sumus,
2545 5758 2578 5795 o
2626 5750 2890 5810 tyranne,
2929 5742 3020 5796 Iiat
3067 5741 3311 5797 voluntas
3360 5738 3453 5794 Dei
3500 5736 3556 5797 iu
