4010 6248
403 347 509 403 405

1422 332 1520 395 ’ΒΕ
1561 336 1736 393 VlTlS
1775 336 2055 394 PATRUM
2096 332 2295 391 LIBER
2340 334 2607 394 PRIMUS.

3544 332 3653 391 401

402 470 575 524 nobis.
610 467 675 522 Et
713 479 834 520 cum
860 462 970 533 jam
998 460 1126 514 hora
1157 459 1379 528 septima
1413 459 1548 514 facta
1577 458 1785 522 fuisset,
1812 457 1968 525 jussit
1998 461 2042 517 Α
2071 455 2199 511 dine
2226 455 2371 509 verbi
2404 454 2587 517 divini,
2613 461 2667 507 et
2692 448 2866 508 deillo
2897 467 3031 523 pane
3059 453 3147 523 qui
3173 452 3240 507 de
3264 454 3400 509 cmlo
3425 453 3655 508 descen-

399 579 494 618 eos
522 561 874 618 Latronianus
915 558 984 613 de
1024 556 1211 613 eculeo
1238 554 1454 623 deponi,
1487 564 1541 607 et
1570 553 1623 606 in
1672 551 1970 606 custodiam

400 658 632 710 carceris
660 650 894 719 perduci.

472 746 603 800 CAP.
637 741 1003 798 XlV.—Unus
1022 746 1197 793 autem
1221 753 1284 789 ex
1323 732 1729 804 quaastionariis,
1759 732 1973 787 nomine

402 835 741 905 Vigilantius,
769 831 991 885 audiens
1022 832 1162 883 hunc
1187 825 1509 881 versrculum
1536 832 1748 878 sanctos
1777 835 1975 895 marty-

405 946 495 985 res
528 930 578 982 in
613 925 889 981 tormentis
912 924 1132 992 positos,
1160 918 1468 990 frequenter
1498 928 1553 972 et
1590 919 1782 983 saepius
1815 918 1976 970 itera-

403 1037 483 1083 re,
511 1020 565 1074 id
601 1028 703 1083 est,
756 1014 1043 1071 Christiani
1073 1028 1278 1077 sumus,
1307 1028 1338 1064 ο
1369 1022 1590 1082 tyranne
1634 1009 1973 1071 Latroniane,

405 1120 495 1172 tiat
524 1111 771 1165 voluntas
797 1108 885 1162 Dei
913 1109 1077 1161 nostri
1111 1108 1162 1160 in
1186 1106 1359 1169 nobis,
1377 1105 1688 1158 existimans
1713 1102 1851 1173 quod
1875 1102 1976 1156 ali-

403 1217 561 1272 quam
594 1198 889 1268 magnifica:
921 1178 1353 1265 praecantationis
1385 1195 1436 1248 in
1469 1209 1526 1248 se
1556 1194 1776 1247 haberet
1805 1193 1976 1245 virtu-

407 1305 542 1353 tein,
576 1291 699 1357 quia
729 1289 980 1341 dicebant
1009 1286 1152 1340 nullo
1184 1286 1341 1340 modo
1392 1300 1547 1354 posse
1600 1284 1979 1338 meditantibus

406 1400 528 1439 eum
558 1382 798 1436 dolorem
824 1380 1047 1445 sentire,
1074 1380 1231 1447 cmpit
1265 1382 1403 1432 hunc
1450 1379 1617 1443 ipsum
1658 1377 1978 1430 versiculum

404 1474 707 1529 incessabili
740 1471 1085 1531 meditatione
1115 1471 1405 1531 rumiuare,
1438 1468 1571 1522 infra
1605 1468 1820 1521 domum
1848 1474 1903 1519 et
1927 1466 1979 1518 in

404 1570 613 1636 platci<,
646 1569 920 1623 dormiens
942 1576 1098 1636 atque
1127 1580 1444 1635 exsurgens,
1477 1573 1531 1620 et
1563 1565 1615 1619 in
1657 1565 1802 1618 omni
1851 1574 1983 1617 tern-

408 1675 537 1727 pore
577 1660 886 1714 decantare.
937 1658 1175 1727 Cumque
1224 1672 1317 1725 per
1368 1644 1601 1710 triduum
1638 1655 1835 1725 jugiter
1876 1670 1981 1709 non

406 1743 711 1819 quiesceret
736 1749 1087 1814 decantando,
1106 1757 1290 1818 quarta
1321 1748 1533 1802 demum
1558 1748 1643 1802 die
1667 1748 1829 1816 cwpit
1853 1761 1983 1802 voce

2076 546 2174 609 dit,
2209 547 2444 615 quotidie
2490 545 2887 611 reficiebantur,
2931 558 3088 614 atque
3120 536 3482 601 indesinenter
3510 546 3652 613 psal-

2076 638 2276 701 lebant,
2309 638 2548 692 dicentes
2581 655 2593 689 :
2622 636 2762 692 Deus
2790 639 3108 692 misereatur
3137 638 3324 703 nostri,
3350 647 3403 692 et
3427 637 3643 692 benedi-

2039 807 2045 813 ν
2075 740 2161 784 cat
2190 732 2368 797 nobis;
2402 731 2661 784 illuminet
2683 732 2885 784 vultum
2917 746 3068 784 suum
3108 745 3269 797 super
3319 745 3437 795 nos,
3467 740 3521 783 et
3542 733 3640 784 mi-

2077 832 2318 875 sereatur
2342 822 2541 886 nostri;
2574 832 2631 876 ut
2652 837 3033 892 cognoscamus
3063 822 3115 875 in
3146 830 3287 875 terra
3318 822 3457 875 viam
3481 831 3645 889 tuam,

2079 918 2131 969 in
2160 917 2403 969 omnibus
2433 917 2676 985 gentibus
2704 917 2932 971 salutare
2964 925 3131 971 tuum.

2147 1010 2275 1062 CAP.
2304 1008 2516 1062 XVI.—
2536 1010 2693 1079 Igitur
2712 1026 2829 1063 cum
2859 1009 2911 1063 in
2931 1011 3061 1063 urbe
3078 1007 3505 1063 Almiridensium
3528 1023 3659 1063 san-

2078 1104 2148 1158 cti
2172 1113 2438 1176 martyres
2473 1103 2587 1159 hzec
2609 1113 2871 1158 tormenta
2917 1119 3013 1173 pro
3036 1103 3235 1157 Christi
3281 1102 3492 1156 nomine
3519 1103 3658 1155 tole-

2079 1206 2283 1261 rarent,
2343 1195 2557 1264 quidam
2598 1196 2906 1265 peregrinus
2946 1194 3172 1264 quodam
3203 1194 3289 1247 die
3321 1194 3504 1247 videns
3535 1192 3660 1246 bea-

2080 1291 2344 1344 tissimum
2376 1289 2653 1345 Astionem
2685 1299 2810 1344 ante
2854 1288 3083 1342 tribunal
3127 1288 3661 1358 judicis‘consisten-

2086 1393 2212 1445 tem,
2246 1392 2298 1435 et
2324 1396 2651 1448 cognoscens
2679 1383 2795 1451 quis
2825 1380 3082 1449 cujusque
3109 1380 3320 1448 generis
3348 1377 3657 1441 haberetur,
3705 1357 3717 1367 ’

2086 1476 2399 1529 festinanter
2429 1477 2678 1543 navigans
2707 1475 2761 1528 in
2811 1474 3047 1542 partibus
3089 1471 3319 1527 Orientis
3347 1470 3656 1533 descendit,

2083 1578 2141 1623 et
2171 1568 2391 1623 veniens
2413 1568 2466 1621 in
2497 1568 2763 1621 civitatem
2793 1565 2936 1620 unde
2966 1564 3376 1623 cratoriundus,
3397 1562 3665 1616 nuntiavit

2084 1662 2221 1732 patri
2250 1662 2367 1732 ejus
2397 1672 2451 1717 et
2481 1663 2635 1717 matri
2662 1663 2775 1717 haec
2804 1663 3045 1716 universa
3078 1677 3196 1730 qua:
3225 1660 3299 1713 illi
3332 1658 3661 1721 acciderant,

2084 1758 2267 1813 dicens
2288 1774 2408 1813 eum
2438 1774 2557 1813 cum
2587 1774 2714 1813 sene
2758 1758 2986 1827 quodam
3033 1754 3357 1821 Christiano,
3412 1754 3665 1820 Epicteto

408 1844 620 1911 llublica
646 1843 995 1911 Ρτοε¹²¹η³Γθν
1020 1840 1204 1895 dice“
1233 1857 1247 1893 ³
1279 1841 1389 1907 Ego
1420 1840 1751 1894 (Πιτίεῑίθηυε
1778 1854 1917 1901 διιῐηῑ
1945 1852 1979 1892 ο
2010 1830 2054 1890 Β
2091 1852 2327 1915 nomine,
2358 1852 2409 1904 in
2442 1850 2701 1921 martyrio
2732 1850 3045 1904 consistere.
3086 1848 3340 1902 Similiter
3364 1861 3553 1901 nomen
3582 1845 3666 1899 ci-

413 1947 640 2005 tyranne
665 1933 1005 1992 Latroniane,
1031 1933 1124 1985 fiat
1147 1933 1392 1986 voluntas
1414 1932 1506 1986 Dei
1535 1932 1702 1985 nostri
1727 1933 1778 1984 in
1810 1930 1984 1985 nobis.

416 2029 483 2081 Et
530 2028 846 2095 perveniens
876 2024 940 2078 ad
973 2025 1312 2079 beatissimos
1345 2032 1611 2094 martyres
1654 2026 1705 2078 in
1746 2023 1986 2078 custodia

410 2120 666 2183 Carceris,
692 2116 1019 2186 signaculum
1038 2116 1160 2170 vita:
1186 2117 1252 2169 ab
1274 2117 1350 2170 eis
1372 2118 1661 2181 promeruit
1686 2115 1983 2182 percipere;

415 2220 468 2263 et
496 2226 614 2262 eum
645 2210 787 2272 omni
813 2208 973 2261 domo
1003 2221 1095 2259 sua
1122 2206 1351 2260 credens
1375 2207 1425 2258 in
1451 2206 1614 2259 Deum
1634 2205 1984 2267 Salvatorem,
2048 2220 2053 2223 ·

410 2300 684 2354 beatorum
712 2308 895 2355 sancta
944 2312 1169 2366 corpora
1198 2296 1330 2381 ipse
1362 2297 1703 2373 postmodum
1742 2311 1863 2351 cum
1893 2294 1990 2348 ho-

410 2412 541 2452 nore
568 2396 800 2450 maximo
828 2394 1095 2462 sepelivit.

480 2488 609 2543 CAP.
642 2486 1001 2554 XV.—lgitur
1034 2495 1153 2554 post
1198 2485 1435 2553 quintam
1466 2484 1678 2537 demum
1717 2482 1880 2550 diem,
1905 2497 1987 2536 se-

410 2582 545 2635 dens
591 2580 783 2634 iterum
814 2578 1169 2632 Latronianus
1214 2578 1321 2631 dux
1378 2593 1473 2643 pro
1518 2575 1788 2638 tribunali,
1832 2576 1989 2644 jussit

412 2680 653 2725 sanctum
708 2669 1008 2739 Epictetum
1058 2669 1453 2739 presbyterum,
1494 2668 1843 2723 eLAstionetn
1871 2684 1987 2723 mo.

414 2760 639 2834 nichum
665 2762 716 2813 in
733 2768 1021 2828 conspectu
1047 2773 1144 2812 suo
1166 2758 1405 2827 perduci.
1426 2758 1664 2827 Cumque
1680 2773 1707 2810 a
1732 2758 1988 2811 ministris

403 2860 717 2909 'rlaetnonum
748 2853 1090 2916 ducerentur,
1138 2851 1451 2921 psallebant,
1493 2850 1729 2904 dicentes
1776 2867 1789 2902 :
1836 2850 1892 2903 In
1937 2861 1989 2905 te

419 2950 660 3003 inimicos
688 2955 902 3001 nostros
924 2931 1319 3008 ventilabimus,
1347 2944 1587 3008 Domine,
1618 2953 1673 2997 et
1701 2944 1749 2996 in
1776 2944 1989 2997 nomine

416 3050 509 3093 tuo
552 3053 868 3109 spernernus
921 3037 1257 3105 insurgentes
1298 3036 1349 3087 in
1380 3035 1553 3088 nobis.
1599 3034 1711 3087 Non
1759 3037 1899 3088 enim
1937 3036 1987 3088 in

419 3149 545 3188 arcu
599 3140 783 3187 nostro
825 3143 1123 3199 speramus,
1152 3139 1206 3181 et
1248 3127 1456 3197 gladius
1498 3126 1760 3180 humanus
1789 3140 1990 3194 nequa-

417 3240 575 3294 quam
605 3224 814 3278 salvare
842 3237 940 3276 nos
964 3218 1189 3290 poterit;
1221 3219 1314 3274 sed
1362 3219 1579 3274 dextera
1629 3226 1738 3283 tua,
1780 3227 1834 3272 et
1876 3218 1995 3271 bra-
2022 3209 2068 3271 C

418 3316 596 3369 eliiuin
631 3326 799 3380 tuum,
833 3320 888 3368 et
919 3310 1237 3365 illuminatio
1269 3309 1451 3363 vultus
1500 3310 1599 3373 tui,
1642 3308 1891 3378 quoniam
1941 3318 1997 3363 tu

419 3404 787 3473 complacuisti
810 3403 860 3456 in
890 3402 1043 3459 nobis
1064 3400 1233 3471 (Psal.
1262 3399 1437 3471 mn).
1468 3398 1706 3469 Cumque
1727 3411 1847 3455 ante
1871 3400 1997 3455 sub-

418 3498 627 3553 sellium
660 3496 1020 3566 profanissimi
1063 3495 1213 3550 ducis
1257 3483 1459 3549 Christi
1506 3506 1769 3566 martyres
1799 3496 1997 3551 astitis-

420 3600 564 3655 sent,
585 3588 660 3643 ait
689 3588 755 3643 ad
776 3603 870 3643 eos
902 3588 1255 3642 Latronianus
1292 3586 1395 3641 dux
1428 3604 1443 3641 :
1474 3586 1823 3657 Acquiescitis
1846 3589 1995 3654 mihi,

419 3696 473 3739 et
494 3685 805 3751 sacrificatis
831 3683 954 3747 diis,
986 3699 1051 3745 an
1084 3682 1255 3737 adhuc
1284 3683 1335 3736 in
1368 3694 1543 3738 vestra
1570 3684 1771 3739 insania
1802 3686 1997 3754 perdu-

426 3779 593 3832 ratis?
625 3777 852 3831 Sanctus
896 3776 1173 3844 Epictetus
1214 3773 1492 3845 reSpnndit
1524 3792 1537 3828 :
1567 3776 1773 3845 Saepius
1798 3791 1895 3831 nos
1920 3778 2000 3831 in-

384 3866 727 3937 'terrogasti,
779 3868 1083 3937 frequenter
1136 3865 1289 3920 nobis
1344 3866 1613 3920 blanditus
1669 3882 1754 3931 es,
1807 3868 2000 3922 multo-

423 3959 631 4028 tiesque
652 3959 788 4013 dona
823 3957 1047 4025 plurima
1073 3964 1128 4011 et
1157 3956 1387 4012 honores
1416 3958 1569 4013 nobis
1592 3959 1853 4012 maximos
1873 3975 1999 4028 pro-

429 4049 642 4113 misisti,
675 4058 730 4103 et
760 4059 932 4102 tamen
963 4048 1174 4118 penitus
1204 4046 1336 4102 nihil
1368 4047 1511 4102 aliud
1564 4065 1593 4103 a
1639 4049 1794 4103 nobis
1816 4050 1999 4117 audire

376 4204 379 4207 _
423 4140 775 4209 putuisti,'nisi
806 4141 925 4211 quia
954 4138 1237 4195 Christiani
1270 4155 1475 4207 sumus,
1508 4151 1559 4196 et
1580 4157 1706 4196 ecce
1736 4158 1875 4196 nunc
1897 4141 1999 4196 hoc

426 4239 598 4304 ipsum
642 4238 837 4290 iterare
868 4250 971 4288 non
1007 4236 1350 4304 quiescimus.
1396 4236 1529 4290 Cum
1562 4244 1735 4290 autem
1764 4237 2000 4291 audisset

424 4330 779 4387 Latronianus
809 4328 922 4382 haec
949 4327 1124 4381 omnia
1157 4328 1341 4391 verba,
1364 4326 1509 4381 dedit
1533 4329 1789 4397 mugitum
1816 4339 1871 4382 ut
1891 4328 1995 4395 leo;

422 4440 475 4480 et
505 4425 812 4479 exclamans
842 4438 971 4477 Voce
993 4438 1202 4492 magna,
1233 4421 1408 4476 taliter
1437 4423 1499 4476 ad
1543 4438 1665 4475 suos
1696 4424 1891 4478 milites
1921 4425 1999 4478 lo-

423 4530 578 4573 cutus
601 4526 703 4582 est,
729 4517 911 4570 dicens
944 4515 1273 4578 :Velociter,
1304 4529 1337 4568 ο
1364 4516 1592 4569 ministri
1627 4516 1780 4583 hujus
1820 4515 1997 4583 splen-

422 4610 683 4663 didissimi
717 4607 989 4671 culminis,
1017 4606 1166 4660 salet
1192 4616 1397 4659 acetum
1422 4607 1522 4659 huc
1548 4605 1755 4665 afferte.
1781 4612 1835 4658 et
1852 4607 1993 4673 prio-
2025 4585 2077 4643 Ῑ)

418 4704 565 4756 ribus
581 4716 765 4754 eorum
786 4698 1194 4753 lacerationibus
1215 4697 1527 4762 confricate,
1542 4687 1804 4767 sim'ulque
1828 4701 1995 4767 picem

418 4806 472 4849 et
495 4793 706 4865 adipem
732 4794 783 4845 in
808 4794 1063 4845 cacabum
1092 4806 1298 4852 aeneum
1328 4792 1541 4855 mittite,
1566 4799 1751 4846 etcum
1775 4792 1999 4861 coeperit

421 4889 633 4942 fortiter
662 4885 909 4950 ebullire,
956 4900 1050 4940 eos
1096 4884 1149 4938 in
1197 4884 1440 4938 eumdem
1498 4888 1707 4941 mittite.
1734 4886 1801 4941 Et
1828 4889 1996 4941 Sancti

422 4987 537 5037 haec
565 4980 845 5035 audientes
872 4978 1121 5033 dicebant
1142 4976 1457 5033 :Christiani
1476 4994 1678 5043 sumus,
1698 4996 1730 5032 0
1748 4990 1993 5049 tyranne,

409 5075 511 5141 fiat
531 5073 777 5126 voluntas
805 5074 895 5127 Dei
923 5075 974 5127 in
998 5071 1171 5127 nobis.
1202 5070 1439 5140 Cumque
1472 5072 1573 5126 hoc
1616 5074 1866 5127 tormenti
1897 5089 1985 5141 ge-

420 5180 523 5218 nus
555 5180 651 5231 pro
672 5163 875 5219 Christi
906 5163 1122 5218 nomine
1146 5161 1555 5233 magnanimiter
1578 5164 1916 5229 tolerassent,
1941 5174 1995 5218 et

415 5263 466 5314 in
525 5261 671 5315 nullo
714 5245 926 5330 penitus
968 5259 1079 5314 laesi
1133 5258 1380 5323 fuissent,
1415 5257 1645 5324 imperat
1668 5259 1993 5314 saevissimus

411 5364 674 5423 tyrannus
703 5365 761 5408 ut
791 5353 915 5407 inde
941 5366 1033 5407 eos
1057 5351 1332 5418 ejicerent,
1364 5362 1417 5406 et
1453 5351 1505 5403 in
1548 5350 1840 5404 cusmdiam
1872 5366 1990 5403 car—

411 5446 553 5498 ceris
579 5445 756 5500 denuo
774 5443 1141 5513 perducerent
1168 5459 1183 5495 :
1215 5443 1292 5497 Ne
1332 5442 1493 5505 forte,
1544 5441 1734 5511 inquit,
1782 5451 1837 5495 et
1864 5456 1991 5494 con-

410 5536 604 5590 stantia
635 5553 818 5590 eoruni
851 5534 1005 5589 nobis
1036 5534 1380 5602 ignominiam
1424 5544 1478 5588 et
1529 5534 1847 5592 Christianis
1896 5548 1989 5589 au-

412 5636 615 5679 οεωιτωιιῑ
649 5642 907 5697 generare
949 5625 1213 5679 videatur.
1258 5625 1323 5678 Et
1346 5626 1424 5678 sic
1444 5626 1602 5693 jussit
1645 5636 1701 5679 ut
1746 5640 1836 5685 per
1884 5641 1989 5678 xxx

410 5722 531 5773 (Ἶσις
578 5720 753 5772 nullus
802 5718 866 5771 ad
917 5732 1011 5772 eos
1039 5716 1304 5783 introiret,
1340 5732 1509 5785 neque
1536 5719 1603 5770 ab
1630 5718 1808 5785 aliquo
1838 5717 1988 5771 cihus

412 5824 677 5885 potusque
707 5807 1024 5865 deferretur.
1049 5806 1153 5863 Sed
1182 5808 1395 5863 athletae
1426 5808 1620 5862 Christi
1654 5809 1719 5863 de
1763 5809 1990 5877 plenitu-

2086 1941 2268 1995 vitatis
2300 1942 2351 1995 in
2379 1957 2481 2008 qua
2524 1948 2725 2005 essent,
2773 1940 3178 2011 diligentissime
3212 1953 3303 1992 eos
3326 1938 3553 1992 edocuit.
3585 1940 3664 1991 At

2089 2035 2164 2089 illi
2198 2036 2311 2089 haec
2338 2036 2635 2097 audientes,
2661 2050 2781 2087 mox
2805 2035 2870 2087 ad
2902 2049 3071 2103 genua
3113 2032 3209 2087 sibi
3249 2033 3345 2086 ista
3373 2031 3665 2086 referentis

2087 2126 2474 2191 advolvuntur;
2507 2137 2559 2180 et
2592 2127 2798 2179 fortiter
2820 2141 2942 2180 eum
2980 2139 3169 2193 rogare
3196 2134 3485 2191 coeperunt,
3514 2132 3666 2175 utea

2087 2232 2205 2285 qua:
2233 2232 2358 2270 vera
2387 2226 2573 2270 essent
2600 2218 2679 2269 eis
2702 2215 2924 2271 diceret.
2957 2219 3024 2269 At
3052 2217 3140 2269 ille
3166 2214 3507 2284 jurejurando
3534 2229 3667 2267 vera

2087 2305 2203 2360 haec
2223 2321 2341 2359 esse
2373 2306 2690 2359 affirmabat.
2720 2305 2869 2360 Tunc
2904 2307 3065 2374 C(Bpil.
3108 2306 3285 2359 dicere
3327 2313 3473 2373 pater
3498 2302 3613 2370 ejus
3644 2320 3662 2354 :

2088 2401 2143 2453 Si
2175 2416 2273 2469 ego
2302 2401 2480 2455 infelix
2514 2400 2735 2457 meritus
2788 2399 2939 2453 fuero
2984 2410 3041 2452 ut
3082 2399 3291 2451 videam
3348 2397 3529 2449 faciem
3564 2396 3663 2449 lilii

2091 2493 2218 2556 mei,
2250 2492 2505 2562 quidquid
2538 2491 2667 2545 illud
2696 2502 2776 2545 est
2796 2491 2938 2560 quod
2978 2490 3104 2545 mihi
3131 2488 3460 2543 mandaverit
3484 2498 3535 2541 et
3564 2488 3666 2541 do-

2092 2584 2280 2641 cuerit.
2316 2585 2416 2637 hoc
2444 2585 2559 2638 sine
2586 2582 2756 2651 aliqua
2801 2598 2949 2637 mora
2983 2583 3211 2635 facturus
3237 2596 3373 2634 sum.
3408 2580 3666 2635 Similiter

2052 2710 2053 2713 η
2090 2691 2218 2730 vero
2244 2686 2297 2727 et
2318 2664 2486 2729 mater
2516 2675 2721 2729 dicebat
2756 2693 2769 2727 :
2800 2676 2909 2743 Ego
2935 2675 3249 2728 miserabilis
3296 2682 3349 2727 et
3388 2671 3665 2726 luuniliata

2092 2784 2190 2836 per
2213 2769 2413 2831 omnia,
2438 2768 2481 2821 si
2501 2768 2645 2822 illum
2675 2767 2851 2821 adhuc
2872 2767 2923 2820 in
2950 2766 3049 2820 hoc
3070 2780 3295 2835 corpore
3312 2763 3495 2818 merita
3514 2762 3669 2816 fuero

2091 2858 2306 2921 intueri,
2339 2861 2503 2929 218
2546 2868 2601 2913 et
2649 2858 2869 2912 domum
2900 2858 3305 2924 universumque
3342 2871 3510 2908 meam
3539 2856 3669 2909 sub-

2095 2950 2347 3003 stantiam
2380 2950 2771 3017 derelinquam,
2796 2958 2851 3003 et
2881 2950 2952 3002 illi
2982 2948 3081 3001 soli
3112 2947 3418 3011 adhaerebo,
3441 2961 3504 2999 eo
3524 2945 3667 3015 quhd

2093 3054 2253 3108 super
2305 3040 2419 3095 hare
2454 3042 2628 3094 omnia
2661 3040 2773 3106 ipse
2801 3040 2945 3093 solus
2983 3039 3111 3093 mihi
3142 3039 3355 3092 charior
3382 3046 3435 3092 et
3463 3037 3671 3091 dulcior

2096 3134 2373 3188 habeatur.
2422 3135 2573 3200 Quod
2606 3143 2660 3189 et
2704 3137 2746 3189 si
2781 3150 2865 3189 me
2894 3133 3233 3204 imperaverit
3266 3132 3378 3187 ﬁeri
3408 3130 3665 3186 Christia-

2100 3244 2241 3294 nam,
2272 3244 2369 3284 nec
2396 3229 2495 3283 hoc
2535 3228 2794 3283 recusabo
2825 3227 3019 3294 facere,
3048 3235 3100 3281 et
3130 3242 3247 3281 cum
3293 3227 3409 3293 ipso
3436 3232 3670 3293 postmo-

2099 3321 2248 3387 dum,
2276 3323 2319 3374 si
2343 3320 2589 3382 voluerit,
2617 3328 2794 3389 parata
2827 3334 2943 3372 sum
3002 3328 3265 3372 tormenta
3307 3316 3591 3380 sustinere,
3618 3324 3672 3369 et

2100 3422 2326 3472 mortem
2351 3421 2622 3482 gratanter
2648 3410 2911 3479 accipere.
2938 3410 3003 3463 Et
3027 3409 3141 3463 hmc
3165 3408 3423 3471 dicentes,
3457 3404 3672 3460 univer-

2099 3520 2211 3558 sam
2240 3503 2589 3557 substantiam
2614 3516 2762 3555 suam
2795 3508 2863 3554 ac“
2893 3501 3107 3555 divitias
3157 3499 3255 3552 sub
3305 3496 3573 3551 actoribus
3618 3504 3674 3548 et

2100 3596 2535 3663 procuratoribus
2585 3594 2938 3662 reliquerunt.
2983 3592 3046 3645 Et
3100 3590 3299 3659 egressi
3353 3604 3473 3643 cum
3505 3586 3675 3643 tribus

2102 3690 2278 3757 pueris
2306 3689 2373 3743 de
2401 3688 2562 3742 domo
2591 3702 2709 3751 sua,
2743 3686 2917 3740 navim
2945 3684 3187 3754 protinus
3226 3681 3673 3744 conscenderunt,

2099 3791 2152 3835 et
2183 3782 2434 3848 navigare
2468 3788 2767 3848 creperum,
2792 3786 2848 3830 ut
2867 3778 2917 3829 in
2946 3774 3260 3845 Scytharum
3301 3782 3495 3827 terram
3517 3780 3677 3838 atque

2102 3876 2151 3926 in
2184 3872 2616 3928 Almiridensium
2645 3870 2912 3923 civitatem
2964 3868 3297 3921 devenirent.
3347 3863 3508 3934 Cujus
3548 3879 3675 3931 pro-

2098 3965 2286 4020 vincia:
2318 3975 2443 4018 tunc
2494 3962 2733 4031 pontifex
2781 3972 2835 4015 et
2878 3961 3193 4030 pricpositus
3224 3968 3551 4014 sanctarum-
3581 3957 3673 4011 Dei

2099 4058 2471 4118 ecclesiarum,
2506 4054 2842 4108 beatissimus
2886 4051 3220 4121 evangelicus
3250 4050 3331 4123 (9)
3358 4048 3672 4103 habebatur.

2088 4198 2091 4201 .
2170 4150 2297 4205 CAP.
2332 4146 2732 4215 XVll.-lgitur
2763 4145 2976 4214 expleto
3026 4158 3249 4199 numero
3301 4141 3518 4210 triginta
3565 4141 3681 4194 die-

2100 4259 2240 4309 rum,
2288 4242 2449 4336 jussit
2503 4251 2757 4310 tyrannus
2814 4248 2872 4291 ut
2912 4238 3081 4291 sancti
3113 4245 3377 4306 martyres
3406 4250 3585 4289 coram
3618 4248 3682 4288 se

2099 4323 2498 4388 exhibe-rentur.
2530 4331 2630 4397 Qui
2658 4344 2778 4383 cum
2811 4328 2967 4382 hilari
3013 4327 3189 4381 animo
3220 4334 3274 4379 et
3320 4325 3465 4377 vultu
3493 4323 3677 4389 splen-

2101 4425 2230 4479 dldO
2260 4440 2439 4478 curam
2474 4423 2566 4477 illo
2595 4421 2976 4485 constitissent,
3009 4420 3087 4474 sic
3113 4418 3176 4472 ad
3201 4434 3291 4473 eos
3317 4416 3671 4470 Latronianus

2101 4517 2205 4571 dux
2236 4517 2443 4569 locutus
2490 4523 2593 4578 est,
2641 4514 2823 4567 dicens
2858 4512 3103 4581 :Saepius
3141 4524 3231 4563 vos
3275 4508 3342 4561 de
3388 4508 3666 4560 nominum

2102 4618 2400 4662 vestrorum
2426 4604 2681 4657 vocabulo
2709 4601 3145 4672 interrogavi,vel
3170 4612 3383 4668 genere,
3411 4612 3504 4650 seu
3528 4600 3675 4651 unite

2104 4701 2233 4756 estis
2257 4698 2491 4763 oriundi,
2549 4708 2603 4751 et
2643 4712 2909 4764 nunquam
2950 4697 3077 4750 mihi
3122 4694 3395 4747 veritatem
3437 4689 3677 4746 dixistis.

2104 4792 2255 4846 Nunc
2285 4791 2479 4858 itaque,
2510 4803 2633 4843 cum
2658 4802 2755 4841 nec
2783 4788 3004 4855 patriam
3030 4786 3173 4845 novi,
3193 4798 3289 4838 nec
3318 4796 3486 4852 genus
3512 4796 3682 4850 agno-

2102 4896 2217 4948 sco,
2240 4883 2331 4934 sed
2367 4895 2463 4933 nec
2496 4880 2710 4932 nomina
2735 4888 2907 4933 vestra
2934 4876 3081 4946 potui
3114 4875 3409 4936 addiscere,
3442 4873 3543 4926 hoc
3590 4887 3684 4927 co-

2103 4972 2263 5042 gitavi
2294 4971 2429 5039 apud
2462 4970 2849 5038 rnemetipsnm,
2872 4968 3087 5022 dicens:
3118 4967 3195 5020 Eo
3219 4966 3359 5035 quod
3383 4963 3515 5018 nihil
3535 4962 3675 5015 aliud

2102 5080 2199 5118 vos
2228 5080 2344 5119 esse
2370 5064 2642 5129 Vitlt'mini,
2684 5063 2785 5116 nisi
2828 5062 3070 5129 corporei
3102 5061 3397 5123 dazmones,
3429 5055 3515 5126 qui
3558 5056 3675 5108 sine

2105 5160 2315 5213 nomine
2345 5160 2425 5213 vel
2448 5174 2644 5228 genere
2662 5172 2781 5213 esse
2811 5169 3132 5221 noscuntur;
3161 5167 3212 5209 et
3236 5155 3357 5208 ideo
3383 5150 3673 5208 secundum

2100 5255 2241 5319 quod
2274 5252 2417 5321 (ligni
2448 5254 2595 5317 estis,
2631 5251 2730 5304 huc
2778 5265 2873 5315 vos
2922 5250 3180 5304 vocabulo
3224 5246 3557 5314 nuncupahn.
3613 5245 3683 5297 Et

2100 5347 2294 5415 adjecit
2342 5346 2520 5398 dicere
2567 5344 2633 5398 ad
2674 5358 2767 5397 eos
2799 5361 2811 5396 :
2845 5344 3012 5396 Dicite
3046 5341 3176 5395 mihi
3224 5356 3341 5405 vos,
3373 5356 3407 5394 o
3434 5337 3678 5407 corporei

2099 5438 2392 5497 daunones,
2427 5437 2470 5489 si
2497 5451 2598 5489 non
2630 5433 2938 5489 sacrificatis
2964 5433 3356 5487 immortalibus
3384 5432 3509 5495 diis,
3543 5429 3681 5483 facio

2102 5532 2259 5585 hodie
2288 5541 2345 5584 ut
2375 5532 2545 5598 capita
2577 5538 2749 5583 vestra
2781 5526 3390 5589 aliscindantur.Christi
3417 5534 3681 5594 martyres

2101 5626 2353 5679 dixerunt
2386 5643 2398 5679 :
2425 5624 2531 5677 Nos
2557 5620 2841 5674 Christiani
2864 5634 3067 5681 sumus,
3087 5627 3142 5673 et
3163 5619 3215 5672 in
3242 5618 3460 5672 nomine
3479 5613 3681 5669 Christi

2100 5718 2393 5778 dzeinnnes.
2432 5730 2567 5783 quos
2597 5728 2689 5767 vos
2718 5722 2772 5765 ut
2801 5711 2926 5766 deos
2957 5711 3194 5765 adoratis
3235 5718 3291 5763 et
3345 5709 3544 5773 colitis,
3577 5718 3679 5759 nos

2100 5811 2165 5862 de
2224 5807 2457 5863 obsessis
2507 5804 2816 5873 corporibus
2873 5803 3183 5874 eﬂ‘ugamus.
3250 5800 3463 5857 Utinam
3520 5801 3569 5852 in
3624 5808 3679 5851 te
