4010 6226
231 327 334 383 805

754 320 910 376 VITA
954 318 1370 377 SANCTORUM
1412 314 1720 373 EPICTETI
1766 311 2186 366 I‘llESBYTERI
2231 310 2312 365 ET
2352 308 2663 366 ASTIONIS
2705 308 3029 363 MONACIII.

3389 300 3495 361 iiii}

225 441 439 496 damon
473 438 743 505 pessimus
767 448 873 487 non
904 431 1177 485 habitaret.
1216 430 1325 483 [Ioc
1346 428 1564 481 audiens
1585 439 1809 480 vesanus
1843 428 1887 484 Α
1922 422 1974 475 in
2018 423 2177 475 bono.
2227 420 2290 473 Et
2322 436 2494 484 nunc,
2527 433 2848 487 quaesumus,
2884 418 3123 479 homine,
3159 420 3368 486 suscipe
3395 433 3497 472 nos

226 532 337 593 ille,
367 533 428 582 et
457 527 788 590 horrendus,
814 524 1036 578 nimium
1060 522 1309 576 efferatus
1331 528 1439 583 est;
1471 517 1699 587 etjussit
1719 518 1809 570 mi-

233 620 418 673 nistris
440 618 562 671 suis
592 624 649 669 ut
678 631 799 669 cum
830 612 1093 681 rapidibus
1123 627 1216 665 ora
1244 619 1545 665 sanctorum
1591 618 1817 663 contun-

228 712 436 767 derent.
477 707 685 765 Deinde
716 707 996 773 imperavit
1046 712 1104 758 ut
1147 703 1324 772 virgas
1378 702 1632 757 aﬁ'errent
1660 702 1822 753 traxi-

234 820 382 869 neas,
413 814 473 855 et
507 803 587 855 sic
617 817 685 856 ex
713 799 793 853 eis
820 811 923 851 tam
955 797 1043 850 diu
1072 812 1167 851 eos
1190 797 1555 861 verberarem,
1588 794 1820 864 quandiu

235 898 489 967 spiritum
521 893 861 948 exbalarent.
896 889 1189 943 Beatissimi
1212 903 1338 941 vero
1379 890 1591 941 athletae
1620 885 1820 940 Christi

239 988 411 1040 taliter
445 984 744 1052 patientes,
773 979 904 1033 nihil
937 979 1084 1032 aliud
1128 978 1394 1041 dicebant,
1428 977 1527 1030 nisi
1556 995 1567 1029 :
1604 977 1823 1031 Domine

242 1079 377 1134 Deus
405 1086 625 1139 noster,
657 1082 743 1126 tua
780 1073 1023 1124 voluntas
1052 1069 1143 1123 ﬁat
1172 1071 1222 1123 in
1251 1068 1421 1121 nobis.
1458 1067 1564 1123 Sed
1592 1082 1709 1120 cum
1733 1066 1827 1120 diu

249 1171 587 1237 multumque
612 1166 967 1229 ca‘derenlur,
996 1174 1047 1217 et
1088 1178 1298 1229 semper
1330 1161 1523 1214 hilares
1556 1160 1826 1228 magnani-

247 1275 470 1324 mesque
503 1259 557 1311 in
590 1256 927 1311 confessione
970 1254 1175 1306 Domini
1233 1252 1599 1319 perdurarent,
1640 1251 1826 1305 videns

250 1353 498 1406 minister
526 1350 620 1403 ille
647 1349 849 1403 diaholi
881 1363 945 1400 eo
972 1346 1110 1413 quod
1132 1345 1275 1397 nullo
1294 1344 1449 1396 modo
1469 1344 1827 1408 praevaluisset

251 1459 278 1498 e
301 1459 358 1495 us
386 1442 597 1494 insania
628 1452 812 1494 contra
845 1439 1079 1505 ipsorum
1112 1436 1487 1495 constantiam,
1531 1434 1690 1503 jussit
1728 1434 1825 1487 mi-

253 1532 427 1585 nistris
456 1530 726 1583 scelerum
755 1527 875 1580 duci
925 1540 1019 1579 eos
1058 1525 1183 1578 foris
1222 1525 1511 1586 civitatem,
1554 1531 1611 1578 et
1655 1524 1827 1590 capita

258 1638 431 1677 eorum
462 1620 645 1689 gladio
676 1616 963 1684 amputari.
1017 1616 1261 1684 Cumque
1291 1615 1613 1669 ducerentur
1636 1612 1828 1681 psalle-

265 1714 403 1777 bant,
450 1713 739 1764 dicentes:
772 1707 1008 1761 Laudate
1058 1722 1254 1761 nomen
1310 1705 1541 1771 Domini,
1594 1704 1825 1771 laudate,

1924 513 1977 566 in
2011 512 2253 564 manibus
2284 510 2386 563 tuis
2434 510 2793 577 sempiternis,
2838 518 2895 562 et
2925 508 3166 560 introduc
3198 523 3293 561 nos
3323 507 3377 562 in
3408 507 3499 564 lea

1921 602 2150 657 rusalem
2182 601 2482 668 cmlestem,
2514 616 2633 669 quae
2680 610 2760 654 est
2817 608 2985 653 mater
3024 598 3258 651 omnium
3286 608 3500 654 sancto-

1921 709 2062 758 rum,
2089 693 2241 761 cujus
2272 694 2384 763 ipse
2404 707 2463 747 es
2497 694 2696 757 lumen,
2726 700 2780 746 et
2819 704 3067 761 sponsus,
3100 689 3343 744 conditor
3364 705 3469 760 quo
3488 721 3513 731 -

1920 802 2025 855 que
2053 802 2116 839 ac
2165 786 2473 853 fabricator,
2503 795 2561 840 nt
2592 801 2693 839 una
2722 800 2842 839 cum
2892 784 3095 855 angelis
3123 793 3175 837 et
3207 782 3505 852 archangeo

1924 877 2010 942 lis,
2043 876 2301 946 patribus,
2333 876 2673 945 patriarchis,
2706 875 2996 944 prophetis,
3035 876 3195 946 219
3219 874 3507 943 apostolis,

1929 968 2277 1036 martyribus,
2332 963 2748 1030 confessoribus,
2790 965 2987 1036 jugiter
3039 966 3402 1020 collaudetnus
3454 972 3511 1018 et

1927 1057 2282 1125 gloriﬁcemns
2307 1057 2547 1123 Patrem,
2576 1066 2631 1111 et
2660 1057 2872 1120 Filium,
2895 1068 2948 1111 et
2979 1056 3234 1127 Spiritum
3261 1065 3508 1112 sanctum

1928 1150 1979 1202 in
2008 1150 2201 1203 saecula
2228 1148 2567 1202 saeculorum.

1996 1240 2123 1294 Car.
2168 1240 2309 1294 XIX.
2342 1270 2409 1281 —-
2453 1241 2517 1295 Et
2564 1255 2684 1295 cum
2723 1241 3125 1310 respondissent
3150 1243 3502 1296 circumstan-

1928 1338 2028 1393 tes,
2062 1330 2254 1395 Amen,
2276 1346 2463 1399 rogare
2480 1332 2639 1399 cmpit
2664 1333 2942 1387 carniﬁces
2964 1342 3181 1387 sanctus
3206 1333 3500 1400 Epictetus,

1928 1436 1984 1479 ut
2012 1434 2135 1479 ante
2164 1440 2223 1479 se
2253 1428 2401 1493 prius
2431 1427 2638 1480 beatum
2673 1438 3008 1495 percuterent
3060 1429 3358 1481 Astioncm.
3400 1428 3503 1483 Sed

1928 1534 2050 1574 cum
2083 1519 2167 1573 ille
2186 1519 2423 1573 diceret:
2454 1520 2584 1585 Quia
2612 1529 2664 1574 te
2695 1521 2921 1588 primum
2953 1516 3177 1587 decet,o
3201 1521 3507 1576 beatissime

1931 1611 2107 1676 Pater,
2141 1613 2276 1666 hanc
2305 1612 2634 1666 salutiferam
2664 1615 3039 1683 propriamque
3069 1614 3505 1684 propitiationetu

1932 1704 2148 1769 mereri,
2180 1712 2396 1758 sanctus
2428 1704 2703 1773 Epictetus
2742 1705 3056 1773 respondit:
3099 1704 3385 1767 Veterana,
3424 1704 3504 1757 itt-

270 1804 415 1865 servi,
446 1801 726 1855 Dominum
752 1798 922 1868 (Psal.
954 1798 1197 1860 cxxxw),
1221 1790 1341 1864 quia
1364 1797 1495 1852 facta
1528 1798 1821 1875 est'volun-
1853 1799 1899 1859 Β
1926 1798 2061 1866 quit,
2110 1796 2371 1852 calliditas
2420 1796 2706 1866 serpentis,
2758 1798 2888 1851 satis
2919 1795 3129 1851 subtilis
3174 1804 3231 1850 et
3276 1796 3511 1850 circum-

265 1904 333 1946 tas
362 1893 448 1946 Dei
482 1894 651 1946 nostri
686 1892 738 1945 in
769 1890 922 1944 nobis
951 1903 1043 1957 per
1073 1888 1268 1942 omnia.

322 1984 454 2037 CAP.
481 1982 873 2039 XVllI.-—Cum
925 1991 1101 2036 autem
1142 1983 1508 2047 pervenissent
1556 1984 1620 2037 ad
1652 1985 1826 2039 locum

254 2077 347 2129 ulti
378 2076 605 2135 ,ieriettdi
638 2086 834 2139 essent,
861 2083 1063 2129 stantes
1107 2084 1293 2128 contra
1316 2064 1544 2142 'partem
1576 2076 1825 2138 Orientis,

258 2168 521 2234 expansis
553 2168 818 2231 manibus,
863 2176 915 2221 et
960 2166 1465 2221 sublevatis»oculis
1514 2168 1562 2219 in
1611 2168 1829 2235 cmlum,

265 2260 450 2313 taliter
482 2258 761 2313 Dominum
785 2267 1079 2321 oraverunt,
1105 2260 1343 2313 dicentes
1368 2277 1381 2311 :
1412 2259 1725 2315 Benedictus
1746 2276 1829 2329 es,

261 2350 509 2408 Domino
540 2350 681 2404 Deus
724 2362 926 2420 patrum
972 2358 1302 2412 nostrorum,
1353 2361 1407 2405 et
1446 2351 1745 2417 laudabilis,
1780 2360 1834 2407 et

254 2446 694 2511 supercxaltatus
723 2447 773 2498 in
806 2445 1017 2509 saecula,
1049 2462 1115 2501 eo
1147 2445 1288 2515 quod
1321 2462 1425 2500 non
1458 2447 1704 2513 humana,
1727 2446 1833 2502 sed

260 2547 350 2590 tua
382 2537 630 2592 voluntas
654 2554 749 2607 per
776 2539 951 2592 omnia
981 2539 1119 2593 facta
1142 2549 1224 2594 est
1245 2540 1295 2593 in
1326 2540 1593 2594 nobis.Tu
1613 2554 1670 2595 es
1689 2542 1833 2595 enim

263 2630 347 2698 qui
370 2630 530 2683 doces
547 2630 600 2683 in
628 2640 679 2684 te
695 2632 999 2697 credentes,
1023 2644 1081 2687 ut
1110 2633 1303 2688 faciant
1322 2634 1646 2689 voluntatem
1666 2645 1831 2701 tuam,

263 2737 315 2779 et
344 2735 394 2777 ut
424 2726 748 2781 annuntient
771 2728 1032 2781 mirabilia
1084 2737 1171 2782 tua
1221 2730 1271 2782 in
1302 2731 1448 2783 omni
1483 2738 1741 2798 tempore,
1771 2742 1838 2783 eo

271 2816 404 2884 quod
431 2817 663 2885 Spiritus
711 2829 833 2874 tuus
866 2828 1082 2873 sanctus
1108 2820 1366 2889 gubernat
1408 2835 1836 2890 unumquemque

280 2908 335 2963 in
356 2908 488 2961 bono
515 2906 799 2963 secundum
831 2911 1156 2979 propositum
1196 2912 1376 2966 cordis
1405 2913 1509 2978 sui,
1543 2920 1597 2967 et
1643 2927 1834 2967 secun-

289 3002 404 3055 dum
433 3004 687 3071 propriam
719 3005 1066 3059 voluntatem.
1100 3005 1178 3058 Tu
1203 3020 1262 3059 es
1288 3005 1431 3060 enim
1456 3006 1542 3074 qui
1571 3006 1839 3059 Abraham

288 3095 561 3148 secundum
597 3106 739 3149 tuam
761 3097 1087 3150 voluntatem
1114 3110 1325 3162 semper
1340 3096 1664 3166 gubernasti,
1696 3096 1839 3150 Isaac

284 3186 641 3254 sanctiﬁcasti,
676 3197 730 3242 et
761 3202 881 3241 cum
910 3186 1074 3241 Jacob
1100 3188 1414 3241 colluctatus
1449 3203 1529 3252 es,
1560 3188 1839 3252 imponens

271 3277 342 3331 illi
370 3292 567 3332 nomen
599 3294 793 3334 novum
825 3280 1015 3346 Israel;
1064 3282 1152 3350 qui
1202 3281 1398 3351 Joseph
1421 3297 1451 3335 a
1483 3284 1840 3350 persuasioni-

269 3370 359 3423 bus
385 3354 653 3440 AEgyptiae
683 3382 736 3423 et
783 3371 1160 3425 blandimentis
1191 3383 1395 3426 castum
1441 3374 1738 3439 custodisti,
1784 3383 1840 3429 et

272 3459 557 3514 Susannam
591 3463 838 3517 similiter
866 3478 896 3516 a
922 3462 1214 3532 pollutione
1254 3464 1625 3519 insidiatorum
1652 3464 1841 3517 imma-

278 3552 486 3607 culatam
539 3556 897 3621 conservasti;
950 3557 1037 3623 qui
1098 3565 1400 3609 sanctorum
1459 3556 1839 3625 prephetarum

286 3654 475 3698 tuorum
501 3646 665 3701 corda
693 3647 1009 3715 puriﬁcasti,
1028 3656 1082 3702 et
1110 3647 1533 3701 beatissimorum
1566 3648 1837 3714 apostolo-

292 3752 392 3790 rum
423 3748 627 3791 mentes
657 3754 752 3806 per
796 3740 992 3793 donum
1041 3740 1210 3793 sancti
1257 3738 1486 3807 Spiritus
1536 3739 1837 3805 illustrasti,

246 3820 259 3837 °
289 3830 450 3883 dicens
478 3833 544 3885 ad
575 3846 671 3885 eos
691 3848 705 3885 :
725 3833 960 3901 Accipite
974 3832 1225 3900 Spiritum
1257 3841 1498 3887 sanctum
1520 3830 1697 3903 (Joan.
1725 3830 1839 3898 xx);

281 3920 357 3985 qui
388 3921 622 3975 athletas
658 3929 773 3975 tuos
802 3936 894 3989 per
924 3921 1146 3990 gratiam
1179 3931 1321 3975 tuam
1354 3923 1640 3988 coronasti,
1670 3932 1723 3975 et
1749 3936 1843 3991 pro

278 4014 489 4066 nomine
538 4023 629 4067 tuo
675 4014 1051 4068 dimicantibus
1100 4029 1311 4083 semper
1333 4015 1612 4069 victoriam
1648 4015 1845 4069 condo-

279 4106 439 4167 nasti;
465 4105 559 4172 qui
583 4121 678 4158 nos
708 4105 1033 4161 humillimos
1060 4115 1114 4160 et
1142 4116 1448 4175 peccatores
1480 4107 1702 4161 famulos
1727 4118 1846 4162 tuos

282 4194 337 4245 ad
370 4195 509 4247 hanc
541 4195 762 4261 patriam
820 4194 1133 4261 perduxisti,
1184 4206 1239 4248 ut
1268 4198 1643 4250 annuntietuus
1675 4197 1727 4249 itt
1760 4212 1844 4259 ea,

276 4300 333 4341 ac
359 4289 715 4355 prmdicemus
740 4289 1010 4357 Evangelii
1044 4290 1113 4343 tui
1145 4287 1463 4356 doctrinam,
1489 4291 1569 4343 his
1597 4292 1682 4359 qui
1710 4291 1761 4343 in
1786 4305 1844 4342 t-a

283 4377 551 4444 habitant;
581 4381 669 4449 qui
696 4390 870 4434 noster
902 4381 1226 4449 gubernator
1252 4396 1315 4450 ac
1342 4384 1612 4450 magister,
1655 4397 1717 4437 ac
1756 4384 1848 4437 bo-

277 4492 373 4529 nus
398 4476 645 4544 provisor
674 4475 725 4530 in
750 4477 994 4531 Omnibus
1020 4477 1304 4542 exstitisti;
1337 4480 1425 4547 qui
1445 4492 1608 4544 usque
1624 4476 1689 4530 ad
1711 4478 1845 4530 hanc

1931 1898 2150 1943 ventosa
2182 1895 2290 1953 est,
2320 1887 2424 1953 ﬁli;
2456 1896 2510 1942 et
2540 1888 2659 1942 ideo
2685 1888 2827 1957 quod
2873 1903 3009 1941 nunc
3040 1887 3205 1957 juheo
3240 1886 3373 1953 ﬁeri,
3411 1902 3508 1956 pro

1932 1992 2020 2037 tua
2049 1983 2219 2051 salute
2248 1996 2309 2035 ac
2336 1997 2452 2036 mea
2483 1982 2667 2051 requie
2688 1981 2931 2036 habetur.
2967 1981 3139 2035 Hodie
3166 1995 3395 2049 namque
3418 1982 3512 2035 de-

1932 2088 2048 2128 cem
2069 2083 2122 2128 et
2148 2082 2351 2140 septem
2379 2087 2547 2126 annos
2572 2087 2663 2141 per
2684 2073 2916 2127 divinam
2942 2073 3169 2142 gratiam
3202 2088 3393 2126 munus
3418 2087 3510 2126 ca.

1932 2175 2072 2221 Stum
2104 2164 2604 2233 immaculatumque
2634 2174 2687 2219 te
2716 2164 2958 2227 servavi,
2990 2174 3043 2219 et
3084 2163 3241 2219 modo
3268 2164 3346 2217 vis
3376 2172 3428 2217 ut
3461 2165 3521 2218 iu

1934 2267 2128 2327 puncto
2156 2256 2310 2311 unius
2340 2256 2485 2311 hora:
2514 2264 2780 2311 tantorum
2808 2271 3073 2309 annorum
3121 2255 3359 2311 laborem
3395 2270 3514 2323 per-

1934 2351 2095 2405 dam?
2124 2350 2237 2405 Nou
2269 2350 2361 2403 ita.
2388 2350 2537 2416 Quod
2564 2352 2707 2404 enim
2736 2351 2892 2418 cupio
2924 2348 3122 2416 facere,
3162 2348 3232 2402 mi
3262 2348 3365 2414 ﬁli,
3417 2364 3513 2417 per

1936 2441 2334 2510 inspirationem
2381 2440 2611 2510 Spiritus
2641 2441 2807 2493 sancti
2841 2440 2997 2494 iacio.
3047 2440 3136 2495 Sic
3167 2441 3307 2493 enim
3351 2441 3543 2494 Abra-‘

1940 2535 2059 2586 ham
2088 2532 2139 2587 in
2174 2531 2538 2587 holocaustum
2588 2532 2733 2586 Isaac
2764 2533 2928 2586 ﬁlium
2960 2531 3184 2597 obtulit;
3216 2531 3406 2602 Jephte
3454 2538 3515 2585 li-

1936 2626 2062 2680 liam
2096 2625 2321 2680 Domino
2350 2625 2403 2680 in
2431 2624 2750 2679 sacrificium
2782 2624 3061 2688 exhibuit;
3090 2624 3279 2679 Petrus
3302 2642 3510 2695 quoque

1938 2717 2265 2787 Stephanum
2292 2726 2415 2773 ante
2436 2732 2501 2773 se,
2523 2717 2575 2771 in
2607 2716 2915 2771 coelestibus
2940 2717 3214 2786 praemisit.
3244 2715 3307 2770 Et
3335 2733 3516 2788 quam-

1939 2809 2021 2862 vis
2049 2824 2147 2878 ego
2182 2824 2287 2862 non
2316 2809 2515 2877 possim
2546 2820 2668 2863 esse
2696 2807 3001 2861 incredulus
3032 2805 3099 2862 de
3125 2806 3361 2861 bonitate
3395 2807 3518 2869 Dei.

1940 2914 2005 2954 eo
2035 2900 2173 2966 quod
2206 2909 2380 2965 potest
2410 2909 2461 2956 te
2486 2911 2539 2956 et
2565 2902 2682 2955 sine
2711 2916 2827 2956 mea
2861 2902 3143 2972 praesentia
3174 2902 3225 2956 in
3271 2904 3519 2957 omnibus

1942 3008 2285 3057 conservare,
2331 2996 2473 3049 sicut
2515 3003 2570 3049 et
2608 3009 2776 3065 usque
2806 2996 2859 3049 in
2905 2995 3217 3050 hodiernam
3249 2995 3387 3051 diem
3430 3012 3523 3049 cu-

1950 3086 2163 3139 stodivit
2212 3086 2644 3151 immaculatum;
2692 3097 2864 3141 tamen
2915 3102 3205 3158 agnoscere
3248 3088 3430 3154 debes,
3461 3103 3528 3143 eo

1866 3167 1912 3229 C
1944 3179 2084 3248 quod
2130 3180 2298 3234 bonus
2336 3190 2515 3252 pastor
2546 3197 2757 3253 semper
2788 3197 2883 3251 pro
2914 3185 3099 3238 ovibus
3130 3185 3241 3238 suis
3288 3184 3522 3238 animant

1944 3275 2090 3341 ponit
2115 3271 2291 3344 (Joan.
2324 3277 2405 3342 ι).
2443 3275 2582 3345 Ergo
2609 3275 2748 3343 quod
2774 3273 2937 3342 facio,
2979 3292 3075 3345 pro
3096 3292 3181 3330 me
3210 3284 3264 3331 et
3291 3286 3341 3330 te
3363 3276 3525 3337 facio,

1942 3367 2036 3419 ﬁli.
2080 3365 2196 3420 Noli
2228 3367 2386 3437 igitur
2428 3367 2621 3421 amodo
2671 3368 2738 3422 de
2786 3384 2902 3423 mea
2948 3371 3205 3424 societate
3255 3368 3523 3424 dubitare.

1940 3457 2110 3513 Credo
2140 3458 2281 3511 enim
2311 3459 2449 3527 quod
2478 3458 2589 3525 jam
2618 3465 2837 3512 sanctus
2861 3458 3083 3513 Michael
3121 3473 3242 3513 cum
3286 3460 3524 3527 angelis,

1906 3543 1915 3553 ’
1940 3558 1995 3603 et
2026 3550 2153 3603 Abel
2176 3565 2294 3603 cum
2320 3549 2614 3618 prephetis.
2644 3550 2832 3603 Petrus
2856 3566 3067 3620 quoque
3093 3566 3213 3605 cum
3241 3550 3523 3618 apostolis,

1943 3641 2243 3711 Stephanus
2268 3657 2387 3696 cum
2430 3644 2775 3713 martyribus,
2813 3643 2992 3696 Daniel
3040 3659 3162 3697 cum
3195 3644 3525 3697 confessori.

1942 3734 2061 3800 bus,
2104 3732 2156 3786 in
2187 3747 2471 3786 occursum
2520 3732 2615 3786 tibi
2646 3723 3142 3801 venerint,ﬁli,qui
3193 3743 3246 3788 te
3298 3748 3441 3787 nunc
3472 3734 3525 3785 iu

1943 3827 2052 3882 suis
2080 3825 2298 3895 gremiis
2324 3825 2642 3891 suscipiant,
2682 3834 2735 3881 et
2765 3840 2931 3895 usque
2960 3824 3027 3879 ad
3054 3825 3301 3881 thronum
3327 3826 3528 3881 Christi

1943 3918 2232 3974 Salvatoris
2262 3919 2427 3971 nostri
2468 3932 2588 3972 cum
2638 3918 2848 3988 hymnis
2876 3927 2930 3973 et
2973 3918 3196 3975 canticis
3235 3919 3527 3986 spirituali-

1946 4009 2044 4063 bus
2068 4008 2379 4078 perducant.
2414 4010 2538 4063 Haec
2568 4018 2620 4063 et
2651 4010 2839 4064 horum
2869 4011 3125 4080 ampliora
3155 4013 3375 4068 audiens
3405 4013 3527 4066 bea-

1946 4102 2183 4155 tissimus
2223 4101 2442 4164 Astion,
2495 4103 2802 4173 respondit,
2855 4103 3039 4158 dicens
3073 4122 3085 4159 :
3118 4105 3239 4160 Fiat
3283 4107 3529 4161 voluntas

1948 4193 2042 4247 Dei
2073 4205 2125 4247 et
2157 4203 2267 4257 tua,
2314 4210 2347 4248 o
2374 4194 2624 4250 sacerdos
2669 4196 2792 4262 Dei,
2824 4212 2885 4251 ac
2912 4198 3215 4253 venerande
3246 4212 3416 4270 pater.
3466 4201 3530 4255 Et

1950 4285 2146 4340 faciens
2168 4289 2500 4354 signaculum
2546 4291 2723 4344 crucis
2752 4291 2803 4344 iu
2839 4291 3012 4345 fronte
3040 4306 3156 4356 sua,
3190 4293 3367 4349 taliter
3406 4309 3530 4349 ora-

1947 4381 2019 4433 vit
2048 4381 2113 4433 ad
2167 4382 2473 4444 Dominum,
2507 4382 2691 4437 dicens
2718 4401 2729 4436 :
2762 4383 3023 4450 Quoniam
3085 4396 3141 4440 tu
3171 4400 3230 4440 es
3261 4398 3530 4455 protector

1949 4488 2120 4539 meus,
2153 4472 2399 4537 Domine,
2432 4475 2486 4527 in
2531 4488 2721 4528 manus
2759 4484 2876 4530 tuas
2914 4478 3235 4531 commendo
3281 4480 3525 4546 spiritum

274 4540 461 4621 horam
508 4567 799 4621 secundum
834 4580 972 4621 tuam
1006 4540 1328 4623 voluntatem
1355 4540 1471 4623 -nos
1514 4540 1725 4633 semper
1751 4586 1841 4637 gu-
1878 4540 1924 4599 θ
1953 4562 2311 4635 tneum(Psal.
2338 4564 2487 4632 xu).
2510 4565 2576 4620 Et
2601 4565 2715 4620 haec
2731 4566 2935 4631 dicens,
2956 4569 3135 4622 statim
3157 4583 3189 4621 a
3208 4540 3530 4636 spieulatore

274 4661 534 4714 licrnasti.
568 4661 900 4726 Quaesumus,
935 4661 1181 4727 Domine,
1211 4671 1267 4714 ut
1286 4661 1518 4725 digneris
1546 4661 1699 4714 nobis
1722 4677 1844 4715 san-

273 4763 386 4807 ctos
411 4763 533 4807 tuos
561 4753 777 4820 angelos
803 4752 1284 4817 transmittere,qui
1314 4769 1408 4804 nos
1433 4754 1657 4806 lihereut
1677 4764 1730 4806 et
1753 4753 1847 4807 de-

281 4845 499 4897 iendant
526 4844 593 4897 ab
623 4844 1046 4897 adversariorum
1081 4852 1361 4907 potestate,
1390 4852 1444 4897 et
1491 4843 1718 4896 victores
1750 4858 1847 4895 nos

276 4951 338 4987 ac
372 4936 786 5003 triumphatores
819 4950 910 5001 per
942 4943 1083 4987 tuam
1117 4934 1335 5000 gratiam
1389 4949 1553 5002 usque
1600 4934 1665 4986 ad
1698 4934 1847 4987 thro-

276 5044 402 5079 num
456 5038 559 5079 tua:
608 5026 904 5095 maiestatis
958 5018 1268 5092 perducant.
1296 5025 1397 5077 Sed
1439 5034 1491 5077 et
1524 5025 1667 5077 viros
1696 5024 1851 5092 hujus

278 5121 517 5187 regionis
546 5135 642 5172 seu
663 5118 891 5172 civitatis
920 5132 1174 5171 conserva
1204 5115 1255 5168 in
1282 5116 1470 5169 timore
1494 5124 1606 5178 tuo,
1637 5125 1853 5183 protcge

278 5210 334 5264 in
358 5210 725 5263 misericordia
748 5216 861 5273 tua,
893 5206 1099 5263 cuStodi
1131 5208 1180 5259 in
1211 5207 1445 5259 bonitate
1475 5216 1583 5268 tua,
1616 5210 1853 5273 guberna

284 5304 581 5357 secundum
606 5304 931 5357 voluntatem
965 5312 1107 5355 tuam
1142 5316 1155 5352 :
1190 5300 1412 5353 benedic
1435 5300 1640 5368 pusillis
1668 5315 1851 5353 eorum

284 5412 403 5448 cum
439 5395 668 5463 magnis,
696 5405 852 5464 atque
886 5410 979 5463 pro
1012 5395 1212 5447 honore
1264 5407 1419 5459 quem
1451 5392 1606 5446 nobis
1642 5407 1855 5460 propior

284 5502 479 5542 nomen
510 5498 750 5542 sanctum
803 5498 950 5541 tuum
988 5486 1364 5551 exhibuerunt,
1424 5495 1747 5553 reprtesenta
1777 5487 1856 5540 eis

286 5581 591 5635 merredem
626 5580 675 5633 in
707 5580 1033 5635 beatitudine
1054 5580 1399 5647 sempiterna.
1428 5578 1622 5632 Trihue
1644 5593 1858 5648 quoque

286 5672 443 5727 nobis
471 5672 743 5737 ﬁduciam,
784 5682 837 5724 ut
864 5671 1280 5740 quotiescunque
1308 5671 1539 5724 divinant
1574 5683 1711 5723 tuam
1742 5688 1855 5725 ma-

282 5763 968 5831 jestatemesoraverimus,
1000 5763 1293 5832 adimpleas
1336 5766 1618 5831 petitiones
1649 5775 1857 5821 nostras

1952 4668 2113 4726 caput
2139 4657 2256 4728 ejus
2282 4668 2605 4726 amputatur.
2636 4659 2748 4713 Hoc
2780 4674 2901 4715 cum
2932 4660 3125 4715 factum
3159 4662 3369 4728 fuisset,
3413 4676 3531 4715 cer-

1956 4766 2087 4805 nens
2111 4758 2327 4805 sanctus
2356 4749 2658 4820 Epictetus,
2687 4752 2832 4807 dedit
2852 4754 3077 4823 gloriam
3124 4753 3252 4807 Deo.
3281 4754 3347 4806 Et
3378 4752 3533 4823 proji-

1955 4847 2101 4901 ciens
2151 4860 2209 4899 se
2256 4859 2415 4913 super
2464 4846 2841 4914 corpusculum
2889 4847 3037 4916 ejus,
3082 4862 3272 4916 rogare
3314 4848 3537 4914 cmpita

1958 4937 2294 4992 carniﬁcibus
2327 4945 2384 4989 ut
2429 4936 2699 5013 quomodo
2722 4935 2927 5013 jaceret
2956 4952 3117 5003 super
3143 4937 3372 4991 cadaver
3411 4952 3535 4990 san-

1959 5028 2029 5081 cti
2052 5028 2322 5097 martyris,
2344 5025 2423 5082 sic
2448 5035 2502 5079 et
2532 5010 2703 5093 ipsum
2730 5010 3093 5095 percuterent.
3122 5027 3274 5092 Quod
3296 5043 3416 5083 cum
3448 5044 3537 5084 cra

1960 5120 2156 5186 pletutn
2186 5117 2391 5182 fuisset,
2425 5118 2692 5172 intuentes
2723 5102 2953 5172 universi
2985 5119 3075 5187 qui
3116 5123 3339 5174 aderant
3375 5120 3537 5174 Chri-

1960 5211 2115 5263 stiani
2151 5207 2345 5278 pariter
2374 5224 2435 5262 ac
2458 5209 2711 5277 gentiles,
2732 5209 2798 5264 de
2824 5209 2962 5265 bono
2984 5212 3238 5281 magiSIro
3266 5211 3539 5283 Epicteto,

1961 5319 2021 5354 ac
2042 5305 2107 5355 de
2140 5303 2365 5370 perlecta
2395 5300 2637 5368 discipuli
2667 5301 2993 5369 obcdientia,
3018 5320 3139 5357 cum
3162 5306 3412 5376 lacrymis
3428 5305 3540 5361 Deo

1964 5394 2160 5463 gratias
2190 5394 2507 5447 retulerunt.

2036 5490 2164 5543 Cap.
2183 5487 2296 5541 XX.
2312 5515 2379 5527 -—
2398 5485 2598 5539 Etdum
2624 5486 2700 5540 illi
2720 5487 2907 5542 darent
2933 5489 3040 5544 Deo
3054 5491 3277 5559 gloriam
3291 5502 3342 5544 et
3364 5491 3537 5543 hono-

1966 5596 2078 5635 rem
2105 5621 2119 5643 ,
2148 5596 2273 5633 ecce
2317 5579 2493 5632 subito
2544 5595 2771 5648 corpora
2817 5592 3125 5637 sanctorum
3168 5594 3456 5652 martyrum
3491 5583 3540 5635 in

1969 5674 2182 5727 modum
2214 5671 2349 5723 nivis
2374 5670 2485 5722 visa
2506 5673 2872 5727 suntcandida
2896 5691 2910 5739 ;
2938 5684 3096 5742 atque
3128 5691 3235 5744 [πω
3264 5676 3372 5727 nitu
3401 5680 3542 5723 etate

1967 5762 2284 5834 splendoris,
2318 5761 2625 5836 quasisolis
2665 5767 2797 5820 radii
2826 5782 2946 5822 esse
2970 5768 3301 5819 videbantur.
3344 5763 3543 5816 (lintres
