4010 6232
429 322 533 378 607

1449 315 1536 370 DE
1576 314 1751 389 Vl'l‘lS
1790 309 2074 367 PATRUM
2119 313 2315 368 LIBER
2360 312 2637 373 PRIMUS.

3568 314 3674 374 408

421 438 508 508 qui
536 452 564 490 a
590 449 908 506 quacunque
932 434 1240 490 infirmitate
1271 437 1471 491 detenti
1500 451 1618 491 esse
1644 435 1986 498 videbantur,
2021 435 2066 490 Α
2094 432 2211 499 eius
2232 433 2478 491 dicebat:
2515 435 2625 504 Ego
2651 433 2696 489 si
2722 433 2866 488 illum
2895 448 2989 503 per
3022 442 3094 501 te,
3125 448 3159 490 ο
3181 433 3414 506 juvenis,
3457 448 3674 493 merear

416 532 597 585 statim
629 539 686 582 ut
710 530 968 583 cadavera
996 529 1232 599 ipsorum
1257 546 1319 583 ex
1347 530 1449 583 flde
1478 528 1876 597 contingebant,
1902 542 1999 580 seu

417 640 541 679 cum
576 624 916 677 veneratione
946 621 1414 683 deosculabantur,
1449 620 1701 674 continuo
1748 621 1999 673 universa

420 717 662 771 anxietas
688 731 783 770 seu
815 715 966 770 dolor
988 714 1054 769 ab
1080 715 1158 768 eis
1191 712 1489 782 fugabatur.
1520 712 1673 767 Circa
1706 714 1834 766 solis
1868 727 2001 767 vero

422 814 669 863 occasum
700 807 916 861 veniens
952 794 1259 874 Vigilantius
1287 818 1405 858 cum
1434 805 1579 857 omni
1609 803 1768 858 domo
1812 819 1904 857 sna
1946 811 2003 857 et

422 916 545 954 cum
578 901 695 953 aliis
724 897 1065 960 Christianis,
1099 897 1308 951 occulte
1364 895 1484 948 tulit
1534 910 1757 963 corpora
1789 904 2002 948 saneto-

427 1007 542 1046 rum
569 1002 888 1060 martyrum:
923 1000 976 1045 et
996 988 1319 1058 perfundens
1346 1002 1407 1042 ea
1430 987 1645 1058 myrrha
1668 997 1721 1042 et
1750 988 2003 1041 aromati-

436 1084 532 1136 bns
561 1082 980 1152 pretiosissimis,
1012 1082 1065 1135 in
1094 1081 1212 1135 loco
1238 1096 1472 1151 congruo
1501 1089 1552 1135 et
1582 1081 1855 1150 aptissimo
1878 1096 2002 1134 cum

440 1176 648 1247 hymnis
678 1184 731 1229 et
761 1174 1008 1244 psalmis,
1051 1182 1105 1227 et
1132 1188 1252 1226 cum
1286 1188 1474 1241 magna
1503 1171 1788 1227 devotione
1808 1172 2004 1236 sepeli-

426 1271 523 1323 vit.
552 1268 608 1322 In
639 1283 745 1336 quo
776 1267 894 1321 loco
929 1267 1093 1321 multa
1125 1266 1273 1335 signa
1304 1276 1357 1320 et
1411 1268 1646 1334 prodigia
1691 1266 1756 1318 ad
1793 1264 2001 1319 laudem

431 1363 661 1416 nominis
691 1360 888 1415 Christi
913 1374 1081 1429 usque
1112 1360 1162 1412 in
1210 1368 1529 1429 praesentem
1555 1359 1695 1413 diem
1726 1358 2003 1413 celebran-

431 1464 534 1509 tur.
565 1453 918 1508 Latronianus
946 1467 1074 1517 vero
1103 1451 1515 1518 superveniente
1555 1460 1710 1505 nocte
1738 1450 2005 1505 invaditur

426 1534 457 1597 a
490 1545 722 1614 pessimo
749 1542 1011 1606 daemone,
1045 1550 1098 1595 et
1127 1555 1352 1611 surgens
1383 1541 1556 1610 primo
1595 1541 1832 1596 diluculo
1858 1542 2006 1596 venit

430 1638 482 1689 in
507 1634 833 1702 praetorium,
865 1642 1025 1703 atque
1047 1632 1115 1687 ibi
1144 1632 1345 1700 positus
1375 1634 1538 1701 etrapit
1571 1635 1792 1701 plnrnna
1818 1647 2005 1686 amen-

428 1728 518 1781 tize
543 1726 821 1795 inaniaque
844 1724 1009 1778 verba
1035 1723 1273 1791 proferre
1296 1741 1311 1790 ;
1338 1723 1532 1780 deinde
1564 1736 1776 1794 arrepto
1805 1724 1999 1795 gladio,

2106 525 2261 580 hodie
2306 527 2510 588 videre.
2550 526 2857 581 indumenta
2882 544 3014 582 auro
3059 537 3200 584 texta
3249 539 3300 583 te
3345 522 3674 599 adopériam,

2102 627 2259 681 atque
2305 618 2585 672 dimidium
2618 620 2874 673 honorum
2921 637 3161 675 meorum
3192 621 3289 675 tibi
3338 622 3669 679 condonabo.

2102 711 2180 764 Ad
2214 713 2325 765 hac
2357 711 2671 781 Vigilantins
2699 712 2970 781 respondit
2997 731 3010 766 :
3038 715 3129 769 Ille
3155 728 3280 769 ante
3304 715 3535 769 triduum
3559 719 3673 775 hinc

2102 819 2369 873 egressus,
2400 805 2451 859 in
2480 807 2750 871 regionem
2793 810 3083 862 ambulavit
3107 810 3477 879 longinquam,
3524 822 3678 880 atque

2102 896 2374 950 dimidium
2406 898 2715 952 substantiae
2765 913 2875 953 sua:
2914 912 3015 953 una
3047 916 3166 955 cum
3206 901 3367 954 domo
3399 902 3525 955 mihi
3557 917 3681 959 cum

2102 988 2328 1057 quadam
2376 989 2616 1043 chartula
2666 993 3086 1056 commendavit,
3118 992 3347 1047 dicens:
3401 994 3456 1049 Si
3489 995 3682 1061 aliquis

2102 1082 2333 1143 venerit,
2367 1080 2558 1136 missus
2587 1096 2614 1134 a
2641 1092 2793 1149 patre
2822 1097 2942 1137 meo
2970 1085 3035 1138 ad
3065 1086 3411 1153 quaerendum
3445 1101 3551 1150 me,
3596 1085 3686 1141 in-

2105 1171 2293 1225 troduc
2320 1187 2441 1225 eum
2475 1172 2527 1225 itt
2558 1172 2691 1226 hanc
2716 1172 3090 1228 domunculam
3116 1190 3310 1239 meam,
3333 1185 3385 1229 et
3407 1176 3572 1230 dicito
3589 1178 3639 1231 ei
3668 1194 3685 1231 :

2105 1262 2229 1315 llaec
2250 1262 2381 1315 dicit
2412 1262 2597 1316 Astiun
2630 1264 2920 1319 monachus
2947 1283 2960 1319 :
2992 1265 3206 1319 Sustine
3250 1282 3334 1320 me
3363 1267 3446 1321 hic
3476 1267 3684 1334 quoad-

2107 1366 2274 1421 usque
2318 1352 2532 1408 redeam
2564 1355 2628 1408 ad
2661 1363 2714 1409 te
2740 1370 2859 1411 cum
2895 1358 3085 1411 salute.
3121 1358 3273 1423 Quod
3303 1370 3357 1412 et
3386 1359 3427 1411 si
3451 1358 3687 1414 vulneris

2108 1445 2278 1499 lucres
2310 1456 2440 1501 mea:
2461 1447 2770 1502 substantirc
2798 1463 2938 1509 esse,
2967 1450 3153 1504 festina
3179 1452 3425 1506 universa
3453 1452 3537 1505 illa
3564 1466 3688 1521 quae

2108 1537 2159 1590 in
2192 1538 2291 1592 hoc
2322 1538 2455 1593 libro
2482 1551 2676 1607 scripta
2707 1551 2832 1595 sunt
2875 1543 3188 1610 adimplere,
3222 1552 3277 1596 ct
3321 1553 3436 1597 esto
3462 1544 3689 1599 feliciter

2107 1628 2235 1682 nihil
2265 1629 2532 1685 dubitans.
2568 1631 2630 1686 Et
2659 1644 2833 1688 mater
2866 1650 2880 1687 :
2910 1635 3039 1700 Qua:
3081 1632 3295 1696 dicitur,
3326 1634 3513 1703 ittqttit,
3541 1635 3689 1706 regio

2108 1721 2214 1782 illa,
2238 1738 2343 1788 quo
2367 1725 2599 1790 porrexit
2628 1724 2968 1796 dulcissnnus
3000 1740 3150 1780 meus
3168 1737 3221 1781 ct
3252 1726 3436 1781 unicus
3458 1727 3688 1789 Astion?

429 1819 640 1888 priores
664 1832 903 1888 quosque
928 1816 994 1871 de
1022 1816 1205 1871 ofﬁcio
1234 1831 1331 1871 suo
1362 1818 1567 1887 insequi
1596 1828 1651 1872 et
1679 1819 1997 1879 vulnerare;
2035 1813 2080 1873 Β
2110 1814 2418 1883 \‘igtlatuius
2460 1817 2732 1885 rcspomlit
2760 1833 2773 1870 :
2810 1817 2973 1886 [legio
3021 1817 3380 1881 robusmrum,
3433 1833 3526 1875 seu
3576 1820 3692 1873 fur-

430 1924 593 1977 super
621 1909 755 1963 alios
785 1925 912 1961 veru
938 1916 997 1961 ut
1019 1907 1167 1962 canis
1191 1908 1403 1963 rabidus
1436 1912 1639 1964 iusdtre
1659 1952 1673 1971 ,
1703 1922 1859 1974 atque
1882 1910 2007 1962 alio-

430 2017 546 2056 rum
592 2000 895 2055 indumenta
925 1999 1213 2063 dilanians,
1258 1998 1361 2055 huc
1410 2005 1637 2068 tttucque
1684 2001 2002 2056 discmrerc.

430 2092 543 2147 Hoc
581 2092 652 2145 illi
686 2093 954 2146 in'uentes
981 2099 1037 2144 et
1075 2090 1341 2153 videntes,
1377 2107 1500 2158 quia
1542 2106 1729 2147 amens
1757 2103 1806 2148 et
1854 2094 2007 2146 insa-

431 2199 532 2239 nus
560 2186 846 2250 exstiterit,
875 2186 1238 2256 despoliantes
1270 2192 1441 2249 illum.
1474 2203 1661 2259 pugnis
1682 2203 1742 2259 ac
1772 2189 2006 2245 verberi-

428 2278 530 2333 bus
556 2288 789 2335 mactare
819 2279 1025 2335 fortiter
1046 2294 1346 2351 creperum.
1376 2298 1436 2338 ac
1468 2284 1661 2337 deinde
1693 2285 1869 2353 ligatis
1891 2285 2008 2351 eius

427 2373 675 2426 manibus
699 2387 761 2427 ac
790 2372 1011 2442 pedibus
1043 2373 1094 2427 in
1128 2378 1445 2445 parvissmto
1468 2375 1740 2429 domicilio
1767 2390 2003 2445 proiece-

426 2474 572 2520 runt.
606 2466 703 2533 Qui
732 2475 853 2535 post
893 2466 1109 2520 biduum
1139 2467 1428 2523 suffocatus
1458 2482 1486 2521 a
1511 2469 1775 2530 daemone.
1804 2469 2007 2523 violen-

429 2566 513 2612 ter
538 2557 780 2625 spiritum
809 2557 1095 2611 exhalavit.

503 2650 631 2703 Car.
682 2647 823 2703 XXI.
874 2678 945 2688 —
992 2648 1156 2718 Igitur
1203 2664 1322 2704 cuni
1366 2650 1484 2705 dies
1532 2651 1683 2705 tertia
1738 2652 2006 2720 passionis

430 2748 741 2795 sanctorum
770 2752 1064 2812 martyrum
1090 2742 1367 2804 illuxisset,
1397 2755 1449 2798 et
1484 2742 1800 2814 Vtgilantius
1826 2744 1888 2796 ad
1919 2758 2003 2799 se-

432 2832 673 2901 pulcrum
720 2832 908 2887 eorum
940 2834 1204 2890 orationis
1249 2836 1419 2905 gratia
1463 2836 1788 2901 devcnissct,
1830 2838 2006 2892 subito

429 2923 677 2993 apparuit
695 2924 745 2978 ei
778 2925 961 2979 beatus
1004 2926 1208 2990 Astion,
1242 2938 1291 2979 et
1331 2927 1459 2981 dicit
1491 2928 1556 2981 ad
1585 2945 1705 2981 eum
1738 2946 1750 2980 :
1783 2928 2005 2983 Genito-

432 3028 519 3065 res
563 3014 668 3067 mei
710 3012 777 3066 ad
817 3016 1163 3083 quaerendum
1198 3032 1281 3069 me
1310 3017 1377 3072 de
1422 3020 1586 3084 patria
1620 3030 1799 3072 nostra
1850 3018 2007 3073 hodie

432 3104 538 3159 huc
580 3114 703 3158 sunt
749 3106 980 3160 venturi.
1016 3104 1165 3175 Rogo
1196 3108 1353 3177 igitur
1385 3119 1454 3167 te.
1482 3110 1646 3165 lratcr
1671 3111 2002 3174 charissime,

2110 1908 2237 1961 tintn
2284 1908 2541 1964 virorum.
2575 1909 2640 1962 Et
2671 1919 2839 1964 mater
2872 1927 2885 1963 :
2919 1910 3054 1964 Sunt
3103 1910 3263 1977 aliqui
3294 1911 3535 1965 homines
3582 1909 3693 1965 ibi-

2106 1998 2228 2053 dem
2258 2001 2695 2056 commanentes?
2728 2001 3042 2072 \‘igilantins
3070 2002 3341 2067 respondit
3368 2020 3381 2056 :
3416 2001 3600 2056 l‘lures
3626 2011 3693 2056 et

2107 2090 2260 2145 valde
2304 2091 2508 2147 nobiles
2536 2093 2820 2157 habentur.
2853 2109 3078 2163 quorum
3113 2094 3378 2164 possessio
3408 2094 3692 2159 paradisus

2106 2183 2339 2247 dicitur;
2386 2200 2609 2250 quorum
2656 2187 2998 2240 tabernacula
3051 2202 3113 2241 ex
3149 2188 3348 2241 lumine
3392 2197 3514 2240 sunt
3551 2201 3693 2240 cun-

2106 2287 2339 2336 structa;
2388 2293 2612 2344 quorttm
2643 2279 2748 2332 vita
2786 2278 2922 2333 lleus
2966 2291 3070 2341 est,
3103 2288 3159 2335 et
3204 2280 3541 2334 conversatio
3588 2279 3694 2331 itu-

2108 2368 2348 2422 mortalis
2393 2369 2609 2431 existit,
2657 2384 2881 2437 quorum
2913 2382 3088 2426 vestes
3141 2372 3398 2440 sanguine
3438 2370 3567 2424 Bunt
3598 2387 3693 2425 rc-

2108 2473 2308 2527 spersa:
2327 2503 2340 2518 .
2374 2471 2427 2515 et
2456 2462 2505 2514 in
2536 2461 2711 2529 capite
2737 2477 2950 2517 corona:
2979 2480 3043 2518 ex
3088 2478 3220 2517 auro
3248 2463 3534 2533 puris~itno
3564 2479 3693 2518 cunt

2108 2563 2333 2615 gemmis
2355 2551 2517 2604 variis
2540 2549 2809 2605 fabricata:
2833 2552 3114 2608 habentur.
3132 2552 3235 2608 Sed
3258 2565 3309 2607 et
3331 2554 3439 2606 llr:
3466 2554 3690 2607 nimium

2110 2641 2507 2708 potentissimus
2534 2658 2597 2698 ac
2643 2646 2960 2699 metuendus
3005 2655 3089 2701 est
3127 2646 3179 2700 in
3212 2646 3400 2701 eadem
3430 2646 3647 2713 regione
3668 2686 3688 2709 ,

2106 2736 2259 2804 cujus
2276 2751 2466 2790 nomen
2485 2736 2621 2791 Deus
2636 2735 2855 2791 deorum
2874 2748 2927 2791 et
2941 2738 3191 2791 Dominus
3207 2738 3589 2791 dominanttmn
3603 2752 3693 2804 ap-

2111 2826 2365 2892 pellatur:
2386 2826 2539 2894 cujus
2559 2826 2724 2880 nuntii
2744 2828 2918 2895 angeli
2936 2827 3185 2881 dicuntur
3200 2826 3442 2896 justitisc,
3461 2843 3691 2895 quorum

2108 2916 2382 2970 vestisuna
2398 2927 2477 2969 est
2492 2916 2756 2978 omnibus,
2776 2930 2829 2971 ct
2847 2928 3020 2971 tactus
3032 2934 3217 2972 eorum
3238 2919 3342 2988 igni
3363 2921 3692 2973 assimilatur

2110 3006 2304 3059 urenti.
2336 3006 2440 3059 Sed
2468 3016 2522 3061 et
2552 3018 2770 3062 senatus
2815 3008 2972 3077 huius
3028 3008 3361 3077 imperatoris
3392 3010 3543 3064 valde
3582 3012 3693 3064 cla-

2110 3112 2201 3151 rus
2233 3096 2486 3159 habetur;
2531 3108 2586 3153 ct
2627 3099 2799 3153 media
2831 3115 2955 3163 pars
3002 3101 3275 3169 prupltette
3317 3112 3689 3167 nuncupatur,

429 3195 622 3250 {egone
653 3196 977 3251 descendere
1018 3197 1083 3251 ad
1118 3210 1350 3267 ροηιηη,
1382 3210 1435 3256 ei
1464 3202 1675 3271 suscipe
1708 3218 1801 3257 eos
1831 3205 1882 3257 in
1911 3206 2002 3257 (ιο.
2035 3180 2087 3245 C
2116 3189 2204 3242 alii
2236 3204 2363 3243 vero
2389 3189 2610 3258 apostoli
2641 3190 3072 3259 pronuntiantur.
3102 3191 3206 3246 Sed
3236 3200 3291 3246 et
3319 3191 3508 3245 civitas
3533 3192 3692 3245 istius

434 3305 577 3344 mum
612 3300 775 3357 tuam,
803 3303 963 3357 atque
995 3311 1088 3362 per
1114 3296 1291 3350 omnia
1324 3297 1603 3352 consolare
1632 3313 1839 3361 eos,co
1868 3300 2006 3368 quod

434 3395 650 3452 propter
676 3402 760 3440 me
790 3387 961 3441 valida
987 3399 1112 3443 sunt
1154 3389 1367 3444 tristitia
1420 3393 1706 3455 macerati;
1739 3392 1833 3446 sed
1863 3402 1916 3445 et
1958 3394 2011 3448 in

437 3484 708 3543 postremo
738 3478 804 3533 de
834 3478 1123 3535 Salvatoris
1150 3481 1318 3536 nostri
1348 3480 1448 3536 fide
1473 3493 1631 3551 atque
1650 3482 1880 3538 diversis
1900 3496 2032 3547 ma-,

432 3566 678 3635 gnalibus
708 3567 871 3623 facias
892 3585 985 3625 eos
1013 3587 1253 3628 monere.
1289 3575 1409 3628 ΙΙωο
1436 3586 1490 3629 et
1522 3578 1667 3641 plura
1698 3576 1886 3631 horum
1917 3591 2011 3631 au-

430 3657 589 3714 diens
618 3659 958 3731 Vigilantius,
985 3662 1133 3718 dedit
1157 3666 1380 3734 gloriam
1406 3666 1533 3732 Deo,
1582 3677 1636 3722 et
1678 3670 1858 3724 statim
1889 3685 2009 3724 cum

437 3749 781 3806 festinatione
808 3750 877 3805 ad
906 3754 1121 3807 ﬂuvium
1153 3754 1446 3810 descendit.
1479 3760 1544 3811 Et
1576 3776 1720 3825 ecce,
1747 3760 1887 3815 circa
1917 3763 2013 3816 ho-

435 3856 549 3895 ram
590 3844 798 3898 tertiam
824 3846 996 3901 cernit
1036 3846 1335 3902 naviculam
1386 3865 1603 3918 parvam
1637 3852 1816 3907 subito
1842 3853 2012 3921 appli-

429 3936 611 3989 coisse
657 3937 722 3988 ad
768 3946 999 4004 portum.
1030 3938 1267 4005 Cumque
1293 3943 1490 4008 egressi
1523 3942 1589 3996 de
1636 3944 1754 3997 navi
1786 3945 2013 4012 epibatte

435 4026 554 4089 (l0)
580 4025 819 4085 fuissent.
852 4041 1133 4094 cmperttnt
1158 4047 1187 4084 a
1210 4036 1682 4089 circumstantibus
1710 4038 1905 4090 ibidem
1935 4038 2010 4091 vi-

438 4119 515 4177 ris
539 4118 766 4175 sollicite
820 4122 1111 4191 inquirere,
1162 4126 1204 4175 si
1250 4125 1443 4193 aliquis
1492 4142 1677 4180 eorum
1728 4129 2012 4195 aliquando

432 4210 671 4263 audisset
701 4210 917 4271 ibidem.
943 4222 1033 4266 aut
1062 4212 1284 4270 vidisset
1302 4215 1575 4283 juvenem.
1607 4218 1793 4273 Astion
1818 4234 2011 4275 nomen

437 4304 743 4359 habentem.
776 4306 1014 4375 Cumque
1056 4307 1205 4362 multi
1239 4310 1401 4361 multa
1430 4311 1496 4363 de
1523 4325 1589 4364 eo
1626 4311 1884 4375 dicerent,
1924 4314 2014 4367 Vi-

437 4397 689 4465 gilantius
717 4398 1048 4464 supervenit,
1079 4406 1132 4453 et
1160 4398 1293 4452 dixit
1321 4417 1332 4450 :
1367 4398 1478 4467 Ego
1507 4416 1631 4453 vere
1669 4402 1771 4455 vidi
1796 4411 1852 4456 et
1890 4404 2011 4457 novi

432 4501 581 4542 eum.
613 4487 717 4542 Sed
750 4488 963 4543 interim
994 4491 1172 4545 venite
1203 4491 1255 4544 in
1304 4491 1520 4544 domum
1566 4508 1761 4559 meam,
1783 4504 1837 4548 et
1865 4496 2017 4564 quie-

2116 3280 2276 3351 Regis
2306 3281 2459 3334 valde
2485 3292 2567 3335 est
2611 3282 2897 3353 praeclara,
2930 3298 3231 3353 nomenque
3256 3283 3375 3353 eius
3394 3283 3691 3338 Christico-

2113 3373 2177 3427 lis
2208 3374 2575 3443 pronuntiatur
2598 3374 2751 3445 eujus
2790 3390 2970 3429 murus
2999 3391 3062 3431 ex
3093 3390 3223 3429 auro
3267 3376 3555 3445 purissimo
3605 3385 3693 3430 est

2112 3476 2470 3535 conStruetus,
2502 3466 2702 3524 habens
2732 3478 2911 3538 portas
2939 3467 3217 3523 duodecim
3245 3480 3299 3523 et
3331 3469 3382 3522 in
3415 3469 3544 3537 ipsis
3577 3470 3693 3522 sin-

2114 3558 2251 3627 gula:
2277 3560 2580 3628 dependent
2606 3561 2924 3630 margaritze,
2975 3569 3131 3629 atque
3157 3560 3348 3630 singuli
3376 3576 3442 3615 ex
3469 3568 3694 3615 senato-

2115 3651 2263 3705 ribus
2294 3665 2388 3719 per
2432 3651 2667 3721 singulas
2716 3651 2904 3706 sedent
2933 3652 3295 3707 indesinenter
3322 3654 3506 3722 (Apoc.
3552 3651 3690 3720 ut).

2119 3742 2179 3795 Et
2211 3742 2375 3809 prima
2406 3744 2617 3813 quidem
2649 3751 2801 3813 porta
2832 3743 3026 3797 dicitur
3058 3743 3228 3808 Petri,
3260 3745 3491 3799 secunda
3518 3744 3692 3808 Pauli,

2112 3836 2266 3889 tertia
2297 3834 2543 3898 Andreae,
2574 3843 2761 3901 quarta
2791 3832 3032 3899 Joannis,
3063 3835 3247 3904 quinta
3274 3835 3494 3903 Jacobi,
3540 3817 3726 3893 sexta.

2114 3925 2367 3993 Philippi,
2390 3926 2610 3989 septima
2641 3925 3036 3993 Bartholomazi,
3066 3937 3250 3981 octava
3283 3928 3525 3992 Thalnae,
3553 3944 3695 3984 nona

2117 4012 2372 4077 Mattlttei,
2417 4012 2623 4067 decima
2652 4011 2894 4075 Thadmi,
2949 4013 3226 4069 undecima
3259 4014 3516 4081 Simonis,
3559 4016 3694 4070 duo-

2114 4105 2320 4158 decima
2350 4103 2602 4159 Matthiae.
2627 4104 2732 4160 Sed
2762 4114 2817 4160 et
2837 4106 3092 4174 templum
3118 4107 3396 4161 mirificum
3425 4118 3507 4163 est
3535 4109 3691 4174 inea,

2116 4196 2318 4251 habens
2332 4197 2525 4251 Sancta
2543 4209 2845 4251 sanctorum
2876 4207 2928 4251 et
2957 4197 3126 4252 altare
3138 4213 3355 4253 aureum
3373 4215 3387 4261 ;
3403 4208 3525 4252 ante
3538 4199 3692 4267 cujus

2116 4299 2461 4360 conspectum
2494 4290 2574 4344 vir
2592 4289 2807 4359 quidam
2832 4300 2970 4344 astat
3000 4290 3274 4355 mirificus,
3298 4300 3483 4344 tenens
3499 4291 3685 4345 decem

2115 4383 2433 4437 chordarum
2454 4382 2787 4452 psalterium,
2813 4398 2875 4436 ac
2895 4381 3093 4452 iugiter
3124 4384 3313 4438 ibidem
3335 4382 3583 4447 degentes
3609 4380 3679 4432 ad

2117 4477 2327 4531 laudem
2353 4474 2508 4543 ltegis
2531 4474 2670 4528 illius
2681 4474 3011 4540 cohortatur,
3025 4475 3233 4531 dicens:
3255 4472 3482 4527 Laudato
3498 4471 3679 4524 Domi-

433 4580 568 4634 scite
596 4580 758 4650 220
786 4581 1060 4649 pnsmum’
1106 4596 1173 4637 eo
1202 4585 1341 4646 quod
1373 4584 1528 4639 mide
1569 4584 1768 4656 [δεῖμα
1797 4563 1926 4641 ωας
1958 4588 2011 4642 in
2044 4568 2092 4628 D
2119 4584 2239 4622 num
2263 4569 2329 4622 de
2350 4567 2521 4633 caelis,
2552 4568 2761 4622 laudate
2774 4583 2893 4622 eum
2908 4584 3093 4625 omnes
3108 4568 3268 4639 angeli
3287 4566 3434 4635 eius,
3460 4563 3681 4619 laudate

436 4670 577 4734 navi,
608 4683 663 4727 et
692 4674 1053 4743 postmodum,
1082 4676 1127 4727 si
1157 4674 1338 4742 vultis,
1374 4691 1474 4744 ego
1504 4692 1598 4731 vos
1623 4678 1690 4732 ad
1721 4694 1864 4743 eum,
1889 4696 2007 4734 cum

434 4774 794 4831 opportunum
842 4765 1021 4833 fuerit,
1072 4767 1190 4822 sine
1218 4767 1393 4837 aliqua
1426 4782 1570 4823 mora
1602 4770 1910 4839 perducam.
1942 4773 2011 4827 At

434 4857 510 4911 illi
531 4858 868 4925 procidentes
880 4858 947 4912 ad
971 4873 1143 4929 genua
1160 4859 1278 4929 eius
1292 4871 1565 4930 cmperunt
1583 4862 1790 4919 fortiter
1805 4865 2010 4933 plautas

430 4950 551 5018 eius
568 4951 961 5021 constringere,
976 4952 1280 5007 osculantes
1302 4962 1460 5023 atque
1481 4956 1846 5019 obsecrantes,
1878 4968 1934 5010 ut
1963 4959 2009 5012 si

434 5043 688 5107 possibile
700 5045 797 5098 sibi
812 5053 975 5111 esset,
990 5053 1274 5117 antequam
1293 5048 1468 5101 cibum
1481 5056 1753 5117 caperent,
1764 5049 2011 5115 perduce-

431 5124 662 5190 t'cnteus
691 5137 753 5189 ad
786 5136 951 5191 illum.
976 5138 1040 5191 Et
1067 5137 1383 5208 Vigilantius
1404 5139 1468 5193 ad
1495 5138 1639 5194 hmc:
1668 5138 1847 5195 Facite
1866 5142 2013 5210 prius

426 5233 479 5278 in
495 5230 650 5281 terim
670 5246 788 5297 qua:
816 5245 965 5299 rogo,
989 5241 1046 5285 ut
1066 5242 1120 5286 et
1146 5247 1247 5301 ego
1268 5242 1498 5287 vestram
1520 5232 1824 5300 petitionem
1853 5244 2014 5302 atque

432 5322 768 5374 voluntatem
795 5322 1065 5390 impleam.
1088 5323 1332 5390 Cumque
1355 5324 1570 5377 domum
1603 5323 1765 5392 ipsius
1788 5324 2009 5393 ingressi

429 5416 682 5480 fuissent,
733 5426 791 5469 et
818 5416 882 5469 ad
936 5431 1174 5471 mensam
1204 5418 1609 5483 consedissent,
1642 5416 1801 5483 etrapit
1842 5426 2013 5471 mater

430 5508 602 5560 sancti
633 5509 867 5562 Astiunis
888 5508 954 5562 ad
988 5509 1323 5577 Vigilantinnt
1356 5512 1530 5565 taliter
1554 5510 1733 5565 dicere
1759 5529 1771 5561 :
1803 5509 1857 5564 Si
1883 5510 2012 5565 mihi

431 5600 607 5653 locum
638 5600 1111 5664 demonstraveris,
1143 5616 1175 5651 o
1199 5600 1510 5657 dulcissime
1532 5602 1712 5667 frater,
1762 5603 1847 5657 ubi
1876 5618 2013 5657 nunc

428 5706 586 5745 triens
617 5690 807 5744 Unicus
849 5690 1159 5743 demoratur
1187 5692 1395 5757 Astion,
1427 5691 1585 5746 hodie
1625 5707 1877 5748 coronam
1920 5707 2014 5746 au—

430 5797 580 5839 ream
606 5781 766 5847 capiti
800 5792 889 5835 tuo
922 5782 1208 5848 imponam.
1254 5783 1508 5839 Similiter
1538 5799 1747 5850 quoque
1782 5794 1846 5839 et.
1864 5794 2013 5852 pater

2112 4674 2233 4713 eum
2255 4674 2441 4713 omnes
2463 4660 2684 4713 virtutes
2705 4659 2824 4728 ejus
2854 4658 3024 4730 (Prol.
3042 4657 3282 4727 CXLVIII).
3308 4656 3475 4726 liuius
3502 4656 3688 4725 itaque

2115 4768 2330 4817 nomen,
2342 4751 2506 4805 David
2522 4751 2809 4809 filiusJesse
2824 4752 3319 4823 pronuntiatur.Sed
3332 4762 3384 4806 et
3397 4752 3585 4818 platea!
3600 4751 3693 4804 hu-

2108 4846 2195 4916 jus
2213 4846 2508 4901 civitatisex
2529 4862 2660 4900 auro
2678 4848 2962 4915 purissimo
2978 4860 3102 4902 sunt
3119 4847 3480 4913 stratacnjus
3497 4844 3691 4898 ﬂuvius

2113 4938 2280 4991 vitam
2304 4947 2559 4992 aeternam
2591 4949 2821 5004 emanat,
2846 4941 2997 5011 cujus
3036 4940 3295 5007 pomifera
3328 4954 3422 5007 per
3447 4938 3684 5004 singulos

2118 5046 2329 5086 tncnses
2364 5030 2591 5086 reddunt
2620 5032 2818 5087 fructus
2847 5048 2994 5095 suos.
3023 5043 3077 5088 et
3105 5033 3230 5088 folia
3260 5048 3445 5088 eorum
3480 5032 3545 5085 ad
3574 5044 3688 5085 tne-

2116 5123 2473 5178 dicamentum
2508 5127 2800 5190 procedunt
2842 5126 3174 5189 animarum;
3208 5139 3359 5192 cuius
3391 5123 3569 5177 lumen
3609 5120 3692 5175 in-

2115 5213 2417 5268 enarrabile
2438 5223 2540 5275 est,
2559 5223 2611 5267 ct
2634 5224 2797 5282 porta:
2821 5231 3085 5287 nunquam
3106 5216 3451 5279 clauduntur,
3465 5231 3531 5266 eo
3552 5213 3695 5282 quod

2117 5320 2383 5371 nunquam
2416 5304 2484 5357 ibi
2516 5319 2617 5358 nox
2664 5307 2787 5370 erit,
2823 5321 2918 5359 nec
2949 5307 3073 5360 ulla:
3119 5308 3354 5362 tenebrae
3407 5306 3693 5371 habentur,

2119 5395 2210 5449 sed
2241 5409 2451 5462 semper
2476 5395 2723 5461 gaudium
2751 5405 2805 5448 et
2834 5411 2942 5464 per;
2965 5407 3084 5451 etua
3122 5398 3303 5451 ltetitia
3329 5397 3522 5451 ibidem
3548 5396 3693 5465 jugi-

2122 5495 2203 5540 ter
2229 5498 2614 5541 commoratur.
2650 5487 2716 5539 Et
2761 5486 2949 5539 mulier
2977 5488 3041 5540 ad
3098 5487 3215 5543 litec
3263 5488 3581 5554 reapondit:
3630 5486 3699 5540 Et

2121 5584 2227 5631 nun
2252 5578 2582 5642 intellexisti,
2603 5577 2913 5632 charissime
2935 5578 3116 5643 frater,
3148 5596 3177 5633 a
3206 5595 3313 5650 quo
3340 5590 3561 5635 vocatus
3584 5578 3696 5634 illic

2121 5683 2272 5723 meus
2317 5667 2503 5723 Astion
2534 5668 2791 5739 perrexit,
2821 5683 2890 5724 ne
2914 5670 2966 5723 in
3008 5670 3182 5740 aliqua
3211 5672 3366 5741 culpa
3394 5670 3698 5742 deprehen-

2121 5783 2212 5824 sus
2235 5768 2325 5835 sit,
2357 5770 2438 5825 vel
2467 5784 2532 5825 ne
2556 5770 2815 5840 quispiam
2843 5785 2907 5826 ex
2941 5772 3225 5827 comitibus
3252 5782 3345 5828 aut
3367 5788 3398 5829 e
3425 5770 3697 5830 senatori-
