4010 6274
275 332 393 388 ιιῡθ

798 338 954 394 VITA
990 339 1403 399 SANCTORUM
1441 338 1755 398 EPICTETI
1796 340 2232 399 PRESBYTERI
2270 343 2357 400 ΕΤ
2395 345 2702 402 ASTIONIS
2744 345 3072 401 MONAClil.

3456 350 3561 407 ΗΟ

277 452 386 508 bus
417 452 662 522 quiilth
686 452 1033 510 demerantur
1053 472 1171 511 cum
1194 455 1531 519 convocavit,
1561 463 1614 509 et
1635 455 1736 509 sibi
1761 454 1870 508 for-
1902 452 1952 513 Α
1978 453 2204 521 pientes,
2238 455 2664 524 praedicaverunt
2696 471 2818 511 eum
2864 471 2985 510 esse
3018 470 3328 527 venturum,
3356 475 3413 518 et
3452 478 3564 521 non

270 546 428 602 sitan
482 561 599 615 prae
645 547 809 601 nimia
859 548 1251 615 pulchritudine
1297 550 1415 617 ejus
1468 550 1517 602 in
1544 547 1705 602 ﬁlium
1758 562 1877 601 eum

273 638 610 704 adoptavit?
640 639 706 693 Et
752 639 1067 707 Vigilantius
1094 657 1106 693 :
1138 642 1220 695 Ab
1250 641 1384 708 ipso,
1418 641 1610 710 inquit,
1641 640 1880 707 principe

276 731 539 800 regionis
567 733 714 786 illius
741 746 863 784 cum
890 733 1057 784 multo
1086 731 1288 786 honore
1315 741 1370 787 et
1393 733 1653 787 comitatu
1680 732 1877 787 ibidem

275 834 525 879 Vocatus
554 824 807 891 perrexit.
840 824 950 891 Ego
975 823 1237 890 siquidem
1269 833 1391 879 tunc
1418 824 1687 878 ministros
1734 825 1880 894 ipsos

276 914 481 969 videre
515 931 621 969 non
650 915 826 983 potui;
858 926 1095 971 attamen
1125 916 1264 970 sicut
1286 918 1399 985 ipse
1428 917 1553 970 mihi
1588 918 1875 983 referebat,

274 1005 442 1060 valde
478 1009 846 1077 pulcherrimo
893 1023 956 1062 ac
1004 1009 1285 1078 splendido
1324 1010 1470 1064 vultu
1522 1009 1874 1074 habebantur,

276 1111 547 1166 gerentes
575 1116 734 1156 aurea
786 1117 932 1156 arma
981 1111 1034 1156 et
1063 1101 1400 1172 hyacinthina
1433 1102 1758 1156 indumenta.
1813 1104 1876 1158 Et

278 1194 404 1261 quia
440 1194 502 1247 in
551 1194 651 1249 hac
702 1206 879 1249 nostra
928 1195 1144 1264 regione
1184 1196 1410 1252 ﬁdi-liter
1454 1213 1515 1250 ex
1560 1208 1669 1252 toto
1698 1197 1878 1250 animo

282 1299 407 1353 quae
433 1287 544 1339 sibi
574 1286 641 1340 ab
671 1287 763 1340 illo
792 1286 1023 1355 injuncta
1064 1286 1268 1342 fuerant
1296 1287 1635 1355 adimplevit,
1683 1290 1780 1342 hac
1809 1289 1879 1344 de

282 1392 450 1430 causa
490 1394 614 1431 eum
667 1380 790 1433 illuc
819 1396 916 1449 per
959 1395 1085 1434 suos
1116 1381 1387 1435 tuinistros
1428 1380 1635 1436 dicebat
1683 1383 1879 1436 vocita-

290 1476 403 1521 tum
436 1470 630 1536 fuisse,
662 1479 718 1523 ut
748 1473 1098 1540 principatum
1130 1473 1175 1525 ei
1202 1472 1467 1536 videlicet.
1488 1487 1650 1541 super
1691 1472 1876 1527 decem

294 1559 567 1624 civitates,
602 1561 952 1615 condonaret.
991 1562 1050 1616 Et
1083 1573 1289 1617 mater:
1316 1564 1710 1633 Pntasigiturin
1737 1575 1877 1617 tanta

299 1653 467 1721 gloria
501 1670 640 1708 nunc
691 1654 887 1709 ibidem
918 1656 1123 1723 positus
1155 1656 1311 1710 habet
1337 1659 1645 1711 memoriam
1677 1657 1879 1711 nttSll‘i?

309 1743 378 1797 Et
404 1745 711 1814 Vigilantius
736 1765 749 1799 :
770 1747 860 1802 Ille
886 1748 1098 1815 quidem
1121 1749 1431 1803 memoriam
1463 1750 1628 1803 vestri
1649 1750 1876 1802 nimimn

1982 554 2105 599 sunt
2135 548 2365 615 recepti;
2399 547 2483 602 vel
2512 549 2780 613 quomodo
2808 548 3062 602 Dominus
3094 549 3232 603 Deus
3262 563 3445 609 noster
3470 556 3564 611 Je-

1981 652 2072 694 8tts
2101 639 2369 705 Christus,
2405 640 2492 710 qui
2528 650 2608 693 eSt
2641 642 2827 694 unicus
2862 640 3057 703 Patris,
3090 639 3324 697 Verbum
3356 662 3416 699 ac
3457 648 3568 703 Sa-

1983 731 2201 801 pientia,
2248 729 2415 786 virtus
2464 731 2668 787 scilicet
2695 748 2757 787 ac
2788 732 3041 801 splendor
3069 732 3274 801 gloriae,
3319 735 3563 803 dignatus

1981 822 2051 877 sit
2074 822 2127 877 in
2160 823 2469 878 novissimis
2516 823 2736 886 diebus,
2766 824 2832 878 de
2864 822 3066 903 Spiritu
3096 833 3282 878 sancto
3309 833 3364 879 et
3405 826 3566 883 Maria

1982 929 2196 981 semper
2226 916 2432 985 virgine
2475 916 2528 969 in
2578 916 2777 969 mundo
2824 914 2999 980 nasci;
3053 927 3106 970 et
3151 920 3419 986 quomodo
3450 920 3567 975 illos

1981 1006 2069 1076 qui
2100 1007 2265 1061 secuti
2295 1015 2420 1061 sunt
2462 1022 2609 1071 eum,
2660 1007 2947 1076 discipulos
2990 1021 3116 1062 suos
3150 1008 3273 1063 fecit
3316 1025 3461 1073 esse,
3513 1022 3568 1065 et

1982 1098 2200 1152 mittens
2227 1112 2320 1152 eos
2362 1101 2427 1152 ad
2473 1098 2867 1167 przedicandum
2903 1102 3119 1153 verbum
3170 1100 3356 1154 salutis
3396 1100 3567 1169 genti-

1982 1191 2101 1257 bus,
2130 1192 2386 1261 apostolis
2414 1192 2730 1260 imposuerit
2762 1209 2990 1256 nomen;
3024 1193 3117 1247 sed
3146 1204 3199 1247 et
3228 1192 3367 1261 quod
3420 1195 3566 1263 regni

1978 1284 2058 1338 sui
2108 1285 2388 1354 participes
2428 1300 2521 1340 eos
2563 1284 2831 1349 effecerit,
2861 1289 2949 1355 qui
3008 1285 3164 1355 hujus
3193 1287 3379 1340 surculi
3420 1302 3556 1342 con-

1981 1382 2289 1445 tempserint
2320 1379 2625 1442 vanitatem,
2645 1390 2700 1434 et
2724 1380 2893 1448 ipsum
2925 1380 3095 1433 solum
3124 1396 3287 1449 super
3314 1395 3553 1435 amorem

1982 1473 2395 1543 propinquorum
2419 1475 2719 1544 diligerent.
2753 1472 2991 1542 Cumque
3014 1476 3130 1529 hmc
3157 1485 3212 1528 et
3242 1475 3428 1529 horum
3447 1491 3563 1529 atu-

1983 1564 2148 1633 pliora
2197 1566 2470 1633 sapienter
2499 1566 2578 1619 eis
2622 1564 2933 1632 Vigilantius
2964 1565 3332 1629 disseruisset,
3363 1566 3561 1620 iterum

1980 1665 2238 1709 venerunt
2270 1658 2321 1710 in
2350 1657 2522 1710 locum
2572 1655 2717 1709 illum
2748 1655 2837 1708 ubi
2868 1645 3128 1719 scriptum
3153 1664 3237 1709 est
3281 1672 3297 1712 :
3333 1657 3396 1710 Et
3424 1658 3561 1713 dixit

1980 1744 2134 1800 .lcsus
2180 1746 2456 1814 discipulis
2482 1747 2632 1799 suis:
2666 1743 2833 1799 Amen
2886 1760 3039 1798 amen
3071 1746 3192 1799 dico
3222 1745 3400 1811 vobis,
3434 1748 3562 1816 quia

310 1833 459 1890 habet
488 1838 539 1890 in
572 1852 769 1905 mente,
803 1848 858 1893 et
900 1839 1054 1894 valde
1083 1841 1229 1908 cupit
1272 1855 1367 1895 vos
1392 1840 1542 1908 juxta
1591 1856 1648 1896 se
1681 1843 1876 1898 habere
1908 1839 1954 1899 Β
1979 1837 2156 1893 onmis
2196 1838 2285 1908 qui
2326 1852 2410 1891 me
2440 1835 2717 1892 confessus
2768 1838 2925 1892 fuerit
2977 1852 3159 1892 coram
3213 1837 3557 1905 hominibus,

299 1942 536 1995 semper,
570 1932 614 1985 si
645 1941 821 1987 tamen
848 1948 909 1986 ea
940 1949 1059 2002 qua:
1103 1932 1299 2001 scripta
1344 1945 1467 1989 sunt
1516 1936 1566 1989 in
1619 1935 1751 1989 libro
1783 1936 1872 1991 illo

294 2033 462 2085 quem
491 2022 623 2076 mihi
651 2024 859 2093 reliquit
884 2024 1178 2095 adimplere
1199 2027 1491 2083 volueritis.
1525 2029 1586 2082 Et
1616 2038 1784 2082 mater
1804 2028 1869 2083 ad

298 2111 423 2166 hzec
450 2128 467 2164 ε
497 2113 629 2184 Age,
655 2132 798 2187 ergo,
822 2128 875 2171 et
902 2118 1195 2187 depo~itum
1223 2120 1376 2175 nobis
1401 2120 1646 2177 celeriter
1677 2136 1870 2189 βέβηκ’

300 2215 482 2259 senta.
515 2206 577 2259 Et
610 2207 723 2262 hzrc
750 2210 997 2276 dicentes,
1029 2225 1061 2262 e
1092 2226 1272 2266 mensa
1298 2214 1496 2280 pariter
1520 2228 1867 2278 consurgunt.

380 2297 506 2354 ΟΑρ.
554 2300 713 2357 XXII.
747 2334 813 2342 —
842 2304 982 2358 Tunc
1025 2303 1333 2374 Vigilantius
1360 2320 1638 2361 assumens
1667 2320 1779 2365 eos.
1815 2306 1866 2359 in

296 2390 499 2442 Cultam
550 2408 850 2447 sanctorum
899 2408 1183 2467 martyrum
1236 2399 1555 2461 introduxit;
1587 2409 1640 2453 ct
1688 2409 1871 2454 osten-

292 2479 432 2532 dens
460 2481 540 2535 eis
593 2485 907 2539 dominicam
937 2503 1149 2543 erucem
1179 2497 1234 2543 et
1284 2501 1679 2546 sacrosanctum
1706 2494 1863 2562 221

295 2572 647 2642 Evangeltum
672 2575 886 2637 Cht'i-li.
912 2579 981 2631 ait
1000 2578 1065 2634 ad
1093 2593 1185 2633 Cos
1210 2598 1224 2634 :
1256 2580 1379 2635 llaec
1398 2594 1519 2637 Sunt
1544 2597 1659 2649 qua:
1680 2585 1864 2637 Asbon

294 2662 436 2717 filius
465 2673 646 2719 vester
674 2668 799 2721 mihi
823 2668 1124 2739 dereliquit.
1150 2670 1203 2724 Si
1222 2686 1350 2741 ergo
1378 2672 1683 2743 mysterium
1712 2673 1867 2743 hujus

295 2755 482 2810 divinae
510 2759 723 2814 virtutis
751 2772 804 2814 et
833 2776 892 2816 ea
918 2779 1033 2832 qu:e
1064 2763 1113 2816 in
1147 2764 1247 2819 hoc
1274 2765 1459 2821 codice
1488 2768 1682 2833 scripta
1719 2778 1860 2829 sunt,

304 2845 556 2915 feceritis,
595 2852 832 2918 profecto
890 2855 1135 2908 videbitis
1187 2873 1328 2916 eum.
1387 2869 1441 2912 et
1490 2873 1607 2911 cum
1657 2858 1770 2926 ipso
1813 2857 1862 2911 in

306 2953 609 3009 perpetuum
637 2945 787 3001 eritis
815 2949 865 2999 in
899 2948 982 3001 illa
1016 2934 1250 3015 regione.
1294 2950 1412 3003 llzcc
1455 2952 1674 3005 audiens
1717 2960 1867 3020 pater

310 3034 441 3100 cjns,
484 3038 678 3105 accepit
729 3040 1069 3108 Evangelittm
1099 3042 1293 3096 Christi
1328 3058 1433 3111 prce
1483 3044 1760 3109 manilius,
1814 3053 1867 3097 et

308 3128 539 3194 aperiens
571 3131 808 3195 pervenit
837 3132 899 3184 ad
924 3148 1042 3187 eum
1078 3138 1244 3187 locum
1296 3134 1380 3188 ubi
1418 3136 1668 3189 Dominus
1715 3135 1866 3189 Jcsus

303 3218 501 3273 iocutus
528 3231 609 3276 est
636 3222 700 3275 ad
726 3223 1015 3291 discipulos
1043 3240 1187 3289 suos,
1220 3224 1403 3280 dicens
1430 3243 1441 3278 :
1475 3228 1666 3285 Amen.
1709 3241 1862 3281 amen
1894 3205 1940 3269 δ

295 3311 410 3365 dico
441 3313 619 3379 vobis,
649 3315 787 3380 quod
820 3330 915 3370 vos
944 3315 1032 3384 qui
1056 3318 1218 3369 secuti
1248 3319 1376 3371 estis
1406 3333 1510 3380 me,
1566 3318 1614 3370 in
1646 3333 1865 3385 regene-

294 3403 500 3457 ratione
527 3419 648 3457 cum
676 3407 872 3461 sederit
903 3407 1066 3461 Filius
1094 3407 1321 3462 hominis
1352 3409 1402 3462 in
1426 3409 1551 3461 sede
1574 3409 1867 3475 majestatis

298 3507 424 3554 sum,
476 3494 735 3550 sedebitis
779 3506 833 3552 et
858 3513 951 3553 vos
996 3513 1153 3566 super
1200 3499 1355 3554 sedes
1402 3499 1701 3562 duodecim,
1730 3498 1868 3566 judi-

306 3596 481 3641 eautes
510 3587 791 3643 duodecim
831 3589 998 3644 tribus
1029 3590 1207 3644 Israel.
1234 3590 1295 3643 Et
1327 3591 1501 3668 omnis
1523 3589 1611 3659 qui
1641 3588 1868 3658 relique-

309 3680 376 3734 rit
400 3681 632 3746 domum,
664 3683 744 3735 vel
778 3680 991 3747 fratres,
1021 3693 1110 3735 aut
1138 3697 1370 3745 sorores,
1402 3690 1491 3734 aut
1521 3690 1745 3749 patrem,
1778 3689 1871 3736 aut

311 3780 542 3838 matrem,
571 3782 663 3826 aut
690 3789 931 3837 uxorem,
974 3785 1066 3829 aut
1113 3775 1268 3840 ﬁlios,
1312 3784 1401 3828 aut
1443 3788 1621 3844 agros,
1655 3784 1869 3844 propter

306 3880 490 3920 nomen
524 3882 725 3929 meum,
755 3867 1061 3936 centuplum
1110 3867 1357 3935 arcipiet,
1410 3877 1462 3921 et
1507 3868 1666 3921 vitam
1714 3876 1870 3920 teter-

301 3977 417 4015 nam
447 3963 759 4028 possidebit.
790 3963 932 4017 Multi
961 3972 1136 4019 autem
1170 3972 1290 4018 sunt
1316 3963 1467 4033 primi
1497 3962 1786 4026 novissimi,
1815 3970 1871 4018 et

297 4056 572 4109 novissimi
606 4056 758 4123 primi
789 4055 1003 4122 (Matth.
1030 4057 1165 4124 xu).
1199 4057 1265 4111 Et
1292 4067 1437 4124 pater
1465 4074 1479 4111 :
1511 4058 1639 4123 Quis
1669 4068 1766 4122 est,
1790 4058 1871 4113 in-

295 4144 427 4211 quit,
463 4146 565 4200 iste
593 4147 848 4201 Dominus
878 4147 1051 4210 Jesus,
1084 4157 1138 4201 et
1167 4149 1253 4217 qui
1277 4160 1399 4203 sunt
1438 4150 1525 4219 qui
1555 4152 1720 4204 secuti
1746 4159 1869 4206 sunt

300 4235 460 4288 eum?
490 4236 584 4289 sed
613 4244 668 4290 et
693 4237 781 4305 qui
811 4244 936 4291 sunt
956 4236 1027 4289 illi
1058 4236 1145 4305 qui
1170 4238 1417 4304 iubentur
1447 4240 1747 4308 relinquere
1772 4256 1868 4309 pa-

303 4338 437 4380 tretn
485 4337 575 4382 aut
612 4338 856 4393 matrem,
909 4344 1127 4383 uxorem
1159 4339 1213 4383 et
1254 4329 1408 4397 ﬁlios,
1439 4339 1655 4399 propter
1676 4346 1871 4386 nomen

300 4418 443 4487 ejus,
475 4435 608 4486 quos
636 4420 765 4474 dicit
807 4432 1150 4489 percepturos
1180 4436 1298 4476 esse
1344 4427 1395 4476 in
1444 4422 1616 4477 futura
1648 4424 1871 4477 beatitu-

298 4514 422 4566 dine
443 4515 605 4567 vitam
629 4514 914 4569 aeternam?
932 4517 1243 4582 Qumsumus
1262 4524 1333 4579 te,
1354 4514 1513 4570 frater
1536 4517 1865 4581 charissime,

1972 1932 2267 1988 conﬁtebor
2293 1941 2348 1986 et
2374 1946 2473 2001 ego
2498 1947 2618 1986 eum
2664 1945 2845 1986 coram
2877 1932 3033 1986 Patre
3081 1947 3220 1996 meo,
3255 1933 3341 2001 qui
3387 1940 3472 1986 est
3501 1928 3558 1987 in

1971 2027 2157 2088 cmlis;
2208 2026 2296 2096 qui
2334 2036 2518 2080 autem
2567 2026 2836 2095 negaverit
2864 2040 2949 2079 me
2994 2040 3175 2079 coram
3222 2026 3554 2091 hominibus,

1971 2118 2244 2186 denegabo
2272 2126 2324 2173 et
2350 2132 2449 2186 ego
2477 2131 2597 2172 eum
2638 2132 2821 2171 coram
2872 2115 3031 2169 Patre
3079 2115 3219 2181 meo,
3250 2118 3338 2184 qui
3367 2125 3451 2169 est
3499 2117 3556 2171 in

1970 2209 2141 2264 curiis.
2176 2208 2347 2263 Nolite
2378 2209 2533 2278 igitur
2580 2206 2851 2269 arbitrari,
2884 2207 3006 2274 quia
3036 2207 3157 2261 veni
3203 2220 3385 2272 pacem
3432 2206 3557 2259 mit-

1970 2310 2082 2355 tere
2113 2298 2163 2353 in
2188 2308 2414 2363 terram;
2441 2314 2544 2353 non
2566 2298 2684 2353 veni
2709 2312 2893 2361 pacem
2918 2297 3154 2362 mittere,
3178 2298 3268 2352 sed
3291 2296 3554 2367 gladium.

1972 2392 2101 2448 Veni
2125 2394 2266 2446 enim
2292 2405 2544 2457 separare
2568 2390 2836 2458 hominem
2863 2391 3123 2445 adversus
3140 2400 3344 2458 patrem
3369 2405 3547 2458 suum,

1966 2494 2021 2541 et
2048 2484 2205 2539 filiam
2236 2483 2492 2539 adversus
2520 2493 2743 2537 matrem
2773 2496 2945 2546 suam,
2981 2489 3036 2536 et
3058 2496 3249 2535 nurum
3280 2481 3543 2537 adversus

1964 2590 2173 2631 socrum
2204 2591 2374 2641 suam,
2402 2586 2455 2630 et
2482 2575 2679 2655 inimici
2709 2573 2942 2628 hominis
2970 2573 3257 2627 domestici
3281 2574 3419 2642 ejus.
3445 2574 3551 2641 Qui

1965 2682 2109 2726 amat
2139 2684 2338 2742 patrem
2368 2682 2457 2725 aut
2502 2680 2723 2725 matrem
2754 2671 2871 2739 plus
2898 2684 3058 2739 quam
3091 2683 3194 2732 tne,
3228 2684 3333 2722 ιιοιι
3356 2680 3439 2724 est
3462 2686 3548 2724 me

1966 2769 2177 2837 digmts.
2210 2768 2272 2821 Et
2301 2764 2389 2837 qui
2422 2782 2524 2820 non
2554 2766 2747 2835 accipit
2771 2779 2987 2819 crucem
3014 2779 3191 2832 suam,
3223 2774 3275 2818 et
3307 2767 3552 2835 sequitur

1968 2878 2073 2923 me,
2103 2879 2204 2915 non
2228 2872 2306 2915 cst
2341 2876 2423 2915 tne
2453 2862 2663 2927 dignus.
2693 2861 2757 2912 Et
2778 2847 2867 2925 qui
2891 2859 3091 2912 invenit
3116 2859 3347 2911 animam
3367 2872 3547 2921 suam,

1969 2953 2155 3022 perdet
2181 2968 2318 3007 eam.
2357 2953 2419 3005 Et
2444 2951 2529 3020 qui
2564 2949 2856 3019 perduletit
2888 2949 3118 3001 animam
3146 2962 3297 3001 suam
3330 2956 3549 3015 propter

1969 3059 2054 3098 me
2078 3052 2131 3097 et
2161 3042 2507 3111 Evangelium
2541 3056 2714 3094 meum
2737 3082 2751 3103 ,
2787 3037 3022 3093 inveniet
3054 3053 3172 3092 eam
3206 3037 3423 3110 (Matth.
3462 3038 3544 3109 ι).

1972 3136 2037 3190 Et
2067 3136 2257 3188 iterum
2288 3151 2299 3185 :
2331 3134 2464 3188 Cum
2511 3143 2688 3186 autem
2718 3130 3034 3185 tradiderint
3074 3146 3171 3184 vos
3222 3131 3358 3200 apud
3392 3146 3548 3199 reges

1969 3238 2023 3285 et
2066 3227 2337 3298 praesides,
2370 3227 2534 3281 nolite
2563 3235 2823 3296 COgttare.
2856 3224 3125 3291 quomodo
3171 3232 3263 3277 aut
3294 3224 3420 3289 quid
3464 3224 3547 3279 lo-

1970 3321 2223 3391 quamini.
2248 3318 2362 3375 Non
2386 3319 2528 3372 enitn
2560 3332 2652 3371 vus
2679 3329 2829 3379 CSllS,
2860 3317 2950 3382 qui
2981 3314 3279 3384 loquimini,
3300 3315 3393 3369 sed
3415 3315 3543 3383 Spi-

1970 3416 2100 3468 ritus
2133 3412 2299 3467 Patris
2330 3412 2512 3478 vestri,
2543 3412 2630 3479 qui
2664 3410 2894 3479 loqmtur
2927 3408 2979 3463 in
3011 3407 3183 3461 vobis.
3216 3407 3415 3463 Tradet
3451 3423 3547 3461 au-

1971 3518 2075 3562 tem
2102 3508 2263 3561 frater
2294 3505 2508 3559 fratrem
2560 3505 2612 3559 in
2662 3515 2913 3564 mortem.
2957 3512 3010 3557 et
3049 3511 3198 3572 pater
3240 3502 3447 3570 ﬁlium;
3492 3511 3548 3557 et

1970 3607 2188 3665 surgent
2238 3595 2327 3649 ﬁlii
2370 3598 2421 3648 in
2469 3604 2736 3660 parentes,
2771 3606 2823 3649 et
2856 3604 3024 3647 morte
3050 3608 3144 3648 eos
3190 3594 3547 3657 afﬁcient;et

1975 3688 2125 3742 eritis
2156 3685 2281 3740 odio
2308 3685 2575 3751 omnibus,
2608 3696 2821 3753 preptcr
2854 3699 3045 3738 nomen
3095 3699 3292 3737 memn.
3324 3684 3423 3751 Qui
3454 3699 3532 3737 an-

1973 3788 2076 3832 tem
2108 3776 2530 3846 perseveraverit
2570 3788 2737 3843 usque
2784 3773 2836 3828 in
2871 3775 3062 3837 linem,
3090 3771 3173 3824 hic
3204 3772 3380 3826 salvus
3416 3772 3517 3826 erit

1972 3869 2311 3937 Rursumque
2360 3866 2672 3935 perveniens
2720 3864 2771 3917 in
2822 3862 3064 3917 ultimam
3118 3872 3320 3932 partem
3371 3872 3545 3917 sancti

1973 3960 2262 4032 Evangelii,
2293 3959 2454 4029 cmpit
2480 3956 2768 4012 secundum
2814 3954 3071 4009 Joannem
3117 3954 3310 4007 iterum
3345 3955 3541 4025 legere,

1971 4058 2193 4114 dicens:
2228 4056 2418 4121 Pater,
2467 4067 2599 4121 quos
2628 4048 2821 4105 dedisti
2873 4049 3026 4114 mihi,
3074 4048 3198 4101 volo
3238 4055 3297 4099 ut
3328 4047 3413 4099 ubi
3447 4062 3550 4115 ego

1971 4163 2112 4215 sum,
2144 4156 2198 4201 et
2225 4146 2333 4201 illic
2352 4145 2703 4205 sintmecum,
2723 4140 3319 4195 utvideantelaritatem
3346 4154 3547 4204 meam,

1972 4255 2127 4311 quam
2161 4237 2351 4292 dedisti
2401 4235 2551 4299 mihi,
2588 4235 2706 4304 quia
2741 4233 2974 4287 dilexisti
3008 4248 3091 4286 me
3120 4240 3242 4285 ante
3288 4229 3550 4284 constitu-

1973 4333 2171 4387 tionem
2221 4326 2399 4383 mundi
2449 4324 2629 4398 (Joan.
2682 4326 2838 4394 χιιι).
2892 4325 2957 4378 Et
2982 4324 3158 4377 denuo
3190 4339 3203 4374 :
3238 4320 3307 4376 Ut
3352 4335 3542 4374 omnes

1974 4440 2132 4480 unum
2162 4426 2285 4486 sint,
2314 4422 2449 4474 sicut
2474 4426 2552 4484 tu,
2578 4417 2751 4482 Pater,
2785 4418 2835 4469 in
2868 4431 2976 4481 me,
3008 4426 3059 4469 et
3089 4429 3186 4481 ego
3216 4414 3267 4466 in
3300 4424 3370 4475 te,
3406 4422 3461 4465 ut
3492 4422 3550 4466 et

1975 4517 2073 4585 ipsi
2113 4514 2164 4568 in
2195 4512 2345 4566 nobis
2376 4526 2536 4564 unum
2565 4510 2700 4573 sint,
2730 4517 2789 4561 ιιι
2834 4506 3017 4561 credat
3047 4503 3275 4558 mundus
3322 4505 3444 4565 quia
3483 4514 3542 4559 ιιι

299 4618 352 4657 ιιι
386 4606 430 4660 si
461 4605 656 4673 aliquid
688 4607 738 4659 in
772 4607 853 4659 his
875 4622 991 4673 qua:
1014 4622 1137 4660 vera
1169 4614 1293 4659 sunt
1321 4607 1478 4668 nosti,
1518 4607 1670 4661 nobis
1690 4608 1873 4678 eupla-
1900 4591 1951 4651 Ῑ)
1976 4623 2061 4663 me
2114 4605 2320 4659 misisti.
2365 4603 2430 4657 Et
2478 4615 2579 4672 ego
2623 4599 2914 4654 claritatem
2966 4612 3123 4666 quam
3169 4593 3357 4648 dedisti
3407 4593 3542 4648 mihi

300 4712 432 4751 nare
482 4712 585 4750 non
618 4698 901 4767 pigriteris.
949 4699 1206 4767 Aperiens
1238 4710 1426 4754 autem
1456 4698 1772 4771 Vigilantius
1814 4716 1876 4756 os

300 4802 482 4851 suum,
510 4798 565 4842 et
598 4788 854 4856 incipiens
885 4804 913 4842 a
940 4788 1216 4856 Scriptura
1245 4788 1338 4843 ista
1358 4830 1373 4854 ,
1405 4790 1785 4857 evangelizavit
1812 4791 1878 4845 il-

249 4880 259 4889 ’
303 4883 372 4935 lis
410 4883 692 4945 Dominum
740 4882 919 4937 Jesum
971 4882 1260 4947 Christum,
1313 4883 1545 4951 qualiter
1571 4883 1638 4937 ab
1674 4883 1880 4953 origine

302 4975 489 5027 mundi
522 4976 699 5028 omnia
729 4990 827 5043 per
855 4975 1024 5042 ipsum
1055 4974 1189 5029 facta
1219 4985 1361 5037 sunt.
1393 4986 1446 5030 et
1470 4977 1698 5042 qualiter
1720 4976 1910 5068 homin

306 5079 429 5119 nem
457 5064 522 5117 ad
575 5065 857 5132 imaginem
889 5073 943 5119 et
967 5066 1367 5136 similitudinem
1398 5082 1547 5120 suam
1579 5070 1779 5132 fecerit,
1823 5078 1875 5121 et

306 5159 361 5210 in
390 5158 694 5226 paradisum
720 5156 1029 5212 deliciarum
1054 5160 1319 5225 posuerit;
1350 5168 1404 5213 et
1429 5161 1695 5227 quomodo
1716 5156 1872 5215 unam

304 5260 507 5304 costam
538 5252 716 5305 tulerit
747 5251 814 5305 de
843 5252 1005 5304 latere
1028 5251 1213 5319 ipsius,
1245 5259 1297 5304 et
1329 5252 1478 5304 finxit
1503 5267 1617 5306 eam
1655 5252 1707 5305 in
1755 5269 1873 5304 mu-

307 5340 491 5394 lierem
517 5357 531 5393 :
564 5340 657 5395 sed
684 5351 738 5396 et
767 5326 1033 5411 quomodo
1057 5350 1593 5433 propter'serpentem
1629 5343 1874 5399 Adamde

305 5433 553 5498 paradiso
577 5432 886 5488 deliciarum
920 5434 971 5487 in
1005 5433 1138 5487 banc
1162 5432 1352 5487 terram
1385 5434 1687 5487 mortalium
1711 5451 1873 5502 expu-

305 5520 399 5587 lit;
430 5533 481 5577 et
512 5524 741 5591 qualiter
764 5522 892 5587 Eva,
920 5524 1042 5590 quia
1071 5523 1170 5592 ipsi
1200 5524 1437 5589 serpenti
1468 5523 1632 5592 magis
1657 5525 1876 5579 obedire

304 5614 470 5668 voluit
497 5627 655 5685 quam
688 5613 913 5667 Domino
943 5613 1051 5668 Deo
1074 5627 1191 5681 suo,
1218 5614 1572 5669 anxietatibus
1599 5622 1654 5668 et
1680 5613 1877 5668 dolori—

306 5704 404 5760 bus
426 5706 477 5760 in
506 5705 858 5776 parturitione
888 5714 971 5761 est
1018 5706 1398 5769 condemnata;
1447 5706 1541 5761 sed
1572 5713 1626 5761 et
1655 5706 1877 5774 qualiter

304 5797 473 5854 uncti
498 5796 775 5867 prophetae
799 5805 924 5855 ante
947 5797 1172 5868 primum
1194 5798 1480 5855 adventum
1515 5798 1634 5855 Filii
1664 5796 1757 5855 Dei
1788 5812 1878 5854 ve-

1977 4700 2097 4755 dedi
2128 4698 2229 4762 eis,
2260 4705 2315 4749 ut
2342 4696 2449 4748 sint
2496 4708 2679 4755 unum,
2726 4692 2865 4746 sicut
2911 4699 2963 4744 et
3001 4704 3099 4742 nos
3147 4702 3306 4740 unum
3339 4701 3548 4740 sumus.

1979 4791 2091 4861 Ego
2137 4790 2188 4843 in
2232 4788 2331 4852 eis,
2381 4794 2437 4839 et
2479 4796 2531 4837 tu
2577 4783 2629 4837 in
2678 4796 2798 4848 me,
2844 4792 2902 4836 ut
2948 4779 3054 4835 sint
3099 4787 3449 4832 censummatt
3495 4778 3551 4833 in

1980 4899 2167 4947 unum,
2213 4892 2265 4936 et
2298 4888 2581 4950 cognoscat
2607 4877 2857 4941 mundus,
2902 4875 3024 4945 quia
3048 4884 3103 4927 tu
3133 4888 3218 4927 me
3245 4872 3551 4935 tnisisti.di~

1982 4977 2160 5036 lexisti
2189 4991 2300 5037 eos,
2326 4974 2461 5029 sicut
2482 4983 2535 5027 et
2555 4988 2639 5027 me
2668 4970 2923 5025 dilexisti.

2054 5070 2183 5125 Car.
2210 5066 2469 5121 XXlll.—-
2500 5064 2622 5117 llaec
2650 5070 2704 5116 et
2731 5060 2987 5129 ampliora
3020 5058 3204 5111 horum
3238 5055 3361 5108 dum
3395 5055 3551 5123 legis-

1982 5170 2070 5215 set
2102 5170 2269 5228 pater,
2297 5157 2359 5211 ad
2390 5151 2730 5224 Vigilantium
2758 5151 2832 5203 ait
2859 5166 2873 5202 :
2906 5148 3123 5212 Precor,
3159 5145 3319 5199 frater
3346 5145 3547 5199 charis-

1980 5253 2134 5317 sime,
2166 5250 2354 5303 iterum
2385 5246 2605 5313 explana
2633 5244 2784 5297 nobis
2814 5240 3122 5311 diligentius
3148 5254 3207 5294 ea
3241 5254 3357 5308 qua:
3388 5240 3547 5291 modo

1984 5344 2227 5413 legimus,
2258 5355 2324 5395 eo
2350 5337 2486 5408 quod
2520 5349 2615 5389 nos
2645 5330 2851 5402 penitus
2883 5333 2936 5387 in
2965 5333 3045 5387 his
3074 5332 3249 5386 verbis
3294 5331 3420 5384 nihil
3470 5332 3551 5383 in-

1980 5432 2283 5501 telligimus.
2317 5427 2629 5498 Vigilantius
2677 5423 2949 5492 respondit
2997 5441 3010 5476 :
3060 5422 3182 5477 Illos
3230 5436 3364 5489 quos
3414 5422 3545 5474 dicit

1982 5522 2232 5577 Dominus
2260 5518 2415 5574 Jesus
2444 5524 2627 5570 noster
2657 5532 2669 5567 :
2703 5515 2836 5581 Quia
2864 5513 2957 5584 qui
2983 5528 3067 5568 me
3100 5511 3326 5567 confessi
3352 5510 3549 5565 fuerint

1979 5626 2158 5669 coram
2187 5608 2510 5675 hominibus,
2542 5607 2840 5662 conﬁtebor
2865 5614 2921 5661 et
2945 5620 3044 5675 ego
3072 5619 3164 5658 eos
3186 5617 3364 5657 coram
3389 5601 3551 5654 Patre

1981 5718 2131 5770 meo,
2160 5702 2251 5772 qui
2275 5709 2359 5757 est
2385 5699 2437 5754 in
2463 5698 2616 5754 ctelis
2640 5715 2655 5764 ;
2683 5698 2773 5767 qui
2821 5706 2997 5753 autem
3036 5695 3419 5765 denegaret-int
3455 5704 3544 5744 mo

1980 5810 2157 5853 coram
2190 5791 2512 5860 hominibus,
2540 5790 2811 5860 denegabit
2840 5804 2932 5846 eos
2962 5796 3013 5844 et
3042 5801 3142 5856 ego
3173 5797 3351 5840 coram
3387 5779 3543 5835 Patre
