4010 6290
405 337 503 394 4η

1451 337 1540 392 DE
1579 335 1753 393 VITIS
1794 333 2077 390 PATRUM
2120 335 2318 390 LIBER
2361 337 2628 394 PRIMUS.

3556 335 3672 392 ιιι

403 469 551 518 meo,
581 453 670 523 qui
697 460 780 508 est
802 453 854 507 in
881 452 1036 508 caelis
1061 469 1074 518 ;
1101 467 1198 508 nos
1219 467 1405 510 sumus
1430 454 1519 522 qui
1545 453 1600 508 in
1629 469 1751 508 eum
1800 451 1979 506 credi-
2010 454 2060 513 Α
2086 451 2252 520 ipsius
2280 452 2379 508 iste
2404 466 2504 510 est.
2547 455 2864 524 Vigilantius
2905 452 3180 525 respondit
3211 470 3226 508 :
3257 453 3427 509 Verus
3505 453 3671 511 Pater

407 560 546 610 mus,
576 553 630 602 et
659 544 713 599 in
742 545 957 598 nomine
985 556 1171 600 sancto
1215 544 1332 616 ejus
1383 559 1682 614 speramus.
1730 546 1891 615 222
1936 542 1992 597 Si

405 649 538 706 ergo
567 635 804 690 evenerit
832 629 1042 702 tempus
1068 634 1476 701 persecutionis,
1504 645 1554 688 et
1578 634 1814 688 dixerint
1837 633 1991 687 nobis

410 726 681 795 principes
725 724 882 795 hujus
923 725 1106 778 saeculi
1145 742 1156 777 :
1192 723 1467 793 Abnegate
1516 724 1678 778 Deum
1727 731 1985 786 vestrum,

409 832 465 874 et
493 821 718 874 adn-rate
747 819 1022 873 nobiscum
1047 817 1211 883 idola,
1236 817 1324 885 qui
1347 827 1470 870 sunt
1497 816 1671 884 magni
1700 815 1768 868 dii
1794 814 1983 880 nostri,

404 915 500 981 qui
531 924 584 970 et
612 914 856 968 universa
889 910 1167 974 fecerunt;
1199 911 1241 964 si
1273 912 1351 965 eis
1378 925 1482 963 non
1527 908 1984 970 consenserimns,

413 1005 495 1058 vel
523 1020 639 1074 qum
666 1004 920 1072 iusserint
943 1019 1045 1056 non
1072 1003 1371 1068 fecerimus,
1395 1001 1488 1054 sed
1513 1015 1608 1068 pro
1631 998 1848 1052 nomine
1870 998 1986 1063 ejus

413 1106 760 1166 tyrannorum
798 1098 967 1150 minas
992 1105 1362 1164 tormentaque
1400 1094 1828 1158 toleraverimus,
1859 1107 1986 1146 con-

419 1190 562 1244 tinuo
592 1198 645 1244 et
676 1192 788 1259 ipse
819 1191 868 1242 in
900 1189 988 1243 illa
1021 1203 1116 1242 sua
1147 1188 1284 1242 felici
1333 1191 1570 1255 regione,
1601 1201 1780 1240 coram
1834 1185 1990 1240 Patre

413 1294 468 1338 et
492 1299 669 1338 coram
700 1284 896 1338 sanctis
928 1283 1036 1336 suis
1064 1283 1264 1352 angelis-
1291 1283 1633 1335 confitebitur
1660 1294 1778 1342 nos,
1809 1279 1859 1332 id
1884 1289 1985 1345 est,

416 1376 642 1438 amicos,
674 1383 727 1428 et
758 1374 981 1426 nimium
1027 1373 1218 1426 chains
1267 1373 1365 1426 sibi
1413 1371 1700 1424 constituet
1749 1385 1867 1422 nos.
1918 1369 1990 1423 De

415 1481 639 1536 quorum
674 1479 894 1520 numero
927 1465 1130 1518 exstitit
1179 1478 1319 1517 nunc
1367 1464 1454 1516 ille
1507 1474 1679 1515 vester
1720 1463 1903 1513 unicus
1939 1472 1993 1516 et

417 1559 635 1611 nimium
665 1566 880 1610 sanctus
914 1559 1116 1609 Astion.
1148 1555 1276 1608 Nam
1330 1564 1455 1609 ante
1504 1555 1600 1606 ltOs
1644 1555 1992 1634 paucissimos

414 1651 550 1715 dies,
583 1649 688 1702 dux
724 1647 1009 1718 provincia:
1043 1647 1198 1699 istius
1246 1647 1625 1709 Latronianus,
1673 1644 1798 1698 dum
1846 1659 1992 1698 com-

415 1744 642 1812 pelleret
670 1758 790 1796 enm
823 1751 879 1795 ut
907 1744 1196 1810 abnegat-et
1238 1739 1418 1794 Jesum
1467 1739 1756 1802 Christum,
1807 1753 1990 1790 verum

2096 542 2209 610 ejus
2239 545 2322 599 ille
2349 555 2450 610 est,
2481 548 2568 615 qui
2599 559 2653 602 et
2685 537 2959 613 Dominfts,
2991 562 3110 600 cum
3141 560 3246 614 quo
3294 561 3435 599 nunc
3479 543 3664 600 demo-

2096 644 2261 698 ratur,
2294 637 2382 704 qui
2411 647 2466 690 et
2493 646 2636 692 tanta
2669 639 2806 692 hooa
2833 643 2883 692 ei
2909 639 2958 692 in
2991 638 3165 692 futura
3189 636 3518 691 beatitudine
3537 652 3656 691 cun-

2093 727 2328 780 donavit.
2365 729 2428 781 Et
2457 728 2557 784 iste
2587 745 2711 784 vero
2739 731 2977 784 mortalis
3007 739 3110 795 est,
3141 737 3196 784 et
3225 729 3477 784 mortales
3529 729 3659 784 filios

2075 816 2286 883 ,habet;
2313 831 2365 874 et
2393 820 2517 873 dum
2550 830 2762 888 putatur
2787 831 2950 887 stare,
2980 822 3158 876 subito
3183 823 3359 885 cadit;
3383 822 3510 874 dum
3540 822 3664 876 dicit

2090 926 2148 965 se
2179 913 2357 966 vivere
2379 954 2393 977 ,
2424 925 2642 981 repente
2671 918 2914 977 moritur,
2945 931 3008 968 eo
3033 916 3174 983 quod
3223 931 3322 970 nec
3369 915 3470 968 iste
3517 915 3668 968 illum

2091 1002 2296 1057 Patrem
2329 1020 2511 1059 verum
2544 1007 2803 1074 agnoscit,
2831 1022 2986 1075 quem
3019 1007 3109 1060 ille
3161 1008 3412 1074 agnovit.
3443 1005 3514 1060 de
3563 1022 3674 1072 quo

2093 1095 2346 1162 scriptum
2375 1105 2456 1147 est
2490 1112 2503 1148 :
2530 1096 2686 1151 Pater
2711 1107 2908 1163 uoster,
2939 1099 3032 1167 qui
3055 1113 3115 1152 es
3148 1100 3198 1151 in
3228 1098 3400 1164 caelis,
3431 1097 3674 1154 sanctifi-

2093 1195 2245 1238 cetur
2275 1201 2469 1239 nomen
2499 1196 2664 1241 tuum.

2163 1276 2290 1329 Cap.
2323 1276 2491 1330 XXV.
2549 1309 2618 1318 —-
2647 1277 2809 1344 Igitur
2835 1294 2953 1331 cum
2983 1293 3078 1348 per
3109 1294 3266 1333 unam
3318 1280 3670 1350 septimanam

2093 1369 2232 1422 inter
2261 1384 2319 1424 se
2350 1368 2684 1438 disputarem
2714 1379 2767 1424 et
2791 1370 2989 1425 Christi
3037 1372 3302 1426 mirabilia
3333 1375 3576 1428 dicerent
3601 1373 3672 1427 ad

2095 1463 2327 1518 invicem
2360 1476 2414 1517 et
2436 1466 2662 1518 libenter
2690 1464 2954 1530 audirent,
2973 1465 3250 1534 .Domittica
3271 1467 3359 1521 die
3380 1467 3674 1521 advenien-

2097 1564 2167 1620 te,
2203 1555 2362 1609 ambo
2392 1556 2592 1622 pariter
2616 1556 2955 1610 crediderunt
2985 1556 3036 1632 in
3067 1557 3359 1610 Christum.
3387 1557 3532 1620 Quos
3578 1571 3674 1610 as-

2096 1663 2312 1702 sumens
2342 1648 2676 1717 Vigilautius,
2713 1648 2954 1717 perduxit
2979 1649 3354 1718 adquemdam
3387 1651 3669 1720 presbyte-

2096 1754 2214 1793 rum
2241 1749 2521 1803 sanctmn,
2567 1740 2784 1794 nomine
2831 1739 3122 1805 Bouosum,
3151 1740 3242 1808 qui
3288 1740 3674 1809 persecutionis

419 1835 566 1888 illum
598 1849 754 1902 quem
788 1849 884 1888 nos
915 1834 1142 1888 dicimus
1196 1836 1573 1900 imperatorem
1605 1831 1902 1894 caelestem,
1935 1837 1993 1884 ut
2024 1821 2070 1880 B
2096 1831 2425 1885 atrocitatem
2454 1831 2696 1887 devitans
2718 1873 2733 1898 ,
2762 1833 2814 1886 in
2843 1832 3071 1902 quodam
3100 1845 3316 1887 secreto
3341 1835 3458 1888 loco
3483 1833 3673 1887 occul-

417 1925 749 1978 consentiret
775 1923 892 1994 ejus
939 1924 1194 1977 voluntati
1233 1932 1287 1976 ct
1317 1923 1648 1976 daemonibus
1680 1921 1990 1976 famulatum

417 2017 710 2084 exhiberet,
749 2017 835 2070 ille
866 2017 1010 2070 nullo
1040 2018 1198 2070 modo
1228 2019 1574 2086 acquiescens
1599 2015 1835 2082 jussibus
1875 2015 1994 2084 ejus

418 2122 625 2176 parere,
656 2107 805 2162 fortis
836 2108 1020 2162 infide
1067 2125 1182 2173 sua,
1230 2120 1285 2163 et
1356 2124 1575 2162 nimium
1627 2124 1994 2178 magnanimus

419 2199 674 2253 adversus
703 2215 762 2254 ea
794 2216 911 2268 qua:
940 2199 1042 2254 sibi
1095 2201 1470 2268 ingerebantur
1516 2201 1675 2266 mala,
1725 2216 1843 2256 cum
1891 2201 1997 2256 alio

420 2291 646 2360 quodam
676 2292 966 2346 venerabili
989 2307 1118 2346 sene
1138 2292 1465 2359 Christiano,
1492 2294 1734 2362 Epicteto
1756 2294 1992 2363 nomine,

425 2385 651 2452 perSIitit
676 2400 843 2454 usque
869 2384 920 2438 in
952 2385 1109 2438 finem
1141 2385 1432 2439 immobilis
1464 2388 1514 2438 in
1543 2403 1636 2438 sua
1664 2395 1846 2439 sancta
1868 2401 1998 2439 con-

426 2476 676 2530 fessione.
707 2476 819 2530 Iloc
851 2478 1060 2532 intuens
1090 2475 1208 2544 ejus
1258 2478 1550 2543 imperator
1605 2479 1692 2531 ille
1739 2478 1997 2542 cmlestis,

425 2568 657 2622 et'valde
692 2568 962 2620 admirans
987 2567 1054 2622 de
1085 2567 1454 2622 benevolentia
1483 2576 1538 2623 et
1581 2571 1786 2624 sincera
1834 2572 2000 2640 ipsius

425 2675 549 2727 erga
582 2673 640 2712 se
665 2658 970 2725 dilectione,
1003 2659 1222 2712 mittens
1251 2665 1376 2713 suos
1424 2659 1721 2728 ministros,
1753 2659 1852 2714 hoc
1893 2669 1998 2727 est,

425 2752 729 2808 salutiferas
759 2752 1000 2820 angelos,
1028 2767 1146 2804 cum
1177 2751 1381 2819 ingenti
1405 2765 1527 2806 eum
1554 2752 1756 2806 honore
1779 2753 1830 2805 in
1853 2753 1999 2807 illam

425 2845 690 2897 civitatem
724 2842 811 2897 ubi
843 2844 954 2911 ipse
985 2842 1292 2897 demoratur
1326 2843 1632 2911 assumpsit.
1669 2853 1727 2896 ut
1757 2843 1827 2896 illi
1861 2859 2001 2907 prte-

428 2937 534 2991 niia
561 2938 904 3006 sempiterna,
940 2952 1033 3006 pro
1066 2952 1131 2991 eo
1163 2938 1301 3006 quod
1332 2937 1556 2992 viriliter
1603 2947 1790 2991 contra
1839 2938 2003 3006 ipsius

430 3031 769 3084 adversarios
799 3029 1099 3083 decertatus
1121 3031 1189 3082 sit
1219 3030 1566 3083 condonaret.
1618 3029 1680 3083 Et
1725 3029 1845 3083 ideo
1897 3039 2001 3083 tam

428 3125 635 3178 Astioni
663 3130 843 3178 vestro
872 3138 1028 3192 quam
1059 3121 1174 3190 ejus
1207 3124 1492 3183 similibus.
1523 3132 1774 3191 aptantur
1801 3137 1860 3176 ea
1884 3138 2001 3192 quas

2098 1932 2150 1978 te
2175 1923 2424 1993 degebat.
2451 1924 2550 1990 Qui
2571 1930 2739 1980 'orans
2762 1941 2859 1995 pro
2907 1927 2986 1980 eis
3035 1925 3385 1991 sufficienter,
3422 1937 3476 1980 et
3523 1935 3676 1980 cate-

2095 2013 2310 2068 cbizans
2342 2030 2435 2069 eos
2463 2015 2646 2069 eadem
2688 2015 2819 2070 hora
2848 2017 3262 2072 catechumenos
3306 2015 3446 2071 fecit.
3496 2015 3676 2084 Igitur

2096 2122 2216 2162 cum
2249 2107 2370 2161 inde
2395 2108 2595 2176 egressi
2628 2108 2879 2175 fuissent,
2907 2116 3186 2180 ctep’erunt
3212 2110 3390 2165 dicere
3419 2109 3491 2163 ad
3518 2109 3677 2178 Vigh

2100 2198 2319 2252 lantium
2353 2216 2364 2250 :
2399 2198 2536 2253 Ecce
2581 2199 2984 2270 adimplevimus
3031 2217 3092 2256 ea
3139 2217 3257 2270 quae
3303 2203 3353 2255 in
3399 2201 3534 2255 libro
3580 2201 3676 2256 illo

2099 2305 2252 2360 quem
2283 2291 2438 2344 nobis
2467 2291 2657 2346 dedisti
2689 2295 3029 2348 continentur
3058 2311 3074 2350 :
3105 2294 3224 2349 veni
3255 2293 3433 2361 modo,
3467 2303 3520 2348 et
3549 2294 3673 2349 the-

2098 2396 2310 2435 saurum
2343 2383 2487 2442 illum
2519 2384 2739 2439 ostende
2767 2385 2938 2449 nobis,
2969 2401 3124 2454 quem
3157 2387 3341 2440 Astion
3372 2397 3572 2451 noster,
3602 2393 3667 2439 nt

2100 2473 2215 2542 ipse
2263 2471 2561 2540 affirmasti,
2612 2475 2703 2528 tibi
2735 2475 3146 2531 commendavit.
3192 2476 3262 2530 Et
3311 2475 3620 2544 Vigilantius
3652 2492 3673 2530 :

2099 2563 2396 2633 Sequimini
2425 2581 2508 2618 me
2530 2607 2544 2629 ,
2570 2580 2667 2635 ego
2693 2583 2813 2620 cum
2839 2566 2988 2621 vobis
3015 2567 3129 2622 sine
3170 2582 3318 2622 mora
3361 2568 3535 2635 aliqua
3575 2567 3676 2622 de-

2100 2656 2430 2711 monstrabo.
2458 2656 2562 2711 Sed
2595 2658 2804 2712 interim
2835 2673 2954 2712 eum
2984 2659 3152 2714 habeo
3195 2660 3587 2725 absconditum,
3617 2669 3682 2714 et

2100 2748 2302 2813 nescio,
2331 2749 2375 2802 si
2408 2749 2564 2803 modo
2592 2764 2807 2818 possum
2836 2766 2956 2805 eum
3003 2749 3126 2805 inde
3171 2751 3390 2819 ejicere.
3437 2751 3596 2820 Ergo.
3626 2751 3687 2809 sit

2102 2840 2251 2916 vobis
2281 2841 2472 2908 placet,
2503 2843 2568 2898 de
2597 2845 2839 2909 noctibus
2868 2859 3050 2899 eamus
3078 2845 3142 2898 ad
3173 2845 3369 2908 locum,
3403 2854 3456 2899 et
3506 2859 3678 2914 usque

2101 2931 2167 2985 ad
2200 2931 2370 2988 lucem
2419 2934 2611 2988 ibidem
2663 2949 3071 3004 permaneamus
3117 2949 3423 3006 operantes,
3456 2937 3678 2996 forsitan

2107 3025 2402 3090 poterimus
2431 3040 2553 3079 eum
2585 3025 2844 3093 invenire,
2877 3043 2943 3082 eo
2970 3029 3108 3096 quod
3135 3029 3266 3083 satis
3292 3029 3438 3084 illum
3469 3030 3521 3084 in
3554 3046 3677 3099 pro-

2106 3114 2267 3168 fundo
2293 3117 2570 3172 abscondi.
2604 3119 2817 3174 Etcum
2871 3121 2952 3175 sol
3004 3121 3346 3191 declinasset,
3397 3137 3680 3178 assumens

426 3215 601 3284 legisti
633 3210 1009 3269 sacramenta:
1045 3215 1108 3270 Ut
1145 3229 1353 3279 omnes,
1405 3215 1596 3283 inquit,
1652 3227 1812 3268 unum
1865 3217 1995 3281 sint,
2023 3193 2071 3255 Ο
2101 3221 2194 3260 eos
2227 3206 2557 3274 Vigilantius,
2588 3207 2731 3265 foras
2759 3211 3026 3266 civitatem
3054 3227 3175 3266 cum
3230 3212 3332 3268 illis
3382 3213 3681 3281 egreditur.

429 3310 568 3362 sicut
599 3316 652 3361 tu
692 3305 850 3362 Pater
880 3309 930 3360 in
963 3322 1067 3371 tne,
1098 3317 1151 3360 et
1180 3322 1278 3376 ego
1303 3307 1358 3361 in
1386 3315 1476 3372 te;
1505 3315 1559 3364 ct
1599 3307 1696 3376 ipsi
1744 3309 1796 3360 in
1849 3307 2003 3362 nobis

433 3417 595 3454 unum
621 3401 748 3467 sint,
775 3409 832 3454 ut
857 3400 1040 3454 credat
1068 3401 1297 3454 mundus
1336 3401 1455 3468 quia
1488 3411 1542 3454 tu
1573 3416 1658 3453 me
1689 3401 1878 3454 misisti
1907 3418 1922 3467 ;
1952 3411 2005 3455 et

429 3510 530 3562 ego
556 3494 856 3548 claritatem
887 3508 1045 3558 quam
1075 3492 1266 3547 dedisti
1299 3492 1425 3546 mihi
1459 3492 1580 3547 dedi
1610 3491 1737 3559 illis,
1791 3503 1846 3546 ut
1896 3493 2003 3548 sint

431 3603 616 3655 unum,
651 3587 792 3642 sicut
820 3596 871 3640 et
919 3601 1018 3640 nos
1069 3602 1230 3640 unum
1285 3601 1492 3640 sumus.
1542 3581 1665 3640 Ideo
1707 3588 2004 3655 quicunque

431 3683 725 3740 meruerint
753 3692 872 3732 esse
900 3677 965 3732 de
996 3693 1216 3732 numero
1247 3678 1484 3731 Astionis
1515 3679 1698 3744 vestri,
1748 3693 1780 3731 ο
1831 3679 2002 3733 hono-

428 3774 608 3834 rabilis
638 3788 807 3842 paeer,
837 3773 1121 3825 Salvatoris
1152 3771 1322 3825 nostri
1371 3782 1634 3842 martyres
1684 3772 2002 3829 vocitantur.

502 3866 630 3919 Car.
667 3865 852 3919 XXIV.
884 3895 954 3904 —
981 3866 1046 3919 Et
1066 3876 1236 3920 mater
1255 3865 1320 3917 ad
1346 3865 1459 3920 haec
1488 3883 1501 3918 :
1534 3864 1630 3932 Ne,
1652 3865 1840 3932 inquit,
1862 3880 2006 3918 mor-

433 3965 554 4010 tuus
601 3965 701 4020 est,
731 3965 785 4008 et
814 3969 916 4008 non
946 3956 1025 4009 vis
1071 3956 1224 4009 nobis
1250 3954 1423 4010 facere
1453 3954 1830 4009 manifestum?
1866 3955 2006 4024 Vigio

433 4049 628 4102 lautius
677 4047 947 4114 respondit
991 4063 1008 4103 :
1056 4046 1248 4101 Mortui
1291 4061 1388 4100 nos
1431 4061 1634 4109 sumus,
1668 4046 1757 4115 qui
1805 4045 1858 4099 in
1909 4048 2007 4102 hac

439 4138 648 4191 mortali
678 4152 836 4190 carne
863 4135 1126 4206 degimus,
1158 4147 1207 4194 et
1239 4139 1292 4192 in
1339 4137 1439 4192 hoc
1469 4138 1664 4192 saeculo
1696 4153 1856 4200 vano,
1889 4138 2009 4192 abs-

435 4247 541 4301 que
566 4230 745 4284 notitia
771 4231 932 4283 nostri
957 4232 1166 4283 factoris
1189 4230 1421 4284 existere
1443 4233 1704 4284 videmur.
1728 4229 1855 4283 Nam
1884 4245 2008 4283 vera

435 4325 542 4376 vita
577 4322 648 4376 ibi
678 4329 793 4388 est,
825 4331 874 4374 et
901 4337 1055 4374 verus
1085 4321 1236 4374 cibus
1266 4329 1522 4388 potusque
1545 4321 1738 4373 ibidem
1764 4319 2004 4384 habetur,

435 4430 502 4469 ac
529 4414 756 4482 dignitas
784 4413 897 4468 sine
924 4411 1060 4476 ﬁne,
1091 4412 1174 4466 his
1201 4412 1292 4481 qui
1322 4411 1623 4466 meruerunt
1653 4428 1768 4467 eam
1799 4413 2008 4482 accipe-

438 4523 498 4562 re
525 4523 539 4572 ;
575 4507 642 4560 ibi
675 4516 753 4560 est
783 4507 869 4558 ubi
898 4520 1108 4572 semper
1135 4505 1507 4558 immortalitas
1555 4513 1757 4573 regnat,
1788 4514 1842 4558 et
1890 4520 2006 4572 per-

2106 3301 2171 3354 Et
2213 3301 2579 3369 pervenientes
2609 3301 2674 3356 ad
2723 3303 3026 3371 sepulcrum
3068 3313 3393 3371 Sanctorum,
3423 3305 3682 3361 admonet

2103 3409 2196 3450 eos
2239 3409 2418 3449 secum
2468 3405 2634 3448 totam
2685 3403 2893 3450 noctem
2939 3396 2992 3450 in
3040 3397 3368 3451 orationibus
3431 3398 3680 3468 vigilare.

2103 3485 2344 3555 Cumque
2369 3486 2478 3556 jam
2510 3503 2701 3540 aurora
2734 3487 3070 3554 ascenderet,
3100 3498 3154 3544 et
3203 3491 3379 3544 lucere
3417 3488 3683 3558 inciperet

2105 3578 2237 3642 dies,
2267 3594 2395 3634 ecce
2447 3581 2630 3636 vident
2675 3581 2853 3636 subito
2895 3581 3036 3636 circa
3081 3597 3142 3636 se
3188 3582 3367 3636 lumen
3406 3581 3684 3638 refulsisse

2104 3670 2450 3736 immensum,
2482 3674 2546 3726 ac
2577 3674 2796 3728 nimium
2827 3674 3106 3740 suavitatis
3147 3673 3367 3729 odorem
3417 3673 3680 3743 fragrare,

2104 3773 2424 3831 sanctosque
2453 3771 2742 3830 martyres,
2773 3764 2866 3834 qui
2891 3763 3000 3834 jam
3022 3763 3380 3828 dormierant,
3413 3766 3464 3817 in
3492 3780 3685 3832 corpo-

2105 3869 2164 3908 re
2187 3855 2335 3922 juxta
2368 3871 2427 3911 se
2456 3858 2774 3922 consistere,
2804 3873 2868 3913 ac
2916 3857 3196 3911 Dominum
3249 3872 3430 3912 secum
3480 3857 3686 3911 collau-

2106 3948 2254 4018 dare.
2289 3951 2437 4004 Tunc
2483 3963 2698 4006 sanctus
2751 3952 2937 4007 Astiou
2991 3951 3200 4006 irruens
3254 3953 3306 4004 in
3350 3948 3686 4018 amplexibus

2109 4044 2294 4099 matris
2323 4045 2478 4113 223
2509 4060 2639 4110 sum,
2664 4044 2830 4112 coepit
2859 4044 3088 4098 osculari
3119 4059 3261 4110 eam,
3287 4045 3468 4098 dicens
3496 4061 3509 4096 :
3539 4045 3686 4102 Bene

2111 4137 2372 4200 advenisti
2403 4152 2468 4189 ex
2502 4138 2731 4191 Orientis
2763 4139 3022 4206 partibus,
3049 4153 3081 4192 ο
3103 4139 3359 4207 di~cipula
3389 4137 3610 4203 Christi,
3632 4149 3689 4193 et

2111 4244 2226 4284 mea
2253 4241 2420 4283 mater
2445 4229 2770 4285 Marcelliua.
2800 4223 3057 4286 Similiier
3081 4242 3135 4285 et
3173 4230 3514 4286 beatissimus
3559 4231 3685 4300 Epi-

2110 4328 2284 4372 ctetus
2316 4318 2667 4387 apprehenso
2711 4319 2883 4387 capite
2931 4320 3027 4374 viri
3073 4321 3231 4388 ejus,
3275 4321 3681 4375 exosculabatur

2112 4423 2260 4474 eum,
2289 4408 2473 4462 dicens
2496 4424 2511 4465 ;
2545 4409 2750 4464 Laetare
2778 4410 2831 4463 in
2865 4409 3114 4477 Domino,
3140 4427 3172 4463 ο
3193 4411 3489 4465 dulcissime
3509 4411 3676 4462 frater

2115 4504 2437 4568 Alexander,
2466 4519 2531 4559 eo
2560 4505 2698 4572 quod
2727 4505 2918 4576 dignus
2947 4505 3160 4560 habitus
3183 4521 3238 4561 es
3279 4506 3329 4558 in
3357 4517 3576 4558 numero
3607 4501 3674 4556 II-

438 4611 595 4667 petua
625 4598 809 4665 gaudia
840 4606 1258 4649 commorantur.
1288 4594 1439 4648 Tunc
1490 4603 1694 4647 mater:
1730 4593 2006 4659 Volebam,
2043 4576 2089 4634 Ῑ)
2114 4596 2308 4650 delium
2340 4596 2604 4664 deputari,
2631 4607 2679 4650 et
2712 4613 2996 4664 perennem
3048 4597 3412 4654 beatitudinem
3462 4611 3680 4664 prome-

437 4692 632 4761 inquit,
667 4689 824 4743 modo
849 4704 968 4743 eum
997 4687 1179 4742 videre
1210 4687 1260 4740 in
1293 4686 1380 4740 illa
1407 4687 1573 4756 gloria
1609 4686 2008 4740 consistentem.

436 4781 669 4836 Putasne
718 4794 1007 4848 agnoscere
1055 4795 1139 4832 me
1185 4778 1394 4844 habeat,
1455 4793 1520 4830 eo
1586 4775 1728 4845 quod
1779 4778 2007 4842 genitrix

438 4874 552 4943 ejus
584 4872 771 4926 fuerim
817 4869 1136 4940 aliquando?
1182 4870 1284 4922 Aut
1330 4870 1464 4923 forte
1513 4871 1564 4922 in
1618 4877 1764 4922 tanto
1811 4869 2009 4933 hoiiore

439 4966 634 5020 ibidem
668 4964 894 5032 positus,
927 4972 982 5015 ut
1012 4960 1164 5024 dicis,
1198 4960 1354 5014 modo
1387 4960 1648 5024 inspicere
1681 4968 2008 5023 contemnet,

440 5074 506 5112 eo
535 5057 672 5125 quod
706 5054 1147 5124 pulchritudinem
1175 5053 1280 5106 mei
1315 5053 1514 5119 vultus,
1548 5054 1716 5126 ipsum
1775 5052 2008 5121 lugendo

442 5150 633 5204 amisi?
665 5149 730 5202 Et
754 5148 1068 5217 Vigilantius
1099 5164 1112 5201 :
1145 5147 1202 5202 Si
1232 5147 1416 5202 feceris
1462 5145 1638 5215 itaque
1667 5161 1784 5214 quae
1815 5147 2010 5214 scripta

441 5251 568 5296 sunt
599 5243 650 5293 in
680 5241 780 5293 hoc
807 5240 964 5308 libro,
988 5256 1144 5309 quem
1175 5239 1301 5293 mihi
1336 5239 1621 5307 dereliquit
1648 5250 1862 5291 saueius
1892 5239 2007 5305 Epi-

443 5345 613 5385 ctetus
642 5340 696 5385 et
725 5332 930 5390 Astiun,
964 5339 1018 5385 et
1045 5331 1336 5387 credideris
1364 5346 1433 5386 ex
1467 5341 1577 5384 toto
1606 5331 1768 5385 corde
1822 5331 1872 5384 in
1922 5331 2014 5385 Je-

446 5442 562 5479 sum
595 5424 861 5479 Christum
889 5440 1066 5495 regem
1092 5427 1279 5494 ipsius,
1313 5427 1364 5481 in
1387 5443 1544 5496 quem
1566 5436 1621 5481 et
1647 5428 1748 5484 iste
1769 5428 2011 5492 credidit,

426 5529 646 5603 'poterts
676 5535 794 5573 eum
825 5518 1021 5573 videre.
1053 5519 1144 5573 Sin
1191 5535 1317 5574 vero
1361 5520 1596 5576 nolueris
1644 5523 1884 5590 credere,
1918 5523 2018 5577 im-

453 5611 705 5682 possibile
735 5619 898 5666 estut
926 5620 978 5665 tu
1026 5610 1173 5666 illum
1221 5613 1421 5681 videas,
1467 5616 1548 5670 vel
1602 5626 1821 5670 matrem
1867 5633 2014 5671 suam

449 5705 687 5761 nominet
718 5703 1032 5774 aliquando,
1059 5717 1124 5759 eo
1151 5703 1292 5772 quod
1342 5704 1615 5760 incredula
1663 5708 1912 5762 exstitisti
1962 5706 2014 5760 in

452 5797 715 5855 mandatis
739 5795 909 5850 Patris
935 5795 1116 5866 ipsius.
1150 5794 1215 5850 Et
1237 5804 1403 5850 mater
1432 5816 1443 5848 :
1474 5793 1631 5864 Ecce,
1658 5796 1843 5865 inquit,
1871 5802 2019 5865 pater

2115 4691 2238 4744 reri.
2273 4689 2375 4744 Sed
2405 4699 2460 4743 et
2488 4690 2552 4742 ad
2587 4689 2924 4758 Vigilantium
2967 4692 3217 4747 dixerunt
3247 4709 3259 4744 :
3291 4691 3474 4745 Gaude
3521 4699 3577 4744 et
3625 4698 3684 4744 tu

2114 4781 2167 4834 in
2201 4781 2442 4843 Domino,
2474 4795 2507 4834 ο
2553 4779 2860 4836 dulcissime
2909 4782 3073 4838 frater
3123 4783 3384 4853 Vigilanti,
3434 4797 3498 4836 eo
3542 4781 3686 4850 quod

2113 4874 2302 4941 dignus
2333 4873 2548 4926 effectus
2575 4889 2634 4927 es
2660 4882 2718 4926 ut
2745 4876 3022 4942 impleatur
3049 4877 3101 4928 in
3135 4885 3207 4938 te,
3241 4875 3380 4943 quod
3427 4874 3687 4940 scriptum

2116 4975 2198 5020 est
2231 4983 2243 5019 :
2275 4966 2406 5034 Quia
2437 4968 2524 5036 qui
2555 4969 2792 5022 converti
2825 4968 3010 5022 fecerit
3039 4981 3379 5038 peccatorem
3409 4968 3476 5022 ab
3504 4981 3690 5023 errore

2115 5059 2214 5111 viae
2262 5073 2391 5119 suae,
2426 5059 2653 5112 salvahit
2695 5059 2921 5114 animam
2971 5061 3084 5130 ejus
3115 5077 3144 5114 a
3178 5070 3370 5124 morte,
3419 5070 3472 5115 et
3518 5060 3690 5128 Operit

2116 5151 2506 5205 multitudinem
2533 5139 2892 5218 peccatorum.

2187 5241 2316 5297 (ΖΑΡ.
2352 5241 2784 5296 ΧΧνΙ.-Τυιιο
2805 5254 3016 5297 sanctus
3044 5244 3228 5297 Astion
3259 5243 3358 5297 hoc
3386 5241 3548 5295 modo
3572 5255 3689 5296 cm-

2121 5332 2198 5400 pit
2240 5334 2421 5386 dicere
2466 5334 2529 5386 ad
2569 5343 2829 5388 matrem:
2861 5335 2904 5388 0
2950 5336 3256 5389 dulcissima
3306 5350 3368 5388 ac
3416 5334 3696 5388 benedicta

2123 5424 2336 5475 domina
2367 5437 2484 5477 mea
2512 5433 2699 5488 mater,
2733 5426 2819 5479 illa
2860 5427 3034 5478 omnia
3084 5442 3200 5494 qua:
3246 5427 3296 5480 in
3348 5433 3696 5479 sacrosancto

2129 5515 2413 5584 Evangelia
2441 5515 2636 5570 Christi
2678 5517 2884 5570 Domini
2927 5520 3091 5571 nostri
3133 5520 3332 5584 scripta
3373 5525 3534 5582 sunt,
3562 5531 3693 5571 vera

2126 5615 2248 5658 sunt
2275 5618 2322 5658 el
2358 5607 2525 5660 firma.
2565 5606 2773 5663 FeStina
2802 5622 2926 5675 ergo
2956 5624 3015 5661 ea
3047 5610 3165 5664 sine
3195 5625 3343 5664 mora
3376 5611 3554 5677 aliqua
3589 5606 3692 5660 atl-

2127 5697 2380 5778 implere,
2418 5710 2467 5752 ut
2495 5717 2554 5752 ea
2599 5718 2718 5770 qua:
2749 5701 2853 5753 illic
2881 5701 3074 5767 scripta
3117 5712 3241 5756 sunt
3283 5699 3540 5767 consequi
3571 5713 3698 5768 pro-

2132 5792 2404 5846 merearis.
2439 5793 2598 5863 Igitur
2630 5792 2924 5862 portionem
2972 5793 3102 5848 mihi
3151 5796 3217 5848 de
3266 5805 3357 5850 tua
3404 5791 3700 5846 substantia
