4010 6232
248 334 357 396 H5

550 333 711 392 VITA
749 323 1165 388 SANCTORUM
1207 314 1514 376 EPICTETI
1561 311 1990 370 PRESBYTERI
2031 313 2118 366 ET
2159 311 2469 369 ASTIUNIS
2509 313 2838 368 MONACIII.
2881 313 3204 371 NOTATIO.

3386 315 3507 369 λιιι»

245 457 641 524 obtingantem,
673 462 771 518 pro
801 459 918 500 mea
945 441 1126 510 requie
1155 439 1269 505 (II)
1295 452 1357 489 ac
1388 445 1471 488 tua
1503 434 1672 487 salute
1697 445 1822 498 pau-
1860 429 1906 488 Α
1934 429 2161 493 Bonoso,
2191 429 2254 482 ad
2286 445 2404 483 eum
2431 430 2813 498 perduxerunt,
2839 442 3272 502 exponentesque
3299 432 3376 488 illi
3409 449 3504 503 per

249 549 474 612 peribus
519 543 698 600 divide
741 555 805 594 ac
850 538 1128 597 distribue,
1179 539 1236 584 ut
1277 530 1354 582 sic
1399 529 1655 581 merearis
1700 538 1821 575 cum

243 638 478 711 justititn
507 647 708 690 corona
739 638 794 684 et
835 627 987 682 bonis
1034 623 1286 691 operibus
1329 621 1576 674 decorata
1620 616 1684 668 ad
1732 631 1828 668 nos

250 708 568 800 pervenire.
603 725 670 779 Et
699 734 904 776 mater:
937 717 1112 780 Bene,
1140 712 1343 783 inquit,
1369 711 1583 764 haberis
1624 725 1653 762 a
1686 708 1828 774 Rege

249 832 362 885 tuo,
389 834 494 873 seu
520 833 550 870 a
582 811 932 869 familiaribus
953 807 1088 877 ejus,
1117 805 1423 858 dulcissime
1449 802 1558 855 fili?
1585 801 1827 862 Βθεειοη-

245 913 323 966 dit
354 913 554 966 Astion
581 927 596 962 :
623 907 678 961 ιιι
722 913 920 958 tantum
969 899 1105 966 dego
1154 898 1303 960 bene,
1361 903 1418 948 ut
1464 894 1694 964 qualiter
1733 892 1829 946 tibi

249 1017 525 1069 exponam
556 1001 818 1060 nesciam;
855 995 1019 1049 filium
1049 1008 1276 1061 namque
1306 1006 1460 1045 suum
1493 989 1747 1043 Dominus
1768 1002 1830 1041 ac

259 1095 397 1149 Deus
429 1101 642 1154 noster,
673 1107 734 1144 ex
763 1103 920 1143 servo
954 1102 1045 1154 per
1071 1100 1216 1138 suam
1244 1085 1466 1153 gratiam
1497 1097 1583 1135 me
1608 1081 1830 1148 adopta-

254 1189 349 1248 vit,
383 1187 439 1237 in
477 1185 690 1238 civitate
719 1196 812 1235 sua
841 1179 1171 1233 mansionem
1207 1176 1334 1229 mihi
1373 1174 1571 1236 tribuit,
1607 1173 1656 1226 in
1689 1172 1830 1240 pala-

254 1282 324 1332 tio
349 1292 459 1332 suo
491 1277 718 1330 militare
747 1289 832 1327 me
867 1270 1028 1337 fecit,
1059 1271 1199 1324 inter
1236 1278 1509 1322 senatores
1543 1265 1828 1320 maximam

259 1373 575 1439 dignitatem
619 1367 749 1422 mihi
802 1365 1153 1426 condonavit,
1202 1361 1428 1430 paradisi
1466 1359 1829 1414 amoenitatem

261 1459 387 1515 milii
422 1459 493 1513 ad
519 1457 743 1512 delicias
785 1453 1019 1508 tradidit.
1057 1451 1161 1506 Sed
1204 1460 1256 1505 et
1301 1449 1531 1504 ministri
1572 1448 1685 1515 ejus
1719 1459 1832 1499 tau-

263 1567 415 1623 quam
444 1550 514 1606 tle
544 1550 656 1604 suis
686 1562 770 1600 me
800 1546 998 1598 habere
1026 1542 1220 1612 dignati
1264 1547 1422 1603 sunt,
1473 1553 1536 1592 ac
1585 1537 1830 1606 diligunt.

269 1646 431 1716 Pergo
460 1655 690 1709 namque
713 1655 832 1694 cum
862 1637 941 1692 eis
968 1652 1060 1704 per
1086 1632 1319 1700 singulos
1346 1631 1462 1684 dies
1499 1628 1564 1682 ad
1619 1627 1836 1681 visitan-

283 1739 399 1793 dum
423 1736 682 1797 infirmos,
703 1733 765 1786 ad
788 1729 1100 1786 elevandum
1117 1727 1312 1804 “elisos,
1343 1724 1408 1778 ad
1431 1720 1830 1777 illuminandum

1930 521 2172 604 ordinem
2216 524 2404 575 cuncta
2440 537 2557 591 qua:
2600 530 2717 575 acta
2763 521 3031 584 fuissent,
3059 522 3318 591 rogabant
3361 526 3506 580 utin

1931 627 2154 667 numero
2186 613 2420 667 fidelium
2443 628 2535 667 eos
2556 612 2771 668 f‘liristo
2808 622 3168 666 consecraret.
3200 614 3267 668 At
3298 614 3386 666 ille
3412 615 3502 666 ni-

1931 706 2092 760 mium
2119 703 2334 774 gavisus
2367 704 2421 757 in
2456 704 2677 758 Domino
2702 745 2718 770 ,
2770 719 3048 758 assumens
3078 719 3172 758 eos
3199 745 3215 768 ,
3244 712 3302 758 et
3342 719 3509 774 orans

1932 813 2028 866 pro
2057 798 2135 851 eis
2161 798 2510 863 sufﬁcienter,
2545 807 2937 852 sacramentum
2970 797 3223 865 baptismi
3255 797 3494 852 tradidit.

1935 889 1996 942 Et
2013 891 2260 942 exultans
2284 904 2401 941 cum
2425 895 2500 941 eis
2525 904 2616 956 per
2642 888 2755 942 dies
2781 897 2922 951 octo,
2951 889 3001 941 in
3026 889 3182 942 aliam
3206 889 3499 953 civitatem,

1932 996 2050 1048 quae
2087 981 2138 1036 in
2167 983 2407 1050 proximo
2453 983 2692 1044 habetur,
2720 983 2996 1037 remeavit.
3039 982 3278 1052 Cumque
3318 996 3499 1035 sacer-

1933 1081 2030 1132 dos
2061 1077 2264 1131 I)omini
2305 1077 2426 1130 inde
2470 1087 2781 1146 remeasset,
2835 1079 3010 1132 taliter
3045 1079 3111 1133 ad
3159 1079 3500 1149 Vigilantiam

1935 1169 2235 1222 Alexander
2283 1182 2334 1222 et
2375 1169 2680 1223 Marcellina
2731 1169 2915 1224 dicere
2959 1180 3236 1238 cmperunt
3281 1187 3294 1222 :
3343 1168 3505 1226 Multa

1935 1256 2188 1310 beneficia
2238 1264 2324 1311 tua
2365 1273 2490 1326 erga
2531 1273 2626 1311 nos
2669 1259 2952 1322 habentur,
3001 1275 3033 1312 ο
3063 1259 3405 1314 dilectissime
3451 1266 3507 1316 et

1938 1347 2156 1400 nimium
2189 1347 2338 1401 nobis
2366 1349 2610 1401 amabilis
2643 1348 2827 1412 frater,
2853 1365 2916 1404 eo
2942 1349 3082 1417 quod
3115 1366 3205 1417 per
3233 1359 3377 1403 tuam
3411 1364 3499 1402 sa-

1938 1438 2202 1493 lutiferam
2241 1440 2540 1492 doctrinam
2581 1440 2763 1508 juguin
2799 1440 2991 1493 diaboli
3037 1442 3330 1495 meruimus
3376 1455 3502 1495 eva-

1937 1529 2083 1595 dere,
2110 1541 2164 1584 et
2191 1530 2256 1584 ad
2280 1529 2475 1584 Christi
2500 1531 2788 1585 Salvatoris
2820 1533 2988 1584 nostri
3036 1535 3276 1586 notitiam
3318 1547 3509 1602 perve«

1938 1621 2070 1674 nire.
2105 1620 2376 1686 Siquidem
2408 1622 2567 1674 nimis
2595 1620 2778 1674 existis
2801 1622 2851 1674 in
2877 1621 3135 1686 sapientia
3159 1623 3421 1690 gloriosus
3450 1623 3503 1676 in

1937 1723 2116 1766 sancta
2145 1713 2367 1766 ecclesia
2391 1755 2406 1778 ,
2437 1714 2724 1781 przeclarus
2766 1715 2817 1768 in
2864 1713 3122 1768 doctrin-.12
3152 1715 3352 1781 gratia;
3387 1729 3509 1782 per-

277 1845 473 1893 οωεος,
525 1827 594 1881 ad
642 1823 950 1880 saltandum
1009 1820 1371 1889 periclitantes
1433 1817 1484 1869 in
1544 1812 1717 1878 mari,
1765 1810 1831 1864 ad
1867 1807 2127 1878 Bfecmm
2182 1804 2384 1860 habens
2431 1806 2771 1860 dilectionem
2826 1823 2950 1875 erga
3010 1807 3180 1860 sancti
3239 1805 3509 1874 Evangelii

273 1921 676 1992 expugnandum
724 1925 908 1988 gentes
942 1915 1193 1969 barbaras
1240 1910 1538 1978 pratlianles
1569 1910 1619 1961 iu
1652 1918 1826 1972 terra,

265 2011 332 2066 ad
363 2010 744 2065 consolandum
777 2013 1020 2066 mmstus,
1051 2003 1115 2054 ad
1143 1999 1536 2055 defendendum
1566 1995 1829 2063 impoteno

268 2115 374 2166 tes,
410 2113 571 2171 atque
599 2098 896 2168 eflugandos
925 2096 1196 2149 daemones
1225 2092 1291 2146 de
1322 2091 1555 2144 obsessis
1593 2088 1834 2156 corpori-

272 2194 398 2255 bus,
428 2193 482 2246 in
513 2192 727 2246 uoinine
756 2189 955 2242 Domini
1001 2185 1168 2240 nostri
1212 2185 1338 2238 .Iesu
1388 2181 1601 2235 Christi.
1627 2179 1732 2233 Sed
1778 2183 1834 2230 et

271 2285 520 2355 quotidie
550 2286 614 2336 de
639 2282 784 2336 vobis
809 2280 928 2333 mihi
959 2277 1285 2347 principium,
1306 2276 1569 2328 dicentes:
1593 2275 1833 2325 Admone

271 2384 481 2442 patrem
509 2381 652 2425 tuum
673 2386 716 2424 e:
736 2380 971 2436 matrem,
995 2377 1049 2420 ut
1066 2367 1130 2420 ad
1157 2366 1266 2418 Iitec
1288 2363 1593 2432 perveniant.
1616 2360 1754 2413 loca.
1771 2359 1834 2412 Et

267 2476 481 2519 mater:
507 2467 810 2533 Agnoscunt
827 2463 999 2529 itaque
1021 2475 1136 2523 nos,
1164 2457 1236 2510 fili
1261 2445 1365 2510 mi?
1389 2455 1684 2522 Respondit
1709 2466 1833 2503 san-

265 2568 382 2612 ctus
395 2558 674 2624 Astion,et
689 2556 814 2608 dixit
832 2572 841 2606 :
862 2553 1087 2607 Nimium
1103 2567 1195 2606 vos
1213 2549 1434 2618 diligunt
1451 2555 1503 2602 et
1519 2551 1829 2615 agnoscunt,

252 2647 478 2701 ‘domina
502 2656 708 2699 mater:
731 2630 924 2696 tantum
949 2643 992 2695 si
1018 2652 1189 2696 vestra
1213 2640 1456 2693 voluntas
1476 2647 1556 2692 est
1582 2649 1834 2704 agnosce-

271 2755 328 2798 re
345 2751 531 2808 eos,ut
547 2740 611 2793 ad
629 2740 765 2792 illam
789 2737 1166 2792 beatitudinem
1184 2735 1300 2790 sine
1318 2734 1485 2802 aliqua
1505 2730 1836 2785 dubitatione

278 2831 492 2900 possitis
523 2827 826 2898 pervenire.
873 2827 937 2880 Et
986 2836 1176 2889 mater,
1211 2840 1316 2892 pra:
1347 2821 1510 2875 nimio
1536 2819 1729 2889 gaudio
1760 2816 1837 2871 fe—

284 2923 426 2977 riens
447 2936 622 2990 pectus
649 2934 828 2984 suum,
860 2917 1069 2972 dicebat
1098 2935 1109 2968 :
1139 2916 1297 2970 Putas
1317 2911 1636 2983 quandoque
1656 2907 1834 2963 infelix

287 3025 339 3070 et
367 3015 552 3069 misera
578 3013 698 3066 illuc
724 3009 1060 3078 perveniam?
1088 3009 1150 3060 Et
1170 3004 1507 3060 beatissimus
1539 3003 1718 3055 Astion
1750 3014 1835 3053 re-

289 3107 526 3178 spondit:
558 3107 611 3162 Si
663 3104 955 3160 credideris
991 3098 1220 3169 perferte
1249 3101 1300 3153 iit
1337 3097 1516 3152 Jesum
1568 3094 1837 3149 Christum

1932 1897 2263 1967 religionem,
2292 1906 2344 1952 et
2374 1898 2598 1950 nimium
2632 1913 2868 1951 amorem
2903 1897 2953 1950 iu
2988 1897 3391 1967 peregrinorum
3416 1912 3509 1949 suo

1932 1991 2221 2058 sceptione,
2251 1991 2667 2045 inenarrabilem
2700 1991 3126 2045 benevolentiam
3158 1992 3294 2045 circa
3338 1991 3510 2059 impo-

1931 2086 2153 2138 tentium
2187 2083 2579 2150 defensionem,
2612 2101 2703 2139 seu
2735 2085 3066 2138 infirmorum
3096 2084 3452 2137 visitationem
3480 2099 3493 2146 ;

1933 2176 2142 2232 fervens
2171 2179 2289 2232 fidei
2313 2178 2491 2231 calore
2514 2193 2635 2246 erga
2673 2177 2934 2231 idolorum
2958 2177 3398 2239 destructionem,
3422 2173 3507 2228 vel

1932 2284 2230 2327 sanctorum
2263 2283 2551 2342 martyrum
2584 2285 2851 2336 amorem;
2886 2285 2949 2324 ac
2979 2269 3268 2323 secundum
3300 2269 3372 2322 tui
3407 2282 3501 2320 no-
3545 2255 3562 2270 ’

1934 2364 2094 2416 minis
2125 2373 2515 2417 sacramentum
2539 2403 2553 2427 ,
2586 2361 2805 2429 vigilans
2833 2359 3019 2415 existis
3049 2359 3100 2412 in
3130 2359 3336 2412 cunetis
3357 2357 3512 2412 bonis

1935 2458 2184 2523 operibus
2217 2465 2434 2524 propter
2477 2455 2566 2508 Dei
2599 2468 2860 2508 amorem.
2906 2453 3071 2522 Igitur
3101 2450 3233 2504 nihil
3262 2450 3403 2504 aliud
3433 2462 3514 2504 est

1935 2549 2000 2600 de
2032 2558 2080 2601 te
2113 2545 2560 2614 prmuutiandum
2585 2585 2599 2610 ,
2631 2544 2730 2599 nisi
2754 2560 2818 2597 eo
2847 2544 2986 2612 quod
3041 2559 3176 2595 unus
3216 2556 3282 2594 ex
3315 2541 3514 2596 intimis

1940 2641 2028 2694 Dei
2060 2638 2245 2692 amicis
2275 2637 2502 2690 haberis.
2538 2636 2601 2689 Et
2626 2635 2738 2689 haec
2764 2635 3024 2698 dicentes,
3058 2644 3166 2687 tam
3201 2648 3320 2687 eum
3351 2647 3510 2700 quam

1937 2746 2174 2784 sanetum
2228 2745 2289 2784 ac
2315 2725 2672 2782 venerabilem
2706 2727 3073 2795 presbyterum
3105 2726 3370 2778 [lanosum
3415 2722 3513 2775 du-

1938 2832 2116 2877 cisntes
2141 2837 2318 2878 secum
2349 2822 2413 2875 ad
2447 2820 2714 2887 proprizim
2747 2819 3042 2883 civitatein,
3076 2817 3272 2869 hilares
3300 2815 3504 2876 animo,

1938 2924 1992 2967 et
2037 2914 2255 2982 perfecti
2304 2913 2354 2965 in
2407 2912 2629 2964 Domino
2676 2919 3014 2973 remearunt;
3060 2919 3218 2976 atque
3271 2907 3514 2960 universa

1941 3008 2075 3060 bona
2099 3019 2192 3058 sua
2218 3003 2492 3071 egentibus
2519 3000 2922 3078 distribuentes,
2954 2999 3324 3070 glorificabant
3348 2997 3514 3053 Deum

1942 3096 2148 3149 Patrem
2177 3095 2621 3162 omnipotentem,
2652 3092 2739 3160 qui
2767 3107 2858 3146 eos
2887 3093 2952 3145 de
2976 3090 3212 3145 tenebris
3243 3091 3308 3143 ad
3336 3090 3516 3158 cogni-

285 3199 557 3254 Dominum
589 3213 650 3250 ac
679 3197 842 3251 Deum
874 3203 1108 3248 nostrum
1139 3234 1153 3256 ,
1193 3187 1637 3260 quemadmodum
1665 3184 1833 3239 credi-
1864 3198 1910 3259 ο
1942 3188 2100 3242 tionis
2128 3202 2236 3240 sua:
2267 3188 2442 3239 lumen
2474 3186 2766 3254 perducere
2796 3184 3039 3252 dignatus
3068 3192 3168 3236 est.

277 3293 347 3345 dit
379 3289 727 3360 Vigilantius,
777 3296 935 3356 atque
967 3286 1140 3339 omnia
1189 3285 1325 3337 bona
1375 3293 1462 3336 tua
1503 3279 1839 3334 distribueris

278 3382 659 3449 indigentibus,
691 3380 808 3434 sine
839 3378 998 3432 dubio
1027 3387 1080 3431 et
1110 3377 1291 3430 vivere
1317 3385 1370 3428 et
1399 3375 1642 3428 exultare
1675 3371 1840 3424 babes

280 3488 482 3528 mecum
515 3475 568 3524 in
597 3471 706 3533 illa,
731 3470 780 3522 in
807 3484 907 3537 qua
937 3477 992 3522 et
1021 3483 1117 3535 ego
1145 3467 1278 3533 dego
1299 3508 1312 3530 ,
1345 3463 1672 3520 beatitudine
1703 3475 1843 3514 scm-

286 3565 508 3632 piterua.
544 3563 785 3633 Cumque
817 3562 898 3615 his
925 3573 976 3615 et
1006 3559 1371 3628 huiuscemodi
1415 3559 1591 3612 verbis
1631 3555 1845 3610 athletae

290 3659 475 3714 Christi
505 3659 748 3711 instructi
771 3663 970 3718 essent,
1005 3661 1342 3707 recesserunt
1375 3651 1442 3705 ab
1464 3651 1561 3704 eis.

365 3752 481 3805 CAP.
512 3746 731 3803 XXVII.
755 3775 826 3786 —
851 3746 1012 3815 Igitur
1052 3758 1174 3797 cum
1201 3742 1603 3812 quadragesima
1647 3738 1843 3793 dormi-

299 3846 443 3898 tinnis
485 3857 674 3898 eorum
733 3840 846 3894 dies
903 3837 1210 3901 illuxisset,
1254 3846 1307 3888 et
1358 3834 1554 3888 Christi
1613 3833 1850 3901 pontifex

290 3937 620 4000 evangelicus
653 3934 704 3986 in
728 3931 917 3985 urbem
943 3928 1373 3983 Almiridensium
1404 3926 1730 3989 devertisset,
1765 3939 1850 3975 as-

290 4047 504 4084 sumens
535 4045 631 4083 eos
662 4027 972 4097 Vi'gilantius
1019 4037 1122 4076 una
1152 4037 1272 4076 cuin
1313 4026 1500 4074 sancto
1542 4018 1850 4087 presbytero

2017 3279 2351 3334 Pertuleruut
2373 3285 2548 3330 autem
2580 3275 2890 3344 martyrium
2923 3277 3092 3330 sancti
3121 3285 3280 3345 atque
3298 3275 3518 3328 athletae

1943 3372 2160 3436 Christi,
2197 3371 2468 3438 Epictetus
2499 3368 2776 3438 presbyter
2822 3377 2876 3422 et
2917 3368 3101 3421 Astiou
3137 3365 3427 3420 monachus
3461 3366 3514 3418 in

1947 3465 2377 3520 Altniridensium
2411 3463 2643 3525 civitate,
2674 3475 2856 3515 oetava
2876 3458 2965 3511 dic
2983 3460 3185 3515 mensis
3205 3458 3359 3524 Julii,
3384 3469 3518 3512 tem-

1951 3557 2163 3624 poribus
2195 3554 2510 3608 Diocletiani
2565 3553 2808 3623 tyranni,
2856 3551 2955 3605 sub
2999 3551 3133 3604 dnce
3165 3550 3516 3603 Latroniano.

1951 3647 2248 3704 Secundum
2277 3660 2374 3698 nos
2400 3659 2526 3698 vero
2551 3685 2564 3706 ,
2594 3651 2844 3711 regnante
2877 3642 2926 3694 in
2960 3643 3109 3696 caelis
3148 3640 3276 3694 Jesu
3299 3639 3519 3693 Christo

1952 3743 2227 3798 Salvatore
2277 3747 2491 3802 nostro,
2542 3750 2697 3804 quem
2750 3733 2903 3787 decet
2951 3733 3117 3800 gloria
3149 3741 3202 3786 et
3235 3730 3503 3798 imperiutr

1952 3852 2053 3890 una
2081 3851 2198 3890 cum
2229 3834 2383 3887 Patre
2409 3839 2463 3886 et
2489 3811 2688 3900 Spiritu
2718 3836 2899 3882 sancto
2927 3866 2942 3892 ,
2967 3827 3019 3880 in
3062 3824 3253 3880 saecula
3295 3821 3520 3879 saeculo.

1954 3947 2094 3985 rum.
2130 3933 2315 3983 Amen.

1539 4151 1906 4208 ROSWEYDI
1943 4140 2264 4206 NUTATIO.

355 4261 522 4335 225
551 4260 628 4332 (Ι)
661 4250 882 4324 Epicteti
923 4249 1200 4335 presbyteri
1237 4265 1288 4335 ct.
1312 4247 1531 4335 ditionis
1570 4243 1848 4335 τηοριίισζιίτ]

297 4318 830 4389 Ιξιπιῖἶιῖεῖιιίειοιυιιι
880 4318 1062 4377 nullibi
1117 4324 1167 4375 in
1222 4320 1410 4373 tabulis
1466 4318 1850 4369 I‘chlesiasticis

291 4410 615 4461 mentionem
645 4398 880 4462 invenio,-
911 4402 1259 4462 privlerquam
1291 4393 1338 4443 in
1372 4389 1616 4462 Florario
1636 4396 1848 4462 sant-19-

1957 4245 2193 4310 quartlatn
2226 4247 2403 4290 tamen
2429 4233 2675 4287 videntur
2695 4228 3016 4310 Diocletiano
3038 4227 3380 4310 posteriores.
3414 4227 3523 4281 υιι.

1959 4298 2024 4365 de
2051 4310 2384 4371 t-olligeretur
2409 4313 2774 4358 assumentum
2805 4300 2890 4352 hic
2920 4298 3127 4366 aliquod
3161 4298 3476 4350 accessisse.

2029 4379 2105 4453 (αἱ)
2146 4367 2336 4449 Viginti
2367 4386 2586 4453 quatuor
2617 4371 2776 4442 ἄρῃ-Μ
2811 4371 2965 4423 Varie
2993 4371 3396 4453 nlint‘n‘uurerus
3426 4367 3528 4453 ipi-

296 4437 828 4530 xliii"“I'lllla‘lllll'ISCI'lfilo
851 4440 874 4530 ,’
912 4437 1002 4518 ilbi
1057 4437 1136 4516 ital
1181 4465 1404 4517 habetur
1455 4462 1485 4511 8
1537 4457 1658 4510 .lnlii
1687 4475 1697 4530 ς
1736 4437 1850 4512 «Plu
1883 4461 1933 4519 D
1961 4437 2046 4530 tu;
2072 4437 2341 4530 {acmirum
2376 4437 2670 4510 librorum;
2699 4437 2794 4512 pro
2823 4456 2925 4510 qua
2967 4442 3220 4492 varietate
3264 4439 3410 4490 locus
3441 4437 3528 4490 lnc

292 4551 511 4600 flriente
534 4552 835 4596 sanctorum
854 4529 1148 4604 martyrum
1177 4533 1391 4600 Epietici
1419 4539 1471 4604 et
1499 4529 1729 4581 Astionis
1758 4543 1852 4594 pro

291 4620 506 4672 Christo
553 4610 945 4668 interfectorum
977 4603 1072 4656 sub
1109 4604 1432 4658 Diocletiano
1454 4603 1602 4667 intp..
1630 4613 1853 4665 quorum

292 4693 411 4744 miri
445 4701 594 4740 actus
613 4695 668 4739 et
696 4693 962 4750 passiones
989 4678 1247 4743 leguntur.
1277 4674 1416 4727 Passi
1446 4683 1569 4750 sunt
1601 4684 1740 4750 anno
1765 4683 1853 4749 sa-

296 4741 424 4815 lutis
445 4758 591 4812 290:
639 4775 656 4807 ›
691 4741 828 4807 Idem
877 4750 987 4801 dies
1033 4741 1326 4811 assignatur
1378 4747 1427 4796 in
1484 4741 1856 4815 Martyrologio

299 4812 530 4885 lTsuartli
563 4836 717 4880 aucto
761 4838 788 4873 a
838 4819 1207 4874 Carthusianis
1261 4812 1667 4885 Coloniensibus
1716 4826 1856 4885 anno

494 4903 570 4950 lux
606 4899 701 4950 hac
731 4902 901 4946 autem
932 4889 1045 4942 Vita
1076 4898 1202 4942 eitat
1236 4885 1548 4957 exemplum
1571 4882 1854 4946 Speculum

297 4954 684 5035 eietnplornm.
710 4961 1155 5035 distittct._8,_qn:u
1185 4968 1264 5011 est
1290 4956 1499 5035 cx_\_’itis
1521 4954 1856 5017 Sanctorum,

297 5027 512 5106 exemp.
541 5037 632 5099 21,
661 5027 802 5106 quod
835 5035 917 5084 hic
947 5032 1166 5106 habetur
1196 5045 1310 5096 cap.
1348 5027 1433 5080 ll.

377 5094 544 5176 Ilnjns
571 5094 690 5160 \i'taz'
718 5105 915 5158 nullum
939 5101 1212 5176 exemplar
1239 5094 1648 5176 [iurnuscripttt'rn
1680 5094 1858 5174 habui,

303 5165 496 5251 prmter
525 5195 683 5232 unum
706 5193 767 5230 ex
791 5174 1011 5251 ecclesia
1040 5165 1214 5226 Sancti
1247 5171 1534 5249 salvatoris
1561 5165 1858 5230 Ultrajecti,

301 5243 331 5307 ἐι
366 5253 563 5306 recenti
597 5263 774 5302 manu.
806 5246 1011 5297 Nullum
1045 5256 1254 5312 quoque
1288 5243 1636 5312 itnpres~utn,
1675 5247 1862 5312 praeter

305 5305 813 5375 nnuanoIoniense
842 5318 894 5368 in
923 5305 1075 5367 Vitis'
1095 5305 1329 5366 Patrum.
1356 5308 1482 5362 Nam
1515 5305 1860 5374 reliquieedi-

300 5397 484 5447 tiones
513 5395 610 5445 hac
640 5389 756 5442 Vita
778 5397 981 5441 carent.

379 5442 481 5532 ("2.)—
510 5442 815 5516 Diocletiani
869 5453 1214 5532 profanissimi
1266 5442 1649 5532 imperatorisi
1681 5445 1866 5532 Editus

307 5516 536 5590 addebat
559 5550 571 5585 :
601 5533 686 5599 qui
712 5516 936 5596 regnarit
964 5516 1096 5578 circa
1118 5539 1278 5575 annos
1313 5516 1515 5574 Domini
1554 5521 1652 5573 ISU
1680 5559 1694 5580 ,
1725 5516 1865 5584 quod

309 5608 460 5661 deest
486 5601 848 5662 manuscripto
871 5639 883 5662 ,
915 5608 968 5651 et
1001 5598 1153 5662 plane
1182 5609 1437 5647 erroneus
1466 5601 1548 5645 est
1590 5600 1859 5662 numerus.

380 5658 458 5747 (ὅ)
488 5670 644 5742 Εῃο.]
670 5658 798 5737 Quae
821 5658 1110 5747 sequuntur
1135 5667 1388 5747 usquead
1420 5663 1550 5716 Ecce
1571 5663 1790 5747 deerant
1815 5658 1865 5738 in

309 5728 472 5803 edito.
505 5728 759 5812 Quaedam
789 5755 853 5794 ex
868 5728 1111 5812 narratis
1142 5728 1374 5812 historiis
1401 5728 1867 5812 conveniuntnqui-

311 5798 816 5883 deiuv-te‘ttipuribus
865 5807 1171 5864 Diocletiani
1203 5847 1218 5870 ,
1265 5817 1316 5861 et
1362 5819 1424 5861 eo
1473 5798 1865 5871 Superioribus;

1960 4521 2331 4589 intelligendus
2359 4529 2461 4572 est.

2037 4577 2579 4662 (3,)”.dlmirt'densium
2627 4580 2926 4662 ciuitatem]
2970 4577 3203 4648 Scythia:
3259 4578 3528 4632 civitatem

1956 4654 2110 4726 esse,
2131 4662 2238 4714 Vita
2273 4662 2383 4712 haec
2415 4658 2627 4710 iudicat.
2670 4656 2797 4707 Vide
2827 4654 3101 4726 Quotnast.

2031 4718 2108 4801 (ϐ’)
2141 4728 2412 4801 ϐαιὲιωίδτ]
2444 4729 2516 4801 Ita
2534 4728 2678 4801 olim
2710 4721 2877 4801 vocati
2903 4718 3210 4775 Christiani.
3233 4718 3520 4786 Lucianus,

1960 4806 2010 4858 in
2041 4798 2334 4869 I’fiiltipatr.
2372 4798 2503 4852 Vide
2525 4798 2922 4869 Onnurastlcnn.

2033 4876 2110 4944 (7)
2146 4857 2450 4944 Ldtrouiaui
2469 4866 2651 4935 ducis.|
2672 4866 2900 4944 Scythiae
2920 4864 3017 4916 hoc
3035 4871 3272 4938 tempore
3300 4857 3403 4940 dus
3434 4861 3524 4912 vel

1961 4929 2160 5016 praises
2190 4945 2286 4998 fuit
2312 4945 2409 4997 iste
2435 4929 2805 4994 Latronianu's.
2833 4936 2908 4987 De
2937 4947 3038 5002 quo
3069 4945 3225 4997 porro
3249 4929 3529 4997 inquiren-

1959 5021 2111 5157 αυὸξῦ
2148 5079 2596 5149 Vinculatnrimn.]
2625 5078 2906 5157 Carcerem
2939 5071 3204 5157 intelligit.
3239 5067 3328 5149 Sic
3355 5069 3528 5157 Crwci

1962 5140 2156 5211 Vocula
2199 5140 2596 5227 ἱΞεει-εραρτιόριον,³
2643 5145 2782 5215 quod
2834 5143 2905 5197 ibi
2962 5141 3161 5213 διο-μᾶν
3208 5140 3532 5194 vinculorum

1964 5245 2139 5284 Copta.

2035 5245 2525 5367 ῗόἶοΕυίιηρεΙὶειιελ
2573 5286 2949 5367 Diversissima
2987 5282 3305 5367 Scytharum
3354 5280 3522 5367 natio.

1964 5353 2189 5436 Quidam
2221 5353 2343 5420 anfe
2376 5353 2609 5436 tempora
2640 5356 2978 5436 Diocletiani,
3011 5353 3223 5421 quidam
3255 5362 3370 5434 post
3396 5368 3532 5405 con-

1965 5424 2124 5494 versi.
2157 5439 2270 5491 .Iam
2296 5424 2506 5503 Scytha:
2533 5432 2691 5499 aliqui
2722 5431 2785 5482 ad
2819 5429 3084 5503 Christum
3107 5424 3350 5477 conversi
3371 5431 3531 5503 erant

1967 5522 2204 5577 tempore
2233 5494 2567 5577 Tertulliani,
2601 5494 2886 5577 utconstat
2913 5514 2977 5552 ex
3011 5497 3291 5577 Iitrro‘ejus
3329 5494 3524 5577 adver-

1966 5562 2058 5635 sus
2081 5562 2322 5636 'Judzeos,
2353 5593 2469 5636 cap.
2497 5576 2525 5626 7
2556 5562 2613 5627 vet
2644 5574 2696 5626 8.
2729 5573 2836 5624 Imo
2878 5581 3093 5624 sanctus
3125 5567 3395 5630 Philippus
3425 5562 3530 5636 7di-

1967 5663 2105 5705 citur
2131 5635 2364 5718 Scythia:
2411 5635 2567 5718 fidem
2614 5645 2886 5718 intulisse,
2922 5651 2977 5694 nt
3016 5638 3175 5718 habet
3209 5635 3530 5718 breviarium

1969 5701 2265 5775 ἱιίιὶὶὶοὶιιῖιη
2288 5764 2300 5786 ,
2338 5719 2356 5768 -1
2392 5717 2526 5779 Maii,
2561 5727 2616 5767 ut
2643 5730 2746 5768 non
2777 5701 2964 5786 mirum
2992 5709 3061 5762 sit
3089 5711 3382 5786 imperante
3409 5701 3532 5786 1)ιο-

1967 5792 2196 5848 cle;iauo
2227 5779 2597 5859 Evangelicum
2627 5787 2788 5840 fuisse
2815 5782 3044 5850 Scythia:
3071 5779 3422 5846 episcopum.
3468 5780 3476 5786 '
