4010 6218
453 320 559 376 MSS

1478 314 1565 370 DE
1606 312 1780 369 VITIS
1818 306 2099 367 PATRUM
2141 304 2345 361 LIBER
2384 298 2656 358 PRIMUS.

3585 280 3698 333 H5

522 430 637 503 ('0)
665 426 945 500 Εμίιαιω.ι
969 428 1052 503 lla
1077 427 1246 484 Hirtio
1288 426 1556 503 dicuntur,
1604 425 1692 493 qui
1743 421 2017 478 navalibus
2045 447 2093 501 Α
2116 418 2223 503 jpri
2255 419 2501 501 videlicet
2520 415 2689 503 glori:
2713 405 3208 503 accideusali‘..§:m

454 498 632 576 operis
660 518 733 576 ais
757 498 983 556 merent.
1014 500 1108 554 Hic
1133 510 1306 576 nautae
1339 498 1724 576 intelliguntur.

523 574 643 646 (11)
670 571 776 626 Pro
804 588 917 624 mea
939 568 1151 640 requie]
1180 571 1317 623 Sane
1347 570 1460 621 haec
1488 567 1744 635 intellige,
1777 578 1871 632 pro
1900 577 2014 615 ma-

450 740 649 768 Ξ

2122 468 2593 561 Κιῖέιίέὖῦἰέξνῧιί
2622 482 2690 536 22
2717 482 2786 536 de
2812 479 2989 533 verbis
3016 474 3202 543 A'post.
3231 492 3250 524 ‹
3291 470 3538 539 Iniuriam
3566 468 3701 519 faett

2125 561 2368 631 martyri,
2400 560 2488 627 qui
2519 563 2639 610 orat
2662 569 2758 623 pro
2789 562 3045 620 martyre.
3081 566 3099 598 ι

654 704 3690 765 W

1835 842 2132 887 OCTOBRIS
2176 838 2365 883 ιιιιι.

456 972 922 1195 VITA
970 986 1684 1139 SANCTI
1732 978 2586 1127 MACARII
2628 968 3425 1123 ROMANI
3646 1063 3695 1128 η

1766 1228 2087 1307 SERVI
2139 1226 2319 1299 DEI
2343 1275 2370 1312 ,

831 1404 1053 1513 QUI
1128 1396 1726 1489 INVENTUS
1802 1394 2019 1479 EST
2097 1380 2512 1474 JUXTA'
2564 1376 3316 1470 PARADISUM,

1086 1556 1573 1620 AUCTORIBUS
1615 1548 2098 1625 THEOPHILO,
2142 1546 2450 1618 SERGIO,
2495 1543 2596 1605 ET
2640 1540 2949 1605 HYGINO
2982 1537 3089 1600 (2).

529 1784 708 1839 CAPUT
740 1801 958 1843 punitur.
984 1816 1055 1827 —
1075 1786 1252 1843 Gloria
1284 1795 1338 1842 et
1367 1783 1756 1857 magnificentia
1785 1782 1896 1837 Deo
1925 1778 2027 1834 soli
2058 1779 2103 1839 Β
2134 1773 2331 1829 Deinde
2360 1781 2615 1829 exeuntes
2648 1771 2699 1825 in
2746 1768 3071 1832 Bethlehem,
3112 1763 3339 1820 vidimus
3365 1770 3418 1815 et
3453 1757 3708 1814 salutavi-

455 1876 870 1944 beniguissimo,
917 1879 1007 1946 qui
1055 1895 1147 1947 per
1193 1880 1601 1934 innumerabilia
1647 1876 2020 1930 miraculorum

450 1970 700 2036 exempla
732 1984 829 2022 nos
866 1968 1072 2038 tepidos
1102 1978 1156 2023 et
1185 1970 1429 2038 indignos
1460 1967 1698 2039 quotidie
1740 1967 1928 2022 inritat
1955 1965 2021 2020 ad

456 2062 628 2117 beata:
658 2065 779 2117 vita:
823 2065 1063 2119 cmiestis
1114 2065 1326 2134 gaudia.
1378 2064 1484 2118 Nos
1532 2066 1706 2133 itaque
1753 2061 1932 2119 miseri
1972 2069 2027 2116 et

450 2151 678 2209 humiles
727 2155 969 2209 monachi
1017 2155 1348 2227 TlteOphilus
1369 2197 1384 2219 ,
1425 2157 1644 2228 Sergius
1671 2163 1724 2209 et
1754 2153 1987 2225 Hyginus
2007 2192 2022 2217 ,

456 2245 807 2314 deprecamur
836 2262 932 2300 vos
972 2261 1161 2303 omnes
1213 2246 1581 2303 sanctissimos
1622 2254 1798 2314 patres
1824 2252 1879 2299 et
1921 2243 2025 2297 fra—

452 2344 582 2399 tres.
615 2347 671 2391 ut
700 2338 1113 2392 accommodetis
1136 2354 1292 2391 aures
1318 2338 1422 2403 his,
1446 2332 1739 2407 qute'vobis
1762 2334 2022 2390 narraturi

451 2441 635 2482 sumus
662 2426 729 2481 de
758 2430 865 2481 vita
895 2438 947 2482 et
986 2429 1394 2483 conversatione
1437 2425 1763 2483 sanctissimi
1808 2426 2022 2480 Macarii

452 2514 678 2568 Romani
703 2555 717 2579 ,
750 2517 839 2585 qui
869 2516 1113 2585 apparuit
1139 2517 1291 2572 nobis
1323 2531 1486 2586 prope
1517 2517 1820 2585 paradisum
1849 2515 1917 2570 ad
1946 2516 2024 2569 vi-

452 2607 585 2677 ginti
614 2608 877 2665 milliaria.
909 2611 972 2664 Et
1016 2611 1117 2664 hoc
1148 2626 1425 2679 rogamus.
1458 2619 1514 2664 ut
1543 2609 1702 2664 fidem
1740 2609 1896 2663 dictis
1927 2609 2025 2663 ad-

454 2701 701 2765 bibeatis,
734 2702 821 2771 qui
853 2703 1067 2771 quidem
1099 2705 1267 2757 multo
1297 2704 1487 2758 melius
1521 2703 1675 2757 nobis
1708 2703 1873 2757 fuisse
1905 2717 2021 2756 cre-

456 2791 629 2847 dimus
675 2796 773 2848 sub
805 2794 1000 2848 silentii
1044 2807 1199 2863 portu
1232 2796 1474 2850 innoxios
1518 2809 1796 2849 remanere
1818 2831 1833 2858 ,
1865 2807 2023 2863 quam

456 2886 699 2941 falsitatis
730 2902 848 2944 reos
880 2888 1077 2953 puniri.

528 2978 655 3033 ΟΑΡ.
688 2980 1012 3047 ll.-—lgitur
1042 2995 1138 3033 nos
1170 2977 1477 3049 prmiitulati
1510 2978 1727 3042 fratres,
1760 2974 2027 3042 Theophio

459 3069 561 3133 ius.
589 3072 807 3143 Sergius
829 3082 882 3125 et
916 3072 1184 3142 Hyginus,
1221 3072 1446 3142 propitia
1478 3071 1719 3125 Divinate
1750 3070 2022 3124 abrenun-

2130 1884 2246 1923 mus
2274 1879 2514 1921 sanctum
2554 1878 2809 1934 praesepe,
2852 1862 2939 1915 ubi
2993 1858 3238 1915 Christus
3270 1854 3411 1907 nasci
3446 1852 3705 1922 dignatus

2129 1970 2232 2025 est,
2265 1970 2317 2015 et
2345 1961 2431 2015 ubi
2457 1960 2610 2015 stella
2642 1971 2823 2026 magos
2843 1954 3081 2017 adduxit,
3117 1951 3325 2005 Christo
3354 1962 3569 2002 munera
3595 1945 3704 1999 de-

2132 2050 2393 2117 ferentes;
2426 2060 2479 2105 et
2532 2049 2759 2104 vidimus
2796 2048 2966 2101 locum
3014 2043 3309 2098 mirabilem
3339 2039 3425 2093 ubi
3476 2036 3706 2105 angelus

2128 2159 2248 2198 cum
2274 2140 2606 2197 multitudine
2632 2140 2897 2194 exercitus
2928 2134 3182 2196 cmlestis,
3206 2132 3425 2203 gloriam
3458 2129 3514 2183 in
3540 2127 3702 2180 altis-

2131 2238 2282 2293 simis
2313 2237 2421 2291 Deo
2451 2234 2695 2295 canebat.
2753 2232 2841 2302 qui
2869 2231 3016 2285 locus
3036 2229 3100 2281 ad
3130 2227 3237 2281 duo
3276 2221 3515 2278 milliaria
3545 2221 3705 2288 longe

2132 2342 2161 2383 a
2190 2328 2499 2382 Bethlebem
2532 2326 2665 2380 situs
2696 2334 2797 2379 εει.
2845 2322 2902 2378 In
2954 2330 3186 2376 montem
3240 2332 3453 2389 quoque
3507 2312 3703 2369 Oliveti

2130 2418 2486 2482 ascendimus,
2511 2427 2564 2471 et
2594 2417 2646 2470 in
2680 2417 2795 2484 ipso
2820 2414 2937 2468 loco
2977 2420 3160 2467 sancto
3186 2409 3543 2470 adoravimus,
3608 2401 3703 2456 ubi

2126 2507 2367 2563 Christus
2398 2507 2619 2578 pedibus
2648 2508 2813 2570 stetit,
2862 2505 3075 2576 quando
3132 2503 3366 2558 elevatus
3413 2510 3514 2562 est,
3562 2510 3616 2553 et
3652 2513 3686 2549 ει

2127 2600 2266 2654 nube
2296 2608 2575 2670 susceptus
2602 2598 2843 2654 ascendit
2872 2598 2940 2652 ad
2971 2598 3154 2653 crelos.
3181 2597 3382 2649 Exinde
3398 2593 3693 2649 Jerusalem

2129 2694 2327 2746 reversi
2373 2692 2704 2746 adoravimus
2753 2691 2938 2756 Deum,
2996 2699 3053 2743 et
3092 2689 3465 2755 consignantes
3506 2700 3599 2738 nos
3628 2695 3686 2738 et

2131 2784 2567 2840 commendantes
2622 2784 2833 2836 Christo
2884 2792 2935 2835 et
2978 2782 3174 2835 sanetis
3219 2781 3334 2847 ejus
3364 2776 3465 2845 (7),
3512 2776 3693 2831 exivi-

2132 2893 2252 2932 mus
2274 2890 2376 2932 non
2409 2878 2663 2934 habentes
2687 2893 2795 2947 iam
2843 2876 3077 2929 animum
3124 2885 3179 2930 et
3223 2882 3454 2928 mentem
3485 2870 3537 2925 in
3589 2870 3694 2924 hoc

2132 2969 2350 3023 sacuhn

2204 3062 2331 3118 CAP.
2360 3061 2449 3117 ιν.
2481 3090 2552 3101 —
2606 3079 2625 3114 ί
2658 3060 2820 3130 Igitur
2846 3073 2942 3114 nos
2962 3059 3155 3114 Christi
3184 3058 3466 3114 comitante
3507 3058 3699 3127 gratia,

460 3164 652 3217 tiautes
683 3165 906 3228 saeculo,
938 3165 1179 3219 venimus
1221 3164 1289 3219 ad
1322 3164 1705 3219 monasterium
1735 3206 1748 3228 ,
1777 3162 1917 3230 quod
1948 3167 2030 3215 est
2060 3157 2107 3221 C
2138 3156 2274 3209 viam
2305 3154 2556 3210 continuo
2584 3153 2975 3225 aggredientes,
3034 3167 3097 3205 ac
3147 3149 3582 3221 quinquagesimo
3608 3147 3701 3203 die

463 3258 514 3311 in
545 3257 919 3324 Mesopotamia
953 3258 1121 3328 Syrizc
1166 3258 1217 3312 in
1267 3256 1443 3313 medio
1495 3256 1717 3310 duorum
1754 3255 2028 3308 ﬂuminum

463 3347 651 3417 Tygris
679 3356 733 3402 et
763 3348 1067 3414 Euphratis.
1113 3349 1271 3421 225
1316 3348 1371 3401 in
1417 3361 1521 3417 quo
1575 3348 1656 3399 vir
1703 3345 2032 3399 clarissimus

466 3437 747 3504 ASClt‘piﬂn
799 3438 1124 3508 hegumenus
1156 3438 1255 3511 (5).
1297 3439 1584 3493 multorum
1632 3437 1836 3492 exstitit
1876 3435 2037 3490 Pater

470 3532 871 3588 lllOllat'ilul'lllli.
921 3532 994 3589 lbi
1036 3532 1266 3605 denique
1305 3530 1689 3605 coniungentes
1714 3578 1728 3602 ,
1763 3545 1791 3586 a
1824 3545 2032 3602 praeno-

471 3626 669 3680 miuatn
700 3628 853 3680 Patre
882 3636 937 3684 et
964 3630 1107 3683 oinni
1138 3637 1276 3683 cmtu
1302 3627 1521 3683 fratrum
1549 3635 1823 3696 gratanter
1853 3638 2036 3679 susce-

470 3718 565 3787 pti,
592 3734 651 3770 ac
672 3718 799 3786 jugo
820 3719 1018 3782 regulae
1044 3719 1179 3774 colla
1200 3718 1599 3784 submitteutes,
1630 3715 1898 3771 communi
1928 3715 2034 3771 vita

476 3810 780 3864 convcrsati
811 3825 1016 3865 sumus.

545 3921 671 3975 CAP.
705 3920 895 3975 Ill.—c
914 3927 926 3942 ‘
946 3925 1166 3980 Factum
1185 3931 1455 3978 estautem
1486 3931 1723 3990 tempore
1747 3922 1901 3991 longo
1923 3930 2040 3989 post

475 4009 612 4073 ba't‘,
644 4012 768 4064 hora
794 4027 929 4065 nona
955 4014 1179 4081 quadam
1210 4014 1299 4067 die
1326 4013 1511 4084 synaxi
1552 4015 1757 4080 expleta
1781 4012 1859 4083 (4)
1889 4027 2042 4066 acce-

481 4102 668 4155 dettlt's
700 4104 763 4154 ad
813 4105 1089 4169 Euphratis
1121 4105 1350 4161 ﬂuminis
1382 4105 1548 4169 littus,
1576 4105 1913 4171 consedimus
1944 4104 2035 4170 ibi,

481 4194 785 4259 aliquandiu
816 4196 953 4249 inter
981 4212 1077 4251 nos
1105 4198 1173 4252 de
1194 4199 1510 4254 sustinentia
1541 4207 1597 4252 et
1637 4197 2042 4252 conversatione

478 4286 633 4338 simul
658 4297 709 4339 ct
739 4288 919 4341 labore
940 4303 1215 4345 servorum
1254 4289 1347 4344 Dei
1375 4289 1699 4358 disputatum
1729 4297 1830 4344 est.
1890 4288 2041 4341 Tunc

479 4378 607 4431 mihi
632 4380 827 4433 misero
875 4379 1168 4449 Theophili)
1214 4380 1361 4434 venit
1401 4380 1453 4432 in
1483 4389 1716 4434 mentem
1757 4376 2040 4447 cogitatio;

479 4483 535 4525 et
561 4471 914 4541 respondens,
942 4473 1048 4526 dixi
1080 4472 1329 4527 fratribus
1354 4474 1486 4527 meis
1513 4470 1699 4541 Sergio
1721 4480 1774 4524 et
1795 4469 1999 4541 Hygino
2024 4485 2036 4520 :

2144 3249 2377 3304 fluminis
2405 3246 2591 3318 Tygris
2622 3247 2829 3301 alveum
2862 3252 3317 3315 pertranseuntes,
3351 3250 3546 3296 terram
3573 3241 3703 3294 Per-

2139 3354 2313 3396 sarum
2340 3339 2565 3410 ingressi
2592 3353 2797 3404 sumus,
2854 3348 2908 3392 et
2936 3337 3180 3391 venimus
3228 3336 3280 3388 in
3310 3348 3551 3402 campum
3584 3345 3702 3385 ma-

2140 3448 2297 3502 gnum
2331 3440 2387 3486 et
2413 3431 2747 3499 planitiosum
2770 3429 3025 3483 vocabulo
3050 3428 3221 3494 Assia,
3266 3427 3320 3481 in
3348 3441 3451 3496 quo
3499 3434 3703 3499 martyr

2140 3524 2334 3586 Christi
2365 3522 2654 3582 Mercurius
2681 3520 2757 3599 (8)
2780 3530 3072 3595 apostatam
3118 3520 3383 3581 lulianum
3414 3521 3706 3594 peremisse

2146 3621 2359 3690 legitur.
2392 3620 2593 3674 Deinde
2620 3619 2883 3673 civitatem
2932 3618 3183 3684 Persidis,
3241 3616 3456 3671 nomine
3477 3614 3704 3670 Ktttsse-

2144 3713 2267 3771 fudo
2298 3712 2397 3785 (9),
2429 3714 2708 3778 intrantes,
2742 3713 2793 3766 in
2819 3727 2920 3782 qua
2954 3723 3059 3767 tres
3090 3714 3258 3781 pueri,
3292 3713 3544 3778 Anauias,
3577 3713 3706 3764 Aza-

2141 3812 2267 3871 rias.
2285 3808 2484 3870 Misael,
2519 3809 2873 3876 requiescunt,
2895 3821 2998 3860 non
3026 3805 3178 3873 longe
3198 3819 3227 3859 a
3258 3804 3544 3874 Babylone,
3572 3803 3705 3856 ado~

2142 3905 2376 3961 ravimus
2409 3902 2507 3963 ibi;
2556 3910 2610 3955 et
2638 3902 2689 3953 in
2715 3898 2902 3953 eodem
2934 3899 3050 3951 loco
3072 3898 3472 3954 manducantes.
3518 3905 3571 3947 et
3606 3896 3706 3947 Do-

2142 3998 2286 4051 mino
2316 3995 2484 4049 laudis
2514 3993 2768 4061 hymnum
2804 3993 3106 4052 offerentes,
3140 3987 3432 4042 mansimus
3462 3988 3577 4041 dies
3610 3989 3707 4041 ali.

2142 4102 2290 4157 quot.
2324 4089 2451 4143 Inde
2481 4088 2698 4157 profecti
2732 4095 2847 4153 post
2879 4098 3090 4138 menses
3119 4090 3372 4150 quatuor,
3415 4080 3707 4148 pertransi-

2142 4185 2314 4239 vimus
2340 4182 2572 4237 Persidis
2612 4181 2899 4249 regionem,
2956 4187 3007 4231 et
3063 4175 3221 4230 India:
3280 4184 3471 4228 terram
3523 4188 3708 4226 sumus

2144 4278 2386 4348 ingressi.
2441 4274 2797 4345 Ingredientes
2851 4286 2977 4325 vero
3029 4269 3245 4323 domum
3290 4271 3607 4337 quamdam.
3648 4274 3704 4319 et

2143 4370 2407 4425 neminem
2453 4368 2522 4422 ibi
2569 4366 2916 4420 habitamrem
2964 4363 3314 4432 reperientes,
3345 4359 3476 4414 duos
3502 4356 3697 4411 ibidem

2146 4461 2366 4516 fecimus
2383 4461 2518 4515 dies.
2550 4460 2751 4514 Etecce
2774 4457 2923 4510 tertia
2948 4463 3066 4523 post
3091 4453 3203 4507 haec
3217 4452 3318 4517 die,
3341 4456 3695 4517 apparuerunt

480 4565 632 4622 Velle
656 4567 780 4620 tnibi
813 4569 996 4633 adest,
1031 4582 1065 4620 ο
1095 4568 1281 4621 fratres
1300 4537 1652 4629 dilectissimi,
1693 4537 1896 4617 cunctis
1921 4561 2039 4616 vita:
2069 4547 2119 4607 Ι)
2150 4554 2493 4608 advenientes
2513 4552 2618 4605 duo
2645 4548 2853 4613 armati,
2885 4547 2963 4600 vir
2993 4555 3047 4600 et
3075 4545 3293 4605 femina;
3343 4552 3437 4592 nos
3466 4550 3589 4590 vero
3615 4537 3697 4589 ni-

482 4675 614 4714 meae
643 4658 829 4713 diebus
859 4659 1152 4723 ambulare,
1183 4658 1377 4728 illoque
1406 4659 1507 4723 ire,
1553 4657 1638 4712 ubi
1667 4657 1858 4712 caelum
1888 4665 2043 4712 terra:

482 4772 542 4811 se
571 4755 839 4824 coniungit
866 4754 961 4826 (Ξ).
988 4757 1055 4808 At
1077 4754 1149 4809 illi
1180 4770 1194 4809 :
1236 4755 1331 4823 Te,
1366 4753 1629 4823 inquiunt,
1680 4750 1843 4806 frater
1867 4751 2043 4806 Theo-

477 4846 641 4915 phile,
669 4856 725 4900 ttt
757 4845 969 4901 fratrem
1020 4844 1310 4914 spiritalem
1358 4858 1566 4911 semper
1611 4842 1890 4897 habuimus
1920 4882 1937 4907 ,
1991 4854 2047 4898 et

484 4938 738 5008 priorem,
766 4949 820 4994 et
847 4939 1037 4993 amudo
1060 4939 1358 4993 nullatenus
1386 4953 1414 4991 a
1445 4946 1496 4992 te
1521 4939 1916 5005 separabirnur;
1945 4950 2043 4990 no-

477 5031 559 5085 bis
584 5032 724 5086 enim
758 5032 917 5086 verba
948 5041 1033 5085 tua
1068 5030 1276 5100 placent
1302 5046 1317 5084 :
1368 5029 1588 5097 idcirco,
1618 5029 1705 5083 ubi
1730 5028 1889 5083 corde
1917 5042 2045 5081 con-

477 5124 687 5190 cepisti,
715 5139 902 5193 perge;
930 5135 982 5180 et
1005 5139 1100 5180 nos
1132 5126 1182 5181 in
1202 5126 1306 5178 vita
1335 5133 1389 5179 et
1417 5131 1591 5177 morte
1623 5128 1796 5174 tecum
1820 5120 2039 5175 erimus.

487 5215 667 5283 Itaque
691 5224 966 5286 surgentes
993 5215 1060 5271 de
1092 5216 1227 5280 loco,
1274 5215 1590 5269 intravimus
1620 5212 1997 5267 monasterium
2026 5233 2040 5266 :

482 5307 725 5376 factaque
748 5323 997 5376 vespera.
1058 5309 1308 5375 omnique
1349 5304 1528 5360 diurni
1586 5304 1752 5359 officii
1802 5303 2043 5358 oratione

484 5400 767 5467 completa,
821 5400 1026 5456 caeteris
1078 5398 1471 5467 quiescentibus
1515 5396 1655 5451 clam
1714 5395 2041 5450 monasterio

483 5492 683 5563 egressi
707 5506 909 5549 sumus.
944 5492 1070 5546 Post
1110 5492 1222 5543 haec
1252 5503 1383 5543 vero
1408 5488 1595 5543 decem
1623 5496 1680 5543 et
1700 5495 1904 5555 septem
1926 5486 2043 5549 dies

481 5584 837 5648 ambulantes,
868 5581 1237 5653 conjunximus
1264 5578 1557 5635 Jerusalem
1589 5578 1691 5650 (6),
1722 5588 1777 5634 et
1806 5587 2042 5632 sanctam

492 5677 939 5736 resurrectionem
963 5673 1089 5728 Jesu
1115 5670 1305 5727 Cbristi
1332 5682 1388 5726 et
1431 5686 1644 5727 crucem
1679 5671 2037 5726 adoravimus.

2146 4649 2253 4701 tnio
2277 4656 2480 4700 terrore
2505 4642 2790 4713 perterriti,
2838 4638 3183 4702 surreximus,
3223 4635 3430 4701 illisque
3479 4629 3703 4682 obviam

2146 4736 2223 4792 ire
2250 4735 2674 4789 deliberav'nnus.
2708 4732 2807 4800 Ipsi
2851 4742 3024 4785 autem
3052 4744 3150 4784 nos
3177 4726 3430 4789 videntes,
3459 4721 3616 4776 simul
3648 4730 3707 4776 et

2146 4832 2506 4898 aploratnres
2549 4840 2669 4880 esse
2718 4823 2997 4878 credentes
3028 4864 3043 4888 ,
3117 4818 3328 4875 concito
3386 4816 3553 4888 gradu
3611 4827 3713 4881 per

2147 4921 2285 4974 viam
2315 4935 2415 4990 qua
2445 4927 2700 4973 venerant
2724 4916 3032 4980 redierunt;
3086 4922 3141 4969 et
3175 4921 3296 4982 post
3318 4910 3705 4978 aliquantulum

2149 5011 2473 5081 congregati,
2489 5012 2554 5066 de
2573 5011 2683 5067 suis
2696 5010 2845 5080 quasi
2869 5008 2963 5063 tria
2988 5007 3147 5061 millia
3167 5004 3453 5071 Aithiopes
3478 5000 3706 5054 advene-

2148 5114 2292 5159 runt.
2323 5106 2422 5172 Qui
2448 5103 2756 5159 festinanter
2784 5104 3018 5161 domum.
3052 5101 3103 5154 in
3117 5114 3219 5167 qua
3243 5112 3454 5152 eramus
3470 5102 3705 5160 orantes,

2150 5197 2290 5251 vallo
2337 5197 2745 5261 circnmdantes,
2805 5209 3003 5266 nosque
3029 5193 3207 5248 cuncti
3240 5190 3587 5260 aspicientes.
3613 5201 3708 5255 per

2152 5301 2379 5361 quatuor
2433 5290 2670 5360 ejusdem
2725 5291 2914 5345 domus
2960 5288 3179 5357 angulos
3208 5286 3383 5355 ignem
3436 5286 3711 5352 copiosum

2151 5383 2538 5452 applicuerunt,
2570 5384 2719 5438 vivos
2750 5398 2845 5437 nos
2873 5394 3112 5436 cremare
3133 5380 3383 5433 nitentes.
3419 5378 3571 5441 Quod
3614 5386 3713 5426 nos

2150 5487 2207 5530 ut
2258 5478 2588 5546 aspeximus,
2637 5476 2825 5529 timore
2884 5472 3053 5527 valido
3098 5470 3337 5526 exterriti
3372 5509 3388 5535 ,
3436 5469 3713 5522 Christum

2147 5571 2377 5625 omnium
2438 5571 2764 5625 Salvatorem
2809 5565 3189 5629 iuvocavimus,
3263 5570 3320 5617 et
3365 5562 3418 5615 in
3469 5558 3703 5614 tnedium

2144 5665 2352 5719 illorum
2386 5664 2757 5731 prosilivimus.
2804 5659 2951 5713 Tunc
2995 5656 3089 5729 ipsi
3123 5658 3299 5727 lingua
3346 5668 3441 5709 sua
3485 5652 3703 5706 multum

552 5794 575 5820 θ
606 5790 896 5863 Sequentia
921 5788 1113 5847 desunt
1158 5786 1212 5847 in
1241 5786 1476 5854 Mentiris,
1526 5796 1580 5843 et
1601 5803 1629 5842 a
1660 5801 1785 5846 viris
1813 5784 2125 5855 quibusdam
2149 5781 2316 5841 doctis
2344 5791 2624 5840 censentur
2646 5780 2965 5850 apocrypha.
