4010 6264
245 406 341 460 417

1341 389 1497 447 νιτΑ
1536 387 1776 446 SANCTI
1814 385 2093 441 MACARII
2136 383 2412 442 ROMANI.

3388 382 3491 437 ιιι

242 521 469 578 invicem
500 510 1121 579 murmurantes,diuque
1142 517 1322 562 contra
1355 522 1452 560 nos
1475 507 1811 567 frendentes,
1846 513 1893 562 Α
1922 500 1974 554 in
2006 517 2111 570 quo
2138 501 2542 569 elephantorum
2574 512 2759 567 magna
2786 499 3065 555 multitudo
3092 500 3284 569 stab‘at,
3307 509 3361 555 et
3394 516 3487 568 per

236 627 352 669 cum
384 622 563 677 neque
588 620 686 660 nos
715 605 855 661 illos.
912 615 1011 656 nec
1059 599 1157 667 ipsi
1185 611 1282 653 nos
1313 597 1575 653 ullatenus
1605 582 1805 649 intelli-

236 717 359 775 gere
384 712 689 770 possemus.
747 692 1259 763 comprehendentes
1309 705 1425 754 nos,
1485 692 1536 743 in
1587 688 1815 741 obscuro

240 795 550 848 clauserunt
578 801 817 843 carcere.
869 780 1192 840 Sedentibus
1238 797 1365 852 ergo
1394 781 1547 836 nobis
1577 781 1627 833 in
1658 788 1812 832 tene-

235 889 363 948 bris,
394 898 502 937 non
533 891 759 949 eratqut
795 891 983 946 panem
1021 877 1107 929 vel
1160 890 1350 944 aquam
1383 874 1662 928 tribueret.
1707 870 1817 924 Nos

233 977 471 1044 denique
518 988 642 1027 cum
686 969 938 1039 lacrymis
982 966 1363 1037 omnipotentis
1413 962 1505 1019 Dei
1558 960 1816 1017 creatoris

234 1066 477 1122 omnium
550 1062 971 1118 misericordiam
1023 1059 1270 1114 invocare
1327 1058 1467 1111 baud
1516 1058 1812 1111 omisimus.

236 1158 584 1217 Facieutibus
626 1168 801 1211 autem
859 1154 1013 1208 nobis
1058 1154 1127 1206 tbi
1186 1153 1300 1206 dies
1344 1153 1564 1220 aliquot,
1618 1150 1814 1205 iterum

235 1248 566 1318 congregati,
596 1262 717 1300 cum
746 1259 845 1299 nos
870 1245 1011 1297 fame
1051 1252 1104 1297 et
1139 1243 1223 1296 siti
1245 1243 1525 1295 exanimes
1553 1237 1815 1294 credidis-

238 1352 371 1405 sent,
426 1337 898 1393 circumdederunt
950 1348 1242 1389 carcerem.
1291 1332 1394 1387 Sed
1422 1346 1541 1384 cum
1602 1340 1816 1382 orantes

239 1446 327 1487 nos
354 1437 718 1499 aspexissent,
750 1426 1059 1495 aperientes
1103 1424 1320 1491 januam
1348 1423 1650 1477 eduxerunt
1679 1433 1812 1484 nos;

241 1536 440 1579 etcum
471 1522 694 1575 multum
728 1520 866 1571 inter
892 1531 952 1571 se
1003 1524 1396 1569 murmurantes
1444 1514 1808 1585 loquerentur,

245 1615 528 1674 novissime
554 1608 870 1678 cum'lignis
896 1608 1194 1676 agrestibus
1243 1607 1359 1675 (l0)
1406 1610 1672 1662 caedentes
1719 1619 1815 1663 nos

250 1712 469 1767 acriter.
541 1704 610 1757 de
669 1702 863 1756 ﬁnibus
919 1703 1029 1754 suis
1075 1700 1387 1769 eiecerunt,
1450 1710 1504 1755 et
1551 1704 1815 1770 octoginta

256 1804 367 1856 dies
416 1801 529 1853 sine
586 1796 706 1850 cibo
755 1792 1113 1864 explevimus,
1165 1792 1301 1846 sicut
1350 1793 1500 1847 testis
1551 1803 1633 1848 est
1664 1796 1818 1850 nobis

261 1896 409 1949 Deus.

314 2008 442 2063 Cu.
478 2007 542 2062 V.
567 2033 636 2045 —-
665 2021 686 2055 α
716 2002 883 2071 Ejecti
920 2001 1096 2069 itaque
1119 2013 1145 2051 a
1173 1997 1362 2054 ﬁnibus
1394 1998 1518 2066 illis,
1553 2000 1651 2053 iter
1683 2001 1812 2055 feci-

246 2117 367 2155 mus
389 2101 503 2153 dies
534 2103 724 2151 multos
746 2097 796 2149 in
824 2095 1119 2155 Orientem,
1144 2106 1197 2146 et
1228 2092 1535 2146 devenimus
1560 2091 1609 2146 in
1642 2092 1813 2146 locum

248 2191 641 2255 admirabilem,
668 2198 977 2253 etcampum
1023 2183 1336 2254 gloriosum,
1393 2184 1481 2253 qui
1539 2185 1817 2239 arboribus

253 2282 542 2336 altissimis
568 2282 771 2348 plenus,
817 2289 869 2332 et
896 2275 1157 2331 mellifluis
1196 2276 1450 2329 fructibus
1496 2276 1816 2329 abundabat.

251 2370 496 2441 Denique
547 2384 643 2424 nos
680 2368 1027 2438 gloriﬁcantes
1046 2377 1101 2422 et
1131 2367 1407 2421 laudantes
1435 2365 1622 2431 Deum,
1667 2384 1815 2423 man-

246 2463 566 2517 ducavimus
594 2460 866 2515 dulciﬁuos
911 2459 1152 2527 fructus,
1212 2469 1267 2515 et
1312 2461 1672 2516 saturavimus
1721 2476 1819 2518 nos

248 2556 425 2609 Valde.
470 2554 654 2622 Itaque
682 2560 934 2606 exeuntes
988 2552 1132 2615 inde,
1166 2561 1360 2606 terram
1393 2551 1816 2607 Cbanauworum

247 2644 361 2715 (Η)
385 2644 617 2711 ingressi
643 2656 845 2706 sumus,
876 2642 967 2713 qui
996 2642 1063 2697 ab
1086 2642 1205 2697 aliis
1234 2642 1593 2710 Cynocepliali
1625 2642 1817 2696 dicun-

252 2745 364 2797 tur;
395 2744 453 2791 et
476 2735 723 2788 videntes
751 2734 888 2797 illos,
920 2734 974 2787 in
1007 2739 1225 2801 aspectu
1258 2747 1444 2787 eorum
1472 2733 1619 2787 valde
1646 2735 1819 2787 mirati

256 2841 456 2883 sumus.
507 2826 609 2893 Ipsi
641 2839 771 2879 vero
818 2838 941 2878 cum
983 2824 1291 2878 mulieribus
1342 2824 1451 2877 suis
1481 2832 1534 2877 et
1566 2824 1818 2891 parvulis,

260 2920 441 2972 subtus
464 2924 514 2971 in
538 2917 700 2985 petris
732 2916 1053 2982 habitantes,
1107 2930 1203 2969 nos
1231 2916 1449 2969 omnino
1481 2930 1585 2969 non
1621 2917 1817 2986 tetige-

268 3020 407 3079 runt,
430 3010 616 3065 Christi
644 3026 744 3066 nos
773 3019 1082 3081 protegente
1105 3010 1291 3080 gratia.

335 3121 459 3176 Car.
494 3119 570 3174 Vl.
595 3151 665 3162 —
694 3139 712 3173 ι
751 3122 881 3176 Inde
906 3122 1061 3192 igitur
1080 3122 1299 3193 profecti
1327 3134 1508 3178 contra
1528 3124 1819 3190 Orientem,

268 3230 379 3270 cum
426 3225 638 3269 rentum
683 3224 739 3269 et
766 3216 950 3269 decem
982 3214 1098 3268 dies
1124 3228 1216 3268 eos

262 3316 494 3360 nostrum
526 3304 860 3373 fecissemus,
911 3304 1223 3360 intravimus
1268 3315 1458 3360 terram
1512 3310 1682 3376 gentis
1709 3325 1824 3377 qua:

259 3397 559 3453 nominatur
606 3397 793 3451 Pichiti
846 3396 990 3468 (12);
1051 3398 1158 3464 ipsa
1198 3413 1326 3451 vero
1365 3414 1493 3466 gens
1530 3400 1582 3452 in
1624 3410 1826 3453 statura

257 3488 611 3545 etaltitudine
668 3504 761 3544 sua
810 3506 912 3544 non
970 3488 1132 3561 226
1182 3490 1486 3558 plusquam
1522 3508 1824 3546 mensuram

259 3584 411 3637 unius
431 3584 599 3640 cubiti
626 3584 877 3636 habebat.
908 3584 973 3637 Et
1013 3584 1255 3637 videntes
1286 3598 1404 3648 nos,
1465 3584 1654 3637 timore
1702 3600 1827 3654 per-

268 3674 391 3728 cuisi
415 3674 682 3745 fugerunt.
710 3674 816 3728 Nos
842 3686 1019 3727 autem
1041 3672 1205 3727 Deum
1232 3673 1613 3742 collaudantes,
1644 3690 1731 3743 qui
1762 3674 1829 3729 de

272 3764 469 3837 illorum
500 3765 749 3819 manibus
773 3780 869 3818 nos
889 3764 1154 3829 liberavit,
1177 3777 1390 3818 cursum
1422 3772 1666 3818 nostrum
1697 3781 1828 3836 quo-

278 3861 397 3916 tidie
422 3862 857 3917 acceleravimus.

338 3978 458 4031 Car.
498 3977 608 4032 \‘ll.
638 4006 709 4018 —
744 3995 763 4027 ‹
796 3977 920 4031 Post
942 3976 1240 4031 barcautem
1262 3976 1570 4031 devenimus
1597 3978 1647 4032 in
1679 3992 1834 4036 mon-

269 4077 342 4123 tes
365 4068 660 4123 altissimos
691 4067 1077 4138 terribilesque,
1135 4068 1223 4124 ubi
1269 4069 1349 4122 sol
1383 4085 1485 4121 non
1518 4069 1697 4135 intrat,
1730 4084 1833 4125 nec

268 4160 420 4214 arbor
445 4174 546 4213 nec
572 4158 737 4212 herba
772 4167 1051 4217 crescunt:
1102 4159 1171 4212 ibi
1217 4174 1343 4228 ergo
1372 4168 1648 4226 serpentes
1679 4160 1833 4213 innu-

270 4252 572 4318 merabiles,
605 4259 659 4305 et
688 4249 944 4304 dracones
967 4261 1022 4304 et
1052 4251 1281 4315 aspides,
1325 4251 1419 4304 sed
1452 4261 1505 4305 et
1531 4250 1829 4317 basiliscos,

268 4353 317 4395 et
332 4342 568 4414 viperas,
599 4352 651 4395 et
673 4340 981 4407 unicornes,
1026 4353 1079 4394 et
1106 4340 1323 4396 bubalos
1354 4343 1581 4396 vidimus
1603 4344 1831 4409 multos;

264 4435 391 4487 alias
422 4447 638 4504 quoque
664 4432 861 4485 bestias
891 4431 1192 4485 mortiferas
1217 4432 1427 4497 multas,
1470 4443 1523 4487 et
1570 4447 1833 4488 venenosa

263 4526 539 4587 animalia,
564 4539 790 4593 quorum
818 4524 1035 4577 nomina
1064 4523 1146 4578 vel
1175 4533 1413 4577 naturam
1449 4526 1658 4593 penitus
1689 4526 1837 4592 igno-

1921 593 2154 646 medium
2187 590 2400 645 illorum
2432 588 2581 643 illaesi
2608 588 2966 643 transivimus.
3013 589 3137 643 Post
3166 591 3278 645 brae
3307 591 3488 658 itaque

1916 683 2135 735 minime
2163 682 2315 736 nobis
2340 681 2584 749 apparuit
2611 681 2714 736 via.
2770 679 2918 734 Tunc
2948 695 3045 734 nos
3086 694 3206 734 cum
3239 683 3490 752 lacrymis

1914 775 2247 828 clementiam
2300 770 2508 825 Domini
2554 774 2879 835 invocantes,
2930 779 2983 825 et
3013 787 3111 840 per
3140 786 3327 827 novem
3370 775 3486 829 dies

1915 864 2033 918 sine
2060 863 2180 917 cibo
2207 878 2302 931 per
2329 864 2479 917 devia
2504 864 2856 928 ambulantes,
2876 862 3249 933 couinnximns
3274 867 3484 921 tandem

1916 953 1969 1007 iu
2024 954 2195 1008 locum
2248 955 2465 1024 planitie
2522 955 2745 1024 largum,
2805 956 2890 1024 qui
2948 955 3205 1011 fructibus
3247 960 3490 1026 plurimis

1916 1046 2237 1100 abundabat.
2269 1045 2383 1098 .lam
2418 1060 2546 1114 ergo
2570 1045 2803 1099 tenebrae
2827 1047 3160 1102 densissimas.
3181 1060 3369 1102 cuncta
3401 1049 3486 1102 illa

1918 1136 2432 1205 ri-pleverantloca;
2484 1151 2582 1191 nec
2625 1137 2825 1207 aliquid
2876 1139 3103 1200 lucebat,
3155 1142 3249 1195 sed
3279 1140 3486 1196 nebula:

1917 1230 2311 1282 obscurissimm
2337 1238 2506 1281 erant.
2532 1230 2677 1282 Tunc
2710 1244 2806 1283 nos
2829 1231 3044 1285 nimium
3071 1233 3260 1288 turbati
3285 1235 3491 1289 etaffli-

1920 1323 2013 1384 cti,
2046 1320 2298 1375 cadentes
2344 1320 2397 1374 in
2440 1329 2639 1374 terram
2671 1323 3050 1391 cum'planctu
3078 1326 3250 1380 valido
3275 1337 3492 1383 orantes

1919 1422 2262 1476 clamavimus
2290 1422 2355 1475 ad
2386 1422 2547 1476 Deum
2568 1462 2582 1485 ,
2630 1432 2682 1475 et
2710 1421 2762 1475 in
2793 1420 2980 1476 eodem
3005 1421 3122 1474 loco
3146 1422 3259 1474 dies
3286 1430 3489 1489 septem

1918 1516 2321 1583 complevimus,
2373 1530 2478 1597 ηομ
2534 1513 2916 1567 manducantes
2940 1527 3037 1567 nec
3084 1514 3345 1575 bibentes,
3394 1528 3493 1567 nec

1917 1607 2096 1660 lumen
2126 1606 2246 1659 ςαξΙί
2274 1605 2542 1659 videntes.
2589 1602 2753 1658 Nobis
2774 1612 2951 1656 autem
2975 1602 3125 1656 valde
3153 1604 3383 1668 afflictis,
3440 1612 3496 1658 et

1921 1698 1974 1752 in
2022 1697 2267 1752 oratione
2296 1697 2723 1765 persistentibus,
2775 1705 2894 1763 post
2942 1694 3057 1747 dies
3096 1704 3298 1760 septem
3328 1694 3498 1749 adfuit

1923 1790 2193 1857 columba,
2229 1805 2347 1859 qua:
2378 1789 2530 1844 nobis
2556 1789 3012 1857 appropinquans,
3030 1802 3093 1841 ac
3117 1787 3203 1841 diu
3230 1787 3367 1840 circa
3396 1801 3495 1841 nos

1846 1866 1894 1927 Β
1923 1884 2167 1947 volitans,
2199 1890 2254 1937 et
2286 1884 2547 1949 pennulas
2600 1880 2813 1933 fortiter
2844 1879 3168 1945 percutiens,
3224 1879 3373 1946 quasi
3425 1880 3491 1932 ad

1918 1973 2294 2028 ambulandum
2326 1988 2421 2025 nos
2442 1971 2796 2025 confortabat.
2841 1969 2990 2024 Tunc
3015 1984 3112 2022 nos
3136 1969 3243 2023 Deo
3274 1981 3492 2039 agentes

1919 2067 2137 2138 gratias,
2155 2066 2506 2130 surreximus,
2523 2064 2714 2132 illaque
2734 2063 3087 2132 praecedente,
3119 2076 3210 2129 per
3221 2062 3373 2115 devia
3389 2063 3494 2116 iter

1918 2157 2233 2223 fecimus;et
2247 2172 2369 2211 ecce
2397 2166 2519 2209 ante
2559 2170 2660 2210 nos
2694 2153 2977 2208 maximam
3006 2154 3302 2208 invenimus
3345 2153 3493 2208 absi-

1920 2248 2041 2302 dam
2065 2244 2200 2318 (l5),
2234 2247 2284 2300 in
2314 2245 2537 2301 circuitu
2565 2248 2839 2314 scriptam.
2859 2244 3111 2298 Videntes
3129 2260 3253 2298 vero
3266 2244 3494 2313 scriptu-

1921 2352 2033 2391 ram
2054 2338 2217 2403 illam,
2248 2336 2414 2405 gavisi
2443 2350 2649 2399 sumus,
2672 2344 2727 2390 et
2746 2336 3163 2389 collaudavimus
3190 2334 3494 2391 Dominum.

1922 2429 2046 2483 [iure
2062 2444 2236 2482 autem
2260 2439 2374 2482 erat
2395 2429 2684 2496 scriptura:
2705 2427 2948 2481 Absidam
2977 2428 3126 2480 istam
3148 2427 3500 2493 fecitdfexan-

1925 2520 2017 2574 der
2066 2518 2301 2589 Philippi
2347 2519 2565 2574 Macedo
2617 2520 2919 2586 imperator,
2971 2519 3174 2588 quando
3213 2527 3499 2580 persecutus

1922 2622 1999 2666 est
2022 2612 2237 2666 Darium
2268 2628 2433 2683 regem
2464 2610 2765 2669 Persarum.
2793 2610 2892 2675 Qui
2918 2620 3105 2665 terram
3138 2612 3269 2663 hanc
3298 2612 3500 2681 ingredi

1923 2704 2158 2765 uoluerit,
2187 2704 2255 2757 ad
2283 2719 2489 2756 manum
2510 2704 2770 2756 sinistram
2792 2703 2977 2769 vadat;
2999 2702 3066 2755 ad
3086 2707 3345 2755 dexteram
3366 2703 3501 2756 enim

1926 2802 2060 2846 terra
2086 2793 2243 2861 invia,
2275 2804 2322 2846 et
2344 2794 2553 2862 rupibus
2577 2804 2625 2847 et
2654 2794 2906 2862 angustiis
2928 2803 3000 2846 est
3031 2793 3201 2861 plena.

2001 2883 2130 2938 CAP.
2162 2880 2255 2937 IX.
2287 2913 2352 2924 —-
2382 2900 2402 2937 ‹
2438 2883 2544 2938 Nos
2567 2884 2727 2955 igitur
2747 2884 2811 2937 ad
2846 2885 3030 2937 lzcvam
3060 2884 3336 2951 intrantes,
3387 2897 3503 2936 am-

1926 2971 2222 3029 bulavimus
2249 2975 2365 3029 dies
2394 2975 2607 3030 multos.
2662 2973 2729 3029 Et
2781 2972 2977 3028 factum
3008 2985 3089 3027 est
3120 2983 3239 3043 post
3268 2973 3489 3042 quadra-

1926 3066 2069 3133 ginta
2096 3067 2229 3134 dies,
2260 3067 2510 3121 euntibus
2541 3067 2698 3121 nobis
2728 3067 2872 3120 venit
2926 3066 3190 3135 pessimus
3232 3076 3284 3121 et
3311 3066 3503 3121 intole-

1927 3158 2115 3215 rabilis
2143 3159 2298 3223 fetor,
2332 3172 2397 3213 ex
2428 3173 2531 3227 quo
2561 3158 2996 3212 velutexanimes
3018 3156 3216 3222 effecti,
3241 3158 3505 3213 etcadeu-
3582 3228 3585 3229 ν

1256 3226 1684 3282 pertranseunles
1724 3225 1822 3271 iter

1932 3260 2011 3308 tes
2044 3254 2093 3305 in
2119 3263 2341 3315 terram,
2370 3252 2644 3306 oravimus
2670 3250 2969 3317 Dominum,
3006 3250 3185 3322 utjam
3215 3251 3507 3311 clementer

1930 3347 2093 3411 recipi
2136 3345 2350 3416 jnberet
2392 3347 2598 3400 animas
2646 3354 2873 3399 nostras.
2904 3343 3029 3400 Post
3073 3344 3339 3400 modicum
3375 3350 3509 3401 vero

1930 3447 2206 3506 surgentes
2249 3452 2279 3491 a
2337 3445 2498 3506 terra,
2549 3438 2855 3506 aspeximus
2887 3437 3058 3492 lacum
3108 3453 3355 3506 magnum
3389 3479 3404 3504 ,
3450 3438 3505 3493 et

1932 3529 2326 3584 mu!titudinem
2354 3530 2678 3598 serpentium
2701 3528 2754 3582 in
2780 3544 2844 3582 eo
2875 3527 3193 3598 ignitorum;
3225 3540 3277 3582 et
3298 3545 3359 3584 ex
3392 3531 3511 3596 ipso

1932 3620 2049 3674 lacu
2081 3622 2321 3675 exierunt
2349 3635 2531 3684 voces,
2565 3629 2620 3674 et
2641 3620 2936 3674 audivimus
2971 3621 3223 3673 ululatum
3252 3631 3305 3675 et
3356 3620 3507 3689 plan-

1930 3722 2074 3769 ctum
2106 3728 2377 3781 magnum,
2406 3710 2554 3780 quasi
2577 3711 2755 3781 populi
2779 3712 3349 3776 innumerabilis,etde
3368 3715 3507 3766 cmfo

1936 3822 2037 3860 vox
2069 3806 2267 3869 sonuit,
2297 3805 2482 3860 dicens
2516 3822 2529 3857 :
2594 3803 2768 3859 Locus
2794 3806 2893 3858 iste
2920 3804 3105 3873 judicii
3153 3815 3206 3859 et
3234 3820 3507 3873 pinnarum

1937 3910 2041 3962 est,
2074 3900 2124 3952 in
2154 3912 2259 3966 quo
2290 3897 2597 3952 cruciantur
2623 3897 2709 3965 qui
2732 3895 2999 3951 Christum
3022 3906 3373 3967 negaverunt.
3402 3897 3510 3952 Nos

1934 4000 2111 4045 autem
2140 4000 2324 4043 vocem
2354 3996 2486 4042 banc
2510 3988 2808 4052 audientes,
2842 3996 2897 4042 et
2915 3998 3124 4058 pectora
3152 4000 3507 4055 percutientes
3554 4030 3561 4037 .

1935 4099 2056 4139 cum
2086 4081 2333 4153 lacrymis
2364 4091 2417 4136 et
2450 4081 2643 4136 timore
2673 4081 2837 4135 nimio
2866 4082 3037 4150 ipsum
3059 4082 3403 4136 transivimus
3435 4082 3509 4137 lac

1936 4192 2078 4238 cum,
2094 4177 2399 4230 etvenimus
2412 4175 2548 4229 inter
2560 4188 2769 4228 montes
2781 4172 3236 4238 duosaltissimos,
3257 4183 3309 4228 et
3330 4174 3381 4227 in
3398 4189 3514 4227 me-

1939 4269 2031 4323 dio
2061 4269 2300 4336 ipsorum
2335 4267 2579 4336 apparuit
2608 4265 2764 4320 nobis
2787 4264 2946 4318 homo
2969 4266 3121 4335 lort‘ga
3144 4276 3343 4319 statura
3373 4264 3513 4336 (l4).

1940 4361 2094 4430 quasi
2127 4371 2338 4414 centum
2368 4355 2685 4423 cubitorum,
2739 4367 2790 4412 et
2819 4359 2930 4427 ipse
2959 4359 3161 4411 catenis
3188 4358 3510 4412 constrictus

1952 4453 2126 4519 aereis,
2158 4462 2270 4507 toto
2300 4452 2490 4521 ligatus
2515 4460 2630 4507 erat
2660 4464 2900 4520 corpore.
2953 4450 3077 4504 Dum
3096 4461 3273 4504 autem
3308 4461 3510 4505 catena:

1939 4548 2007 4600 de
2029 4560 2130 4599 una
2154 4545 2393 4613 corporis
2429 4557 2597 4612 parte,
2630 4544 2680 4597 in
2708 4551 2891 4597 monte
2918 4554 3027 4596 uno
3071 4551 3223 4595 erant
3273 4542 3409 4604 ﬁxre,
3457 4552 3512 4595 et

264 4630 468 4669 ηπηυε·
537 4615 763 4669 ῧθκιθτθ
805 4615 963 4685 isiwr
1011 4615 1100 4669 θεῖ
1153 4630 1248 4668 "05
1292 4624 1623 4686 Ρτοιθὲθηιε,
1680 4618 1830 4673 “limi
1860 4621 1914 4686 υ
1946 4639 2065 4692 duae
2087 4636 2140 4690 iu
2170 4645 2353 4690 monte
2374 4634 2564 4698 altero,
2589 4643 2642 4687 et
2690 4634 2824 4703 ignis
2872 4632 3138 4686 maximus
3188 4631 3238 4684 in
3291 4629 3514 4684 circuitu

265 4705 705 4775 pertransivimus
736 4706 819 4759 illa
845 4721 860 4771 ;
906 4704 999 4759 sed
1019 4716 1072 4759 et
1101 4705 1282 4759 sibilos
1319 4708 1608 4761 draconum
1629 4719 1685 4761 et
1715 4724 1834 4762 ser-

267 4799 507 4864 pentium
541 4813 633 4866 per
685 4798 867 4865 viginti
897 4797 1175 4851 continuos
1225 4798 1340 4852 dies
1382 4798 1433 4853 in
1479 4801 1692 4854 auribus
1739 4802 1837 4855 ba-

266 4889 502 4954 buimus,
557 4903 611 4944 et
667 4906 771 4945 non
818 4890 921 4946 nisi
967 4905 1124 4946 aures
1176 4892 1482 4948 obturantes
1529 4894 1653 4950 illos
1699 4894 1839 4952 ferre

260 4982 552 5049 quivimus.

338 5092 471 5146 Car.
506 5089 642 5145 Vill.
672 5121 742 5131 —
786 5108 805 5141 ο
847 5092 1048 5146 Interea
1081 5094 1131 5147 in
1164 5093 1333 5147 locum
1384 5094 1663 5151 incidmus
1687 5097 1840 5151 terri-

260 5186 454 5248 bilem,
492 5199 652 5252 rupes
679 5186 965 5238 habentem
989 5186 1330 5253 asperrimas,
1353 5187 1402 5239 in
1420 5188 1583 5240 altum
1611 5198 1838 5253 erectas,

260 5277 385 5329 etin
412 5278 517 5329 ima
543 5275 948 5329 descendentes.
980 5275 1084 5329 Nos
1113 5290 1239 5342 ergo
1262 5286 1462 5345 septem
1486 5277 1599 5330 dies
1623 5278 1694 5332 ibi
1718 5277 1845 5332 feci-

264 5382 390 5421 mus
410 5409 425 5433 ,
486 5368 622 5419 ultra
654 5369 897 5435 progredi
929 5380 1033 5419 non
1061 5365 1316 5420 valentes.
1381 5365 1620 5435 Septima
1666 5378 1844 5421 auter-tn

265 5473 395 5530 post
418 5460 535 5512 haec
550 5458 637 5513 die
663 5459 907 5526 apparuit
936 5473 1129 5512 cervus
1168 5468 1289 5512 ante
1319 5473 1413 5511 nos
1431 5458 1716 5533 ambulans
1748 5475 1841 5512 ru-

264 5551 490 5624 giendo,
514 5564 669 5621 quem
700 5560 978 5619 surgentes
1001 5542 1172 5605 secuti
1195 5565 1402 5605 sumus.
1433 5551 1536 5606 lter
1555 5564 1732 5606 autem
1763 5552 1843 5605 t'a-'

264 5654 497 5707 cientes,
524 5643 693 5696 multo
718 5641 947 5705 maiores
992 5642 1290 5698 invenimus
1336 5652 1459 5698 ante
1507 5658 1603 5698 nos
1658 5658 1844 5713 rupes.

266 5736 382 5792 Nos
406 5748 537 5788 vero
585 5732 820 5787 maximo
857 5748 976 5787 eum
1032 5734 1212 5789 labore
1262 5744 1316 5789 et
1368 5737 1607 5805 angustia
1652 5735 1847 5791 exinde

270 5831 564 5896 evasimus,
594 5838 645 5882 et
666 5826 905 5880 venimus
929 5827 979 5881 in
995 5842 1235 5898 campum
1254 5828 1465 5898 planum
1497 5838 1551 5885 et
1572 5843 1843 5900 maguum,

1945 4733 2061 4802 ejus
2085 4746 2148 4785 ex
2180 4729 2326 4783 omni
2352 4736 2519 4797 parte.
2554 4727 2663 4780 Vox
2696 4736 2870 4781 autem
2898 4725 3147 4778 clamoris
3179 4722 3317 4777 illius
3333 4721 3515 4776 audie-

1947 4822 2123 4886 batur,
2155 4819 2305 4888 qnasi
2339 4830 2431 4885 per
2463 4816 2813 4887 quadraginta
2854 4812 3120 4868 milliaria.
3175 4812 3270 4879 Qui
3324 4822 3382 4867 ut
3419 4818 3517 4867 nos

1949 4911 2099 4975 vidit,
2134 4912 2347 4980 plorans
2370 4904 2425 4962 et
2451 4909 2662 4977 eiulans
2685 4908 2973 4963 fortissime
2996 4907 3313 4961 exclamavit
3342 4922 3355 4936 -
3397 4920 3518 4960 crus

1947 5002 2142 5057 deliter
2170 5002 2310 5055 enim
2345 5000 2414 5053 ab
2442 5000 2561 5069 igne
2582 5000 2933 5054 cremabatur.

2022 5093 2153 5148 Car.
2182 5092 2250 5147 Χ.
2284 5120 2356 5134 --
2385 5110 2403 5143 ε
2442 5092 2679 5158 Cumque
2705 5104 2801 5145 nos
2830 5094 2949 5146 taiia
2969 5104 3331 5157 cerneretnus,
3363 5088 3519 5148 valde

1949 5185 2361 5254 pertimuimus;
2387 5192 2441 5239 et
2468 5185 2835 5252 cooperientes
2879 5184 3067 5250 facies,
3114 5199 3142 5237 a
3184 5184 3337 5254 longe
3378 5187 3518 5255 ipsos

1954 5277 2292 5331 transivimus
2317 5289 2554 5340 montes;
2614 5286 2668 5329 et
2693 5290 2818 5329 ecce
2869 5277 2920 5330 in
2949 5278 3108 5331 alium
3151 5281 3403 5334 continuo
3433 5281 3519 5333 de-

1952 5368 2198 5423 venimus
2228 5368 2423 5433 locum,
2458 5366 2549 5420 ubi
2577 5382 2738 5434 rupes
2767 5368 2945 5422 multa:
2972 5379 3024 5423 et
3048 5371 3377 5438 profunditas
3409 5386 3522 5423 ma-

1952 5475 2053 5531 gna
2085 5469 2219 5515 erat.
2245 5459 2319 5513 lbi
2344 5462 2501 5512 etiam
2532 5459 2813 5525 quamdam
2844 5462 3069 5516 vidimus
3120 5464 3370 5519 fetninam
3412 5467 3522 5520 cri-

1954 5552 2110 5607 nibus
2162 5551 2352 5606 solutis
2381 5560 2649 5618 stantem,
2697 5562 2810 5607 toto
2836 5568 3060 5624 corpore
3107 5567 3138 5610 a
3190 5558 3424 5611 maximo
3467 5564 3522 5610 et

1955 5642 2175 5699 terribili
2197 5642 2431 5698 dracone
2456 5642 2776 5721 involutam.
2820 5645 3252 5718 Quandocunque
3279 5660 3406 5718 ergo
3453 5646 3519 5699 ad

1955 5733 2281 5806 loquendum
2307 5748 2545 5791 ossuum
2593 5737 2806 5806 aperire
2834 5738 3118 5805 voluisset,
3164 5748 3323 5808 caput
3368 5750 3520 5791 suum

1896 5903 1909 5910 ο
1955 5830 2115 5889 draco
2134 5828 2411 5888 confestim
2439 5830 2494 5887 in
2522 5843 2583 5885 os
2620 5827 2735 5901 ejus
2784 5829 3021 5893 mittens,
3074 5831 3305 5898 linguam
3352 5827 3519 5897 ipsius
