4010 6220
497 338 612 393 419

1542 334 1627 409 DE
1665 332 1843 387 VITIS
1887 331 2166 386 PATBUM
2211 332 2409 387 LIBER
2453 333 2722 394 PRIMUS.

3650 336 3760 393 ‘20

508 452 807 509 mordebat.
839 449 1027 520 Capilli
1066 458 1243 505 autem
1286 448 1441 518 hujus
1494 450 1732 503 mulieris
1790 450 1854 502 ad
1890 458 2085 502 terram
2116 450 2167 509 Α
2191 459 2245 503 et
2273 455 2557 519 cantabant
2585 454 2850 507 canticum
2888 453 3129 521 cmleste,
3160 456 3212 508 id
3241 464 3341 518 est,
3379 468 3538 509 voces
3566 454 3761 511 chi-ru-

509 562 677 616 usque
705 544 1121 600 descendebant.
1177 545 1414 612 (Eumque
1444 542 1495 596 in
1551 545 1690 597 illam
1747 545 2001 597 mirantes
2027 553 2082 599 et

482 641 684 712 ’pavidi
717 641 1102 709 aSpiceremus,
1138 640 1313 691 subito
1342 637 1408 690 de
1442 638 1549 704 ipsa
1585 637 1943 706 profunditate
1974 638 2080 689 val-

509 735 576 790 lis
608 732 941 787 miserabiles
967 732 1264 785 audivimus
1292 747 1472 794 voces,
1516 731 1754 784 dicentes
1783 749 1792 783 2
1830 732 2082 785 Miserere

511 826 690 893 nobis,
710 803 994 886 miserere,
1025 822 1255 887 Christe,
1287 822 1384 876 Fili
1422 823 1511 876 Dei
1559 824 1821 877 altissimi.
1850 823 1956 876 Nos
1985 824 2082 877 ita-

507 934 611 988 que
642 916 986 971 vehementer
1018 916 1278 977 exterriti,
1305 925 1562 981 ponentes
1588 931 1755 985 genua
1799 916 1851 968 in
1884 925 2080 969 terram

513 1012 804 1072 oravimus,
838 1011 1075 1063 dicentes
1103 1024 1221 1061 cum
1253 1009 1539 1079 Iacrymis:
1585 1009 1835 1071 Domine,
1867 1008 1953 1077 qui
1986 1024 2081 1063 nos

513 1103 730 1165 creasti,
764 1101 887 1154 tolle
926 1100 1131 1154 animas
1160 1108 1392 1163 nostras,
1447 1102 1696 1166 quoniam
1747 1101 1942 1168 judicia
1993 1110 2081 1154 tua

507 1192 649 1247 oeuli
678 1191 844 1245 nostri
877 1191 1116 1245 viderunt
1142 1193 1193 1243 in
1220 1199 1377 1245 terra.

583 1322 711 1377 CAP.
747 1322 834 1376 XI.
881 1350 949 1360 —-
996 1340 1013 1371 ι
1054 1321 1342 1389 Surgentes
1368 1325 1785 1391 autem,ingenti
1848 1324 1990 1377 luctu
2029 1334 2084 1379 ct

515 1430 744 1471 mmrore
776 1415 930 1466 simul
964 1425 1016 1466 et
1050 1416 1239 1466 timore
1264 1415 1504 1467 venimus
1532 1416 1583 1468 in
1612 1417 1783 1469 locum
1816 1416 1999 1482 alium,
2030 1421 2081 1473 in

514 1525 625 1579 quo
646 1508 874 1562 arbores
905 1509 1097 1560 multas
1143 1520 1193 1560 et
1225 1510 1483 1561 maximas
1529 1510 1774 1572 vidimus,
1825 1510 2083 1565 habentes

517 1600 920 1657 similitudinem
948 1601 1167 1654 ficorum
1200 1617 1211 1649 :
1268 1602 1425 1671 227
1471 1601 1521 1654 in
1547 1604 1706 1654 ramis
1741 1612 1920 1656 autem
1956 1605 2083 1670 ipsis

504 1692 745 1747 volatilia
772 1693 958 1755 multa,
1032 1691 1220 1743 similia
1253 1693 1434 1745 avibus
1467 1694 1587 1747 caeli
1637 1697 1772 1763 (l5),
1823 1711 1954 1749 voce
1986 1699 2083 1749 Int-

510 1800 664 1840 mana
718 1785 925 1839 fortiter
971 1783 1293 1850 clamabant,
1345 1786 1570 1838 dicentia
1617 1801 1631 1837 :
1686 1788 1849 1839 Parce
1902 1789 2080 1852 nobis,

511 1878 755 1937 Domine,
789 1876 873 1943 qui
906 1874 1179 1943 plasmasti
1208 1891 1332 1939 nos;
1368 1891 1523 1943 parce
1556 1878 1730 1941 nobis,
1755 1878 2075 1942 misericors,

502 1967 633 2037 quia
664 1967 1001 2035 peccavimus
1032 1976 1157 2019 ante
1203 1967 1388 2018 facient
1442 1976 1607 2035 tuam,
1661 1983 1823 2035 super
1867 1984 2081 2022 onmem

508 2067 731 2112 terram.
756 2059 860 2111 Nos
882 2068 1057 2110 autem
1083 2058 1374 2123 oravimus,
1408 2058 1684 2113 dicentes:
1733 2060 1955 2115 Domine
1987 2061 2086 2113 nii-

507 2151 949 2214 sericordissime,
985 2152 1209 2205 osmnde
1234 2151 1386 2203 nobis
1408 2151 1529 2213 ista,
1556 2167 1672 2216 qua:
1702 2152 1954 2226 vidimus,
1988 2154 2085 2204 mi-

508 2243 686 2296 tacula
713 2252 822 2305 tua,
855 2244 1112 2311 quoniam
1155 2243 1461 2311 ignoramus
1484 2243 1608 2310 quid
1632 2244 1757 2295 sint.
1778 2242 1931 2296 Venit
1959 2257 2085 2311 ergo

508 2343 609 2387 tvox
643 2314 825 2386 dicens
856 2351 867 2385 :
925 2333 1039 2386 Non
1091 2344 1171 2384 est
1202 2344 1438 2385 veSIrum
1482 2348 1641 2387 nosse
1691 2334 1941 2404 mysteria
1969 2349 2085 2395 qua:

501 2427 738 2505 vidistis.
760 2427 902 2478 viam
927 2424 1130 2494 pergite
1163 2434 1414 2479 vestram.

582 2558 709 2612 CAP.
748 2558 864 2611 XII.
896 2588 965 2598 -—
1008 2576 1028 2610 ι
1087 2559 1214 2613 Inde
1262 2558 1416 2626 igitur
1464 2575 1583 2613 cum
1643 2560 1839 2629 ingenti
1893 2576 2087 2630 pavore

513 2651 735 2720 egressi,
766 2650 1077 2704 devenimus
1104 2650 1168 2702 ad
1200 2652 1370 2703 locum
1400 2650 1843 2707 honorabiliorem
1875 2668 1937 2707 ac
1965 2667 2090 2720 Spe-

513 2743 869 2796 ciosissimum
890 2782 905 2806 ,
948 2744 998 2794 in
1029 2756 1134 2811 quo
1164 2752 1387 2809 quatuor
1416 2742 1512 2795 viri
1557 2743 1797 2807 stabant,
1831 2744 2086 2799 habentes

511 2833 706 2903 figuras
738 2834 1094 2895 venerabiles,
1126 2843 1373 2903 tanquam
1407 2836 1541 2888 mira
1574 2835 1965 2902 pulchritudine
1994 2837 2089 2889 de-

511 2942 686 2991 coras,
720 2938 774 2980 ut
801 2928 942 2981 credi
974 2938 1064 2980 aut
1093 2926 1189 2980 fari
1217 2929 1435 2982 omnino
1462 2928 1613 2983 facile
1647 2931 1731 2983 vix
1764 2932 1929 2998 possit
1956 2950 1969 2983 :
1999 2931 2086 2986 isti

511 3020 774 3088 siquidem
802 3036 1026 3074 coronas
1054 3036 1265 3082 aureas,
1298 3022 1519 3089 gemmis
1550 3030 1604 3075 et
1633 3022 1895 3091 lapidibus
1922 3023 2088 3078 hono-

514 3113 666 3167 rifice
688 3114 1026 3180 compositas,
1054 3114 1106 3166 in
1135 3113 1395 3182 capitibus
1426 3114 1710 3181 habebant,
1763 3127 1816 3171 et
1839 3116 1890 3170 in
1922 3120 2088 3172 mani-

2184 543 2315 597 bim.
2339 544 2448 598 Nos
2473 554 2647 600 autem
2677 546 2788 602 haec
2817 548 3099 612 intuentes,
3131 548 3400 625 timuimus
3431 545 3604 601 valde.
3631 547 3746 615 Ipsa

2185 652 2312 690 vero
2339 639 2562 691 ecclesia
2611 655 2639 690 a
2670 648 2819 708 parte
2844 639 3128 693 Meridiana
3172 638 3568 694 similitudinem
3596 638 3743 694 hahe-

2185 728 2275 780 bat
2302 729 2491 796 lapidis
2524 729 2714 797 prasini
2750 732 2987 799 pretiosi,
3027 748 3055 784 a
3086 740 3234 801 parte
3258 731 3485 785 Australi
3519 733 3739 785 colorem

2184 820 2455 887 sanguinis
2495 822 2825 876 mundissimi
2875 823 3265 890 praetendebat,
3314 839 3341 875 a
3372 806 3537 887 parte
3578 832 3746 877 autem

2184 912 2512 965 Occidentali
2546 922 2649 967 tota
2668 894 2793 969 ierat
2821 916 2963 981 alba,
2994 918 3162 970 instar
3192 916 3343 969 lactis
3370 927 3422 969 et
3449 916 3586 969 nivis
3628 929 3752 971 can-

2185 1002 2474 1056 didissima:
2505 1020 2518 1056 :
2551 1004 2718 1058 stella:
2747 1022 2910 1073 snper
2940 1007 3106 1073 ipsim
3137 1007 3417 1060 ecclesiam
3453 1007 3566 1074 plus
3598 1020 3754 1074 quam

2187 1096 2345 1163 hujus
2390 1098 2569 1149 mundi
2617 1098 2789 1152 sidera
2821 1099 3086 1160 lucebunt,
3130 1099 3210 1153 sol
3242 1099 3308 1153 ibi
3339 1099 3756 1167 septempliciter

2186 1189 2392 1242 lucebat
2420 1198 2474 1243 et
2505 1190 2731 1255 calebat,
2761 1207 2915 1259 quam
2949 1194 2997 1244 in
3032 1190 3187 1258 hujus
3222 1201 3376 1245 terra:
3408 1193 3653 1259 regione;
3683 1193 3759 1246 al-

2186 1296 2279 1348 pes
2309 1290 2362 1334 et
2400 1262 2844 1336 arbores‘omnes
2890 1283 3002 1350 plus
3042 1283 3187 1350 alta},
3216 1292 3270 1335 et
3310 1281 3433 1335 folia
3461 1298 3524 1336 ac
3554 1283 3758 1338 fructus

2185 1379 2368 1445 plures
2396 1388 2448 1431 et
2485 1379 2785 1444 dulciores,
2818 1394 2973 1447 quam
3020 1379 3171 1431 istius
3201 1379 3377 1431 mutuli
3418 1383 3638 1434 arbores
3666 1380 3759 1433 ha-

2186 1469 2411 1532 bebant;
2445 1468 2538 1522 sed
2583 1476 2639 1523 et
2681 1484 2806 1523 aves
2853 1470 2972 1523 cmli
3021 1471 3173 1524 aliter
3215 1470 3554 1535 resonabant,
3599 1485 3755 1539 quam

2185 1575 2308 1613 aves
2337 1571 2491 1614 terra:
2538 1562 2728 1614 istius:
2757 1561 2928 1614 omnis
2975 1571 3147 1615 autem
3191 1573 3327 1615 terra
3378 1562 3487 1630 ipsa
3517 1564 3757 1630 duplices

2188 1652 2417 1707 habebat
2453 1655 2661 1708 colores
2680 1696 2694 1717 ,
2729 1655 2777 1707 id
2802 1665 2908 1717 est,
2937 1672 3036 1708 una
3068 1655 3231 1710 facies
3262 1657 3379 1709 alba
3411 1667 3526 1712 erat
3554 1667 3613 1711 ut
3639 1659 3754 1719 nix,

2186 1757 2239 1797 et
2264 1748 2363 1798 alia
2397 1747 2852 1801 rubicundissimis
2877 1750 3145 1803 coloribus
3172 1760 3306 1806 erat.
3329 1750 3431 1806 Nos
3461 1752 3625 1820 igitur
3658 1761 3761 1805 stu-

2116 1830 2163 1889 B
2194 1849 2397 1905 pontes,
2426 1849 2477 1890 et
2525 1839 2575 1891 in
2608 1841 2794 1894 eodem
2834 1840 2952 1894 loco
2996 1842 3300 1905 adorantes,
3347 1857 3407 1895 ac
3439 1844 3583 1911 ipsos
3614 1843 3763 1897 viros

2188 1930 2503 1993 salutantes,
2527 1944 2644 1984 cum
2677 1932 2863 1986 timore
2887 1933 3107 2000 egressi,
3133 1941 3362 2002 coeptum
3391 1935 3490 1987 iter
3516 1933 3763 2001 arripere

2186 2016 2572 2073 festinavimus.

2257 2109 2383 2164 CAP.
2426 2111 2561 2175 XIV.
2600 2142 2667 2151 —
2712 2128 2728 2164 ι
2770 2113 3000 2183 Denique
3032 2126 3150 2184 post
3180 2117 3294 2172 luec
3317 2127 3525 2171 centum
3556 2117 3761 2184 impleti

2188 2210 2312 2254 sunt
2353 2201 2486 2269 dies,
2514 2212 2570 2255 ut
2599 2203 2852 2259 Dominus
2898 2208 3048 2261 testis
3092 2218 3172 2262 est
3214 2209 3383 2275 nobis,
3431 2210 3573 2280 quod
3615 2212 3759 2265 nulto

2189 2298 2369 2350 refecti
2408 2313 2591 2353 sumus
2620 2300 2760 2365 cibo,
2793 2315 2926 2370 aqua
2964 2317 3060 2357 nos
3091 2302 3419 2374 frequentius
3458 2303 3763 2359 refocillan-

2190 2399 2449 2445 tcs:cum
2498 2408 2623 2447 ecce
2670 2394 2846 2448 subito
2896 2396 3145 2451 euntibus
3198 2398 3371 2463 nobis,
3402 2399 3548 2453 venit
3580 2402 3757 2469 populi

2188 2480 2591 2537 innumerabilis
2637 2485 2919 2541 multitudo
2957 2487 3191 2552 virorum
3240 2505 3303 2544 ac
3346 2491 3626 2547 mulierum
3658 2493 3760 2547 ob-

2189 2575 2351 2637 viam,
2398 2572 2450 2627 in
2498 2590 2661 2629 unum
2707 2576 3039 2645 conglobati;
3088 2595 3193 2634 non
3238 2590 3414 2636 autem
3465 2583 3603 2637 inter
3641 2584 3765 2639 illo:

2189 2668 2480 2736 longiorem
2528 2678 2888 2740 praeterquam
2932 2672 3088 2727 unius
3125 2674 3287 2728 cubiti
3334 2685 3600 2730 staturam
3631 2676 3759 2730 vidi-

2192 2778 2330 2816 mus.
2382 2763 2543 2831 Igitur
2568 2765 2698 2818 visis
2733 2766 2859 2831 illis,
2893 2766 3046 2821 valde
3072 2768 3458 2836 pertimuimus.
3492 2770 3643 2825 Tunc
3668 2772 3762 2825 mi-

2189 2852 2434 2908 serabilis
2460 2870 2560 2924 ego
2592 2865 2839 2925 peccator
2862 2857 3185 2928 Theophilus
3211 2860 3320 2914 dixi
3349 2860 3604 2917 fratribus
3634 2864 3765 2918 meis

2187 2944 2371 3013 Sergio
2402 2956 2454 2999 et
2479 2946 2682 3016 Hygino
2712 2966 2727 3002 :
2757 2950 3042 3005 Solventes
3068 2952 3291 3020 capillos
3323 2960 3554 3018 nostros,
3579 2953 3764 3010 venia-

2188 3052 2304 3092 mus
2335 3039 2585 3095 adversus
2607 3056 2725 3107 eos;
2750 3043 2969 3098 forsitan
2999 3043 3195 3114 fugient
3227 3061 3254 3097 a
3288 3046 3462 3113 nobis,
3489 3054 3544 3100 et
3570 3046 3765 3102 libera-

2187 3131 2264 3185 bit
2290 3134 2387 3185 nos
2411 3132 2662 3188 Dominus
2692 3134 2758 3188 de
2788 3136 3029 3190 manibus
3054 3136 3281 3190 illorum.
3314 3138 3464 3205 Quod
3492 3154 3612 3192 cum
3640 3140 3766 3207 ipsis

512 3205 615 3260 bus
646 3205 850 3273 palmas
890 3217 1080 3257 aureas
1109 3205 1421 3272 gestabant;
1471 3204 1606 3273 ignis
1647 3221 1775 3260 vero
1816 3208 2084 3261 maximus

2190 3224 2358 3277 visum
2391 3224 2575 3280 fuisset
2604 3228 2821 3293 bonum,
2862 3230 3047 3283 solutis
3079 3228 3309 3284 fasciolis
3337 3241 3390 3284 et
3416 3231 3622 3299 capillis
3671 3247 3767 3284 no-

512 3309 577 3350 ac
604 3295 852 3349 terribilis
882 3304 1004 3347 ante
1031 3295 1170 3361 illos,
1198 3305 1251 3348 et
1271 3298 1487 3362 spathas
1515 3297 1848 3351 acutissimas
1878 3309 2001 3354 ante
2031 3315 2089 3355 se

513 3385 786 3439 tenebant.
818 3385 923 3438 Nos
954 3401 1079 3438 vero
1108 3388 1204 3438 ista
1236 3397 1533 3452 cernentes,
1568 3402 1629 3440 ac
1661 3389 1833 3441 valido
1860 3390 2089 3457 pereulsi

512 3476 722 3541 timore,
760 3476 1170 3531 exctamavimus
1198 3476 1263 3530 ad
1294 3478 1432 3539 illos,
1475 3478 1713 3532 dicentes
1748 3495 1761 3531 :
1802 3478 2007 3534 Domini
2035 3488 2091 3534 et

517 3567 657 3621 servi
682 3567 770 3619 Dei
794 3565 1015 3629 excelsi,
1036 3566 1354 3619 miseremini
1387 3569 1569 3633 nostri,
1598 3576 1653 3620 ut
1678 3568 1883 3635 spathze
1912 3578 1965 3624 et
1996 3571 2093 3626 iste

515 3657 652 3725 ignis
675 3657 826 3710 nobis
852 3672 953 3710 non
980 3658 1302 3725 pra~valeant
1324 3672 1537 3712 nocere.
1565 3662 1632 3712 At
1661 3660 1732 3713 illi
1766 3662 2093 3729 responden-

514 3758 600 3803 tes
630 3749 802 3812 nobis,
831 3748 1081 3802 dxernut
1105 3767 1116 3800 :
1143 3749 1312 3803 Nolite
1341 3752 1544 3815 timere,
1582 3752 1723 3805 viam
1751 3769 1906 3819 quam
1942 3755 2093 3809 vobis

516 3841 657 3893 Deus
678 3839 1083 3903 demonstravit,
1116 3840 1187 3893 ite
1215 3842 1385 3893 securi
1416 3858 1430 3894 :
1461 3857 1556 3894 nos
1583 3842 1725 3896 enim
1759 3843 2014 3899 Dominus
2037 3846 2090 3900 in

515 3929 619 3983 ἱειο
650 3928 822 3995 posuit
859 3931 993 3987 loco,
1029 3939 1082 3979 ut
1115 3927 1247 3979 viain
1294 3929 1429 3983 hanc
1458 3945 1797 3986 servaremus
1827 3944 1883 3987 et
1912 3943 2093 3988 custo-

516 4021 775 4085 diremus,
807 4036 971 4089 usque
1000 4021 1050 4073 in
1075 4023 1212 4075 diem
1240 4024 1443 4094 judicii,
1476 4026 1689 4093 quando
1718 4026 1903 4081 orbem
1937 4038 2092 4084 terra:
2144 4066 2147 4071 -

518 4106 844 4176 iudicaturus
874 4111 1137 4164 adveniet.

584 4221 893 4304 Caeam”.
920 4252 987 4263 —-
1026 4243 1044 4275 ‹
1082 4224 1205 4279 llaac
1248 4242 1342 4281 nos
1372 4229 1646 4285 audientes
1676 4245 1705 4284 a
1734 4235 1935 4287 sanctis
1963 4233 2091 4289 viris

514 4315 651 4382 illis,
687 4331 748 4368 ac
778 4316 843 4369 de
874 4316 1028 4383 longe
1057 4332 1147 4370 eos
1184 4319 1473 4374 salutantes
1495 4362 1508 4385 ,
1547 4325 1985 4390 pertransivimus
2014 4328 2093 4380 Io-

517 4421 639 4460 cum
666 4408 867 4475 ipsum,
898 4416 951 4461 et
976 4424 1070 4476 per
1094 4409 1437 4478 quadraginta
1461 4414 1741 4469 continuos
1765 4416 1879 4470 dies
1908 4418 2091 4473 ambu-

514 4497 776 4562 Iavimus,
818 4500 1018 4553 nullum
1062 4503 1280 4555 omnino
1326 4504 1501 4559 cibum
1544 4517 1849 4574 sumentes,
1897 4526 2089 4577 aquam

2196 3315 2341 3380 stris,
2394 3319 2643 3373 irruimus
2688 3337 2847 3390 super
2886 3337 2979 3376 eos
3031 3333 3269 3389 repente,
3321 3322 3419 3391 ipsi
3456 3333 3636 3380 autem
3670 3324 3769 3378 hoc

2197 3420 2502 3474 cernentes,
2533 3412 2810 3467 confestim
2843 3413 2980 3468 ﬁlios
3008 3430 3133 3470 suos
3172 3417 3507 3487 arripientes,
3541 3418 3769 3472 striden-

2197 3507 2381 3568 tesque
2406 3501 2671 3571 dentibus,
2695 3504 2854 3559 citius
2880 3506 3193 3576 aufugerunt
3216 3524 3422 3563 omnes.
3458 3509 3565 3565 Nos
3592 3520 3768 3566 autem

2197 3593 2478 3650 Dominum
2525 3599 2960 3668 collaudavimus,
2994 3604 3082 3671 qui
3110 3602 3306 3673 eripuit
3354 3618 3483 3667 nos;
3515 3614 3567 3658 et
3600 3614 3771 3658 trans.

2197 3698 2385 3742 euntes
2426 3690 2646 3760 ﬂumen,
2698 3693 2999 3749 invenimus
3027 3696 3217 3748 herbas
3240 3697 3491 3750 candidas
3519 3708 3571 3751 et
3601 3697 3773 3762 albas,

2194 3780 2329 3835 sicut
2352 3782 2452 3851 lac,
2479 3782 2662 3838 dulces
2684 3786 2829 3838 velut
2859 3786 2981 3849 mel,
3010 3785 3148 3839 altas
3181 3803 3307 3840 vero
3333 3803 3497 3857 usque
3523 3788 3589 3842 ad
3610 3804 3774 3843 unum

2194 3876 2453 3933 cubitum.
2488 3879 2863 3933 lllanducantes
2890 3880 3068 3949 itaque
3094 3880 3161 3934 de
3188 3881 3369 3934 herbis
3398 3880 3689 3947 mellifluis,
3714 3898 3776 3937 ac

2196 3982 2293 4022 nos
2334 3980 2633 4024 saturantes
2684 3985 2751 4023 ex
2781 3971 2884 4035 eis,
2923 3972 3211 4040 gratiarum
3260 3975 3496 4026 actiones
3532 3972 3776 4028 Creatori

2194 4063 2428 4116 omnium
2456 4064 2761 4129 obtulimus,
2793 4064 2884 4136 qui
2929 4081 3026 4120 nos
3054 4081 3148 4134 per
3180 4077 3321 4120 tanta
3368 4067 3605 4121 servavit
3635 4067 3778 4137 peri-

2195 4153 2338 4217 cula,
2371 4168 2433 4207 ac
2458 4157 2685 4223 gratuita
2719 4172 2815 4211 nos
2849 4172 2942 4209 sua
2972 4157 3140 4226 gratia
3172 4158 3462 4212 nutriebat.
3495 4158 3599 4213 Nos
3640 4157 3776 4213 inte-

2195 4257 2286 4296 rea
2310 4245 2409 4298 iter
2436 4257 2652 4313 agentes
2682 4247 2774 4313 per
2794 4246 2967 4310 devia,
2996 4247 3169 4301 subito
3200 4249 3443 4301 semitam
3474 4247 3777 4302 invenimus

2195 4337 2525 4403 speciosam;
2566 4346 2621 4392 et
2660 4338 2912 4393 cadentes
2962 4340 3014 4392 in
3067 4350 3297 4407 terram,
3345 4338 3677 4393 adoravimus
3716 4348 3769 4394 et

2195 4428 2614 4485 Collaudavimus
2642 4432 2918 4486 Dominum
2964 4431 3379 4498 misericordem,
3406 4430 3490 4500 qui
3519 4445 3634 4484 eam
3665 4447 3762 4482 no.

2201 4516 2280 4569 bis
2311 4518 2721 4574 demonstravit.
2766 4541 2782 4573 I

518 4578 722 4646 tantum
749 4593 1005 4647 bibentes.
1030 4595 1434 4652 Ambulantihus
1455 4614 1581 4670 ergo
1607 4601 1783 4667 nobis,
1806 4604 1983 4657 subito
2004 4621 2095 4659 νο-
2118 4599 2173 4659 Ι)
2273 4609 2398 4663 Car.
2444 4610 2558 4663 XV.
2582 4641 2650 4650 —
2686 4614 2847 4679 Igitur
2874 4628 2965 4681 per
2995 4614 3107 4669 dies
3136 4613 3381 4683 plurimos
3420 4611 3589 4679 ipsam
3618 4612 3767 4665 viam

516 4697 608 4738 ces
635 4684 808 4753 populi
841 4685 1241 4741 innumerabilis
1272 4689 1383 4757 (16)
1406 4692 1703 4747 audivimus
1727 4695 2085 4761 psallentium,

516 4786 572 4829 et
598 4777 731 4831 odor
759 4778 1126 4844 suavissimus,
1159 4782 1307 4848 quasi
1339 4782 1560 4836 balsami
1590 4785 1778 4853 optimi
1809 4796 1863 4840 et
1892 4789 2088 4855 pretio-

520 4867 740 4933 sissimi,
785 4870 935 4923 venit
964 4870 1138 4934 nobis,
1170 4881 1222 4925 et
1251 4874 1386 4926 sicut
1426 4873 1493 4927 dc
1519 4875 1694 4929 mellis
1739 4878 1856 4931 favo
1885 4879 2086 4950 dulcis-

514 4958 672 5023 simo,
703 4975 765 5014 os
790 4971 1029 5015 nostrum
1072 4963 1438 5017 indulcoravit.
1468 4964 1542 5019 De
1568 4966 1883 5020 suavissimo
1922 4969 2087 5040 igitur

516 5049 696 5104 odoris
727 5060 958 5114 nectare,
986 5067 1049 5105 ac
1078 5052 1311 5107 C(Blestis
1343 5056 1571 5109 melodia
1617 5058 1895 5111 cantilena:
1922 5075 2086 5128 sopor

515 5154 613 5195 nos
639 5142 880 5209 arripuit.
913 5143 1041 5197 Post
1082 5145 1343 5200 modicum
1370 5158 1546 5202 autem
1574 5159 1853 5219 surgentes
1882 5168 1912 5206 e
1935 5168 2085 5208 som-

514 5247 604 5293 no,
657 5234 882 5286 vidimus
929 5244 1051 5288 ante
1099 5253 1197 5291 nos
1260 5242 1579 5306 ecclesiam,
1621 5244 1848 5298 mirabili
1893 5256 2084 5302 ornatu

517 5320 821 5376 decoralam
842 5363 857 5388 ,
888 5338 951 5377 ac
980 5311 1439 5398 pretiosissimam,
1472 5350 1590 5401 qua:
1641 5346 1745 5389 tota
1773 5339 1924 5405 quasi
1964 5354 2083 5409 cry-

518 5412 731 5466 stallina
762 5413 1055 5484 videbatur,
1100 5419 1152 5474 in
1198 5424 1372 5477 medio
1402 5437 1578 5482 autem
1631 5428 1796 5495 ipsius
1846 5434 2083 5489 ecclesia:

516 5506 688 5563 altare
716 5508 1084 5580 honorificum,
1116 5531 1171 5571 et
1198 5518 1264 5570 de
1312 5521 1461 5573 altari
1506 5537 1643 5590 aqua
1692 5525 2079 5592 egrediebatur,

515 5616 633 5671 qua:
664 5603 815 5671 lactis
840 5609 1205 5663 candidissimi
1235 5611 1467 5666 colorem
1493 5615 1738 5670 habebat.
1769 5618 1875 5671 Nos
1907 5631 2081 5673 autem

513 5706 706 5762 aquam
732 5696 899 5766 ipsam
930 5702 981 5753 in
1011 5702 1229 5756 veritate
1263 5702 1343 5759 lac
1372 5707 1724 5773 speravimus.
1776 5711 1831 5764 lu
1860 5712 2081 5765 circuitu

514 5797 643 5843 vero
681 5788 841 5847 fontis
884 5791 1027 5848 illius
1069 5794 1279 5849 stabant
1312 5798 1409 5853 viri
1443 5800 1613 5855 sancti
1643 5811 1697 5857 et
1724 5804 2079 5868 honorabiles.

2199 4711 2508 4772 sequentes,
2544 4704 2752 4759 tandem
2793 4707 2857 4759 ad
2888 4708 3192 4776 Speluncam
3223 4706 3560 4777 pervenimus
3590 4706 3775 4762 hono—

2198 4796 2442 4849 rabilem.
2487 4794 2636 4850 Tunc
2668 4799 2940 4867 signaculo
2970 4811 3168 4855 sanctze
3191 4802 3360 4854 crucis
3390 4799 3647 4855 membris
3676 4818 3774 4855 un-

2198 4886 2361 4955 dique
2388 4886 2626 4949 munitis,
2669 4888 2721 4941 in
2752 4892 2993 4945 eamdem
3024 4892 3249 4961 ingressi
3279 4907 3460 4947 sumus
3503 4902 3771 4961 cryptam,

2194 4979 2287 5033 sed
2316 4980 2517 5033 nullum
2546 4979 2615 5033 ibi
2652 4982 2986 5039 invenientes
3022 4984 3397 5050 habitatorem,
3430 4985 3659 5040 diximus
3689 4988 3768 5041 in-

2195 5077 2276 5122 ter
2307 5084 2404 5124 nos
2434 5087 2447 5123 :
2478 5071 2726 5126 Munditia
2767 5074 2881 5130 INBC
2909 5091 3014 5129 non
3047 5085 3148 5143 est,
3180 5076 3283 5130 nisi
3314 5077 3382 5132 de
3412 5094 3569 5131 manu
3600 5078 3769 5131 homi-

2191 5161 2294 5214 nis.
2322 5161 2625 5217 Maneamus
2666 5179 2793 5235 ergo
2836 5167 2943 5230 hic,
2974 5183 3140 5237 usque
3184 5168 3252 5222 ad
3279 5171 3442 5240 228
3468 5185 3767 5236 vesperam,

2188 5266 2242 5311 et
2257 5256 2445 5312 videre
2468 5260 2779 5316 habebimus
2807 5260 2910 5315 loci
2936 5263 3088 5333 hujus
3115 5264 3488 5318 habitatorem.
3523 5261 3618 5318 llis
3646 5280 3781 5333 e:go»

2187 5349 2364 5415 dictis,
2397 5338 2497 5405 una
2534 5352 2659 5406 hora
2683 5398 2697 5423 ,
2729 5362 2910 5422 utpote
2954 5356 3113 5420 lassi,
3145 5355 3467 5422 resedimus,
3512 5366 3567 5409 et
3596 5356 3777 5409 subito

2186 5440 2354 5496 odore
2398 5444 2713 5498 suavissimo
2752 5444 2987 5513 perfusi,
3037 5445 3486 5501 obdormivimcs.
3538 5445 3777 5501 Rursum

2192 5531 2352 5601 igitur
2379 5550 2540 5603 parvo
2583 5535 2859 5591 intervallo
2904 5540 3115 5591 excitati
3156 5554 3185 5591 a
3231 5554 3441 5605 somno,
3480 5539 3622 5593 foras
3652 5556 3777 5608 spe-

2190 5626 2399 5679 luncam
2431 5627 2720 5690 exiviinus,
2765 5637 2819 5683 et
2866 5639 3049 5683 contra
3080 5630 3354 5685 Orientem
3403 5633 3771 5701 reSpeximus;

2192 5729 2245 5771 et
2267 5734 2390 5773 ecce
2416 5721 2591 5775 Subito
2620 5723 2839 5790 figuram
2885 5722 3112 5777 hominis
3161 5738 3189 5777 a
3225 5723 3382 5793 longe
3426 5723 3773 5793 properantis

2190 5810 2439 5875 vidimus,
2474 5814 2620 5879 cujus
2650 5812 2829 5879 capilli
2855 5814 3063 5883 capitis,
3102 5814 3268 5870 instar
3298 5814 3453 5870 laetis
3499 5813 3770 5870 candidis-
