4010 6248
208 362 306 421 (9t

1311 347 1470 403 ’VITA
1522 347 1762 401 SANU'II
1804 343 2086 401 MACARII
2130 344 2411 399 ROMANI.

3357 342 3463 397 ιειι

209 477 334 530 simi
366 481 459 527 aut
505 472 663 537 nivis,
708 469 857 538 quasi
903 468 954 519 in
1001 479 1126 519 aera
1172 462 1441 524 volantes,
1491 469 1656 516 latum
1689 459 1787 513 viri
1817 466 1866 521 Α
1892 468 2197 527 exspectate
2238 457 2544 521 paululum;
2588 454 2757 509 habeo
2801 455 2945 510 enim
2975 457 3155 511 leones
3182 458 3338 527 duos,
3371 461 3463 529 qui

207 578 411 637 corpus
438 569 787 634 operuerunt.
822 560 938 629 Ipse
965 567 1140 611 autem
1172 571 1315 618 mox,
1358 565 1417 608 ut
1446 569 1545 608 nos
1570 569 1597 607 a
1630 554 1789 622 longe

212 666 476 727 reSpextt,
507 655 851 723 semetipsum
883 652 935 705 in
964 660 1153 705 terram
1180 649 1400 717 projecit
1435 648 1697 716 protinus,
1727 662 1787 700 ac

207 767 427 807 rursum
461 749 679 803 elevans
709 760 787 810 se,
819 743 883 797 ad
910 758 1005 797 nos
1034 744 1104 795 ita
1130 742 1365 795 clamare
1386 742 1548 808 cmpit
1576 757 1588 792 :
1617 740 1673 792 Si
1698 754 1791 792 vos

204 862 270 899 ex
305 842 420 897 Deo
448 841 599 903 estis,
631 846 830 894 sancta:
860 835 1031 889 crucis
1055 834 1326 902 signaculo
1357 834 1556 886 munite
1586 844 1699 893 vos,
1726 830 1791 882 ad

207 950 293 986 me
323 949 497 999 usque
529 938 912 1001 properantes;
954 926 1031 981 sin
1063 934 1236 978 autem
1264 940 1328 978 ex
1353 923 1587 988 diabolo,
1633 922 1795 990 fugite

208 1044 234 1077 a
271 1042 363 1079 me
392 1025 487 1078 Dei
514 1037 688 1077 servo.
734 1021 856 1073 llyc
886 1034 953 1072 eo
984 1017 1214 1075 dicente.
1250 1016 1339 1069 tali
1366 1029 1496 1068 voce
1532 1013 1674 1067 ama
1706 1028 1795 1065 su-

213 1131 339 1167 mus
371 1131 383 1167 :
419 1110 649 1166 Benedic
698 1108 873 1171 nobis,
906 1104 1064 1158 Pater
1094 1113 1294 1166 sancte,
1328 1112 1380 1157 et
1421 1102 1527 1156 noli
1573 1101 1795 1166 turbari,

213 1206 473 1273 quoniam
507 1210 560 1255 et
584 1216 682 1253 nos
712 1198 852 1252 servi
884 1211 1069 1250 sumus
1090 1195 1216 1249 Jesu
1255 1193 1471 1258 Christi,
1508 1192 1715 1245 Domini
1744 1199 1797 1244 et

218 1296 516 1352 Salvatoris
554 1291 740 1345 nostri.
793 1285 1235 1343 Renuntiavimns
1281 1286 1542 1350 siquidem
1590 1284 1793 1339 sreculo

218 1384 347 1440 huic
371 1397 531 1447 vano,
563 1382 791 1450 factique
816 1393 1000 1431 sumus
1027 1375 1288 1429 monachi.
1319 1375 1465 1428 Talia
1498 1383 1554 1427 ut
1577 1374 1796 1439 audivit,

222 1476 372 1531 illico
414 1474 479 1527 ad
510 1486 607 1527 nos
639 1473 815 1535 venit;
858 1478 913 1523 et
956 1482 1143 1522 manus
1188 1481 1311 1521 suas
1346 1466 1409 1519 ad
1456 1468 1651 1523 cmlmn
1694 1466 1803 1519 ele-

226 1581 401 1632 vans,
444 1566 644 1621 diutius
687 1564 891 1627 oravit;
948 1570 1003 1615 et
1044 1574 1265 1628 surgens
1306 1559 1373 1613 ab
1418 1560 1684 1623 oratione,
1715 1572 1803 1611 ca-

227 1662 385 1731 pillos
421 1660 489 1714 ab
521 1667 697 1720 oreﬁt
738 1655 876 1709 facie
916 1670 1008 1708 sua
1050 1655 1260 1717 tollens,
1294 1653 1567 1708 benedixit
1601 1665 1712 1714 nos,
1743 1664 1805 1704 ac

232 1753 436 1806 locutus
458 1760 541 1805 est
569 1749 743 1803 nobis.
768 1746 939 1813 Ipsius
962 1760 1088 1800 vero
1117 1745 1293 1812 capilli
1326 1745 1517 1809 capitis
1542 1758 1603 1797 ac
1624 1742 1802 1797 barbae

1896 566 1989 618 per
2014 550 2153 603 diem
2198 549 2338 601 foras
2369 549 2699 601 ambulantes
2743 547 2877 619 (19),
2923 563 3045 601 sero
3074 549 3137 602 ad
3167 565 3252 604 me
3279 566 3465 605 rever-

1893 652 2096 707 tuntur,
2132 656 2197 696 ne
2238 644 2364 711 ipsis
2391 642 2567 695 subito
2600 641 2951 708 venientibus,
2988 643 3110 694 mali
3142 642 3337 708 aliquid
3372 658 3465 711 pa-

1893 736 2096 789 tiamini
2146 736 2213 787 ab
2255 736 2355 787 eis.
2407 734 2569 791 Nobis
2611 751 2738 803 ergo
2786 749 2907 788 cum
2958 750 3150 802 pavore
3202 736 3467 803 paululum

1893 827 2240 889 exeuntibus,
2288 827 2469 879 leones
2510 826 2765 896 rugiendo
2806 827 3069 893 extemplo
3114 826 3466 891 advenerunt,

1895 929 1948 970 et
1987 918 2155 983 ipsum
2188 923 2427 968 sanctum
2462 915 2550 967 Dei
2580 915 2949 969 adoraverunt.
2984 916 3098 983 Ipse
3130 931 3253 969 vero
3284 933 3473 970 manus

1900 1021 2061 1076 super
2090 1022 2183 1059 eos
2223 1021 2445 1073 ponens,
2478 1020 2539 1057 ac
2570 1008 2702 1059 colla
2731 1007 3056 1069 demulcens,
3089 1008 3161 1061 ait
3213 1008 3317 1062 illis
3344 1026 3357 1062 :
3388 1007 3472 1060 Fi-

1897 1100 2004 1153 lioli
2043 1100 2171 1160 mei,
2204 1098 2325 1152 boni
2376 1098 2567 1152 fratres
2609 1106 2717 1152 tres
2760 1100 2825 1152 de
2869 1102 3066 1153 axiculo
3092 1110 3375 1153 venerunt
3406 1100 3471 1154 ad

1899 1206 2016 1255 nos,
2050 1207 2116 1245 ne
2156 1190 2359 1244 faciatis
2387 1191 2489 1244 illis
2520 1191 2739 1245 malum.
2766 1191 3030 1244 Continuo
3058 1206 3153 1244 nos
3183 1192 3468 1255 advocans,

1897 1282 2073 1335 dixit:
2103 1281 2340 1349 Fratres,
2388 1283 2599 1347 venite,
2642 1290 2695 1335 et
2743 1282 2849 1350 jam
2908 1282 3094 1336 timere
3137 1283 3320 1336 nolite.
3366 1284 3475 1337 Nos

1899 1388 2027 1427 vero
2054 1388 2173 1426 cmn
2201 1388 2390 1440 pavore
2419 1373 2584 1425 nimio
2610 1374 2889 1439 intrantes,
2922 1373 3267 1427 salutavimus
3300 1374 3472 1439 illum,

1900 1476 1955 1521 et
1984 1467 2281 1533 vespertina
2325 1468 2515 1535 synaxi
2557 1467 2843 1531 celebrata,
2896 1468 3211 1532 resedimus,
3259 1467 3477 1535 glandes

1904 1570 1965 1610 ac
1996 1557 2279 1611 herbarum
2328 1558 2535 1610 radices
2576 1572 2672 1624 pro
2701 1559 2822 1610 cibo
2854 1568 3141 1621 sumentes,
3187 1569 3237 1610 et
3286 1574 3476 1627 aquam

1903 1652 2148 1707 bibentes
2173 1669 2292 1706 cum
2321 1653 2551 1706 silentio.
2588 1652 2738 1705 Mane
2768 1660 2942 1704 autem
2984 1649 3145 1717 facto,
3179 1652 3338 1705 locuti
3379 1666 3473 1705 311-

1905 1758 2025 1798 mus
2050 1744 2166 1797 viro
2192 1754 2396 1808 sancto,
2431 1743 2668 1797 dicentes
2700 1760 2711 1795 :
2758 1744 2911 1797 Pater
2941 1753 3123 1797 sancte
3152 1750 3207 1797 et
3237 1744 3476 1807 domine,

243 1842 353 1913 (Π)
380 1851 530 1896 erant
558 1838 767 1894 candidi
793 1845 851 1891 ut
879 1838 979 1899 lac,
1011 1836 1277 1903 facieSQue
1304 1836 1421 1902 ejus
1448 1836 1584 1888 sicut
1618 1834 1798 1887 VuIItIS
1831 1835 1877 1895 Β
1905 1833 2247 1887 obsecramus
2293 1844 2432 1886 tuam
2480 1832 2886 1899 beatitudinem,
2918 1844 2974 1887 ut
3018 1835 3477 1889 conversationem

239 1934 424 2003 angeli.
472 1933 600 1987 Erat
626 1932 767 1985 enim
798 1929 937 1983 sicut
966 1928 1162 1999 lignum
1227 1942 1380 1981 secus
1420 1940 1673 1996 aquarum
1705 1925 1800 1979 de-

234 2038 420 2078 cursus
450 2024 736 2089 plantatum
768 2021 940 2091 (f’sal.
981 2020 1043 2089 ι),
1088 2028 1142 2073 et
1170 2035 1276 2088 prae
1304 2026 1581 2073 senectute
1618 2018 1801 2082 nimia,

233 2114 374 2167 oculi
408 2115 526 2182 ejus
562 2130 669 2167 non
696 2113 1088 2179 aperiebantur,
1121 2125 1185 2165 eo
1212 2110 1351 2180 quod
1394 2108 1677 2178 supercilia
1711 2122 1806 2163 eos

238 2204 663 2271 cooperiebant:
693 2204 892 2273 ungulm
921 2216 1132 2271 quoque
1173 2216 1425 2255 manuum
1469 2200 1584 2271 ejus
1611 2216 1673 2255 ac
1714 2214 1806 2267 pe-

249 2296 382 2349 dum
419 2295 591 2364 longa:
623 2295 795 2357 nimis,
826 2293 978 2347 barba
1006 2306 1132 2346 vero
1162 2301 1214 2345 et
1238 2292 1435 2360 capilli,
1475 2306 1667 2360 corpus
1691 2291 1807 2357 ejus

240 2401 409 2439 omne
444 2383 897 2439 circumdederunt
921 2400 934 2437 :
956 2381 1161 2451 loquela
1202 2382 1340 2436 illius
1377 2380 1551 2444 exilis,
1578 2391 1631 2433 et
1658 2379 1807 2449 quasi

239 2477 309 2531 de
335 2476 700 2544 profunditate
741 2478 956 2541 emissa;
985 2475 1118 2529 cutis
1147 2473 1297 2529 faciei
1336 2474 1452 2543 ejus
1480 2472 1628 2543 quasi
1655 2474 1806 2543 pellis

238 2567 545 2623 testudinis.

305 2662 432 2716 CAP.
476 2661 615 2715 XVI.
657 2690 723 2700 —
765 2659 912 2714 Tunc
966 2660 1077 2729 ipse
1115 2674 1233 2714 cum
1290 2659 1538 2730 Iacrymis
1593 2658 1660 2715 ad
1710 2674 1807 2715 nos

243 2770 462 2812 exorSus
503 2766 583 2809 est
613 2754 721 2808 ita:
751 2752 968 2808 Fratres
994 2753 1095 2807 mei
1134 2752 1418 2819 benedicti,
1466 2751 1603 2806 unde
1644 2752 1809 2807 estis?

247 2848 325 2901 vel
350 2846 491 2901 unde
522 2847 625 2899 huc
650 2844 983 2899 advenistis?
1020 2843 1179 2898 dicite
1204 2843 1355 2897 nobis
1381 2828 1603 2912 qualiter
1630 2856 1688 2896 se
1718 2843 1809 2896 ha-

256 2940 370 2996 beat
398 2956 557 3010 genus
582 2941 895 3004 humanum,
926 2938 1007 2992 vel
1034 2939 1298 3005 quomodo
1322 2937 1455 2992 fides
1478 2936 1811 2991 Christiano-

258 3047 391 3094 rum,
435 3042 488 3086 et
532 3031 573 3083 si
607 3029 890 3085 Sarraceni
932 3030 1017 3083 vel
1061 3028 1262 3083 ethnici
1311 3029 1564 3084 hactenus
1610 3026 1808 3083 Christi

257 3122 443 3192 populo
466 3122 885 3190 persecutionem
927 3119 1191 3189 ingerunt.
1216 3118 1320 3173 Nos
1348 3120 1523 3187 itaque
1561 3126 1618 3173 ut
1647 3118 1810 3171 inter-

1903 1935 2046 1980 tuaui
2076 1926 2226 1980 nobis
2251 1942 2487 1989 enarres,
2512 1937 2566 1981 et
2592 1928 2859 1995 quomodo
2887 1929 3004 1989 huc,
3040 1938 3132 1980 aut
3166 1930 3303 1982 unde
3330 1930 3479 1983 veni-

1902 2021 1993 2079 sti,
2023 2026 2078 2071 et
2099 2033 2203 2087 quo
2234 2018 2447 2071 nomine
2476 2019 2702 2082 voceris,
2727 2018 2917 2071 edicito
2948 2019 3098 2072 nobis

1972 2108 2100 2162 Car.
2144 2108 2328 2163 XVIII.
2351 2139 2421 2149 —
2444 2113 2508 2162 At
2532 2119 2747 2164 sanctus
2775 2112 2923 2165 nobis
2953 2113 3055 2165 tale
3096 2112 3240 2166 dedit
3263 2128 3482 2181 respon-

1904 2219 2068 2258 sum:
2115 2204 2246 2274 Ego,
2291 2206 2479 2275 inquit,
2525 2207 2595 2259 mi
2637 2208 2985 2261 amantissimi
3031 2210 3221 2263 fratres
3266 2217 3318 2263 et
3364 2209 3480 2273 filii,

1912 2294 2171 2348 Macarius
2201 2309 2382 2361 vocor,
2429 2296 2479 2347 in
2522 2296 2685 2364 regali
2715 2298 2927 2351 civitate
2969 2308 3120 2350 natus
3150 2308 3202 2351 et
3234 2300 3479 2365 nutritus,

1908 2382 2049 2437 filius
2097 2384 2197 2439 viri
2223 2384 2481 2449 Romani,
2529 2387 2620 2454 qui
2676 2386 2903 2456 inclytus
2946 2388 3075 2452 fuit,
3132 2399 3182 2442 et
3224 2390 3276 2443 in
3320 2391 3483 2460 impe-

1907 2475 2026 2529 riali
2055 2476 2291 2544 pollebat
2320 2477 2553 2531 civitate.
2584 2478 2714 2531 Cum
2742 2488 2916 2531 autem
2945 2480 3176 2549 pueriles
3222 2484 3484 2537 excessis-

1904 2582 2018 2621 sem
2050 2582 2238 2632 annos,
2274 2583 2357 2622 me
2395 2578 2651 2623 renuente
2681 2585 2743 2623 ac
2768 2572 3002 2638 nolente,
3034 2583 3181 2641 pater
3213 2590 3361 2630 meus
3390 2576 3484 2631 de-

1908 2657 2182 2725 sponsavit
2212 2658 2338 2711 mihi
2372 2673 2618 2725 uxorem,
2653 2659 2901 2727 diemque
2935 2662 3116 2716 statuit
3152 2666 3480 2733 nuptiarum.

1909 2748 2112 2802 Interea
2135 2749 2365 2802 thalamo
2399 2750 2811 2815 adornato,cnm
2840 2752 2948 2820 jam
2978 2752 3269 2821 frequentia
3303 2759 3481 2827 populi

1910 2841 2098 2897 fuisset
2126 2842 2360 2907 invitata,
2387 2852 2441 2897 et
2466 2856 2659 2911 sponsa
2698 2846 2950 2911 sedente,
2985 2858 3132 2914 pater
3163 2863 3312 2903 meus
3343 2850 3481 2902 hila-

1910 2936 2018 2988 rior
2051 2934 2290 2998 effectus,
2322 2943 2543 2989 cunctos
2570 2936 2822 2991 invitatos
2864 2937 3105 2991 hortatur
3148 2941 3213 2992 ad
3246 2942 3488 3010 voluptri-

1913 3032 2019 3078 tem
2048 3024 2301 3077 convivii.
2334 3024 2591 3080 Omnibus
2642 3038 2835 3089 autem,
2871 3029 2957 3098 qui
2990 3030 3233 3097 aderant,
3261 3032 3397 3101 jocis
3429 3052 3488 3089 ac

1912 3115 2285 3171 saltationibus
2316 3118 2552 3183 intentis,
2587 3119 2762 3171 furtim
2788 3120 2950 3191 exivi,
2983 3131 3033 3175 et
3074 3122 3290 3176 domum
3318 3125 3490 3178 vidua:

261 3213 415 3281 rogati
460 3228 665 3277 sumus,
699 3212 747 3266 ei
779 3226 874 3279 per
919 3211 1161 3277 prdinem
1206 3225 1515 3280 responsum
1544 3211 1810 3277 dedimus,
1844 3216 1889 3279 (ζ
1918 3208 2191 3275 cujusdam
2222 3207 2499 3263 familiaris
2523 3211 2734 3275 intravi,
2772 3226 2832 3265 ac
2864 3223 3065 3280 septem
3110 3213 3223 3267 dies
3251 3232 3369 3268 cum
3402 3197 3491 3275 illa

251 3304 403 3358 simul
429 3304 671 3358 dicentes
696 3301 965 3371 angustias
990 3309 1042 3355 et
1064 3300 1319 3369 pericula,
1344 3314 1461 3369 qum
1493 3316 1583 3369 per
1602 3316 1812 3356 omnem

253 3395 383 3462 passi
426 3409 614 3448 sumus
652 3394 813 3457 viam,
858 3401 912 3446 et
950 3392 1071 3462 quia
1113 3391 1354 3445 voluntas
1392 3405 1455 3447 ac
1492 3393 1813 3447 desiderium

254 3497 388 3540 esset
434 3487 518 3540 ire
568 3487 656 3540 ubi
702 3487 895 3541 cmlum
948 3496 1103 3540 terra:
1142 3498 1201 3540 se
1246 3483 1453 3555 jungit,
1487 3485 1811 3554 aperuimus.

256 3576 360 3644 Ipse
384 3589 567 3633 autem
598 3577 662 3631 ad
694 3579 808 3632 haec
848 3578 1192 3646 respondens,
1218 3577 1292 3630 ait
1317 3593 1329 3628 :
1354 3576 1524 3631 Filioli
1556 3576 1660 3631 mei
1692 3578 1817 3630 cha-

261 3670 469 3737 rissimi,
512 3668 694 3723 audite
735 3684 839 3723 me.
886 3669 969 3723 Ab
1014 3667 1116 3722 isto
1161 3668 1279 3723 loco
1310 3666 1445 3721 ultra
1493 3667 1557 3722 ad
1590 3668 1818 3736 paradisi

264 3760 371 3811 loca
395 3776 499 3813 non
531 3769 705 3828 potest
730 3760 810 3815 ire
848 3762 1006 3813 homo
1048 3775 1207 3815 carne
1255 3760 1492 3814 vestitus.
1541 3759 1651 3830 Ego
1675 3762 1816 3815 enim

273 3863 504 3920 peccator
531 3850 773 3919 exiguus,
802 3851 955 3905 va‘dc
995 3852 1045 3905 in
1077 3851 1175 3906 hac
1203 3850 1359 3905 etiam
1389 3853 1655 3907 Voluntate
1682 3854 1820 3906 labo-

274 3943 391 4007 ravi,
426 3944 650 4012 cupiens
680 3944 812 3996 ultra
844 3943 1153 4013 procedere,
1179 3954 1235 3998 ut
1264 3945 1418 3999 finem
1449 3955 1600 3998 terrae
1628 3960 1690 3998 ac
1714 3945 1819 4013 poli

263 4048 481 4088 cernere
506 4034 819 4104 quivissem,
850 4035 942 4088 sed
973 4045 1126 4089 nocte
1152 4037 1375 4105 quadam
1413 4037 1581 4090 astitit
1609 4036 1738 4090 mihi
1767 4037 1819 4092 in

264 4124 317 4176 vi
348 4141 380 4177 ιι
406 4126 612 4179 Domini
640 4128 879 4195 angelus,
911 4128 1144 4197 dixitque
1173 4130 1237 4181 ad
1270 4144 1353 4182 me
1384 4146 1395 4180 :
1425 4128 1501 4182 Ne
1528 4130 1665 4183 ultra
1702 4145 1821 4199 pro—
1864 4120 1872 4137 ’

268 4218 453 4281 cedas,
483 4234 645 4287 neque
674 4220 950 4274 Dominum
990 4230 1193 4276 tentare
1222 4238 1526 4288 praesumas.
1569 4222 1663 4278 Cui
1690 4240 1818 4294 ego:

264 4308 441 4377 Quam
474 4310 542 4363 ob
563 4327 787 4376 causam,
816 4315 1046 4381 inquam,
1073 4317 1142 4367 nti
1167 4315 1407 4381 Domine,
1439 4317 1491 4371 in
1522 4326 1673 4373 antea
1701 4334 1824 4388 per-

260 4418 391 4471 gere
425 4420 530 4457 non
564 4406 715 4460 licet?
744 4410 812 4460 At
841 4407 927 4461 ille
952 4425 965 4460 :
994 4407 1068 4461 De
1098 4408 1220 4476 isto,
1263 4407 1454 4478 inquit,
1484 4410 1600 4467 loco
1645 4411 1825 4482 viginti

260 4507 389 4551 sunt
420 4499 659 4552 milliaria
690 4516 857 4570 usque
879 4501 944 4554 ad
978 4502 1297 4570 paradisum,
1329 4503 1416 4556 ubi
1442 4505 1605 4557 Adam
1638 4515 1689 4559 et
1718 4505 1825 4558 Eva

1920 3299 2134 3356 latitans
2165 3303 2452 3371 permansi.
2505 3306 2667 3374 229
2699 3305 2812 3372 Ipsa
2850 3317 3025 3359 autem
3049 3306 3235 3361 diebus
3270 3308 3495 3377 singulis

1921 3392 2134 3447 domum
2169 3398 2332 3462 patris
2364 3395 2465 3448 mei
2513 3397 2771 3464 ingressa,
2801 3398 3000 3450 audivit
3029 3413 3145 3467 qua:
3173 3397 3240 3454 de
3269 3415 3384 3453 mea
3416 3405 3495 3453 in-

1919 3484 2200 3552 qnisitione
2240 3486 2618 3555 loquebantur;
2650 3498 2702 3543 et
2728 3491 2966 3551 Veniens,
3009 3498 3195 3542 cuncta
3239 3490 3368 3544 mihi
3410 3506 3495 3546 re-

1921 3575 2124 3643 plicans
2147 3576 2297 3630 dixit.
2333 3578 2489 3630 Pater
2514 3587 2688 3630 autem
2720 3593 2871 3631 meus
2898 3594 3015 3633 cum
3048 3596 3131 3633 me
3160 3581 3388 3649 undique
3418 3598 3497 3634 re-

1920 3666 2179 3734 quirendo
2227 3682 2331 3720 non
2385 3668 2662 3732 inveniret,
2717 3668 2859 3721 flevit
2909 3672 3259 3734 amarissime,
3309 3672 3400 3725 sed
3443 3681 3496 3725 et

1921 3772 2115 3825 mater,
2138 3774 2201 3814 ac
2230 3768 2337 3813 tota
2367 3760 2587 3813 familia.
2617 3761 2813 3813 Octava
2842 3760 3030 3815 exinde
3061 3763 3165 3829 die,
3203 3763 3250 3817 id
3276 3773 3379 3828 est,
3404 3779 3495 3817 no.

1921 3864 2007 3907 cte
2034 3852 2328 3916 Dominica,
2374 3851 2650 3904 mulierem
2701 3851 2842 3904 illam
2885 3853 3135 3919 salutavi,
3164 3864 3217 3909 et
3244 3870 3491 3923 egressus

1924 3944 1977 3998 in
2020 3942 2280 4011 publicam
2323 3942 2499 4006 viam,
2545 3944 2718 3996 inveni
2761 3944 2930 3996 virum
2972 3943 3253 4011 quemdam
3298 3949 3494 4001 canitie

1924 4035 2308 4098 venerabilem.
2338 4037 2486 4103 quasi
2526 4037 2590 4089 ad
2635 4038 3006 4090 ambulandum
3062 4049 3299 4105 paratum
3345 4048 3493 4094 stan-

1928 4143 2053 4181 tem.
2079 4129 2249 4192 Quem
2278 4129 2524 4192 adorans,
2551 4129 2656 4182 dixi
2684 4146 2697 4182 :
2725 4129 2838 4195 Quo
2868 4146 3086 4199 porgere
3113 4132 3297 4197 habes,
3322 4133 3498 4185 senior

1928 4220 2147 4275 sancte?
2178 4223 2243 4273 At
2290 4219 2379 4274 ille
2412 4220 2566 4273 hilari
2597 4222 2743 4273 vultu
2782 4221 2846 4274 ad
2878 4236 2961 4274 me
2987 4238 3295 4284 conversus,
3333 4224 3497 4277 dixit:

1929 4314 2044 4379 Quo
2074 4323 2127 4366 tu
2158 4313 2238 4367 ire
2263 4312 2552 4377 desideras,
2578 4328 2677 4381 ego
2703 4322 2876 4368 locum
2908 4316 2982 4367 ire
3003 4315 3247 4383 dispono,
3273 4333 3336 4370 eo
3361 4316 3500 4385 quod

1928 4402 2118 4458 itinera
2166 4404 2276 4472 ipsa
2326 4404 2454 4457 mihi
2509 4405 2702 4473 Oppido
2750 4415 2872 4459 sunt
2915 4408 3139 4474 cognita.
3211 4407 3359 4461 Tunc
3402 4420 3501 4474 ego

1930 4496 2284 4562 confortatus,
2314 4498 2450 4567 (ξαιρὶ
2486 4499 2752 4551 hominem
2798 4498 2967 4565 sequi.
3020 4499 3118 4553 Per
3155 4499 3342 4553 domus
3374 4513 3500 4552 vero

260 4594 310 4645 in
339 4593 546 4646 dechiis
574 4605 744 4647 erant.
792 4594 975 4648 Posuit
1002 4596 1230 4663 denique
1254 4595 1507 4650 Dominus
1529 4605 1652 4651 ante
1677 4612 1825 4652 eutn-
1854 4602 1906 4661 Ι)
1929 4591 2117 4644 exinde
2152 4590 2409 4645 intrantes
2438 4589 2660 4656 vicinas,
2706 4606 2799 4659 per
2824 4591 2960 4645 viam
2987 4607 3171 4660 panem
3200 4591 3500 4662 rogavimus

258 4685 375 4736 dem
409 4685 716 4753 paradisom
747 4685 1019 4739 cherubim
1048 4701 1169 4743 cum
1210 4688 1357 4755 ignea
1391 4688 1676 4755 rhomphea
1709 4688 1821 4758 (l8)

258 4788 416 4844 atque
464 4775 704 4842 volubili,
737 4777 800 4829 ad
842 4777 1242 4831 custodiendum
1292 4779 1415 4832 vitae
1445 4778 1638 4848 lignum
1667 4778 1822 4847 (Gen.

257 4874 353 4936 ut);
378 4879 434 4921 et
458 4866 614 4919 habet
642 4884 670 4921 a
696 4868 917 4934 pedibus
944 4884 1109 4939 usque
1129 4870 1194 4923 ad
1214 4870 1514 4925 umbilicum
1533 4871 1826 4926 similitudi-

253 4974 370 5011 neut
399 4958 654 5020 hominis,
690 4967 872 5027 pectus
908 4969 1044 5013 Sicut
1072 4969 1252 5027 pectus
1284 4962 1467 5026 leonis,
1498 4976 1710 5015 manum
1754 4962 1827 5015 si-

248 5058 335 5102 cut
364 5051 701 5119 crystallum,
735 5051 933 5137 habens
957 5051 1184 5120 gladium
1211 5062 1267 5105 ut
1294 5062 1474 5107 servet
1501 5052 1821 5122 paradisum,

250 5155 312 5191 ne
342 5140 543 5207 aliquis
594 5140 718 5193 illuc
762 5143 1065 5210 proximare
1098 5146 1289 5196 valeat.
1337 5144 1448 5211 Ego
1494 5143 1669 5214 itaque
1714 5144 1827 5198 btet:

247 5232 478 5285 audiens
522 5232 592 5283 ab
622 5234 831 5299 angelo,
859 5234 1083 5300 amplius
1129 5249 1234 5289 non
1263 5236 1535 5302 respondi,
1567 5250 1664 5290 nec
1692 5236 1824 5289 ultra

250 5324 554 5390 procedere
608 5326 833 5379 tentavi.
884 5326 1045 5395 Igitur
1088 5340 1185 5394 ego
1227 5327 1573 5395 Theophilus,
1632 5337 1684 5380 et
1742 5328 1825 5380 iti-

251 5418 397 5470 neris
432 5417 536 5469 mei
589 5418 721 5472 socii
750 5434 812 5471 ac
854 5418 1071 5483 fratres,
1104 5420 1202 5473 ista
1248 5435 1274 5471 a
1314 5431 1496 5474 sancto
1525 5420 1824 5486 audientes,

251 5514 528 5573 prostrato
554 5508 697 5561 omni
724 5522 966 5575 corpore,
996 5509 1417 5565 collaudavimus
1441 5511 1744 5577 Dominum,
1773 5520 1828 5566 et

251 5596 430 5665 ipsum
454 5614 671 5654 servum
698 5598 893 5653 Christi
923 5600 1289 5655 salutavitnus.

322 5687 458 5746 CAP.
499 5687 746 5743 XVll.—
775 5690 1002 5759 Vespere
1043 5702 1217 5746 autem
1262 5692 1433 5756 facto,
1464 5694 1597 5747 dixit
1643 5694 1827 5748 nobis:

254 5778 476 5837 Fratres
522 5782 627 5836 mei
678 5781 1005 5837 dilectiSsimi
1034 5824 1047 5846 ,
1079 5786 1218 5840 exite
1282 5784 1422 5841 foras
1470 5786 1739 5854 cellulam,
1774 5795 1830 5840 et

1932 4681 2195 4749 accipeie,
2244 4693 2296 4737 et
2342 4683 2665 4749 accepimus.
2708 4682 2808 4736 Per
2856 4685 3112 4753 plurimos
3161 4694 3337 4738 autem
3385 4684 3498 4738 dies

1930 4773 2284 4839 ambulantes,
2318 4774 2530 4828 tandem
2563 4774 2901 4843 pervenimus
2930 4775 2994 4828 ad
3039 4776 3211 4828 locum
3260 4785 3497 4828 tormen-

1932 4878 2149 4932 torum,
2200 4875 2255 4920 et
2295 4866 2605 4921 intravimus
2654 4871 2925 4937 angustias
2972 4869 3175 4921 viarum
3222 4868 3496 4935 omnium,

1932 4956 2073 5010 unde
2099 4970 2191 5009 vos
2216 4956 2397 5011 venire
2422 4956 2802 5012 dixistis-Cum
2831 4974 2960 5027 ergo
2986 4959 3049 5011 ad
3079 4958 3286 5027 triginta
3311 4959 3497 5012 millia-

1933 5047 2010 5099 ria
2040 5061 2203 5114 prope
2235 5047 2407 5101 locum
2452 5048 2609 5103 istum
2640 5053 2994 5117 venissemus,
3022 5048 3245 5117 quadam
3288 5050 3375 5102 die
3416 5066 3492 5104 se-

1933 5136 2179 5192 dentibus
2218 5138 2393 5202 nobis,
2442 5139 2579 5192 inter
2609 5142 2718 5207 ipsa
2750 5147 2928 5192 mutua
2959 5138 3241 5205 colloquia,
3284 5152 3501 5208 repente

1933 5232 2111 5285 socius
2155 5246 2306 5286 meus
2344 5232 2622 5299 disparuit.
2664 5233 2812 5285 Tunc
2840 5247 2936 5301 ego
2965 5235 3181 5285 nimium
3234 5234 3496 5299 turbatus,

1932 5330 1987 5378 et
2028 5340 2134 5393 quo
2174 5338 2258 5378 me
2303 5334 2597 5390 verterem,
2644 5326 2887 5394 ignarus,
2938 5326 3131 5379 cadens
3185 5325 3235 5380 in
3281 5338 3497 5393 terram,

1912 5418 2249 5487 'plangebam
2285 5416 2629 5471 validissime.
2663 5416 2727 5471 Et
2752 5432 2875 5472 ecce
2902 5417 3181 5472 confestim
3209 5422 3327 5474 sine
3354 5434 3498 5474 mora

1931 5507 1978 5563 is
2018 5509 2104 5578 qui
2133 5518 2256 5563 ante
2285 5508 2540 5576 disparuit
2577 5523 2693 5562 cum
2724 5523 2910 5581 magna
2950 5510 3193 5564 claritate
3236 5509 3497 5579 apparuit,

1931 5607 1986 5653 et
2011 5600 2083 5654 ita
2119 5599 2306 5655 affatus
2336 5606 2417 5653 est
2446 5613 2531 5653 me
2566 5614 2582 5653 :
2619 5598 2734 5653 Noli
2766 5598 2984 5665 turbari,
3009 5600 3369 5664 dilectissime,
3398 5610 3501 5667 ego

1933 5691 2076 5744 enim
2108 5705 2225 5744 sum
2270 5688 2492 5757 angelus
2522 5688 2755 5758 Rapbael
2787 5690 2923 5759 (20),
2963 5692 3014 5744 in
3046 5690 3360 5757 adjutoriutu
3402 5686 3497 5739 tibi

1934 5782 2146 5848 missus,
2182 5781 2271 5852 qui
2308 5792 2359 5836 te
2395 5784 2496 5836 huc
2532 5782 2751 5851 perduxi
2793 5792 3056 5852 ιιι-ωορκ)ιο
3085 5780 3360 5833 Altissimi.
3396 5777 3498 5829 Do-
