4010 6248
500 344 609 401 435

1528 338 1614 393 [δε
1660 336 1836 391 \‘lTIS
1878 335 2154 390 PATllUM
2197 334 2399 390 LIBER
2438 332 2717 390 PRIMUS.

3646 323 3765 375 424

509 457 678 508 minus
700 461 874 506 autem
904 453 1039 507 viam
1064 459 1207 507 tuam
1232 462 1536 519 prosperam
1570 447 1711 503 l'ecit.
1741 447 1877 500 Loca
1911 445 2070 513 siqtti-
2104 457 2152 512 Α
2181 446 2494 501 delectabile
2531 446 2681 514 juxta
2726 457 2813 498 me
2843 441 2895 497 in
2930 452 3067 496 terra
3111 441 3340 511 positum
3375 441 3585 511 aspexi.
3634 438 3755 507 εεο

505 546 624 600 deut
657 546 993 599 tenebrarum
1015 584 1029 609 ,
1066 544 1178 597 loca
1210 550 1618 607 tormentorum,
1653 539 1767 593 loca
1799 553 2074 606 plBllal'lllll

505 634 856 704 pertransisti,
900 634 951 687 in
998 635 1166 687 lucem
1194 632 1416 695 venisti,
1449 630 1649 685 fontem
1679 644 1830 699 aqua:
1864 630 1995 681 vivae
2024 638 2079 683 et

504 727 618 780 loca
651 725 917 796 justorutn
954 722 1165 786 vidisti;
1207 721 1402 776 idcirco
1440 721 1547 774 noli
1589 724 1806 785 limere,
1836 718 1926 772 sed
1955 733 2077 770 sur-

505 831 652 887 gens,
689 820 823 869 viam
857 828 998 868 tuam
1030 813 1391 883 proliciscere.
1436 812 1552 877 Quo
1587 811 1748 877 dicto,
1783 824 1967 864 rursus
1991 810 2078 878 qui

505 911 767 978 apparuit,
795 906 1072 976 disparuit.

576 1002 703 1055 (lae.
740 999 877 1054 XIX.
908 1027 975 1038 —
1003 999 1113 1067 Ego
1139 1012 1266 1051 vero
1320 997 1522 1050 interea
1566 993 1769 1049 viribus
1805 995 2035 1063 receptis
2059 1035 2074 1059 ,

506 1106 726 1159 surgens
747 1092 1023 1151 antbultre
1047 1089 1205 1157 cmpi,
1238 1097 1293 1142 et
1317 1106 1343 1141 ιι
1370 1090 1397 1141 ΙΔ
1425 1105 1523 1158 ngo
1552 1102 1807 1157 onagrum
1834 1089 2074 1152 intuitus,

506 1183 750 1245 clamavi,
777 1183 993 1250 dixique
1013 1181 1089 1234 illi
1114 1198 1126 1234 :
1161 1183 1291 1243 Ave,
1319 1196 1409 1248 per
1431 1180 1717 1242 Christum,
1741 1179 1829 1248 qui
1858 1191 1908 1231 te
1930 1193 2080 1232 crea-

506 1282 603 1341 vit,
624 1280 846 1333 ostende
892 1277 1019 1332 mihi
1068 1278 1227 1342 viam,
1277 1292 1369 1346 per
1414 1292 1571 1346 quam
1625 1276 1922 1338 ambulent;
1966 1276 2079 1344 ipse

504 1382 679 1425 autem
710 1372 919 1425 concite
948 1384 1257 1429 occurrens,
1289 1370 1556 1435 ingressus
1586 1379 1669 1422 est
1695 1383 1819 1423 ante
1858 1384 1943 1421 me
1987 1382 2081 1436 per

504 1465 751 1517 semitam
806 1461 1092 1529 quamdam
1142 1461 1411 1528 parvulam
1456 1470 1510 1512 et
1556 1471 1858 1531 angustam.
1911 1457 2078 1523 Quem

504 1568 607 1624 ego
633 1553 951 1607 subsecutus
991 1566 1130 1615 sum,
1164 1552 1347 1617 sicque
1377 1552 1510 1604 duos
1536 1550 1917 1618 complevintus
1941 1548 2078 1615 dies,

504 1644 663 1698 simul
693 1644 1047 1697 ambulantes.
1085 1642 1176 1695 Die
1216 1651 1393 1695 autem
1440 1642 1618 1709 tertia,
1646 1643 1949 1708 aspeximus
1967 1656 2081 1695 cer-

507 1752 632 1792 vum
657 1738 804 1791 mit-te
834 1735 1211 1803 magnitudinis
1233 1752 1260 1787 ει
1283 1735 1457 1804 longe.
1486 1736 1653 1801 Quem
1674 1748 1872 1803 onager
1897 1733 2079 1786 videns

2182 553 2306 591 vero
2336 539 2386 591 in
2416 540 2730 604 memetipso
2772 536 3011 603 cogitans
3037 534 3149 589 dixi
3179 551 3192 586 :
3228 533 3374 588 Unde
3400 533 3459 587 in
3494 533 3591 589 hac
3613 536 3751 591 solt-

2182 632 2360 686 tudine
2398 629 2713 684 faseiolutn?
2748 629 3038 684 Estimatts
3088 636 3262 681 tamen
3292 626 3413 694 quia
3438 626 3491 679 in
3526 627 3739 685 veritate

2179 735 2322 780 esset
2352 724 2645 788 fasciolum,
2676 722 2973 791 oblitusque
2999 736 3096 789 ego
3119 719 3451 773 miserrimus
3480 734 3567 773 me
3594 720 3737 790 signo

2180 816 2353 870 crucis
2376 817 2605 875 munire.
2655 813 2901 883 quoniam
2932 812 3143 883 quidem
3180 819 3538 864 sacrosanctae
3574 815 3747 867 crucis

2178 910 2503 978 signaculum
2532 920 2744 961 omnem
2768 905 2963 960 inimici
2992 914 3211 961 enervat
3238 903 3601 973 phantasiam,
3630 904 3751 959 misi

2180 1014 2414 1065 manum,
2446 1007 2501 1053 et
2522 998 2701 1053 levans
2722 996 2992 1051 fasciolutn
3024 996 3293 1066 reportavi
3338 1000 3389 1051 in
3420 998 3754 1066 speluncam.

2179 1090 2361 1144 Altera
2408 1087 2751 1143 nihilominus
2779 1088 2865 1142 die
2894 1100 3160 1157 egressus,
3193 1087 3406 1141 calceos
3442 1086 3560 1157 (22)
3595 1089 3755 1141 lenti-

2182 1199 2311 1238 neos
2354 1183 2529 1248 reperi
2565 1180 2805 1251 jacentes
2848 1182 2899 1234 in
2935 1192 3075 1234 terra
3106 1180 3238 1234 :sed
3286 1194 3384 1234 nec
3422 1186 3550 1234 tunc
3594 1182 3762 1235 miser

2180 1290 2278 1345 ego
2303 1275 2523 1329 insidias
2551 1275 2748 1328 diaboli
2780 1274 3095 1339 advertens,
3121 1286 3222 1327 nec
3248 1272 3423 1327 crucis
3452 1273 3650 1327 vexillo
3673 1287 3758 1325 tne

2181 1367 2445 1429 muniens,
2493 1366 2705 1423 calceos
2750 1367 2938 1428 levavi,
2973 1373 3026 1419 et
3068 1363 3121 1418 in
3158 1366 3465 1434 speluncam
3510 1374 3755 1432 portatis,

2181 1458 2404 1513 fasciolo
2442 1458 2618 1526 iunxi.
2646 1458 2806 1529 230
2850 1456 3026 1511 Tertia
3075 1465 3248 1511 autem
3289 1454 3401 1525 jam
3431 1454 3518 1509 die
3558 1456 3749 1508 iterum

2181 1553 2385 1616 exiens,
2414 1551 2679 1605 diabolum
2703 1552 2966 1605 indecore
2997 1548 3075 1604 vel
3098 1551 3279 1617 specie
3294 1549 3556 1617 mulieris,
3584 1550 3750 1603 vesn-

2181 1644 2280 1699 bus
2306 1642 2549 1710 pretiosis
2579 1643 2791 1707 indutae,
2820 1651 3047 1696 stantem
3072 1641 3249 1697 inverti
3282 1659 3294 1694 :
3322 1656 3420 1711 ego
3444 1654 3569 1695 vero
3598 1642 3758 1694 mise-

2182 1736 2364 1790 rabilis
2410 1749 2507 1789 nec
2553 1733 2630 1789 sic
2669 1734 2879 1803 quidem
2924 1734 3142 1804 laqueos
3184 1732 3382 1787 inimici
3431 1731 3757 1793 recordans,

508 1836 565 1882 et
590 1828 993 1897 pertimescens,
1041 1825 1327 1879 declinavit
1354 1839 1383 1877 a
1418 1839 1536 1889 me;
1578 1822 1769 1877 iterum
1799 1838 1898 1890 ego
1930 1822 2077 1876 solus
2111 1830 2154 1891 Β
2184 1842 2281 1881 nec
2306 1827 2483 1895 aliquo
2507 1825 2665 1879 modo
2694 1840 2778 1878 tne
2806 1826 3039 1893 signans,
3063 1825 3155 1878 sed
3195 1822 3418 1878 credens
3448 1824 3502 1877 in
3532 1831 3762 1877 veritate

510 1920 752 1983 relictus,
784 1919 1111 1984 angustiattts
1140 1931 1279 1981 sunt,
1316 1917 1452 1968 viam
1483 1916 1700 1968 omnino
1727 1930 1829 1967 non
1856 1914 2075 1968 habens.

507 2011 659 2066 Tunc
678 2023 860 2063 contra
890 2023 1105 2062 cervum
1135 2009 1392 2072 clamans,
1424 2008 1531 2060 dixi
1562 2024 1576 2061 :
1602 2008 1729 2073 Quia
1756 2007 2076 2075 adjutorium

508 2104 638 2158 mihi
686 2104 875 2167 tulisti,
922 2118 1014 2171 per
1071 2103 1235 2156 Deum
1270 2113 1319 2155 te
1365 2101 1609 2171 coojuro,
1663 2101 1903 2154 semitam
1951 2101 2079 2153 mihi

507 2193 750 2247 ostende.
800 2194 881 2247 'Ad
915 2193 1050 2247 hanc
1083 2208 1267 2245 vocem
1306 2192 1466 2245 veluti
1506 2192 1699 2244 animal
1729 2191 2081 2246 domesticum

507 2284 575 2335 ad
624 2298 707 2336 nte
755 2282 1051 2346 declinans,
1105 2290 1387 2351 angustum
1435 2283 1703 2351 ingressus
1751 2285 1814 2335 ad
1860 2284 2079 2348 callem,

510 2382 629 2440 post
659 2380 860 2439 tergum
885 2388 968 2424 tne
998 2387 1208 2438 semper
1230 2372 1515 2439 aspiciens.
1553 2373 1640 2427 Sic
1667 2386 1794 2441 ergo
1817 2381 1925 2426 tres
1949 2373 2079 2426 insi-

508 2461 1031 2516 tttulambulavimus
1076 2461 1213 2516 dies.
1262 2461 1396 2515 Tum
1438 2475 1563 2515 ecce
1614 2471 1805 2529 quarta
1847 2465 1934 2517 die
1981 2462 2086 2535 im-

514 2565 757 2605 mensum
779 2564 841 2603 ac
865 2549 1155 2603 terribilem
1186 2549 1503 2603 offendimus
1518 2550 1826 2615 draconem,
1854 2551 2081 2606 mediam

515 2641 804 2697 distentum
848 2657 942 2710 per
970 2644 1132 2697 viam.
1161 2644 1327 2709 Quem
1360 2652 1415 2696 ut
1440 2658 1631 2698 cervus
1676 2645 1827 2709 vidit,
1864 2654 2083 2714 repente

513 2731 632 2802 fuga
675 2734 888 2799 elapsus
926 2736 1113 2789 evasit.
1143 2736 1253 2803 Ego
1292 2735 1505 2788 interim
1539 2736 1729 2790 timore
1752 2736 1929 2790 valido
1967 2752 2085 2800 per-

517 2827 716 2890 culsus,
750 2826 799 2877 in
834 2839 1028 2879 terram
1068 2824 1268 2892 cecidi;
1300 2825 1491 2879 deittde
1518 2826 1847 2880 confortatus
1887 2827 1941 2880 in
1972 2826 2078 2881 Do-

516 2916 686 2981 mino,
715 2919 917 2970 surrexi
940 2957 955 2980 ,
990 2932 1052 2971 ac
1092 2934 1177 2971 me
1216 2919 1368 2988 signo
1395 2928 1593 2971 sanctae
1620 2918 1792 2973 crucis
1817 2920 2082 2985 muniens,

513 3006 582 3061 ad
630 3009 916 3061 draconem
963 3010 1115 3063 dixi:
1153 3011 1314 3063 Deum
1364 3011 1779 3078 omnipotentem
1829 3011 1974 3077 time,
2030 3020 2087 3066 et

512 3098 627 3153 noli
665 3098 791 3153 mihi
842 3112 1055 3153 nocere.
1087 3098 1237 3153 Tunc
1278 3098 1393 3167 ipse
1434 3100 1742 3154 terribiliter
1767 3099 1835 3155 de
1865 3110 2004 3155 terra
2026 3114 2085 3154 se

2182 1917 2305 1987 quia
2333 1918 2521 1971 mulier
2544 1924 2704 1981 esset,
2736 1917 2818 1971 aio
2840 1917 2906 1969 ad
2938 1918 3075 1969 illam
3103 1931 3118 1969 :
3152 1915 3304 1971 Unde
3330 1919 3429 1970 huc
3454 1915 3757 1969 advenisti?

2182 2021 2273 2063 aut
2294 2010 2411 2079 quis
2433 2019 2484 2064 te
2511 2011 2561 2064 in
2593 2009 2727 2063 hanc
2745 2006 2964 2063 adduxit
2983 2010 3353 2064 solitudinem?
3381 2009 3472 2063 Illa
3494 2010 3756 2065 continuo

2184 2103 2309 2158 ﬂere
2355 2104 2681 2159 amarissime
2727 2103 2910 2170 cmpit.
2960 2102 3108 2157 Tune
3154 2118 3255 2173 ego
3284 2102 3538 2166 misellus,
3596 2102 3756 2155 simul

2182 2210 2303 2251 cum
2328 2197 2410 2249 illa
2437 2195 2594 2249 veluti
2640 2194 3013 2262 compatlendo
3042 2195 3192 2247 valde
3234 2194 3457 2262 ploravi.
3492 2193 3619 2247 Post
3645 2193 3757 2247 ha-c

2186 2285 2518 2354 reSpondeus
2540 2284 2675 2338 dixit
2708 2303 2719 2336 :
2757 2285 2863 2352 Ego
2909 2298 3225 2348 miserrima,
3277 2300 3310 2340 o
3343 2295 3489 2352 pater
3531 2285 3756 2338 sanctis-

2184 2376 2337 2440 sime,
2372 2380 2473 2431 lilia
2497 2392 2611 2430 sunt
2641 2376 2737 2429 viri
2773 2378 3026 2442 Romani;
3055 2393 3171 2446 quae
3195 2390 3314 2431 cum
3339 2394 3424 2431 ttte
3454 2378 3671 2431 invitam
3695 2393 3755 2431 ac

2183 2468 2450 2523 nolentem
2507 2466 2883 2534 desponsasset
2921 2467 3103 2536 juveni
3162 2468 3369 2521 cuidam
3423 2468 3759 2521 nobilissimo

2185 2558 2442 2624 Romano,
2492 2575 2555 2614 ac
2580 2560 2695 2614 dies
2742 2560 3041 2629 nuptiarum
3073 2561 3335 2629 venirent,
3372 2571 3429 2617 et
3464 2561 3753 2615 thalamum

2184 2667 2248 2706 ac
2275 2652 2573 2707 convivium
2616 2652 2947 2718 ordinarent,
2983 2655 3120 2709 inter
3158 2655 3367 2725 nuptias
3410 2656 3550 2723 ipsas
3593 2668 3757 2724 spon-

2184 2757 2278 2798 sus
2322 2757 2469 2813 meus
2519 2744 2794 2813 disparuit.
2846 2746 3083 2815 Cumque
3131 2745 3325 2799 turbati
3371 2760 3599 2811 omnes,
3651 2744 3752 2798 lmc

2186 2834 2415 2903 illucque
2457 2848 2578 2886 eum
2633 2833 2967 2902 inquirendo,
3013 2834 3371 2900 turbarentur,
3426 2849 3527 2904 ego
3575 2848 3754 2904 gthsa

2185 2923 2395 2989 eﬂ'ecta,
2419 2923 2553 2977 clam
2583 2922 2684 2978 exii
2707 2938 2723 2988 ;
2753 2933 2807 2978 et
2829 2935 2985 2978 nocte
3013 2924 3197 2978 eadem
3222 2926 3321 2978 iter
3348 2923 3631 2993 arripiens,
3660 2938 3755 2977 nec

2186 3016 2392 3073 itineris
2445 3016 2632 3071 ducem
2681 3016 2859 3086 aliquo
2913 3014 3072 3071 modo
3116 3016 3342 3082 habens,
3386 3032 3478 3083 per
3532 3024 3753 3086 angusta

2188 3108 2447 3164 montium
2476 3122 2538 3163 ac
2565 3107 2782 3161 vallium
2808 3106 3037 3162 errando
3065 3108 3333 3177 hucusque
3362 3122 3604 3176 pervent.
3637 3107 3756 3162 lla-c

510 3191 745 3260 erigens,
774 3192 997 3244 humana
1029 3208 1113 3248 me
1136 3189 1331 3245 allatus
1353 3203 1438 3247 est
1478 3208 1631 3257 voce,
1676 3194 1856 3250 dicens
1886 3214 1898 3247 :
1924 3194 2080 3259 Veni,
2115 3195 2160 3259 C
2190 3215 2289 3270 ego
2318 3214 2438 3255 cum
2479 3198 2768 3264 audissem,
2808 3208 2862 3254 et
2892 3200 3070 3253 omnia
3114 3199 3181 3252 ita
3223 3214 3254 3254 e
3283 3213 3344 3253 se
3386 3200 3755 3265 credidissem,

514 3284 797 3338 leuedicte
823 3283 1056 3351 domine,
1108 3292 1162 3337 tu
1201 3284 1343 3340 enim
1374 3299 1433 3339 es
1475 3300 1664 3339 servus
1708 3285 1800 3340 Dei
1844 3285 2085 3340 altissimi

514 3374 795 3429 Macarius.
834 3376 1066 3444 Angelus
1107 3386 1284 3429 autem
1321 3384 1535 3430 sanctus
1574 3376 1832 3447 Rapltael,
1866 3377 2086 3445 ligurum

517 3477 572 3519 et
601 3467 804 3520 vultum
838 3475 981 3524 tuum
1010 3466 1139 3521 mihi
1170 3467 1563 3534 demonstrans,
1604 3470 1855 3538 praecepit
1878 3470 2088 3526 concito

517 3567 576 3610 ut
622 3556 716 3625 tibi
746 3571 1113 3621 occurrerem,
1160 3566 1320 3626 atque
1365 3558 1713 3628 perducerem
1760 3562 1811 3614 in
1844 3561 2017 3615 locum
2059 3578 2088 3616 a

524 3650 633 3706 Deo
662 3651 755 3705 tibi
789 3660 1163 3721 praeparatum.
1207 3651 1316 3721 Ego
1358 3656 1533 3722 itaque
1573 3664 1763 3717 quarto
1808 3653 1965 3707 hodie
1999 3654 2086 3708 die

521 3752 576 3797 te
605 3742 691 3797 hic
719 3743 1046 3810 exspectavi,
1082 3743 1212 3797 nihil
1239 3744 1458 3798 omnino
1485 3744 1788 3799 comedens.
1825 3745 1934 3798 liae
1960 3760 2088 3799 vero

522 3835 755 3889 noctein
786 3836 926 3889 nube
956 3834 1277 3889 lucidissima
1309 3846 1359 3890 te
1389 3836 1662 3891 sedentem
1695 3837 1900 3905 aspexi,
1930 3837 2090 3891 simul

520 3936 577 3981 et
605 3942 789 3980 Vocem
821 3927 1048 3995 de~uper
1073 3926 1271 3988 audivi,
1313 3926 1576 3980 dicentem
1610 3927 1737 3981 ntilti
1772 3944 1786 3980 ε
1815 3928 2089 3993 Accelera,

518 4027 577 4070 ut
605 4015 800 4085 eripias
826 4017 1107 4069 Macariutn
1138 4031 1354 4071 servum
1406 4017 1516 4082 Dei,
1558 4016 1645 4085 qui
1681 4017 1853 4080 adest,
1904 4028 1960 4071 ut
1998 4018 2091 4071 libi

520 4107 769 4177 prmdixi.
795 4109 1125 4174 Quapropter
1155 4122 1379 4176 surgens
1398 4152 1413 4175 ,
1444 4124 1671 4175 sequere
1701 4123 1805 4171 me,
1841 4123 1907 4163 ne
1935 4108 2093 4162 dubi-

528 4209 635 4264 tes;
693 4200 784 4251 sed
816 4199 954 4262 veni,
994 4208 1049 4253 et
1089 4200 1261 4252 locum
1308 4201 1615 4255 monstrabo
1648 4200 1761 4265 tibi,
1793 4201 1880 4254 ubi
1918 4201 2094 4256 Domi-

521 4306 647 4345 tntnt
680 4288 875 4342 debeas
919 4290 1242 4343 collaudnre.
1294 4289 1387 4344 llis
1432 4306 1557 4361 ergo
1593 4291 1769 4353 dictis,
1825 4300 1974 4361 quasi
2011 4296 2093 4347 vir

520 4384 731 4455 juvenis
767 4386 1030 4451 apparuit,
1074 4392 1128 4437 et
1159 4397 1364 4437 mecum
1406 4384 1470 4436 ad
1504 4384 1813 4452 speluncam
1842 4386 2093 4438 hanc'us~

521 4491 627 4545 que
669 4474 928 4541 pervenit.
977 4477 1217 4543 Cumque
1264 4473 1488 4544 ingressi
1516 4473 1819 4539 fuissemus,
1869 4485 2091 4544 repente

522 4568 756 4623 evanuit.
1016 4568 1021 4575 ’

593 4658 722 4713 Car.
778 4655 894 4710 XX.
924 4686 990 4695 —
1020 4656 1169 4711 Tunc
1209 4670 1307 4726 ego
1355 4668 1602 4725 peccator
1642 4659 1695 4714 in
1738 4669 1887 4729 parte
1926 4662 2091 4718 altera

518 4752 768 4821 prospexi
811 4750 944 4803 duos
974 4748 1143 4802 leonis
1173 4750 1379 4803 catulos
1401 4752 1669 4818 jacentes,
1718 4764 1887 4807 mater
1911 4764 2086 4810 autent

520 4840 730 4896 illorum
758 4844 908 4909 juxta
950 4841 1072 4894 illos
1101 4852 1306 4894 mortua
1344 4840 1575 4911 jacebat.
1607 4846 1776 4910 Quam
1809 4860 1909 4916 ego
1951 4849 2091 4903 foras

522 4933 769 5000 cjiciens,
819 4930 1060 5000 sepelivi,
1114 4940 1169 4985 et
1216 4932 1493 4986 Dominum
1523 4935 1850 5001 collaudatis,
1897 4937 2096 5007 glorili-

522 5027 658 5091 cavi,
684 5024 772 5094 qui
801 5034 941 5077 tanta
970 5023 1023 5077 in
1061 5039 1145 5077 me
1176 5022 1436 5077 mirabilia
1470 5025 1616 5083 fecit.
1658 5037 1711 5080 et
1748 5027 1815 5081 de
1843 5037 1947 5083 tam
1972 5046 2087 5099 gra~

524 5116 680 5168 vibus
718 5106 973 5185 angustiis
1022 5114 1295 5180 liberavit,
1354 5116 1499 5184 ipsos
1546 5126 1723 5171 autem
1775 5118 2083 5188 leunculos,

498 5206 738 5262 'frondes
783 5209 1034 5261 arborum
1090 5208 1385 5279 decerpens
1432 5222 1494 5263 ac
1540 5209 1645 5264 illis
1686 5214 1994 5282 porrigens,
2034 5226 2092 5271 ut

525 5300 766 5368 proprios
795 5300 1025 5355 enutrivi
1066 5300 1237 5365 filios;
1276 5304 1458 5371 sicque
1488 5301 1622 5357 duos
1661 5320 1830 5361 annos
1874 5307 2088 5363 in~imul

524 5394 704 5460 quiete
732 5393 1030 5450 habitantes
1066 5396 1479 5464 complevimus.
1508 5397 1639 5452 Cum
1671 5415 1797 5455 ecce
1828 5409 1944 5470 post
1974 5403 2088 5456 haec

526 5485 742 5557 laqueus
769 5484 1006 5551 diaboli,
1061 5486 1211 5555 cujus
1243 5503 1506 5555 nunquam
1531 5508 1559 5543 a
1592 5496 1761 5547 servis
1793 5492 1887 5546 Dei
1916 5504 2091 5548 cessat

522 5577 741 5645 invidia,
789 5577 977 5631 adluit.
1022 5576 1153 5630 Nam
1199 5577 1285 5634 die
1325 5583 1578 5651 quadam,
1613 5584 1738 5639 hora
1784 5584 1934 5654 quasi
1964 5599 2088 5656 sep-

525 5673 671 5736 tima,
706 5685 739 5726 e
786 5670 1038 5737 spelunca
1088 5668 1231 5724 foras
1274 5686 1542 5741 egressus,
1595 5677 1707 5733 sole
1762 5677 2091 5732 ferres-conte

525 5764 697 5822 resedi
726 5784 741 5822 :
770 5772 895 5819 tunc
932 5764 1110 5820 subito
1147 5763 1342 5822 subtile
1370 5762 1487 5833 (2t)
1537 5769 1811 5826 t'asciolum
1842 5781 1891 5828 et
1924 5772 2090 5827 oculis

2186 3295 2341 3349 simul
2371 3302 2425 3348 et
2452 3308 2701 3363 sponsam
2749 3308 2923 3350 meam
2978 3294 3090 3348 fore
3136 3309 3375 3363 sperans,
3420 3310 3514 3363 per
3564 3311 3754 3349 manus

2185 3386 2511 3457 apprehendi
2544 3388 2687 3442 illam
2709 3428 2725 3452 ,
2757 3398 2810 3442 et
2860 3388 2911 3441 itt
2944 3386 3077 3441 hanc
3108 3387 3370 3442 introduxi
3409 3390 3756 3457 speluncam;

2190 3480 2435 3551 lacrymte
2478 3496 2607 3535 vero
2647 3480 2715 3534 ab
2742 3481 2859 3551 ejus
2885 3480 3055 3535 oculis
3102 3481 3402 3535 nullatenus
3449 3480 3753 3534 cessabant.

2188 3570 2337 3625 Tunc
2382 3584 2482 3640 ego
2520 3570 2747 3625 miseriis
2776 3580 2830 3624 et
2858 3571 3109 3641 lacrytnis
3160 3571 3273 3640 ejus
3310 3574 3665 3639 compatiens,
3709 3582 3762 3628 et

2191 3662 2343 3716 valde
2380 3676 2537 3731 super
2559 3676 2673 3717 eam
2700 3661 2903 3727 dolens,
2934 3663 3123 3717 sedere
3150 3674 3266 3717 eam
3300 3662 3451 3733 juxta
3496 3676 3580 3718 me
3605 3664 3707 3720 feci
3743 3682 3757 3718 :

2152 3774 2161 3785 -
2191 3752 2437 3807 similiter
2474 3761 2528 3808 et
2564 3754 2780 3823 glandes
2811 3754 2886 3807 illi
2926 3755 2991 3808 ad
3038 3755 3464 3810 manducandum
3510 3758 3753 3824 prmbui;

2193 3858 2298 3898 non
2330 3846 2468 3899 enim
2509 3845 2728 3900 insidias
2758 3845 2953 3901 diaboli
2998 3848 3256 3911 intellexi,
3292 3863 3462 3919 neque
3494 3850 3763 3905 ulhtenu:

2193 3936 2368 3989 crucis
2395 3951 2480 3989 me
2509 3937 2659 4004 signo
2685 3937 2917 4004 munivi;
2950 3938 3041 3993 sed
3073 3939 3316 3994 similiter
3339 3943 3613 4007 sedentes,
3642 3943 3763 3997 diu-

2193 4031 2295 4081 tius
2324 4028 2583 4092 colloquia
2619 4028 2915 4083 habuimus.
2958 4030 3106 4083 Tunc
3132 4030 3267 4098 ραιρί
3294 4035 3439 4100 quasi
3470 4033 3537 4086 de
3578 4034 3764 4087 labore

2194 4116 2357 4170 nimio
2376 4131 2562 4170 somno
2594 4118 2836 4188 gravari;
2868 4127 2921 4172 at
2947 4120 3036 4173 illa
3068 4120 3311 4175 manibus
3354 4122 3467 4176 suis
3494 4140 3610 4177 mea
3652 4139 3767 4177 0m-

2195 4208 2282 4261 nia
2308 4209 2543 4262 membra
2568 4209 2847 4263 mulcendo
2870 4209 3118 4277 palpavit,
3142 4219 3198 4266 et
3225 4227 3290 4266 eo
3311 4213 3539 4281 amplius
3567 4228 3763 4267 somno

2192 4310 2439 4366 gravatus
2458 4311 2596 4352 sum.
2621 4298 2754 4365 Quid
2776 4299 2986 4353 morer?
3009 4300 3172 4354 miser
3194 4316 3312 4370 ego,
3336 4307 3423 4371 qui
3448 4311 3597 4355 antea
3626 4318 3761 4353 nun-

2194 4404 2354 4458 quam
2386 4404 2505 4443 cum
2551 4389 2740 4442 femina
2775 4404 2993 4457 peccare
3018 4393 3297 4455 consensi,
3349 4392 3398 4442 in
3437 4389 3635 4443 somnis
3667 4403 3758 4443 me

2196 4492 2469 4549 peccatum
2498 4491 2835 4550 perpetrasse
2861 4481 3120 4549 cognovi;
3155 4497 3271 4534 nam
3300 4480 3469 4533 subito
3493 4493 3757 4548 experge-

2122 4570 2176 4631 D
2203 4572 2371 4626 factus
2391 4587 2421 4625 e
2444 4585 2653 4634 somno,
2701 4571 2849 4640 quasi
2888 4587 3008 4625 cum
3041 4573 3227 4627 femina
3254 4571 3640 4639 disco0pertum
3671 4584 3763 4627 me

2196 4660 2247 4714 in
2271 4670 2406 4714 terra
2434 4660 2698 4729 jacentem
2735 4661 2933 4727 inveni,
2982 4662 3093 4732 ipsa
3129 4664 3231 4734 jam
3266 4674 3391 4717 vero
3432 4676 3537 4715 non
3589 4676 3767 4732 appa-

2194 4752 2316 4811 ruit.

2264 4861 2391 4918 (itte.
2447 4860 2863 4917 BIL—Tunc
2909 4859 3085 4917 infelix
3135 4878 3235 4932 ego
3290 4861 3513 4916 insidias
3567 4860 3769 4917 diaboli

2193 4963 2316 5005 sero
2336 4950 2639 5016 advertens,
2664 4950 2805 5007 foras
2820 4951 3123 5020 Speluncam
3151 4952 3305 5006 citius
3326 4952 3485 5016 exiri,
3508 4962 3559 5005 et
3586 4960 3767 5020 pectus

2196 5043 2413 5107 feriens,
2447 5044 2689 5113 ingentes
2721 5042 2980 5114 lacrymas
3013 5043 3145 5099 fudi.
3180 5043 3283 5112 Ipsi
3312 5043 3517 5098 interea
3562 5041 3762 5107 leones,

2196 5137 2282 5205 qui
2324 5149 2528 5190 mecum
2569 5134 2820 5204 aderant,
2869 5150 3041 5189 meum
3087 5135 3446 5206 intelligentes
3486 5134 3761 5194 delictum.

2197 5227 2512 5296 quantocius
2557 5224 2803 5295 fugerunt
2830 5239 2859 5279 a
2884 5240 2993 5281 me.
3029 5225 3151 5280 Haec
3189 5233 3366 5280 autem
3408 5240 3529 5279 cum
3577 5238 3768 5279 cerne-

2194 5333 2328 5381 rem,
2360 5316 2555 5385 fugisse
2583 5316 2785 5371 scilicet
2830 5316 3032 5381 leones,
3069 5329 3190 5369 cum
3218 5317 3361 5370 luctu
3392 5315 3556 5370 nimio
3583 5329 3645 5369 ac
3665 5313 3770 5369 do-

2193 5408 2329 5473 lore,
2361 5407 2499 5476 ccepi
2546 5406 2744 5461 Christi
2793 5405 3209 5460 misericordiam
3252 5406 3444 5460 devote
3491 5404 3769 5469 invocare,

2199 5506 2461 5567 quatenus
2490 5506 2543 5551 et
2570 5496 2694 5550 mihi
2729 5495 3050 5563 paenitentiae
3077 5510 3319 5551 normam
3350 5493 3682 5558 ostenderet,
3704 5509 3771 5550 ac

2194 5587 2374 5642 leones
2426 5587 2598 5641 redire
2641 5586 2873 5655 juberet.
2922 5586 3030 5642 Nec
3085 5603 3273 5655 mora,
3317 5587 3771 5643 clementissimus

2195 5676 2372 5739 Pater,
2406 5677 2492 5744 qui
2535 5691 2620 5731 me
2662 5677 2727 5729 ad
2769 5677 3131 5744 pmnitentiam
3177 5692 3394 5733 servare
3423 5678 3612 5745 voluit,
3641 5674 3770 5732 illos

2194 5768 2471 5824 conlestitn
2500 5768 2623 5821 fecit
2651 5766 2823 5823 redire
2870 5769 3069 5836 leones,
3104 5784 3423 5841 mecumque
3450 5769 3683 5842 ingressi
3713 5769 3769 5826 itt
