4010 6230
252 317 361 375 ιίὅ

1365 316 1520 373 vrra
1559 316 1802 373 SANCTI
1842 317 2119 373 MACAREI
2161 318 2436 374 nouANI.
2532 282 2537 287 ’

3431 326 3536 380 liii

253 431 397 484 hanc
424 423 759 496 speluncam,
791 425 1011 479 humum
1058 424 1281 495 pedibus
1311 426 1421 482 suis
1459 428 1527 482 ad
1555 429 1712 483 unius
1742 437 1848 482 sta-
1878 431 1926 489 Α
1958 429 2119 483 vitam
2148 445 2322 486 meam
2355 431 2408 483 in
2440 430 2662 485 veritate
2686 433 2946 487 enarravi.
2988 436 3146 506 231
3180 438 3287 495 Vos
3316 455 3464 510 ergo,
3486 447 3533 498 si

253 528 429 573 turam
460 516 695 571 hominis
729 516 1090 585 aggerebant;
1128 531 1229 587 ego
1267 526 1446 572 autem
1488 519 1605 574 base
1650 520 1849 574 intelli-

250 623 408 682 gens,
438 608 745 663 collotenus
790 608 960 676 ipsam
1006 609 1197 663 intravi
1241 608 1471 673 fossam,
1505 610 1637 679 ipsis
1675 611 1847 680 impc-

251 713 381 754 raus
420 697 668 754 leonibus
691 707 749 752 ut
775 699 826 751 in
851 698 1041 753 eodem
1074 714 1162 753 me
1188 700 1479 767 sepelirent
1506 700 1643 755 loco.
1693 701 1845 769 Quod

254 804 377 843 cum
422 787 623 842 factum
669 787 882 852 luisset,
929 802 1101 844 annos
1130 797 1241 844 tres
1286 790 1531 858 sepultus
1571 790 1622 843 in
1657 790 1847 845 eadem

255 879 400 933 fossa
442 877 646 946 peregi.
696 876 908 931 Interea
965 878 1169 947 ingenti
1218 879 1396 948 pluvia
1442 879 1845 946 descendente,

257 976 410 1035 rupta
443 975 528 1021 est
554 966 807 1034 spelunca
833 966 1065 1036 desuper
1084 978 1245 1037 caput
1287 983 1465 1024 meum
1491 969 1583 1023 ubi
1610 970 1838 1034 stabam,

258 1066 313 1112 et
333 1058 508 1112 lucem
538 1056 681 1127 vidi,
702 1067 757 1111 et
799 1057 943 1112 foras
972 1074 1165 1113 manus
1191 1057 1469 1124 emittens,
1504 1059 1696 1115 herbas
1726 1076 1847 1130 quas

259 1150 312 1202 in
341 1146 571 1201 circuitu
616 1162 780 1216 super
824 1158 986 1217 caput
1025 1158 1200 1216 erant,
1242 1149 1490 1221 decerpsi
1521 1159 1577 1205 et
1615 1150 1848 1205 comedi.

258 1236 455 1292 Tn'bus
495 1237 671 1305 itaque
711 1238 866 1291 annis
911 1238 1164 1305 evolutis,
1215 1238 1505 1295 adfuerunt
1543 1240 1747 1303 leones,
1794 1250 1851 1297 et

261 1328 441 1384 lumen
465 1328 608 1383 circa
639 1343 727 1384 me
757 1327 1019 1395 videntes,
1051 1329 1373 1385 eliodiebant
1400 1332 1618 1386 humum
1651 1333 1702 1385 in
1745 1347 1848 1401 qua

193 1444 198 1448 -
260 1433 345 1474 me
364 1419 684 1489 Spelierunt,
715 1433 816 1489 ego
838 1419 1056 1488 quidem
1084 1430 1198 1475 toto
1219 1435 1449 1490 corpore
1475 1436 1639 1476 sanus
1665 1436 1847 1490 egres-

260 1525 353 1564 sus
398 1525 545 1574 sum,
576 1510 825 1565 virtutem
870 1511 1150 1579 pristinam
1196 1512 1249 1567 in
1279 1528 1365 1568 me
1391 1512 1649 1569 sentiens.
1698 1515 1851 1569 Tunc

258 1598 570 1669 glorificans
604 1599 888 1654 Dominum
930 1615 1107 1655 meum
1147 1602 1331 1658 Jesum
1360 1602 1661 1671 Christum,
1708 1605 1848 1661 exivi

260 1691 327 1745 de
363 1691 642 1760 spelunca,
692 1706 1004 1760 ponensque
1038 1706 1213 1763 genua
1258 1710 1375 1750 mea
1407 1696 1461 1749 in
1500 1704 1667 1762 terra,
1713 1712 1850 1767 qua-

1956 535 2162 589 pugnas
2196 522 2278 576 vel
2314 521 2535 577 insidias
2565 522 2781 593 maligni
2830 523 2998 579 hostis
3028 527 3254 582 sull‘crre
3284 534 3533 596 potestis.

1950 612 2309 680 considerate,
2338 623 2393 669 et
2431 613 2518 669 hic
2559 614 2834 669 nobiscum
2881 624 3119 683 manete,
3152 618 3233 672 sin
3274 620 3428 688 alias,
3467 626 3533 677 ad

1953 705 2368 769 monasterium,
2413 705 2481 759 de
2524 720 2632 776 quo
2667 706 2873 775 egressi
2899 707 3061 774 estis,
3101 710 3451 777 revertimini,
3481 724 3537 767 et

1953 795 2208 850 Dominus
2229 795 2300 851 sit
2328 798 2380 851 in
2407 797 2601 853 itinere
2624 808 2824 854 vestro.

2020 886 2150 943 CAP.
2173 888 2366 944 XXIII.
2386 918 2459 933 --
2480 889 2589 945 Nos
2616 900 2791 946 autem
2831 905 2952 945 cum
2992 892 3088 947 ista
3119 906 3147 944 a
3199 904 3384 949 sancto
3432 895 3527 951 Dci

1951 977 2307 1045 audissemus,
2337 979 2589 1035 cadentes
2633 980 2685 1034 in
2718 990 2939 1049 terram,
2971 981 3388 1050 gloriﬁcavimus
3429 986 3536 1039 Dn-

1954 1069 2180 1138 minum,
2208 1071 2299 1140 qui
2324 1068 2452 1125 facit
2489 1070 2756 1126 mirabilia
2778 1072 2941 1137 solus,
2974 1081 3027 1127 et
3054 1072 3120 1126 ad
3150 1083 3392 1129 sanctum
3418 1091 3535 1131 ser-

1953 1173 2190 1228 vumque
2216 1158 2415 1215 Christi
2470 1160 2636 1215 locuti
2665 1175 2848 1216 sumus
2896 1161 3207 1229 Macarium,
3261 1164 3502 1221 dicentes
3526 1208 3541 1222 .

1952 1246 2113 1301 Pater
2140 1248 2447 1304 beatissime
2476 1249 2693 1317 Macari,
2726 1265 2821 1305 ora
2847 1266 2939 1320 pro
2966 1251 3120 1307 nobis
3141 1254 3205 1308 ad
3232 1253 3536 1323 Dominum,

1953 1346 2014 1390 ut
2040 1338 2108 1391 ad
2148 1349 2388 1393 nostrum
2428 1354 2671 1395 remeare
2701 1343 2964 1410 possimus
3004 1344 3410 1413 monasterium,
3458 1358 3545 1402 at-

1954 1443 2067 1497 que-
2083 1430 2544 1485 conversationem
2574 1440 2718 1485 tuam
2745 1440 2983 1487 sanctam
3014 1451 3107 1502 per
3128 1450 3315 1493 omnes
3334 1435 3537 1496 Christi

1956 1519 2224 1574 Ecclesias
2250 1533 2522 1584 enarrare,
2560 1522 2830 1575 credimus
2860 1522 3002 1578 enim
3030 1524 3153 1592 quia
3186 1526 3440 1585 Dominus
3462 1530 3544 1585 id-

1953 1610 2099 1665 circo
2125 1626 2224 1665 nos
2261 1610 2511 1679 perduxit
2536 1611 2603 1665 ad
2634 1621 2708 1666 te.
2737 1611 2888 1667 Tunc
2934 1613 3116 1668 senior
3157 1614 3353 1672 diutius
3382 1635 3543 1688 super

1954 1715 2055 1754 nos
2074 1701 2369 1756 orationem
2397 1700 2548 1765 ludit,
2570 1712 2628 1755 et
2655 1700 2771 1755 lusa
2799 1701 3063 1767 oratione,
3094 1702 3367 1761 benedixit
3386 1716 3545 1778 atque

262 1781 499 1851 dragiuta
524 1782 645 1838 dies
671 1793 728 1837 et
754 1783 1103 1855 quadraginta
1131 1796 1315 1841 noctes
1344 1786 1396 1839 in
1426 1787 1617 1842 eodem
1650 1788 1840 1843 immo-
1876 1790 1921 1849 Β
1946 1792 2218 1847 osculatus
2247 1801 2332 1846 est
2354 1807 2451 1847 nos
2477 1806 2687 1859 omnes,
2719 1800 2774 1848 et
2795 1794 3190 1851 commendavit
3211 1795 3453 1867 Christo,
3485 1812 3543 1857 ut

265 1870 379 1925 bilis
407 1874 681 1939 permansi
725 1873 865 1942 loco,
897 1875 1208 1931 collaudans
1235 1886 1292 1933 et
1324 1878 1615 1934 obsecrans
1652 1880 1845 1947 Deum,

257 1971 312 2014 et
337 1961 629 2028 gratiarum
674 1962 911 2018 actiones
951 1963 1206 2030 olierens,
1246 1968 1337 2036 qui
1370 1975 1515 2023 tanta
1544 1969 1851 2025 misericor-

258 2051 472 2105 diarnm
504 2064 721 2108 munera
754 2054 910 2109 nobis
938 2057 1309 2124 peccatoribus
1325 2059 1523 2128 jugiter
1546 2069 1783 2128 praestat.

338 2143 476 2197 CAP.
505 2143 673 2198 XXII.
706 2174 776 2185 —
824 2144 918 2201 llis
980 2161 1108 2216 ergo
1150 2148 1433 2218 completis
1478 2149 1690 2218 diebus,
1736 2167 1849 2207 res-

276 2234 402 2300 pexi
437 2234 489 2286 in
522 2236 852 2303 speluncam,
884 2246 938 2291 et
980 2251 1108 2293 ecce
1147 2250 1374 2308 quatuor
1399 2240 1578 2310 anguli
1604 2242 1847 2310 ejusdem

259 2322 540 2387 speluncre
580 2324 781 2381 lumine
831 2327 1030 2382 cmlesti
1085 2331 1533 2399 resplenduerunt
1565 2334 1759 2401 valde;
1794 2341 1851 2390 et

258 2411 368 2465 vidi
424 2414 760 2470 Salvatorem
807 2417 1081 2473 Christum
1120 2420 1175 2474 in
1222 2423 1496 2478 schemate
1536 2424 1661 2489 viri,
1697 2428 1849 2494 quasi

257 2515 475 2556 auream
508 2504 793 2560 hairentem
823 2507 876 2562 in
925 2508 1172 2564 manibus
1204 2510 1428 2581 virgam,
1477 2528 1542 2568 ac
1571 2514 1847 2571 dulcisona

258 2606 391 2649 voce
431 2597 733 2651 mirabilem
779 2606 996 2653 cantum
1053 2613 1465 2671 personantem;
1512 2618 1621 2659 vox
1664 2618 1845 2661 autem

258 2686 398 2740 illius
439 2688 734 2743 vehemens
763 2699 818 2745 et
847 2692 1031 2762 fortis,
1064 2695 1215 2763 quasi
1256 2696 1404 2763 mille
1429 2698 1704 2754 hominum
1754 2714 1849 2753 au-

173 2782 183 2797 ‘
258 2777 520 2834 diebatur.
542 2778 677 2836 Cum
699 2796 826 2837 vero
849 2784 960 2860 jam
992 2786 1242 2843 melodis:
1270 2789 1507 2844 ccelestis
1540 2792 1732 2848 cantici
1761 2807 1848 2848 ex-

261 2870 555 2938 plerentur,
602 2886 824 2942 repente
866 2892 969 2931 vox
1016 2878 1184 2935 tribus
1227 2880 1432 2936 vicibus
1465 2882 1722 2950 insonuit,
1768 2885 1849 2939 di-

256 2975 386 3015 cens
412 2978 428 3016 :
462 2964 655 3030 Amen,
677 2974 734 3020 et
756 2968 810 3021 in
832 2970 1217 3039 sempiternum
1248 2987 1428 3028 amen.
1462 2974 1516 3027 In
1548 2976 1662 3045 ipsa
1689 2977 1852 3047 igitur

260 3050 389 3105 hora
437 3066 685 3122 egressus
734 3071 765 3109 a
810 3059 1077 3128 spelunca'
1116 3060 1382 3131 Salvator,
1441 3066 1733 3122 scandebat
1781 3069 1847 3123 ad

1953 1885 2006 1941 in
2038 1900 2168 1955 pace
2205 1886 2468 1956 dirigeret
2509 1888 2651 1942 viam
2683 1899 2946 1957 nostram,
2975 1892 3172 1948 deinde
3198 1896 3421 1953 tradidit
3446 1916 3544 1955 nos

1952 1974 2201 2031 leonibus
2232 1976 2365 2044 illis,
2398 1977 2717 2047 praecipiens
2757 1981 2836 2036 eis
2866 1990 2925 2035 ut
2976 1984 3379 2044 transducerent
3418 2006 3539 2056 nos,

1951 2081 2229 2138 quousque
2255 2068 2373 2123 loca
2418 2069 2765 2124 tenebrarum
2805 2059 3280 2142 pertransiremus,
3313 2078 3400 2134 ubi
3433 2086 3543 2150 pri-

1950 2158 2073 2214 dem
2100 2169 2303 2229 septem
2327 2160 2442 2215 dies
2480 2169 2536 2216 et
2572 2161 2790 2217 totidem
2821 2172 3004 2219 noctes
3033 2165 3086 2218 in
3118 2168 3354 2223 tenebris
3370 2169 3542 2239 jacui-

1950 2265 2090 2305 mus.
2124 2251 2342 2306 Dimissi
2372 2266 2500 2322 ergo
2528 2266 2557 2305 a
2601 2267 2760 2307 servo
2807 2253 3004 2310 Christi
3056 2267 3242 2313 sancto
3285 2260 3538 2330 Macario,

1952 2357 2209 2410 prospere
2236 2342 2302 2396 ad
2330 2343 2568 2397 absidam
2596 2343 2889 2398 Alexandri
2918 2346 3285 2415 pervenimus,
3313 2351 3404 2406 ubi
3424 2354 3530 2407 leo-

1954 2446 2048 2487 nes
2076 2434 2369 2488 salutantes
2399 2446 2519 2500 nos,
2564 2433 2776 2489 concito
2827 2433 2996 2503 gradu
3048 2437 3249 2493 reversi
3299 2452 3443 2510 sunt_
3470 2446 3536 2497 ad

1948 2541 2162 2581 servum
2196 2523 2310 2579 Dei.

2020 2618 2151 2670 Car.
2205 2615 2390 2669 XXIV.
2438 2644 2510 2657 --
2556 2616 2719 2686 Igitur
2763 2617 2973 2675 favente
3018 2621 3235 2678 Christo
3266 2624 3397 2691 Deo,
3424 2629 3540 2682 sine

1950 2709 2194 2777 angustia
2238 2709 2416 2777 aliqua
2468 2718 2703 2763 nostram
2748 2711 3144 2770 ambulavimus
3173 2716 3338 2783 viam,
3368 2728 3423 2772 et
3461 2719 3541 2773 in—

1954 2809 2226 2855 troeuntes
2280 2810 2479 2854 terram
2537 2801 2853 2869 Persarum,
2896 2806 3141 2861 venimus
3178 2809 3242 2862 in
3291 2826 3539 2880 campum

1954 2892 2278 2959 mirabilem,
2310 2891 2401 2960 qui
2430 2891 2626 2946 dicitur
2648 2893 2829 2959 Assia,
2880 2894 2968 2950 ubi
2996 2909 3216 2952 sanctus
3253 2899 3543 2956 Mercurius

1954 2968 2223 3037 interfecit
2251 2991 2546 3051 apostatam
2575 2982 2870 3049 lulianum,
2905 2998 2961 3039 et
2987 2986 3214 3056 ingressi
3242 2988 3418 3045 denuo
3447 3006 3541 3046 su-

1955 3094 2076 3132 mus
2103 3078 2372 3132 civitatem
2401 3075 2748 3142 Kitissefodo,
2781 3077 2834 3131 in
2865 3094 2968 3147 qua
3013 3080 3162 3149 pueri
3199 3091 3306 3137 tres
3330 3085 3542 3154 requie-

260 3140 483 3209 ωιιιετθι
533 3153 591 3199 ει
642 3160 770 3201 ecce
816 3152 1072 3204 conlinuo
1120 3152 1352 3208 maxima
1393 3156 1531 3223 ignis
1573 3156 1842 3224 columna.
1878 3156 1924 3219 C
1956 3179 2132 3233 scunt,
2164 3184 2269 3222 non
2316 3168 2471 3237 longe
2499 3182 2529 3221 a
2566 3167 2861 3238 Babylone.
2894 3169 3025 3224 Post
3059 3170 3175 3226 haec
3214 3140 3542 3242 Tigrim'ﬂu-

257 3234 411 3301 quasi
433 3234 607 3290 nubes
638 3240 832 3307 valida,
867 3241 1083 3297 intravit
1112 3243 1446 3315 speluncam,
1479 3256 1535 3301 et
1564 3246 1703 3303 facta
1727 3262 1852 3306 sunt

262 3326 526 3395 tonitrua,
567 3338 622 3384 et
661 3331 937 3387 immense
976 3337 1397 3403 eoruscationes,
1432 3346 1486 3393 et
1514 3342 1695 3395 omnia
1724 3342 1849 3396 coeli

262 3418 499 3473 volatilia
545 3427 842 3478 secundum
897 3428 1143 3495 proprias
1190 3430 1367 3484 audivi
1425 3446 1587 3487 voces
1629 3445 1848 3500 canere,

264 3509 496 3565 dicentia
522 3527 535 3565 :
567 3512 820 3581 Sanctus,
852 3526 1089 3583 sanctus,
1125 3528 1365 3587 sanctus,
1401 3522 1657 3578 Dominus
1687 3523 1849 3580 Deus.

266 3602 373 3670 ligo
402 3604 582 3673 itaque
611 3606 737 3658 dum
770 3609 885 3661 haec
923 3622 1225 3677 cernerem,
1278 3615 1542 3682 simulque
1586 3615 1848 3682 audirem,

265 3704 483 3761 propter
531 3694 751 3750 visioais
789 3700 1206 3768 magnitudinem
1253 3702 1471 3759 territus
1509 3705 1666 3759 valde
1704 3719 1845 3773 sum,

266 3796 317 3839 ct
354 3787 410 3839 in
439 3788 643 3841 exstasi
684 3797 890 3859 raptus,
935 3793 1107 3847 cecidi
1145 3793 1200 3847 in
1243 3804 1460 3860 terram,
1506 3805 1565 3851 et
1591 3806 1714 3852 octo
1738 3796 1853 3854 dies

267 3876 388 3930 inde
416 3880 689 3946 permansi
708 3922 723 3946 ,
752 3889 878 3936 tunc
920 3898 1150 3954 namque
1180 3886 1420 3942 intellexi
1450 3888 1573 3957 quia
1601 3888 1854 3946 Salvator

268 3964 450 4018 mundi
484 3964 730 4021 Christus
769 3967 1025 4025 Dominus
1068 3973 1204 4027 hanc
1238 3975 1511 4045 ingressus
1540 3978 1852 4046 speluncam

271 4052 624 4119 benedixerit,
649 4056 899 4128 illamque
923 4063 1355 4119 sanctiﬁcaverit.
1383 4065 1533 4122 Tunc
1558 4081 1658 4137 ego
1681 4069 1851 4123 intro-

269 4158 488 4216 gressus
516 4148 569 4201 in
600 4165 741 4212 eam,
776 4166 872 4219 pro
912 4152 1213 4221 ignorantia
1250 4159 1460 4227 propria
1491 4173 1555 4213 ac
1582 4160 1851 4229 negligen-

268 4238 363 4302 tia,
393 4238 532 4308 οωρί
564 4242 897 4310 satisfacere,
934 4246 1245 4303 collaudans
1286 4258 1341 4303 et
1369 4248 1671 4321 gloriﬁcans
1696 4252 1852 4307 Chri-

270 4337 407 4381 stum
430 4327 764 4386 Salvatorem
788 4347 852 4387 ac
876 4333 1292 4407 Rcdemptorem
1315 4351 1582 4408 nostrum,
1616 4352 1671 4397 et
1699 4357 1851 4398 crea-

271 4427 443 4473 torem
474 4422 740 4489 omnium,
790 4425 882 4494 qui
922 4435 1067 4481 tanta
1093 4444 1180 4484 me
1208 4432 1457 4486 sustinuit
1495 4432 1770 4502 patientia,
1798 4446 1854 4490 et

1958 3278 2080 3317 men
2132 3270 2590 3331 pertranseuntes,
2648 3261 3051 3330 quintodecimo
3090 3263 3178 3319 die
3226 3266 3541 3323 intravimus

1956 3353 2271 3419 Jerusalem,
2303 3363 2355 3408 et
2379 3353 2446 3407 ad
2472 3352 2778 3423 sepulcrum
2806 3354 3016 3410 Domini
3044 3358 3210 3411 nostri
3230 3356 3355 3415 Jesu
3384 3360 3541 3416 Chri-

1958 3448 2047 3511 sti,
2080 3461 2177 3516 per
2218 3458 2409 3500 cuncta
2457 3446 2571 3501 loca
2601 3455 2783 3500 sancta
2810 3457 3117 3503 sanctorum
3148 3460 3381 3517 orantes,
3411 3467 3536 3521 gra-

1959 3541 2150 3594 tiarum
2178 3540 2414 3593 actiones
2435 3537 2653 3591 Christo
2674 3538 2937 3593 Salvatori
2964 3541 3205 3595 omnium
3231 3542 3533 3607 libavimus,

1958 3632 2044 3699 qui
2074 3644 2172 3683 nos
2221 3642 2316 3681 sua
2345 3627 2515 3696 gratia
2562 3627 2857 3681 incolumes
2886 3629 3121 3682 servavit
3158 3641 3347 3686 euntes
3376 3644 3430 3688 et
3460 3649 3549 3691 re-

1957 3719 2203 3773 deuntes.
2234 3716 2360 3771 Inde
2386 3716 2543 3785 igitur
2569 3717 2791 3784 egressi,
2821 3716 2993 3771 veloci
3021 3733 3180 3773 cursu
3200 3722 3266 3775 ad
3295 3733 3541 3779 nostrum

1958 3811 2297 3881 pervenimus
2336 3811 2746 3874 monasterium;
2777 3818 2834 3863 et
2878 3820 3117 3866 nostrum
3150 3812 3535 3884 hegumenum,

1956 3913 2014 3958 et
2035 3902 2227 3957 fratres
2255 3913 2467 3956 nosnos
2510 3915 2698 3955 omnes
2728 3900 2781 3955 in
2823 3914 2954 3969 pace
2996 3912 3052 3958 et
3095 3907 3352 3975 sospitate
3390 3924 3545 3978 repeo

1957 3995 2176 4059 rientes,
2210 4009 2303 4064 per
2332 3993 2572 4047 ordinem
2605 4008 2724 4060 quae
2749 3992 2983 4048 vidimus
3032 4003 3088 4048 et
3116 3998 3414 4054 audivimus
3442 4001 3543 4055 tui-

1958 4085 2170 4149 rabilia,
2226 4093 2278 4137 et
2321 4080 2716 4136 misericordias
2769 4080 3000 4146 Domini,
3058 4083 3153 4138 sed
3182 4095 3235 4140 et
3282 4088 3444 4141 vitam
3489 4100 3545 4144 ct

1957 4173 2420 4229 conversationem
2452 4172 2743 4227 beatissimi
2771 4170 2985 4226 Macarii
3018 4172 3125 4228 illis
3149 4179 3538 4232 euarravinms.

1958 4264 2227 4332 Quotquot
2256 4271 2431 4315 autem
2481 4261 2595 4314 haec
2631 4260 2939 4324 audiebant,
2985 4262 3273 4319 laudabant
3300 4276 3352 4321 et
3380 4268 3546 4336 glori-

1960 4353 2207 4417 ﬁcabant,
2238 4360 2293 4406 et
2333 4352 2588 4422 hymnum
2637 4351 2891 4419 dir-ebant
2943 4351 3051 4405 Deo
3103 4352 3245 4409 Patri
3303 4360 3545 4426 omnipo-

1958 4446 2114 4511 tenti,
2144 4453 2198 4497 et
2230 4442 2364 4496 Filio
2412 4442 2530 4511 ejus
2561 4443 2857 4510 unigenito.
2908 4440 3136 4496 Domino
3182 4459 3246 4499 ac
3280 4445 3544 4502 Salvatori

272 4514 520 4581 perduxit
555 4516 622 4569 ad
660 4519 1053 4588 paenitentiam,
1085 4534 1138 4578 et
1176 4538 1363 4579 rursus
1394 4526 1557 4581 talem
1594 4526 1723 4582 mihi
1759 4527 1848 4584 de-

1959 4545 2164 4602 nostro,
2195 4550 2292 4590 nec
2320 4550 2425 4589 non
2452 4545 2505 4589 et
2525 4533 2745 4602 Spiritui
2772 4531 3087 4589 viviﬁcatori
3111 4544 3165 4589 et
3195 4536 3542 4593 illuminatori

271 4610 592 4664 monstravit
643 4612 1006 4670 clementiam.
1059 4617 1285 4685 Quando
1335 4627 1516 4674 autem
1573 4619 1691 4676 haec
1740 4633 1858 4677 acta

269 4710 412 4766 sunt,
460 4711 665 4771 septem
706 4703 762 4759 in
800 4706 901 4761 hac
937 4708 1213 4777 spelunca,
1256 4710 1431 4765 anatis
1472 4725 1603 4767 vero
1631 4713 1860 4782 quadra-

268 4795 410 4860 ginta
439 4809 701 4853 anuorum
728 4798 1010 4855 habebam.

343 4885 488 4944 Ecce
528 4904 672 4946 nunc
701 4890 874 4961 vobis,
906 4893 1055 4948 velut
1090 4894 1216 4949 liliis
1253 4895 1603 4961 charissimis,
1644 4910 1860 4950 omnem

1961 4628 2259 4682 animarum
2311 4635 2638 4688 nostrarum,
2678 4622 2770 4692 qui
2800 4621 2972 4677 trinus
3012 4624 3064 4678 in
3112 4630 3371 4695 personis,
3409 4645 3541 4683 uua-

1962 4732 2069 4786 que
2101 4717 2306 4771 lieitate
2341 4715 2667 4779 nominatur,
2700 4712 2833 4766 vivit
2873 4722 2930 4767 et
2969 4725 3156 4785 regnat
3184 4717 3376 4787 ubique
3407 4718 3546 4773 Deus

1962 4805 2280 4861 benedictus
2307 4815 2361 4860 et
2389 4805 2691 4873 laudabilis,
2736 4822 2875 4863 nunc
2920 4816 2976 4863 et
3019 4821 3255 4877 semper,
3304 4822 3399 4878 per
3447 4809 3546 4864 im-

1966 4896 2215 4951 mortalia
2243 4894 2436 4951 secula
2478 4896 2821 4965 saeculorum,
2849 4900 3037 4952 Amen.

1545 5046 1836 5104 ROSWEY
1847 5049 1912 5106 Dl
1945 5043 2266 5105 NOTATIO.

344 5160 424 5232 (l)
465 5158 688 5232 Macarii
720 5159 982 5232 Romani.]
1012 5160 1164 5216 Nulla
1204 5159 1362 5232 hujus
1395 5159 1612 5232 mentio
1630 5162 1682 5232 i_n
1717 5162 1853 5214 Mar-

271 5228 534 5301 tyrologio
562 5232 819 5285 Hornano.
852 5228 1208 5301 Men'ologium
1236 5228 1664 5301 Graecorum,23
1693 5232 1854 5284 Octo-

270 5290 379 5355 bris
408 5290 476 5354 εἶ
527 5300 725 5354 Eodem
754 5304 841 5354 die
887 5290 1324 5355 commémoratio
1351 5300 1411 5355 S.
1444 5298 1505 5351 P.
1552 5290 1614 5352 Ν.
1646 5302 1766 5352 Mac.
1792 5302 1855 5362 rii

268 5370 517 5426 Romani.
556 5388 575 5422 ι
611 5372 809 5424 Menma
857 5368 970 5424 fuse
1003 5372 1191 5424 eodem
1223 5371 1309 5422 die
1352 5375 1481 5423 Acta
1509 5370 1625 5437 ejus
1672 5373 1851 5439 expri-

267 5452 442 5507 munt,
475 5456 592 5508 qua:
640 5455 760 5493 cum
816 5441 899 5494 his
950 5441 1145 5493 nostris
1194 5440 1354 5508 plane
1400 5440 1744 5493 conveniunt.
1799 5442 1852 5493 ln

268 5511 485 5565 Menaeis
514 5521 692 5564 tamen
726 5511 1079 5578 peregrinatio
1110 5518 1166 5563 et
1207 5513 1452 5564 itinerum
1481 5510 1851 5575 dulicultates,

267 5597 399 5650 quas
432 5591 540 5634 tres
569 5582 972 5649 peregrinantes
1000 5579 1130 5633 Vitae
1156 5581 1310 5647 hujus
1336 5590 1585 5632 auctores
1611 5582 1849 5643 subiere,

269 5649 613 5705 omittuntur.
647 5650 871 5703 Unicum
911 5650 1041 5703 Vitae
1073 5650 1236 5717 hujus
1264 5650 1360 5705 Ms.
1388 5649 1659 5715 exemplar
1690 5651 1850 5704 habui

268 5729 331 5776 ex
362 5724 575 5776 abbatia
608 5718 972 5781 Einhatnensi.
998 5722 1307 5774 charactere
1330 5720 1483 5789 plane
1517 5719 1737 5773 recenti.

593 5811 865 5870 Pnaot.
915 5809 1202 5869 LXXIII.

2031 5159 2289 5214 Baronius
2321 5158 2372 5211 in
2397 5156 2776 5228 Martyrologio
2801 5156 3065 5228 Romano,
3093 5157 3160 5211 ad
3187 5157 3327 5214 diem
3357 5161 3418 5214 ll
3452 5164 3543 5220 Ja-

1958 5228 2153 5295 nuarii,
2175 5229 2446 5283 existimat
2471 5227 2545 5281 de
2562 5230 2663 5299 hoc
2693 5227 2925 5281 Macario
2964 5227 3207 5282 Romano
3231 5245 3390 5299 agere
3421 5234 3546 5288 Pal.

1960 5301 2183 5362 ladium,
2217 5300 2339 5349 dum
2383 5313 2505 5362 cap.
2554 5298 2656 5350 125
2687 5306 2967 5350 enumerat
3010 5313 3103 5351 eos
3134 5303 3221 5366 qui
3249 5298 3315 5354 ad
3374 5304 3549 5358 Pinia-

1960 5386 2085 5424 num
2117 5369 2367 5422 maritum
2412 5382 2588 5438 parvae
2633 5367 2897 5433 Melanim,
2927 5383 3046 5434 qua:
3077 5385 3217 5423 nunc
3247 5372 3299 5426 in
3328 5373 3546 5438 Siciliae,

1961 5454 2103 5494 nunc
2132 5441 2182 5491 in
2214 5437 2519 5505 Campaniae
2549 5439 2692 5506 agris
2727 5438 3103 5503 exercebatur,
3156 5454 3497 5497 accesserunt
3529 5437 3545 5499 ἑ

1964 5527 1983 5561 ι
2022 5508 2298 5583 Similiter,
2324 5507 2512 5583 inquit,
2553 5508 2730 5583 etiarn
2755 5507 2969 5583 quidam
3000 5511 3234 5583 nomine
3281 5511 3548 5567 Macarius

1960 5595 2025 5634 ex
2057 5578 2272 5632 vicaria.
2312 5594 2330 5628 ι
2382 5578 2640 5632 Daronius
2683 5575 3039 5642 hicintelligit
3072 5580 3322 5633 vicariam
3350 5582 3544 5647 prtere-

1960 5659 2189 5708 cturam,
2238 5658 2401 5713 recte,
2451 5647 2593 5716 quod
2626 5662 2689 5703 ex
2719 5663 2780 5702 ea
2823 5647 3172 5702 monasticam
3229 5652 3390 5703 vitam
3432 5665 3544 5703 atu-

1960 5721 2148 5788 plexus
2176 5718 2265 5772 sit.

3160 5803 3231 5862 1h
