4010 6224
239 401 1215 432 Ϋ-νοῄ-Η-Μ,
858 404 1603 425 “Mm—ww
1492 406 1519 412 “
1526 406 1581 411 ⁵-
1588 406 1601 409 "
1608 404 1819 425 :‘w‘w
1808 404 1836 425 ’ἶ

1947 405 2993 429 .--·-·-·--·-·-.---..-ρ..-·-ο.....κτ...-“-“--ο-.
2834 426 2841 427 κ
2900 426 2917 427 κ
2934 408 3520 436 κρῖ-ΓΜ

579 557 1052 741 VITA
1149 493 1743 699 BEATI
1837 558 2962 703 POSTHUMII

722 823 1110 895 PATRIS
1144 824 1626 912 QUINQUE
1686 826 2170 899 MILLIUM
2214 828 3032 913 MONACIIOBUM,

1488 1002 1833 1064 INCERTO
1890 1003 2281 1065 AUCTORE.

1553 1223 2255 1406 ἧβτοῐοᾳιιβ.

319 1488 583 1554 Quoniam
616 1487 887 1544 desiderio
929 1488 1246 1543 desiderasti
1296 1501 1507 1553 semper
1537 1484 1720 1537 audire
1751 1502 1868 1551 qme
1897 1497 2077 1538 sancta
2109 1496 2269 1552 sunt;
2302 1497 2355 1541 et
2387 1503 2503 1551 nos,
2539 1504 2606 1542 ne
2652 1488 2867 1544 silentio
2897 1499 3136 1559 tempora
3171 1505 3518 1562 pet-agantur,

250 1595 442 1634 curare
472 1579 732 1633 debemus
768 1597 781 1635 :
814 1578 1012 1631 idcirco
1044 1578 1108 1630 de
1138 1576 1389 1643 opeiilius
1414 1575 1618 1627 Domini
1650 1584 1830 1626 tacvre
1854 1590 1956 1627 non
1984 1591 2287 1642 pos<utiiiis,
2321 1592 2439 1645 qua:
2474 1578 2523 1630 iu
2547 1576 2715 1631 servis
2746 1580 2852 1631 suis
2877 1581 3239 1635 indesinenter
3268 1586 3521 1643 ostendit.

252 1673 314 1725 At
344 1671 596 1738 primum,
632 1670 695 1722 de
728 1676 914 1722 sancto
949 1666 1257 1721 Posthumio
1292 1666 1383 1719 Dei
1416 1681 1575 1718 servo
1622 1665 1925 1725 sciendum,
1959 1682 2064 1731 quo
2109 1667 2295 1720 ordine
2323 1684 2442 1720 eum
2479 1668 2734 1724 Dominus
2765 1671 2828 1725 ad
2862 1686 3010 1725 suam
3059 1689 3249 1728 vocare
3277 1674 3523 1743 dignatus

252 1773 328 1815 est
356 1762 605 1828 gratiam,
639 1760 780 1812 sicut
809 1757 1155 1812 referentium
1184 1758 1400 1825 jactavit
1430 1758 1620 1817 oratio,
1655 1755 1744 1822 qui
1776 1756 2144 1808 conversionis
2173 1756 2288 1823 ejus
2319 1757 2559 1811 ordinem
2594 1768 2875 1813 noverunt.
2909 1761 3033 1816 litec
3065 1772 3256 1818 vestra:
3279 1764 3526 1819 dilectio-

262 1852 313 1903 ni
343 1852 558 1917 scriptis
606 1850 854 1903 intimare
883 1848 1087 1912 curavi,
1119 1846 1384 1915 quomodo
1417 1862 1509 1914 per
1553 1845 1781 1899 l'USlit'OS
1814 1846 2068 1899 Dominus
2112 1844 2457 1900 credentibus
2487 1846 2620 1901 inse
2662 1848 3018 1903 manifestavit
3081 1853 3227 1921 regni
3273 1854 3356 1907 sui
3414 1871 3524 1923 my-

254 1957 499 1996 Sif‘llllill.

258 2081 526 2096 ...⁸-

1638 2183 2089 2310 VITA.

316 2382 485 2450 233
502 2378 683 2432 CAPUT
699 2374 1133 2431 rutilum—Erat
1161 2372 1501 2428 Posnbumius
1530 2370 1836 2439 Mempheus
1867 2370 1912 2429 Α
1946 2370 2122 2424 ficavit
2154 2368 2433 2425 Dominum
2465 2372 2639 2426 valde.
2670 2372 2806 2428 Vere
2828 2387 3001 2427 autem
3030 2374 3351 2432 credidimus
3374 2379 3426 2435 in
3457 2395 3523 2437 eo

244 2486 465 2541 genere,
489 2469 707 2539 gentilis
750 2476 921 2533 natus,
956 2467 1021 2521 ab
1049 2466 1265 2521 infantia
1314 2466 1588 2527 innocens,
1623 2464 1838 2531 ignarus

247 2565 571 2625 “terarum,
592 2558 727 2612 etab
744 2554 1082 2624 omniperitia
1113 2557 1318 2610 alienus
1349 2554 1742 2623 Egyptiorum,
1771 2552 1836 2603 ab

246 2668 430 2707 eorum
464 2652 745 2720 gentilium
773 2649 1012 2703 delubris
1055 2663 1270 2717 semper
1301 2656 1607 2703 extraneos.
1642 2644 1837 2697 Fuerat

249 2744 473 2797 restium
490 2744 752 2811 spatarius
768 2739 868 2809 (2),
906 2755 1171 2809 nunquam
1193 2755 1250 2793 se
1276 2736 1692 2793 adolesreutium
1716 2749 1832 2802 gre-

249 2838 399 2905 gibus
423 2836 785 2897 commiscmt,
814 2850 911 2887 nec
945 2834 1135 2901 publici
1169 2849 1293 2887 usus
1323 2833 1526 2886 fabulas
1548 2828 1836 2899 aliquando

248 2928 516 2999 cognovit,
552 2942 646 2996 pes
677 2927 794 2996 ejus
824 2927 888 2980 ad
912 2926 1214 2981 saltandum
1247 2941 1351 2979 non
1401 2933 1483 2979 est
1511 2934 1811 2978 commotus

251 3030 305 3072 In
331 3022 440 3072 vita
468 3033 567 3072 sua
608 3016 904 3086 nunquam'
938 3016 1005 3069 de
1034 3032 1126 3070 ore
1162 3015 1276 3084 ejus
1308 3015 1476 3083 turpis
1507 3029 1682 3067 sermo
1715 3027 1836 3078 pro-

249 3110 432 3171 cessit,
469 3121 643 3176 neque
666 3106 888 3160 avaritia
918 3092 970 3159 in
1004 3120 1097 3158 cor
1119 3102 1234 3173 ejus
1260 3103 1544 3173 aliquando
1574 3102 1832 3156 ascendit.

252 3200 327 3255 Ad
351 3200 606 3253 feminam
631 3198 817 3251 oculos
843 3211 991 3263 suos,
1023 3211 1140 3249 cum
1173 3194 1345 3249 adhuc
1369 3203 1509 3248 esset
1534 3194 1583 3245 in
1612 3192 1832 3257 smeulo,

250 3306 353 3344 nou
376 3290 607 3353 levavit;
636 3288 972 3342 mendacium
999 3286 1143 3340 omni
1174 3286 1366 3339 virtute
1389 3284 1600 3347 vitavit;
1635 3284 1838 3337 discor-

250 3382 393 3434 diam
427 3380 513 3434 vel
560 3378 738 3433 odium
771 3379 1027 3432 adversus
1083 3378 1383 3445 proximum
1439 3390 1624 3440 suum,
1659 3388 1831 3441 neque

248 3484 434 3526 contra
466 3481 797 3531 extraneum,
849 3478 1108 3535 noverat;
1157 3469 1492 3523 custodiebat
1541 3481 1729 3534 pacem
1782 3468 1833 3520 in

254 3566 427 3619 animo
455 3577 555 3617 suo
583 3578 675 3631 per
702 3578 859 3615 omne
906 3572 1155 3630 Iempus.‘

318 3656 451 3708 Car.
477 3652 541 3707 ll.
574 3653 786 3706 —Cum
806 3668 934 3721 ergo
955 3652 1065 3705 huic
1084 3653 1226 3705 abeo
1242 3659 1574 3719 gererentur,
1594 3659 1647 3702 et
1671 3664 1834 3701 anno-

1946 2460 2219 2528 impletum
2253 2461 2378 2513 illud
2428 2463 2700 2530 prophetae
2736 2464 3029 2519 Ezechielis
3061 2458 3275 2536 (Ezech.
3311 2469 3414 2542 tn),
3443 2474 3524 2528 vel

1941 2551 2161 2606 Joannis
2206 2554 2431 2619 apostoli
2481 2554 2666 2623 (Apoc.
2706 2554 2790 2621 λ),
2823 2557 2912 2623 qui
2955 2558 3144 2611 librum
3185 2560 3251 2613 de
3277 2564 3521 2618 manibus

1940 2642 2247 2711 angelorum
2303 2644 2662 2713 accipientes,
2738 2646 3088 2701 comederunt
3142 2660 3196 2703 et
3246 2650 3521 2721 adimpleti

1938 2745 2061 2791 sunt
2088 2736 2347 2804 Sapientia
2370 2736 2436 2789 ad
2460 2736 2907 2806 prophetandum.

2010 2828 2141 2881 Car.
2174 2826 2260 2880 Ill.
2285 2858 2357 2868 —
2378 2827 2509 2882 item
2537 2829 2758 2898 angelus
2777 2829 2987 2883 Domini
3016 2832 3181 2901 tetigit
3207 2833 3346 2887 labia
3373 2834 3525 2890 Post-

1944 2918 2133 2972 lnnnii.
2187 2918 2254 2972 Et
2282 2918 2503 2987 depulsa
2533 2919 2905 2982 amaritudine,
2959 2919 3133 2990 lingua
3166 2924 3279 2992 ejus
3310 2925 3377 2979 de
3409 2926 3518 2982 Deo

1942 3009 2258 3077 loquebatur
2323 3009 2577 3077 ingentia.
2644 3010 2893 3079 Dixitque
2948 3013 3015 3065 ad
3074 3029 3195 3068 eum
3253 3020 3515 3085 angelus:

1943 3098 2241 3167 Postlmmi,
2286 3099 2386 3169 fige
2416 3116 2587 3170 genua
2622 3111 2708 3155 tua
2751 3103 2803 3155 in
2852 3113 3013 3169 terra,
3048 3116 3100 3159 et
3140 3104 3330 3162 faciem
3379 3121 3523 3165 tuam

1941 3198 2007 3250 ad
2039 3197 2333 3262 Orientem,
2368 3205 2421 3251 et
2449 3204 2577 3251 tunc
2605 3197 2819 3251 dabitur
2855 3200 2946 3251 tibi
2975 3214 3003 3252 a
3040 3202 3148 3255 Deo
3176 3203 3520 3271 quemadmo-

1941 3286 2067 3341 dum
2103 3286 2274 3356 possis
2297 3302 2472 3341 orare.
2489 3287 2555 3341 Et
2581 3290 2756 3357 posuit
2779 3285 3119 3344 Posthumius
3145 3307 3316 3359 genua
3344 3310 3439 3348 sua
3464 3297 3516 3349 in

1944 3390 2161 3446 terram,
2187 3379 2375 3433 faciem
2404 3394 2612 3449 quoque
2641 3381 2801 3435 etiam
2834 3382 2897 3434 ad
2932 3382 3203 3438 Orientem
3224 3428 3238 3450 ,
3266 3398 3319 3440 et
3347 3389 3519 3442 infusa

1941 3482 2023 3527 est
2065 3474 2113 3526 ei
2161 3473 2355 3537 oratio,
2389 3482 2442 3526 et
2495 3474 2607 3526 ait:
2641 3473 2958 3528 Benedicam
3004 3486 3074 3539 te,
3127 3478 3350 3535 Domine
3385 3482 3523 3536 Deus

1941 3565 2302 3631 omnipotens,
2338 3578 2434 3616 rex
2463 3566 2717 3629 cmlestis,
2744 3565 2831 3633 qui
2855 3567 3219 3633 ignorantibus
3242 3581 3292 3624 te
3319 3586 3512 3625 nomen

1944 3666 2094 3708 tuum
2121 3655 2454 3707 innotescere
2483 3653 2644 3723 235,
2674 3656 2826 3717 facis,
2862 3672 2955 3723 per
2980 3658 3260 3712 Dominum
3284 3670 3523 3715 nostrum

254 3759 371 3797 rum
390 3753 536 3798 esset
556 3743 767 3811 triginta
787 3752 1013 3809 septem,
1046 3744 1244 3811 placuit
1266 3743 1373 3795 Deo
1397 3744 1603 3809 eripere
1624 3756 1743 3793 eum
1769 3742 1832 3793 de

1947 3744 2119 3799 Iesum
2151 3742 2425 3796 Christum
2454 3744 2645 3797 Filiqu
2684 3754 2853 3809 tuum,
2891 3762 3082 3801 nomen
3113 3759 3259 3804 tuum
3286 3752 3526 3809 efficiens

253 3837 596 3905 corruptione
626 3846 995 3904 peccatorum,
1037 3845 1091 3891 et
1115 3837 1179 3890 ad
1219 3836 1674 3903 incorruptionem
1704 3838 1827 3887 vita":

253 3940 473 3982 asterntc
502 3942 748 3983 evocare.
784 3926 936 3981 Unde
966 3926 1134 3980 fertur
1182 3928 1429 3980 introisse
1476 3926 1540 3979 ad
1591 3942 1713 3980 eum
1744 3942 1837 3978 an-

254 4022 429 4091 gelum
465 4018 696 4082 Domini,
727 4020 942 4085 quando
965 4019 1079 4086 ipse
1104 4019 1333 4085 plectam
1357 4020 1439 4086 (5)
1464 4019 1529 4071 de
1552 4028 1703 4086 spato
1728 4018 1835 4084 ple-

252 4113 451 4163 ctcbat.
486 4110 681 4177 Aitque
728 4110 791 4160 ad
844 4124 965 4161 eum
996 4109 1214 4175 angelus
1246 4126 1258 4159 :
1288 4108 1585 4161 Posthumi.
1638 4112 1705 4159 At
1751 4109 1839 4161 ille

258 4202 535 4268 ait:Quid
586 4202 705 4255 est?
762 4202 824 4254 Et
871 4200 1007 4254 dixit
1050 4201 1113 4253 ad
1147 4216 1266 4253 eum
1317 4202 1539 4268 angelus
1588 4200 1736 4253 Domi
1782 4201 1835 4253 i:

258 4292 392 4357 Quid
424 4303 508 4345 est
537 4292 591 4345 in
620 4306 778 4344 manu
817 4294 943 4343 tua?
977 4293 1065 4345 Ille
1092 4294 1205 4344 ait:
1233 4291 1393 4345 Funis
1424 4293 1737 4360 plectacius.
1777 4294 1839 4345 Et

258 4384 393 4436 dixit
422 4383 491 4436 ad
514 4397 635 4436 eum
671 4384 892 4451 angelus
926 4383 1133 4436 Domini
1164 4399 1178 4435 :
1205 4384 1371 4436 Deum
1422 4384 1717 4447 excelsum,
1751 4384 1838 4451 qui

257 4474 464 4527 habitat
493 4474 546 4527 in
574 4475 733 4538 cmlo,
767 4474 949 4526 nosti?
998 4474 1342 4528 Posthumius
1385 4475 1516 4527 dixit
1545 4492 1560 4527 :
1596 4475 1839 4537 Domine,

258 4564 439 4617 nescio
482 4566 526 4617 si
560 4574 642 4618 est
675 4564 819 4619 Deus
853 4566 902 4619 in
951 4566 1121 4629 cmlo;
1156 4581 1271 4618 sum
1316 4567 1455 4620 enim
1488 4567 1737 4631 rusticus,
1790 4577 1843 4619 et

255 4657 397 4707 nulla
424 4665 513 4709 eSt
540 4655 671 4708 mihi
693 4656 973 4722 sapientia.
1007 4657 1118 4709 Arti
1146 4672 1277 4709 mea:
1307 4656 1539 4709 inservio
1565 4656 1633 4709 ab
1666 4657 1841 4709 infan-

254 4748 323 4798 tia
355 4760 508 4812 mea,
556 4756 611 4800 et
642 4746 771 4799 nihil
804 4744 872 4799 ab
904 4750 1119 4802 urbanis
1166 4748 1467 4802 hominibus
1496 4749 1669 4802 audivi
1701 4752 1841 4818 quod

254 4840 549 4905 discerem,
596 4839 688 4893 sed
738 4848 789 4891 et
834 4839 1101 4907 publicum
1148 4854 1359 4908 semper
1390 4840 1497 4909 fugi
1546 4854 1841 4894 accessum.

258 4927 398 4979 Dixit
430 4926 496 4979 ad
530 4940 651 4980 eum
675 4927 900 4995 angelus
929 4944 942 4979 :
972 4927 1075 4980 Ora
1110 4928 1296 5005 Deum,
1325 4936 1380 4981 et
1406 4928 1620 4981 dabitur
1642 4928 1734 4981 tibi
1760 4944 1845 4982 sa-

258 5017 457 5082 pientia
492 5025 548 5070 et
578 5016 904 5071 intellectus.
957 5016 1299 5071 Posthumius
1342 5015 1515 5071 dixit:
1541 5018 1707 5071 Deum
1740 5034 1843 5071 non

1943 3835 2303 3898 manifestum,
2340 3842 2397 3886 ut
2420 3825 2789 3903 populum‘tihi
2815 3852 3164 3909 congregaret
3188 3858 3248 3896 ex
3278 3841 3528 3900 omnibus

1941 3926 2190 3993 gentibus
2221 3926 2549 3991 adeptivum.
2587 3925 2716 3979 Nam
2750 3929 2933 3982 volens
2976 3932 3176 3984 mundo
3210 3949 3524 3990 succurrere

1944 4016 2127 4070 labore
2160 4017 2444 4080 laboranti,
2496 4027 2713 4085 propter
2762 4022 2973 4087 generis
3021 4023 3236 4077 humani
3268 4029 3521 4094 salutem,

1941 4107 2102 4160 unico
2134 4107 2269 4159 Filio
2302 4124 2407 4160 non
2441 4110 2749 4175 pepercisti.
2783 4110 2884 4163 Per
2905 4125 3026 4164 eum
3055 4128 3181 4182 ergo
3207 4124 3257 4169 te
3280 4117 3528 4181 obsecro,

1946 4208 1999 4250 et
2028 4206 2169 4250 tuam
2202 4200 2646 4263 misericordiam,
2688 4210 2743 4254 ut
2774 4202 2903 4256 mihi
2944 4219 3087 4259 czeco
3115 4222 3297 4261 verum
3348 4209 3528 4265 lumen

1946 4290 1998 4341 in
2030 4290 2261 4343 tenebris
2309 4291 2599 4344 constituto
2642 4294 2912 4347 ostendas.
2962 4294 3039 4348 Tu
3073 4298 3244 4361 enim,
3280 4294 3527 4361 Domine,

1946 4380 2083 4432 nosti
2115 4381 2238 4447 quia
2271 4381 2470 4434 nullum
2497 4382 2734 4435 sciebam
2764 4386 2983 4436 omnino
3015 4400 3340 4449 sermonem,
3368 4398 3421 4442 et
3447 4388 3527 4440 di-

1946 4479 2134 4538 gnatus
2164 4487 2222 4525 es
2251 4471 2451 4526 donare
2482 4474 2619 4540 quod
2652 4473 2900 4540 loquerer
2921 4475 2984 4526 ad
3011 4484 3080 4537 te,
3111 4484 3163 4527 et
3186 4476 3411 4529 docuisti
3432 4494 3518 4529 mo

1952 4562 2145 4629 quibus
2194 4570 2247 4615 te
2276 4576 2540 4630 rogarem.
2576 4562 2657 4615 Ex
2710 4578 2794 4615 me
2824 4563 2940 4630 ip~0
2970 4578 3266 4632 cognosco,
3303 4564 3528 4621 Domine

1948 4653 2089 4707 Deus
2116 4666 2299 4718 meus,
2344 4654 2467 4722 quia
2497 4668 2621 4707 vere
2664 4654 2792 4707 caaci
2832 4652 3047 4719 vident,
3078 4652 3227 4708 surdi
3269 4655 3524 4720 audiunt,

1948 4752 2216 4796 mutorum
2248 4743 2442 4811 lingua:
2469 4744 2770 4807 solvuntur,
2819 4743 2993 4797 claudi
3026 4744 3321 4809 ambulant,
3352 4746 3529 4815 lepro-

1950 4833 1995 4885 si
2048 4830 2397 4895 mundanlur,
2458 4846 2721 4900 pauperes
2769 4834 3225 4901 evangelizantur,
3284 4844 3530 4902 peccato.

1950 4936 2037 4976 res
2088 4930 2345 4975 vocantur
2394 4920 2610 4991 (Matth.
2645 4924 2744 4991 XI).
2775 4923 2903 4987 Quis
2934 4939 3079 4976 eram
3129 4940 3261 4991 ego,
3293 4927 3414 4994 quia
3448 4940 3531 4979 re-

1950 5014 2200 5067 cordatus
2221 5029 2279 5068 es
2309 5016 2447 5067 mei?
2490 5015 2546 5068 In
2576 5030 2682 5084 quo
2706 5016 2957 5083 prmvalet
2988 5016 3125 5082 apud
3168 5024 3219 5069 te
3250 5019 3528 5086 pusillani-

257 5110 377 5161 novi
412 5125 591 5171 orare,
624 5110 805 5162 nescio
835 5110 974 5163 enim
1022 5111 1145 5177 quid
1176 5110 1371 5163 dicam.
1410 5111 1474 5163 Et
1518 5110 1722 5175 accepit
1750 5127 1844 5163 an-
1874 5086 1920 5147 ί)
1954 5105 2110 5158 mitas
2140 5118 2277 5167 mea.
2310 5105 2429 5171 quia
2462 5106 2729 5171 reuuisisti
2783 5104 2903 5158 me?
2931 5104 3107 5169 Quare
3138 5122 3277 5160 nunc
3324 5119 3444 5176 peto
3469 5120 3529 5162 ut

254 5198 403 5263 gelns
433 5196 619 5249 folium
654 5197 785 5249 lauri
811 5237 823 5259 ,
853 5208 905 5249 et
936 5197 1150 5263 scripsit
1181 5197 1231 5248 in
1260 5210 1325 5249 eo
1354 5196 1515 5249 verba
1545 5196 1838 5259 orationis,

255 5300 306 5339 et
337 5288 489 5340 dedit
520 5286 649 5340 illud
682 5286 1019 5350 Posthumio,
1052 5288 1239 5340 dicens
1273 5304 1285 5337 :
1318 5287 1575 5341 Manduca
1608 5287 1757 5352 illud,
1791 5297 1846 5341 et

256 5381 357 5431 crit
388 5392 632 5431 amarum
663 5378 715 5430 in
758 5391 851 5431 ore
882 5388 975 5431 tuo
1003 5378 1138 5430 sicut
1171 5376 1238 5429 fel
1266 5417 1281 5441 ,
1311 5386 1660 5443 ventremque
1695 5387 1841 5430 tuum

259 5469 501 5533 implebit
531 5468 995 5522 obsecrationibus
1029 5469 1326 5534 sapientiae,
1362 5477 1415 5521 et
1441 5467 1589 5520 dabit
1618 5467 1710 5519 tibi
1736 5467 1842 5520 for-

261 5579 399 5615 mam
431 5563 693 5615 orationis
723 5572 775 5613 et
805 5575 947 5613 same
992 5558 1269 5613 doctrinae.
1305 5560 1368 5613 Et
1392 5558 1657 5626 accipiens
1689 5558 1839 5612 Post-

260 5654 496 5719 humius,
534 5651 875 5705 manducavit
903 5668 915 5703 :
944 5658 997 5704 et
1028 5650 1222 5703 factum
1250 5660 1331 5705 est
1356 5664 1417 5703 os
1446 5652 1559 5719 ejus
1580 5664 1840 5704 amarum.

263 5742 431 5799 Porro
461 5750 658 5799 venter
684 5744 801 5813 ejus
832 5741 1109 5795 dulcedine
1140 5742 1384 5811 impletus
1416 5751 1520 5808 est,
1552 5748 1605 5795 et
1637 5740 1840 5809 magni~

1951 5210 1981 5248 a
2018 5182 2267 5249 sordibus
2304 5211 2391 5249 me
2422 5196 2607 5247 abluas
2640 5206 2978 5262 peccatorum
3012 5200 3265 5251 naturalis
3296 5202 3528 5253 miseria:

1953 5302 2107 5349 mere,
2133 5302 2250 5355 quae
2278 5302 2363 5339 me
2392 5287 2549 5353 longo
2581 5296 2824 5354 tempore
2858 5289 3079 5354 pressit;
3114 5289 3358 5343 vivebam
3383 5294 3525 5345 enim

1950 5377 2191 5429 eruditus
2222 5392 2250 5428 a
2283 5377 2593 5443 parentibus
2624 5377 2911 5431 infideliter
2942 5394 3091 5433 more
3109 5382 3383 5448 gentilium
3413 5391 3532 5436 tan-

1952 5482 2109 5535 quam
2141 5466 2319 5519 soeius
2346 5467 2731 5532 jumentorum.
2782 5467 2971 5543 Misisti
3005 5478 3058 5522 tu
3104 5469 3235 5524 mihi
3279 5472 3527 5540 angelum

1954 5571 2124 5625 tuum,
2145 5569 2208 5613 'et
2236 5558 2541 5624 percussisti
2573 5557 2744 5614 femur
2772 5577 2970 5626 meum,
3004 5564 3365 5633 aperuislique
3396 5564 3527 5615 mihi

1947 5665 2166 5705 saxeum
2200 5657 2404 5717 pectus.
2444 5648 2533 5702 Vae
2564 5654 2755 5705 tacenti
2790 5653 2855 5706 de
2884 5664 2968 5718 te,
2997 5654 3119 5720 quia
3150 5654 3287 5721 ignis
3318 5654 3526 5705 ustione

1950 5738 2243 5795 trucidatur
2274 5740 2327 5794 in
2376 5739 2782 5808 sempiternum.
2835 5742 2974 5797 Ecce
3003 5742 3054 5794 in
3104 5742 3256 5796 brevi
3298 5739 3525 5809 cognovi
