4010 6234
479 350 573 402 Eii

1504 333 1604 386 ne
1650 331 1824 385 vms
1869 308 2395 401 m'rttutttunsn
2441 331 2710 387 PRIMUS.

3611 384 3619 391 .
3646 332 3752 387 439

473 460 858 528 quoniam‘non
889 462 969 507 est
997 450 1246 521 gaudium
1292 448 1467 517 impiis
1511 445 1649 515 apud
1685 453 1757 508 te,
1790 458 1889 497 nec
1941 455 2063 510 pec-
2093 444 2143 501 Α
2172 444 2303 528 legis
2327 446 2560 515 tute,qni
2582 447 2709 499 mihi
2734 447 2783 500 in
2801 459 2963 500 carne
2982 446 3748 512 dominabatnr,subvertens:

475 546 746 605 caloribus
775 542 957 598 ltetitia
990 551 1108 610 post
1134 542 1337 594 obitum
1368 538 1583 599 veniet;
1617 538 1717 590 nisi
1747 535 1811 588 ad
1848 543 1899 588 te
1927 547 2057 586 enn-

473 646 767 700 vertentur,
800 633 926 688 salvi
970 646 1089 686 esse
1119 646 1221 685 non
1256 637 1496 697 possunt.
1558 627 1622 681 Et
1671 626 1922 694 quoniam
1956 639 2059 676 non

475 734 560 783 est
581 728 749 780 visum
793 725 883 777 tibi
927 721 1150 790 perdere
1173 735 1274 781 me,
1311 719 1536 772 Domine
1568 716 1873 784 redemptor
1896 711 2064 766 ltnmi~

479 819 645 873 litatis
675 829 838 878 meae,
871 812 1092 867 ostende
1116 810 1243 865 mihi
1272 811 1325 863 in
1357 810 1549 863 melius
1573 849 1588 874 ,
1618 818 1675 861 ut
1703 808 1752 859 in
1786 806 1942 873 pleno
1971 817 2047 857 co-

479 925 736 982 gnoscam
783 905 1063 961 Dominum
1095 912 1150 957 et
1196 902 1523 957 Salvatore'n
1577 900 1782 964 Jesum,
1830 908 1879 951 et
1910 895 2051 964 quod

478 1019 585 1056 non
609 1008 691 1056 est
710 998 845 1052 alius
875 997 1077 1064 absque
1106 1005 1155 1050 te
1174 1034 1188 1059 ,
1214 994 1302 1063 qui
1328 1006 1387 1047 es
1416 991 1727 1046 benedictus
1838 987 2056 1041 saecula.

481 1094 605 1149 Haec
645 1090 816 1145 oratio
854 1086 1024 1141 sancti
1050 1083 1347 1140 PoSIhumi‘i
1394 1083 1596 1150 prima,
1628 1095 1722 1148 per
1741 1093 1902 1147 quam
1939 1090 2060 1131 eum

478 1183 774 1239 introduxit
822 1178 1043 1249 angelus
1087 1175 1297 1229 Domini
1349 1151 1586 1227 ad'viam
1619 1169 1740 1223 lidei
1780 1168 2061 1236 requiren-

478 1275 620 1328 dam.

550 1361 682 1415 Car.
715 1359 803 1413 IV.
833 1355 1053 1411 —Erat
1097 1354 1333 1409 intentus
1360 1367 1427 1408 ex
1474 1352 1575 1406 hoc
1617 1352 1802 1406 beatus
1833 1349 2062 1404 Posthu-

481 1456 642 1521 mius,
674 1452 886 1523 quando
912 1451 979 1506 ad
1023 1466 1145 1506 eum
1176 1448 1394 1518 angelus
1422 1445 1631 1500 Domini
1661 1458 1905 1498 remeare
1935 1455 2061 1511 pos-

478 1553 602 1601 set:
628 1545 794 1598 fretus
821 1558 886 1597 ex
920 1541 1021 1594 hoc
1047 1539 1321 1608 sperabat,
1372 1536 1515 1606 quod
1546 1549 1689 1590 esset
1719 1548 1840 1587 eum
1876 1532 2063 1586 Domi-

481 1652 580 1692 nus
605 1648 819 1704 semper
844 1632 1179 1687 visitaturus.
1209 1630 1342 1685 Cum
1368 1637 1545 1684 autem
1575 1627 1725 1697 pauci
1755 1626 1870 1679 dies
1894 1637 2061 1680 trans-

480 1728 669 1793 issent,
718 1739 843 1780 ecce
896 1720 1238 1777 Posthumius
1265 1721 1416 1788 juxta
1445 1716 1884 1772 consuetudinem
1916 1729 2064 1767 suam

2164 549 2191 585 a
2221 512 2473 590 sordibus
2488 512 2651 603 aqua,
2683 536 2915 606 Spiritus
2937 537 3104 591 sancti
3135 539 3561 606 regeneratione;
3595 555 3749 595 utun-

2162 625 2322 680 dasti.
2374 626 2632 697 Loquitur
2682 630 2735 683 in
2768 643 2853 683 me
2880 629 3058 683 anima
3092 638 3365 691 renovata,
3418 645 3539 698 qua:
3592 631 3752 701 longe

2166 727 2407 786 tempore
2432 719 2570 774 inter
2601 733 2729 774 oves
2754 720 2991 788 perditas
3010 720 3227 790 jacebat
3250 719 3479 787 abiecta.
3515 723 3754 793 Accepto

2164 810 2318 877 signo
2351 811 2564 864 laetatus
2594 825 2713 866 sum
2744 812 2895 880 quasi
2926 813 3157 866 nominis
3186 813 3360 881 magni
3389 828 3623 870 :census
3650 817 3754 871 im-

2165 900 2431 967 peratoris
2460 900 2541 969 (5)
2568 901 2723 956 militi
2745 901 2909 957 inﬁxo
2928 912 3210 971 reparatur
3233 902 3289 957 itt
3312 903 3561 973 gratiam.
3584 906 3754 974 Quasi

2164 999 2342 1044 metus
2371 991 2551 1060 accepi
2599 1006 2808 1047 vocem.
2838 991 3006 1062 Loqui
3035 991 3197 1061 cupio
3228 992 3350 1047 ﬁliis
3376 994 3504 1065 tuis,
3558 1008 3615 1051 et
3661 998 3754 1067 Ity-

2171 1098 2353 1136 mnum
2397 1098 2619 1138 narrare
2664 1084 2718 1138 in
2764 1084 3123 1153 confessione,
3174 1084 3425 1154 quoniam
3471 1086 3751 1143 absolvisti

2167 1178 2436 1246 captivum
2477 1186 2817 1247 migrantem.
2846 1176 3093 1245 Quasiin
3147 1177 3369 1233 stultum
3402 1193 3498 1247 per
3536 1180 3752 1248 sapien-

2166 1269 2320 1333 tiam,
2350 1269 2512 1324 vitam
2541 1269 2774 1337 donasti,
2819 1278 3064 1338 egentem
3096 1269 3297 1334 ditasti,
3350 1280 3619 1325 mortuum
3668 1288 3751 1327 re-

2164 1360 2454 1424 suscitasti,
2488 1362 2646 1429 longe
2674 1362 2903 1431 positum
2952 1360 3383 1432 appropinquare
3429 1372 3534 1418 tua;
3586 1365 3750 1433 maje-

2163 1452 2289 1504 stati
2319 1449 2519 1510 fecisti.
2563 1453 2795 1507 alienum
2823 1468 2851 1506 a
2880 1454 3286 1509 conversatione
3319 1452 3513 1520 lsrael,
3544 1456 3750 1511 socimn

2164 1551 2470 1597 sanctorum
2502 1551 2710 1597 tuorum
2743 1558 2836 1612 per
2865 1542 3061 1599 Christi
3093 1545 3318 1613 gratiam
3361 1560 3480 1601 esse
3513 1547 3748 1601 voluisti.

2166 1630 2290 1685 ldeo
2317 1632 2577 1689 conﬁteor
2618 1633 2729 1703 tibi,
2780 1642 2838 1689 et
2880 1634 3140 1705 psalmum
3182 1636 3357 1691 dicam
3403 1639 3607 1695 nomini
3640 1650 3750 1707 tun,

2167 1740 2287 1779 cum
2317 1740 2403 1781 me
2432 1726 2681 1783 docueris
2724 1727 2997 1793 ordinem;
3027 1727 3249 1796 psallam
3282 1729 3399 1792 tibi,
3447 1740 3501 1785 et
3534 1731 3750 1786 benedi-

484 1816 670 1871 restitn
700 1812 982 1883 torquebat
1003 1826 1069 1867 ex
1098 1811 1285 1879 junco.
1314 1811 1381 1864 Et
1404 1809 1675 1878 ingressus
1704 1806 1925 1876 angelus
1957 1804 2060 1857 Do-

2180 1824 2281 1863 :am
2302 1809 2514 1863 nomini
2527 1817 2622 1863 tuo
2642 1811 2698 1864 in
2715 1818 3009 1872 maternum,
3023 1805 3153 1861 etin
3170 1806 3371 1861 saecula
3387 1806 3743 1861 saeculorum.

486 1909 618 1964 mini
665 1905 732 1961 ad
771 1920 918 1969 eum,
945 1905 1059 1959 ait:
1084 1904 1222 1969 Ave,
1249 1901 1547 1958 Posthumi.
1583 1901 1878 1966 Statimque
1900 1911 2064 1965 pave-

481 1998 656 2054 factus
699 1996 936 2053 surrexit
974 1993 1337 2049 Posthumius.
1377 1993 1445 2047 Et
1486 1993 1560 2046 ait
1585 1991 1663 2045 illi
1690 1989 1911 2058 angelus
1937 2004 1949 2041 :
1976 1986 2066 2039 Vis

482 2091 672 2146 ducam
706 2098 757 2144 te
785 2089 853 2143 ad
895 2088 1068 2143 virum
1098 2087 1431 2141 sacerdotem
1461 2085 1577 2151 Dei,
1607 2082 1697 2153 qui
1747 2091 1801 2137 te
1831 2081 2066 2149 baptizet

482 2182 537 2236 in
567 2180 783 2235 nomine
828 2177 997 2232 Patris
1024 2184 1080 2232 et
1108 2176 1232 2231 Filii
1281 2186 1334 2232 et
1378 2175 1605 2244 Spiritus
1635 2171 1841 2228 sancti?
1871 2168 1938 2224 Et
1974 2185 2065 2224 re-

483 2271 697 2340 spondit
726 2269 1069 2326 Posthumius
1094 2286 1108 2322 :
1137 2268 1364 2323 Domine
1392 2267 1465 2320 mi
1498 2275 1681 2347 sancte
1708 2265 1823 2329 Dei,
1854 2263 1957 2318 hoc
1986 2271 2070 2317 est

485 2362 613 2418 mihi
643 2360 878 2430 optabile
902 2359 1305 2428 jucundumque
1330 2357 1511 2423 valde,
1541 2352 1787 2441 utxpleue
1814 2369 1898 2409 me
1924 2355 2068 2408 viam

486 2454 685 2510 doceas
714 2451 831 2516 Dei,
860 2459 915 2506 et
940 2463 1060 2520 qua:
1088 2449 1159 2503 sit
1183 2447 1419 2517 perfecta
1445 2447 1591 2501 salus
1622 2460 1841 2515 operum
1876 2459 2069 2514 super-

489 2556 704 2599 norum.
737 2541 805 2595 Et
832 2536 1183 2609 apprehendit
1209 2553 1333 2593 eum
1364 2537 1582 2607 angelus
1605 2527 1821 2591 Domini
1850 2550 1880 2589 a
1909 2534 2057 2589 verti-

486 2649 552 2690 ce
579 2633 752 2703 capilli
801 2630 992 2699 capitis
1040 2629 1178 2699 ejus,
1226 2637 1282 2684 et
1327 2629 1477 2684 duxit
1502 2644 1622 2683 eum
1668 2628 1735 2683 ad
1785 2627 2068 2699 quemdam

487 2724 705 2782 nomine
748 2721 988 2776 Priscum
1034 2718 1153 2792 (4),
1201 2728 1442 2775 sanctum
1473 2720 1643 2774 virum
1694 2729 1751 2774 et
1796 2720 2069 2774 timentem

488 2814 684 2871 Deum.
737 2810 930 2880 Aitqtte
975 2811 1052 2864 illi
1082 2826 1096 2864 :
1129 2810 1277 2865 llunc
1302 2811 1435 2865 doce
1483 2826 1602 2879 qua:
1628 2811 1697 2865 sit
1729 2810 1810 2865 via
1842 2810 2070 2874 Domini,

489 2904 766 2976 sapientia:
794 2913 849 2957 et
878 2901 1213 2967 intellectus,
1260 2914 1313 2956 et
1342 2901 1547 2970 baptiza
1593 2915 1715 2957 eum
1761 2901 1813 2954 in
1858 2900 2075 2956 nomine

492 2997 664 3052 l’atris
691 3005 746 3051 et
776 2994 893 3050 Filii
923 3002 979 3050 et
1005 2994 1234 3064 Spiritus
1265 2992 1456 3048 sancti.
1491 2993 1659 3047 Porro
1685 2992 1939 3048 sacerdos
1970 2992 2071 3045 Do-

492 3087 619 3142 mini
650 3086 894 3152 audiens,
923 3086 1216 3155 gratulatus
1244 3093 1327 3140 est
1352 3084 1536 3150 valde;
1566 3083 1662 3141 sed
1689 3084 1940 3141 sacerdos
1968 3099 2071 3140 non

2226 1899 2692 1971 (Πυκνὶ-235
2705 1900 3051 1973 lgiturPosth
3060 1900 3245 1955 umius
3259 1899 3588 1970 baptismum
3607 1916 3744 1957 con-

2165 2003 2412 2059 secutus,
2427 1995 2643 2050 litteras
2660 1994 2970 2060 nesciebat;
2992 1993 3087 2049 sed
3104 2004 3288 2048 tamen
3299 2008 3496 2049 nomen
3513 1994 3744 2049 Domini

2170 2086 2300 2140 ﬁdei
2337 2092 2632 2156 augmento
2660 2095 2716 2141 et
2738 2087 2938 2142 robore
2968 2086 3037 2141 de
3071 2085 3161 2141 die
3192 2087 3248 2140 in
3267 2086 3412 2141 diem
3431 2087 3743 2142 crescebat.

2166 2176 2594 2231 Accendebatur
2609 2176 2868 2232 fraterna:
2885 2177 3069 2233 studio
3085 2178 3395 2245 charitatis,
3413 2178 3747 2235 humilitatis

2166 2268 2393 2324 vinculo
2409 2270 2479 2323 ad
2505 2269 2793 2325 universos
2804 2270 3096 2341 colligatus
3112 2271 3521 2328 fueratfratres.
3552 2272 3750 2329 Chari-

2170 2362 2300 2416 tatis
2323 2362 2515 2431 jugum
2538 2361 2892 2417 vehementer
2910 2363 3128 2418 amabat
3150 2382 3163 2417 :
3182 2367 3536 2435 cunctosque:
3548 2365 3753 2421 fratres

2173 2453 2272 2523 qui
2316 2452 2585 2517 aderant,
2640 2452 2891 2508 ecclesia:
2920 2454 3168 2523 proxima
3195 2457 3315 2512 loca
3344 2457 3748 2523 inhabitantes,

2169 2544 2407 2600 sollicite
2430 2547 2770 2615 requirebat.
2795 2546 3052 2602 Studiose
3075 2549 3318 2617 psalmos
3346 2549 3601 2617 dicebat;
3630 2566 3752 2605 cor-

2171 2650 2275 2704 pus
2301 2652 2436 2692 vero
2468 2652 2631 2692 suum
2669 2638 2897 2709 jejuniis
2949 2639 3249 2711 affligebat,
3282 2641 3340 2695 in
3374 2641 3629 2698 oratione
3654 2643 3750 2697 Dei

2172 2727 2424 2796 quotidie
2472 2730 2839 2798 pernoctabat
2886 2731 3145 2801 Agrestes
3174 2731 3373 2787 edebat
3414 2733 3641 2795 herbas.
3697 2744 3754 2789 et

2173 2827 2376 2883 aquam
2402 2812 2658 2885 frigidam
2686 2816 2932 2872 bibebat.
2948 2817 3145 2874 Cilicio
3168 2834 3372 2890 corpus
3388 2832 3644 2891 opertum
3671 2824 3753 2878 fa-

2174 2904 2403 2975 tigabat,
2427 2921 2526 2975 per
2549 2922 2800 2962 eremum
2820 2924 3078 2976 currens,
3102 2920 3163 2966 ut
3183 2912 3449 2967 miserum
3475 2913 3755 2984 frangeret

2177 3007 2407 3064 corpus,
2428 3009 2684 3051 asserens
2700 3012 2822 3052 esse
2844 3006 3157 3067 peccatum,
3174 3001 3471 3071 aliquando
3490 3004 3562 3059 ab
3588 3019 3756 3073 opere

2174 3085 2219 3139 si
2249 3094 2520 3142 vacasset.
2548 3087 2954 3145 Verbositatem
2977 3092 3255 3147 sermonis
3280 3094 3531 3160 cavebat,
3555 3095 3759 3151 divinis

496 3177 760 3232 intellexit
788 3175 1033 3245 angelum
1082 3174 1176 3229 Dei
1206 3189 1346 3241 esse,
1379 3177 1467 3244 qui
1520 3175 1813 3230 introduxit
1856 3190 1977 3230 eum
2010 3174 2075 3228 ad
2104 3162 2152 3224 C
2175 3176 2333 3232 libris
2350 3180 3242 3254 accommodabataurem,jurare
3268 3187 3496 3241 omnino
3515 3187 3759 3242 detesta-

496 3284 575 3325 se.
607 3268 905 3336 Statimque
932 3265 1154 3336 angelus
1186 3266 1237 3319 in
1287 3264 1564 3335 splendida
1614 3273 1856 3320 mutatus
1900 3264 2077 3335 effigie

497 3359 709 3414 refulsit
735 3358 789 3412 in
821 3356 1011 3412 faciem
1038 3355 1332 3411 sacerdotis
1358 3355 1410 3409 in
1438 3355 1575 3412 albis
1603 3357 1865 3420 vestibus,
1899 3358 2079 3410 vultu-

499 3467 600 3522 que
630 3451 849 3505 decoro.
881 3449 1032 3503 Tunc
1049 3449 1249 3504 Christi
1276 3449 1527 3504 sacerdos
1554 3449 1743 3502 timore
1770 3448 2082 3518 perterritus

494 3540 693 3599 cecidit
732 3548 1107 3596 consternatus
1158 3539 1211 3593 in
1258 3546 1420 3595 terra.
1472 3538 1814 3609 Rursumque
1863 3540 2082 3609 angelus

503 3634 679 3690 erexit
711 3648 855 3699 eum,
888 3642 943 3687 et
967 3632 1042 3686 ait
1067 3649 1079 3683 :
1105 3630 1184 3686 Ne
1213 3632 1437 3696 timeas;
1468 3645 1760 3686 conservus
1786 3632 1927 3687 enim
1961 3640 2082 3687 tuus

500 3730 559 3779 et
602 3723 840 3777 omnium
886 3720 1108 3776 fratrum
1149 3728 1362 3775 tuorum
1406 3734 1506 3791 ego
1549 3735 1667 3776 sum
1716 3721 1898 3793 (Apoc.
1922 3720 2081 3791 xm).

503 3815 751 3883 Oportuit
779 3813 919 3867 enim
951 3811 1048 3867 tibi
1072 3810 1413 3866 manifestare
1437 3812 1658 3880 gloriam
1691 3811 1783 3866 Dei
1811 3813 2000 3877 nostri,
2026 3820 2087 3866 ut.

501 3907 643 3963 scias
663 3919 768 3976 quo
790 3902 949 3960 modo
971 3904 1113 3958 hunc
1132 3903 1328 3960 doceas
1349 3902 1569 3959 verbum
1589 3902 1820 3968 Domini,
1836 3904 2085 3958 erudiens

505 4014 629 4053 eum
654 3996 946 4051 secundum
970 3995 1320 4050 salvationem
1343 3995 1478 4064 ejus,
1509 4005 1566 4049 ut
1590 3995 1732 4049 vivat
1750 3999 1802 4050 in
1825 4005 2084 4051 maternum

505 4102 685 4144 coram
721 4086 966 4141 Domino.
1012 4085 1136 4141 Hmc
1162 4086 1367 4151 dicens,
1398 4086 1644 4141 discessit
1670 4088 1738 4142 ab
1766 4087 1868 4142 eis.

579 4176 707 4232 CAP.
740 4177 805 4231 γ.
829 4206 901 4217 -
920 4174 1134 4232 Priscus
1158 4186 1331 4232 autem
1354 4178 1637 4248 episcopus
1658 4191 1881 4245 accepto
1901 4193 2085 4234 secum

510 4267 842 4332 Postltumio,
867 4267 1049 4322 docuit
1072 4282 1193 4322 eum
1216 4267 1483 4338 jejunare.
1512 4269 1606 4324 Cui
1642 4284 1855 4323 manum
1912 4270 2089 4336 impo-

512 4373 666 4422 nens.
693 4357 1137 4413 catechttmenum
1165 4358 1320 4425 fecit;
1349 4369 1509 4429 atque
1537 4360 1610 4414 ita
1642 4362 1895 4415 velociter
1916 4361 2089 4428 bapti-

510 4451 669 4516 zavit,
702 4450 903 4505 docens
931 4464 1055 4505 eum
1096 4449 1397 4520 symbolum
1426 4450 1781 4507 Sacratnenti.
1812 4450 1912 4516 Qui
1939 4467 2084 4521 mox,

508 4553 567 4598 ut
597 4540 901 4611 baptizatus
927 4549 1030 4608 est,
1064 4516 1318 4609 impletus
1340 4550 1423 4596 est
1449 4539 1653 4611 Spiritu
1683 4552 1890 4611 sancto,
1919 4550 1973 4597 et
2001 4516 2087 4597 di;
2117 4516 2169 4578 D

510 4633 587 4689 xit
618 4634 757 4687 hanc
803 4630 1101 4687 orationem
1129 4643 1148 4684 :
1173 4630 1387 4686 Gratias
1426 4632 1519 4687 tibi
1553 4647 1684 4703 ago,
1718 4632 1937 4689 Domine
1961 4634 2089 4689 Jesu

508 4723 743 4791 Christe,
792 4721 881 4791 qui
914 4735 1009 4789 per
1038 4720 1296 4791 Spiritum
1344 4733 1586 4778 sanctum
1634 4725 1979 4781 reconciliare
2005 4740 2091 4781 me

510 4814 758 4884 dignatus
781 4825 843 4869 es
872 4810 983 4867 Deo
1009 4808 1177 4877 Patri,
1208 4822 1260 4867 et
1287 4812 1560 4869 redemisti
1592 4829 1678 4870 me
1718 4830 1747 4869 a
1779 4828 1951 4872 morte
1979 4824 2033 4871 et
2058 4832 2089 4871 a

511 4920 669 4975 poma
696 4913 894 4960 eterna
922 4919 938 4958 :
965 4918 1122 4974 quam
1153 4918 1259 4959 non
1280 4906 1559 4962 credentes
1589 4908 1641 4962 in
1669 4919 1722 4964 te
1749 4923 2089 4979 consequun-

515 5007 625 5063 tur,
657 5004 1004 5065 peccatorum
1032 5009 1250 5050 suorum
1282 4996 1608 5066 ponderibus
1636 5001 1928 5070 aggravati.
1957 5002 2094 5056 Sunt

517 5093 693 5139 autem
719 5093 938 5152 peccata
959 5083 1178 5154 plumbo
1197 5084 1464 5156 graviora,
1487 5087 1679 5156 quibus
1709 5102 1809 5159 ego
1830 5092 1982 5145 laetor
1998 5105 2096 5145 ex-

518 5182 743 5241 tractus,
766 5182 822 5227 et
844 5172 913 5227 de
932 5174 1182 5228 omnibus
1214 5175 1578 5245 iniquitatibus
1605 5186 1661 5233 et
1689 5181 2095 5238 necessitatibus

518 5263 793 5327 liberatus,
805 5263 1012 5320 exulto.
1034 5264 1172 5321 Vere
1182 5268 1322 5321 enim
1340 5283 1687 5337 personarum
1702 5272 1942 5341 acceptio
1954 5275 2094 5342 apud

518 5360 806 5415 Deutnnon
842 5363 924 5408 est
976 5353 1199 5426 (Act.x),
1251 5356 1346 5412 sed
1388 5360 1752 5414 misericordia
1798 5361 2093 5432 multiplex.

514 5442 794 5511 Quomodo
816 5444 974 5516 igitur
993 5445 1242 5516 indignus
1253 5461 1356 5516 ego
1371 5448 1437 5503 ad
1452 5451 1605 5505 sedes
1622 5450 1933 5507 accederem
1955 5468 2101 5508 crea-

516 5539 652 5587 tura:
674 5543 811 5601 tuae,
845 5536 946 5591 nisi
969 5544 1024 5590 tu
1055 5550 1141 5590 me
1158 5535 1364 5590 caelesti
1388 5536 1554 5606 digito
1586 5547 1864 5609 tangeres,
1898 5544 2094 5598 frenum

519 5625 659 5680 tuale
680 5627 908 5692 aridum,
938 5626 1079 5693 quod
1102 5625 1155 5679 in
1186 5628 1424 5695 corporis
1449 5630 1669 5685 materia
1697 5630 1941 5689 habitare
1964 5648 2097 5701 prae-

518 5719 774 5789 ceperas?
796 5718 1060 5774 velociter
1081 5716 1213 5773 mihi
1236 5718 1448 5775 voluisti
1470 5720 1758 5778 subvenire
1775 5763 1790 5790 ,
1823 5726 2095 5782 inimicum

2176 3267 2339 3322 batur
2369 3287 2382 3322 :
2411 3270 2680 3325 mundum
2707 3287 2766 3328 se
2789 3274 2848 3327 in
2873 3276 3025 3329 omni
3049 3276 3300 3331 oratione
3320 3293 3417 3332 sua
3438 3279 3758 3343 exhibebat,

2176 3358 2447 3430 plangere
2473 3376 2586 3416 non
2622 3363 2953 3419 desinebat:
2980 3382 3109 3420 nam
3151 3382 3278 3423 cum
3311 3368 3633 3439 frequentia
3664 3388 3759 3441 pa—

2177 3458 2392 3505 teretur
2431 3452 2489 3506 in
2525 3468 2756 3524 corpore
2798 3456 3111 3512 daemonum
3144 3467 3504 3527 tentamenta,
3536 3463 3604 3517 ad
3633 3474 3763 3518 nota

2177 3543 2493 3597 orationum
2519 3546 2777 3614 praesidia
2797 3550 3143 3605 convolabat.
3170 3551 3240 3605 Et
3260 3566 3330 3606 ne
3357 3553 3598 3622 amplius
3621 3570 3766 3609 somo

2179 3650 2251 3687 no
2285 3634 2572 3706 indulgere
2606 3638 2910 3708 videretur,
2938 3650 2999 3696 ut
3027 3644 3285 3699 mortalia
3321 3646 3573 3702 membra
3608 3647 3765 3701 fove-

2180 3731 2283 3786 ret,
2292 3726 2581 3793 paululum
2602 3744 2769 3799 super
2785 3745 2914 3786 saxa
2930 3734 3539 3803 requiescebat,utcum
3560 3740 3767 3797 duritia

2184 3813 2377 3869 lectuli
2409 3816 2703 3875 doloribus
2730 3831 2920 3892 ageret
2942 3838 3168 3895 corpus,
3192 3828 3379 3883 statim
3410 3830 3480 3885 ad
3500 3832 3598 3887 Dei
3618 3849 3769 3887 com-

2183 3918 2435 3977 surgeret
2470 3913 2880 3979 opus..Panem
2912 3916 3081 3971 etiam
3131 3933 3293 3974 suum
3336 3921 3407 3976 ad
3451 3940 3769 3981 mensuram

2182 3997 2509 4066 accipiebat,
2544 4010 2601 4056 et
2641 4017 2840 4074 aquam
2882 4006 2952 4060 ad
2987 4023 3304 4064 mensuram
3335 4012 3584 4070 bibebat.
3612 4017 3769 4071 Nun-

2184 4104 2347 4157 quam
2378 4092 2541 4160 pleno
2569 4106 2767 4153 ventre
2788 4114 2819 4153 a
2840 4115 3028 4155 mensa
3050 4102 3297 4169 recessit,
3323 4121 3430 4160 nec
3443 4108 3591 4162 sitim
3612 4124 3769 4164 suam

2186 4199 2430 4253 unquam
2449 4187 2922 4258 satiavit,dicens,
2948 4209 3059 4249 non
3089 4210 3213 4251 esse
3252 4198 3482 4269 dignum
3512 4200 3558 4255 si
3584 4202 3775 4257 carnis

2193 4276 2447 4332 voluntas
2476 4290 2625 4335 esset
2648 4281 2896 4352 impleta.
2937 4283 3321 4343 Obedientiam
3352 4305 3490 4346 vero
3522 4302 3578 4348 et
3609 4293 3769 4360 fecit,

2191 4374 2247 4420 et
2270 4366 2480 4435 docuit,
2507 4371 2775 4440 patientia
2797 4390 2934 4430 vero
2962 4378 3234 4447 superbos
3263 4390 3317 4435 et
3342 4380 3636 4437 iracundos
3662 4384 3769 4437 ho-

2191 4457 2371 4513 mines
2420 4460 2709 4517 humiliter
2762 4465 3059 4535 mitigavit.
3116 4468 3223 4524 Sed
3264 4470 3481 4539 quando
3534 4471 3769 4529 Satanas

2194 4552 2644 4620 suggestionibus
2668 4557 2785 4610 suis
2814 4558 3078 4627 cupiebat
3096 4562 3433 4630 propositum
3463 4562 3638 4632 ipsius
3664 4564 3775 4620 im-

2193 4639 2408 4709 pedire,
2439 4643 2632 4698 oculos
2650 4644 2707 4699 in
2723 4648 2927 4702 caelum
2956 4649 3197 4715 levabat,
3225 4660 3279 4706 et
3301 4652 3487 4706 statim
3517 4662 3778 4710 sanctum

2195 4729 2387 4786 adesse
2411 4732 2515 4787 sibi
2539 4737 2816 4793 sentiebat
2834 4740 3124 4797 auxilium.
3148 4743 3293 4798 Talis
3311 4744 3432 4815 ejus
3451 4744 3566 4801 vita
3600 4762 3780 4818 usque

2196 4821 2265 4876 ad
2304 4834 2582 4880 senectam
2629 4827 2753 4894 fuit,
2788 4832 2971 4899 qualis
3013 4834 3083 4889 ab
3129 4834 3289 4890 initio
3318 4835 3445 4901 fuit,
3489 4853 3617 4893 cum
3662 4840 3784 4898 haec

2194 4923 2523 4985 gererentur
2562 4917 2620 4972 in
2661 4933 2748 4985 eo,
2781 4930 2842 4975 ut
2872 4922 3099 4980 omnino
3140 4940 3318 4997 usque
3353 4927 3424 4983 ad
3447 4937 3782 4998 extremum,

2197 5020 2359 5061 suum
2386 5006 2695 5078 despiceret
2721 5025 2943 5083 corpus.

2266 5096 2337 5151 Et
2363 5095 2409 5151 si
2434 5094 2649 5163 quando
2702 5092 2985 5147 inﬁrmitas
3011 5086 3243 5145 febrium
3270 5094 3365 5142 aut
3392 5084 3653 5142 stomachi
3683 5083 3783 5139 do-

2196 5188 2341 5242 lores
2369 5184 2519 5257 gravi
2548 5190 2819 5239 tormento
2847 5195 2969 5237 eum
3013 5177 3318 5243 afﬁcerent,
3351 5192 3460 5233 non
3510 5174 3658 5233 dedit
3700 5176 3787 5229 in-

2193 5274 2521 5347 dulgentiam
2565 5276 2751 5328 morbo
2787 5267 3135 5334 inﬁrmitatis,
3164 5281 3268 5323 nec
3295 5268 3494 5323 calidis
3533 5281 3661 5321 usus
3702 5275 3788 5319 est

2200 5367 2380 5430 rebus,
2414 5378 2513 5419 nec
2538 5361 2740 5433 ieiunia
2763 5359 3066 5424 minoravit,
3108 5356 3383 5412 atatimans
3407 5357 3551 5425 quod
3580 5356 3625 5410 si
3657 5369 3788 5409 eor-

2202 5456 2317 5525 pori
2344 5456 2520 5510 calido
2566 5453 2687 5508 cibo
2716 5452 3105 5511 consuleretur.
3139 5463 3171 5503 a
3216 5449 3448 5505 Domino
3478 5444 3789 5512 redemptio

2199 5549 2392 5602 animm
2424 5561 2529 5600 non
2555 5545 2794 5599 daretur.
2832 5539 2965 5596 Nam
2993 5543 3037 5595 si
3067 5539 3357 5609 aliquando
3382 5538 3633 5595 valetudo
3655 5551 3787 5607 gra—

2203 5640 2281 5691 vis
2302 5636 2493 5692 debilia
2524 5648 2695 5703 genua
2720 5632 2981 5703 fatigaret,
3006 5631 3075 5685 ita
3098 5639 3156 5685 ut
3196 5630 3265 5685 ad
3293 5632 3512 5701 vigilias
3552 5627 3792 5684 Posthu—

2202 5728 2339 5782 mins
2364 5736 2652 5792 exsurgere
2674 5736 2782 5778 non
2802 5720 3021 5784 valeret,
3054 5718 3261 5776 orando
3293 5728 3348 5776 et
3392 5716 3678 5787 ps'alleudu
3728 5716 3793 5775 ω
