4010 6230
234 347 337 401 ϊΞῦ

711 345 874 402 γιτΑ
916 346 1118 402 BEATI
1159 346 1544 411 POSTHUMII,
1587 345 1833 403 PATRIS
1872 349 2184 418 QUINQUE
2223 345 2504 404 MILIJUM
2543 349 3040 407 MONACIIUBUM.

3409 357 3510 410 4δῖ

232 471 404 515 stratu
435 474 538 512 suo
562 473 669 514 non
687 458 1057 513 desinebat.Si
1081 459 1252 528 lingua
1279 473 1384 527 prae
1407 459 1492 513 siti
1511 459 1822 522 siccaretur,
1858 467 1902 522 Α
1937 459 2074 512 Nihil
2102 475 2166 514 ex
2212 460 2313 514 hoc
2361 460 2701 516 Posthumius
2745 464 2953 518 locutus
3000 475 3082 520 est
3113 467 3383 533 Macario;
3419 475 3517 525 sed

233 551 412 607 cordis
439 549 629 602 intima
657 547 963 618 rugiebant,
991 563 1058 601 ne
1103 549 1318 602 silentio
1348 547 1465 615 ejus
1512 546 1684 601 hostis
1713 548 1827 600 anl-

234 656 335 696 ιλιαδ
365 637 618 692 diabolus
668 637 962 700 laetaretur,
996 646 1085 690 aut
1113 638 1164 690 in
1196 652 1362 704 opere
1385 637 1477 691 Dei
1504 637 1584 690 vir
1609 646 1826 690 sanctus

235 732 512 802 negligens
540 729 898 783 inveniretur.
932 727 1038 782 Sed
1080 742 1203 782 cum
1256 728 1312 781 in
1361 737 1466 780 tam
1516 726 1826 780 districtiori

235 825 337 878 vita
370 822 725 878 Posthumius
751 829 1119 890 permaneret,
1154 819 1221 874 ad
1253 820 1638 890 baptizatorem
1669 833 1825 872 suum

238 916 502 986 perrexit,
533 922 588 968 et
609 913 678 967 ab
706 927 772 968 eo
794 912 1308 966 commendatoriam
1337 911 1633 966 orationem
1663 924 1829 979 popo-

239 1009 366 1069 scit,
393 1015 452 1061 et
473 1006 591 1060 sine
613 1004 794 1072 aliquo
816 1003 961 1058 victu
987 1003 1152 1058 eremi
1176 1001 1364 1072 petivit
1391 1016 1618 1065 arcana;
1652 999 1829 1067 ibique

241 1099 408 1152 inulto
439 1107 684 1165 tempore
703 1093 1037 1157 demoratus,
1068 1094 1373 1147 innumeras
1412 1091 1710 1145 daemonum
1743 1090 1826 1143 in-

239 1189 403 1242 sidias
435 1185 678 1256 pertulit.
711 1184 818 1240 Sed
854 1184 1132 1248 Dominus,
1159 1183 1250 1250 qui
1279 1182 1346 1236 de
1377 1181 1578 1235 mundo
1601 1195 1827 1234 venera-

240 1278 399 1332 bilem
429 1284 774 1331 converterat
800 1274 997 1337 virum,
1025 1273 1262 1342 quotidie
1311 1287 1405 1326 cur
1445 1273 1562 1341 ejus
1586 1271 1828 1326 armabat

243 1370 307 1423 ad
345 1367 690 1422 sustinendas
713 1367 978 1420 versutias
1006 1365 1330 1419 dtemonum.

311 1478 445 1533 CAP.
471 1477 583 1532 Vll.
613 1507 684 1520 —-
705 1477 837 1533 Nota
891 1477 1051 1546 igitur
1078 1476 1213 1529 facta
1258 1487 1338 1528 est
1357 1484 1541 1529 sancto
1571 1473 1823 1540 Macario,

241 1572 448 1628 scilicet
479 1569 622 1625 beati
649 1569 870 1623 Antonii
897 1566 1183 1635 discipulo,
1216 1565 1552 1620 conversatio
1585 1564 1825 1618 Posthu-

245 1663 357 1726 mii,
388 1670 444 1716 et
465 1659 682 1715 celebre
710 1657 828 1728 ejus
859 1657 1054 1711 factum
1089 1665 1170 1710 est
1200 1671 1413 1720 nomen,
1432 1657 1714 1723 visumque
1743 1664 1825 1709 est

245 1756 316 1810 illi
343 1755 407 1808 ad
443 1756 586 1808 hunc
616 1754 767 1806 abire
816 1751 869 1804 in
898 1765 1164 1805 eremum.
1196 1749 1329 1802 Nam
1372 1749 1508 1802 idem
1561 1747 1823 1801 Macarius

1930 547 2056 603 dum
2086 548 2201 618 ejus
2229 550 2386 604 verba
2431 565 2613 604 secum
2656 551 2708 605 in
2758 553 2938 608 animo
2966 555 3222 619 volveret,
3250 558 3513 614 Macarius

1930 639 2108 693 emisit
2133 640 2414 708 spiritum;
2460 643 2746 712 statimque
2789 644 3109 713 pepulerum
3142 648 3326 715 ingens
3365 651 3515 705 turba

1931 731 2133 785 intente
2159 732 2224 784 ad
2257 732 2414 786 funus
2452 743 2695 788 currunt.
2730 733 2805 789 lbi
2843 736 3511 805 psallentiummultitudo,

1929 820 2157 876 diversis
2190 821 2506 891 hymnorum
2557 824 2794 888 vocibus,
2826 826 2979 894 quasi
3011 840 3118 880 uno
3168 842 3263 882 ore
3322 827 3508 882 laudes

1933 911 2040 966 Deo
2069 913 2361 978 canebant,
2384 913 2555 969 donec
2594 929 2789 984 corpus
2820 918 2886 970 ad
2939 918 3249 986 sepulcrum
3283 918 3515 973 deduce-

1931 1011 2078 1055 retur
2106 1001 2467 1058 humandum:
2496 1019 2653 1059 nemo
2681 1014 2859 1060 tamen
2905 1008 3253 1061 vehementer
3279 1005 3514 1074 dolebat,

1930 1105 1994 1146 eo
2024 1096 2162 1162 quod
2190 1103 2408 1149 sanctus
2433 1096 2690 1158 Macarius
2714 1106 2819 1149 tam
2851 1097 3105 1152 velociter
3134 1098 3514 1152 monasterium

1931 1184 2545 1255 relinqueret,quoniam
2603 1189 2856 1243 Dominus
2914 1190 3144 1244 similem
3203 1191 3250 1244 ei
3289 1190 3514 1245 Posthu-

1932 1276 2094 1330 mium
2118 1278 2264 1347 gregi
2294 1292 2389 1334 suo
2423 1280 2730 1349 magistrum
2761 1281 3085 1348 providerat.

1998 1367 2542 1423 CAP.Vlll.—Tribus
2561 1384 2687 1438 ergo
2715 1371 2898 1424 diebus
2933 1381 3051 1440 post
3080 1372 3252 1441 sancti
3297 1371 3513 1425 Macarii

1931 1457 2204 1512 decessum
2253 1459 2439 1513 orabat
2489 1460 2850 1529 Posthumius,
2878 1471 2935 1514 ut
2985 1463 3250 1528 acciperet
3279 1462 3346 1514 de
3371 1462 3510 1515 ccelo

1927 1544 2128 1602 fontem
2161 1548 2415 1601 doctrina:
2438 1563 2532 1616 per
2557 1548 2740 1604 Jesum
2766 1551 2818 1602 in
2848 1550 3047 1618 Spiritu
3080 1561 3284 1615 sancto,
3309 1560 3365 1603 ut
3390 1567 3514 1618 pos-

1927 1645 2006 1690 set
2033 1646 2231 1690 tantam
2265 1639 2581 1706 populorum
2625 1639 2864 1693 militiam
2912 1641 3105 1694 docere
3153 1641 3511 1709 prudentiam.

1927 1726 2110 1782 Tertio
2135 1728 2294 1798 igitur
2316 1728 2403 1783 die
2425 1729 2568 1784 venit
2589 1731 2655 1784 ad
2683 1745 2801 1786 eum
2832 1731 3128 1785 secundum
3158 1731 3510 1784 consuetudi-

244 1844 314 1898 ab
333 1845 526 1898 illustri
555 1844 674 1897 viro
719 1842 954 1896 Antonio
982 1839 1367 1894 monachorum
1422 1839 1534 1893 fere
1563 1840 1823 1907 quinqua-

1947 1833 2071 1884 Iem,
2100 1822 2188 1886 qui
2218 1835 2339 1874 eum
2370 1829 2709 1876 converterat
2729 1825 2969 1892 angelus,
2998 1833 3051 1879 et
3082 1825 3288 1878 locutus
3313 1835 3394 1879 est
3442 1824 3512 1878 ad

243 1936 386 2004 ginta
418 1933 584 1987 millia
633 1940 944 2001 susceperat
989 1929 1356 2000 gubernanda.
1390 1928 1640 1996 Ejusdem
1667 1928 1826 1995 igitur

245 2025 466 2079 Macarii
513 2025 686 2079 exitus
713 2023 779 2077 de
825 2022 1024 2076 saeculo
1058 2019 1542 2090 appropinquabat,
1567 2027 1620 2071 et
1644 2017 1824 2070 Domi-

242 2119 371 2173 niw
391 2118 564 2187 gregi,
584 2117 702 2185 quis
725 2123 841 2184 post
857 2114 972 2182 ejus
996 2126 1274 2168 excessum
1299 2110 1586 2178 magisterii
1614 2108 1828 2163 nomine

243 2211 656 2279 subrogaretur,
689 2208 1075 2274 inquirebatur.
1109 2204 1338 2259 Sanctus
1367 2203 1543 2270 itaque
1568 2201 1830 2256 Macarius

243 2318 372 2357 cum
417 2302 486 2355 ad
517 2310 757 2355 sanctum
789 2300 1016 2353 venisset
1050 2295 1436 2357 Posthumium,
1465 2293 1676 2359 excepit
1706 2306 1826 2344 eum

243 2394 503 2458 libenter,
538 2391 800 2460 praecipue
831 2389 980 2457 cujus
999 2389 1109 2457 jam
1153 2386 1220 2441 ab
1268 2384 1458 2454 angelo
1490 2383 1686 2436 famam
1739 2397 1820 2435 au-

245 2487 440 2540 dierat.
467 2483 586 2538 Non
616 2498 743 2552 ergo
798 2482 887 2537 ille
935 2489 995 2534 ut
1038 2482 1265 2550 hospes,
1295 2477 1388 2533 sed
1414 2477 1530 2544 ejus
1561 2474 1831 2529 subtiliter

247 2577 535 2645 explorare
557 2574 894 2643 propositum
923 2579 1165 2626 venerat.
1197 2570 1362 2624 Porro
1387 2566 1596 2620 Macarii
1633 2579 1822 2633 aspec-

249 2651 408 2733 tibus,
434 2666 735 2722 Posthumii
760 2664 1080 2734 complacuit
1110 2659 1466 2724 conversatio,
1489 2667 1543 2712 et
1559 2671 1680 2711 eum
1704 2669 1829 2710 sua-

247 2763 374 2816 dere
401 2761 588 2830 ccepit,
621 2771 680 2814 ut
708 2759 878 2813 sancti
915 2757 1133 2814 Antonii
1161 2754 1603 2808 anachoretarum
1637 2750 1832 2818 princi-

249 2855 328 2921 pis
349 2867 459 2908 non
500 2861 822 2922 gravaretur
847 2852 1063 2905 visitare
1100 2848 1374 2917 reliquias.
1410 2845 1514 2901 Sed
1541 2859 1659 2898 cum
1685 2841 1832 2897 omni

249 2947 446 3000 virtute
476 2945 819 3011 reniteretur,
842 2957 894 2998 et
911 2944 1059 2998 abire
1081 2941 1286 3008 penitus
1307 2938 1584 3000 noluisset,
1609 2937 1662 2990 in
1688 2949 1834 2990 som-

253 3038 333 3093 nis
392 3037 740 3092 Posthumius
787 3035 904 3090 sine
955 3034 1131 3104 aliquo
1162 3031 1500 3086 cunctamine
1530 3029 1607 3082 ire
1632 3027 1830 3094 jussus,

251 3129 444 3183 divnize
498 3127 871 3183 contradicere
927 3141 1033 3180 non
1081 3132 1289 3194 poterat
1337 3119 1833 3190 majestati.ltaque

1931 1927 2086 1978 eum;
2116 1913 2457 1968 etconstituit
2485 1928 2607 1968 eum
2654 1917 3097 1970 monasteriorum
3146 1916 3420 1970 doctorem
3453 1930 3507 1970 et

1932 2007 2247 2073 principem,
2278 2007 2330 2060 in
2358 2021 2478 2061 eum
2505 2011 2726 2062 lOCllﬂla
2753 2025 2857 2077 quo
2888 2008 3146 2062 Macarius
3177 2019 3510 2071 recesserat;

1929 2092 2180 2162 deditque
2237 2095 2285 2148 ei
2336 2095 2564 2150 formam
2611 2096 2965 2164 spiritualium
3011 2108 3427 2166 prmceptorum,
3457 2106 3514 2152 et

1929 2181 2078 2237 abiit.
2111 2183 2280 2238 Porro
2335 2184 2676 2239 Posthumius
2731 2186 3066 2256 congregatis
3097 2186 3346 2240 fratribus
3384 2200 3516 2240 cuo-

1929 2276 2048 2337 ctis.
2078 2277 2324 2343 aperiens
2354 2292 2416 2330 os
2437 2291 2612 2340 suum,
2645 2279 2850 2331 locutus
2877 2289 2959 2331 est
2982 2277 3078 2340 eis,
3106 2278 3295 2331 dicens
3327 2295 3342 2332 :

2000 2369 2215 2427 Audite.
2271 2368 2439 2436 filioli,
2475 2371 2694 2425 verbum
2725 2371 2866 2439 quod
2895 2371 3149 2425 Dominus
3196 2372 3405 2425 locutus
3433 2380 3518 2425 est

1932 2459 2102 2523 vobis,
2130 2460 2440 2527 praeclaram
2477 2469 2863 2528 praeceptorum
2889 2460 3152 2528 justitiam
3179 2468 3236 2515 et
3273 2461 3510 2514 charita-

1932 2553 1997 2606 tis
2044 2551 2278 2620 regulam
2309 2552 2555 2606 sensibus
2606 2551 2802 2606 nostris
2850 2552 3036 2607 volens
3064 2551 3367 2607 infundere.
3418 2553 3516 2606 Pa-

1932 2649 2081 2695 terna
2131 2642 2276 2696 enim
2327 2655 2463 2696 voce
2516 2640 2703 2710 loquor
2732 2640 2798 2695 ad
2827 2655 2923 2696 vos
2970 2641 3024 2694 in
3061 2639 3277 2695 nomine
3306 2641 3517 2695 Domini

1933 2732 2100 2786 nostri
2131 2731 2257 2786 Jesu
2295 2731 2516 2796 Christi,
2547 2741 2603 2786 et
2651 2731 2882 2800 Spiritus
2930 2731 3023 2786 Dei
3073 2732 3262 2785 nostri.
3321 2729 3519 2799 Accepi

1934 2822 2076 2877 enim
2099 2822 2321 2877 formam
2345 2823 2412 2877 de
2442 2835 2598 2878 manu
2620 2823 2817 2892 angeli,
2849 2834 2904 2876 ut
2931 2823 3104 2876 dicam
3129 2823 3372 2877 universa
3394 2839 3516 2892 quae

1935 2916 2225 2971 acciderint
2278 2919 2460 2971 sensui
2508 2931 2670 2982 meo,
2699 2917 2766 2970 ad
2809 2926 3040 2972 vestram
3082 2915 3512 2971 aedificationem.

1939 3010 2149 3063 lntente
2207 3008 2363 3077 igitur
2392 3010 2625 3078 praebete
2671 3023 2830 3064 aures
2862 3027 2873 3062 :
2912 3009 3053 3064 Deus
3082 3008 3199 3078 ipse
3243 3009 3520 3064 mandavit

1937 3099 2077 3169 quod
2100 3099 2167 3154 de
2193 3114 2285 3154 ore
2315 3113 2436 3155 meo
2473 3099 2735 3170 procedit.

254 3235 374 3274 cum
406 3219 639 3273 Macario
668 3217 974 3286 aggreditur
1003 3189 1134 3279 iter,
1169 3189 1565 3268 multitudinem
1614 3224 1837 3278 congrc-
1864 3191 1911 3253 Ο
2012 3192 2301 3286 “imaue”
2325 3191 2466 3286 enim
2487 3190 2733 3286 Imma“
2763 3189 3169 3259 εοηίωάετθῑίοι
3191 3189 3242 3244 in
3274 3189 3522 3245 omnibus

250 3309 482 3379 gationis
507 3309 921 3374 monachorum,
945 3321 1066 3375 quae
1086 3321 1114 3359 a
1143 3305 1259 3360 solo
1281 3303 1676 3373 gubernabatur
1729 3302 1835 3355 Ma-

251 3402 416 3463 cario,
453 3402 745 3468 ingressus,
769 3399 836 3454 de
863 3413 969 3468 quo
997 3411 1138 3464 saepe
1159 3396 1237 3466 (6)
1264 3394 1501 3448 diximus
1527 3407 1721 3461 corpus
1744 3407 1833 3446 se-

253 3492 448 3560 pelisse
475 3490 734 3562 magistri,
759 3505 881 3544 cum
911 3489 1130 3559 spiritus
1158 3487 1274 3551 eius
1304 3496 1523 3540 vocatus
1546 3496 1705 3539 estex
1736 3499 1836 3538 saa-

252 3582 371 3636 culo
385 3619 401 3634 .

322 3671 568 3737 Quicum
600 3684 658 3724 se
687 3669 741 3725 in
769 3679 1010 3725 extremo
1041 3670 1163 3723 vita:
1195 3667 1352 3721 istius
1392 3666 1698 3733 temporalis
1753 3681 1836 3720 as-
1889 3735 1892 3739 _

259 3765 480 3832 piceret,
513 3762 772 3817 advocato
791 3761 858 3814 ad
889 3776 948 3816 se
977 3773 1160 3814 sancto
1191 3755 1523 3819 Posthumio,
1557 3758 1625 3810 ita
1675 3771 1832 3810 exor-

253 3868 342 3906 sus
363 3862 448 3907 est
477 3853 527 3906 ei
557 3869 574 3908 :
604 3852 682 3906 En
714 3851 899 3916 frater,
933 3860 1140 3917 tempus
1183 3847 1523 3903 resolutionis
1576 3862 1708 3902 Inem
1756 3848 1838 3903 in-

254 3954 390 4006 stat;
426 3951 751 4012 quapropter
779 3941 998 3995 audiens
1026 3942 1225 3995 bonum
1255 3937 1619 3993 testimonium
1664 3939 1732 3992 de
1761 3946 1831 4001 te,

255 4033 410 4088 finem
442 4033 735 4088 senectutis
778 4046 911 4087 mea:
939 4031 1227 4085 debilitatis
1263 4029 1516 4099 supposui
1567 4029 1839 4096 gressibus

253 4123 317 4176 ad
360 4108 783 4191 'pertingettdum
828 4135 993 4188 usque
1023 4120 1088 4174 ad
1120 4129 1191 4175 te.
1224 4119 1374 4174 Nunc
1396 4119 1555 4189 igitur
1582 4120 1720 4174 bene
1743 4118 1818 4173 fe-

254 4213 376 4267 cisti
407 4211 596 4267 venire
645 4225 876 4265 mecum.
935 4210 1161 4278 Suscipe
1199 4224 1328 4278 ergo
1385 4219 1603 4277 paterno
1657 4223 1840 4264 amore

253 4316 471 4372 gregem
524 4300 619 4356 Dei
676 4301 744 4355 ad
800 4301 1109 4369 regendum.
1146 4299 1262 4353 Noli
1295 4313 1535 4368 quaerere
1563 4299 1705 4368 quod
1742 4299 1838 4353 tibi

255 4394 389 4449 utile
427 4401 533 4458 est,
564 4393 660 4448 sed
711 4393 851 4463 quod
874 4392 1074 4457 multis,
1097 4399 1156 4446 ut
1183 4391 1312 4444 salvi
1347 4391 1475 4444 [iant
1510 4388 1565 4459 (Ι
1597 4389 1716 4444 Cor.
1740 4393 1836 4460 x);

258 4501 323 4541 ne
341 4500 472 4556 ergo
495 4500 660 4555 neges
682 4484 1005 4554 suscipiendi
1034 4484 1250 4540 honoris
1269 4484 1514 4552 gratiam,
1534 4484 1837 4538 mercedem

251 4592 280 4631 a
334 4577 565 4632 Domino
602 4586 911 4646 recepturus
933 4585 1173 4644 tempore
1202 4583 1522 4643 opportuno.

321 4669 475 4723 Tunc
499 4678 717 4723 sanctus
749 4667 1091 4723 Posthumius
1120 4666 1342 4735 pedibus
1372 4666 1488 4734 ejus
1503 4667 1836 4733 provolutus,

247 4759 364 4814 ait:
395 4758 729 4813 Cbarissime
767 4758 943 4822 Pater,
974 4755 1242 4825 quomodo
1290 4754 1419 4808 mihi
1461 4762 1571 4808 tam
1629 4770 1837 4824 magna:

249 4849 615 4906 multitudinis
645 4863 830 4904 curam
862 4847 1118 4916 imponis,
1149 4847 1347 4900 rustico
1379 4845 1602 4908 homini,
1636 4847 1837 4901 litteras

248 4940 548 4996 nescienti?
577 4939 804 4994 Provide
843 4939 1004 5008 igitur
1032 4951 1098 4992 ex
1125 4937 1204 4990 eis
1235 4938 1481 4990 meritum
1539 4937 1834 5002 hominem,

245 5030 335 5099 qui
369 5027 541 5098 possit
568 5044 689 5084 cum
711 5028 1072 5083 sollicitudine
1099 5035 1272 5081 tantas
1291 5028 1498 5081 animas
1521 5041 1706 5096 regere
1736 5041 1832 5095 po-

249 5124 526 5187 pulorum.
559 5121 710 5175 Tunc
747 5120 1010 5176 Macarius
1031 5120 1106 5173 ait
1136 5120 1443 5173 Posmnmio
1473 5137 1486 5170 ε
1517 5119 1832 5174 Excusatio-

246 5228 344 5266 nes
365 5228 473 5267 non
496 5210 677 5275 audio.
713 5225 885 5281 neque
915 5223 1102 5266 causas
1126 5210 1365 5277 recipio;
1397 5210 1446 5263 hi
1476 5212 1619 5264 enim
1650 5225 1838 5266 omnes

244 5305 348 5358 sub
380 5313 473 5357 tua
499 5303 702 5358 ditione
731 5303 1042 5366 manebunt,
1078 5314 1176 5356 nec
1205 5299 1340 5354 alius
1367 5311 1450 5356 est
1479 5310 1641 5356 tantae
1672 5302 1838 5356 absti-

249 5395 451 5449 nentiae
480 5395 584 5464 vir,
612 5395 699 5464 qui
742 5395 910 5464 possit
936 5394 1087 5448 istius
1118 5392 1295 5461 populi
1349 5394 1648 5461 gubernare
1676 5394 1838 5464 236

259 5487 496 5550 animas,
523 5500 586 5540 ac
615 5486 840 5540 sollicite
862 5493 1208 5554 pertractare.
1240 5482 1309 5538 Et
1337 5494 1393 5538 ut
1421 5484 1618 5538 certius
1639 5485 1833 5549 dicam,

249 5576 605 5630 dilectissime
636 5575 822 5639 frater,
858 5584 911 5628 te
940 5574 1202 5629 electione
1255 5589 1351 5630 sua
1384 5574 1637 5630 Dominus
1693 5574 1836 5628 desi-

247 5666 432 5733 gnavit
464 5664 529 5717 ad
563 5663 956 5732 susmpiendum
995 5663 1134 5718 hunc
1162 5665 1441 5719 ministerii
1487 5665 1660 5718 locum
1689 5681 1701 5729 ;
1735 5679 1834 5718 ne-

251 5770 522 5824 quaquam
570 5767 699 5822 ergo
729 5753 937 5808 caelesti
970 5754 1165 5823 poteris
1195 5753 1560 5811 contradicere
1583 5754 1833 5825 jussioni.

1940 3295 2035 3334 vos
2062 3280 2280 3336 obedire
2312 3281 2624 3351 majoribus.

2009 3371 2254 3425 Secunda
2286 3371 2521 3426 mandati
2551 3381 2633 3427 est
2655 3371 2937 3442 subjectio,
2968 3380 3026 3427 ut
3055 3372 3107 3426 in
3137 3371 3331 3426 timore
3375 3380 3523 3427 casto

1935 3463 2192 3516 serviatis
2217 3463 2461 3518 Domino.

2009 3555 2188 3609 Tertia
2228 3556 2422 3623 positio
2472 3565 2576 3619 est,
2605 3564 2663 3608 ut
2715 3565 3076 3626 temperanter
3104 3568 3154 3612 et
3185 3559 3270 3626 pie
3307 3567 3356 3611 et
3384 3555 3525 3624 justo

1942 3645 2128 3700 vivatis
2155 3646 2208 3699 in
2233 3646 2334 3700 hoc
2363 3645 2562 3700 saeculo
2589 3645 2719 3716 (Tit.
2746 3645 2830 3715 ιι).

2020 3739 2222 3806 Quarta
2265 3738 2498 3792 mandati
2531 3742 2689 3805 ratio,
2714 3745 2770 3792 ut
2825 3751 3048 3806 corpora
3077 3749 3252 3790 vestra
3283 3735 3528 3804 affligatis

1943 3843 2038 3896 per
2059 3828 2264 3892 omnia,
2282 3843 2386 3896 quo
2412 3826 2634 3897 possitis
2660 3828 2936 3896 acquirere
2961 3828 3256 3881 animarum
3275 3827 3526 3892 salutem,

1941 3917 2468 3986 domandojejuniis,
2496 3932 2558 3970 ac
2588 3917 2961 3971 mortiticando
2991 3931 3232 3983 carnem,
3257 3917 3377 3984 quia
3413 3915 3526 3969 haec

1939 4016 2024 4063 est
2051 4007 2338 4064 delectatio
2382 4008 2642 4062 bonorum
2672 4021 2918 4075 cperum.

2011 4099 2207 4164 Quinta
2245 4098 2555 4153 constitutio
2580 4137 2593 4158 .
2618 4096 2846 4152 orationi
2871 4096 3178 4166 frequenter
3207 4097 3426 4160 instare,
3458 4098 3528 4150 si-

1939 4198 2030 4244 cut
2053 4199 2108 4243 et
2124 4190 2410 4258 Apostolus
2428 4188 2794 4242 indesinenter
2807 4204 2964 4242 orare
2986 4204 3081 4243 nos
3091 4189 3240 4256 jubet
3256 4190 3272 4251 (
3283 4188 3327 4239 1.
3347 4186 3528 4242 Tlirss.

1941 4279 2016 4347 v).
2047 4279 2275 4335 Orantes
2329 4279 2522 4348 quippe
2573 4292 2788 4347 semper
2843 4293 2907 4332 ac
2957 4278 3283 4348 jejunantes,
3312 4288 3365 4332 et
3398 4277 3522 4332 lidei

1940 4371 2079 4427 dona
2109 4373 2160 4426 in
2192 4371 2448 4427 memoria
2481 4369 2738 4426 mentium
2772 4371 3068 4425 tenebimus
3109 4373 3290 4434 infixa,
3315 4381 3373 4424 ut
3404 4384 3526 4437 pos-

1942 4465 2113 4519 simus
2137 4464 2538 4518 scaturientiuui
2562 4462 2866 4516 daamonum
2899 4475 3154 4530 superare
3185 4474 3450 4514 naturam.

1861 4557 1917 4620 D
2017 4554 2267 4617 Sequitur
2324 4553 2464 4606 aliud
2512 4565 2682 4622 genus
2730 4551 2950 4618 erroris,
2985 4552 3037 4604 in
3088 4566 3192 4620 quo
3247 4550 3416 4617 majus
3445 4556 3530 4604 est

1940 4645 2133 4698 animae
2183 4645 2460 4707 damnum,
2500 4641 2769 4709 superbia:
2820 4641 3020 4696 malum
3051 4656 3147 4710 per
3195 4639 3374 4694 omnia
3409 4653 3528 4692 esse

1950 4736 2246 4791 cavendum
2281 4751 2295 4787 :
2327 4737 2442 4786 haec
2487 4731 2733 4800 angelum
2792 4731 2844 4785 in
2893 4730 3190 4801 primordio
3245 4729 3427 4782 mundi
3463 4729 3529 4781 de

1941 4827 2082 4882 celo
2130 4823 2349 4894 dejecit,
2374 4832 2427 4877 et
2483 4824 2731 4877 novimus
2783 4822 3088 4890 superbiam
3120 4821 3380 4888 originale
3409 4836 3529 4875 esse

1941 4925 2244 4985 peccatum.
2277 4913 2355 4966 Ad
2381 4928 2538 4982 quam
2603 4913 2984 4969 excludendam
3012 4913 3080 4967 de
3118 4911 3528 4981 cogitationibus

1944 5003 2143 5058 nostris
2177 5003 2342 5057 Deum
2376 5018 2587 5073 semper
2618 5003 2986 5072 deprecemur,
3019 5012 3076 5055 ut
3112 5001 3341 5057 donetur
3373 5003 3526 5057 nobis

1944 5098 2110 5153 forma
2145 5097 2475 5151 humilitatis.

2014 5207 2232 5264 Accedit
2261 5217 2313 5264 et
2338 5208 2439 5262 alia
2486 5207 2755 5262 infestatio
2781 5207 2966 5262 mortis
3009 5207 3061 5261 in
3091 5220 3338 5274 corpore,
3364 5207 3410 5261 si
3454 5206 3526 5263 de

1945 5301 2192 5355 saeculari
2260 5301 2512 5355 vitiorum
2575 5313 2734 5354 causa
2817 5298 3197 5355 monachorum
3277 5298 3531 5354 sollicitet

1944 5404 2287 5458 quemquam.

1989 5478 2328 5547 Feniculum
2378 5494 2507 5534 vero
2556 5479 2830 5535 charitatis
2879 5489 3001 5535 ante
3037 5481 3215 5536 omnia
3261 5482 3399 5536 inter
3429 5495 3528 5534 vos

1943 5567 2154 5630 habete,
2190 5567 2294 5622 fide
2318 5569 2567 5622 continua
2613 5570 2664 5624 in
2693 5585 2787 5639 spe
2838 5581 3115 5626 manentes
3134 5612 3150 5638 ,
3178 5572 3428 5641 quoniam
3458 5568 3524 5620 ad

1943 5675 2166 5729 regnum
2221 5659 2313 5714 Dei
2347 5661 2606 5716 festinatis
2652 5663 2983 5718 teternitatis.
3011 5662 3147 5716 Cura
3178 5677 3308 5730 ergo
3355 5655 3527 5710 disci-

1943 5752 2101 5822 plina:
2131 5755 2511 5808 monachorum
2543 5754 2776 5824 perfecta
2800 5763 2881 5810 est
2906 5752 3141 5807 dilectio.
3169 5751 3292 5805 time
3317 5745 3525 5802 vincula
