4010 6238
496 362 601 417 4ῧὸ

1540 365 1627 420 DE
1666 365 1845 421 VlTlS
1887 364 2169 420 PATRUM
2213 366 2415 421 LIBER
2459 369 2730 427 PRIMUS.

3674 374 3775 427 456

493 477 768 532 ebaritatis
814 488 867 532 et
916 480 1061 549 pacis
1104 485 1365 535 exornant
1391 480 1510 534 sine
1559 482 1800 534 avaritia.
1835 481 1997 551 Igitur
2028 480 2079 533 in
2113 485 2158 538 A
2189 480 2397 547 plicitas
2426 484 2707 537 confirmat
2737 483 3128 553 Scripturarum
3162 486 3278 539 Dei.
3313 486 3459 540 Mulli
3500 499 3676 541 autem
3706 490 3779 544 de

494 567 783 622 dilectione
804 570 1016 622 sincera
1046 570 1235 624 modus
1257 569 1525 624 sufficiens
1571 580 1653 624 est
1680 571 2038 639 praesentibus
2062 589 2075 635 ;

493 662 549 712 et
570 660 654 726 qui
687 659 914 713 invicem
936 659 1179 725 diligunt,
1212 660 1303 713 filii
1333 662 1482 728 regni
1510 662 1863 716 vocabuntur.
1898 662 2078 716 Perfe-

492 760 631 801 cttns
678 748 903 803 invicem
949 750 1269 817 diligentes,
1321 751 1419 817 ipsi
1452 761 1575 803 sunt
1626 753 1711 819 qui
1755 752 2077 806 manducant

495 857 681 906 panem
731 844 781 895 in
815 859 975 910 regno
998 842 1089 895 Dei
1122 843 1238 895 sine
1288 842 1488 895 maeula
1523 832 1701 911 (Luem
1728 846 1865 911 xw).
1892 844 2071 897 Perfe~

490 933 558 982 cti
590 947 716 1001 ergo
769 932 940 996 erilis,
971 932 1014 983 si
1073 931 1328 985 mundum
1363 932 1681 985 sacrificium
1740 935 1976 987 cbaritas
2021 937 2071 986 in

489 1022 708 1074 odorem
760 1022 1041 1074 suavitatis
1087 1023 1203 1075 zelo
1261 1023 1567 1075 succendet.
1622 1022 1886 1077 Gaudebit
1929 1023 2069 1075 enim

449 1154 457 1161 .
492 1114 745 1167 Dominus
794 1112 948 1165 Jesus
979 1112 1030 1165 in
1058 1113 1231 1176 vobis,
1260 1114 1381 1181 quia
1414 1111 1616 1166 fecistis
1669 1116 1896 1166 fideliter
1928 1115 2068 1180 quod

488 1206 600 1272 ipse
630 1205 915 1257 mandavit.
948 1204 1077 1257 Nam
1114 1206 1281 1272 prima
1317 1206 1446 1274 legis
1470 1207 1521 1259 in
1550 1216 1729 1259 monte
1760 1208 1883 1258 Sina
1926 1206 2068 1261 ordi-

486 1296 629 1349 natio
682 1299 793 1349 bzec
822 1297 887 1350 ad
914 1296 1129 1362 Moysen
1172 1297 1288 1349 data
1323 1306 1406 1350 est
1439 1316 1450 1350 :
1488 1298 1702 1365 Diliges,
1737 1298 1930 1366 inquit,
1959 1298 2065 1351 Do-

482 1389 683 1441 minum
714 1388 875 1439 Deum
904 1395 1049 1440 tuum
1102 1402 1165 1441 ex
1205 1395 1315 1441 toto
1363 1390 1523 1442 corde
1569 1398 1657 1442 tuo
1686 1432 1695 1445 .
1729 1398 1781 1442 et
1836 1406 1900 1443 ex
1957 1399 2065 1443 tota

482 1476 658 1528 anima
710 1484 797 1529 tua
841 1476 1017 1546 (Deut.
1038 1492 1121 1541 v1;
1157 1477 1363 1542 Luc.x;
1410 1477 1565 1532 Leuit.
1594 1480 1729 1548 κη).
1771 1480 2011 1535 Secunda
2047 1499 2060 1534 :

484 1566 683 1634 Diliges
733 1567 1034 1634 proximum
1070 1578 1235 1631 tuum,
1261 1570 1395 1622 sicut
1428 1568 1676 1636 teipsum.
1713 1570 1872 1624 Vacat
1919 1572 2061 1625 enim

482 1654 697 1709 dilectio
728 1655 842 1722 Dei,
876 1656 975 1709 nisi
1019 1656 1268 1726 jungatur
1290 1668 1340 1712 et
1385 1659 1631 1728 proximi.
1666 1660 1884 1714 Plenum
1935 1676 2061 1730 ergo

480 1755 809 1814 prmceptum
842 1748 1098 1813 veritatis,
1132 1757 1187 1801 ut
1218 1758 1428 1802 maneat
1467 1750 1521 1801 in
1578 1764 1739 1803 sensu
1792 1751 2055 1805 individua

2188 569 2298 623 Deo
2327 573 2479 624 aliter
2505 575 2821 639 sentientes,
2849 574 3163 629 exciderunt
3189 591 3219 629 a
3261 576 3553 631 dilectione
3602 577 3775 645 ipsius

2184 672 2236 717 et
2278 665 2643 726 proximorum
2672 679 2913 720 suorum.
2945 666 3045 731 Qui
3084 675 3262 721 autem
3290 667 3594 736 liujusmodi
3622 680 3775 733 sunt,

2182 755 2401 806 audiant
2428 755 2629 808 Baruch
2656 757 2968 824 prophetam
2990 758 3255 812 dicentem
3282 774 3296 809 :
3324 756 3427 810 Pax
3450 758 3692 826 iustitiae,
3721 770 3778 813 et

2183 843 2356 897 honor
2400 846 2611 912 pietatis
2652 846 2877 914 (Baruch
2925 848 3001 917 v).
3036 848 3124 903 Sic
3172 850 3312 902 enim
3348 844 3537 902 videns
3588 852 3775 918 populi

2178 933 2258 986 sui
2290 933 2626 988 dilectionem
2661 938 3008 990 fraternitatis
3052 952 3170 991 esse
3200 937 3589 1006 incorruptam,
3628 940 3775 993 inter

2177 1032 2401 1076 cunctos
2433 1023 2559 1075 facit
2583 1034 2676 1077 eos
2707 1025 2955 1079 amicitiae
2986 1025 3079 1079 Dei
3105 1026 3218 1079 fieri
3249 1027 3445 1080 socios.
3501 1027 3771 1093 Quoniam

2175 1114 2265 1180 qui
2296 1114 2523 1184 diligunt
2558 1115 2745 1178 Deum,
2789 1116 3079 1169 secundum
3108 1116 3229 1170 boni
3282 1118 3461 1185 operis
3504 1118 3769 1186 gloriam,

2174 1205 2401 1259 invicem
2423 1208 2478 1260 in
2508 1206 2758 1274 operibus
2784 1206 2940 1261 bonis
2972 1208 3174 1262 irritam
3199 1207 3402 1263 faciunt
3421 1209 3585 1262 vitam
3614 1208 3772 1263 istius

2172 1298 2380 1363 mundi,
2411 1297 2749 1365 profanantes
2772 1297 3023 1367 quidquid
3047 1314 3109 1353 ex
3135 1300 3347 1354 diabolo
3370 1310 3451 1354 est
3474 1300 3762 1367 cogitatio—

2170 1405 2297 1442 num
2338 1389 2603 1442 malarum
2635 1388 2687 1442 in
2716 1389 2965 1444 cordibus
3013 1390 3107 1444 Dei
3152 1406 3459 1456 servorum;
3509 1391 3766 1459 quoniam

2168 1479 2391 1547 cupiunt
2418 1479 2858 1533 anachoretarum
2880 1479 3077 1548 perfrui
3096 1480 3224 1547 vita,
3247 1482 3290 1535 si
3308 1480 3769 1550 corpusabdicant

2168 1570 2341 1624 adhuc
2398 1572 2452 1622 in
2507 1580 2648 1624 terra
2695 1569 2875 1639 positi,
2915 1569 3024 1638 jam
3071 1571 3380 1625 caelestibus
3409 1572 3767 1635 delectentur,

2170 1660 2299 1714 nihil
2330 1669 2601 1715 terrenum
2632 1674 2856 1729 prorsus
2877 1660 3175 1729 exquirant,
3207 1670 3260 1715 ut
3286 1662 3394 1730 jam
3426 1662 3765 1716 saecularium

2166 1751 2503 1805 tenebrarum
2532 1765 2721 1806 causas
2745 1751 3119 1806 conculcantes
3146 1767 3208 1806 ac
3239 1764 3661 1821 prosternentes.

480 1839 662 1907 regula
704 1839 997 1895 charitatis.
1033 1841 1183 1894 Tunc
1223 1857 1347 1909 ergo
1399 1842 1615 1895 dilectio
1669 1842 1825 1898 beata
1874 1844 1974 1897 erit
2005 1845 2055 1898 iu
2093 1861 2137 1917 Β
2240 1840 2434 1895 Verum
2470 1840 2591 1909 quia
2623 1840 2931 1897 caelestibus
2953 1841 3263 1909 regionibus
3314 1843 3441 1909 apti,
3483 1856 3577 1894 vos
3629 1844 3767 1895 satis

479 1934 639 2000 pleno
659 1975 674 1998 ,
708 1934 751 1986 si
782 1932 919 1986 colla
950 1931 1264 1987 obedientiae
1297 1934 1575 2002 posueritis
1596 1937 1889 2004 preposito.

551 2022 863 2078 Obedientia
933 2039 1145 2091 quoque
1191 2024 1243 2077 in
1303 2025 1715 2094 congregatione
1784 2025 2055 2081 laudatur.

481 2113 627 2168 Nihil
676 2115 825 2169 vobis
857 2115 1115 2182 proderit,
1150 2114 1316 2180 filioli,
1356 2115 1400 2168 si
1461 2114 1675 2185 diligitis
1727 2115 1977 2181 invicem,
2013 2126 2067 2170 et

478 2219 585 2257 non
617 2206 778 2259 vultis
805 2205 1029 2259 invicem
1074 2204 1312 2260 obedire.
1342 2204 1567 2259 Dilectio
1596 2206 1712 2259 sine
1759 2206 2063 2261 obedientia

476 2298 636 2353 faciet
679 2298 1022 2353 criminosum
1045 2340 1057 2362 ,
1092 2304 1147 2351 et
1174 2298 1501 2351 conscientia
1529 2314 1726 2366 a‘grum
1748 2339 1761 2351 .
1786 2298 2064 2364 Quomodo

477 2393 620 2449 enim
643 2407 860 2460 gramen
884 2392 1169 2445 seminales
1189 2393 1407 2460 impedit
1427 2391 1648 2454 fructus,
1663 2392 2063 2445 sicinobedicns

476 2483 638 2539 homo
668 2484 862 2537 frustra
884 2484 1112 2552 jejunat,
1137 2494 1189 2537 et
1219 2484 1475 2538 orationis
1505 2484 1703 2537 nullum
1724 2485 1919 2552 accipit
1948 2483 2061 2537 fru-

475 2582 641 2631 ctum.
676 2574 837 2643 lgitur
859 2576 945 2640 qui
973 2575 1023 2627 in
1049 2590 1156 2628 uno
1198 2588 1316 2629 esse
1348 2575 1749 2640 concupiscunt,
1782 2585 1837 2629 et
1880 2576 2063 2628 vivere

474 2675 657 2724 mente
686 2666 954 2719 communi
982 2666 1388 2734 disposuerunt,
1424 2665 1473 2717 lii
1504 2664 1742 2718 consiliis
1769 2663 2061 2733 majoribus

477 2759 735 2814 serviant.
751 2757 1015 2826 Quidquid
1036 2774 1099 2813 ex
1114 2758 1350 2813 consiliis
1368 2757 1687 2824 processerit
1700 2756 1933 2817 Patrum,
1960 2756 2062 2809 hoc

478 2849 641 2903 faciat
672 2851 759 2919 qui
793 2865 820 2903 a
848 2848 1176 2919 perfectione
1203 2848 1375 2903 adhuc
1406 2848 1586 2917 procul
1616 2858 1716 2902 est.
1745 2848 2059 2914 Quicunque

471 2941 638 2995 frater
660 2941 840 2996 oneris
858 2941 1123 3011 quidpiam
1136 2941 1272 2996 collo
1284 2955 1380 2994 suo
1408 2940 1711 3008 portaverit,
1739 2954 1833 2993 nec
1845 2939 2058 3007 quidem

470 3033 726 3095 sustinet,
757 3034 823 3087 de
849 3033 1070 3087 humero
1103 3048 1199 3087 suo
1227 3048 1363 3086 onus
1394 3042 1622 3097 exstare,
1651 3033 1692 3085 si
1726 3033 1892 3086 abbas
1917 3047 2056 3101 pra:-

468 3138 591 3178 sens
614 3125 792 3190 fuerit,
822 3125 1097 3192 reperiens
1120 3139 1310 3194 aquam
1333 3125 1587 3178 scativam
1616 3125 1728 3179 sive
1752 3125 2057 3193 germinan-

2177 1931 2391 1998 placere
2419 1930 2671 1983 convenit
2697 1930 2960 1997 Creatori,
2994 1931 3226 2000 virgines
3256 1941 3430 1985 mente
3458 1944 3507 1985 et
3527 1947 3767 2000 corpore

2174 2026 2573 2089 permanentes,
2606 2018 2808 2074 fructus
2840 2019 2966 2074 fidei
2993 2030 3046 2076 et
3074 2021 3251 2073 limam
3297 2022 3554 2075 sermonis
3596 2038 3763 2090 quam

2172 2116 2399 2169 maxime
2447 2126 2864 2182 conservantes;
2899 2116 3045 2173 nefas
3072 2126 3155 2173 est
3182 2119 3324 2172 enim
3354 2126 3410 2171 ut
3438 2118 3763 2171 monachum

2170 2206 2288 2271 quis
2316 2209 2676 2276 reprehendat
2704 2210 2759 2263 in
2788 2210 2998 2265 modico
3034 2211 3114 2264 vel
3146 2213 3197 2264 in
3229 2212 3481 2264 maximo.
3517 2211 3761 2272 lrreivrc-

2172 2297 2468 2354 hensibiles
2496 2301 2639 2353 enim
2671 2314 2769 2355 nos
2797 2315 2916 2355 esse
2947 2312 3214 2370 oportere,
3271 2301 3559 2370 Apostolus
3606 2304 3760 2356 docet

2168 2389 2390 2459 (Coloss.
2416 2392 2512 2461 tv),
2544 2400 2599 2446 et
2620 2400 2680 2446 ut
2708 2408 2887 2448 sermo
2915 2403 3098 2449 noster
3123 2395 3173 2447 in
3204 2397 3373 2463 gratia
3401 2394 3512 2448 sale
3539 2410 3757 2462 semper

2166 2484 2234 2535 sit
2270 2483 2546 2549 conditus,
2579 2484 2786 2537 scilicet
2808 2484 3146 2539 condimento
3166 2500 3272 2553 quo
3296 2498 3391 2537 nos
3416 2484 3758 2553 Evangeiista

2166 2571 2420 2639 condivit,
2447 2572 2633 2627 dicens
2654 2590 2667 2630 :
2685 2572 2792 2627 Vos
2818 2574 2947 2627 estis
2963 2575 3040 2627 sal
3072 2582 3228 2627 terra:
3258 2574 3477 2644 (Matth.
3500 2578 3577 2638 v).
3603 2576 3755 2638 Quod

2166 2674 2290 2728 peto
2319 2672 2374 2717 ut
2403 2678 2509 2717 non
2540 2664 2594 2718 in
2626 2664 2775 2718 vobis
2817 2675 3120 2730 evanescat,
3169 2680 3236 2719 ne
3264 2664 3426 2728 forte,
3473 2680 3595 2718 cum
3623 2680 3753 2719 eva-

2164 2754 2382 2819 nuerit,
2455 2762 2606 2808 extra
2658 2756 3119 2826 congregationem
3174 2757 3533 2811 multitudinis
3608 2755 3751 2810 foras

2164 2845 2493 2913 projiciatur,
2534 2844 2731 2915 linguis
2768 2847 3103 2902 inimicorum
3155 2848 3390 2917 quotidie
3432 2849 3752 2903 conculcan-

2160 2935 2307 2993 dum.

2233 3026 2345 3082 Hoc
2373 3037 2549 3083 autem
2581 3029 2829 3098 obsecro,
2857 3031 3027 3097 filioli,
3060 3031 3350 3086 secundum
3374 3030 3599 3085 formam
3628 3047 3747 3100 qua:

2160 3118 2288 3171 mihi
2315 3118 2439 3172 data
2470 3128 2553 3173 est
2581 3120 2649 3174 de
2674 3135 2831 3173 manu
2861 3122 3057 3191 angeli,
3088 3122 3269 3192 fugere
3297 3122 3531 3190 linguam
3564 3121 3744 3175 detra-

469 3226 574 3271 tem
622 3217 722 3288 ('7),
751 3229 944 3287 praeter
983 3218 1194 3273 abbatis
1218 3217 1499 3271 consilium
1532 3218 1809 3272 diverterit
1867 3217 1932 3271 ad
1969 3217 2050 3270 bi-

2171 3209 2398 3261 nentium
2433 3208 2760 3278 iniquorum,
2793 3211 2881 3279 qui
2914 3210 3149 3265 mordaci
3178 3211 3359 3275 dente,
3405 3211 3568 3264 etiam
3624 3209 3742 3267 sine

466 3304 721 3371 bendum,
752 3316 843 3359 aut
872 3307 1087 3360 alterius
1118 3304 1298 3360 fratris
1320 3321 1502 3361 secum
1531 3308 1854 3375 comitantis,
1888 3309 2046 3361 etiam

467 3395 714 3465 iunioris,
738 3407 1015 3466 peccatum
1048 3398 1243 3463 feClSli,
1276 3398 1364 3465 qui
1401 3408 1595 3464 prmter
1622 3398 2047 3453 benedictionem

466 3501 654 3557 aquam
686 3489 899 3556 potasti.
923 3487 1073 3555 Quod
1096 3488 1139 3542 si
1163 3488 1311 3542 calor
1336 3487 1463 3541 solis
1485 3490 1763 3554 exarserit,
1790 3498 1843 3542 et
1869 3489 2052 3543 volue-

466 3580 540 3632 ris
568 3577 769 3643 bibere,
799 3587 854 3632 et
874 3578 1036 3633 abbas
1060 3579 1123 3631 ad
1153 3587 1203 3632 te
1228 3578 1385 3648 237
1414 3579 1735 3633 domandum
1767 3578 2050 3648 prohibue-

463 3671 562 3731 rit;
591 3667 635 3721 si
665 3668 750 3721 vel
808 3677 987 3722 mente
1044 3667 1488 3734 murmuraveris,
1516 3667 1812 3735 deliquisti.
1844 3669 2047 3722 Deinde
2112 3729 2114 3733 ν

462 3759 507 3812 si
539 3759 590 3812 in
623 3760 705 3813 via
732 3760 1024 3814 calcaveris
1051 3760 1282 3827 Spinam,
1310 3776 1412 3814 non
1445 3769 1529 3814 est
1556 3761 1852 3820 educenda.
1876 3760 2047 3816 donec

462 3849 626 3903 abbas
659 3850 984 3918 prmceperit.

532 3939 725 3993 Procul
756 3940 822 3992 ab
853 3940 1079 3994 invicem
1112 3946 1389 3993 rontextas
1421 3939 1555 3993 vites
1585 3941 1828 3993 sternite.

530 4031 663 4084 Cum
686 4030 753 4082 ad
775 4030 1148 4084 dormiendum
1174 4031 1442 4093 seceditis,
1471 4032 1813 4086 interstitium
1834 4032 2045 4086 cubitus

460 4123 723 4176 habeatur
749 4121 934 4187 unius;
968 4137 1053 4185 ne,
1087 4121 1209 4175 dum
1241 4123 1303 4174 ad
1336 4122 1558 4177 invicem
1594 4124 1893 4191 proximam
1921 4138 2045 4177 cor-

458 4230 612 4287 pora,
637 4216 934 4269 nutriantur
964 4214 1197 4271 libidinis
1228 4215 1515 4267 incentiva.

529 4304 698 4359 Porro
727 4305 991 4373 negotium
1021 4304 1215 4369 noctis,
1243 4313 1459 4371 propter
1488 4304 1743 4372 lucifugas
1771 4307 2043 4363 «temones

457 4404 513 4450 et
543 4397 859 4464 noctipelas,
893 4397 943 4449 in
975 4394 1197 4464 spiritali
1230 4410 1391 4462 opere
1425 4405 1725 4463 peragatur.
1779 4400 2044 4466 Experre-

456 4489 561 4545 ctis
589 4500 765 4542 autem
795 4487 935 4545 nulla
960 4487 1027 4548 de
1059 4485 1404 4540 smcularibus
1426 4500 1580 4539 causa
1611 4487 1920 4556 ingerenda,
1946 4491 2041 4542 (1ο-

2156 3316 2337 3365 causa,
2374 3302 2628 3357 Ecclesia:
2654 3303 2848 3356 Christi
2882 3304 3138 3358 insultare
3168 3302 3444 3359 festinant.

2228 3393 2617 3457 Dissensiones,
2654 3409 2783 3462 quas
2814 3395 3021 3448 habetis
3059 3396 3196 3449 inter
3237 3409 3351 3459 vos,
3388 3392 3633 3463 projicite
3674 3396 3749 3447 ab

2157 3488 2407 3547 invicem,
2450 3486 2680 3539 scientes
2722 3484 3004 3539 Dominum
3053 3496 3292 3539 nostrum
3336 3498 3441 3537 non
3484 3498 3606 3537 esse
3631 3482 3741 3537 dis-

2153 3577 2439 3641 sensionis,
2484 3577 2575 3630 sed
2609 3576 2751 3645 pacis
2780 3574 2834 3645 (I
2860 3575 2979 3629 Cor.
3008 3575 3146 3643 xw).
3178 3575 3234 3630 Si
3265 3589 3368 3644 qua
3396 3574 3557 3644 igitur
3586 3587 3737 3626 scan-

2152 3668 2270 3721 dala
2301 3708 2316 3732 ,
2370 3667 2584 3720 inimico
2640 3674 2991 3737 suggerente,
3063 3665 3224 3719 frater
3277 3666 3439 3719 habet
3482 3664 3739 3717 adversus

2154 3759 2390 3822 fratrem,
2413 3768 2627 3825 propter
2648 3757 3027 3819 obedientiam,
3050 3757 3152 3811 fide
3170 3764 3439 3817 exstante,
3466 3755 3731 3813 dimittat;

2153 3847 2404 3916 quoniam
2434 3862 2533 3915 ego
2578 3863 2679 3901 non
2707 3862 2770 3901 ex
2804 3862 2889 3901 me
2921 3847 3127 3916 loquor,
3161 3847 3255 3901 sed
3296 3862 3361 3900 ex
3402 3846 3532 3914 Deo,
3565 3847 3650 3913 qui
3682 3845 3737 3897 in

2152 3954 2313 3993 manu
2340 3940 2510 3991 nuntii
2541 3940 2619 3991 sui
2645 3938 2829 3993 docuit
2858 3954 2963 3991 me.

2224 4029 2288 4082 Et
2318 4028 2363 4081 si
2394 4028 2749 4082 obedientiam
2779 4031 2996 4095 praelato
3018 4027 3374 4095 praebueritis,
3401 4026 3732 4094 hospitalita-

2152 4128 2254 4173 tem
2290 4118 2670 4186 peregrinanti,
2704 4133 2769 4171 ex
2800 4126 3065 4185 praecepto
3094 4119 3304 4171 Domini
3338 4118 3531 4172 facitis.

2219 4208 2275 4263 Si
2320 4209 2433 4263 fieri
2480 4217 2672 4277 potest,
2706 4209 2849 4262 nullo
2881 4220 3037 4276 pacto
3065 4210 3218 4263 miles
3244 4209 3335 4262 Dei
3366 4209 3528 4262 debet
3553 4208 3732 4273 irasci,

2148 4315 2252 4353 non
2277 4300 2448 4353 solum
2473 4298 2537 4351 ad
2560 4299 2753 4361 socios,
2780 4314 2960 4353 verum
2986 4300 3143 4354 etiam
3171 4300 3236 4353 ad
3264 4309 3568 4353 extraneos.

2218 4388 2274 4442 In
2306 4402 2621 4456 quocunque
2664 4389 2898 4455 negotio,
2939 4389 3114 4442 nullus
3144 4389 3477 4443 smcularinm
3510 4403 3723 4440 servum

2149 4480 2247 4535 Dei
2273 4479 2743 4546 audeatjudieare,
2773 4481 2893 4547 quia
2926 4480 3064 4533 inter
3090 4497 3147 4533 se
3168 4480 3380 4533 etillum
3405 4478 3584 4530 distat.
3606 4476 3721 4530 Non

456 4597 556 4635 nec
577 4581 641 4633 ad
661 4580 781 4647 galli
799 4589 1033 4642 cantum,
1056 4578 1405 4631 fraternarum
1425 4580 1723 4631 orationum
1743 4585 2041 4638 communis

2171 4571 2367 4624 iatiaris
2384 4568 2723 4636 coniugatum
2745 4568 2942 4636 judicio
2968 4579 3142 4623 tecum
3165 4566 3511 4630 contendere;
3536 4565 3727 4619 melius

454 4672 588 4728 hora
639 4670 907 4727 succedat.
960 4670 1199 4723 Alterius
1238 4668 1385 4722 vocis
1424 4678 1610 4724 cantus
1655 4672 1879 4727 alterum
1933 4692 2037 4730 non

456 4768 654 4823 excitet
685 4765 749 4818 ad
783 4762 1081 4827 orandum;
1125 4763 1219 4816 sed
1251 4778 1369 4817 cum
1402 4776 1554 4816 suum
1585 4774 1767 4833 pectus
1816 4767 2042 4822 tundere

455 4853 722 4923 cmperit,’
753 4855 839 4923 qui
893 4854 1121 4921 primum
1171 4861 1526 4921 experrectus
1567 4863 1671 4923 est,
1714 4868 2041 4924 provocetur

454 4948 612 5000 etiam
645 4947 734 5000 ille
764 4946 851 5014 qui
876 4944 1095 5011 dormit,
1123 4958 1429 5013 exsurgere.
1462 4942 1616 5012 Saepe
1642 4946 1783 4999 enim
1816 4946 2040 5001 Satanas

458 5048 650 5089 somno
672 5034 900 5086 animam
924 5043 1131 5103 captam
1155 5033 1429 5089 nocturnis
1455 5033 1678 5087 involvit
1704 5035 1957 5100 tenebris,
1980 5045 2037 5090 ut

453 5126 521 5179 ab
548 5124 802 5178 orationis
831 5126 1128 5191 patrocinio
1152 5133 1396 5193 separata
1427 5124 1518 5190 sit,
1544 5134 1801 5193 operante
1824 5126 2034 5180 diabolo

450 5218 597 5271 Socio
628 5217 985 5270 tenebrarum.
1029 5217 1153 5273 Ideo
1204 5217 1325 5273 dico
1354 5216 1527 5283 vobis,
1584 5218 1755 5281 filioli,
1796 5218 2029 5287 vigilate,

455 5308 580 5373 quia
654 5305 873 5359 nescitis
945 5322 1045 5375 qua
1118 5306 1249 5361 hora
1331 5307 1413 5361 fur
1482 5307 1661 5363 veniet
1738 5309 2032 5363 animarum

451 5395 677 5466 (Matth.
709 5396 873 5467 χειν).

527 5507 748 5563 Studete
793 5509 955 5579 igitur
1009 5509 1345 5577 complacere
1393 5511 1525 5577 Deo,
1573 5513 2030 5567 conversationem

453 5599 714 5655 habentes
739 5599 1059 5670 spiritalem.
1085 5599 1269 5652 Divina
1294 5602 1539 5654 mandata
1560 5603 1610 5656 in
1635 5601 1918 5657 dilectione
1940 5603 2032 5656 Dei

447 5706 570 5746 cum
603 5692 887 5761 sapientia,
920 5690 1055 5760 legis
1084 5698 1347 5758 praecepta
1376 5693 1425 5744 in
1451 5693 1644 5746 tabulis
1668 5694 1907 5747 cordium
1939 5708 2032 5747 ve-

443 5794 679 5849 strorum
703 5785 839 5851 sint;
864 5797 962 5839 nec
983 5781 1195 5853 quidem
1225 5783 1455 5852 amplius
1476 5784 1695 5853 sapiatis
1717 5800 1872 5855 quam
1898 5784 2027 5840 sim-

2147 4671 2230 4715 est
2271 4660 2412 4713 enim
2471 4660 2734 4711 monacho
2788 4657 3027 4712 fraudem
3073 4668 3128 4713 et
3178 4657 3391 4725 injurias
3435 4657 3728 4721 sustinere,

2145 4765 2305 4820 quam
2332 4760 2388 4802 ut
2413 4747 2658 4803 audiatur
2687 4763 2787 4803 vox
2820 4749 3007 4804 militis
3036 4750 3231 4805 Christi
3262 4751 3313 4803 in
3341 4748 3601 4803 clamore.

2216 4865 2332 4918 Non
2358 4864 2511 4922 decet
2538 4865 2855 4919 monachum
2888 4880 3047 4919 causa
3079 4865 3316 4934 pecuniae
3342 4879 3463 4919 esse
3493 4864 3730 4934 negotia-

2146 4962 2338 5020 torem,
2384 4953 2476 5007 sed
2519 4952 2819 5008 caelestium
2863 4953 3125 5007 bonorum
3178 4955 3327 5008 lucra
3378 4964 3724 5026 met-cantem.

2144 5044 2406 5100 Praadicet
2434 5046 2656 5099 verbum
2690 5045 2894 5110 salutis,
2925 5047 3130 5100 animas
3171 5047 3359 5102 invitet
3401 5048 3468 5101 ad
3510 5048 3721 5114 cmlum,

2142 5134 2206 5187 ad
2275 5134 2499 5188 nihilum
2555 5134 2786 5189 deducat
2822 5134 3004 5189 saeculi
3041 5135 3391 5191 desiderium.
3439 5136 3546 5191 Cor
3586 5138 3725 5191 enim

2141 5222 2501 5278 Christianum
2551 5224 2780 5289 exsulat,
2828 5226 3061 5297 maxime
3102 5224 3243 5280 serv'i
3292 5227 3408 5289 Dei;
3440 5238 3729 5296 tyranuum

2141 5311 2503 5369 fraudatorem
2532 5314 2825 5369 animarum
2857 5315 3053 5371 divinae
3080 5316 3295 5373 virtutis
3342 5322 3591 5377 oratione
3638 5338 3733 5376 ex-

2140 5411 2356 5473 pugnat.

2213 5513 2363 5580 Quod
2394 5516 2439 5570 si
2471 5524 2704 5570 terrores
2724 5516 2929 5585 aliquos
2951 5515 3250 5589 intulerint,
3278 5531 3461 5578 currat
3489 5522 3554 5577 ad
3578 5522 3726 5587 auxi.

2136 5605 2266 5660 lium
2298 5607 2496 5674 crucis,
2522 5608 2700 5665 statim
2723 5608 2812 5663 ille
2838 5616 3089 5670 recedet:
3118 5617 3348 5671 versutia
3378 5617 3497 5687 ejus
3520 5616 3725 5670 crebris

2134 5696 2463 5751 orationibus
2487 5706 2541 5751 et
2564 5696 2783 5771 ieiuniis
2813 5705 3131 5761 devincitur.
3162 5708 3364 5772 Filioli,
3388 5709 3518 5777 quid
3541 5710 3609 5762 ad
3635 5723 3723 5762 te-

2133 5796 2297 5845 stram
2353 5791 2585 5860 pertinet
2614 5811 2819 5867 curam,
2873 5803 2918 5855 si
2968 5803 3221 5860 adversus
3262 5819 3355 5859 vos
3400 5806 3725 5859 conveniant
