4010 6266
311 333 409 390 ι”Ι

1349 328 1505 382 VlTA
1540 328 1780 385 SANCTI
1824 328 2183 385 FRONTONII
2225 327 2532 384 ABBATIS.

3460 326 3567 384 ΠΒ

315 446 610 499 έιιξωοιιυηι
664 452 861 507 castra,
923 446 1147 511 potestis
1197 454 1250 499 et
1280 460 1374 497 vos
1426 444 1605 497 multis
1649 443 1882 512 adjuvari
1916 448 1967 505 Α
2061 442 2296 505 Quadam
2344 442 2431 495 die
2477 442 2527 495 in
2577 449 2759 495 monte
2785 440 2991 494 sedenti
3025 440 3177 506 mihi,
3210 444 3396 511 ingens
3419 447 3567 499 velut

308 530 606 600 agminibus
634 534 966 599 angelorum.
1007 531 1113 587 Sed
1160 550 1277 587 cum
1328 535 1628 587 daemonum
1659 544 1887 588 caterva:

286 634 548 690 gcrescere
579 624 863 690 coeperint,
898 626 1081 679 oculos
1109 635 1313 679 vestros
1346 627 1408 678 ad
1439 627 1632 681 emtum
1679 627 1883 689 levetis,

302 712 541 765 dicentes
573 729 587 765 :
625 713 848 767 Domine
887 713 1013 768 Jesu
1044 714 1275 780 Christe,
1308 717 1497 784 adjuva
1529 716 1887 770 infirmitatem

279 801 501 859 >m’eam.
534 804 687 858 'l‘unc
714 806 1084 860 sermo-vobis
1110 809 1381 875 propheta:
1408 808 1584 862 Eliszei
1610 809 1891 873 conveniat

301 896 561 950 adversus
610 912 705 952 eos
740 899 829 966 qui
867 898 934 951 de
971 899 1211 953 Samaria
1266 901 1722 969 comprehendere
1766 915 1887 955 eum

302 996 583 1051 venerant,
613 989 699 1056 qui
728 988 946 1041 terrenti
978 1004 1037 1043 se
1062 1005 1223 1056 puero
1244 1004 1339 1043 suo
1364 990 1637 1059 respondit
1666 1007 1679 1043 :
1705 988 1887 1059 Aperi,

302 1076 551 1143 Domine,
583 1077 770 1132 oculos
798 1081 939 1132 servi
973 1079 1069 1143 tui,
1101 1088 1154 1132 et
1183 1079 1358 1133 videat
1385 1080 1524 1149 quod
1558 1080 1738 1148 plures
1763 1089 1890 1134 sunt

303 1167 581 1222 nobiscum
607 1182 765 1237 quam
788 1183 911 1225 cum
937 1169 1061 1223 illis.
1087 1169 1274 1223 Statim
1295 1185 1421 1238 ergo
1445 1170 1509 1224 ad
1533 1170 1887 1239 adjuvandum

304 1275 418 1326 vos,
452 1261 767 1329 angelorum
800 1261 889 1315 Dei
924 1262 1161 1331 legiones
1189 1261 1495 1327 advenient,
1536 1263 1623 1332 qui
1656 1263 1775 1317 lidei
1801 1277 1892 1317 ve-

304 1362 425 1406 strm
452 1352 716 1405 auxilium
742 1352 1037 1421 pra-beant.

369 1442 500 1498 Car.
547 1442 639 1495 IX.
669 1444 891 1496 —ila~.c
937 1450 1083 1507 sunt,
1128 1442 1297 1506 ﬁlioli,
1343 1441 1615 1508 mandata,
1666 1458 1782 1509 qua:
1836 1452 1891 1495 ut

305 1529 720 1599 pusillanimitas
750 1531 914 1600 238
943 1530 1121 1583 cordis
1152 1531 1372 1594 invenit,
1404 1529 1554 1584 vobis
1594 1532 1659 1584 de
1688 1530 1885 1583 dialoli

306 1621 690 1675 certaminibus
720 1622 1021 1689 explanavi.
1066 1622 1197 1675 Nolo
1241 1630 1417 1676 autem
1455 1636 1517 1675 ca
1569 1638 1689 1689 qua:
1737 1622 1890 1676 nobis

306 1711 418 1779 ipso
448 1710 776 1764 innuittcute
807 1711 1115 1765 acciderunt
1164 1712 1375 1765 silentio
1405 1712 1700 1780 praeterire,
1734 1720 1791 1765 ut
1838 1720 1889 1765 et

308 1816 394 1859 vos
417 1805 634 1875 possitis
661 1804 880 1858 maliliis
902 1803 1018 1872 ejus
1048 1804 1319 1858 resistere.

1996 532 2218 583 militum
2252 531 2402 583 turba
2442 530 2691 583 occurrit.
2727 528 2871 596 Quos
2909 528 3035 581 dum
3076 532 3242 583 oculis
3288 546 3565 587 cernerem

1994 623 2266 677 venientes
2290 638 2319 676 a
2348 624 2523 692 longe,
2550 621 2761 677 Salana:
2786 623 3002 692 angelos
3023 622 3199 675 statim
3227 639 3349 678 esse
3375 640 3569 692 cogno-

1992 714 2064 768 vi.
2102 714 2213 782 Ego
2239 722 2415 767 autem
2454 713 2695 780 deposito
2725 713 2871 766 omni
2903 723 3124 777 terrore,
3174 712 3398 781 genitius
3449 730 3568 779 pro-

1993 802 2205 855 volutus
2232 800 2413 864 humo,
2445 812 2497 854 ut
2527 800 2838 856 secederent
2878 801 3119 867 orabam,
3164 801 3445 855 Dominum
3491 804 3570 855 in-

1995 906 2192 947 vocans
2214 892 2645 960 Redemptorem.
2674 892 2823 946 Tunc
2845 892 2996 947 turba
3024 908 3144 961 quae
3162 901 3403 957 venerat,
3428 894 3575 946 vidut

1992 984 2208 1050 stipula,
2240 997 2358 1051 qua:
2384 996 2412 1035 a
2444 992 2602 1036 vento
2651 985 2874 1050 rapitur,
2932 998 3191 1053 nusquam
3245 984 3566 1052 comparuit.

1997 1075 2203 1131 Gratias
2228 1091 2355 1143 ergo
2384 1076 2465 1145 egi
2500 1076 2724 1130 Domino
2754 1090 2849 1144 per
2878 1076 3059 1131 Jesum
3087 1076 3354 1129 Christum
3384 1074 3567 1128 Domi-

1999 1183 2119 1221 num
2150 1176 2413 1233 nostrum,
2457 1166 2598 1235 quod
2641 1180 2763 1220 meo
2808 1166 3081 1225 certamini
3130 1166 3287 1219 linem
3321 1162 3581 1231 imposuit

1992 1260 2120 1325 cito,
2149 1267 2202 1313 et
2230 1259 2525 1311 orationem
2556 1272 2727 1311 meam
2758 1258 2898 1310 illico
2930 1256 3216 1311 exaudivit.
3253 1254 3443 1309 Multas
3466 1258 3573 1307 ita-

1995 1365 2095 1416 que
2124 1348 2347 1403 insidias
2376 1363 2561 1416 passus
2593 1363 2733 1410 sum,
2768 1358 2821 1401 et
2861 1362 2923 1401 ex
2961 1348 3207 1400 omnibus
3251 1361 3335 1399 me
3376 1344 3572 1413 eripuit

1995 1441 2267 1495 Dominus.
2298 1440 2450 1494 Unde
2479 1447 2530 1492 et
2558 1453 2676 1500 vos,
2703 1437 2870 1502 ﬁlio'i,
2895 1446 3199 1491 constantes
3224 1445 3417 1500 estote,
3448 1436 3573 1504 quia

1993 1528 2137 1583 mitis
2167 1541 2249 1582 est
2274 1520 2527 1581 Dominus
2552 1528 2617 1580 ad
2656 1527 3000 1580 liberandum
3045 1542 3161 1582 nos.
3219 1528 3405 1579 Amate
3444 1539 3573 1594 ergo

1992 1622 2296 1685 Dominum,
2346 1620 2493 1675 odite
2538 1620 2853 1688 malignum,
2896 1627 2949 1671 et
2998 1619 3136 1671 Deus
3192 1618 3573 1672 misericordiae

1992 1714 2096 1769 erit
2151 1712 2446 1777 vobiscum,
2505 1718 2562 1765 ut
2613 1710 2829 1779 possitis
2884 1707 2999 1777 ejus
3054 1706 3272 1762 insidias
3323 1707 3569 1762 evadere.

1920 1803 1968 1864 Β
1996 1808 2184 1861 Amen.

1563 1936 1855 1993 ROSWEY
1869 1936 1930 1992 Di
1968 1938 2010 1994 N
2020 1938 2293 1995 ΟΤΑΤΙΟ.

376 2027 455 2097 (ι)
507 2024 835 2097 Posthumii.]
865 2024 997 2079 Alim
1026 2023 1286 2097 editiones
1331 2024 1531 2097 habent
1568 2025 1878 2082 Pasthumii.

307 2095 393 2149 De
418 2104 519 2147 hoc
550 2098 678 2149 nihil
708 2095 833 2148 mihi
862 2098 1091 2149 occorrit
1118 2096 1199 2149 vel
1230 2100 1280 2148 in
1324 2095 1515 2150 tabulis
1559 2098 1885 2151 ecclesiasti-

308 2167 411 2225 cis,
435 2166 516 2219 vel
546 2166 683 2233 apud
706 2167 1001 2219 historicos.
1035 2165 1197 2219 Multa
1223 2164 1307 2218 hic
1332 2165 1511 2218 aflinia
1534 2181 1655 2220 cum
1682 2168 1887 2221 Pacho—

310 2236 445 2300 mio,
479 2236 699 2303 ejusque
730 2237 923 2303 regula.
958 2236 1017 2287 Et
1050 2250 1168 2288 cum
1199 2234 1514 2304 Pachomius
1538 2238 1743 2289 dicatur
1767 2238 1887 2304 qui-

306 2304 533 2357 busdam
565 2305 892 2369 Paclmmius,
919 2319 1105 2359 vereor
1133 2320 1199 2359 ne
1221 2302 1556 2358 Pasthumius
1579 2322 1648 2359 ex
1679 2302 1885 2360 Pachu-

305 2376 409 2425 mio
440 2376 758 2442 irrrepserit.

379 2444 458 2512 (2)
501 2444 821 2515 Spatarius.]
854 2445 923 2498 ita
953 2459 1137 2499 omnes
1162 2445 1443 2499 editiones.
1493 2444 1632 2515 Mox,
1668 2445 1886 2515 plectam

306 2514 368 2565 de
414 2515 598 2581 spatha
636 2513 899 2583 plectebat.
945 2516 1112 2577 Nota},
1146 2515 1398 2584 spat/mla:
1443 2513 1750 2583 palmarum.
1786 2516 1886 2568 Le-

307 2584 399 2635 vit.
432 2599 584 2637 xxtn.
612 2584 677 2635 Et
704 2600 771 2637 ex
799 2585 984 2654 palmis
1011 2584 1122 2638 fere
1140 2596 1307 2639 restes
1329 2601 1452 2639 suos
1475 2595 1529 2639 et
1553 2587 1752 2652 plectas
1776 2588 1886 2653 ple-

305 2655 514 2705 ctebant
545 2654 803 2707 eremitre.
839 2654 983 2708 Alias
1011 2655 1377 2708 existimabam
1413 2655 1691 2722 legendum
1738 2672 1887 2721 sparo

306 2728 487 2792 rarius,
521 2723 671 2791 quasi
700 2725 786 2790 qui
813 2739 842 2777 e
872 2734 1051 2792 sparto
1080 2734 1272 2778 restem
1307 2728 1516 2791 plectat,
1549 2726 1636 2792 qui
1659 2724 1884 2788 Polluci,

307 2791 536 2869 Νὺξ-γηΔ
553 2808 619 2869 ea
630 2811 679 2856 ιι.
708 2793 801 2869 ὅᾷε
816 2791 1020 2869 dicitur
1050 2796 1455 2869 ᾳπᾳρτοπλόκος.

375 2863 451 2928 (5)
493 2862 768 2934 Plenam]
788 2865 924 2934 Mox,
950 2864 1087 2933 [unis
1105 2862 1398 2933 plcetucius,
1419 2880 1447 2917 a
1466 2864 1652 2917 Graeco
1674 2865 1883 2920 πλεκτὸν

306 2931 357 2983 id
396 2944 497 2994 eSt,
531 2931 865 2999 plexnm’seu
896 2931 1113 2988 ﬂexum.
1144 2936 1271 2999 Quae
1301 2950 1402 2987 vox
1434 2950 1536 2988 non
1567 2948 1690 2987 raro
1726 2935 1778 2987 in
1804 2935 1888 2987 his

306 3000 453 3054 libris
485 3004 740 3056 oceurrit.

377 3070 456 3150 μ)
496 3070 777 3143 Priscum]
803 3072 899 3128 Hic
918 3072 1109 3127 dicitur
1128 3074 1399 3139 sacerdos;
1423 3072 1667 3143 sequenti
1690 3074 1884 3143 capite,

310 3156 592 3208 ρριδεορυς.

379 3208 455 3282 (5)
501 3210 693 3265 Census
722 3210 1087 3282 imperatoris.]
1119 3212 1336 3266 Videtur
1360 3213 1474 3267 haec
1505 3213 1755 3281 periodus
1782 3227 1887 3267 rne-

308 3278 459 3352 lioris
486 3284 607 3348 styli
637 3278 986 3349 fragmentum
1017 3278 1156 3337 esse.
1196 3282 1326 3335 Fors
1353 3299 1415 3336 ex
1450 3278 1680 3352 eleganti
1710 3283 1886 3350 aliquo

308 3346 463 3403 Patre
488 3340 880 3405 adumbratum.
904 3353 1106 3406 Alludit
1137 3352 1503 3414 adkmililiam,
1535 3340 1655 3405 cum
1688 3340 1882 3405 nomen
1913 3340 1958 3403 (ἶ

310 3418 648 3487 ἱιιιρθι-υιοιοιε
694 3422 847 3475 militi
895 3423 1299 3475 inscribebatur.
1359 3422 1426 3477 Ut
1483 3423 1569 3476 hic
1612 3422 1678 3477 de
1707 3437 1807 3476 ove
1834 3432 1888 3477 et

1989 2030 2178 2096 milite,
2211 2030 2288 2083 sic
2322 2028 2460 2099 apud
2493 2027 2869 2099 Augustinum,
2901 2025 3056 2093 epist.
3087 2024 3155 2080 50
3189 2041 3201 2076 :
3243 2042 3260 2075 ι
3298 2023 3388 2079 Sic
3416 2039 3570 2099 error

1987 2100 2331 2168 corrigendus
2354 2096 2438 2153 est
2458 2096 2597 2161 ovis,
2618 2106 2800 2168 utnon
2831 2098 2883 2150 in
2910 2112 2971 2168 ea
2999 2102 3370 2168 corrumpatur
3390 2096 3570 2168 signa.

1987 2165 2164 2224 culum
2211 2170 2601 2236 Redemptoris.
2646 2167 2828 2236 Neque
2856 2167 2997 2221 enim
3028 2167 3073 2219 si
3111 2169 3388 2233 quisquam
3421 2165 3568 2236 regio

1987 2243 2296 2292 charactere
2325 2254 2353 2291 a
2383 2233 2591 2305 signato
2630 2233 2903 2291 desertore
2943 2237 3201 2305 signetur,
3244 2244 3296 2286 et
3344 2233 3577 2305 accipiat

1989 2309 2397 2373 indulgentiam,
2429 2304 2586 2376 atque
2611 2306 2701 2362 ille
2737 2308 2922 2360 redeat
2952 2306 3017 2358 ad
3050 2304 3326 2376 militiam,
3352 2304 3445 2376 ille
3477 2317 3574 2376 au-

1991 2388 2095 2431 tem
2128 2393 2248 2431 esse
2290 2380 2339 2430 in
2373 2373 2555 2431 militia
2584 2377 2635 2430 in
2665 2391 2766 2445 qua
2804 2377 3034 2430 nonduin
3067 2384 3181 2427 erat
3226 2374 3463 2438 incipiat,
3517 2373 3568 2425 in

1988 2449 2167 2517 aliquo
2195 2462 2378 2501 eorum
2411 2448 2687 2500 character
2719 2447 2804 2499 ille
2836 2445 3180 2517 rescinditur,
3219 2457 3442 2517 annon
3477 2457 3570 2509 po-

1990 2512 2095 2572 tius
2134 2518 2185 2570 in
2228 2517 2485 2570 ambobus
2516 2518 2846 2584 agnoscitur,
2874 2525 2928 2568 et
2959 2514 3161 2568 honore
3200 2512 3400 2576 debito,
3440 2526 3577 2582 quo-

1988 2590 2128 2641 niam
2161 2590 2337 2656 regius
2360 2596 2462 2652 est,
2496 2588 2865 2654 approbatur?
2908 2602 2927 2636 ι
3581 2599 3595 2613 ·

2062 2676 2140 2747 (6)
2180 2676 2257 2730 De
2283 2693 2383 2746 quo
2429 2674 2607 2746 διξερε]
2653 2674 2788 2729 Hinc
2816 2684 3054 2747 apparet
3092 2680 3363 2747 auctorem
3414 2672 3572 2747 hujus

1990 2742 2131 2801 Vitae
2171 2757 2223 2801 et
2266 2742 2399 2800 alias
2448 2742 2754 2800 sanctorum
2816 2742 2964 2798 Vitas
3019 2742 3443 2798 consarcinasse.
3500 2743 3583 2795 De

1989 2818 2243 2879 Macario,
2274 2818 2363 2886 qui
2396 2817 2684 2870 Antonium
2714 2815 2907 2868 dicitur
2930 2814 3206 2886 sepelisse,
3246 2812 3367 2865 vide
3413 2826 3575 2886 supra

1990 2889 2268 2958 prologum
2292 2882 2354 2941 in
2390 2886 2561 2940 Vitam
2584 2887 2753 2941 sancti
2782 2886 2927 2938 Pauli
2956 2884 3110 2952 primi
3136 2886 3394 2947 eremitze,
3426 2899 3480 2935 ιι.
3513 2882 3568 2936 ο.

2060 2978 2141 3059 ﬂ)
2181 2978 2639 3059 Aqitamscativam
2656 2979 2756 3031 sive
2772 2974 3186 3059 gsrminantem
3210 2975 3327 3059 Ipse
3347 2990 3408 3028 ex
3418 2975 3577 3059 plicat

1990 3046 2116 3118 quid
2140 3046 2342 3103 scativa
2364 3046 2439 3118 sit,
2450 3062 2608 3118 aqua,
2634 3062 2824 3115 nempe
2838 3062 2954 3111 qua:
2971 3046 3193 3099 scaturit
3212 3054 3265 3099 et
3284 3047 3570 3118 germinat.

1991 3114 2073 3172 Ᾱιι
2097 3134 2162 3173 ex
2188 3133 2285 3173 sua
2309 3114 2550 3185 origine?
2574 3118 2682 3171 Nisi
2709 3114 2843 3169 forte
2866 3124 3167 3183 corruptam
3202 3129 3393 3185 aquam
3419 3114 3575 3167 intel-

1991 3189 2135 3257 ligat,
2166 3198 2221 3240 et
2249 3184 2539 3242 scatentem
2568 3187 2857 3257 vermibus.
2880 3185 2980 3257 Vel
3005 3186 3236 3257 stativum
3266 3184 3391 3257 quis
3410 3185 3574 3251 legat,

1992 3254 2053 3311 ut
2076 3259 2127 3311 in
2149 3257 2423 3328 Martyrol.
2452 3257 2679 3328 Adonis,
2706 3255 2930 3328 30_.luli_i
2961 3269 3025 3309 ex
3056 3256 3155 3309 Ms.
3183 3254 3424 3328 reposui,
3450 3267 3576 3328 quae

1992 3329 2102 3381 l‘ere
2142 3323 2421 3383 lutulenta.
2476 3326 2564 3383 Sic
2617 3326 2750 3379 alius
2790 3326 3102 3379 lutulentam
3133 3338 3323 3394 aquam
3355 3323 3490 3377 bibit
3520 3324 3571 3375 in

1998 3398 2115 3451 Vita
2143 3399 2288 3452 Pauli
2319 3398 2475 3467 primi
2506 3396 2761 3462 eremitae,
2793 3410 2913 3464 cap.
2948 3396 3000 3450 5.

1735 3694 1972 3737 ΑΡΒιιις

2018 3696 2147 3737 XIV.

572 3829 1043 3973 VlTA
1147 3827 1859 4043 SANCTI
1953 3830 3069 3980 FRONTONII
3134 3900 3213 3972 ω
3264 3931 3309 3994 ς

1716 4076 2192 4148 ABBATIS

1222 4245 1901 4331 AUCTORE
1979 4247 2639 4331 INCERTO.

1586 4499 2293 4682 aiirotogus.

396 4754 661 4823 Quoniam
696 4771 838 4827 saepe
862 4756 1203 4813 desiderastis
1235 4759 1417 4813 audire
1438 4774 1554 4829 quae
1577 4770 1755 4813 sancta
1781 4769 1924 4824 sunt,
1955 4768 2009 4814 et
2030 4774 2127 4828 ego
2154 4759 2360 4828 placide
2380 4759 2614 4829 disposui
2636 4767 2864 4832 operari,
2887 4766 2997 4835 jam
3024 4781 3131 4820 non
3158 4764 3210 4820 in
3240 4766 3465 4835 pellibus
3490 4780 3588 4821 ca-

320 4862 563 4913 prarum,
594 4850 691 4903 sed
719 4864 851 4904 auro
878 4858 933 4904 et
961 4860 1182 4920 argento
1222 4850 1548 4921 gemmisque
1589 4851 1988 4919 pretiosissimis
2025 4850 2236 4906 decrevi
2268 4864 2579 4907 construere
2618 4855 2874 4922 templum
2908 4856 3021 4919 Dei,
3046 4864 3103 4909 ut
3128 4862 3182 4910 et
3210 4869 3305 4909 nos
3334 4867 3583 4927 tauquam

322 4938 533 5007 lapides
563 4941 669 4994 vivi
699 4941 1025 4995 aediﬁcemur
1058 4944 1107 4996 in
1140 4934 1353 4996 domum
1378 4943 1729 5012 spiritualem,
1754 4958 1817 4996 ex
1850 4942 2098 5011 operibus
2127 4943 2405 4998 meliorum
2431 4944 2770 5013 proﬁcientes
2798 4946 2847 4998 in
2871 4944 3086 4998 Christo
3108 4944 3229 5000 Jesu
3252 4947 3475 5003 Domino
3498 4964 3615 5003 ιιο-⁴

318 5039 435 5085 stro
458 5030 510 5101 (Ι
534 5030 654 5086 Pet.
684 5034 779 5101 ιι);
812 5034 937 5102 quid
971 5049 1111 5088 nunc
1137 5034 1273 5103 apud
1301 5034 1521 5087 hitriam
1555 5044 1759 5103 gestum
1780 5035 1869 5100 sit,
1897 5033 2155 5101 referam;
2188 5044 2243 5091 et
2272 5051 2376 5090 non
2400 5037 2682 5106 prazteribo
2702 5037 2981 5092 veritatem
3011 5038 3115 5092 ullo
3135 5039 3319 5102 modo,
3337 5041 3592 5109 quoniam

319 5125 451 5178 satis
478 5124 710 5179 aediﬁcat
741 5126 1034 5180 monachos
1063 5140 1300 5195 praesens
1328 5126 1657 5194 opusculum.

320 5268 3596 5293 ———___.—_________________._____________.______

1730 5334 2201 5463 VITA.

388 5515 571 5571 Cum
611 5532 917 5571 pntnun.—
940 5517 1103 5589 Igitur
1127 5517 1469 5585 Frontonius,
1488 5533 1648 5573 verus
1673 5518 1763 5575 Dei
1793 5533 1907 5575 ser-

321 5621 439 5671 vus,
478 5609 653 5663 studio
686 5609 777 5663 Dei
805 5610 1007 5664 timoris
1030 5610 1096 5665 de
1118 5610 1205 5664 die
1233 5610 1284 5665 iu
1306 5610 1446 5663 diem
1474 5611 1774 5678 proﬁciens,
1808 5629 1908 5681 pu-

324 5696 520 5753 blicatn
562 5716 1012 5772 connnunemquc
1058 5702 1217 5757 vitam
1266 5702 1701 5773 perhorrescens,
1749 5706 1910 5775 239

2013 5523 2185 5576 aviam
2237 5521 2547 5578 desiderans
2586 5523 2948 5593 solitudinem,
2978 5529 3284 5586 convocatis
3307 5529 3373 5585 ad
3398 5542 3459 5586 se
3479 5529 3585 5584 fra-

2013 5614 2204 5681 tribus,
2235 5613 2370 5668 dixit
2398 5613 2575 5685 (erant
2600 5616 2738 5671 enim
2764 5632 2884 5673 cum
2910 5634 2977 5673 eo
3006 5619 3102 5673 viri
3142 5620 3354 5675 circiter
3381 5629 3594 5687 septua-

2018 5704 2186 5773 ginta)
2221 5721 2233 5757 :
2280 5704 2356 5759 En
2387 5704 2509 5774 quid
2542 5705 2695 5764 nobis
2740 5714 2795 5762 et
2843 5708 3041 5763 mundo
3081 5707 3392 5774 damnabili,
3440 5705 3617 5774 cujus,
