4010 6248
297 294 407 350 έιΙ

1141 293 1298 349 VlTA
1337 292 1581 352 SANCTI
1624 296 1989 355 FRONTONII
2026 300 2334 357 ABBATIS.
2375 303 2693 362 ΝΟΤΔΤΙΟ.

3479 307 3582 362 H2

294 424 442 465 unus
472 408 565 479 qui
595 422 707 478 pra:
727 407 934 463 caeteris
961 407 1180 477 majoris
1210 415 1324 461 erat
1353 408 1584 473 consilii,
1616 409 1891 477 respondit
1921 415 1965 470 Α
1996 426 2113 464 rere
2143 413 2356 478 herbas,
2381 423 2438 468 ut
2461 415 2755 471 laborantia
2782 419 3029 475 animalia
3057 423 3196 478 escis
3223 424 3460 493 pluribus
3488 442 3577 480 re-

292 513 349 556 et
380 504 499 557 ait:
530 501 589 557 Si
619 500 854 556 volueris
902 500 1150 569 accipere
1196 500 1476 554 consilium
1530 515 1734 564 meum,
1760 502 1892 554 cha-

293 593 540 659 rissime,
577 592 800 647 forsitan
823 592 924 646 erit
954 591 1054 644 hoc
1083 592 1173 644 tibi
1204 590 1436 646 salubre.
1479 593 1618 646 Sunt
1658 591 1752 645 tibi
1801 607 1887 644 (³8-

293 687 431 740 meli
461 686 802 753 septuaginta
825 724 840 749 ,
871 697 1034 737 onera
1065 697 1157 737 eos
1187 698 1250 736 ex
1281 683 1530 737 omnibus
1574 684 1749 742 bonis.
1777 682 1904 751 ψεῖ-⁸

295 786 408 836 bus
439 780 698 850 intelligis
731 780 820 833 Dei
853 776 1084 831 famulos
1114 792 1271 842 posse
1298 779 1441 831 vesci
1469 794 1482 843 ;
1514 786 1567 831 et
1593 777 1762 847 dirige
1805 791 1895 830 ca-

296 877 474 927 melos
504 889 601 941 per
630 873 792 934 viam,
828 871 1040 940 nemine
1067 869 1317 923 ducente.
1353 869 1416 923 Et
1442 868 1486 922 si
1535 883 1601 923 ex
1635 868 1746 922 Deo
1793 869 1899 921 hoc

295 966 503 1020 factum
537 974 619 1020 est
650 962 951 1032 imperium,
999 961 1247 1014 animalia
1278 971 1362 1014 tua
1408 961 1553 1015 salva
1582 959 1889 1030 regrediens

298 1065 388 1107 tur
414 1054 482 1108 ad
509 1052 672 1120 te;si
699 1068 830 1107 vero
857 1051 949 1105 tibi
999 1066 1064 1106 ex
1111 1050 1322 1105 diabolo
1370 1051 1577 1121 jactura
1626 1051 1890 1116 imminet,

297 1144 532 1200 libenter
561 1142 730 1198 tolera
772 1142 976 1212 ﬂagella
1008 1142 1296 1209 temporis,
1331 1157 1489 1210 quam
1534 1141 1725 1196 acriori
1755 1141 1893 1195 forte

295 1234 451 1289 unde
473 1233 802 1302 corripiaris.
831 1232 981 1298 Quod
1009 1233 1050 1285 si
1080 1233 1180 1286 hoc
1202 1233 1295 1286 tibi
1318 1233 1597 1288 consilium
1621 1234 1888 1300 displicet,

297 1339 482 1392 quzere
506 1323 670 1378 alium
701 1323 790 1394 qui
822 1324 1012 1392 poterit
1037 1322 1166 1376 dare
1188 1323 1374 1377 melius
1397 1339 1734 1387 responsum.
1769 1324 1891 1376 Ηωο

297 1417 508 1483 dicens,
536 1417 821 1479 conticuit,
852 1415 946 1470 sed
979 1416 1076 1484 ipsi
1105 1418 1256 1469 diviti
1288 1424 1343 1470 et
1369 1431 1456 1485 qut
1490 1432 1611 1470 cum
1646 1432 1711 1469 eo
1737 1425 1892 1469 erant

297 1506 667 1576 hujuscemodi
698 1506 982 1561 consilium
1031 1506 1166 1561 bene
1206 1507 1423 1575 placuit.
1465 1508 1717 1560 Oneravit
1761 1521 1889 1575 ergo

296 1598 575 1666 sexaginta
609 1598 844 1667 quinque
865 1598 1102 1653 camelos
1136 1596 1214 1668 (5)
1242 1613 1305 1653 ex
1339 1598 1420 1652 his
1445 1614 1563 1664 qua:
1608 1600 1746 1653 servi
1791 1599 1887 1652 Dei

296 1687 582 1742 comedere
613 1697 867 1757 possent;
899 1688 1134 1760 quinque
1163 1705 1290 1744 vero
1318 1692 1650 1745 camelorum
1683 1691 1886 1746 cibaria

2000 500 2306 554 licerentur.

2068 592 2192 644 Car.
2227 592 2317 644 lx.
2348 623 2417 631 —
2446 594 2599 650 Mane
2650 607 2826 652 autem
2874 598 3035 667 facto,
3084 601 3251 657 abbas
3298 604 3578 660 consilium

1998 680 2126 733 utile
2157 683 2385 752 eligens,
2416 693 2468 738 et
2494 686 2774 741 avaritiam
2806 690 3028 743 omnino
3072 705 3354 759 spernens,
3381 693 3580 747 medie-

1997 777 2157 824 t-tcm
2188 773 2414 840 sumpsit
2441 789 2704 844 escarum,
2732 778 2892 832 aliam
2924 794 3051 834 vero
3083 792 3285 849 partem
3310 780 3577 843 dividens,

2000 877 2164 929 super
2191 866 2426 919 camelos
2454 881 2660 932 omnes,
2696 884 2762 923 ne
2791 871 2880 924 alii
2910 871 3223 926 viderentur
3254 883 3462 941 portare
3482 913 3496 936 ,
3522 884 3577 927 et

1996 951 2148 1006 fieret
2175 952 2293 1007 aliis
2320 954 2535 1022 injuria,
2563 959 2813 1015 omnibus
2844 962 3076 1016 medium
3129 964 3381 1030 imposuit
3408 978 3566 1027 onus,

1996 1046 2140 1098 velut
2165 1045 2403 1116 eulogias
2432 1045 2515 1116 (8)
2541 1064 2802 1106 revocans
2831 1053 3058 1107 Domino
3090 1070 3286 1120 rerum,
3318 1065 3374 1108 ut
3403 1056 3577 1109 avari-

1997 1138 2082 1191 tia:
2113 1139 2285 1208 legem
2331 1139 2616 1206 scinderet,
2651 1150 2708 1197 et
2735 1145 3074 1201 medietatem
3124 1149 3406 1202 oblatiOnis
3451 1162 3574 1217 pro-

1997 1227 2113 1294 prio
2160 1229 2378 1284 domino
2423 1233 2750 1288 camelorum
2816 1236 3156 1293 reddidisset.
3210 1240 3374 1292 Erant
3419 1239 3578 1306 igitur

1995 1319 2282 1386 supradicti
2299 1321 2455 1376 amici
2484 1338 2603 1377 cum
2625 1326 2846 1381 doman
2866 1329 3215 1392 camelorum,
3235 1331 3575 1384 consolantes

1995 1428 2116 1464 cotn
2165 1413 2234 1465 de
2297 1413 2606 1468 animalium
2663 1423 2927 1471 tantorum
2981 1422 3258 1485 periculo,
3308 1422 3576 1489 simulque

1995 1502 2280 1556 Dominum
2308 1507 2678 1574 deprecantes,
2713 1525 2779 1562 ne
2825 1510 3090 1564 accideret
3140 1513 3408 1566 innocenti
3455 1514 3573 1566 viro

1994 1602 2136 1647 tanta
2166 1595 2394 1661 jactura.
2424 1600 2620 1648 Octava
2653 1607 2828 1651 autem
2860 1599 2968 1664 dic,
2998 1615 3116 1654 cum
3163 1612 3344 1656 essent
3382 1616 3573 1658 omnes

1993 1684 2044 1737 in
2069 1701 2232 1739 unum
2263 1685 2501 1751 collecti,
2529 1686 2696 1754 jejuni
2722 1703 2737 1748 ;
2771 1701 2905 1742 unus
2933 1691 3020 1757 qui
3057 1690 3200 1744 leves
3226 1705 3312 1744 ac-
3337 1691 3571 1745 tinnulas

299 1778 436 1834 facta
483 1780 782 1849 imposuit,
829 1795 1008 1836 escam
1060 1790 1374 1836 cunctorum
1432 1781 1780 1847 animalium,
1831 1783 1884 1834 in
1917 1781 1962 1840 Β
1991 1790 2149 1831 aures
2197 1777 2459 1842 habebat,
2514 1793 2610 1846 per
2653 1779 2868 1834 flamina
2910 1793 3188 1835 ventorum
3242 1784 3573 1850 campanulae

297 1873 535 1927 maximo
563 1873 750 1928 dolore
779 1873 968 1929 dicens
1019 1892 1033 1928 :
1083 1874 1140 1929 Si
1185 1877 1304 1944 quis
1355 1877 1617 1931 invenerit
1666 1891 1781 1940 eos,
1832 1887 1886 1932 et

296 1978 484 2020 eorum
531 1965 839 2034 exposuerit
875 1979 1035 2020 onera
1059 2004 1074 2029 ,
1107 1965 1234 2020 visis
1284 1966 1500 2022 cibariis
1547 1967 1887 2022 miserebitur

297 2054 397 2123 eis,
429 2063 485 2111 et
514 2054 667 2110 dabit
704 2055 782 2110 eis
821 2055 1170 2112 manducare.
1223 2056 1286 2110 Et
1333 2072 1454 2110 cum
1507 2058 1718 2126 ingenti
1756 2060 1882 2110 lletu

301 2160 412 2201 uno
439 2146 629 2201 ordine
658 2147 933 2202 innectens
957 2147 1213 2212 churdas,
1247 2147 1442 2202 direxit
1469 2163 1563 2203 eos
1596 2164 1689 2215 per
1719 2147 1878 2212 viam,

302 2239 687 2294 commendans
715 2240 949 2306 Domino,
981 2251 1036 2294 ut
1064 2241 1108 2294 si
1140 2255 1206 2294 ex
1239 2241 1344 2295 Deo
1372 2249 1516 2296 esset
1545 2241 1831 2309 imperium
1865 2281 1882 2306 ,

303 2331 612 2386 remearent
640 2334 881 2387 celeriter
916 2347 1036 2386 cum
1069 2332 1259 2386 salute.
1287 2331 1474 2386 Nullus
1504 2348 1632 2386 vero
1657 2332 1885 2387 ducator

300 2423 376 2494 (4)
402 2440 526 2478 cum
553 2424 868 2478 animalibus
897 2426 1046 2479 abiit.

364 2515 497 2568 Car.
535 2515 666 2569 Vill.
698 2545 766 2554 —-
797 2516 862 2569 Et
889 2515 1103 2586 quando
1132 2516 1335 2587 egressi
1368 2525 1490 2570 sunt
1512 2516 1750 2586 januam,
1801 2516 1882 2572 di-

298 2604 440 2658 misit
469 2604 717 2659 servulus
747 2605 977 2674 primum
1003 2606 1291 2673 camelum,
1317 2605 1469 2674 cujus
1512 2606 1754 2660 ducaletn
1797 2605 1880 2677 (5)

301 2695 534 2759 tenebat,
577 2710 734 2763 quem
765 2695 948 2749 caeteri
976 2696 1356 2764 sequebantur,
1389 2704 1442 2750 et
1488 2695 1741 2750 abierunt
1788 2711 1882 2762 per

299 2786 432 2838 viain
457 2786 610 2853 juxta
642 2786 986 2855 pracinctum
1032 2789 1226 2840 niontis
1257 2787 1359 2858 (6),
1383 2797 1571 2843 euntes
1601 2788 1725 2842 Sull.
1777 2786 1880 2841 Sed

301 2879 479 2931 nescio
508 2895 575 2931 an
606 2878 707 2932 soli
752 2879 942 2933 cameli
974 2894 1195 2950 pergere
1227 2888 1491 2949 poterant,
1533 2881 1624 2934 sed
1673 2881 1880 2935 Domini

300 2970 483 3022 nuntio
507 2979 801 3036 praeeunte,
833 2969 969 3023 viam
1002 2970 1259 3025 directam
1292 2971 1390 3040 (ut
1421 2971 1748 3025 intellectum
1798 2980 1882 3025 est

301 3060 516 3129 postea)
547 3061 793 3114 abierunt
822 3069 876 3114 et
903 3071 1094 3129 quarto
1125 3060 1212 3116 die
1241 3059 1486 3116 confecto
1511 3059 1722 3126 itinere,
1750 3060 1880 3114 hora

1989 1874 2201 1936 rapiens
2247 1875 2518 1937 sonitum,
2570 1872 2839 1941 paululum
2888 1874 3134 1937 reticuit;
3185 1883 3239 1929 et
3299 1890 3418 1927 cum
3471 1876 3568 1929 be-

1988 1975 2057 2013 ne
2089 1961 2300 2015 tandem
2342 1972 2621 2017 sonantem
2665 1967 3184 2034 comprehenderet,
3235 1967 3308 2020 ait
3358 1983 3374 2020 :
3441 1967 3574 2020 l'uto

1985 2051 2127 2118 quod
2187 2062 2254 2106 ex
2313 2053 2592 2108 altitudine
2656 2060 2914 2110 montium
2989 2073 3261 2125 campanm
3327 2060 3570 2112 snnautis

1988 2150 2164 2194 motus
2209 2142 2443 2196 auditur.
2489 2145 2638 2198 Tunc
2684 2161 2870 2200 omnes
2914 2150 3112 2216 egressi
3158 2158 3440 2203 senserunt
3483 2166 3572 2204 ca-

1989 2233 2248 2286 melomm
2315 2235 2619 2300 adventus;
2677 2239 2991 2305 gratulando
3051 2240 3312 2294 mirabtlis
3376 2241 3567 2294 accidit

1986 2323 2208 2390 latitia,
2259 2323 2482 2378 fecunda
2543 2342 2670 2380 vero
2719 2327 2788 2381 de
2837 2331 3205 2383 consolatione
3260 2332 3376 2385 viri.
3433 2333 3562 2385 Nam

1984 2414 2074 2482 qui
2100 2413 2348 2468 defuncta
2378 2417 2626 2471 animalia
2656 2428 2746 2470 aut
2779 2419 2982 2486 perdita
3011 2422 3116 2486 jam
3171 2424 3398 2490 lugebat,
3432 2421 3561 2493 gau-

1984 2507 2118 2562 dens
2145 2507 2210 2562 de
2238 2511 2466 2578 receptis
2492 2512 2811 2564 animalibus
2841 2512 2996 2583 241
3042 2515 3340 2568 laetabatur.
3401 2517 3569 2568 Vene-

1987 2608 2327 2656 runtomnes
2379 2603 2556 2667 illaesi,
2609 2619 2715 2656 non
2767 2607 2946 2658 tristes
2991 2608 3135 2658 vultu
3164 2647 3176 2669 ,
3209 2621 3306 2659 nec
3350 2606 3569 2661 maciem

1985 2693 2322 2749 necessitatis
2369 2695 2648 2750 habentes.
2699 2696 2950 2765 Suscepit
2997 2714 3122 2767 ergo
3167 2699 3400 2754 camelos
3443 2714 3568 2753 suos

1985 2785 2146 2838 homo
2177 2785 2284 2852 ille,
2317 2803 2436 2840 cmn
2470 2802 2657 2857 magna
2689 2791 2976 2856 gratiarum
3029 2791 3238 2844 actione
3267 2808 3281 2856 ;
3331 2797 3385 2845 et
3434 2793 3564 2846 visis

1983 2877 2254 2940 oneribus,
2287 2878 2453 2932 multo
2499 2881 2727 2946 amplius
2771 2892 3062 2944 recreatus,
3109 2882 3361 2937 exsultat.
3411 2884 3565 2940 Tunc

1984 2977 2037 3020 et
2062 2968 2184 3022 illos
2211 2969 2430 3030 amicos,
2464 2978 2518 3023 et
2548 2985 2807 3039 pauperes
2832 2974 3032 3040 plures,
3065 2973 3130 3027 ad
3157 2975 3435 3041 prandium
3468 2992 3565 3030 no-

1987 3056 2092 3110 bile
2124 3067 2294 3122 vocat,
2325 3058 2653 3129 easdemque
2698 3062 2935 3132 eulogias
2984 3064 3343 3132 indigentibus
3388 3066 3572 3120 distri-

299 3167 432 3203 nona
466 3152 746 3221 agentibus
774 3167 908 3222 opus
939 3153 1032 3207 Dei
1066 3153 1339 3218 fratribus,
1368 3154 1510 3208 sicut
1538 3153 1752 3223 quidam
1786 3167 1879 3222 po-
1907 3149 1954 3213 C
1985 3149 2099 3204 buit
2125 3165 2257 3218 quas
2283 3163 2582 3221 acceperat.
2618 3153 2721 3208 Sed
2773 3164 2826 3209 et
2871 3156 3056 3211 amicis
3095 3159 3182 3226 qui
3232 3158 3455 3212 aderant
3499 3174 3566 3213 ex

299 3252 405 3295 stea
440 3243 622 3295 retulit
651 3243 835 3310 nobis,
859 3258 985 3298 ecce
1017 3244 1218 3312 primus
1247 3255 1372 3299 ante
1404 3245 1546 3299 fores
1602 3244 1878 3299 accubavit

298 3338 534 3390 camelus
564 3354 576 3388 :
609 3337 701 3390 sed
731 3351 1004 3406 campana:
1038 3338 1270 3392 sonitum
1302 3338 1380 3409 (7)
1423 3339 1609 3394 audire
1652 3354 1754 3391 non
1781 3353 1878 3406 po-

300 3433 396 3482 tuit
445 3438 791 3497 perstrepens
837 3444 1001 3483 sonus
1054 3429 1392 3497 hymnorum.
1444 3429 1626 3484 Abbas
1676 3438 1879 3494 tamen,

300 3521 548 3587 quoniam
584 3534 751 3588 prope
782 3520 976 3574 ostium
1007 3529 1142 3584 erat,
1175 3521 1288 3588 ipse
1320 3523 1466 3588 prior
1497 3519 1653 3585 vidit,
1685 3528 1737 3574 et
1780 3536 1880 3588 ga-

299 3609 440 3662 visus
469 3617 554 3663 est
582 3609 755 3664 valde.
787 3609 1056 3678 Angustus
1078 3611 1219 3664 enim
1254 3617 1370 3664 erat
1400 3609 1647 3664 introitus
1695 3623 1880 3664 mona-

299 3701 471 3766 sterii,
504 3709 559 3755 et
582 3700 729 3755 solus
755 3701 918 3755 abbas
957 3699 1102 3755 iores
1131 3716 1227 3756 suo
1255 3712 1395 3756 statu
1441 3701 1744 3766 claudebat,
1777 3717 1882 3756 cte-

301 3793 537 3862 terisquc
563 3791 892 3860 interpositis
915 3792 1164 3846 fratribus
1188 3795 1371 3863 tacuit,
1399 3794 1530 3848 nihil
1551 3793 1881 3861 respondens

299 3884 468 3938 donec
501 3871 684 3953 hymni
713 3882 1126 3951 complerentur.
1159 3882 1311 3938 Tunc
1351 3884 1622 3954 completo
1653 3883 1881 3955 hymno-

299 3988 412 4026 rum
464 3975 655 4027 ordine
699 3972 969 4027 advocatis
990 3973 1261 4038 fratribus,
1310 3990 1444 4043 pene
1489 3976 1880 4045 improperans,

299 4065 370 4117 ait
399 4082 412 4117 :
451 4063 550 4118 Ubi
576 4072 700 4118 sunt
727 4065 1180 4119 murmurationes
1203 4067 1432 4122 vestrae?
1461 4067 1599 4122 Ecce
1625 4068 1882 4122 Dominus

299 4156 626 4225 intproperio
657 4155 778 4209 I'orti
805 4156 960 4211 nobis
989 4169 1140 4211 escas
1166 4155 1233 4210 ab
1259 4156 1368 4211 alto
1397 4157 1572 4224 misit,
1597 4159 1683 4213 cui
1715 4159 1884 4213 voluit

300 4245 413 4300 viro
446 4247 690 4316 prudenti
720 4246 990 4315 imperans
1021 4247 1242 4302 adduxit
1279 4247 1433 4304 nobis
1463 4251 1696 4303 camelos
1743 4265 1881 4302 onu-

299 4346 432 4395 stos.
485 4337 709 4404 Venite,
756 4338 1086 4408 deponamus
1133 4353 1334 4406 onera,
1376 4348 1435 4394 ut
1478 4341 1683 4409 possint
1733 4339 1882 4395 refici

299 4429 544 4484 animalia
570 4428 728 4485 lassa.
754 4429 906 4485 Tunc
931 4445 1118 4485 omnes
1164 4431 1296 4484 mira
1347 4431 1701 4500 gratulatione
1750 4431 1878 4499 lacti,

1985 3238 2065 3294 eis
2097 3239 2317 3309 largitus
2346 3253 2458 3302 eSt;
2491 3253 2545 3296 et
2575 3243 2690 3311 ipse
2717 3259 2927 3313 quoque
2969 3246 3393 3302 benedictionem
3439 3264 3559 3302 san-

1984 3339 2084 3386 ctae
2103 3330 2450 3401 iucunditatis
2479 3335 2732 3404 acipiens,
2760 3338 3028 3406 gaudebat
3056 3338 3108 3391 in
3143 3339 3390 3393 Domino.

2061 3419 2191 3476 Car.
2225 3421 2446 3477 X.—-Ex
2480 3425 2572 3478 illo
2600 3426 2759 3495 igitur
2800 3443 2962 3494 anno,
3014 3445 3180 3498 usque
3229 3433 3280 3483 in
3339 3439 3564 3484 mortem

1993 3512 2294 3580 Frontonii,
2325 3517 2402 3570 sic
2432 3516 2584 3571 dives
2607 3520 2693 3572 ille
2720 3529 2905 3574 notato
2937 3529 3196 3588 tempore,
3229 3520 3441 3587 quando
3463 3523 3570 3590 pri-

1992 3620 2138 3658 mum
2169 3605 2411 3666 miserat,
2457 3621 2610 3660 escas
2659 3612 2992 3664 necessarias
3038 3611 3166 3678 ipsis
3194 3609 3484 3680 dirigebat;
3514 3621 3569 3664 et

1992 3695 2110 3749 aliis
2141 3694 2220 3749 sic
2244 3695 2496 3751 divitibus
2528 3697 2782 3752 Dominus
2811 3700 3127 3767 imperabat,
3151 3713 3208 3754 ut
3233 3716 3299 3756 ex
3320 3701 3570 3754 tnnnibns

1994 3785 2222 3855 dapibus
2247 3786 2475 3857 irrigati,
2498 3790 2627 3842 nihil
2650 3791 2738 3843 Dei
2759 3792 2898 3845 servi
2921 3807 3041 3845 cum
3066 3801 3251 3845 sancto
3280 3791 3571 3846 Frontonio

1995 3879 2171 3933 minus
2195 3878 2476 3935 haberent.
2511 3881 2809 3950 Vigilabant
2837 3883 2888 3937 in
2919 3884 3167 3952 operibus
3199 3885 3293 3939 Dei
3331 3885 3426 3939 tilii
3446 3899 3568 3938 cum

1995 3969 2179 4036 Patre,
2210 3971 2678 4042 spiritualibusque
2724 3989 2818 4028 eos
2874 3975 3168 4030 admonens
3194 3975 3442 4046 dapibus,
3476 3980 3571 4031 im-

1987 4063 2168 4131 plebat
2189 4063 2427 4132 quotidie
2455 4078 2706 4119 sermone
2729 4067 2966 4133 ccclesti;
3015 4052 3393 4138 exsultansque
3423 4070 3567 4123 laeta-

1987 4153 2144 4207 batur
2177 4153 2228 4206 in
2262 4153 2509 4216 Domino,
2539 4155 2627 4224 qui
2652 4156 2751 4211 sibi
2781 4157 2938 4212 talem
2972 4157 3192 4213 dederat
3218 4157 3567 4226 intellectum,

1990 4253 2048 4298 ut
2076 4244 2192 4297 avia
2208 4243 2511 4299 solitudinis
2544 4247 2660 4300 loca
2690 4245 2845 4316 digna
2885 4247 3188 4312 quaesisset.

2055 4336 2182 4390 Car.
2241 4335 2717 4406 XL—Legendum
2769 4341 2871 4394 hoc
2911 4342 3123 4406 tradite,
3180 4341 3469 4395 multorum
3497 4342 3562 4392 ad

1996 4426 2405 4482 aedificationem
2439 4429 2843 4485 monachorum.
2873 4431 2962 4485 llle
2987 4434 3129 4485 enim
3154 4433 3321 4500 magis
3347 4440 3574 4486 erittne-

299 4521 654 4576 communiter
696 4523 984 4590 gratiarum
1027 4525 1294 4578 actionem
1343 4523 1452 4579 Deo
1503 4523 1874 4590 reddiderunt,
1911 4530 1962 4589 υ
1990 4519 2091 4571 lior
2120 4518 2171 4572 in
2201 4530 2490 4587 conspectu
2525 4521 2637 4584 Dei,
2671 4537 2774 4574 non
2796 4523 3101 4591 quicunque
3124 4522 3336 4592 legerit,
3366 4523 3460 4576 sed
3483 4525 3571 4590 qui
3604 4516 3608 4520 ’

300 4622 350 4666 et
380 4613 678 4682 gaudentes
719 4614 1056 4683 deponebant
1101 4630 1265 4670 onera
1311 4615 1660 4673 camelorum.
1709 4615 1881 4686 Supra

299 4704 534 4771 quinque
565 4718 693 4759 vero
722 4708 978 4772 camelos,
1010 4709 1261 4762 reseratis
1286 4710 1540 4776 sarcinis,
1564 4709 1765 4765 cibaria
1796 4727 1883 4765 re-

303 4808 573 4864 pererunt.
598 4797 888 4853 Abluentes
909 4800 1065 4869 igitur
1084 4801 1388 4856 animalium
1418 4805 1600 4871 pedes,
1625 4804 1692 4858 de
1712 4812 1885 4858 stratu

311 4903 486 4943 eorum
513 4890 750 4944 fecerunt
780 4895 1040 4962 praesepia
1067 4909 1080 4958 ;
1115 4902 1167 4948 et
1195 4905 1561 4962 apposuerunt
1590 4897 1671 4951 eis
1701 4912 1875 4963 escas,

298 4994 430 5049 quas
455 4979 556 5050 ipsi
586 4980 684 5036 sibi
707 4993 1138 5051 apportaverant,
1170 5001 1377 5039 necnon
1407 4997 1461 5042 et
1481 4989 1578 5057 ipsi
1605 4988 1766 5042 etiam
1796 4990 1880 5041 tli-

297 5077 608 5131 scurrebant
643 5093 739 5147 per
767 5095 955 5135 omnes
980 5083 1176 5134 montis
1206 5085 1498 5152 anfractus,
1541 5097 1691 5138 notas
1719 5089 1886 5157 inqui-

1989 4611 2266 4666 credendo
2300 4612 2391 4666 Dei
2426 4613 2605 4668 servis
2646 4615 2725 4668 sic
2767 4613 2975 4668 fecerit.
3009 4615 3307 4669 Mercedem
3338 4625 3516 4668 autem
3544 4629 3574 4670 a

1990 4703 2206 4756 Christo
2236 4703 2361 4757 .lesu
2397 4705 2626 4758 Domino
2658 4716 2840 4758 nostro
2891 4706 3129 4772 recipiet,
3162 4709 3249 4773 qui
3278 4705 3576 4774 eleemosy-

1992 4810 2113 4849 nam
2146 4811 2436 4864 pauperum
2462 4813 2565 4850 non
2595 4798 2922 4865 despexerit,
2953 4806 3006 4851 et
3041 4812 3226 4850 servos
3257 4798 3348 4850 Dei
3369 4797 3577 4851 directo

1997 4887 2162 4940 corde
2210 4888 2429 4942 intuitus
2454 4886 2637 4955 fuerit,
2689 4889 2741 4942 in
2791 4889 2958 4957 gloria
3005 4888 3212 4941 Domini
3251 4888 3421 4941 nostri
3449 4889 3575 4943 Jesu

1990 4976 2215 5040 Christi,
2243 4979 2328 5032 cui
2359 4986 2442 5033 est
2467 4978 2641 5032 honor
2662 4989 2715 5033 et
2742 4979 2911 5046 gloria
2933 4979 2984 5031 in
3017 4980 3208 5032 saecula
3229 4981 3572 5034 smculorum.

1990 5070 2185 5125 Amen.
2218 5069 2346 5125 Haec
2371 5071 2473 5126 sub
2502 5070 2773 5125 Antonino
2804 5067 2882 5141 (9)
2912 5070 3231 5137 imperatore
3259 5079 3405 5140 gesta
3426 5079 3571 5134 sunt,

1997 5162 2370 5220 tertiodecimo
2391 5177 2531 5217 anno
2559 5161 2768 5231 imperii
2798 5160 2934 5230 ejus.

1577 5263 1946 5326 ROSWEYDI
1985 5273 2308 5332 NOTATIU.

373 5345 451 5414 (1)
475 5342 798 5427 FrontoniiJ
823 5348 956 5427 Aliis
979 5348 1179 5427 Fronto
1208 5351 1420 5427 dicitur.
1455 5353 1885 5427 Martyrologium

304 5414 626 5480 liotnanctn,
655 5416 719 5470 H
752 5414 952 5484 Aprilis
983 5439 995 5474 :
1034 5439 1052 5471 ι
1085 5423 1421 5476 Alexandriae
1456 5414 1626 5478 sancti
1653 5414 1885 5482 Fronto-

303 5487 382 5556 nis
404 5486 632 5552 abbatis,
658 5486 811 5556 cujus
838 5491 940 5542 vita
962 5494 1245 5545 sanctitate
1267 5505 1319 5546 ct
1340 5495 1609 5548 miraculis
1632 5497 1844 5553 claruit.
1861 5520 1878 5552 ι

303 5551 500 5608 Eadem
548 5559 683 5624 apud
724 5551 1045 5613 'Usuardum
1091 5573 1145 5615 et
1190 5565 1452 5616 Adonem.
1499 5566 1657 5620 Addit
1697 5551 1882 5624 Beda“:

309 5629 444 5696 iuni
464 5629 797 5696 septuaginta
823 5632 990 5683 lenne
1020 5631 1173 5685 l‘ater
1197 5633 1401 5688 exstitit
1425 5638 1828 5693 monachorum.
1857 5659 1877 5690 ι

306 5695 590 5752 ithabanus
611 5695 674 5752 et
708 5699 975 5754 Notherus
1005 5699 1170 5757 fusius
1201 5705 1470 5774 aliquanto
1495 5722 1607 5762 rem
1638 5720 1880 5776 narrant,

1994 5380 2056 5418 ex
2089 5365 2188 5420 hoc
2221 5368 2359 5430 loco,
2392 5375 2448 5419 ut
2475 5374 2720 5433 apparet,
2741 5363 3131 5434 depromptatu.
3158 5364 3318 5420 Miror
3350 5366 3489 5420 unde
3517 5368 3574 5422 in

1994 5435 2236 5490 Florurio
2267 5438 2585 5492 Sanctorum
2619 5435 2979 5504 manuscripto
3012 5455 3026 5491 :
3066 5454 3083 5487 ι
3121 5435 3269 5490 Obiit
3315 5454 3457 5490 anno
3486 5452 3574 5489 sa-

1993 5507 2117 5559 lutis
2150 5508 2272 5562 ιη.
2313 5526 2330 5560 ι
2369 5506 2445 5560 De
2475 5507 2575 5561 hoc
2623 5507 2814 5561 Petrus
2861 5507 2915 5560 in
2970 5508 3214 5576 catalogo
3268 5518 3573 5576 sanctorum

1992 5577 2128 5629 lihro
2156 5593 2232 5642 χι,
2264 5592 2381 5646 cap.
2405 5577 2606 5642 ultimo,
2635 5592 2780 5631 num.
2814 5577 2935 5630 ΜΟ.
2959 5575 3243 5631 Cavendus
3269 5577 3448 5644 lapsus
3475 5575 3573 5628 Pe«

1993 5654 2078 5723 iri,
2113 5648 2202 5700 lib.
2235 5663 2305 5712 Ix,
2339 5648 2615 5725 ca_p._lllll,
2645 5658 2700 5725 et
2732 5647 3005 5725 Antonini,
3027 5646 3328 5725 in_Chron..,
3359 5650 3508 5725 parte
3534 5657 3570 5703 ι.

1993 5718 2069 5770 tit.
2103 5733 2172 5785 vt,
2197 5711 2317 5788 cap.
2341 5711 2430 5787 26',
2458 5719 2484 5788 §
2523 5721 2570 5786 i,
2599 5719 2689 5788 qui
2712 5711 3040 5774 confundunt
3068 5718 3198 5771 Acte
3223 5713 3377 5778 hujus
3397 5711 3570 5767 Fron-
