4010 6266
398 366 503 422 453

397 550 543 618 scopi
579 549 919 617 l'etragorici.
954 548 1315 616 Distingttendi
1346 558 1489 613 sunt,
1544 558 1596 602 et
1643 549 1798 601 unius
1847 548 1962 600 Vita

396 621 464 671 ab
487 620 706 671 alterius
735 619 1050 684 separanda.

470 689 635 740 Recte
682 689 909 740 advertit
965 689 1150 739 Petrus
1199 685 1433 740 Maturus
1482 696 1683 752 noster,
1718 686 1967 740 Antonini

399 766 805 822 COIIlttletllillul‘,
837 774 951 823 qua:
978 757 1043 808 de
1070 758 1284 807 camelis
1303 755 1387 808 hic
1410 767 1694 808 narrantur
1712 772 1814 809 non
1839 772 1954 808 con-

400 829 581 879 venire
602 828 785 879 Gallia:
809 826 1131 893 regionibus,
1166 826 1265 877 nisi
1323 826 1553 882 dicatur.
1593 826 1783 892 inquit,
1810 826 1967 893 hujus

405 897 541 949 Vitae
571 907 865 957 auctorem,
899 898 1196 961 quicunque
1227 896 1335 961 ille,
1377 898 1610 948 camelos
1640 911 1733 963 pro
1754 896 1969 964 jumen-

406 968 473 1020 tis
502 967 800 1018 sarcinariis
828 966 1226 1033 quibuscunque
1258 980 1564 1033 usurpasse.

474 1036 599 1094 Sed,
635 1044 690 1087 ιιι
719 1036 849 1095 dixi,
885 1034 1179 1087 Frontones
1212 1035 1262 1086 hi
1294 1037 1397 1085 duo
1428 1034 1785 1102 distinguendi
1835 1049 1969 1100 quo-

404 1122 522 1158 rum
552 1120 686 1157 unus
716 1104 766 1155 in
797 1102 975 1156 Galliis
1007 1104 1209 1168 ﬂoruit,
1243 1105 1375 1156 alter
1406 1106 1454 1157 in
1491 1104 1740 1172 :Egypto,
1767 1105 1850 1154 ubi
1880 1120 1969 1156 ca-

408 1175 665 1227 melorum
712 1189 857 1226 usus.
919 1174 1200 1226 Frontonis
1246 1173 1381 1226 Galli
1439 1175 1693 1227 memoria
1745 1174 1971 1227 celebris

405 1254 576 1297 exstat
598 1244 667 1296 25
691 1243 877 1296 Octob.
912 1244 962 1295 in
995 1244 1368 1312 Martyrologio
1397 1244 1654 1296 Romano.

476 1314 621 1365 Alius
645 1326 852 1379 quoque
884 1312 1086 1365 Fronto
1118 1322 1318 1380 martyr
1345 1329 1477 1365 unus
1508 1331 1571 1365 ex
1619 1327 1744 1365 xvnt
1775 1322 1964 1380 marty-

404 1381 549 1438 ribus
571 1382 1075 1450 Cmsaraugustanis,
1100 1384 1165 1434 de
1193 1398 1296 1449 quo
1346 1383 1395 1435 in
1452 1382 1831 1450 Martyrologio
1861 1382 1968 1435 R0-

404 1466 584 1525 Inann,
620 1452 686 1505 16
716 1454 946 1525 Aprilis,
975 1462 1028 1525 et
1054 1452 1395 1519 Prudentius,
1432 1453 1614 1523 hymn.
1647 1452 1681 1503 4
1707 1457 1826 1525 περὶ
1863 1474 1973 1525 offre-

405 1524 521 1592 9d».
552 1525 758 1592 Petrus,
791 1521 842 1576 in
871 1523 1110 1588 catalogo
1140 1520 1591 1592 sanctorum,'li_b.
1625 1539 1697 1583 tv,
1724 1520 1843 1589 cap.
1874 1520 1968 1575 56.

477 1590 556 1660 (Ξ)
587 1589 676 1643 Bis
706 1601 900 1654 acutos,
961 1608 1235 1659 parvosque
1275 1589 1547 1660 sarculos.)
1597 1593 1835 1645 Ilisacuta
1876 1608 1971 1644 seu

406 1660 659 1713 bisacutus
698 1662 780 1713 hic
810 1661 1073 1727 peculiare
1124 1662 1529 1714 instrumentum
1580 1671 1685 1728 est,
1732 1671 1788 1712 ut
1821 1672 1874 1713 et
1919 1663 1971 1713 itt

407 1730 525 1782 Vita
552 1731 717 1783 sancti
745 1730 981 1793 Antonii,
1014 1744 1131 1797 cap.
1149 1730 1239 1799 25,
1266 1748 1319 1784 ιι.
1347 1732 1433 1782 62.
1467 1732 1794 1785 Glossarium
1816 1731 1972 1784 Cam-

1430 363 1517 416 DE
1560 352 2056 417 VtTts’rA'ruUtt
2099 360 2298 415 LIBER
2344 361 2614 418 rnzttus.

398 481 527 532 tomi
556 494 674 531 cum
708 480 853 532 Actis
880 476 1163 532 Frontonis
1186 477 1617 545 discipulisaucti
1653 478 1816 543 Petri,
1844 479 1957 539 opi-
1995 481 2041 537 Α

3549 363 3645 417 ιιι

2141 478 2217 548 (5)
2251 476 2531 546 Sexaginta
2557 480 2778 546 quinque
2821 477 3085 601 camelos.)
3131 478 3206 531 Ita
3237 490 3507 531 manuscr.
3546 477 3649 528 Au-

2144 552 2424 601 marcnsis.
2482 558 2533 599 et
2592 559 2743 601 vetus
2786 549 2969 601 editio.
3023 548 3278 601 llmbano
3316 555 3370 599 et
3419 545 3649 598 Notkero

2070 545 2424 610 dotnarcnsis,
2482 558 2533 599 et
2592 545 2743 601 vetns
2786 549 2969 601 editio.
3023 545 3278 601 llhubano
3316 555 3370 599 et
3419 545 3651 598 Nntkero

2071 616 2293 685 quinque
2322 619 2495 670 deest.
2530 617 2837 684 Requiritur
2865 620 2967 671 huc
2994 619 3057 671 ad
3118 631 3398 670 numerum
3430 624 3646 682 septua-

2069 686 2236 754 ginta.
2266 687 2392 738 Nam
2423 702 2541 739 mox
2570 689 2671 740 alia
2703 689 2934 754 quinque
2960 698 3274 755 sequuntur.

2142 756 2219 824 (Ξ)
2257 755 2521 825 Ducator.)
2558 758 2633 809 Ita
2686 753 3011 819 usurpabant
3040 753 3143 824 pro
3182 757 3415 825 ductor._
3436 753 3649 825 Tertul-

2071 822 2261 886 lianus,
2295 826 2430 877 libro
2458 822 2711 879 adversus
2749 826 2979 891 Judzeos,
3012 822 3130 894 cap.
3176 825 3242 880 15
3275 843 3287 876 :
3323 842 3343 875 ι
3378 823 3510 877 Cum
3532 822 3630 876 du-

2073 905 2221 947 cator
2251 897 2364 959 ejus
2399 898 2447 947 in
2479 910 2538 949 ea
2565 896 2667 961 pati
2692 896 2927 949 haberet.
2964 913 2982 946 ι

2145 964 2223 1034 (5)
2260 960 2774 1034 Ducutem.)Eatletn
2808 966 2996 1029 forma,
3023 981 3125 1032 qua
3153 973 3275 1019 ante
3295 964 3530 1016 ducatur.
3561 960 3653 1015 Sic

2073 1034 2299 1096 dttcatio,
2350 1036 2487 1101 apud
2533 1034 2935 1096 Tertullianutn.
2970 1037 3035 1089 de
3064 1034 3269 1087 Corona
3304 1034 3485 1094 tnilit.,
3534 1046 3650 1097 cap.

2074 1105 2131 1157 11
2175 1122 2186 1155 :
2222 1123 2240 1155 ι
2280 1106 2369 1158 Vel
2398 1107 2508 1174 ipse
2532 1105 2647 1159 haec
2676 1106 3104 1174 prtestruxerim,
3130 1112 3180 1157 et
3207 1113 3430 1174 cteteras
3447 1101 3653 1174 officia-

2076 1173 2206 1225 lium
2239 1172 2553 1227 coronarum
2586 1190 2795 1241 causas,
2848 1175 3040 1243 quibus
3082 1172 3495 1227 familiarissima
3552 1172 3652 1223 ista

2074 1243 2283 1296 ducatio
2310 1244 2659 1299 necessitatis.
2692 1264 2711 1296 ι

2144 1311 2221 1383 (6)
2249 1313 2411 1368 Juxta
2438 1316 2764 1385 pra’cinctum
2792 1312 3020 1385 montis.)
3044 1314 3121 1385 ita
3140 1313 3249 1385 Allis.
3265 1311 3428 1385 Vetus
3450 1309 3613 1363 editio
3638 1327 3649 1360 :

2066 1382 2218 1451 juxta
2266 1382 2667 1452 prwcinctorium
2699 1385 2903 1437 montis.
2963 1382 3299 1448 Coloniens.,
3322 1383 3479 1453 juxta
3517 1394 3653 1448 pra:-

2075 1454 2259 1504 dictam
2288 1456 2418 1506 viam
2448 1456 2649 1507 montis.

2150 1523 2229 1591 (7)
2263 1522 2540 1589 Campana:
2569 1522 2835 1592 sonitum.)
2857 1522 2990 1575 Hinc
3017 1530 3236 1589 apparet
3260 1520 3369 1589 jam
3393 1519 3517 1572 olint
3537 1531 3656 1587 gre-

2077 1593 2231 1662 gibus
2264 1595 2607 1647 tintinnabu'a
2637 1595 2895 1659 apposita.
2928 1592 3052 1646 Vide
3075 1594 3355 1662 Onomast.

2147 1661 2227 1731 (8)
2255 1662 2545 1733 Eulogius.)
2574 1655 2845 1733 Frequens
2875 1664 3114 1733 voxlttec
3144 1660 3326 1714 Graeca
3349 1656 3487 1727 apud
3505 1655 3657 1733 ‘Lati-

2077 1746 2173 1783 nos
2203 1728 2494 1799 Scriptores
2525 1728 2618 1797 pro
2643 1728 3069 1786 benedictionibus
3097 1746 3192 1785 seu
3242 1745 3451 1782 munere
3498 1728 3661 1779 bene-

407 1799 707 1893 beroinlense
752 1800 1164 1893 tuanuscriptum
1199 1819 1210 1853 :
1241 1820 1259 1851 t
1298 1802 1559 1893 Eisacuta,
1593 1802 1969 1893 ferramentum
2006 1835 2052 1893 Β
2079 1802 2334 1893 dic/tionis.
2379 1802 2506 1893 Vide
2532 1804 2807 1893 ()nomast.

408 1868 669 1941 quoddam
697 1870 939 1941 utrinque
968 1870 1228 1941 incidens.
1257 1891 1273 1921 ι
1298 1871 1459 1924 Plane
1485 1888 1583 1939 qua
1617 1872 1784 1924 forma
1800 1872 1976 1941 bipen—

408 1938 486 1990 nis
508 1938 719 2007 dicitur,
753 1939 900 2008 quasi
929 1940 1008 1993 bis
1037 1954 1319 2009 penuatum
1344 1957 1437 1995 seu
1466 1938 1699 1994 aeutum.

2153 1871 2231 1941 (9)
2262 1871 2393 1924 Ilwc
2419 1874 2507 1923 sub
2537 1869 2840 1939 Antonium]
2877 1871 2950 1924 ita
2998 1870 3343 1937 Manuscript.
3395 1876 3448 1923 et
3493 1863 3658 1921 Colo-

2084 1943 2305 1994 niettsis.
2337 1941 2471 1994 Male
2493 1942 2542 1993 in
2575 1941 2743 1995 veteri
2774 1944 2857 1994 edi
2884 1944 3027 2007 ione,
3060 1941 3302 1993 Antonio.

408 2093 3662 2130 mw

1938 2118 2147 2128 ’κγ-*ρ

1713 2233 2078 2278 ΝονΕΜιιιιιε
2144 2235 2348 2276 XXVII.

1153 2374 1628 2487 VITA
1661 2426 1739 2498 (ι)
1772 2370 2903 2485 εΑιιῐοτοιωΜ

983 2581 1959 2726 BARLAAM
2014 2650 2091 2720 ω)
2146 2581 3077 2723 ΕΒΕΜΙΤᾸΕ

1967 2820 2110 2890 ΕΤ

761 2982 1790 3132 JOSAPHAT
1887 2987 2505 3130 INDUE
2604 2980 3303 3146 REGIS,

1159 3239 1526 3303 AUCTORE
1569 3236 1877 3300 SANCTO
1920 3237 2225 3297 JOANNE
2270 3230 2751 3297 DAMASCENO
2798 3229 2911 3311 (3),

1300 3409 1738 3465 INTERPRETE
1777 3409 2034 3465 JACOBO
2072 3408 2297 3466 BlLLlO
2337 3406 2419 3478 (4)
2458 3402 2777 3462 PRUNA‘JO.

1375 3602 2043 3815 ἦβῦοιοᾳιιβ
2111 3633 2713 3777 auctoris.

504 3891 662 3963 242
687 3890 998 3961 Quicunque
1018 3892 1205 3962 spiritu
1240 3892 1331 3947 Dei
1365 3901 1613 3962 aguntur,
1647 3891 1697 3945 hi
1751 3902 1874 3945 sunt
1919 3891 2013 3945 filii
2049 3891 2160 3957 Dei,
2200 3902 2259 3945 ut
2308 3892 2381 3945 ait
2423 3894 2711 3958 Apostolus
2740 3891 2915 3961 (Rom.
2941 3896 3079 3961 vni).
3117 3893 3249 3948 Illud
3276 3909 3433 3962 porro
3473 3896 3680 3965 Spiritu

421 3996 609 4039 sancto
639 3985 849 4050 donari,
879 3993 934 4039 et
953 3985 1090 4040 filios
1119 3984 1210 4040 Dei
1243 3985 1380 4050 ﬁeri,
1412 3983 1837 4053 expetendorum
1871 3984 2112 4037 omnium
2162 3992 2463 4037 extremum
2491 3990 2573 4035 est
2611 3979 2920 4052 (Nazianz.,
2972 3992 3104 4036 orat.
3155 3984 3219 4038 de
3262 3986 3573 4054 Athanas.);
3626 3997 3681 4041 et

427 4092 534 4146 quo
564 4093 684 4132 cum
712 4085 932 4132 ventum
966 4079 1144 4147 fuerit,
1178 4077 1511 4147 conquiescit
1540 4076 1716 4130 omnis
1739 4075 2616 4145 contemplatio,quemadmodum
2650 4076 2846 4130 divinis
2865 4074 3084 4131 Litteris
3116 4078 3379 4146 proditum
3406 4090 3505 4134 est.
3533 4080 3683 4135 lianc

420 4169 583 4238 igitur
614 4170 987 4237 excellentem,
1022 4180 1075 4224 et
1106 4170 1519 4239 expetendarum
1548 4168 1789 4222 omnium
1823 4183 2004 4223 rerum
2036 4182 2341 4236 supremam
2391 4167 2798 4234 beatitudinem,
2845 4168 3017 4223 sancti
3062 4183 3271 4233 omnes,
3323 4171 3413 4239 qui
3458 4171 3527 4224 ab
3567 4185 3684 4225 aevo

419 4257 637 4313 condito
666 4259 1016 4329 exstiterunt,
1048 4275 1141 4328 per
1168 4262 1422 4315 virtutum
1453 4261 1654 4313 cultum
1685 4273 1749 4314 ac
1774 4259 2008 4313 studium
2048 4258 2233 4313 divino
2259 4259 2519 4315 beneﬁcio
2546 4260 2819 4315 consecuti
2863 4268 3024 4326 sunt;
3054 4269 3112 4315 ut
3138 4261 3227 4331 qui
3270 4264 3457 4331 partim
3481 4275 3683 4334 marty-

420 4352 558 4405 rium
589 4352 871 4417 subierint,
896 4364 1060 4421 atque
1088 4355 1152 4409 ad
1184 4352 1500 4418 sanguinem
1527 4364 1693 4417 usque
1713 4350 1974 4405 adversus
1999 4359 2276 4418 peccatum
2298 4350 2352 4405 in
2382 4352 2500 4406 acie
2525 4351 2794 4417 steterint,
2839 4351 3033 4419 partim
3063 4350 3329 4420 religiosae
3357 4367 3419 4405 ac
3443 4353 3549 4406 Deo
3580 4354 3681 4406 de-

428 4453 569 4499 vota:
590 4444 716 4497 vitae
743 4454 1013 4500 certamen
1042 4444 1385 4511 exantlarint,
1418 4453 1697 4510 actamque
1719 4440 1859 4495 viam
1888 4443 2174 4508 tenuerint,
2208 4443 2479 4514 animique
2507 4442 2868 4498 destinatione
2897 4451 3161 4512 martyres
3186 4442 3499 4496 exstiterint.

492 4534 730 4600 Quorum
763 4536 1056 4592 luculentas
1083 4537 1306 4590 virtutes
1325 4549 1389 4590 ac
1415 4535 1671 4603 praeclara
1700 4532 1931 4588 facinora
1963 4533 2090 4602 (hoc
2119 4544 2201 4588 est
2223 4544 2277 4588 et
2308 4549 2493 4589 eorum
2543 4535 2633 4603 qui
2667 4535 2926 4604 martyrio
2952 4534 3213 4602 perfuncti
3240 4542 3379 4595 sunt,
3410 4540 3465 4586 et
3489 4548 3677 4587 eorum

419 4627 508 4692 qui
538 4639 635 4693 per
661 4626 965 4693 religiosam
997 4626 1441 4681 exercitationem
1472 4624 1772 4694 angelicum
1821 4623 1947 4677 vita:
1996 4637 2165 4691 genus
2210 4624 2470 4679 imitando
2519 4622 2927 4693 expresserunt)
2979 4623 3271 4679 litterarum
3320 4626 3683 4681 monumentis

426 4720 827 4783 commendare,
862 4732 1023 4791 atque
1051 4724 1121 4776 ob
1148 4725 1362 4779 virtutis
1391 4724 1693 4792 exemplum
1718 4722 1785 4776 ad
1813 4731 2055 4792 posteras
2084 4734 2268 4777 aetates
2298 4722 2685 4787 transmittere,
2716 4737 2746 4774 a
2769 4716 2967 4775 divinis
3003 4721 3277 4791 apostolis,
3303 4730 3354 4774 et
3384 4721 3552 4774 beatis
3584 4736 3651 4788 pa
3670 4750 3687 4763 η

422 4812 598 4868 tribus
627 4813 824 4868 Christi
852 4815 1087 4870 Ecclesia
1108 4818 1346 4885 accepit,
1376 4818 1477 4872 hoc
1509 4816 1762 4872 videlicet
1789 4816 1855 4870 ad
1879 4816 2046 4869 nostri
2072 4815 2281 4883 generis
2311 4814 2537 4869 salutem
2570 4813 2713 4868 velut
2742 4814 2845 4869 lata
2894 4814 3009 4882 lege
3052 4813 3528 4883 promulgantibus.
3586 4814 3681 4867 Et-

420 4907 565 4960 enim
600 4907 681 4960 via
715 4922 775 4961 ea
802 4923 920 4976 quae
950 4909 1015 4961 ad
1044 4897 1295 4963 virtutem
1327 4910 1495 4973 ducit,
1527 4924 1716 4978 aspera
1764 4918 1846 4964 est
1871 4919 2030 4976 atque
2052 4909 2216 4962 ardua
2242 4918 2297 4962 et
2326 4909 2670 4978 permoleste,
2696 4910 2758 4965 iis
2803 4911 3099 4978 praesertim
3129 4910 3218 4979 qui
3276 4911 3510 4963 nondum
3562 4923 3684 4963 sese

432 5005 569 5049 totos
596 4999 660 5051 ad
694 4997 860 5053 Deum
894 5001 1304 5066 transtulerunt,
1332 5018 1518 5057 verum
1544 5002 1723 5056 adhuc
1753 5002 1999 5054 vitiorum
2028 5000 2299 5070 animique
2324 5001 2782 5071 perturbationum
2826 5003 3108 5073 tyrannide
3138 5003 3537 5058 conﬂictantur.
3569 5004 3687 5071 Quo

425 5088 484 5141 fit
514 5098 573 5142 ut
593 5093 777 5147 multis
799 5096 863 5147 ad
889 5112 1008 5151 eam
1037 5099 1306 5153 illecebris
1335 5099 1693 5168 indigeamus,
1725 5096 1977 5151 nimirum
2008 5104 2063 5149 et
2090 5098 2331 5152 consiliis
2360 5111 2425 5154 ac
2454 5097 2933 5165 cohortationibus,
2989 5107 3042 5153 et
3088 5099 3349 5166 exemplis
3379 5112 3565 5153 eorum
3594 5097 3686 5167 qui

427 5178 562 5231 hanc
592 5181 730 5235 viam
760 5186 962 5247 priores
984 5188 1236 5243 inierunt.

502 5272 553 5325 Id
577 5273 717 5341 quod
738 5279 898 5329 etiam
929 5280 1138 5335 minore
1166 5297 1287 5335 cum
1312 5280 1554 5335 molestia
1584 5279 1649 5334 ad
1679 5292 1796 5333 eam
1822 5279 2059 5345 attrahit,
2091 5278 2367 5346 efficitque
2395 5293 2464 5333 ne
2491 5278 2559 5333 ob
2590 5278 2714 5332 vita:
2739 5268 3105 5333 difﬁcultatem
3136 5278 3328 5332 animis
3374 5276 3685 5345 frangamur

431 5376 494 5414 ac
520 5361 897 5431 desperatione
928 5368 1243 5426 afficiamur.
1273 5371 1547 5441 Siquidem
1580 5372 1631 5425 ei
1663 5385 1877 5440 quoque
1904 5368 1991 5423 cui
2015 5369 2180 5423 ardua
2211 5380 2265 5422 et
2285 5369 2523 5423 difﬁcilis
2547 5370 2630 5422 via
2654 5370 2887 5424 ineunda
2914 5379 3018 5435 est,
3049 5385 3152 5423 non
3187 5369 3409 5437 perinde
3433 5369 3693 5436 quispiam

425 5453 697 5507 monendo
744 5470 806 5509 ac
838 5456 1190 5525 cohortando,
1240 5469 1298 5514 ut
1326 5477 1442 5515 eam
1488 5461 1837 5529 ingrediatur,
1868 5461 2218 5527 persuaserit.
2245 5462 2314 5513 At
2340 5475 2460 5514 cum
2508 5461 2704 5514 multos
2732 5461 2965 5513 ostendit
2987 5459 3079 5528 qui
3102 5475 3220 5513 eam
3249 5459 3599 5523 confecerint,
3631 5472 3696 5513 ac

426 5545 644 5598 tandem
690 5550 1128 5614 percommodum
1174 5552 1528 5606 diversorium
1555 5554 1690 5606 nacti
1721 5554 1849 5619 sint,
1882 5562 1991 5605 tum
2026 5566 2153 5606 vero
2186 5552 2357 5622 magis
2399 5567 2520 5607 eum
2562 5552 2806 5619 adducet,
2837 5563 2886 5606 ut
2918 5552 3158 5606 eamdem
3191 5568 3402 5622 quoque
3428 5553 3565 5606 viam
3598 5567 3692 5606 ca-

426 5646 624 5706 pessot.

499 5726 637 5784 Huic
659 5727 821 5798 igitur
845 5731 971 5801 ipsa:
1001 5748 1214 5804 quoque
1241 5732 1438 5802 regulae
1465 5733 1736 5802 insistens,
1770 5749 1829 5789 ac
1862 5743 2121 5804 praetcrea
2145 5734 2460 5804 impendens
2487 5735 2677 5804 ignavo
2702 5736 2773 5791 illi
2806 5751 2960 5790 servo
2982 5730 3280 5803 periculum
3308 5746 3571 5802 nictucnc,
3602 5739 3693 5804 qui
