4010 6272
354 363 456 418 U7

1402 359 1490 416 DE
1531 361 1707 416 VITIS
1747 357 2028 414 PATBUM
2072 357 2273 412 LIBER
2315 359 2594 418 PRIMUS.

357 480 454 532 tim
484 477 658 530 edit-to
689 475 864 530 sanxit
887 483 945 529 ιιι
979 474 1267 531 Christiani
1307 490 1497 530 otnnes
1543 476 1793 543 pietatem
1826 473 1942 539 eju-
1970 471 2021 530 Δ
2049 471 2241 540 fecisti,
2267 487 2328 527 ac
2351 489 2454 528 non
2487 475 2646 531 modo
2669 490 2802 532 mea:
2824 477 3073 533 amicitia:
3102 479 3412 534 memoriam
3435 494 3502 535 ex
3519 487 3633 536 aui-

351 583 475 624 rare
499 578 838 640 cogerentur.
864 570 946 624 Ac
975 569 1229 637 deinceps
1259 583 1394 621 nova
1436 566 1820 636 suppliciorum
1849 580 1941 634 ge-

351 676 480 714 nera
512 661 1042 725 comminiscebatur,
1073 672 1232 730 atque
1250 660 1501 714 inusitata
1526 660 1716 713 mortis
1742 672 1939 729 genera

351 752 675 814 minabatur;
709 751 1020 819 litterasque
1044 750 1108 804 ad
1144 766 1328 804 omnes
1359 750 1590 820 regionis
1618 749 1803 803 ditiuni
1831 763 1943 803 sua:

349 841 605 909 subjectae
628 851 808 910 partes
835 843 1097 906 mittebat,
1130 841 1321 911 quibus
1351 850 1406 895 et
1451 839 1716 908 praefectis
1747 849 1801 894 et
1841 839 1939 892 du-

352 934 506 987 cibus
535 936 829 1001 imperabat
858 944 914 988 ut
945 936 1226 988 tormentis
1272 944 1431 1003 atque
1481 933 1677 1002 iniquis
1707 932 1942 988 caedibus

353 1025 406 1078 in
442 1025 686 1080 homines
706 1027 904 1095 pietate
926 1026 1178 1094 prteditos
1207 1034 1600 1095 grassarentur.
1637 1027 1939 1080 Praesertim

355 1127 533 1172 autem
558 1119 610 1172 in
641 1118 1120 1187 praestantissimos
1149 1132 1389 1186 quosque
1429 1117 1710 1172 monastici
1738 1116 1941 1170 ordinis

351 1213 796 1276 excandescebat,
827 1221 985 1282 atque
1015 1211 1356 1281 implacabile
1384 1211 1666 1266 adversum
1716 1225 1810 1266 eos
1839 1208 1943 1262 bel-

353 1303 461 1357 lum
488 1301 773 1357 excitabat.
801 1302 880 1355 0b
929 1316 1154 1369 eamque
1181 1317 1395 1356 causam
1425 1302 1662 1370 priorum
1701 1299 1941 1369 plerique

351 1392 529 1444 animo
555 1390 909 1444 vacillabant:
942 1391 1029 1444 alii
1084 1399 1284 1455 autem,
1335 1390 1457 1460 quia
1488 1390 1811 1444 cruciatibus
1859 1390 1941 1443 fe-

349 1481 533 1536 rendis
579 1480 812 1546 impares
865 1491 1040 1543 erant,
1073 1481 1278 1535 nefario
1309 1482 1475 1550 ipsius
1515 1480 1740 1548 imperio
1789 1495 1941 1548 pare-

349 1571 494 1626 bant.
528 1571 597 1624 At
629 1587 757 1626 vero
786 1572 1095 1625 monasticae
1123 1572 1309 1626 classis
1338 1572 1502 1626 duces
1523 1581 1684 1640 atque
1733 1571 1942 1624 antisti-

353 1669 456 1724 tes,
493 1661 686 1730 partim
720 1661 886 1729 ipsius
927 1661 1265 1730 iniquitatem
1308 1671 1660 1729 coarguentes
1689 1676 1752 1714 ac
1797 1660 1938 1715 refu-

355 1762 552 1816 tantes,
589 1752 848 1822 martyrio
869 1752 1030 1806 vitam
1087 1752 1357 1818 liniebant,
1389 1761 1548 1819 atque
1577 1753 1643 1803 ad
1664 1751 1941 1818 sempiter-

2047 579 2136 616 mo
2163 565 2344 633 procul
2370 565 2596 633 eiecisti,
2622 583 2807 622 verum
2833 568 2996 623 etiam
3031 568 3293 625 adversus
3321 569 3490 638 ipsam
3535 590 3630 625 na-

2045 662 2214 706 turam
2241 655 2493 723 impetum
2519 655 2711 720 fecisti,
2739 671 2801 711 ac
2831 673 2897 712 ne
2920 666 3130 712 tuorum
3158 658 3370 728 quidem
3395 661 3628 717 filiorum

2045 745 2386 801 miseratione
2434 745 2688 814 allectus,
2736 757 2845 802 tum
2897 764 3056 818 opes,
3095 758 3208 804 tum
3251 766 3464 808 omnem
3507 756 3629 808 vitae

2045 836 2385 903 splendorem
2427 853 2524 906 pro
2559 839 2724 893 nihilo
2777 842 3002 909 putasti,
3046 850 3354 911 tantamque
3398 845 3628 916 ignomi-

2045 927 2186 981 niam
2237 937 2342 982 tam
2383 927 2649 983 luculenta
2687 930 2852 1000 gloria
2893 933 3156 1002 potiorem
3188 942 3244 988 et
3278 937 3630 1004 praestabilio-

2043 1035 2155 1072 rem
2187 1019 2457 1074 habuisti?
2483 1022 2746 1087 Quidnam
2775 1031 2829 1078 te
2856 1025 2921 1078 ad
2953 1024 3054 1080 hoc
3091 1026 3320 1095 impulit,
3349 1029 3628 1098 cuiusnam

2043 1109 2174 1163 lucri
2201 1123 2343 1179 spes,
2377 1122 2434 1165 ut
2464 1126 2587 1167 eum
2617 1114 2703 1182 qui
2726 1113 2881 1169 .lesus
2913 1116 3220 1171 nominatur
3240 1118 3486 1175 omnibus
3519 1122 3630 1178 diis

2043 1213 2199 1270 atque
2222 1203 2525 1258 hominibus
2553 1213 2908 1274 anteponeres
2929 1249 2944 1273 ,
2973 1222 3034 1262 ac
3064 1209 3250 1264 duram
3283 1212 3416 1266 hanc
3443 1222 3499 1268 et
3537 1229 3628 1270 su-

2043 1292 2401 1359 perstitiosam
2425 1294 2545 1349 vitae
2581 1298 2843 1351 rationem
2874 1299 3205 1355 suavissimae
3248 1301 3472 1373 hujusce
3501 1304 3626 1361 vitae

2041 1386 2442 1440 oblectamentis
2480 1387 2819 1442 anteferres?

2116 1478 2223 1532 llac
2245 1480 2488 1534 oratione
2516 1481 2718 1547 audita,
2743 1482 2823 1535 vir
2857 1482 2947 1538 ille
2976 1483 3091 1549 Dei,
3139 1483 3317 1554 lepida
3358 1485 3516 1542 simul
3560 1503 3628 1547 ac

2045 1572 2274 1638 placida,
2305 1581 2356 1625 et
2383 1573 2629 1642 mquabili
2653 1589 2782 1629 voce
2811 1576 2875 1628 ad
2901 1574 3040 1629 hunc
3071 1577 3286 1631 modum
3309 1578 3624 1647 respondit:

2042 1663 2096 1718 Si
2130 1679 2406 1718 sermones
2436 1681 2642 1721 mecum
2667 1681 2951 1723 conserere
2979 1669 3030 1723 in
3060 1670 3296 1740 animum
3343 1671 3571 1740 inducis,
3593 1689 3628 1728 ο

2043 1769 2160 1818 rex,
2196 1755 2274 1809 lac
2306 1754 2487 1810 hostes
2511 1765 2628 1811 tuos
2659 1772 2689 1811 e
2715 1759 2890 1813 medio
2914 1761 3162 1815 tribunali
3196 1762 3534 1831 submoveas,
3563 1781 3628 1822 ac

355 1859 478 1897 nam
507 1843 895 1898 beatitudinem
946 1844 1370 1912 perveniebant;
1409 1845 1598 1912 partim
1649 1843 1700 1896 in
1748 1843 1934 1896 solitu-
1970 1832 2017 1890 Β
2045 1852 2152 1898 tum
2182 1845 2248 1898 de
2278 1847 2357 1899 his
2380 1847 2538 1901 rebus
2559 1862 2690 1915 quas
2728 1849 3025 1920 intelligere
3074 1852 3226 1920 cupis
3256 1854 3346 1908 tibi
3396 1871 3620 1915 respou-

349 1935 562 1990 dinibus
590 1944 644 1990 et
690 1935 960 1990 montibus
1007 1950 1126 1989 sese
1156 1936 1514 1997 occultabant,
1549 1948 1655 1989 non
1707 1943 1942 1987 tormen-

350 2034 522 2078 torum
556 2040 674 2094 quae
728 2025 859 2095 ipsis
888 2024 1342 2079 denuntiabantur
1394 2036 1563 2091 metu,
1599 2039 1781 2079 verum
1814 2023 1941 2078 divi‘

349 2116 496 2170 niore
527 2116 754 2184 quodam
795 2116 1019 2170 consilio
1048 2131 1110 2170 ac
1143 2118 1499 2184 providentia.

417 2209 547 2263 CAP.
589 2209 653 2263 ll.
693 2238 763 2250 —-
799 2208 933 2264 Cum
958 2211 1134 2279 itaque
1160 2210 1465 2281 huiusmodi
1490 2212 1657 2280 caligo
1688 2210 1938 2265 Indorum

350 2301 622 2368 regionem
654 2302 956 2365 invasisset,
1002 2319 1064 2357 ac
1112 2303 1182 2372 pii
1213 2313 1267 2358 et
1320 2305 1488 2358 sancti
1545 2305 1648 2356 viri
1707 2303 1940 2372 undique

349 2402 700 2457 vexarentur,
751 2393 1040 2461 impietatis
1069 2403 1247 2447 autem
1292 2402 1715 2463 propugnatores
1747 2394 1939 2462 opibus

349 2497 412 2536 ac
436 2481 668 2551 potentia
699 2481 974 2548 florerent,
1000 2493 1160 2552 atque
1197 2487 1480 2539 cruoribus
1512 2496 1564 2538 et
1603 2486 1936 2539 victimarum

349 2573 536 2628 nidore
565 2573 681 2641 ipse
708 2590 918 2644 quoque
947 2590 1042 2629 aer
1070 2574 1392 2639 inliceretur,
1446 2590 1582 2629 unus
1611 2591 1641 2630 e
1668 2577 1936 2645 regiorum

349 2671 682 2732 satraparum
713 2663 1061 2733 principibus,
1113 2666 1275 2719 animi
1311 2665 1636 2733 fortitudine,
1671 2666 1938 2734 corporis-

347 2768 452 2823 que
479 2755 839 2825 magnitudine
885 2770 946 2810 ac
986 2755 1409 2824 pulchritudine,
1443 2758 1759 2826 crcterisque
1806 2755 1926 2810 aliis

349 2845 530 2912 rebus,
563 2845 753 2913 quibus
782 2846 1018 2915 corporis
1035 2847 1297 2915 elegantia
1327 2847 1561 2903 etanimi
1583 2848 1932 2918 generositas,

349 2948 597 3007 tanquam
629 2937 790 2994 certis
813 2940 1131 3009 quibusdam
1157 2943 1297 2996 notis
1328 2943 1552 3010 exprimi
1578 2944 1774 3008 solent,
1801 2942 1935 2997 alios

316 3045 538 3085 omnes
564 3033 934 3088 antecellebat.
981 3034 1343 3099 Quamobrem
1383 3049 1504 3089 cum
1544 3035 1765 3105 impium
1804 3034 1934 3088 illud

349 3120 582 3175 edictum
625 3122 893 3189 audisset,
936 3123 1076 3177 inani
1117 3123 1218 3178 hac
1268 3133 1428 3191 atque
1482 3123 1630 3177 humi
1684 3135 1934 3193 serpente

2044 1932 2205 1987 debo.
2231 1934 2331 1988 Illis
2359 1943 2533 1990 autem
2558 1939 2903 2004 praesentibus
2929 1939 3102 1995 nullus
3127 1942 3257 1996 mihi
3279 1943 3343 1997 ad
3367 1955 3413 1999 te
3439 1962 3618 2000 sermo

2042 2024 2164 2079 erit.
2186 2024 2332 2079 Citra
2363 2042 2661 2082 sermonem
2686 2038 2863 2084 autem
2894 2032 3165 2098 excrucia,
3215 2033 3491 2103 ohtrunca,
3538 2036 3622 2091 fac

2044 2116 2274 2183 denique
2296 2120 2553 2188 quidquid
2587 2122 2750 2176 lubet.
2798 2123 2924 2178 Mihi
2957 2128 3098 2179 enim
3151 2128 3379 2182 mundus
3407 2131 3620 2184 crucifi-

2043 2223 2141 2262 xus
2171 2217 2272 2275 est,
2303 2218 2355 2262 et
2387 2225 2484 2279 ego
2513 2213 2731 2278 mundo,
2779 2224 2836 2268 ut
2874 2215 2947 2268 ait
2997 2231 3145 2271 meus
3174 2219 3427 2288 magister
3480 2221 3621 2291 (Gal.

2042 2301 2138 2366 vi).
2169 2301 2408 2370 Cumque
2430 2317 2521 2357 rex
2553 2303 2776 2358 dixisset
2806 2322 2818 2357 :
2853 2305 3080 2371 Quinam
3127 2311 3337 2364 tandem
3394 2323 3516 2365 sunt
3571 2312 3625 2367 hi

2044 2391 2224 2446 hostes
2254 2393 2379 2458 mei,
2409 2408 2542 2462 quos
2571 2410 2657 2450 me
2679 2395 2801 2449 hinc
2822 2396 3073 2467 ablegare
3096 2397 3295 2466 iubes?
3324 2402 3622 2467 Iracundia,

2044 2482 2212 2550 inquit
2242 2483 2349 2547 ille,
2381 2495 2436 2539 et
2463 2487 2746 2554 cupiditas.
2775 2487 2905 2542 Nam
2933 2504 3013 2542 ea:
3060 2491 3288 2558 primum
3314 2495 3524 2561 quidem
3554 2494 3631 2549 ab

2040 2572 2278 2625 omnium
2312 2588 2490 2627 rerum
2534 2585 2753 2642 parente
2796 2588 2954 2648 atque
2990 2579 3283 2636 architecto
3323 2583 3391 2636 ita
3435 2584 3630 2649 produ-

2041 2671 2139 2716 ctae
2168 2673 2314 2725 sunt.
2351 2675 2407 2718 ut
2441 2674 2639 2720 naturae
2688 2668 3223 2738 cpitularentur,-ac
3268 2688 3411 2727 nunc
3455 2677 3622 2731 etiam

2039 2755 2279 2807 eamdem
2311 2757 2376 2808 iis
2404 2770 2620 2824 operam
2658 2759 2913 2826 pra'bcttt,
2950 2761 3042 2830 qui
3087 2777 3191 2817 non
3223 2771 3278 2817 ut
3321 2765 3492 2831 carni,
3524 2767 3622 2821 sed

2039 2854 2096 2899 ut
2122 2845 2331 2914 spiritui
2353 2857 2769 2903 consentaneum
2814 2860 2914 2917 est,
2973 2853 3174 2909 vivunt.
3231 2855 3288 2910 in
3325 2857 3476 2912 vobis
3526 2872 3624 2911 au-

2040 2947 2168 3003 tem,
2201 2940 2290 3007 qui
2321 2954 2542 3008 prorsus
2585 2944 2827 2998 carnales
2858 2943 3009 3010 estis,
3053 2961 3154 3001 nec
3197 2946 3356 3001 ullam
3407 2950 3626 3018 spiritus

2041 3038 2245 3094 partem
2275 3029 2516 3096 habetis,
2549 3031 2866 3088 adversariae
2915 3034 3256 3103 exstiterunt,
3307 3052 3477 3107 eaque
3506 3055 3630 3108 qua:

2038 3119 2268 3174 inimicis
2311 3129 2364 3175 et
2395 3123 2639 3177 hostibus
2664 3125 3006 3193 conveniunt,
3040 3138 3419 3197 exsequuntur.
3463 3129 3626 3198 Cupi-

349 3212 516 3280 gloria
547 3222 600 3268 et
623 3213 837 3268 deliciis
866 3219 1046 3270 valere
1068 3214 1256 3284 jussis,
1288 3214 1355 3268 ad
1387 3215 1774 3270 monachorum
1820 3230 1931 3270 οω-
1957 3199 2004 3263 C
2036 3210 2177 3264 ditas
2200 3212 2422 3278 etenim,
2453 3227 2575 3268 cum
2604 3214 2651 3268 ei
2677 3229 2707 3268 a
2731 3215 2884 3270 vobis
2903 3231 3063 3286 opera
3087 3217 3263 3282 datur,
3296 3221 3624 3288 voluptatem

349 3313 460 3357 tum
492 3319 615 3360 sese
662 3306 988 3377 aggregavit,
1023 3315 1183 3376 atque
1221 3307 1275 3359 in
1318 3307 1449 3361 locis
1484 3305 1741 3361 solitariis
1777 3321 1936 3361 exsu-

351 3397 488 3462 lans,
515 3396 736 3466 ieiuniis
761 3406 817 3453 et
853 3399 1065 3466 vigiliis,
1107 3412 1171 3452 ac
1207 3397 1448 3468 diligenti
1478 3398 1820 3452 oraculorum
1848 3399 1933 3452 di-

349 3490 593 3544 vinorum
627 3489 976 3545 meditatione
1023 3504 1214 3545 sensus
1243 3504 1372 3544 suos
1398 3490 1642 3558 apprime
1681 3504 1936 3562 repurga-

350 3580 461 3645 bat,
493 3594 837 3648 ammumque
884 3580 952 3633 ab
981 3582 1124 3634 omni
1151 3579 1340 3635 vitiosa
1371 3581 1652 3636 affectione
1699 3581 1933 3636 solutum

349 3681 402 3723 et
437 3669 764 3737 abductum,
803 3684 864 3725 ea
906 3671 1026 3725 luce
1058 3685 1218 3740 quam
1257 3671 1612 3740 tranquillitas
1655 3686 1684 3724 a
1729 3672 1936 3727 vitiosis

350 3761 725 3818 alfectionibus
755 3761 894 3832 parit
923 3763 1246 3818 illustrabat.
1288 3762 1400 3818 Rex
1433 3771 1632 3830 autem,
1664 3779 1783 3818 cum
1811 3779 1934 3819 eum

353 3855 609 3925 majorem
640 3855 694 3910 in
738 3855 952 3911 modum
984 3855 1253 3926 diligeret,
1300 3865 1464 3925 atque
1510 3856 1564 3909 in
1621 3857 1824 3911 honore
1874 3872 1937 3912 ac

351 3947 521 4014 pretio
552 3949 795 4016 haberet,
830 3957 887 4002 ut
914 3951 1014 4003 hoc
1041 3949 1264 4011 audivit,
1298 3948 1366 4004 de
1397 3948 1556 4003 amici
1597 3949 1804 4016 jactura
1834 3949 1935 4003 do-

351 4019 517 4094 lorem
546 4048 725 4093 animo
755 4048 915 4108 cepit,
949 4041 1423 4111 vehementiusque
1464 4040 1720 4096 adversus
1751 4055 1938 4094 mona-

352 4129 484 4183 chos
525 4131 745 4184 exarsit.
778 4131 951 4198 Atque
981 4146 1102 4185 cum
1151 4132 1395 4186 homines
1444 4131 1511 4186 ad
1542 4147 1664 4186 eum
1715 4130 1935 4200 conqui-

353 4217 577 4272 reudum
608 4231 1035 4287 quaquaversum
1067 4219 1321 4284 misisset,
1369 4229 1442 4287 et,
1487 4220 1935 4289 quemadmodum

354 4310 516 4379 vulgo
543 4309 758 4375 dicitur,
789 4310 990 4365 nullum
1017 4327 1120 4365 non
1149 4312 1381 4382 lapidem
1430 4314 1686 4368 movisset
1711 4312 1793 4383 (8)
1830 4328 1938 4382 quo

354 4418 483 4459 eum
515 4403 800 4467 inveniret,
821 4403 1106 4472 aliquando
1127 4414 1248 4474 post
1279 4404 1354 4458 illi
1378 4405 1463 4473 qui
1493 4404 1558 4458 ad
1583 4419 1705 4459 eum
1733 4406 1948 4460 investi-.

352 4495 582 4566 gandum
615 4495 760 4550 missi
786 4495 1018 4565 fuerant,
1049 4506 1107 4550 ut
1140 4510 1261 4550 eum
1293 4496 1345 4550 in
1370 4495 1660 4551 solitudine
1689 4512 1935 4552 commo-

354 4588 460 4642 rari
484 4595 789 4653 senserunt,
819 4587 891 4642 ita
921 4587 1240 4656 perscrutati
1270 4595 1415 4652 sunt,
1465 4598 1524 4642 ut
1554 4588 1934 4645 tandem'eum

353 4679 676 4747 arriperent,
700 4688 859 4745 atque
886 4676 951 4731 ad
974 4677 1114 4746 regis
1134 4677 1367 4733 tribunal
1393 4677 1661 4733 sisterent.
1696 4679 1807 4733 Rex
1837 4693 1934 4732 au-

355 4779 483 4838 tem,
505 4786 627 4826 cum
656 4784 778 4824 eum
813 4770 902 4838 qui
939 4769 1206 4838 quondam
1237 4769 1530 4838 splendidis
1559 4771 1792 4826 vestibus
1821 4783 1934 4825 ute-

352 4863 526 4928 batur,
560 4869 720 4930 atque
753 4861 806 4916 in
835 4860 1042 4931 magnis
1067 4860 1275 4915 deliciis
1319 4861 1480 4915 vitam
1511 4862 1778 4931 exigebat,
1828 4874 1932 4916 tam

354 4951 528 5006 viliter
557 4961 611 5006 et
646 4950 856 5021 abiecte
894 4952 1166 5017 amictum,
1205 4965 1267 5004 ac
1305 4951 1566 5020 religiosa:
1604 4953 1934 5008 exercitatio-

355 5042 438 5097 nis
468 5042 758 5105 asperitate
784 5042 1063 5107 afllictum,
1090 5041 1314 5111 vitaeque
1343 5042 1595 5097 solitariae
1621 5045 1769 5111 signa
1795 5042 1932 5096 haud

353 5133 580 5186 obscure
601 5142 893 5199 gestantem
917 5133 1312 5203 conspexisset,
1339 5147 1572 5188 maerore
1597 5132 1752 5187 simul
1776 5142 1935 5202 atque

355 5222 626 5277 iracundia
659 5223 994 5291 implebatur,
1019 5232 1179 5293 atque
1220 5239 1286 5279 ex
1322 5235 1550 5294 utroque
1575 5223 1766 5278 affectu
1801 5235 1934 5278 tem-

357 5322 545 5383 perato
572 5327 840 5379 sermone,
883 5314 956 5367 ita
986 5329 1107 5368 eum
1137 5315 1400 5370 allocutus
1431 5325 1512 5369 est
1540 5332 1556 5369 :

427 5404 472 5458 Ο
499 5416 686 5458 vecors
734 5412 788 5458 et
816 5404 1059 5470 demens,
1100 5405 1225 5473 quid
1251 5415 1304 5460 te
1357 5406 1574 5462 adduxit
1600 5415 1654 5462 ut
1681 5405 1935 5459 honorem

355 5513 477 5552 cum
510 5498 823 5569 ignominia,
851 5506 907 5552 et
928 5498 1184 5554 illustrem
1207 5500 1425 5570 gloriam
1456 5515 1576 5554 cum
1599 5499 1736 5568 turpi
1766 5513 1828 5552 ac
1851 5497 1939 5552 de-

356 5589 567 5644 decoris
611 5588 766 5657 pleno
816 5588 994 5643 habitu
1028 5593 1433 5646 commutares?
1472 5592 1682 5646 Siccine
1714 5601 1796 5655 ttt,
1832 5591 1922 5658 qui

360 5697 524 5749 regno
548 5696 668 5735 meo
700 5694 952 5750 praeeras,
983 5691 1145 5754 atque
1182 5682 1452 5751 in'copias
1482 5696 1627 5736 meas
1656 5681 1935 5748 imperium

359 5773 587 5829 militare
610 5773 905 5843 obtinebas,
938 5775 1166 5844 teipsum
1210 5787 1495 5842 puerorum
1535 5771 1819 5828 ludibrium
1860 5771 1935 5827 ef-

2039 3304 2274 3356 excitat:
2307 3319 2429 3358 cum
2461 3313 2639 3361 autem
2678 3308 2945 3374 aboletur,
2995 3309 3339 3365 iracundiam.
3387 3313 3619 3368 Proinde

2040 3390 2461 3464 facessantipsae
2507 3396 2766 3453 hodierno
2792 3400 2878 3454 die
2924 3399 3019 3454 abs
3051 3411 3132 3463 te;
3194 3405 3415 3471 praesint
3443 3413 3623 3460 autem

2037 3482 2104 3534 ad
2132 3497 2314 3537 eorum
2345 3500 2463 3554 qua:
2488 3501 2518 3540 a
2548 3503 2631 3542 me
2652 3488 2896 3544 dicentur
2915 3490 3238 3546 auditionem
3260 3509 3321 3548 ac
3339 3493 3625 3563 judicium,

2038 3575 2316 3644 prudentia
2345 3585 2398 3631 et
2419 3577 2644 3645 iustitia.
2679 3580 2808 3635 Nam
2836 3581 2882 3637 si
2923 3582 3252 3638 iracundiam
3283 3593 3337 3639 et
3362 3587 3624 3654 cupidita-

2041 3673 2145 3719 tem
2178 3667 2336 3738 245
2374 3668 2441 3723 de
2489 3670 2667 3724 medio
2720 3672 3025 3741 sustuleris,
3074 3683 3234 3743 atque
3280 3691 3460 3730 carum
3509 3679 3628 3732 loco

2040 3757 2370 3826 prudentiam
2394 3767 2450 3814 et
2471 3759 2736 3829 justitiam
2762 3763 3054 3829 induxeris,
3075 3779 3200 3819 vere
3219 3767 3395 3820 omnia
3426 3768 3515 3821 tibi
3544 3770 3628 3822 di-

2038 3862 2175 3902 cam.
2209 3851 2382 3917 Atque
2412 3867 2505 3906 rex
2532 3852 2612 3906 his
2641 3853 2817 3909 verbis
2845 3863 2929 3910 est
2950 3870 3078 3910 usus
3103 3873 3116 3908 :
3148 3857 3224 3910 En
3255 3857 3496 3926 petitioni
3521 3869 3626 3914 tua:

2039 3941 2199 4006 cessi,
2231 3949 2389 4007 atque
2413 3942 2754 4010 cupiditatem
2784 3954 2839 4000 et
2867 3945 3194 4001 iracundiam
3220 3961 3252 4001 e
3281 3948 3507 4002 concilio
3530 3949 3627 4019 eji-

2039 4029 2209 4093 ciam;
2243 4029 2487 4100 daboque
2513 4047 2730 4101 operam
2761 4043 2820 4090 ut
2848 4035 3126 4104 prudentia
3150 4046 3203 4093 et
3228 4036 3435 4106 iustitia
3460 4038 3626 4094 inter-

2040 4132 2326 4191 ponantur.
3104 4107 3113 4116 ’

2108 4212 2223 4267 Jam
2255 4212 2411 4281 igitur
2430 4213 2631 4284 absque
2654 4216 2762 4270 ullo
2789 4226 2932 4270 metu
2965 4217 3093 4272 mihi
3119 4232 3328 4286 expone
3357 4219 3498 4276 unde
3523 4219 3618 4276 tibi

2041 4303 2127 4356 hic
2150 4318 2302 4357 error
2323 4310 2543 4360 obortus
2566 4307 2653 4372 sit,
2689 4316 2748 4361 ut
2788 4322 2848 4361 ea
2897 4323 3016 4376 quae
3059 4309 3112 4369 in
3138 4323 3269 4363 vana
3301 4325 3398 4379 spe
3446 4312 3620 4381 posita

2041 4403 2180 4459 sunt,
2213 4397 2278 4450 iis
2306 4397 2466 4451 rebus
2513 4412 2632 4465 qua:
2679 4398 2922 4454 manibus
2950 4408 3218 4465 tenentur,
3262 4412 3420 4470 atque
3450 4400 3621 4457 oculis

2040 4497 2366 4553 cernuntur,
2417 4496 2732 4557 anteponas.
2779 4489 3133 4559 Respondens
3170 4495 3342 4546 autem
3392 4492 3617 4546 eremita

1968 4569 2016 4628 D
2039 4577 2214 4633 dixit:

2113 4670 2170 4724 Si
2201 4669 2497 4740 intelligere
2522 4670 2692 4739 cupis,
2727 4683 2760 4722 ο
2791 4684 2903 4734 rex,
2936 4670 3075 4726 unde
3107 4671 3207 4726 hoc
3233 4671 3456 4740 primum
3489 4671 3623 4726 mihi

2042 4761 2219 4815 animo
2250 4759 2502 4828 iniectum
2532 4760 2710 4825 fuerit,
2741 4768 2797 4814 ut
2829 4759 3054 4816 caducas
3094 4778 3182 4817 res
3202 4772 3623 4825 contemnerem,

2044 4867 2105 4906 ac
2152 4868 2236 4907 me
2267 4860 2434 4905 totum
2483 4850 2927 4921 sempiternarum
2963 4867 3142 4907 rerum
3175 4854 3289 4922 spei
3337 4854 3625 4918 traderem,

2044 4943 2189 4997 audi.
2219 4943 2379 5008 Olim,
2411 4955 2532 4997 cum
2561 4943 2734 4997 adhuc
2762 4943 3170 5010 iuvenili‘mtate
3197 4959 3396 5011 essem,
3429 4944 3626 4999 bonum

2043 5049 2105 5087 ac
2133 5035 2366 5088 salutare
2395 5034 2613 5088 verbum
2640 5034 2838 5099 audivi,
2869 5035 3018 5102 cujus
3049 5035 3131 5089 vis
3154 5035 3409 5104 maiorem
3434 5035 3486 5088 in
3515 5051 3629 5090 tno«

2013 5123 2169 5179 .dum
2199 5139 2283 5180 me
2308 5125 2501 5193 rapuit,
2537 5124 2808 5194 ipsiusque
2850 5126 3126 5191 memoria,
3161 5125 3322 5179 divini
3348 5126 3627 5195 cujusdam

2045 5217 2266 5270 seminis
2294 5218 2481 5282 instar,
2511 5216 2714 5284 pectori
2763 5232 2884 5271 meo
2925 5215 3082 5269 insita
3110 5217 3181 5270 ita
3210 5219 3522 5285 permansit,
3571 5226 3629 5270 ut

2051 5323 2314 5377 nunquam
2365 5322 2394 5360 a
2438 5322 2523 5362 tne
2550 5307 2729 5362 divelli
2773 5308 3034 5377 potuerit;
3066 5307 3201 5361 adeo
3228 5315 3286 5360 ut
3313 5317 3367 5361 et
3421 5308 3629 5362 radices

2048 5402 2235 5469 egerit,
2279 5410 2332 5454 et
2358 5415 2576 5470 germen
2625 5399 2872 5461 ediderit,
2915 5413 2976 5452 ac
3023 5409 3230 5452 maturo
3260 5409 3500 5466 tempore
3519 5395 3629 5451 fru-

2043 5500 2184 5545 ctum
2215 5492 2267 5546 in
2299 5507 2384 5546 me
2415 5491 2614 5544 tulerit.
2648 5487 2816 5557 Hujus
2843 5495 3020 5542 autem
3049 5487 3194 5541 verbi
3223 5487 3338 5541 haec
3363 5487 3443 5542 vis
3469 5495 3584 5540 erat
3610 5503 3625 5539 :

2045 5584 2338 5650 Excordes,
2373 5582 2641 5652 inquiebat
2673 5581 2783 5644 ille,
2817 5597 2878 5634 ac
2932 5579 3112 5633 stolidi
3147 5581 3409 5640 homines.
3448 5575 3628 5632 animo

2045 5679 2114 5731 ita
2144 5676 2435 5742 comparati
2460 5682 2602 5740 sunt,
2632 5683 2687 5725 ut
2709 5688 2770 5726 ea
2793 5687 2911 5740 qua:
2938 5682 3083 5735 sunt,
3112 5671 3335 5740 perinde
3361 5687 3425 5725 ac
3448 5671 3492 5724 si
3519 5686 3626 5724 non

2042 5769 2170 5834 sint,
2201 5774 2585 5836 aspernentur;
2613 5776 2673 5818 ea
2708 5770 2883 5817 autem
2913 5778 3030 5832 qua:
3062 5778 3166 5819 non
3212 5769 3357 5830 sunt,
3403 5758 3624 5829 perinde

3529 372 3634 426 448
3710 385 3719 391 ’
