  <div class='ocr_page' id='page_1' title='image "/cluster/home/n/w/nwhite01/storage/ocr_20150623/73/uva.x000827085/232.png"; bbox 0 0 4010 6246; ppageno 0'>
   <div class='ocr_carea' id='block_1_1' title="bbox 367 321 475 376">
    <p class='ocr_par' dir='ltr' id='par_1_1' title="bbox 367 321 475 376">
     <span class='ocr_line' id='line_1_1' title="bbox 367 321 475 376; baseline 0 0"><span class='ocrx_word' id='word_1_1' title='bbox 367 321 475 376; x_wconf 71' lang='lat' dir='ltr'><strong>M9</strong></span> 
     </span>
    </p>
   </div>
   <div class='ocr_carea' id='block_1_2' title="bbox 805 312 3192 380">
    <p class='ocr_par' dir='ltr' id='par_1_2' title="bbox 805 312 3192 380">
     <span class='ocr_line' id='line_1_2' title="bbox 805 312 3192 380; baseline 0.002 -7"><span class='ocrx_word' id='word_1_2' title='bbox 805 318 964 375; x_wconf 81' lang='lat' dir='ltr'><strong>VITA</strong></span> <span class='ocrx_word' id='word_1_3' title='bbox 1001 316 1413 374; x_wconf 73' lang='lat' dir='ltr'><strong>SANCTORUM</strong></span> <span class='ocrx_word' id='word_1_4' title='bbox 1456 314 1777 369; x_wconf 62' lang='lat' dir='ltr'><strong>BARLAAM</strong></span> <span class='ocrx_word' id='word_1_5' title='bbox 1823 312 2157 367; x_wconf 62' lang='lat' dir='ltr'><strong>EREMITIE</strong></span> <span class='ocrx_word' id='word_1_6' title='bbox 2198 312 2288 368; x_wconf 85' lang='lat' dir='ltr'><strong>ET</strong></span> <span class='ocrx_word' id='word_1_7' title='bbox 2325 312 2674 371; x_wconf 81' lang='lat' dir='ltr'><strong>JOSAPHAT</strong></span> <span class='ocrx_word' id='word_1_8' title='bbox 2716 316 2925 375; x_wconf 69' lang='grc' dir='ltr'><strong>ΙΝΒΙιΕ</strong></span> <span class='ocrx_word' id='word_1_9' title='bbox 2963 321 3192 380; x_wconf 80' lang='lat' dir='ltr'><strong>REGIS.</strong></span> 
     </span>
    </p>
   </div>
   <div class='ocr_carea' id='block_1_3' title="bbox 3545 321 3648 377">
    <p class='ocr_par' dir='ltr' id='par_1_3' title="bbox 3545 321 3648 377">
     <span class='ocr_line' id='line_1_3' title="bbox 3545 321 3648 377; baseline -0.019 -1"><span class='ocrx_word' id='word_1_10' title='bbox 3545 321 3648 377; x_wconf 71' lang='grc' dir='ltr'><strong>6ὕο</strong></span> 
     </span>
    </p>
   </div>
   <div class='ocr_carea' id='block_1_4' title="bbox 366 426 3648 508">
    <p class='ocr_par' dir='ltr' id='par_1_4' title="bbox 366 426 3648 508">
     <span class='ocr_line' id='line_1_4' title="bbox 366 426 3648 508; baseline -0.001 -13"><span class='ocrx_word' id='word_1_11' title='bbox 366 457 429 497; x_wconf 84' lang='lat' dir='ltr'><strong>ac</strong></span> <span class='ocrx_word' id='word_1_12' title='bbox 459 440 502 496; x_wconf 91' lang='lat' dir='ltr'><strong>si</strong></span> <span class='ocrx_word' id='word_1_13' title='bbox 528 440 659 508; x_wconf 89' lang='lat' dir='ltr'><strong>sint,</strong></span> <span class='ocrx_word' id='word_1_14' title='bbox 692 437 1102 508; x_wconf 75' lang='lat' dir='ltr'><strong>amplectantur,</strong></span> <span class='ocrx_word' id='word_1_15' title='bbox 1132 450 1195 490; x_wconf 91' lang='lat' dir='ltr'><strong>ac</strong></span> <span class='ocrx_word' id='word_1_16' title='bbox 1222 433 1493 489; x_wconf 87' lang='lat' dir='ltr'><strong>mordicus</strong></span> <span class='ocrx_word' id='word_1_17' title='bbox 1530 432 1817 486; x_wconf 88' lang='lat' dir='ltr'><strong>retineant.</strong></span> <span class='ocrx_word' id='word_1_18' title='bbox 1850 426 1950 496; x_wconf 88' lang='lat' dir='ltr'><strong>Qui</strong></span> <span class='ocrx_word' id='word_1_19' title='bbox 1982 429 2033 487; x_wconf 82' lang='grc' dir='ltr'><strong>Α</strong></span> <span class='ocrx_word' id='word_1_20' title='bbox 2058 441 2171 493; x_wconf 86' lang='lat' dir='ltr'><strong>cas,</strong></span> <span class='ocrx_word' id='word_1_21' title='bbox 2200 429 2288 498; x_wconf 88' lang='lat' dir='ltr'><strong>qui</strong></span> <span class='ocrx_word' id='word_1_22' title='bbox 2317 428 2431 482; x_wconf 82' lang='lat' dir='ltr'><strong>ﬁeri</strong></span> <span class='ocrx_word' id='word_1_23' title='bbox 2459 438 2633 497; x_wconf 91' lang='lat' dir='ltr'><strong>potest</strong></span> <span class='ocrx_word' id='word_1_24' title='bbox 2660 440 2718 485; x_wconf 93' lang='lat' dir='ltr'><strong>ut</strong></span> <span class='ocrx_word' id='word_1_25' title='bbox 2750 445 2855 485; x_wconf 93' lang='lat' dir='ltr'><strong>non</strong></span> <span class='ocrx_word' id='word_1_26' title='bbox 2886 434 3092 500; x_wconf 90' lang='lat' dir='ltr'><strong>optimo</strong></span> <span class='ocrx_word' id='word_1_27' title='bbox 3119 433 3236 501; x_wconf 89' lang='lat' dir='ltr'><strong>jure</strong></span> <span class='ocrx_word' id='word_1_28' title='bbox 3285 442 3336 489; x_wconf 93' lang='lat' dir='ltr'><strong>te</strong></span> <span class='ocrx_word' id='word_1_29' title='bbox 3364 435 3477 490; x_wconf 91' lang='lat' dir='ltr'><strong>veri</strong></span> <span class='ocrx_word' id='word_1_30' title='bbox 3524 435 3648 491; x_wconf 91' lang='lat' dir='ltr'><strong>boui</strong></span> 
     </span>
    </p>
   </div>
   <div class='ocr_carea' id='block_1_5' title="bbox 366 522 1962 597">
    <p class='ocr_par' dir='ltr' id='par_1_5' title="bbox 366 522 1962 597">
     <span class='ocr_line' id='line_1_5' title="bbox 366 522 1962 597; baseline -0.008 -10"><span class='ocrx_word' id='word_1_31' title='bbox 366 542 543 587; x_wconf 87' lang='lat' dir='ltr'><strong>autem</strong></span> <span class='ocrx_word' id='word_1_32' title='bbox 572 544 757 584; x_wconf 89' lang='lat' dir='ltr'><strong>eorum</strong></span> <span class='ocrx_word' id='word_1_33' title='bbox 790 544 908 597; x_wconf 72' lang='lat' dir='ltr'><strong>qua:</strong></span> <span class='ocrx_word' id='word_1_34' title='bbox 946 535 1072 582; x_wconf 90' lang='lat' dir='ltr'><strong>sunt</strong></span> <span class='ocrx_word' id='word_1_35' title='bbox 1097 524 1433 580; x_wconf 84' lang='lat' dir='ltr'><strong>dulcedinem</strong></span> <span class='ocrx_word' id='word_1_36' title='bbox 1467 523 1682 577; x_wconf 91' lang='lat' dir='ltr'><strong>minime</strong></span> <span class='ocrx_word' id='word_1_37' title='bbox 1711 522 1962 592; x_wconf 87' lang='lat' dir='ltr'><strong>degusta-</strong></span> 
     </span>
    </p>
   </div>
   <div class='ocr_carea' id='block_1_6' title="bbox 367 613 1962 689">
    <p class='ocr_par' dir='ltr' id='par_1_6' title="bbox 367 613 1962 689">
     <span class='ocr_line' id='line_1_6' title="bbox 367 613 1962 689; baseline -0.006 -14"><span class='ocrx_word' id='word_1_38' title='bbox 367 624 462 685; x_wconf 86' lang='lat' dir='ltr'><strong>vit,</strong></span> <span class='ocrx_word' id='word_1_39' title='bbox 496 623 541 676; x_wconf 90' lang='lat' dir='ltr'><strong>is</strong></span> <span class='ocrx_word' id='word_1_40' title='bbox 571 635 757 676; x_wconf 89' lang='lat' dir='ltr'><strong>eorum</strong></span> <span class='ocrx_word' id='word_1_41' title='bbox 805 634 926 689; x_wconf 73' lang='lat' dir='ltr'><strong>qum</strong></span> <span class='ocrx_word' id='word_1_42' title='bbox 957 633 1060 671; x_wconf 93' lang='lat' dir='ltr'><strong>non</strong></span> <span class='ocrx_word' id='word_1_43' title='bbox 1090 624 1216 671; x_wconf 84' lang='lat' dir='ltr'><strong>sunt</strong></span> <span class='ocrx_word' id='word_1_44' title='bbox 1239 626 1480 670; x_wconf 91' lang='lat' dir='ltr'><strong>naturam</strong></span> <span class='ocrx_word' id='word_1_45' title='bbox 1518 613 1812 684; x_wconf 77' lang='lat' dir='ltr'><strong>perfectam</strong></span> <span class='ocrx_word' id='word_1_46' title='bbox 1864 615 1962 666; x_wconf 85' lang='lat' dir='ltr'><strong>Ita—</strong></span> 
     </span>
    </p>
   </div>
   <div class='ocr_carea' id='block_1_7' title="bbox 370 705 1965 779">
    <p class='ocr_par' dir='ltr' id='par_1_7' title="bbox 370 705 1965 779">
     <span class='ocr_line' id='line_1_7' title="bbox 370 705 1965 779; baseline -0.006 -11"><span class='ocrx_word' id='word_1_47' title='bbox 370 715 499 768; x_wconf 87' lang='lat' dir='ltr'><strong>bere</strong></span> <span class='ocrx_word' id='word_1_48' title='bbox 526 727 633 766; x_wconf 91' lang='lat' dir='ltr'><strong>non</strong></span> <span class='ocrx_word' id='word_1_49' title='bbox 664 709 882 779; x_wconf 91' lang='lat' dir='ltr'><strong>poterit.</strong></span> <span class='ocrx_word' id='word_1_50' title='bbox 909 707 1056 764; x_wconf 88' lang='lat' dir='ltr'><strong>Hane</strong></span> <span class='ocrx_word' id='word_1_51' title='bbox 1079 723 1240 779; x_wconf 89' lang='lat' dir='ltr'><strong>porro</strong></span> <span class='ocrx_word' id='word_1_52' title='bbox 1268 706 1369 762; x_wconf 85' lang='lat' dir='ltr'><strong>nisi</strong></span> <span class='ocrx_word' id='word_1_53' title='bbox 1398 707 1737 774; x_wconf 80' lang='lat' dir='ltr'><strong>exploratam</strong></span> <span class='ocrx_word' id='word_1_54' title='bbox 1766 705 1965 760; x_wconf 85' lang='lat' dir='ltr'><strong>habue-</strong></span> 
     </span>
    </p>
   </div>
   <div class='ocr_carea' id='block_1_8' title="bbox 366 797 1965 872">
    <p class='ocr_par' dir='ltr' id='par_1_8' title="bbox 366 797 1965 872">
     <span class='ocr_line' id='line_1_8' title="bbox 366 797 1965 872; baseline -0.004 -15"><span class='ocrx_word' id='word_1_55' title='bbox 366 804 460 869; x_wconf 85' lang='lat' dir='ltr'><strong>rit,</strong></span> <span class='ocrx_word' id='word_1_56' title='bbox 480 817 714 872; x_wconf 88' lang='lat' dir='ltr'><strong>quonam</strong></span> <span class='ocrx_word' id='word_1_57' title='bbox 738 800 900 854; x_wconf 90' lang='lat' dir='ltr'><strong>modo</strong></span> <span class='ocrx_word' id='word_1_58' title='bbox 924 815 986 855; x_wconf 90' lang='lat' dir='ltr'><strong>ea</strong></span> <span class='ocrx_word' id='word_1_59' title='bbox 1011 808 1315 854; x_wconf 86' lang='lat' dir='ltr'><strong>contemnet</strong></span> <span class='ocrx_word' id='word_1_60' title='bbox 1336 813 1398 853; x_wconf 90' lang='lat' dir='ltr'><strong>ac</strong></span> <span class='ocrx_word' id='word_1_61' title='bbox 1422 814 1518 869; x_wconf 92' lang='lat' dir='ltr'><strong>pro</strong></span> <span class='ocrx_word' id='word_1_62' title='bbox 1541 798 1709 853; x_wconf 88' lang='lat' dir='ltr'><strong>nihilo</strong></span> <span class='ocrx_word' id='word_1_63' title='bbox 1731 797 1965 868; x_wconf 79' lang='lat' dir='ltr'><strong>putabit?</strong></span> 
     </span>
    </p>
   </div>
   <div class='ocr_carea' id='block_1_9' title="bbox 373 890 1962 964">
    <p class='ocr_par' dir='ltr' id='par_1_9' title="bbox 373 890 1962 964">
     <span class='ocr_line' id='line_1_9' title="bbox 373 890 1962 964; baseline -0.003 -15"><span class='ocrx_word' id='word_1_64' title='bbox 373 894 541 949; x_wconf 87' lang='lat' dir='ltr'><strong>Porro</strong></span> <span class='ocrx_word' id='word_1_65' title='bbox 572 907 669 964; x_wconf 85' lang='lat' dir='ltr'><strong>per</strong></span> <span class='ocrx_word' id='word_1_66' title='bbox 693 906 755 947; x_wconf 90' lang='lat' dir='ltr'><strong>ea</strong></span> <span class='ocrx_word' id='word_1_67' title='bbox 787 906 909 961; x_wconf 82' lang='lat' dir='ltr'><strong>quae</strong></span> <span class='ocrx_word' id='word_1_68' title='bbox 936 900 1080 959; x_wconf 90' lang='lat' dir='ltr'><strong>sunt,</strong></span> <span class='ocrx_word' id='word_1_69' title='bbox 1115 891 1231 945; x_wconf 82' lang='lat' dir='ltr'><strong>haec</strong></span> <span class='ocrx_word' id='word_1_70' title='bbox 1260 890 1433 945; x_wconf 85' lang='lat' dir='ltr'><strong>oratio</strong></span> <span class='ocrx_word' id='word_1_71' title='bbox 1477 891 1828 960; x_wconf 88' lang='lat' dir='ltr'><strong>sempiternas</strong></span> <span class='ocrx_word' id='word_1_72' title='bbox 1854 903 1962 955; x_wconf 87' lang='lat' dir='ltr'><strong>res,</strong></span> 
     </span>
    </p>
   </div>
   <div class='ocr_carea' id='block_1_10' title="bbox 373 982 1964 1055">
    <p class='ocr_par' dir='ltr' id='par_1_10' title="bbox 373 982 1964 1055">
     <span class='ocr_line' id='line_1_10' title="bbox 373 982 1964 1055; baseline -0.002 -15"><span class='ocrx_word' id='word_1_73' title='bbox 373 995 538 1055; x_wconf 89' lang='lat' dir='ltr'><strong>atque</strong></span> <span class='ocrx_word' id='word_1_74' title='bbox 566 1000 594 1039; x_wconf 92' lang='lat' dir='ltr'><strong>a</strong></span> <span class='ocrx_word' id='word_1_75' title='bbox 618 984 913 1053; x_wconf 90' lang='lat' dir='ltr'><strong>jactatione</strong></span> <span class='ocrx_word' id='word_1_76' title='bbox 943 983 1148 1038; x_wconf 90' lang='lat' dir='ltr'><strong>alienas</strong></span> <span class='ocrx_word' id='word_1_77' title='bbox 1177 982 1506 1052; x_wconf 89' lang='lat' dir='ltr'><strong>intelligebat</strong></span> <span class='ocrx_word' id='word_1_78' title='bbox 1531 1000 1546 1036; x_wconf 91' lang='lat'><strong>:</strong></span> <span class='ocrx_word' id='word_1_79' title='bbox 1578 997 1675 1051; x_wconf 89' lang='lat' dir='ltr'><strong>per</strong></span> <span class='ocrx_word' id='word_1_80' title='bbox 1698 996 1760 1037; x_wconf 90' lang='lat' dir='ltr'><strong>ea</strong></span> <span class='ocrx_word' id='word_1_81' title='bbox 1785 990 1964 1037; x_wconf 88' lang='lat' dir='ltr'><strong>autem</strong></span> 
     </span>
    </p>
   </div>
   <div class='ocr_carea' id='block_1_11' title="bbox 373 1072 1964 1147">
    <p class='ocr_par' dir='ltr' id='par_1_11' title="bbox 373 1072 1964 1147">
     <span class='ocr_line' id='line_1_11' title="bbox 373 1072 1964 1147; baseline -0.004 -15"><span class='ocrx_word' id='word_1_82' title='bbox 373 1093 492 1147; x_wconf 70' lang='lat' dir='ltr'><strong>qua:</strong></span> <span class='ocrx_word' id='word_1_83' title='bbox 522 1091 627 1131; x_wconf 90' lang='lat' dir='ltr'><strong>nou</strong></span> <span class='ocrx_word' id='word_1_84' title='bbox 657 1084 804 1140; x_wconf 91' lang='lat' dir='ltr'><strong>sunt,</strong></span> <span class='ocrx_word' id='word_1_85' title='bbox 842 1074 982 1128; x_wconf 90' lang='lat' dir='ltr'><strong>hanc</strong></span> <span class='ocrx_word' id='word_1_86' title='bbox 1014 1073 1173 1127; x_wconf 90' lang='lat' dir='ltr'><strong>vitam</strong></span> <span class='ocrx_word' id='word_1_87' title='bbox 1200 1083 1252 1127; x_wconf 89' lang='lat' dir='ltr'><strong>et</strong></span> <span class='ocrx_word' id='word_1_88' title='bbox 1283 1073 1524 1136; x_wconf 88' lang='lat' dir='ltr'><strong>delicias,</strong></span> <span class='ocrx_word' id='word_1_89' title='bbox 1556 1087 1621 1126; x_wconf 85' lang='lat' dir='ltr'><strong>ac</strong></span> <span class='ocrx_word' id='word_1_90' title='bbox 1652 1072 1964 1127; x_wconf 88' lang='lat' dir='ltr'><strong>mendacem</strong></span> 
     </span>
    </p>
   </div>
   <div class='ocr_carea' id='block_1_12' title="bbox 374 1161 1965 1237">
    <p class='ocr_par' dir='ltr' id='par_1_12' title="bbox 374 1161 1965 1237">
     <span class='ocr_line' id='line_1_12' title="bbox 374 1161 1965 1237; baseline -0.002 -16"><span class='ocrx_word' id='word_1_91' title='bbox 374 1166 784 1237; x_wconf 82' lang='lat' dir='ltr'><strong>prosperitatem</strong></span> <span class='ocrx_word' id='word_1_92' title='bbox 814 1181 829 1219; x_wconf 89' lang='lat'>:</span> <span class='ocrx_word' id='word_1_93' title='bbox 858 1163 1070 1232; x_wconf 85' lang='lat' dir='ltr'><strong>quibus,</strong></span> <span class='ocrx_word' id='word_1_94' title='bbox 1103 1176 1137 1217; x_wconf 91' lang='grc' dir='ltr'><strong>ο</strong></span> <span class='ocrx_word' id='word_1_95' title='bbox 1167 1177 1284 1225; x_wconf 90' lang='lat' dir='ltr'><strong>rex,</strong></span> <span class='ocrx_word' id='word_1_96' title='bbox 1341 1161 1475 1217; x_wconf 85' lang='lat' dir='ltr'><strong>heu!</strong></span> <span class='ocrx_word' id='word_1_97' title='bbox 1504 1176 1598 1216; x_wconf 93' lang='lat' dir='ltr'><strong>cor</strong></span> <span class='ocrx_word' id='word_1_98' title='bbox 1644 1170 1792 1217; x_wconf 90' lang='lat' dir='ltr'><strong>tuum</strong></span> <span class='ocrx_word' id='word_1_99' title='bbox 1824 1163 1965 1219; x_wconf 90' lang='lat' dir='ltr'><strong>male</strong></span> 
     </span>
    </p>
   </div>
   <div class='ocr_carea' id='block_1_13' title="bbox 374 1251 1963 1325">
    <p class='ocr_par' dir='ltr' id='par_1_13' title="bbox 374 1251 1963 1325">
     <span class='ocr_line' id='line_1_13' title="bbox 374 1251 1963 1325; baseline -0.003 -14"><span class='ocrx_word' id='word_1_100' title='bbox 374 1258 590 1311; x_wconf 84' lang='lat' dir='ltr'><strong>affixum</strong></span> <span class='ocrx_word' id='word_1_101' title='bbox 622 1265 739 1322; x_wconf 89' lang='lat' dir='ltr'><strong>est;</strong></span> <span class='ocrx_word' id='word_1_102' title='bbox 770 1267 977 1325; x_wconf 81' lang='lat' dir='ltr'><strong>egoque</strong></span> <span class='ocrx_word' id='word_1_103' title='bbox 1031 1253 1160 1308; x_wconf 88' lang='lat' dir='ltr'><strong>item</strong></span> <span class='ocrx_word' id='word_1_104' title='bbox 1208 1251 1473 1322; x_wconf 91' lang='lat' dir='ltr'><strong>quondam</strong></span> <span class='ocrx_word' id='word_1_105' title='bbox 1522 1266 1584 1307; x_wconf 85' lang='lat' dir='ltr'><strong>ea</strong></span> <span class='ocrx_word' id='word_1_106' title='bbox 1636 1252 1963 1321; x_wconf 89' lang='lat' dir='ltr'><strong>complecte-</strong></span> 
     </span>
    </p>
   </div>
   <div class='ocr_carea' id='block_1_14' title="bbox 375 1342 1965 1414">
    <p class='ocr_par' dir='ltr' id='par_1_14' title="bbox 375 1342 1965 1414">
     <span class='ocr_line' id='line_1_14' title="bbox 375 1342 1965 1414; baseline -0.003 -11"><span class='ocrx_word' id='word_1_107' title='bbox 375 1348 490 1403; x_wconf 88' lang='lat' dir='ltr'><strong>bar.</strong></span> <span class='ocrx_word' id='word_1_108' title='bbox 516 1347 710 1401; x_wconf 79' lang='lat' dir='ltr'><strong>Verum</strong></span> <span class='ocrx_word' id='word_1_109' title='bbox 744 1345 901 1414; x_wconf 86' lang='lat' dir='ltr'><strong>hujus</strong></span> <span class='ocrx_word' id='word_1_110' title='bbox 926 1342 1194 1399; x_wconf 84' lang='lat' dir='ltr'><strong>sermonis</strong></span> <span class='ocrx_word' id='word_1_111' title='bbox 1221 1343 1323 1409; x_wconf 94' lang='lat' dir='ltr'><strong>vis,</strong></span> <span class='ocrx_word' id='word_1_112' title='bbox 1355 1343 1593 1398; x_wconf 88' lang='lat' dir='ltr'><strong>animum</strong></span> <span class='ocrx_word' id='word_1_113' title='bbox 1624 1358 1805 1398; x_wconf 90' lang='lat' dir='ltr'><strong>meum</strong></span> <span class='ocrx_word' id='word_1_114' title='bbox 1847 1344 1965 1399; x_wconf 89' lang='lat' dir='ltr'><strong>sine</strong></span> 
     </span>
    </p>
   </div>
   <div class='ocr_carea' id='block_1_15' title="bbox 376 1435 1963 1505">
    <p class='ocr_par' dir='ltr' id='par_1_15' title="bbox 376 1435 1963 1505">
     <span class='ocr_line' id='line_1_15' title="bbox 376 1435 1963 1505; baseline -0.003 -11"><span class='ocrx_word' id='word_1_115' title='bbox 376 1440 482 1494; x_wconf 89' lang='lat' dir='ltr'><strong>ulla</strong></span> <span class='ocrx_word' id='word_1_116' title='bbox 504 1438 908 1494; x_wconf 79' lang='lat' dir='ltr'><strong>intermissione</strong></span> <span class='ocrx_word' id='word_1_117' title='bbox 936 1435 1211 1499; x_wconf 89' lang='lat' dir='ltr'><strong>vellicans,</strong></span> <span class='ocrx_word' id='word_1_118' title='bbox 1244 1442 1501 1499; x_wconf 87' lang='lat' dir='ltr'><strong>mentem,</strong></span> <span class='ocrx_word' id='word_1_119' title='bbox 1532 1449 1651 1503; x_wconf 70' lang='lat' dir='ltr'><strong>quae</strong></span> <span class='ocrx_word' id='word_1_120' title='bbox 1677 1436 1781 1490; x_wconf 92' lang='lat' dir='ltr'><strong>mei</strong></span> <span class='ocrx_word' id='word_1_121' title='bbox 1813 1437 1963 1505; x_wconf 89' lang='lat' dir='ltr'><strong>priu-</strong></span> 
     </span>
    </p>
   </div>
   <div class='ocr_carea' id='block_1_16' title="bbox 374 1526 1963 1604">
    <p class='ocr_par' dir='ltr' id='par_1_16' title="bbox 374 1526 1963 1604">
     <span class='ocr_line' id='line_1_16' title="bbox 374 1526 1963 1604; baseline -0.006 -15"><span class='ocrx_word' id='word_1_122' title='bbox 374 1534 609 1604; x_wconf 91' lang='lat' dir='ltr'><strong>cipatum</strong></span> <span class='ocrx_word' id='word_1_123' title='bbox 654 1539 822 1594; x_wconf 91' lang='lat' dir='ltr'><strong>tenet,</strong></span> <span class='ocrx_word' id='word_1_124' title='bbox 856 1528 923 1582; x_wconf 92' lang='lat' dir='ltr'><strong>ad</strong></span> <span class='ocrx_word' id='word_1_125' title='bbox 968 1527 1017 1582; x_wconf 91' lang='lat' dir='ltr'><strong>id</strong></span> <span class='ocrx_word' id='word_1_126' title='bbox 1063 1526 1202 1597; x_wconf 89' lang='lat' dir='ltr'><strong>quod</strong></span> <span class='ocrx_word' id='word_1_127' title='bbox 1251 1527 1439 1581; x_wconf 89' lang='lat' dir='ltr'><strong>melius</strong></span> <span class='ocrx_word' id='word_1_128' title='bbox 1476 1534 1615 1591; x_wconf 90' lang='lat' dir='ltr'><strong>erat,</strong></span> <span class='ocrx_word' id='word_1_129' title='bbox 1659 1526 1963 1594; x_wconf 80' lang='lat' dir='ltr'><strong>eligendum</strong></span> 
     </span>
    </p>
   </div>
   <div class='ocr_carea' id='block_1_17' title="bbox 376 1618 1966 1688">
    <p class='ocr_par' dir='ltr' id='par_1_17' title="bbox 376 1618 1966 1688">
     <span class='ocr_line' id='line_1_17' title="bbox 376 1618 1966 1688; baseline -0.004 -10"><span class='ocrx_word' id='word_1_130' title='bbox 376 1624 659 1678; x_wconf 83' lang='lat' dir='ltr'><strong>excitabat.</strong></span> <span class='ocrx_word' id='word_1_131' title='bbox 709 1622 977 1677; x_wconf 70' lang='lat' dir='ltr'><strong>Caeterum</strong></span> <span class='ocrx_word' id='word_1_132' title='bbox 1024 1619 1108 1673; x_wconf 90' lang='lat' dir='ltr'><strong>lex</strong></span> <span class='ocrx_word' id='word_1_133' title='bbox 1162 1618 1399 1688; x_wconf 86' lang='lat' dir='ltr'><strong>peccati,</strong></span> <span class='ocrx_word' id='word_1_134' title='bbox 1429 1632 1550 1672; x_wconf 90' lang='lat' dir='ltr'><strong>cum</strong></span> <span class='ocrx_word' id='word_1_135' title='bbox 1603 1618 1799 1673; x_wconf 90' lang='lat' dir='ltr'><strong>mentis</strong></span> <span class='ocrx_word' id='word_1_136' title='bbox 1830 1632 1966 1672; x_wconf 62' lang='lat' dir='ltr'><strong>mea:</strong></span> 
     </span>
    </p>
   </div>
   <div class='ocr_carea' id='block_1_18' title="bbox 377 1710 1966 1786">
    <p class='ocr_par' dir='ltr' id='par_1_18' title="bbox 377 1710 1966 1786">
     <span class='ocr_line' id='line_1_18' title="bbox 377 1710 1966 1786; baseline -0.004 -15"><span class='ocrx_word' id='word_1_137' title='bbox 377 1718 492 1786; x_wconf 89' lang='lat' dir='ltr'><strong>lege</strong></span> <span class='ocrx_word' id='word_1_138' title='bbox 523 1730 787 1785; x_wconf 87' lang='lat' dir='ltr'><strong>pugnans,</strong></span> <span class='ocrx_word' id='word_1_139' title='bbox 830 1728 895 1767; x_wconf 89' lang='lat' dir='ltr'><strong>ac</strong></span> <span class='ocrx_word' id='word_1_140' title='bbox 942 1711 1091 1767; x_wconf 88' lang='lat' dir='ltr'><strong>velut</strong></span> <span class='ocrx_word' id='word_1_141' title='bbox 1117 1710 1434 1779; x_wconf 84' lang='lat' dir='ltr'><strong>quibusdam</strong></span> <span class='ocrx_word' id='word_1_142' title='bbox 1484 1710 1833 1779; x_wconf 87' lang='lat' dir='ltr'><strong>compedibus</strong></span> <span class='ocrx_word' id='word_1_143' title='bbox 1880 1723 1966 1764; x_wconf 90' lang='lat' dir='ltr'><strong>me</strong></span> 
     </span>
    </p>
   </div>
   <div class='ocr_carea' id='block_1_19' title="bbox 2065 520 3649 592">
    <p class='ocr_par' dir='ltr' id='par_1_19' title="bbox 2065 520 3649 592">
     <span class='ocr_line' id='line_1_19' title="bbox 2065 520 3649 592; baseline 0.005 -17"><span class='ocrx_word' id='word_1_144' title='bbox 2065 521 2273 576; x_wconf 91' lang='lat' dir='ltr'><strong>inscitia</strong></span> <span class='ocrx_word' id='word_1_145' title='bbox 2304 520 2548 576; x_wconf 88' lang='lat' dir='ltr'><strong>laborare</strong></span> <span class='ocrx_word' id='word_1_146' title='bbox 2573 522 2767 589; x_wconf 81' lang='lat' dir='ltr'><strong>dicam,</strong></span> <span class='ocrx_word' id='word_1_147' title='bbox 2800 534 2858 578; x_wconf 94' lang='lat' dir='ltr'><strong>ut</strong></span> <span class='ocrx_word' id='word_1_148' title='bbox 2911 524 3001 592; x_wconf 90' lang='lat' dir='ltr'><strong>qui</strong></span> <span class='ocrx_word' id='word_1_149' title='bbox 3030 526 3248 580; x_wconf 91' lang='lat' dir='ltr'><strong>omnino</strong></span> <span class='ocrx_word' id='word_1_150' title='bbox 3279 526 3392 582; x_wconf 58' lang='lat' dir='ltr'><strong>hac</strong></span> <span class='ocrx_word' id='word_1_151' title='bbox 3422 530 3559 584; x_wconf 90' lang='lat' dir='ltr'><strong>inter</strong></span> <span class='ocrx_word' id='word_1_152' title='bbox 3588 544 3649 583; x_wconf 81' lang='lat' dir='ltr'><strong>se</strong></span> 
     </span>
    </p>
   </div>
   <div class='ocr_carea' id='block_1_20' title="bbox 2064 615 3649 685">
    <p class='ocr_par' dir='ltr' id='par_1_20' title="bbox 2064 615 3649 685">
     <span class='ocr_line' id='line_1_20' title="bbox 2064 615 3649 685; baseline 0.002 -15"><span class='ocrx_word' id='word_1_153' title='bbox 2064 627 2377 682; x_wconf 89' lang='lat' dir='ltr'><strong>componas,</strong></span> <span class='ocrx_word' id='word_1_154' title='bbox 2404 615 2654 684; x_wconf 85' lang='lat' dir='ltr'><strong>pietatem</strong></span> <span class='ocrx_word' id='word_1_155' title='bbox 2681 616 2884 670; x_wconf 83' lang='lat' dir='ltr'><strong>scilicet</strong></span> <span class='ocrx_word' id='word_1_156' title='bbox 2914 630 3038 685; x_wconf 90' lang='lat' dir='ltr'><strong>erga</strong></span> <span class='ocrx_word' id='word_1_157' title='bbox 3070 617 3234 673; x_wconf 90' lang='lat' dir='ltr'><strong>Deum</strong></span> <span class='ocrx_word' id='word_1_158' title='bbox 3265 632 3385 671; x_wconf 89' lang='lat' dir='ltr'><strong>cum</strong></span> <span class='ocrx_word' id='word_1_159' title='bbox 3416 619 3649 673; x_wconf 86' lang='lat' dir='ltr'><strong>humana</strong></span> 
     </span>
    </p>
   </div>
   <div class='ocr_carea' id='block_1_21' title="bbox 2064 706 3649 777">
    <p class='ocr_par' dir='ltr' id='par_1_21' title="bbox 2064 706 3649 777">
     <span class='ocr_line' id='line_1_21' title="bbox 2064 706 3649 777; baseline 0.003 -18"><span class='ocrx_word' id='word_1_160' title='bbox 2064 706 2297 760; x_wconf 90' lang='lat' dir='ltr'><strong>amicitia</strong></span> <span class='ocrx_word' id='word_1_161' title='bbox 2345 715 2400 761; x_wconf 89' lang='lat' dir='ltr'><strong>et</strong></span> <span class='ocrx_word' id='word_1_162' title='bbox 2434 706 2599 777; x_wconf 89' lang='lat' dir='ltr'><strong>gloria</strong></span> <span class='ocrx_word' id='word_1_163' title='bbox 2654 708 2823 762; x_wconf 86' lang='lat' dir='ltr'><strong>instar</strong></span> <span class='ocrx_word' id='word_1_164' title='bbox 2867 722 3022 777; x_wconf 66' lang='lat' dir='ltr'><strong>aquae</strong></span> <span class='ocrx_word' id='word_1_165' title='bbox 3061 707 3370 764; x_wconf 80' lang='lat' dir='ltr'><strong>defluente?</strong></span> <span class='ocrx_word' id='word_1_166' title='bbox 3407 710 3649 777; x_wconf 80' lang='lat' dir='ltr'><strong>Quonam</strong></span> 
     </span>
    </p>
   </div>
   <div class='ocr_carea' id='block_1_22' title="bbox 2064 795 3652 863">
    <p class='ocr_par' dir='ltr' id='par_1_22' title="bbox 2064 795 3652 863">
     <span class='ocr_line' id='line_1_22' title="bbox 2064 795 3652 863; baseline 0.002 -13"><span class='ocrx_word' id='word_1_167' title='bbox 2064 796 2194 850; x_wconf 88' lang='lat' dir='ltr'><strong>item</strong></span> <span class='ocrx_word' id='word_1_168' title='bbox 2226 795 2386 850; x_wconf 88' lang='lat' dir='ltr'><strong>modo</strong></span> <span class='ocrx_word' id='word_1_169' title='bbox 2416 797 2467 850; x_wconf 92' lang='lat' dir='ltr'><strong>in</strong></span> <span class='ocrx_word' id='word_1_170' title='bbox 2503 797 2601 851; x_wconf 93' lang='lat' dir='ltr'><strong>hac</strong></span> <span class='ocrx_word' id='word_1_171' title='bbox 2631 813 2689 852; x_wconf 90' lang='lat' dir='ltr'><strong>re</strong></span> <span class='ocrx_word' id='word_1_172' title='bbox 2717 798 2847 852; x_wconf 88' lang='lat' dir='ltr'><strong>socii</strong></span> <span class='ocrx_word' id='word_1_173' title='bbox 2880 798 2973 852; x_wconf 89' lang='lat' dir='ltr'><strong>tibi</strong></span> <span class='ocrx_word' id='word_1_174' title='bbox 3015 798 3175 852; x_wconf 87' lang='lat' dir='ltr'><strong>futuri</strong></span> <span class='ocrx_word' id='word_1_175' title='bbox 3206 813 3412 863; x_wconf 88' lang='lat' dir='ltr'><strong>sumus,</strong></span> <span class='ocrx_word' id='word_1_176' title='bbox 3455 812 3520 854; x_wconf 91' lang='lat' dir='ltr'><strong>ac</strong></span> <span class='ocrx_word' id='word_1_177' title='bbox 3546 817 3652 854; x_wconf 87' lang='lat' dir='ltr'><strong>nou</strong></span> 
     </span>
    </p>
   </div>
   <div class='ocr_carea' id='block_1_23' title="bbox 2064 886 3651 956">
    <p class='ocr_par' dir='ltr' id='par_1_23' title="bbox 2064 886 3651 956">
     <span class='ocr_line' id='line_1_23' title="bbox 2064 886 3651 956; baseline 0.003 -16"><span class='ocrx_word' id='word_1_178' title='bbox 2064 899 2251 941; x_wconf 90' lang='lat' dir='ltr'><strong>contra</strong></span> <span class='ocrx_word' id='word_1_179' title='bbox 2278 896 2389 941; x_wconf 89' lang='lat' dir='ltr'><strong>tum</strong></span> <span class='ocrx_word' id='word_1_180' title='bbox 2417 886 2725 954; x_wconf 85' lang='lat' dir='ltr'><strong>amicitiam,</strong></span> <span class='ocrx_word' id='word_1_181' title='bbox 2758 896 2869 943; x_wconf 90' lang='lat' dir='ltr'><strong>tum</strong></span> <span class='ocrx_word' id='word_1_182' title='bbox 2904 890 3182 956; x_wconf 88' lang='lat' dir='ltr'><strong>honorem,</strong></span> <span class='ocrx_word' id='word_1_183' title='bbox 3218 899 3327 944; x_wconf 92' lang='lat' dir='ltr'><strong>tum</strong></span> <span class='ocrx_word' id='word_1_184' title='bbox 3359 890 3651 945; x_wconf 57' lang='lat' dir='ltr'><strong>ltberoruut</strong></span> 
     </span>
    </p>
   </div>
   <div class='ocr_carea' id='block_1_24' title="bbox 2065 979 3655 1052">
    <p class='ocr_par' dir='ltr' id='par_1_24' title="bbox 2065 979 3655 1052">
     <span class='ocr_line' id='line_1_24' title="bbox 2065 979 3655 1052; baseline 0.003 -20"><span class='ocrx_word' id='word_1_185' title='bbox 2065 992 2329 1045; x_wconf 90' lang='lat' dir='ltr'><strong>amorem,</strong></span> <span class='ocrx_word' id='word_1_186' title='bbox 2356 988 2410 1034; x_wconf 91' lang='lat' dir='ltr'><strong>et</strong></span> <span class='ocrx_word' id='word_1_187' title='bbox 2429 980 2474 1033; x_wconf 90' lang='lat' dir='ltr'><strong>si</strong></span> <span class='ocrx_word' id='word_1_188' title='bbox 2505 980 2631 1049; x_wconf 84' lang='lat' dir='ltr'><strong>quid</strong></span> <span class='ocrx_word' id='word_1_189' title='bbox 2660 979 2804 1035; x_wconf 90' lang='lat' dir='ltr'><strong>aliud</strong></span> <span class='ocrx_word' id='word_1_190' title='bbox 2832 984 3002 1050; x_wconf 86' lang='lat' dir='ltr'><strong>majus</strong></span> <span class='ocrx_word' id='word_1_191' title='bbox 3024 991 3189 1049; x_wconf 89' lang='lat' dir='ltr'><strong>esset,</strong></span> <span class='ocrx_word' id='word_1_192' title='bbox 3223 982 3655 1052; x_wconf 85' lang='lat' dir='ltr'><strong>asperuabimur,</strong></span> 
     </span>
    </p>
   </div>
   <div class='ocr_carea' id='block_1_25' title="bbox 2065 1075 3657 1146">
    <p class='ocr_par' dir='ltr' id='par_1_25' title="bbox 2065 1075 3657 1146">
     <span class='ocr_line' id='line_1_25' title="bbox 2065 1075 3657 1146; baseline 0 -19"><span class='ocrx_word' id='word_1_193' title='bbox 2065 1087 2187 1127; x_wconf 90' lang='lat' dir='ltr'><strong>cum</strong></span> <span class='ocrx_word' id='word_1_194' title='bbox 2220 1082 2291 1138; x_wconf 89' lang='lat' dir='ltr'><strong>te,</strong></span> <span class='ocrx_word' id='word_1_195' title='bbox 2323 1087 2356 1127; x_wconf 90' lang='grc' dir='ltr'><strong>ο</strong></span> <span class='ocrx_word' id='word_1_196' title='bbox 2384 1088 2501 1139; x_wconf 89' lang='lat' dir='ltr'><strong>rex,</strong></span> <span class='ocrx_word' id='word_1_197' title='bbox 2551 1075 2603 1128; x_wconf 92' lang='lat' dir='ltr'><strong>in</strong></span> <span class='ocrx_word' id='word_1_198' title='bbox 2637 1075 2801 1130; x_wconf 90' lang='lat' dir='ltr'><strong>Deum</strong></span> <span class='ocrx_word' id='word_1_199' title='bbox 2833 1077 3093 1131; x_wconf 88' lang='lat' dir='ltr'><strong>scelerate</strong></span> <span class='ocrx_word' id='word_1_200' title='bbox 3140 1091 3328 1145; x_wconf 82' lang='lat' dir='ltr'><strong>gerere</strong></span> <span class='ocrx_word' id='word_1_201' title='bbox 3359 1078 3657 1146; x_wconf 82' lang='lat' dir='ltr'><strong>conspicia-</strong></span> 
     </span>
    </p>
   </div>
   <div class='ocr_carea' id='block_1_26' title="bbox 2067 1165 3656 1238">
    <p class='ocr_par' dir='ltr' id='par_1_26' title="bbox 2067 1165 3656 1238">
     <span class='ocr_line' id='line_1_26' title="bbox 2067 1165 3656 1238; baseline 0.001 -19"><span class='ocrx_word' id='word_1_202' title='bbox 2067 1181 2206 1232; x_wconf 93' lang='lat' dir='ltr'><strong>mus,</strong></span> <span class='ocrx_word' id='word_1_203' title='bbox 2237 1165 2327 1235; x_wconf 91' lang='lat' dir='ltr'><strong>qui</strong></span> <span class='ocrx_word' id='word_1_204' title='bbox 2357 1166 2452 1221; x_wconf 90' lang='lat' dir='ltr'><strong>tibi</strong></span> <span class='ocrx_word' id='word_1_205' title='bbox 2483 1167 2656 1236; x_wconf 90' lang='lat' dir='ltr'><strong>ipsum</strong></span> <span class='ocrx_word' id='word_1_206' title='bbox 2679 1182 2799 1221; x_wconf 89' lang='lat' dir='ltr'><strong>esse</strong></span> <span class='ocrx_word' id='word_1_207' title='bbox 2835 1178 2891 1224; x_wconf 92' lang='lat' dir='ltr'><strong>et</strong></span> <span class='ocrx_word' id='word_1_208' title='bbox 2919 1167 3161 1238; x_wconf 88' lang='lat' dir='ltr'><strong>spiritum</strong></span> <span class='ocrx_word' id='word_1_209' title='bbox 3190 1168 3387 1222; x_wconf 88' lang='lat' dir='ltr'><strong>ducere</strong></span> <span class='ocrx_word' id='word_1_210' title='bbox 3408 1168 3656 1237; x_wconf 65' lang='lat' dir='ltr'><strong>praebuit,</strong></span> 
     </span>
    </p>
   </div>
   <div class='ocr_carea' id='block_1_27' title="bbox 2066 1257 3655 1332">
    <p class='ocr_par' dir='ltr' id='par_1_27' title="bbox 2066 1257 3655 1332">
     <span class='ocr_line' id='line_1_27' title="bbox 2066 1257 3655 1332; baseline 0.003 -22"><span class='ocrx_word' id='word_1_211' title='bbox 2066 1257 2156 1327; x_wconf 89' lang='lat' dir='ltr'><strong>qui</strong></span> <span class='ocrx_word' id='word_1_212' title='bbox 2185 1268 2269 1313; x_wconf 90' lang='lat' dir='ltr'><strong>est</strong></span> <span class='ocrx_word' id='word_1_213' title='bbox 2312 1257 2567 1313; x_wconf 82' lang='lat' dir='ltr'><strong>Christus</strong></span> <span class='ocrx_word' id='word_1_214' title='bbox 2610 1259 2765 1314; x_wconf 84' lang='lat' dir='ltr'><strong>Jesus</strong></span> <span class='ocrx_word' id='word_1_215' title='bbox 2794 1261 3030 1315; x_wconf 91' lang='lat' dir='ltr'><strong>omnium</strong></span> <span class='ocrx_word' id='word_1_216' title='bbox 3078 1260 3372 1314; x_wconf 89' lang='lat' dir='ltr'><strong>Dominus:</strong></span> <span class='ocrx_word' id='word_1_217' title='bbox 3402 1261 3490 1332; x_wconf 91' lang='lat' dir='ltr'><strong>qui</strong></span> <span class='ocrx_word' id='word_1_218' title='bbox 3533 1275 3655 1315; x_wconf 89' lang='lat' dir='ltr'><strong>cum</strong></span> 
     </span>
    </p>
   </div>
   <div class='ocr_carea' id='block_1_28' title="bbox 2068 1347 3659 1421">
    <p class='ocr_par' dir='ltr' id='par_1_28' title="bbox 2068 1347 3659 1421">
     <span class='ocr_line' id='line_1_28' title="bbox 2068 1347 3659 1421; baseline 0.004 -20"><span class='ocrx_word' id='word_1_219' title='bbox 2068 1347 2330 1419; x_wconf 88' lang='lat' dir='ltr'><strong>principio</strong></span> <span class='ocrx_word' id='word_1_220' title='bbox 2378 1358 2579 1413; x_wconf 90' lang='lat' dir='ltr'><strong>careat,</strong></span> <span class='ocrx_word' id='word_1_221' title='bbox 2624 1349 2974 1421; x_wconf 84' lang='lat' dir='ltr'><strong>ejusdemque</strong></span> <span class='ocrx_word' id='word_1_222' title='bbox 3003 1365 3125 1405; x_wconf 91' lang='lat' dir='ltr'><strong>cum</strong></span> <span class='ocrx_word' id='word_1_223' title='bbox 3159 1351 3314 1407; x_wconf 80' lang='lat' dir='ltr'><strong>Patre</strong></span> <span class='ocrx_word' id='word_1_224' title='bbox 3345 1351 3659 1407; x_wconf 65' lang='lat' dir='ltr'><strong>aeternitat’s</strong></span> 
     </span>
    </p>
   </div>
   <div class='ocr_carea' id='block_1_29' title="bbox 2067 1440 3661 1509">
    <p class='ocr_par' dir='ltr' id='par_1_29' title="bbox 2067 1440 3661 1509">
     <span class='ocr_line' id='line_1_29' title="bbox 2067 1440 3661 1509; baseline 0 -16"><span class='ocrx_word' id='word_1_225' title='bbox 2067 1443 2165 1505; x_wconf 63' lang='lat' dir='ltr'><strong>sPt,</strong></span> <span class='ocrx_word' id='word_1_226' title='bbox 2210 1440 2481 1507; x_wconf 71' lang='lat' dir='ltr'><strong>cmlosque</strong></span> <span class='ocrx_word' id='word_1_227' title='bbox 2508 1454 2569 1492; x_wconf 91' lang='lat' dir='ltr'><strong>ac</strong></span> <span class='ocrx_word' id='word_1_228' title='bbox 2602 1448 2798 1493; x_wconf 88' lang='lat' dir='ltr'><strong>terram</strong></span> <span class='ocrx_word' id='word_1_229' title='bbox 2826 1455 3077 1495; x_wconf 87' lang='lat' dir='ltr'><strong>sermone</strong></span> <span class='ocrx_word' id='word_1_230' title='bbox 3122 1443 3438 1509; x_wconf 90' lang='lat' dir='ltr'><strong>procrearit,</strong></span> <span class='ocrx_word' id='word_1_231' title='bbox 3484 1441 3661 1496; x_wconf 83' lang='lat' dir='ltr'><strong>homi-</strong></span> 
     </span>
    </p>
   </div>
   <div class='ocr_carea' id='block_1_30' title="bbox 2070 1528 3657 1603">
    <p class='ocr_par' dir='ltr' id='par_1_30' title="bbox 2070 1528 3657 1603">
     <span class='ocr_line' id='line_1_30' title="bbox 2070 1528 3657 1603; baseline 0.003 -20"><span class='ocrx_word' id='word_1_232' title='bbox 2070 1545 2193 1585; x_wconf 87' lang='lat' dir='ltr'><strong>nem</strong></span> <span class='ocrx_word' id='word_1_233' title='bbox 2224 1539 2398 1584; x_wconf 89' lang='lat' dir='ltr'><strong>tamen</strong></span> <span class='ocrx_word' id='word_1_234' title='bbox 2428 1528 2589 1600; x_wconf 68' lang='grc'><strong>246</strong></span> <span class='ocrx_word' id='word_1_235' title='bbox 2617 1530 2840 1584; x_wconf 85' lang='lat' dir='ltr'><strong>suismet</strong></span> <span class='ocrx_word' id='word_1_236' title='bbox 2885 1531 3129 1585; x_wconf 88' lang='lat' dir='ltr'><strong>manibus</strong></span> <span class='ocrx_word' id='word_1_237' title='bbox 3155 1530 3394 1598; x_wconf 80' lang='lat' dir='ltr'><strong>efﬂuxit,</strong></span> <span class='ocrx_word' id='word_1_238' title='bbox 3426 1547 3657 1603; x_wconf 90' lang='lat' dir='ltr'><strong>eumque</strong></span> 
     </span>
    </p>
   </div>
   <div class='ocr_carea' id='block_1_31' title="bbox 2030 1621 3655 1699">
    <p class='ocr_par' dir='ltr' id='par_1_31' title="bbox 2030 1621 3655 1699">
     <span class='ocr_line' id='line_1_31' title="bbox 2030 1621 3655 1699; baseline 0.003 -24"><span class='ocrx_word' id='word_1_239' title='bbox 2030 1696 2031 1699; x_wconf 13' lang='grc' dir='ltr'><strong>η</strong></span> <span class='ocrx_word' id='word_1_240' title='bbox 2071 1621 2473 1675; x_wconf 88' lang='lat' dir='ltr'><strong>immortalitate</strong></span> <span class='ocrx_word' id='word_1_241' title='bbox 2519 1622 2831 1688; x_wconf 90' lang='lat' dir='ltr'><strong>coornavit,</strong></span> <span class='ocrx_word' id='word_1_242' title='bbox 2878 1636 3164 1692; x_wconf 85' lang='lat' dir='ltr'><strong>regemque</strong></span> <span class='ocrx_word' id='word_1_243' title='bbox 3210 1624 3445 1677; x_wconf 91' lang='lat' dir='ltr'><strong>omnium</strong></span> <span class='ocrx_word' id='word_1_244' title='bbox 3477 1640 3655 1680; x_wconf 89' lang='lat' dir='ltr'><strong>rerum</strong></span> 
     </span>
    </p>
   </div>
   <div class='ocr_carea' id='block_1_32' title="bbox 2069 1711 3658 1782">
    <p class='ocr_par' dir='ltr' id='par_1_32' title="bbox 2069 1711 3658 1782">
     <span class='ocr_line' id='line_1_32' title="bbox 2069 1711 3658 1782; baseline 0.003 -17"><span class='ocrx_word' id='word_1_245' title='bbox 2069 1726 2189 1782; x_wconf 75' lang='lat' dir='ltr'><strong>qua:</strong></span> <span class='ocrx_word' id='word_1_246' title='bbox 2218 1713 2271 1766; x_wconf 90' lang='lat' dir='ltr'><strong>in</strong></span> <span class='ocrx_word' id='word_1_247' title='bbox 2298 1719 2437 1766; x_wconf 88' lang='lat' dir='ltr'><strong>terra</strong></span> <span class='ocrx_word' id='word_1_248' title='bbox 2466 1723 2589 1765; x_wconf 90' lang='lat' dir='ltr'><strong>sunt</strong></span> <span class='ocrx_word' id='word_1_249' title='bbox 2616 1711 2916 1776; x_wconf 92' lang='lat' dir='ltr'><strong>constituit,</strong></span> <span class='ocrx_word' id='word_1_250' title='bbox 2947 1711 3103 1781; x_wconf 89' lang='lat' dir='ltr'><strong>eique</strong></span> <span class='ocrx_word' id='word_1_251' title='bbox 3128 1711 3269 1782; x_wconf 88' lang='lat' dir='ltr'><strong>quod</strong></span> <span class='ocrx_word' id='word_1_252' title='bbox 3296 1714 3536 1768; x_wconf 90' lang='lat' dir='ltr'><strong>omnium</strong></span> <span class='ocrx_word' id='word_1_253' title='bbox 3568 1730 3658 1770; x_wconf 83' lang='lat' dir='ltr'><strong>re-</strong></span> 
     </span>
    </p>
   </div>
   <div class='ocr_carea' id='block_1_33' title="bbox 376 1793 3661 1875">
    <p class='ocr_par' dir='ltr' id='par_1_33' title="bbox 376 1793 3661 1875">
     <span class='ocr_line' id='line_1_33' title="bbox 376 1793 3661 1875; baseline -0 -16"><span class='ocrx_word' id='word_1_254' title='bbox 376 1807 636 1873; x_wconf 82' lang='lat' dir='ltr'><strong>vinciens,</strong></span> <span class='ocrx_word' id='word_1_255' title='bbox 682 1821 778 1875; x_wconf 89' lang='lat' dir='ltr'><strong>per</strong></span> <span class='ocrx_word' id='word_1_256' title='bbox 817 1804 1068 1860; x_wconf 73' lang='lat' dir='ltr'><strong>allectum</strong></span> <span class='ocrx_word' id='word_1_257' title='bbox 1094 1816 1220 1871; x_wconf 88' lang='lat' dir='ltr'><strong>erga</strong></span> <span class='ocrx_word' id='word_1_258' title='bbox 1249 1815 1335 1856; x_wconf 91' lang='lat' dir='ltr'><strong>res</strong></span> <span class='ocrx_word' id='word_1_259' title='bbox 1366 1810 1654 1869; x_wconf 65' lang='lat' dir='ltr'><strong>praesentes</strong></span> <span class='ocrx_word' id='word_1_260' title='bbox 1694 1801 1962 1871; x_wconf 67' lang='lat' dir='ltr'><strong>captitum</strong></span> <span class='ocrx_word' id='word_1_261' title='bbox 1997 1793 2044 1853; x_wconf 86' lang='grc' dir='ltr'><strong>Β</strong></span> <span class='ocrx_word' id='word_1_262' title='bbox 2071 1817 2186 1857; x_wconf 90' lang='lat' dir='ltr'><strong>rum</strong></span> <span class='ocrx_word' id='word_1_263' title='bbox 2219 1802 2715 1872; x_wconf 59' lang='lat' dir='ltr'><strong>praestantissimum</strong></span> <span class='ocrx_word' id='word_1_264' title='bbox 2746 1810 2882 1869; x_wconf 90' lang='lat' dir='ltr'><strong>erat,</strong></span> <span class='ocrx_word' id='word_1_265' title='bbox 2917 1803 3018 1857; x_wconf 88' lang='lat' dir='ltr'><strong>hoc</strong></span> <span class='ocrx_word' id='word_1_266' title='bbox 3057 1813 3141 1857; x_wconf 90' lang='lat' dir='ltr'><strong>est</strong></span> <span class='ocrx_word' id='word_1_267' title='bbox 3186 1803 3512 1872; x_wconf 90' lang='lat' dir='ltr'><strong>paradisum,</strong></span> <span class='ocrx_word' id='word_1_268' title='bbox 3544 1816 3661 1861; x_wconf 86' lang='lat' dir='ltr'><strong>tan-</strong></span> 
     </span>
    </p>
   </div>
   <div class='ocr_carea' id='block_1_34' title="bbox 378 1900 613 1955">
    <p class='ocr_par' dir='ltr' id='par_1_34' title="bbox 378 1900 613 1955">
     <span class='ocr_line' id='line_1_34' title="bbox 378 1900 613 1955; baseline 0.009 -2"><span class='ocrx_word' id='word_1_269' title='bbox 378 1900 613 1955; x_wconf 73' lang='lat' dir='ltr'><strong>tenebat.</strong></span> 
     </span>
    </p>
   </div>
   <div class='ocr_carea' id='block_1_35' title="bbox 448 1982 1966 2053">
    <p class='ocr_par' dir='ltr' id='par_1_35' title="bbox 448 1982 1966 2053">
     <span class='ocr_line' id='line_1_35' title="bbox 448 1982 1966 2053; baseline -0.004 -9"><span class='ocrx_word' id='word_1_270' title='bbox 448 1991 580 2044; x_wconf 88' lang='lat' dir='ltr'><strong>Cum</strong></span> <span class='ocrx_word' id='word_1_271' title='bbox 604 1998 781 2043; x_wconf 88' lang='lat' dir='ltr'><strong>autem</strong></span> <span class='ocrx_word' id='word_1_272' title='bbox 814 1986 1111 2043; x_wconf 87' lang='lat' dir='ltr'><strong>Salvatoris</strong></span> <span class='ocrx_word' id='word_1_273' title='bbox 1137 1985 1304 2040; x_wconf 89' lang='lat' dir='ltr'><strong>nostri</strong></span> <span class='ocrx_word' id='word_1_274' title='bbox 1338 1982 1645 2053; x_wconf 89' lang='lat' dir='ltr'><strong>benignitati</strong></span> <span class='ocrx_word' id='word_1_275' title='bbox 1669 1998 1731 2039; x_wconf 91' lang='lat' dir='ltr'><strong>ac</strong></span> <span class='ocrx_word' id='word_1_276' title='bbox 1747 1984 1966 2040; x_wconf 92' lang='lat' dir='ltr'><strong>bonitati</strong></span> 
     </span>
    </p>
   </div>
   <div class='ocr_carea' id='block_1_36' title="bbox 380 2075 1969 2148">
    <p class='ocr_par' dir='ltr' id='par_1_36' title="bbox 380 2075 1969 2148">
     <span class='ocr_line' id='line_1_36' title="bbox 380 2075 1969 2148; baseline -0.001 -14"><span class='ocrx_word' id='word_1_277' title='bbox 380 2095 469 2136; x_wconf 87' lang='lat' dir='ltr'><strong>me</strong></span> <span class='ocrx_word' id='word_1_278' title='bbox 490 2095 559 2135; x_wconf 86' lang='lat' dir='ltr'><strong>ex</strong></span> <span class='ocrx_word' id='word_1_279' title='bbox 592 2081 692 2135; x_wconf 90' lang='lat' dir='ltr'><strong>hae</strong></span> <span class='ocrx_word' id='word_1_280' title='bbox 714 2078 904 2134; x_wconf 90' lang='lat' dir='ltr'><strong>acerba</strong></span> <span class='ocrx_word' id='word_1_281' title='bbox 929 2077 1235 2148; x_wconf 77' lang='lat' dir='ltr'><strong>captivitate</strong></span> <span class='ocrx_word' id='word_1_282' title='bbox 1260 2075 1533 2130; x_wconf 89' lang='lat' dir='ltr'><strong>vindicare</strong></span> <span class='ocrx_word' id='word_1_283' title='bbox 1564 2075 1783 2146; x_wconf 89' lang='lat' dir='ltr'><strong>placuit,</strong></span> <span class='ocrx_word' id='word_1_284' title='bbox 1808 2087 1969 2146; x_wconf 90' lang='lat' dir='ltr'><strong>atque</strong></span> 
     </span>
    </p>
   </div>
   <div class='ocr_carea' id='block_1_37' title="bbox 381 2169 1970 2243">
    <p class='ocr_par' dir='ltr' id='par_1_37' title="bbox 381 2169 1970 2243">
     <span class='ocr_line' id='line_1_37' title="bbox 381 2169 1970 2243; baseline -0.003 -17"><span class='ocrx_word' id='word_1_285' title='bbox 381 2172 498 2243; x_wconf 87' lang='lat' dir='ltr'><strong>ipse</strong></span> <span class='ocrx_word' id='word_1_286' title='bbox 528 2174 689 2227; x_wconf 89' lang='lat' dir='ltr'><strong>menti</strong></span> <span class='ocrx_word' id='word_1_287' title='bbox 720 2187 851 2227; x_wconf 75' lang='lat' dir='ltr'><strong>mea:</strong></span> <span class='ocrx_word' id='word_1_288' title='bbox 881 2170 945 2225; x_wconf 91' lang='lat' dir='ltr'><strong>ad</strong></span> <span class='ocrx_word' id='word_1_289' title='bbox 976 2169 1331 2241; x_wconf 90' lang='lat' dir='ltr'><strong>superandam</strong></span> <span class='ocrx_word' id='word_1_290' title='bbox 1363 2170 1565 2238; x_wconf 87' lang='lat' dir='ltr'><strong>peccati</strong></span> <span class='ocrx_word' id='word_1_291' title='bbox 1594 2169 1765 2238; x_wconf 85' lang='lat' dir='ltr'><strong>legem</strong></span> <span class='ocrx_word' id='word_1_292' title='bbox 1806 2169 1970 2223; x_wconf 91' lang='lat' dir='ltr'><strong>robur</strong></span> 
     </span>
    </p>
   </div>
   <div class='ocr_carea' id='block_1_38' title="bbox 384 2260 1969 2332">
    <p class='ocr_par' dir='ltr' id='par_1_38' title="bbox 384 2260 1969 2332">
     <span class='ocr_line' id='line_1_38' title="bbox 384 2260 1969 2332; baseline -0.003 -15"><span class='ocrx_word' id='word_1_293' title='bbox 384 2262 611 2327; x_wconf 84' lang='lat' dir='ltr'><strong>addidit,</strong></span> <span class='ocrx_word' id='word_1_294' title='bbox 640 2263 924 2332; x_wconf 89' lang='lat' dir='ltr'><strong>oculosque</strong></span> <span class='ocrx_word' id='word_1_295' title='bbox 945 2276 1093 2316; x_wconf 86' lang='lat' dir='ltr'><strong>meos</strong></span> <span class='ocrx_word' id='word_1_296' title='bbox 1118 2260 1357 2329; x_wconf 91' lang='lat' dir='ltr'><strong>aperuit,</strong></span> <span class='ocrx_word' id='word_1_297' title='bbox 1385 2270 1444 2315; x_wconf 92' lang='lat' dir='ltr'><strong>ut</strong></span> <span class='ocrx_word' id='word_1_298' title='bbox 1481 2260 1604 2314; x_wconf 90' lang='lat' dir='ltr'><strong>mali</strong></span> <span class='ocrx_word' id='word_1_299' title='bbox 1628 2275 1692 2314; x_wconf 94' lang='lat' dir='ltr'><strong>ac</strong></span> <span class='ocrx_word' id='word_1_300' title='bbox 1723 2261 1845 2315; x_wconf 91' lang='lat' dir='ltr'><strong>boni</strong></span> <span class='ocrx_word' id='word_1_301' title='bbox 1875 2261 1969 2314; x_wconf 79' lang='lat' dir='ltr'><strong>de-</strong></span> 
     </span>
    </p>
   </div>
   <div class='ocr_carea' id='block_1_39' title="bbox 382 2354 1969 2423">
    <p class='ocr_par' dir='ltr' id='par_1_39' title="bbox 382 2354 1969 2423">
     <span class='ocr_line' id='line_1_39' title="bbox 382 2354 1969 2423; baseline -0.003 -12"><span class='ocrx_word' id='word_1_302' title='bbox 382 2357 579 2411; x_wconf 90' lang='lat' dir='ltr'><strong>lectum</strong></span> <span class='ocrx_word' id='word_1_303' title='bbox 626 2356 913 2421; x_wconf 87' lang='lat' dir='ltr'><strong>haberem;</strong></span> <span class='ocrx_word' id='word_1_304' title='bbox 946 2363 1055 2409; x_wconf 89' lang='lat' dir='ltr'><strong>tum</strong></span> <span class='ocrx_word' id='word_1_305' title='bbox 1101 2356 1344 2420; x_wconf 90' lang='lat' dir='ltr'><strong>scilicet,</strong></span> <span class='ocrx_word' id='word_1_306' title='bbox 1397 2363 1535 2421; x_wconf 89' lang='lat' dir='ltr'><strong>tum,</strong></span> <span class='ocrx_word' id='word_1_307' title='bbox 1581 2354 1822 2423; x_wconf 88' lang='lat' dir='ltr'><strong>inquam,</strong></span> <span class='ocrx_word' id='word_1_308' title='bbox 1848 2357 1969 2407; x_wconf 91' lang='lat' dir='ltr'><strong>ani-</strong></span> 
     </span>
    </p>
   </div>
   <div class='ocr_carea' id='block_1_40' title="bbox 380 2441 1972 2514">
    <p class='ocr_par' dir='ltr' id='par_1_40' title="bbox 380 2441 1972 2514">
     <span class='ocr_line' id='line_1_40' title="bbox 380 2441 1972 2514; baseline -0.002 -13"><span class='ocrx_word' id='word_1_309' title='bbox 380 2448 645 2502; x_wconf 80' lang='lat' dir='ltr'><strong>ntadverti</strong></span> <span class='ocrx_word' id='word_1_310' title='bbox 676 2463 739 2501; x_wconf 90' lang='lat' dir='ltr'><strong>ac</strong></span> <span class='ocrx_word' id='word_1_311' title='bbox 769 2446 896 2511; x_wconf 91' lang='lat' dir='ltr'><strong>vidi,</strong></span> <span class='ocrx_word' id='word_1_312' title='bbox 925 2447 1207 2514; x_wconf 61' lang='lat' dir='ltr'><strong>praesentia</strong></span> <span class='ocrx_word' id='word_1_313' title='bbox 1231 2446 1409 2499; x_wconf 92' lang='lat' dir='ltr'><strong>omnia</strong></span> <span class='ocrx_word' id='word_1_314' title='bbox 1438 2444 1725 2498; x_wconf 83' lang='lat' dir='ltr'><strong>vanitatem</strong></span> <span class='ocrx_word' id='word_1_315' title='bbox 1752 2453 1808 2499; x_wconf 92' lang='lat' dir='ltr'><strong>et</strong></span> <span class='ocrx_word' id='word_1_316' title='bbox 1832 2441 1972 2498; x_wconf 83' lang='lat' dir='ltr'><strong>afﬂi-</strong></span> 
     </span>
    </p>
   </div>
   <div class='ocr_carea' id='block_1_41' title="bbox 376 2537 1970 2611">
    <p class='ocr_par' dir='ltr' id='par_1_41' title="bbox 376 2537 1970 2611">
     <span class='ocr_line' id='line_1_41' title="bbox 376 2537 1970 2611; baseline -0.001 -19"><span class='ocrx_word' id='word_1_317' title='bbox 376 2539 615 2593; x_wconf 89' lang='lat' dir='ltr'><strong>ctionem</strong></span> <span class='ocrx_word' id='word_1_318' title='bbox 643 2538 867 2608; x_wconf 78' lang='lat' dir='ltr'><strong>spiritus</strong></span> <span class='ocrx_word' id='word_1_319' title='bbox 888 2554 1007 2594; x_wconf 91' lang='lat' dir='ltr'><strong>esse</strong></span> <span class='ocrx_word' id='word_1_320' title='bbox 1034 2537 1223 2611; x_wconf 81' lang='lat' dir='ltr'><strong>(Eccli.</strong></span> <span class='ocrx_word' id='word_1_321' title='bbox 1249 2538 1312 2607; x_wconf 86' lang='grc' dir='ltr'><strong>ι),</strong></span> <span class='ocrx_word' id='word_1_322' title='bbox 1337 2538 1785 2608; x_wconf 85' lang='lat' dir='ltr'><strong>quemadmodum</strong></span> <span class='ocrx_word' id='word_1_323' title='bbox 1808 2538 1970 2593; x_wconf 85' lang='lat' dir='ltr'><strong>etiam</strong></span> 
     </span>
    </p>
   </div>
   <div class='ocr_carea' id='block_1_42' title="bbox 375 2629 1967 2699">
    <p class='ocr_par' dir='ltr' id='par_1_42' title="bbox 375 2629 1967 2699">
     <span class='ocr_line' id='line_1_42' title="bbox 375 2629 1967 2699; baseline 0.002 -18"><span class='ocrx_word' id='word_1_324' title='bbox 375 2631 807 2697; x_wconf 83' lang='lat' dir='ltr'><strong>sapientissimus</strong></span> <span class='ocrx_word' id='word_1_325' title='bbox 854 2631 1107 2685; x_wconf 89' lang='lat' dir='ltr'><strong>Salomon</strong></span> <span class='ocrx_word' id='word_1_326' title='bbox 1161 2630 1391 2699; x_wconf 88' lang='lat' dir='ltr'><strong>quodam</strong></span> <span class='ocrx_word' id='word_1_327' title='bbox 1462 2630 1579 2683; x_wconf 93' lang='lat' dir='ltr'><strong>loco</strong></span> <span class='ocrx_word' id='word_1_328' title='bbox 1620 2629 1775 2685; x_wconf 90' lang='lat' dir='ltr'><strong>dixit.</strong></span> <span class='ocrx_word' id='word_1_329' title='bbox 1832 2630 1967 2684; x_wconf 84' lang='lat' dir='ltr'><strong>Tum</strong></span> 
     </span>
    </p>
   </div>
   <div class='ocr_carea' id='block_1_43' title="bbox 379 2719 1970 2791">
    <p class='ocr_par' dir='ltr' id='par_1_43' title="bbox 379 2719 1970 2791">
     <span class='ocr_line' id='line_1_43' title="bbox 379 2719 1970 2791; baseline 0.001 -17"><span class='ocrx_word' id='word_1_330' title='bbox 379 2719 579 2788; x_wconf 89' lang='lat' dir='ltr'><strong>peccati</strong></span> <span class='ocrx_word' id='word_1_331' title='bbox 629 2722 874 2775; x_wconf 87' lang='lat' dir='ltr'><strong>velamen</strong></span> <span class='ocrx_word' id='word_1_332' title='bbox 904 2737 935 2776; x_wconf 91' lang='lat' dir='ltr'><strong>e</strong></span> <span class='ocrx_word' id='word_1_333' title='bbox 972 2721 1134 2776; x_wconf 87' lang='lat' dir='ltr'><strong>corde</strong></span> <span class='ocrx_word' id='word_1_334' title='bbox 1176 2736 1298 2776; x_wconf 82' lang='lat' dir='ltr'><strong>meo</strong></span> <span class='ocrx_word' id='word_1_335' title='bbox 1343 2720 1608 2776; x_wconf 84' lang='lat' dir='ltr'><strong>sublatum</strong></span> <span class='ocrx_word' id='word_1_336' title='bbox 1655 2730 1770 2787; x_wconf 91' lang='lat' dir='ltr'><strong>est,</strong></span> <span class='ocrx_word' id='word_1_337' title='bbox 1811 2733 1970 2791; x_wconf 91' lang='lat' dir='ltr'><strong>atque</strong></span> 
     </span>
    </p>
   </div>
   <div class='ocr_carea' id='block_1_44' title="bbox 380 2809 1969 2880">
    <p class='ocr_par' dir='ltr' id='par_1_44' title="bbox 380 2809 1969 2880">
     <span class='ocr_line' id='line_1_44' title="bbox 380 2809 1969 2880; baseline 0.005 -21"><span class='ocrx_word' id='word_1_338' title='bbox 380 2809 677 2863; x_wconf 75' lang='lat' dir='ltr'><strong>obscuritas</strong></span> <span class='ocrx_word' id='word_1_339' title='bbox 707 2826 766 2865; x_wconf 90' lang='lat' dir='ltr'><strong>ea</strong></span> <span class='ocrx_word' id='word_1_340' title='bbox 799 2826 919 2880; x_wconf 73' lang='lat' dir='ltr'><strong>qua:</strong></span> <span class='ocrx_word' id='word_1_341' title='bbox 957 2826 1022 2866; x_wconf 86' lang='lat' dir='ltr'><strong>ex</strong></span> <span class='ocrx_word' id='word_1_342' title='bbox 1074 2814 1317 2880; x_wconf 90' lang='lat' dir='ltr'><strong>corporis</strong></span> <span class='ocrx_word' id='word_1_343' title='bbox 1344 2812 1591 2867; x_wconf 88' lang='lat' dir='ltr'><strong>crassitie</strong></span> <span class='ocrx_word' id='word_1_344' title='bbox 1638 2812 1819 2867; x_wconf 90' lang='lat' dir='ltr'><strong>animo</strong></span> <span class='ocrx_word' id='word_1_345' title='bbox 1851 2828 1969 2867; x_wconf 87' lang='lat' dir='ltr'><strong>meo</strong></span> 
     </span>
    </p>
   </div>
   <div class='ocr_carea' id='block_1_45' title="bbox 382 2900 1967 2971">
    <p class='ocr_par' dir='ltr' id='par_1_45' title="bbox 382 2900 1967 2971">
     <span class='ocr_line' id='line_1_45' title="bbox 382 2900 1967 2971; baseline 0.003 -19"><span class='ocrx_word' id='word_1_346' title='bbox 382 2900 722 2956; x_wconf 89' lang='lat' dir='ltr'><strong>incumbebat</strong></span> <span class='ocrx_word' id='word_1_347' title='bbox 768 2902 1007 2956; x_wconf 89' lang='lat' dir='ltr'><strong>discussa</strong></span> <span class='ocrx_word' id='word_1_348' title='bbox 1043 2912 1098 2956; x_wconf 90' lang='lat' dir='ltr'><strong>et</strong></span> <span class='ocrx_word' id='word_1_349' title='bbox 1142 2902 1395 2971; x_wconf 87' lang='lat' dir='ltr'><strong>dissipata</strong></span> <span class='ocrx_word' id='word_1_350' title='bbox 1423 2943 1439 2969; x_wconf 93' lang='lat'><strong>,</strong></span> <span class='ocrx_word' id='word_1_351' title='bbox 1488 2912 1646 2971; x_wconf 90' lang='lat' dir='ltr'><strong>atque</strong></span> <span class='ocrx_word' id='word_1_352' title='bbox 1692 2901 1967 2971; x_wconf 89' lang='lat' dir='ltr'><strong>cujusnam</strong></span> 
     </span>
    </p>
   </div>
   <div class='ocr_carea' id='block_1_46' title="bbox 381 2991 1969 3064">
    <p class='ocr_par' dir='ltr' id='par_1_46' title="bbox 381 2991 1969 3064">
     <span class='ocr_line' id='line_1_46' title="bbox 381 2991 1969 3064; baseline 0.002 -20"><span class='ocrx_word' id='word_1_353' title='bbox 381 2991 456 3045; x_wconf 89' lang='lat' dir='ltr'><strong>rei</strong></span> <span class='ocrx_word' id='word_1_354' title='bbox 486 3006 647 3046; x_wconf 78' lang='lat' dir='ltr'><strong>causa</strong></span> <span class='ocrx_word' id='word_1_355' title='bbox 701 3003 1014 3060; x_wconf 89' lang='lat' dir='ltr'><strong>procreatus</strong></span> <span class='ocrx_word' id='word_1_356' title='bbox 1062 3009 1181 3047; x_wconf 90' lang='lat' dir='ltr'><strong>sum</strong></span> <span class='ocrx_word' id='word_1_357' title='bbox 1210 2996 1439 3062; x_wconf 83' lang='lat' dir='ltr'><strong>agnovi;</strong></span> <span class='ocrx_word' id='word_1_358' title='bbox 1489 2994 1725 3064; x_wconf 88' lang='lat' dir='ltr'><strong>mihique</strong></span> <span class='ocrx_word' id='word_1_359' title='bbox 1771 2995 1969 3049; x_wconf 83' lang='lat' dir='ltr'><strong>facien-</strong></span> 
     </span>
    </p>
   </div>
   <div class='ocr_carea' id='block_1_47' title="bbox 379 3083 1971 3152">
    <p class='ocr_par' dir='ltr' id='par_1_47' title="bbox 379 3083 1971 3152">
     <span class='ocr_line' id='line_1_47' title="bbox 379 3083 1971 3152; baseline 0.002 -17"><span class='ocrx_word' id='word_1_360' title='bbox 379 3083 503 3136; x_wconf 87' lang='lat' dir='ltr'><strong>dttm</strong></span> <span class='ocrx_word' id='word_1_361' title='bbox 528 3098 651 3137; x_wconf 90' lang='lat' dir='ltr'><strong>esse</strong></span> <span class='ocrx_word' id='word_1_362' title='bbox 679 3091 737 3137; x_wconf 92' lang='lat' dir='ltr'><strong>ut</strong></span> <span class='ocrx_word' id='word_1_363' title='bbox 764 3098 861 3152; x_wconf 93' lang='lat' dir='ltr'><strong>per</strong></span> <span class='ocrx_word' id='word_1_364' title='bbox 895 3085 1264 3138; x_wconf 89' lang='lat' dir='ltr'><strong>mandatorum</strong></span> <span class='ocrx_word' id='word_1_365' title='bbox 1286 3084 1713 3140; x_wconf 84' lang='lat' dir='ltr'><strong>observationem</strong></span> <span class='ocrx_word' id='word_1_366' title='bbox 1739 3085 1802 3139; x_wconf 90' lang='lat' dir='ltr'><strong>ad</strong></span> <span class='ocrx_word' id='word_1_367' title='bbox 1827 3102 1971 3141; x_wconf 91' lang='lat' dir='ltr'><strong>sum-</strong></span> 
     </span>
    </p>
   </div>
   <div class='ocr_carea' id='block_1_48' title="bbox 2072 1895 3662 1967">
    <p class='ocr_par' dir='ltr' id='par_1_48' title="bbox 2072 1895 3662 1967">
     <span class='ocr_line' id='line_1_48' title="bbox 2072 1895 3662 1967; baseline 0.001 -17"><span class='ocrx_word' id='word_1_368' title='bbox 2072 1912 2231 1967; x_wconf 90' lang='lat' dir='ltr'><strong>quam</strong></span> <span class='ocrx_word' id='word_1_369' title='bbox 2285 1895 2485 1966; x_wconf 90' lang='lat' dir='ltr'><strong>regiam</strong></span> <span class='ocrx_word' id='word_1_370' title='bbox 2517 1896 2801 1965; x_wconf 85' lang='lat' dir='ltr'><strong>quamdam</strong></span> <span class='ocrx_word' id='word_1_371' title='bbox 2832 1897 3005 1951; x_wconf 89' lang='lat' dir='ltr'><strong>aulam</strong></span> <span class='ocrx_word' id='word_1_372' title='bbox 3037 1897 3297 1952; x_wconf 89' lang='lat' dir='ltr'><strong>attribuit.</strong></span> <span class='ocrx_word' id='word_1_373' title='bbox 3345 1899 3415 1952; x_wconf 82' lang='lat' dir='ltr'><strong>At</strong></span> <span class='ocrx_word' id='word_1_374' title='bbox 3443 1896 3531 1953; x_wconf 92' lang='lat' dir='ltr'><strong>ille</strong></span> <span class='ocrx_word' id='word_1_375' title='bbox 3579 1899 3662 1952; x_wconf 83' lang='lat' dir='ltr'><strong>in-</strong></span> 
     </span>
    </p>
   </div>
   <div class='ocr_carea' id='block_1_49' title="bbox 2073 1986 3658 2059">
    <p class='ocr_par' dir='ltr' id='par_1_49' title="bbox 2073 1986 3658 2059">
     <span class='ocr_line' id='line_1_49' title="bbox 2073 1986 3658 2059; baseline 0.003 -19"><span class='ocrx_word' id='word_1_376' title='bbox 2073 1987 2211 2041; x_wconf 87' lang='lat' dir='ltr'><strong>vidia</strong></span> <span class='ocrx_word' id='word_1_377' title='bbox 2236 1988 2512 2055; x_wconf 89' lang='lat' dir='ltr'><strong>deceptus,</strong></span> <span class='ocrx_word' id='word_1_378' title='bbox 2546 1994 2601 2040; x_wconf 88' lang='lat' dir='ltr'><strong>et</strong></span> <span class='ocrx_word' id='word_1_379' title='bbox 2627 1988 2677 2040; x_wconf 89' lang='lat' dir='ltr'><strong>iu</strong></span> <span class='ocrx_word' id='word_1_380' title='bbox 2709 1986 2945 2042; x_wconf 86' lang='lat' dir='ltr'><strong>fraudem</strong></span> <span class='ocrx_word' id='word_1_381' title='bbox 2974 1986 3243 2055; x_wconf 88' lang='lat' dir='ltr'><strong>inductus,</strong></span> <span class='ocrx_word' id='word_1_382' title='bbox 3288 1999 3341 2042; x_wconf 88' lang='lat' dir='ltr'><strong>et</strong></span> <span class='ocrx_word' id='word_1_383' title='bbox 3369 1988 3658 2059; x_wconf 84' lang='lat' dir='ltr'><strong>voluptatis</strong></span> 
     </span>
    </p>
   </div>
   <div class='ocr_carea' id='block_1_50' title="bbox 2072 2074 3660 2149">
    <p class='ocr_par' dir='ltr' id='par_1_50' title="bbox 2072 2074 3660 2149">
     <span class='ocr_line' id='line_1_50' title="bbox 2072 2074 3660 2149; baseline -0.001 -17"><span class='ocrx_word' id='word_1_384' title='bbox 2072 2078 2338 2134; x_wconf 84' lang='lat' dir='ltr'><strong>illecebris</strong></span> <span class='ocrx_word' id='word_1_385' title='bbox 2367 2077 2622 2132; x_wconf 89' lang='lat' dir='ltr'><strong>delinitus</strong></span> <span class='ocrx_word' id='word_1_386' title='bbox 2650 2074 2816 2146; x_wconf 80' lang='lat' dir='ltr'><strong>(Gen.</strong></span> <span class='ocrx_word' id='word_1_387' title='bbox 2866 2093 2957 2143; x_wconf 88' lang='lat' dir='ltr'><strong>lli;</strong></span> <span class='ocrx_word' id='word_1_388' title='bbox 2990 2078 3120 2146; x_wconf 80' lang='lat' dir='ltr'><strong>Sap.</strong></span> <span class='ocrx_word' id='word_1_389' title='bbox 3152 2079 3255 2149; x_wconf 90' lang='lat' dir='ltr'><strong>tu),</strong></span> <span class='ocrx_word' id='word_1_390' title='bbox 3286 2077 3368 2133; x_wconf 89' lang='lat' dir='ltr'><strong>his</strong></span> <span class='ocrx_word' id='word_1_391' title='bbox 3409 2080 3660 2134; x_wconf 71' lang='lat' dir='ltr'><strong>omnibus</strong></span> 
     </span>
    </p>
   </div>
   <div class='ocr_carea' id='block_1_51' title="bbox 2073 2169 3658 2238">
    <p class='ocr_par' dir='ltr' id='par_1_51' title="bbox 2073 2169 3658 2238">
     <span class='ocr_line' id='line_1_51' title="bbox 2073 2169 3658 2238; baseline -0.002 -13"><span class='ocrx_word' id='word_1_392' title='bbox 2073 2173 2269 2226; x_wconf 87' lang='lat' dir='ltr'><strong>misere</strong></span> <span class='ocrx_word' id='word_1_393' title='bbox 2298 2169 2543 2238; x_wconf 89' lang='lat' dir='ltr'><strong>dejectus</strong></span> <span class='ocrx_word' id='word_1_394' title='bbox 2569 2178 2679 2234; x_wconf 87' lang='lat' dir='ltr'><strong>est;</strong></span> <span class='ocrx_word' id='word_1_395' title='bbox 2713 2176 2770 2224; x_wconf 91' lang='lat' dir='ltr'><strong>et</strong></span> <span class='ocrx_word' id='word_1_396' title='bbox 2797 2171 2886 2237; x_wconf 86' lang='lat' dir='ltr'><strong>qui</strong></span> <span class='ocrx_word' id='word_1_397' title='bbox 2918 2169 3063 2238; x_wconf 91' lang='lat' dir='ltr'><strong>prius</strong></span> <span class='ocrx_word' id='word_1_398' title='bbox 3093 2169 3279 2224; x_wconf 89' lang='lat' dir='ltr'><strong>beatus</strong></span> <span class='ocrx_word' id='word_1_399' title='bbox 3316 2171 3658 2234; x_wconf 88' lang='lat' dir='ltr'><strong>censebatur,</strong></span> 
     </span>
    </p>
   </div>
   <div class='ocr_carea' id='block_1_52' title="bbox 2072 2259 3660 2331">
    <p class='ocr_par' dir='ltr' id='par_1_52' title="bbox 2072 2259 3660 2331">
     <span class='ocr_line' id='line_1_52' title="bbox 2072 2259 3660 2331; baseline -0.002 -15"><span class='ocrx_word' id='word_1_400' title='bbox 2072 2261 2328 2316; x_wconf 88' lang='lat' dir='ltr'><strong>miserum</strong></span> <span class='ocrx_word' id='word_1_401' title='bbox 2360 2260 2722 2330; x_wconf 82' lang='lat' dir='ltr'><strong>spectaculum</strong></span> <span class='ocrx_word' id='word_1_402' title='bbox 2755 2261 3050 2329; x_wconf 66' lang='lat' dir='ltr'><strong>praebebat,</strong></span> <span class='ocrx_word' id='word_1_403' title='bbox 3084 2259 3443 2331; x_wconf 86' lang='lat' dir='ltr'><strong>lacrymisque</strong></span> <span class='ocrx_word' id='word_1_404' title='bbox 3470 2262 3540 2317; x_wconf 92' lang='lat' dir='ltr'><strong>ob</strong></span> <span class='ocrx_word' id='word_1_405' title='bbox 3570 2278 3660 2316; x_wconf 87' lang='lat' dir='ltr'><strong>ac-</strong></span> 
     </span>
    </p>
   </div>
   <div class='ocr_carea' id='block_1_53' title="bbox 2071 2352 3660 2425">
    <p class='ocr_par' dir='ltr' id='par_1_53' title="bbox 2071 2352 3660 2425">
     <span class='ocr_line' id='line_1_53' title="bbox 2071 2352 3660 2425; baseline -0.001 -16"><span class='ocrx_word' id='word_1_406' title='bbox 2071 2363 2281 2425; x_wconf 89' lang='lat' dir='ltr'><strong>ceptam</strong></span> <span class='ocrx_word' id='word_1_407' title='bbox 2308 2355 2667 2409; x_wconf 87' lang='lat' dir='ltr'><strong>calamitatem</strong></span> <span class='ocrx_word' id='word_1_408' title='bbox 2702 2352 2892 2423; x_wconf 84' lang='lat' dir='ltr'><strong>dignus</strong></span> <span class='ocrx_word' id='word_1_409' title='bbox 2922 2363 3056 2408; x_wconf 89' lang='lat' dir='ltr'><strong>erat.</strong></span> <span class='ocrx_word' id='word_1_410' title='bbox 3092 2353 3284 2408; x_wconf 82' lang='lat' dir='ltr'><strong>Verum</strong></span> <span class='ocrx_word' id='word_1_411' title='bbox 3313 2354 3586 2408; x_wconf 88' lang='lat' dir='ltr'><strong>enimvero</strong></span> <span class='ocrx_word' id='word_1_412' title='bbox 3617 2359 3660 2407; x_wconf 89' lang='lat' dir='ltr'><strong>is</strong></span> 
     </span>
    </p>
   </div>
   <div class='ocr_carea' id='block_1_54' title="bbox 2071 2445 3657 2517">
    <p class='ocr_par' dir='ltr' id='par_1_54' title="bbox 2071 2445 3657 2517">
     <span class='ocr_line' id='line_1_54' title="bbox 2071 2445 3657 2517; baseline 0 -16"><span class='ocrx_word' id='word_1_413' title='bbox 2071 2448 2161 2517; x_wconf 90' lang='lat' dir='ltr'><strong>qui</strong></span> <span class='ocrx_word' id='word_1_414' title='bbox 2194 2462 2291 2502; x_wconf 89' lang='lat' dir='ltr'><strong>nos</strong></span> <span class='ocrx_word' id='word_1_415' title='bbox 2320 2446 2601 2502; x_wconf 88' lang='lat' dir='ltr'><strong>effinxerat</strong></span> <span class='ocrx_word' id='word_1_416' title='bbox 2639 2460 2703 2500; x_wconf 90' lang='lat' dir='ltr'><strong>ac</strong></span> <span class='ocrx_word' id='word_1_417' title='bbox 2730 2454 3125 2514; x_wconf 83' lang='lat' dir='ltr'><strong>procreaverat,</strong></span> <span class='ocrx_word' id='word_1_418' title='bbox 3172 2445 3417 2516; x_wconf 87' lang='lat' dir='ltr'><strong>benignis</strong></span> <span class='ocrx_word' id='word_1_419' title='bbox 3445 2463 3657 2501; x_wconf 89' lang='lat' dir='ltr'><strong>rursum</strong></span> 
     </span>
    </p>
   </div>
   <div class='ocr_carea' id='block_1_55' title="bbox 2071 2536 3655 2606">
    <p class='ocr_par' dir='ltr' id='par_1_55' title="bbox 2071 2536 3655 2606">
     <span class='ocr_line' id='line_1_55' title="bbox 2071 2536 3655 2606; baseline -0.003 -11"><span class='ocrx_word' id='word_1_420' title='bbox 2071 2539 2242 2595; x_wconf 91' lang='lat' dir='ltr'><strong>oculis</strong></span> <span class='ocrx_word' id='word_1_421' title='bbox 2270 2554 2525 2594; x_wconf 90' lang='lat' dir='ltr'><strong>manuum</strong></span> <span class='ocrx_word' id='word_1_422' title='bbox 2552 2552 2768 2591; x_wconf 89' lang='lat' dir='ltr'><strong>suarum</strong></span> <span class='ocrx_word' id='word_1_423' title='bbox 2799 2552 2931 2606; x_wconf 91' lang='lat' dir='ltr'><strong>opus</strong></span> <span class='ocrx_word' id='word_1_424' title='bbox 2955 2536 3314 2606; x_wconf 89' lang='lat' dir='ltr'><strong>conspicatus,</strong></span> <span class='ocrx_word' id='word_1_425' title='bbox 3349 2539 3549 2593; x_wconf 83' lang='lat' dir='ltr'><strong>nullam</strong></span> <span class='ocrx_word' id='word_1_426' title='bbox 3570 2539 3655 2593; x_wconf 87' lang='lat' dir='ltr'><strong>di-</strong></span> 
     </span>
    </p>
   </div>
   <div class='ocr_carea' id='block_1_56' title="bbox 2073 2630 3662 2698">
    <p class='ocr_par' dir='ltr' id='par_1_56' title="bbox 2073 2630 3662 2698">
     <span class='ocr_line' id='line_1_56' title="bbox 2073 2630 3662 2698; baseline -0.003 -12"><span class='ocrx_word' id='word_1_427' title='bbox 2073 2633 2307 2687; x_wconf 88' lang='lat' dir='ltr'><strong>vinitatis</strong></span> <span class='ocrx_word' id='word_1_428' title='bbox 2336 2646 2445 2686; x_wconf 63' lang='lat' dir='ltr'><strong>sum</strong></span> <span class='ocrx_word' id='word_1_429' title='bbox 2494 2630 2841 2685; x_wconf 89' lang='lat' dir='ltr'><strong>mutationem</strong></span> <span class='ocrx_word' id='word_1_430' title='bbox 2871 2630 3189 2698; x_wconf 86' lang='lat' dir='ltr'><strong>suscipiens,</strong></span> <span class='ocrx_word' id='word_1_431' title='bbox 3224 2638 3423 2685; x_wconf 62' lang='lat' dir='ltr'><strong>nostra;</strong></span> <span class='ocrx_word' id='word_1_432' title='bbox 3469 2630 3662 2683; x_wconf 89' lang='lat' dir='ltr'><strong>salutis</strong></span> 
     </span>
    </p>
   </div>
   <div class='ocr_carea' id='block_1_57' title="bbox 2072 2719 3663 2792">
    <p class='ocr_par' dir='ltr' id='par_1_57' title="bbox 2072 2719 3663 2792">
     <span class='ocr_line' id='line_1_57' title="bbox 2072 2719 3663 2792; baseline -0.003 -13"><span class='ocrx_word' id='word_1_433' title='bbox 2072 2738 2251 2789; x_wconf 89' lang='lat' dir='ltr'><strong>causa,</strong></span> <span class='ocrx_word' id='word_1_434' title='bbox 2286 2723 2337 2776; x_wconf 91' lang='lat' dir='ltr'><strong>id</strong></span> <span class='ocrx_word' id='word_1_435' title='bbox 2362 2721 2502 2792; x_wconf 90' lang='lat' dir='ltr'><strong>quod</strong></span> <span class='ocrx_word' id='word_1_436' title='bbox 2534 2735 2633 2776; x_wconf 85' lang='lat' dir='ltr'><strong>nos</strong></span> <span class='ocrx_word' id='word_1_437' title='bbox 2656 2736 2840 2775; x_wconf 90' lang='lat' dir='ltr'><strong>sumus</strong></span> <span class='ocrx_word' id='word_1_438' title='bbox 2869 2724 2999 2774; x_wconf 89' lang='lat' dir='ltr'><strong>citra</strong></span> <span class='ocrx_word' id='word_1_439' title='bbox 3031 2731 3327 2789; x_wconf 87' lang='lat' dir='ltr'><strong>peccatum,</strong></span> <span class='ocrx_word' id='word_1_440' title='bbox 3362 2719 3533 2776; x_wconf 87' lang='lat' dir='ltr'><strong>factus</strong></span> <span class='ocrx_word' id='word_1_441' title='bbox 3555 2730 3663 2787; x_wconf 88' lang='lat' dir='ltr'><strong>est,</strong></span> 
     </span>
    </p>
   </div>
   <div class='ocr_carea' id='block_1_58' title="bbox 2070 2812 3660 2883">
    <p class='ocr_par' dir='ltr' id='par_1_58' title="bbox 2070 2812 3660 2883">
     <span class='ocr_line' id='line_1_58' title="bbox 2070 2812 3660 2883; baseline -0.001 -15"><span class='ocrx_word' id='word_1_442' title='bbox 2070 2826 2231 2883; x_wconf 89' lang='lat' dir='ltr'><strong>atque</strong></span> <span class='ocrx_word' id='word_1_443' title='bbox 2253 2828 2466 2868; x_wconf 88' lang='lat' dir='ltr'><strong>crucem</strong></span> <span class='ocrx_word' id='word_1_444' title='bbox 2493 2822 2545 2866; x_wconf 85' lang='lat' dir='ltr'><strong>et</strong></span> <span class='ocrx_word' id='word_1_445' title='bbox 2572 2820 2796 2867; x_wconf 87' lang='lat' dir='ltr'><strong>mortem</strong></span> <span class='ocrx_word' id='word_1_446' title='bbox 2820 2822 3009 2880; x_wconf 89' lang='lat' dir='ltr'><strong>sponte</strong></span> <span class='ocrx_word' id='word_1_447' title='bbox 3030 2812 3269 2877; x_wconf 91' lang='lat' dir='ltr'><strong>subiens,</strong></span> <span class='ocrx_word' id='word_1_448' title='bbox 3298 2812 3505 2867; x_wconf 91' lang='lat' dir='ltr'><strong>hostem</strong></span> <span class='ocrx_word' id='word_1_449' title='bbox 3535 2828 3660 2867; x_wconf 89' lang='lat' dir='ltr'><strong>eum</strong></span> 
     </span>
    </p>
   </div>
   <div class='ocr_carea' id='block_1_59' title="bbox 2072 2903 3663 2978">
    <p class='ocr_par' dir='ltr' id='par_1_59' title="bbox 2072 2903 3663 2978">
     <span class='ocr_line' id='line_1_59' title="bbox 2072 2903 3663 2978; baseline -0.001 -17"><span class='ocrx_word' id='word_1_450' title='bbox 2072 2910 2161 2978; x_wconf 89' lang='lat' dir='ltr'><strong>qui</strong></span> <span class='ocrx_word' id='word_1_451' title='bbox 2188 2907 2295 2975; x_wconf 90' lang='lat' dir='ltr'><strong>jam</strong></span> <span class='ocrx_word' id='word_1_452' title='bbox 2328 2906 2453 2960; x_wconf 93' lang='lat' dir='ltr'><strong>inde</strong></span> <span class='ocrx_word' id='word_1_453' title='bbox 2483 2904 2551 2959; x_wconf 91' lang='lat' dir='ltr'><strong>ab</strong></span> <span class='ocrx_word' id='word_1_454' title='bbox 2596 2904 2747 2958; x_wconf 88' lang='lat' dir='ltr'><strong>initio</strong></span> <span class='ocrx_word' id='word_1_455' title='bbox 2789 2903 2975 2973; x_wconf 89' lang='lat' dir='ltr'><strong>generi</strong></span> <span class='ocrx_word' id='word_1_456' title='bbox 3007 2913 3191 2958; x_wconf 93' lang='lat' dir='ltr'><strong>nostro</strong></span> <span class='ocrx_word' id='word_1_457' title='bbox 3238 2904 3507 2959; x_wconf 88' lang='lat' dir='ltr'><strong>invidebat</strong></span> <span class='ocrx_word' id='word_1_458' title='bbox 3536 2920 3663 2974; x_wconf 88' lang='lat' dir='ltr'><strong>pro-</strong></span> 
     </span>
    </p>
   </div>
   <div class='ocr_carea' id='block_1_60' title="bbox 2072 2992 3661 3063">
    <p class='ocr_par' dir='ltr' id='par_1_60' title="bbox 2072 2992 3661 3063">
     <span class='ocr_line' id='line_1_60' title="bbox 2072 2992 3661 3063; baseline -0.001 -15"><span class='ocrx_word' id='word_1_459' title='bbox 2072 2997 2290 3060; x_wconf 88' lang='lat' dir='ltr'><strong>stravit,</strong></span> <span class='ocrx_word' id='word_1_460' title='bbox 2335 3006 2538 3063; x_wconf 90' lang='lat' dir='ltr'><strong>nosque</strong></span> <span class='ocrx_word' id='word_1_461' title='bbox 2583 2992 2774 3046; x_wconf 90' lang='lat' dir='ltr'><strong>acerba</strong></span> <span class='ocrx_word' id='word_1_462' title='bbox 2807 2992 2895 3045; x_wconf 90' lang='lat' dir='ltr'><strong>illa</strong></span> <span class='ocrx_word' id='word_1_463' title='bbox 2942 2993 3249 3058; x_wconf 84' lang='lat' dir='ltr'><strong>captivitate</strong></span> <span class='ocrx_word' id='word_1_464' title='bbox 3300 2992 3551 3046; x_wconf 88' lang='lat' dir='ltr'><strong>liberatos</strong></span> <span class='ocrx_word' id='word_1_465' title='bbox 3607 2995 3661 3046; x_wconf 91' lang='lat' dir='ltr'><strong>in</strong></span> 
     </span>
    </p>
   </div>
   <div class='ocr_carea' id='block_1_61' title="bbox 2076 3083 3663 3154">
    <p class='ocr_par' dir='ltr' id='par_1_61' title="bbox 2076 3083 3663 3154">
     <span class='ocr_line' id='line_1_61' title="bbox 2076 3083 3663 3154; baseline -0.003 -15"><span class='ocrx_word' id='word_1_466' title='bbox 2076 3086 2305 3154; x_wconf 90' lang='lat' dir='ltr'><strong>priorem</strong></span> <span class='ocrx_word' id='word_1_467' title='bbox 2336 3084 2662 3149; x_wconf 89' lang='lat' dir='ltr'><strong>libertatem,</strong></span> <span class='ocrx_word' id='word_1_468' title='bbox 2696 3097 2791 3152; x_wconf 91' lang='lat' dir='ltr'><strong>pro</strong></span> <span class='ocrx_word' id='word_1_469' title='bbox 2817 3097 2913 3137; x_wconf 90' lang='lat' dir='ltr'><strong>sua</strong></span> <span class='ocrx_word' id='word_1_470' title='bbox 2940 3097 3064 3152; x_wconf 83' lang='lat' dir='ltr'><strong>erga</strong></span> <span class='ocrx_word' id='word_1_471' title='bbox 3094 3097 3191 3137; x_wconf 92' lang='lat' dir='ltr'><strong>nos</strong></span> <span class='ocrx_word' id='word_1_472' title='bbox 3220 3083 3476 3147; x_wconf 90' lang='lat' dir='ltr'><strong>bonitate,</strong></span> <span class='ocrx_word' id='word_1_473' title='bbox 3508 3084 3663 3137; x_wconf 86' lang='lat' dir='ltr'><strong>resti-</strong></span> 
     </span>
    </p>
   </div>
   <div class='ocr_carea' id='block_1_62' title="bbox 380 3159 3661 3247">
    <p class='ocr_par' dir='ltr' id='par_1_62' title="bbox 380 3159 3661 3247">
     <span class='ocr_line' id='line_1_62' title="bbox 380 3159 3661 3247; baseline 0.002 -24"><span class='ocrx_word' id='word_1_474' title='bbox 380 3187 521 3226; x_wconf 89' lang='lat' dir='ltr'><strong>tnum</strong></span> <span class='ocrx_word' id='word_1_475' title='bbox 574 3172 723 3227; x_wconf 89' lang='lat' dir='ltr'><strong>illum</strong></span> <span class='ocrx_word' id='word_1_476' title='bbox 778 3189 957 3228; x_wconf 91' lang='lat' dir='ltr'><strong>rerum</strong></span> <span class='ocrx_word' id='word_1_477' title='bbox 1006 3175 1245 3228; x_wconf 91' lang='lat' dir='ltr'><strong>omnium</strong></span> <span class='ocrx_word' id='word_1_478' title='bbox 1295 3174 1602 3229; x_wconf 70' lang='lat' dir='ltr'><strong>effectorem</strong></span> <span class='ocrx_word' id='word_1_479' title='bbox 1658 3178 1962 3231; x_wconf 86' lang='lat' dir='ltr'><strong>ascendam.</strong></span> <span class='ocrx_word' id='word_1_480' title='bbox 1997 3159 2043 3221; x_wconf 65' lang='grc' dir='ltr'><strong>(ἶ</strong></span> <span class='ocrx_word' id='word_1_481' title='bbox 2075 3179 2193 3241; x_wconf 90' lang='lat' dir='ltr'><strong>tuit,</strong></span> <span class='ocrx_word' id='word_1_482' title='bbox 2224 3193 2399 3247; x_wconf 89' lang='lat' dir='ltr'><strong>eoque</strong></span> <span class='ocrx_word' id='word_1_483' title='bbox 2442 3190 2650 3231; x_wconf 90' lang='lat' dir='ltr'><strong>rursum</strong></span> <span class='ocrx_word' id='word_1_484' title='bbox 2683 3176 2825 3230; x_wconf 88' lang='lat' dir='ltr'><strong>unde</strong></span> <span class='ocrx_word' id='word_1_485' title='bbox 2853 3190 2951 3229; x_wconf 91' lang='lat' dir='ltr'><strong>nos</strong></span> <span class='ocrx_word' id='word_1_486' title='bbox 3004 3175 3361 3230; x_wconf 89' lang='lat' dir='ltr'><strong>inobedientia</strong></span> <span class='ocrx_word' id='word_1_487' title='bbox 3403 3177 3661 3231; x_wconf 82' lang='lat' dir='ltr'><strong>exturba-</strong></span> 
     </span>
    </p>
   </div>
   <div class='ocr_carea' id='block_1_63' title="bbox 380 3263 1962 3332">
    <p class='ocr_par' dir='ltr' id='par_1_63' title="bbox 380 3263 1962 3332">
     <span class='ocr_line' id='line_1_63' title="bbox 380 3263 1962 3332; baseline 0.005 -17"><span class='ocrx_word' id='word_1_488' title='bbox 380 3263 717 3332; x_wconf 82' lang='lat' dir='ltr'><strong>Quapmpter</strong></span> <span class='ocrx_word' id='word_1_489' title='bbox 739 3265 943 3320; x_wconf 90' lang='lat' dir='ltr'><strong>relictis</strong></span> <span class='ocrx_word' id='word_1_490' title='bbox 963 3264 1210 3319; x_wconf 88' lang='lat' dir='ltr'><strong>omnibus</strong></span> <span class='ocrx_word' id='word_1_491' title='bbox 1241 3266 1419 3329; x_wconf 88' lang='lat' dir='ltr'><strong>rebus,</strong></span> <span class='ocrx_word' id='word_1_492' title='bbox 1444 3280 1566 3321; x_wconf 91' lang='lat' dir='ltr'><strong>eum</strong></span> <span class='ocrx_word' id='word_1_493' title='bbox 1588 3276 1803 3323; x_wconf 89' lang='lat' dir='ltr'><strong>secutus</strong></span> <span class='ocrx_word' id='word_1_494' title='bbox 1824 3282 1962 3323; x_wconf 89' lang='lat' dir='ltr'><strong>sum.</strong></span> 
     </span>
    </p>
   </div>
   <div class='ocr_carea' id='block_1_64' title="bbox 381 3349 1969 3422">
    <p class='ocr_par' dir='ltr' id='par_1_64' title="bbox 381 3349 1969 3422">
     <span class='ocr_line' id='line_1_64' title="bbox 381 3349 1969 3422; baseline 0.004 -16"><span class='ocrx_word' id='word_1_495' title='bbox 381 3349 699 3422; x_wconf 85' lang='lat' dir='ltr'><strong>Gratiasque</strong></span> <span class='ocrx_word' id='word_1_496' title='bbox 747 3355 858 3409; x_wconf 91' lang='lat' dir='ltr'><strong>Deo</strong></span> <span class='ocrx_word' id='word_1_497' title='bbox 892 3368 985 3422; x_wconf 89' lang='lat' dir='ltr'><strong>per</strong></span> <span class='ocrx_word' id='word_1_498' title='bbox 1016 3355 1195 3408; x_wconf 87' lang='lat' dir='ltr'><strong>Jesum</strong></span> <span class='ocrx_word' id='word_1_499' title='bbox 1227 3355 1498 3408; x_wconf 89' lang='lat' dir='ltr'><strong>Christum</strong></span> <span class='ocrx_word' id='word_1_500' title='bbox 1552 3356 1829 3411; x_wconf 90' lang='lat' dir='ltr'><strong>Dominum</strong></span> <span class='ocrx_word' id='word_1_501' title='bbox 1872 3373 1969 3412; x_wconf 86' lang='lat' dir='ltr'><strong>no-</strong></span> 
     </span>
    </p>
   </div>
   <div class='ocr_carea' id='block_1_65' title="bbox 382 3445 1969 3516">
    <p class='ocr_par' dir='ltr' id='par_1_65' title="bbox 382 3445 1969 3516">
     <span class='ocr_line' id='line_1_65' title="bbox 382 3445 1969 3516; baseline 0.005 -20"><span class='ocrx_word' id='word_1_502' title='bbox 382 3454 551 3497; x_wconf 87' lang='lat' dir='ltr'><strong>strum</strong></span> <span class='ocrx_word' id='word_1_503' title='bbox 581 3460 682 3516; x_wconf 85' lang='lat' dir='ltr'><strong>ago</strong></span> <span class='ocrx_word' id='word_1_504' title='bbox 703 3490 717 3515; x_wconf 89' lang='lat'><strong>,</strong></span> <span class='ocrx_word' id='word_1_505' title='bbox 764 3445 906 3515; x_wconf 92' lang='lat' dir='ltr'><strong>quod</strong></span> <span class='ocrx_word' id='word_1_506' title='bbox 940 3462 1025 3501; x_wconf 87' lang='lat' dir='ltr'><strong>me</strong></span> <span class='ocrx_word' id='word_1_507' title='bbox 1055 3460 1119 3501; x_wconf 85' lang='lat' dir='ltr'><strong>ex</strong></span> <span class='ocrx_word' id='word_1_508' title='bbox 1162 3446 1272 3500; x_wconf 91' lang='lat' dir='ltr'><strong>luto</strong></span> <span class='ocrx_word' id='word_1_509' title='bbox 1299 3454 1353 3500; x_wconf 91' lang='lat' dir='ltr'><strong>et</strong></span> <span class='ocrx_word' id='word_1_510' title='bbox 1391 3446 1622 3501; x_wconf 88' lang='lat' dir='ltr'><strong>lateritio</strong></span> <span class='ocrx_word' id='word_1_511' title='bbox 1669 3447 1871 3513; x_wconf 88' lang='lat' dir='ltr'><strong>labore,</strong></span> <span class='ocrx_word' id='word_1_512' title='bbox 1906 3464 1969 3504; x_wconf 91' lang='lat' dir='ltr'><strong>ac</strong></span> 
     </span>
    </p>
   </div>
   <div class='ocr_carea' id='block_1_66' title="bbox 383 3536 1971 3608">
    <p class='ocr_par' dir='ltr' id='par_1_66' title="bbox 383 3536 1971 3608">
     <span class='ocr_line' id='line_1_66' title="bbox 383 3536 1971 3608; baseline 0.003 -18"><span class='ocrx_word' id='word_1_513' title='bbox 383 3537 584 3592; x_wconf 87' lang='lat' dir='ltr'><strong>crudeli</strong></span> <span class='ocrx_word' id='word_1_514' title='bbox 618 3547 674 3593; x_wconf 92' lang='lat' dir='ltr'><strong>et</strong></span> <span class='ocrx_word' id='word_1_515' title='bbox 716 3538 969 3608; x_wconf 90' lang='lat' dir='ltr'><strong>pestifero</strong></span> <span class='ocrx_word' id='word_1_516' title='bbox 1007 3538 1351 3593; x_wconf 80' lang='lat' dir='ltr'><strong>tenebrarum</strong></span> <span class='ocrx_word' id='word_1_517' title='bbox 1401 3536 1557 3607; x_wconf 87' lang='lat' dir='ltr'><strong>hujus</strong></span> <span class='ocrx_word' id='word_1_518' title='bbox 1596 3540 1779 3594; x_wconf 68' lang='lat' dir='ltr'><strong>saeculi</strong></span> <span class='ocrx_word' id='word_1_519' title='bbox 1824 3541 1971 3608; x_wconf 86' lang='lat' dir='ltr'><strong>prin-</strong></span> 
     </span>
    </p>
   </div>
   <div class='ocr_carea' id='block_1_67' title="bbox 383 3631 1969 3705">
    <p class='ocr_par' dir='ltr' id='par_1_67' title="bbox 383 3631 1969 3705">
     <span class='ocr_line' id='line_1_67' title="bbox 383 3631 1969 3705; baseline 0.005 -23"><span class='ocrx_word' id='word_1_520' title='bbox 383 3631 499 3698; x_wconf 91' lang='lat' dir='ltr'><strong>cipe</strong></span> <span class='ocrx_word' id='word_1_521' title='bbox 528 3631 784 3697; x_wconf 91' lang='lat' dir='ltr'><strong>liberarit,</strong></span> <span class='ocrx_word' id='word_1_522' title='bbox 823 3633 1073 3701; x_wconf 89' lang='lat' dir='ltr'><strong>viamque</strong></span> <span class='ocrx_word' id='word_1_523' title='bbox 1110 3632 1239 3686; x_wconf 90' lang='lat' dir='ltr'><strong>mihi</strong></span> <span class='ocrx_word' id='word_1_524' title='bbox 1280 3633 1732 3702; x_wconf 89' lang='lat' dir='ltr'><strong>compendiariam</strong></span> <span class='ocrx_word' id='word_1_525' title='bbox 1760 3642 1814 3689; x_wconf 89' lang='lat' dir='ltr'><strong>et</strong></span> <span class='ocrx_word' id='word_1_526' title='bbox 1842 3651 1969 3705; x_wconf 87' lang='lat' dir='ltr'><strong>pro-</strong></span> 
     </span>
    </p>
   </div>
   <div class='ocr_carea' id='block_1_68' title="bbox 386 3722 1972 3794">
    <p class='ocr_par' dir='ltr' id='par_1_68' title="bbox 386 3722 1972 3794">
     <span class='ocr_line' id='line_1_68' title="bbox 386 3722 1972 3794; baseline 0.004 -19"><span class='ocrx_word' id='word_1_527' title='bbox 386 3722 575 3776; x_wconf 89' lang='lat' dir='ltr'><strong>clivem</strong></span> <span class='ocrx_word' id='word_1_528' title='bbox 623 3722 948 3791; x_wconf 87' lang='lat' dir='ltr'><strong>ostenderit,</strong></span> <span class='ocrx_word' id='word_1_529' title='bbox 986 3738 1079 3792; x_wconf 90' lang='lat' dir='ltr'><strong>per</strong></span> <span class='ocrx_word' id='word_1_530' title='bbox 1122 3737 1280 3794; x_wconf 91' lang='lat' dir='ltr'><strong>quam</strong></span> <span class='ocrx_word' id='word_1_531' title='bbox 1330 3725 1384 3777; x_wconf 92' lang='lat' dir='ltr'><strong>in</strong></span> <span class='ocrx_word' id='word_1_532' title='bbox 1439 3722 1541 3777; x_wconf 91' lang='lat' dir='ltr'><strong>hoc</strong></span> <span class='ocrx_word' id='word_1_533' title='bbox 1572 3722 1714 3777; x_wconf 80' lang='lat' dir='ltr'><strong>fictili</strong></span> <span class='ocrx_word' id='word_1_534' title='bbox 1746 3739 1972 3794; x_wconf 89' lang='lat' dir='ltr'><strong>corpore</strong></span> 
     </span>
    </p>
   </div>
   <div class='ocr_carea' id='block_1_69' title="bbox 384 3814 1971 3887">
    <p class='ocr_par' dir='ltr' id='par_1_69' title="bbox 384 3814 1971 3887">
     <span class='ocr_line' id='line_1_69' title="bbox 384 3814 1971 3887; baseline 0.005 -23"><span class='ocrx_word' id='word_1_535' title='bbox 384 3814 678 3882; x_wconf 84' lang='lat' dir='ltr'><strong>angelicam</strong></span> <span class='ocrx_word' id='word_1_536' title='bbox 727 3815 847 3870; x_wconf 63' lang='lat' dir='ltr'><strong>vitat</strong></span> <span class='ocrx_word' id='word_1_537' title='bbox 896 3816 1155 3870; x_wconf 89' lang='lat' dir='ltr'><strong>rationem</strong></span> <span class='ocrx_word' id='word_1_538' title='bbox 1206 3815 1497 3885; x_wconf 82' lang='lat' dir='ltr'><strong>amplexari</strong></span> <span class='ocrx_word' id='word_1_539' title='bbox 1547 3820 1767 3884; x_wconf 91' lang='lat' dir='ltr'><strong>possim.</strong></span> <span class='ocrx_word' id='word_1_540' title='bbox 1808 3817 1971 3887; x_wconf 89' lang='lat' dir='ltr'><strong>Cujus</strong></span> 
     </span>
    </p>
   </div>
   <div class='ocr_carea' id='block_1_70' title="bbox 386 3905 1970 3978">
    <p class='ocr_par' dir='ltr' id='par_1_70' title="bbox 386 3905 1970 3978">
     <span class='ocr_line' id='line_1_70' title="bbox 386 3905 1970 3978; baseline 0.003 -21"><span class='ocrx_word' id='word_1_541' title='bbox 386 3905 745 3975; x_wconf 71' lang='lat' dir='ltr'><strong>adipiscenda:</strong></span> <span class='ocrx_word' id='word_1_542' title='bbox 791 3906 989 3973; x_wconf 80' lang='lat' dir='ltr'><strong>Studio,</strong></span> <span class='ocrx_word' id='word_1_543' title='bbox 1022 3916 1220 3961; x_wconf 88' lang='lat' dir='ltr'><strong>arctam</strong></span> <span class='ocrx_word' id='word_1_544' title='bbox 1256 3907 1393 3960; x_wconf 90' lang='lat' dir='ltr'><strong>hanc</strong></span> <span class='ocrx_word' id='word_1_545' title='bbox 1440 3915 1495 3960; x_wconf 90' lang='lat' dir='ltr'><strong>et</strong></span> <span class='ocrx_word' id='word_1_546' title='bbox 1521 3916 1800 3978; x_wconf 91' lang='lat' dir='ltr'><strong>angustam</strong></span> <span class='ocrx_word' id='word_1_547' title='bbox 1834 3911 1970 3962; x_wconf 91' lang='lat' dir='ltr'><strong>viam</strong></span> 
     </span>
    </p>
   </div>
   <div class='ocr_carea' id='block_1_71' title="bbox 386 3995 1973 4068">
    <p class='ocr_par' dir='ltr' id='par_1_71' title="bbox 386 3995 1973 4068">
     <span class='ocr_line' id='line_1_71' title="bbox 386 3995 1973 4068; baseline 0.001 -19"><span class='ocrx_word' id='word_1_548' title='bbox 386 3995 787 4065; x_wconf 88' lang='lat' dir='ltr'><strong>ingrediendam</strong></span> <span class='ocrx_word' id='word_1_549' title='bbox 838 3998 967 4052; x_wconf 88' lang='lat' dir='ltr'><strong>tnibi</strong></span> <span class='ocrx_word' id='word_1_550' title='bbox 1020 3998 1148 4051; x_wconf 84' lang='lat' dir='ltr'><strong>duxi</strong></span> <span class='ocrx_word' id='word_1_551' title='bbox 1187 3997 1398 4066; x_wconf 76' lang='lat' dir='ltr'><strong>(Matth.</strong></span> <span class='ocrx_word' id='word_1_552' title='bbox 1442 4002 1570 4068; x_wconf 90' lang='lat' dir='ltr'><strong>vtt),</strong></span> <span class='ocrx_word' id='word_1_553' title='bbox 1619 4001 1696 4053; x_wconf 86' lang='lat' dir='ltr'><strong>sic</strong></span> <span class='ocrx_word' id='word_1_554' title='bbox 1725 3997 1973 4053; x_wconf 71' lang='lat' dir='ltr'><strong>videlicet</strong></span> 
     </span>
    </p>
   </div>
   <div class='ocr_carea' id='block_1_72' title="bbox 388 4089 1971 4157">
    <p class='ocr_par' dir='ltr' id='par_1_72' title="bbox 388 4089 1971 4157">
     <span class='ocr_line' id='line_1_72' title="bbox 388 4089 1971 4157; baseline 0.003 -18"><span class='ocrx_word' id='word_1_555' title='bbox 388 4089 569 4142; x_wconf 86' lang='lat' dir='ltr'><strong>animo</strong></span> <span class='ocrx_word' id='word_1_556' title='bbox 618 4090 961 4155; x_wconf 90' lang='lat' dir='ltr'><strong>constitutus,</strong></span> <span class='ocrx_word' id='word_1_557' title='bbox 1014 4098 1071 4143; x_wconf 90' lang='lat' dir='ltr'><strong>ut</strong></span> <span class='ocrx_word' id='word_1_558' title='bbox 1103 4092 1440 4157; x_wconf 62' lang='lat' dir='ltr'><strong>praesentium</strong></span> <span class='ocrx_word' id='word_1_559' title='bbox 1474 4105 1652 4144; x_wconf 87' lang='lat' dir='ltr'><strong>rerum</strong></span> <span class='ocrx_word' id='word_1_560' title='bbox 1685 4091 1971 4144; x_wconf 81' lang='lat' dir='ltr'><strong>vanitatem</strong></span> 
     </span>
    </p>
   </div>
   <div class='ocr_carea' id='block_1_73' title="bbox 388 4178 1963 4249">
    <p class='ocr_par' dir='ltr' id='par_1_73' title="bbox 388 4178 1963 4249">
     <span class='ocr_line' id='line_1_73' title="bbox 388 4178 1963 4249; baseline 0.001 -18"><span class='ocrx_word' id='word_1_561' title='bbox 388 4190 545 4247; x_wconf 89' lang='lat' dir='ltr'><strong>atque</strong></span> <span class='ocrx_word' id='word_1_562' title='bbox 566 4180 864 4235; x_wconf 82' lang='lat' dir='ltr'><strong>instabilem</strong></span> <span class='ocrx_word' id='word_1_563' title='bbox 893 4194 1074 4234; x_wconf 89' lang='lat' dir='ltr'><strong>earum</strong></span> <span class='ocrx_word' id='word_1_564' title='bbox 1100 4179 1444 4249; x_wconf 82' lang='lat' dir='ltr'><strong>jactationem</strong></span> <span class='ocrx_word' id='word_1_565' title='bbox 1473 4187 1529 4234; x_wconf 82' lang='lat' dir='ltr'><strong>et</strong></span> <span class='ocrx_word' id='word_1_566' title='bbox 1551 4178 1963 4233; x_wconf 85' lang='lat' dir='ltr'><strong>conversionem</strong></span> 
     </span>
    </p>
   </div>
   <div class='ocr_carea' id='block_1_74' title="bbox 389 4269 1976 4338">
    <p class='ocr_par' dir='ltr' id='par_1_74' title="bbox 389 4269 1976 4338">
     <span class='ocr_line' id='line_1_74' title="bbox 389 4269 1976 4338; baseline 0 -16"><span class='ocrx_word' id='word_1_567' title='bbox 389 4272 735 4324; x_wconf 86' lang='lat' dir='ltr'><strong>vehementer</strong></span> <span class='ocrx_word' id='word_1_568' title='bbox 760 4270 1079 4338; x_wconf 87' lang='lat' dir='ltr'><strong>improbem,</strong></span> <span class='ocrx_word' id='word_1_569' title='bbox 1108 4284 1280 4338; x_wconf 89' lang='lat' dir='ltr'><strong>neque</strong></span> <span class='ocrx_word' id='word_1_570' title='bbox 1307 4269 1497 4323; x_wconf 88' lang='lat' dir='ltr'><strong>adduci</strong></span> <span class='ocrx_word' id='word_1_571' title='bbox 1532 4270 1728 4336; x_wconf 88' lang='lat' dir='ltr'><strong>possim</strong></span> <span class='ocrx_word' id='word_1_572' title='bbox 1760 4276 1817 4321; x_wconf 92' lang='lat' dir='ltr'><strong>ut</strong></span> <span class='ocrx_word' id='word_1_573' title='bbox 1858 4284 1976 4322; x_wconf 85' lang='lat' dir='ltr'><strong>cte-</strong></span> 
     </span>
    </p>
   </div>
   <div class='ocr_carea' id='block_1_75' title="bbox 391 4360 1977 4434">
    <p class='ocr_par' dir='ltr' id='par_1_75' title="bbox 391 4360 1977 4434">
     <span class='ocr_line' id='line_1_75' title="bbox 391 4360 1977 4434; baseline -0.001 -16"><span class='ocrx_word' id='word_1_574' title='bbox 391 4366 511 4419; x_wconf 87' lang='lat' dir='ltr'><strong>dam</strong></span> <span class='ocrx_word' id='word_1_575' title='bbox 543 4365 683 4419; x_wconf 92' lang='lat' dir='ltr'><strong>aliud</strong></span> <span class='ocrx_word' id='word_1_576' title='bbox 707 4365 991 4434; x_wconf 87' lang='lat' dir='ltr'><strong>quidquam</strong></span> <span class='ocrx_word' id='word_1_577' title='bbox 1028 4372 1222 4431; x_wconf 74' lang='lat' dir='ltr'><strong>praeter</strong></span> <span class='ocrx_word' id='word_1_578' title='bbox 1252 4362 1303 4416; x_wconf 90' lang='lat' dir='ltr'><strong>id</strong></span> <span class='ocrx_word' id='word_1_579' title='bbox 1332 4361 1473 4431; x_wconf 92' lang='lat' dir='ltr'><strong>quod</strong></span> <span class='ocrx_word' id='word_1_580' title='bbox 1501 4376 1624 4417; x_wconf 88' lang='lat' dir='ltr'><strong>vere</strong></span> <span class='ocrx_word' id='word_1_581' title='bbox 1664 4360 1860 4416; x_wconf 87' lang='lat' dir='ltr'><strong>bonum</strong></span> <span class='ocrx_word' id='word_1_582' title='bbox 1892 4372 1977 4417; x_wconf 91' lang='lat' dir='ltr'><strong>est</strong></span> 
     </span>
    </p>
   </div>
   <div class='ocr_carea' id='block_1_76' title="bbox 390 4454 1975 4525">
    <p class='ocr_par' dir='ltr' id='par_1_76' title="bbox 390 4454 1975 4525">
     <span class='ocr_line' id='line_1_76' title="bbox 390 4454 1975 4525; baseline 0 -16"><span class='ocrx_word' id='word_1_583' title='bbox 390 4454 585 4510; x_wconf 87' lang='lat' dir='ltr'><strong>bonum</strong></span> <span class='ocrx_word' id='word_1_584' title='bbox 625 4457 996 4525; x_wconf 86' lang='lat' dir='ltr'><strong>appellandum</strong></span> <span class='ocrx_word' id='word_1_585' title='bbox 1037 4469 1175 4508; x_wconf 88' lang='lat' dir='ltr'><strong>esse.</strong></span> <span class='ocrx_word' id='word_1_586' title='bbox 1209 4454 1251 4508; x_wconf 84' lang='lat' dir='ltr'><strong>A</strong></span> <span class='ocrx_word' id='word_1_587' title='bbox 1281 4468 1386 4523; x_wconf 92' lang='lat' dir='ltr'><strong>quo</strong></span> <span class='ocrx_word' id='word_1_588' title='bbox 1417 4460 1501 4518; x_wconf 92' lang='lat' dir='ltr'><strong>tu,</strong></span> <span class='ocrx_word' id='word_1_589' title='bbox 1552 4468 1586 4507; x_wconf 92' lang='grc' dir='ltr'>ο</span> <span class='ocrx_word' id='word_1_590' title='bbox 1629 4469 1744 4517; x_wconf 89' lang='lat' dir='ltr'><strong>rex,</strong></span> <span class='ocrx_word' id='word_1_591' title='bbox 1779 4456 1975 4509; x_wconf 87' lang='lat' dir='ltr'><strong>misere</strong></span> 
     </span>
    </p>
   </div>
   <div class='ocr_carea' id='block_1_77' title="bbox 391 4527 2054 4615">
    <p class='ocr_par' dir='ltr' id='par_1_77' title="bbox 391 4527 2054 4615">
     <span class='ocr_line' id='line_1_77' title="bbox 391 4527 2054 4615; baseline -0.001 -14"><span class='ocrx_word' id='word_1_592' title='bbox 391 4555 441 4601; x_wconf 90' lang='lat' dir='ltr'><strong>te</strong></span> <span class='ocrx_word' id='word_1_593' title='bbox 468 4547 725 4614; x_wconf 87' lang='lat' dir='ltr'><strong>abrupisti</strong></span> <span class='ocrx_word' id='word_1_594' title='bbox 757 4563 819 4600; x_wconf 93' lang='lat' dir='ltr'><strong>ac</strong></span> <span class='ocrx_word' id='word_1_595' title='bbox 848 4545 1152 4615; x_wconf 78' lang='lat' dir='ltr'><strong>sejunxisti.</strong></span> <span class='ocrx_word' id='word_1_596' title='bbox 1189 4546 1369 4614; x_wconf 85' lang='lat' dir='ltr'><strong>anue</strong></span> <span class='ocrx_word' id='word_1_597' title='bbox 1399 4546 1464 4600; x_wconf 89' lang='lat' dir='ltr'><strong>de</strong></span> <span class='ocrx_word' id='word_1_598' title='bbox 1492 4559 1654 4600; x_wconf 87' lang='lat' dir='ltr'><strong>causa</strong></span> <span class='ocrx_word' id='word_1_599' title='bbox 1682 4560 1779 4600; x_wconf 91' lang='lat' dir='ltr'><strong>nos</strong></span> <span class='ocrx_word' id='word_1_600' title='bbox 1807 4547 1969 4600; x_wconf 90' lang='lat' dir='ltr'><strong>etiam</strong></span> <span class='ocrx_word' id='word_1_601' title='bbox 2001 4527 2054 4587; x_wconf 82' lang='grc' dir='ltr'><strong>Ῑ)</strong></span> 
     </span>
    </p>
   </div>
   <div class='ocr_carea' id='block_1_78' title="bbox 391 4637 1976 4708">
    <p class='ocr_par' dir='ltr' id='par_1_78' title="bbox 391 4637 1976 4708">
     <span class='ocr_line' id='line_1_78' title="bbox 391 4637 1976 4708; baseline -0.001 -15"><span class='ocrx_word' id='word_1_602' title='bbox 391 4654 421 4693; x_wconf 85' lang='lat' dir='ltr'><strong>a</strong></span> <span class='ocrx_word' id='word_1_603' title='bbox 446 4646 499 4694; x_wconf 87' lang='lat' dir='ltr'><strong>te</strong></span> <span class='ocrx_word' id='word_1_604' title='bbox 522 4638 774 4708; x_wconf 89' lang='lat' dir='ltr'><strong>disjuncti</strong></span> <span class='ocrx_word' id='word_1_605' title='bbox 813 4654 875 4693; x_wconf 91' lang='lat' dir='ltr'><strong>ac</strong></span> <span class='ocrx_word' id='word_1_606' title='bbox 898 4640 1135 4693; x_wconf 89' lang='lat' dir='ltr'><strong>distracti</strong></span> <span class='ocrx_word' id='word_1_607' title='bbox 1160 4654 1365 4702; x_wconf 90' lang='lat' dir='ltr'><strong>sumus,</strong></span> <span class='ocrx_word' id='word_1_608' title='bbox 1403 4638 1653 4706; x_wconf 91' lang='lat' dir='ltr'><strong>quoniam</strong></span> <span class='ocrx_word' id='word_1_609' title='bbox 1682 4645 1736 4692; x_wconf 91' lang='lat' dir='ltr'><strong>tu</strong></span> <span class='ocrx_word' id='word_1_610' title='bbox 1777 4637 1829 4692; x_wconf 90' lang='lat' dir='ltr'><strong>in</strong></span> <span class='ocrx_word' id='word_1_611' title='bbox 1857 4653 1976 4705; x_wconf 83' lang='lat' dir='ltr'><strong>per—</strong></span> 
     </span>
    </p>
   </div>
   <div class='ocr_carea' id='block_1_79' title="bbox 390 4728 1971 4799">
    <p class='ocr_par' dir='ltr' id='par_1_79' title="bbox 390 4728 1971 4799">
     <span class='ocr_line' id='line_1_79' title="bbox 390 4728 1971 4799; baseline 0.001 -17"><span class='ocrx_word' id='word_1_612' title='bbox 390 4732 630 4799; x_wconf 91' lang='lat' dir='ltr'><strong>spicuum</strong></span> <span class='ocrx_word' id='word_1_613' title='bbox 654 4740 708 4785; x_wconf 89' lang='lat' dir='ltr'><strong>et</strong></span> <span class='ocrx_word' id='word_1_614' title='bbox 736 4729 1089 4784; x_wconf 85' lang='lat' dir='ltr'><strong>indubitatum</strong></span> <span class='ocrx_word' id='word_1_615' title='bbox 1117 4730 1339 4786; x_wconf 81' lang='lat' dir='ltr'><strong>exitium</strong></span> <span class='ocrx_word' id='word_1_616' title='bbox 1370 4729 1500 4795; x_wconf 93' lang='lat' dir='ltr'><strong>ruis,</strong></span> <span class='ocrx_word' id='word_1_617' title='bbox 1523 4744 1585 4782; x_wconf 90' lang='lat' dir='ltr'><strong>ac</strong></span> <span class='ocrx_word' id='word_1_618' title='bbox 1608 4743 1707 4784; x_wconf 84' lang='lat' dir='ltr'><strong>nos</strong></span> <span class='ocrx_word' id='word_1_619' title='bbox 1739 4730 1791 4782; x_wconf 89' lang='lat' dir='ltr'><strong>in</strong></span> <span class='ocrx_word' id='word_1_620' title='bbox 1830 4728 1971 4784; x_wconf 91' lang='lat' dir='ltr'><strong>idem</strong></span> 
     </span>
    </p>
   </div>
   <div class='ocr_carea' id='block_1_80' title="bbox 390 4818 1972 4891">
    <p class='ocr_par' dir='ltr' id='par_1_80' title="bbox 390 4818 1972 4891">
     <span class='ocr_line' id='line_1_80' title="bbox 390 4818 1972 4891; baseline -0.001 -15"><span class='ocrx_word' id='word_1_621' title='bbox 390 4821 686 4890; x_wconf 82' lang='lat' dir='ltr'><strong>periculum</strong></span> <span class='ocrx_word' id='word_1_622' title='bbox 713 4822 1014 4891; x_wconf 66' lang='lat' dir='ltr'><strong>praecipites</strong></span> <span class='ocrx_word' id='word_1_623' title='bbox 1042 4821 1165 4875; x_wconf 84' lang='lat' dir='ltr'><strong>ferri</strong></span> <span class='ocrx_word' id='word_1_624' title='bbox 1187 4823 1351 4891; x_wconf 88' lang='lat' dir='ltr'><strong>cogis.</strong></span> <span class='ocrx_word' id='word_1_625' title='bbox 1377 4822 1509 4876; x_wconf 79' lang='lat' dir='ltr'><strong>Nam</strong></span> <span class='ocrx_word' id='word_1_626' title='bbox 1528 4818 1760 4890; x_wconf 87' lang='lat' dir='ltr'><strong>quandiu</strong></span> <span class='ocrx_word' id='word_1_627' title='bbox 1783 4819 1836 4873; x_wconf 91' lang='lat' dir='ltr'><strong>in</strong></span> <span class='ocrx_word' id='word_1_628' title='bbox 1860 4820 1972 4875; x_wconf 85' lang='lat' dir='ltr'><strong>sola</strong></span> 
     </span>
    </p>
   </div>
   <div class='ocr_carea' id='block_1_81' title="bbox 391 4910 1971 4980">
    <p class='ocr_par' dir='ltr' id='par_1_81' title="bbox 391 4910 1971 4980">
     <span class='ocr_line' id='line_1_81' title="bbox 391 4910 1971 4980; baseline -0.001 -13"><span class='ocrx_word' id='word_1_629' title='bbox 391 4912 572 4967; x_wconf 85' lang='lat' dir='ltr'><strong>mundi</strong></span> <span class='ocrx_word' id='word_1_630' title='bbox 623 4912 812 4966; x_wconf 90' lang='lat' dir='ltr'><strong>militia</strong></span> <span class='ocrx_word' id='word_1_631' title='bbox 862 4912 1252 4974; x_wconf 86' lang='lat' dir='ltr'><strong>censebamur,</strong></span> <span class='ocrx_word' id='word_1_632' title='bbox 1305 4912 1504 4965; x_wconf 90' lang='lat' dir='ltr'><strong>nullam</strong></span> <span class='ocrx_word' id='word_1_633' title='bbox 1553 4910 1715 4965; x_wconf 89' lang='lat' dir='ltr'><strong>officii</strong></span> <span class='ocrx_word' id='word_1_634' title='bbox 1765 4919 1971 4980; x_wconf 89' lang='lat' dir='ltr'><strong>partem</strong></span> 
     </span>
    </p>
   </div>
   <div class='ocr_carea' id='block_1_82' title="bbox 394 5000 1971 5071">
    <p class='ocr_par' dir='ltr' id='par_1_82' title="bbox 394 5000 1971 5071">
     <span class='ocr_line' id='line_1_82' title="bbox 394 5000 1971 5071; baseline 0.003 -18"><span class='ocrx_word' id='word_1_635' title='bbox 394 5002 953 5071; x_wconf 71' lang='lat' dir='ltr'><strong>prmtermittebamus.</strong></span> <span class='ocrx_word' id='word_1_636' title='bbox 984 5000 1059 5055; x_wconf 88' lang='lat' dir='ltr'><strong>Ac</strong></span> <span class='ocrx_word' id='word_1_637' title='bbox 1086 5009 1140 5053; x_wconf 89' lang='lat' dir='ltr'><strong>tu</strong></span> <span class='ocrx_word' id='word_1_638' title='bbox 1170 5014 1380 5069; x_wconf 91' lang='lat' dir='ltr'><strong>quoque</strong></span> <span class='ocrx_word' id='word_1_639' title='bbox 1406 5004 1639 5070; x_wconf 87' lang='lat' dir='ltr'><strong>optimus</strong></span> <span class='ocrx_word' id='word_1_640' title='bbox 1671 5004 1820 5058; x_wconf 88' lang='lat' dir='ltr'><strong>testis</strong></span> <span class='ocrx_word' id='word_1_641' title='bbox 1842 5004 1971 5071; x_wconf 92' lang='lat' dir='ltr'><strong>eris,</strong></span> 
     </span>
    </p>
   </div>
   <div class='ocr_carea' id='block_1_83' title="bbox 393 5091 1973 5165">
    <p class='ocr_par' dir='ltr' id='par_1_83' title="bbox 393 5091 1973 5165">
     <span class='ocr_line' id='line_1_83' title="bbox 393 5091 1973 5165; baseline 0 -18"><span class='ocrx_word' id='word_1_642' title='bbox 393 5108 489 5148; x_wconf 90' lang='lat' dir='ltr'><strong>nos</strong></span> <span class='ocrx_word' id='word_1_643' title='bbox 519 5107 620 5149; x_wconf 88' lang='lat' dir='ltr'><strong>nec</strong></span> <span class='ocrx_word' id='word_1_644' title='bbox 648 5093 983 5165; x_wconf 73' lang='lat' dir='ltr'><strong>negligentia:</strong></span> <span class='ocrx_word' id='word_1_645' title='bbox 1002 5134 1019 5158; x_wconf 93' lang='lat'><strong>,</strong></span> <span class='ocrx_word' id='word_1_646' title='bbox 1063 5106 1160 5147; x_wconf 87' lang='lat' dir='ltr'><strong>nec</strong></span> <span class='ocrx_word' id='word_1_647' title='bbox 1190 5091 1450 5145; x_wconf 69' lang='lat' dir='ltr'><strong>socordia:</strong></span> <span class='ocrx_word' id='word_1_648' title='bbox 1480 5093 1695 5147; x_wconf 90' lang='lat' dir='ltr'><strong>nomine</strong></span> <span class='ocrx_word' id='word_1_649' title='bbox 1742 5106 1973 5160; x_wconf 89' lang='lat' dir='ltr'><strong>unquam</strong></span> 
     </span>
    </p>
   </div>
   <div class='ocr_carea' id='block_1_84' title="bbox 393 5184 1238 5253">
    <p class='ocr_par' dir='ltr' id='par_1_84' title="bbox 393 5184 1238 5253">
     <span class='ocr_line' id='line_1_84' title="bbox 393 5184 1238 5253; baseline -0.006 -13"><span class='ocrx_word' id='word_1_650' title='bbox 393 5198 510 5240; x_wconf 86' lang='lat' dir='ltr'><strong>esse</strong></span> <span class='ocrx_word' id='word_1_651' title='bbox 535 5192 744 5240; x_wconf 86' lang='lat' dir='ltr'><strong>notatos</strong></span> <span class='ocrx_word' id='word_1_652' title='bbox 773 5199 838 5239; x_wconf 92' lang='lat' dir='ltr'><strong>ac</strong></span> <span class='ocrx_word' id='word_1_653' title='bbox 865 5184 1238 5253; x_wconf 87' lang='lat' dir='ltr'><strong>reprehensos.</strong></span> 
     </span>
    </p>
   </div>
   <div class='ocr_carea' id='block_1_85' title="bbox 465 5271 1978 5346">
    <p class='ocr_par' dir='ltr' id='par_1_85' title="bbox 465 5271 1978 5346">
     <span class='ocr_line' id='line_1_85' title="bbox 465 5271 1978 5346; baseline -0.002 -16"><span class='ocrx_word' id='word_1_654' title='bbox 465 5277 819 5346; x_wconf 83' lang='lat' dir='ltr'><strong>Posteaquam</strong></span> <span class='ocrx_word' id='word_1_655' title='bbox 861 5283 1037 5329; x_wconf 91' lang='lat' dir='ltr'><strong>autem</strong></span> <span class='ocrx_word' id='word_1_656' title='bbox 1085 5273 1137 5327; x_wconf 91' lang='lat' dir='ltr'><strong>id</strong></span> <span class='ocrx_word' id='word_1_657' title='bbox 1167 5286 1398 5342; x_wconf 90' lang='lat' dir='ltr'><strong>quoque,</strong></span> <span class='ocrx_word' id='word_1_658' title='bbox 1431 5271 1567 5335; x_wconf 85' lang='lat' dir='ltr'><strong>quod</strong></span> <span class='ocrx_word' id='word_1_659' title='bbox 1607 5272 1846 5326; x_wconf 92' lang='lat' dir='ltr'><strong>omnium</strong></span> <span class='ocrx_word' id='word_1_660' title='bbox 1880 5273 1978 5327; x_wconf 87' lang='lat' dir='ltr'><strong>bo-</strong></span> 
     </span>
    </p>
   </div>
   <div class='ocr_carea' id='block_1_86' title="bbox 393 5365 1973 5440">
    <p class='ocr_par' dir='ltr' id='par_1_86' title="bbox 393 5365 1973 5440">
     <span class='ocr_line' id='line_1_86' title="bbox 393 5365 1973 5440; baseline -0.003 -15"><span class='ocrx_word' id='word_1_661' title='bbox 393 5387 581 5427; x_wconf 89' lang='lat' dir='ltr'><strong>norum</strong></span> <span class='ocrx_word' id='word_1_662' title='bbox 605 5379 765 5440; x_wconf 89' lang='lat' dir='ltr'><strong>caput</strong></span> <span class='ocrx_word' id='word_1_663' title='bbox 785 5380 890 5434; x_wconf 89' lang='lat' dir='ltr'><strong>est,</strong></span> <span class='ocrx_word' id='word_1_664' title='bbox 924 5370 1024 5423; x_wconf 92' lang='lat' dir='ltr'><strong>hoc</strong></span> <span class='ocrx_word' id='word_1_665' title='bbox 1044 5374 1129 5423; x_wconf 86' lang='lat' dir='ltr'><strong>est</strong></span> <span class='ocrx_word' id='word_1_666' title='bbox 1153 5367 1429 5436; x_wconf 81' lang='lat' dir='ltr'><strong>pietatem,</strong></span> <span class='ocrx_word' id='word_1_667' title='bbox 1457 5365 1606 5419; x_wconf 91' lang='lat' dir='ltr'><strong>nobis</strong></span> <span class='ocrx_word' id='word_1_668' title='bbox 1631 5375 1973 5435; x_wconf 85' lang='lat' dir='ltr'><strong>extorquere,</strong></span> 
     </span>
    </p>
   </div>
   <div class='ocr_carea' id='block_1_87' title="bbox 392 5460 1974 5529">
    <p class='ocr_par' dir='ltr' id='par_1_87' title="bbox 392 5460 1974 5529">
     <span class='ocr_line' id='line_1_87' title="bbox 392 5460 1974 5529; baseline -0.003 -12"><span class='ocrx_word' id='word_1_669' title='bbox 392 5463 595 5528; x_wconf 83' lang='lat' dir='ltr'><strong>Deique</strong></span> <span class='ocrx_word' id='word_1_670' title='bbox 642 5462 966 5519; x_wconf 84' lang='lat' dir='ltr'><strong>detrimento</strong></span> <span class='ocrx_word' id='word_1_671' title='bbox 1016 5460 1191 5529; x_wconf 77' lang='lat' dir='ltr'><strong>(Quod</strong></span> <span class='ocrx_word' id='word_1_672' title='bbox 1245 5460 1683 5513; x_wconf 86' lang='lat' dir='ltr'><strong>detrimentorum</strong></span> <span class='ocrx_word' id='word_1_673' title='bbox 1736 5461 1974 5514; x_wconf 88' lang='lat' dir='ltr'><strong>omnium</strong></span> 
     </span>
    </p>
   </div>
   <div class='ocr_carea' id='block_1_88' title="bbox 393 5550 1976 5624">
    <p class='ocr_par' dir='ltr' id='par_1_88' title="bbox 393 5550 1976 5624">
     <span class='ocr_line' id='line_1_88' title="bbox 393 5550 1976 5624; baseline -0.002 -16"><span class='ocrx_word' id='word_1_674' title='bbox 393 5566 696 5608; x_wconf 83' lang='lat' dir='ltr'><strong>extremum</strong></span> <span class='ocrx_word' id='word_1_675' title='bbox 724 5570 786 5608; x_wconf 90' lang='lat' dir='ltr'><strong>ac</strong></span> <span class='ocrx_word' id='word_1_676' title='bbox 814 5554 1183 5624; x_wconf 86' lang='lat' dir='ltr'><strong>gravissimum</strong></span> <span class='ocrx_word' id='word_1_677' title='bbox 1212 5550 1316 5618; x_wconf 88' lang='lat' dir='ltr'><strong>est)</strong></span> <span class='ocrx_word' id='word_1_678' title='bbox 1343 5564 1443 5605; x_wconf 87' lang='lat' dir='ltr'><strong>nos</strong></span> <span class='ocrx_word' id='word_1_679' title='bbox 1463 5550 1673 5605; x_wconf 85' lang='lat' dir='ltr'><strong>afficere</strong></span> <span class='ocrx_word' id='word_1_680' title='bbox 1698 5550 1976 5617; x_wconf 89' lang='lat' dir='ltr'><strong>studuisti,</strong></span> 
     </span>
    </p>
   </div>
   <div class='ocr_carea' id='block_1_89' title="bbox 394 5642 1965 5713">
    <p class='ocr_par' dir='ltr' id='par_1_89' title="bbox 394 5642 1965 5713">
     <span class='ocr_line' id='line_1_89' title="bbox 394 5642 1965 5713; baseline 0.001 -17"><span class='ocrx_word' id='word_1_681' title='bbox 394 5645 654 5713; x_wconf 86' lang='lat' dir='ltr'><strong>uobisque</strong></span> <span class='ocrx_word' id='word_1_682' title='bbox 676 5646 886 5700; x_wconf 88' lang='lat' dir='ltr'><strong>interim</strong></span> <span class='ocrx_word' id='word_1_683' title='bbox 916 5644 1146 5698; x_wconf 84' lang='lat' dir='ltr'><strong>honores</strong></span> <span class='ocrx_word' id='word_1_684' title='bbox 1177 5643 1246 5696; x_wconf 88' lang='lat' dir='ltr'><strong>ob</strong></span> <span class='ocrx_word' id='word_1_685' title='bbox 1270 5656 1388 5696; x_wconf 87' lang='lat' dir='ltr'><strong>eam</strong></span> <span class='ocrx_word' id='word_1_686' title='bbox 1416 5642 1699 5696; x_wconf 88' lang='lat' dir='ltr'><strong>causamin</strong></span> <span class='ocrx_word' id='word_1_687' title='bbox 1733 5658 1832 5697; x_wconf 89' lang='lat' dir='ltr'><strong>nos</strong></span> <span class='ocrx_word' id='word_1_688' title='bbox 1862 5644 1965 5697; x_wconf 89' lang='lat' dir='ltr'><strong>col-</strong></span> 
     </span>
    </p>
   </div>
   <div class='ocr_carea' id='block_1_90' title="bbox 396 5732 1973 5806">
    <p class='ocr_par' dir='ltr' id='par_1_90' title="bbox 396 5732 1973 5806">
     <span class='ocr_line' id='line_1_90' title="bbox 396 5732 1973 5806; baseline 0.001 -19"><span class='ocrx_word' id='word_1_689' title='bbox 396 5734 530 5789; x_wconf 90' lang='lat' dir='ltr'><strong>latos</strong></span> <span class='ocrx_word' id='word_1_690' title='bbox 560 5746 717 5805; x_wconf 87' lang='lat' dir='ltr'><strong>atque</strong></span> <span class='ocrx_word' id='word_1_691' title='bbox 744 5735 1072 5806; x_wconf 86' lang='lat' dir='ltr'><strong>amplissima</strong></span> <span class='ocrx_word' id='word_1_692' title='bbox 1099 5732 1358 5790; x_wconf 81' lang='lat' dir='ltr'><strong>beneficia</strong></span> <span class='ocrx_word' id='word_1_693' title='bbox 1389 5733 1440 5787; x_wconf 88' lang='lat' dir='ltr'><strong>in</strong></span> <span class='ocrx_word' id='word_1_694' title='bbox 1485 5734 1794 5788; x_wconf 88' lang='lat' dir='ltr'><strong>memoriam</strong></span> <span class='ocrx_word' id='word_1_695' title='bbox 1818 5748 1973 5788; x_wconf 83' lang='lat' dir='ltr'><strong>revo-</strong></span> 
     </span>
    </p>
   </div>
   <div class='ocr_carea' id='block_1_91' title="bbox 2069 3267 3659 3337">
    <p class='ocr_par' dir='ltr' id='par_1_91' title="bbox 2069 3267 3659 3337">
     <span class='ocr_line' id='line_1_91' title="bbox 2069 3267 3659 3337; baseline 0.001 -15"><span class='ocrx_word' id='word_1_696' title='bbox 2069 3277 2239 3332; x_wconf 87' lang='lat' dir='ltr'><strong>verat,</strong></span> <span class='ocrx_word' id='word_1_697' title='bbox 2268 3268 2338 3322; x_wconf 94' lang='lat' dir='ltr'><strong>ob</strong></span> <span class='ocrx_word' id='word_1_698' title='bbox 2359 3282 2510 3321; x_wconf 87' lang='lat' dir='ltr'><strong>suam</strong></span> <span class='ocrx_word' id='word_1_699' title='bbox 2542 3282 2664 3337; x_wconf 91' lang='lat' dir='ltr'><strong>erga</strong></span> <span class='ocrx_word' id='word_1_700' title='bbox 2699 3280 2795 3322; x_wconf 93' lang='lat' dir='ltr'><strong>nos</strong></span> <span class='ocrx_word' id='word_1_701' title='bbox 2821 3267 3231 3333; x_wconf 88' lang='lat' dir='ltr'><strong>humanitatem,</strong></span> <span class='ocrx_word' id='word_1_702' title='bbox 3264 3268 3499 3333; x_wconf 88' lang='lat' dir='ltr'><strong>reduxit,</strong></span> <span class='ocrx_word' id='word_1_703' title='bbox 3545 3286 3659 3323; x_wconf 84' lang='lat' dir='ltr'><strong>tna-</strong></span> 
     </span>
    </p>
   </div>
   <div class='ocr_carea' id='block_1_92' title="bbox 2065 3359 3372 3429">
    <p class='ocr_par' dir='ltr' id='par_1_92' title="bbox 2065 3359 3372 3429">
     <span class='ocr_line' id='line_1_92' title="bbox 2065 3359 3372 3429; baseline 0.002 -16"><span class='ocrx_word' id='word_1_704' title='bbox 2065 3359 2288 3429; x_wconf 90' lang='lat' dir='ltr'><strong>joreqne</strong></span> <span class='ocrx_word' id='word_1_705' title='bbox 2318 3374 2476 3428; x_wconf 88' lang='lat' dir='ltr'><strong>quam</strong></span> <span class='ocrx_word' id='word_1_706' title='bbox 2508 3368 2664 3414; x_wconf 90' lang='lat' dir='ltr'><strong>antea</strong></span> <span class='ocrx_word' id='word_1_707' title='bbox 2694 3360 2895 3413; x_wconf 89' lang='lat' dir='ltr'><strong>honore</strong></span> <span class='ocrx_word' id='word_1_708' title='bbox 2924 3367 3241 3427; x_wconf 85' lang='lat' dir='ltr'><strong>prosecutus</strong></span> <span class='ocrx_word' id='word_1_709' title='bbox 3271 3367 3372 3417; x_wconf 85' lang='lat' dir='ltr'><strong>est.</strong></span> 
     </span>
    </p>
   </div>
   <div class='ocr_carea' id='block_1_93' title="bbox 2149 3450 3659 3521">
    <p class='ocr_par' dir='ltr' id='par_1_93' title="bbox 2149 3450 3659 3521">
     <span class='ocr_line' id='line_1_93' title="bbox 2149 3450 3659 3521; baseline -0.001 -15"><span class='ocrx_word' id='word_1_710' title='bbox 2149 3453 2300 3507; x_wconf 87' lang='lat' dir='ltr'><strong>Hunc</strong></span> <span class='ocrx_word' id='word_1_711' title='bbox 2320 3452 2480 3521; x_wconf 88' lang='lat' dir='ltr'><strong>igitur</strong></span> <span class='ocrx_word' id='word_1_712' title='bbox 2503 3450 2591 3521; x_wconf 88' lang='lat' dir='ltr'><strong>qui</strong></span> <span class='ocrx_word' id='word_1_713' title='bbox 2619 3461 2799 3505; x_wconf 89' lang='lat' dir='ltr'><strong>nostra</strong></span> <span class='ocrx_word' id='word_1_714' title='bbox 2830 3466 2989 3505; x_wconf 89' lang='lat' dir='ltr'><strong>causa</strong></span> <span class='ocrx_word' id='word_1_715' title='bbox 3020 3460 3096 3506; x_wconf 92' lang='lat' dir='ltr'><strong>tot</strong></span> <span class='ocrx_word' id='word_1_716' title='bbox 3126 3454 3393 3505; x_wconf 88' lang='lat' dir='ltr'><strong>cruciatus</strong></span> <span class='ocrx_word' id='word_1_717' title='bbox 3422 3452 3659 3521; x_wconf 90' lang='lat' dir='ltr'><strong>pertulit,</strong></span> 
     </span>
    </p>
   </div>
   <div class='ocr_carea' id='block_1_94' title="bbox 2073 3541 3665 3613">
    <p class='ocr_par' dir='ltr' id='par_1_94' title="bbox 2073 3541 3665 3613">
     <span class='ocr_line' id='line_1_94' title="bbox 2073 3541 3665 3613; baseline -0.001 -15"><span class='ocrx_word' id='word_1_718' title='bbox 2073 3545 2340 3613; x_wconf 87' lang='lat' dir='ltr'><strong>tantisque</strong></span> <span class='ocrx_word' id='word_1_719' title='bbox 2390 3558 2603 3597; x_wconf 88' lang='lat' dir='ltr'><strong>rursum</strong></span> <span class='ocrx_word' id='word_1_720' title='bbox 2661 3556 2759 3596; x_wconf 92' lang='lat' dir='ltr'><strong>nos</strong></span> <span class='ocrx_word' id='word_1_721' title='bbox 2798 3541 3071 3596; x_wconf 87' lang='lat' dir='ltr'><strong>beneficiis</strong></span> <span class='ocrx_word' id='word_1_722' title='bbox 3108 3542 3304 3608; x_wconf 81' lang='lat' dir='ltr'><strong>affecit,</strong></span> <span class='ocrx_word' id='word_1_723' title='bbox 3356 3543 3531 3606; x_wconf 89' lang='lat' dir='ltr'><strong>hunc,</strong></span> <span class='ocrx_word' id='word_1_724' title='bbox 3580 3544 3665 3597; x_wconf 90' lang='lat' dir='ltr'><strong>in-</strong></span> 
     </span>
    </p>
   </div>
   <div class='ocr_carea' id='block_1_95' title="bbox 2072 3632 3662 3706">
    <p class='ocr_par' dir='ltr' id='par_1_95' title="bbox 2072 3632 3662 3706">
     <span class='ocr_line' id='line_1_95' title="bbox 2072 3632 3662 3706; baseline -0.001 -17"><span class='ocrx_word' id='word_1_725' title='bbox 2072 3652 2250 3706; x_wconf 89' lang='lat' dir='ltr'><strong>quam,</strong></span> <span class='ocrx_word' id='word_1_726' title='bbox 2280 3634 2391 3703; x_wconf 91' lang='lat' dir='ltr'><strong>ipse</strong></span> <span class='ocrx_word' id='word_1_727' title='bbox 2431 3633 2629 3701; x_wconf 86' lang='lat' dir='ltr'><strong>rejicis,</strong></span> <span class='ocrx_word' id='word_1_728' title='bbox 2678 3642 2834 3700; x_wconf 90' lang='lat' dir='ltr'><strong>atque</strong></span> <span class='ocrx_word' id='word_1_729' title='bbox 2865 3632 2979 3700; x_wconf 90' lang='lat' dir='ltr'><strong>ejus</strong></span> <span class='ocrx_word' id='word_1_730' title='bbox 3006 3646 3217 3686; x_wconf 88' lang='lat' dir='ltr'><strong>crucem</strong></span> <span class='ocrx_word' id='word_1_731' title='bbox 3242 3632 3485 3687; x_wconf 90' lang='lat' dir='ltr'><strong>dicteriis</strong></span> <span class='ocrx_word' id='word_1_732' title='bbox 3517 3633 3662 3688; x_wconf 77' lang='lat' dir='ltr'><strong>inse-</strong></span> 
     </span>
    </p>
   </div>
   <div class='ocr_carea' id='block_1_96' title="bbox 2072 3722 3666 3793">
    <p class='ocr_par' dir='ltr' id='par_1_96' title="bbox 2072 3722 3666 3793">
     <span class='ocr_line' id='line_1_96' title="bbox 2072 3722 3666 3793; baseline 0 -15"><span class='ocrx_word' id='word_1_733' title='bbox 2072 3725 2253 3787; x_wconf 90' lang='lat' dir='ltr'><strong>ctaris,</strong></span> <span class='ocrx_word' id='word_1_734' title='bbox 2290 3733 2535 3793; x_wconf 91' lang='lat' dir='ltr'><strong>totusque</strong></span> <span class='ocrx_word' id='word_1_735' title='bbox 2564 3722 2805 3789; x_wconf 86' lang='lat' dir='ltr'><strong>corporis</strong></span> <span class='ocrx_word' id='word_1_736' title='bbox 2828 3722 3061 3791; x_wconf 79' lang='lat' dir='ltr'><strong>deliciis,</strong></span> <span class='ocrx_word' id='word_1_737' title='bbox 3097 3738 3160 3776; x_wconf 90' lang='lat' dir='ltr'><strong>ac</strong></span> <span class='ocrx_word' id='word_1_738' title='bbox 3187 3723 3502 3791; x_wconf 88' lang='lat' dir='ltr'><strong>perniciosis</strong></span> <span class='ocrx_word' id='word_1_739' title='bbox 3534 3724 3666 3778; x_wconf 75' lang='lat' dir='ltr'><strong>affe-</strong></span> 
     </span>
    </p>
   </div>
   <div class='ocr_carea' id='block_1_97' title="bbox 2075 3813 3667 3885">
    <p class='ocr_par' dir='ltr' id='par_1_97' title="bbox 2075 3813 3667 3885">
     <span class='ocr_line' id='line_1_97' title="bbox 2075 3813 3667 3885; baseline -0.003 -12"><span class='ocrx_word' id='word_1_740' title='bbox 2075 3820 2247 3875; x_wconf 79' lang='lat' dir='ltr'><strong>CllbllS</strong></span> <span class='ocrx_word' id='word_1_741' title='bbox 2278 3816 2492 3881; x_wconf 79' lang='lat' dir='ltr'><strong>affixus,</strong></span> <span class='ocrx_word' id='word_1_742' title='bbox 2527 3815 2881 3885; x_wconf 89' lang='lat' dir='ltr'><strong>ignominiosa</strong></span> <span class='ocrx_word' id='word_1_743' title='bbox 2922 3829 2985 3869; x_wconf 90' lang='lat' dir='ltr'><strong>ac</strong></span> <span class='ocrx_word' id='word_1_744' title='bbox 3032 3813 3375 3883; x_wconf 90' lang='lat' dir='ltr'><strong>turpitudinis</strong></span> <span class='ocrx_word' id='word_1_745' title='bbox 3405 3815 3559 3884; x_wconf 90' lang='lat' dir='ltr'><strong>plena</strong></span> <span class='ocrx_word' id='word_1_746' title='bbox 3593 3819 3667 3869; x_wconf 90' lang='lat' dir='ltr'><strong>si-</strong></span> 
     </span>
    </p>
   </div>
   <div class='ocr_carea' id='block_1_98' title="bbox 2077 3904 3668 3975">
    <p class='ocr_par' dir='ltr' id='par_1_98' title="bbox 2077 3904 3668 3975">
     <span class='ocr_line' id='line_1_98' title="bbox 2077 3904 3668 3975; baseline -0.003 -12"><span class='ocrx_word' id='word_1_747' title='bbox 2077 3911 2313 3965; x_wconf 87' lang='lat' dir='ltr'><strong>mulacra</strong></span> <span class='ocrx_word' id='word_1_748' title='bbox 2345 3907 2475 3961; x_wconf 90' lang='lat' dir='ltr'><strong>deos</strong></span> <span class='ocrx_word' id='word_1_749' title='bbox 2503 3908 2761 3975; x_wconf 66' lang='lat' dir='ltr'><strong>appellas.</strong></span> <span class='ocrx_word' id='word_1_750' title='bbox 2806 3906 2913 3959; x_wconf 86' lang='lat' dir='ltr'><strong>Nec</strong></span> <span class='ocrx_word' id='word_1_751' title='bbox 2961 3906 3186 3973; x_wconf 91' lang='lat' dir='ltr'><strong>teipsum</strong></span> <span class='ocrx_word' id='word_1_752' title='bbox 3214 3904 3470 3958; x_wconf 82' lang='lat' dir='ltr'><strong>duntaxat</strong></span> <span class='ocrx_word' id='word_1_753' title='bbox 3497 3919 3526 3957; x_wconf 90' lang='lat' dir='ltr'><strong>a</strong></span> <span class='ocrx_word' id='word_1_754' title='bbox 3556 3920 3668 3959; x_wconf 80' lang='lat' dir='ltr'><strong>cm-</strong></span> 
     </span>
    </p>
   </div>
   <div class='ocr_carea' id='block_1_99' title="bbox 2076 3995 3664 4064">
    <p class='ocr_par' dir='ltr' id='par_1_99' title="bbox 2076 3995 3664 4064">
     <span class='ocr_line' id='line_1_99' title="bbox 2076 3995 3664 4064; baseline -0.001 -11"><span class='ocrx_word' id='word_1_755' title='bbox 2076 4001 2287 4055; x_wconf 90' lang='lat' dir='ltr'><strong>lestium</strong></span> <span class='ocrx_word' id='word_1_756' title='bbox 2342 4000 2604 4053; x_wconf 88' lang='lat' dir='ltr'><strong>bonorum</strong></span> <span class='ocrx_word' id='word_1_757' title='bbox 2661 3995 3040 4064; x_wconf 85' lang='lat' dir='ltr'><strong>conjunctione</strong></span> <span class='ocrx_word' id='word_1_758' title='bbox 3088 3995 3428 4059; x_wconf 81' lang='lat' dir='ltr'><strong>abstraxisti;</strong></span> <span class='ocrx_word' id='word_1_759' title='bbox 3481 4010 3664 4051; x_wconf 87' lang='lat' dir='ltr'><strong>verum</strong></span> 
     </span>
    </p>
   </div>
   <div class='ocr_carea' id='block_1_100' title="bbox 2077 4087 3666 4158">
    <p class='ocr_par' dir='ltr' id='par_1_100' title="bbox 2077 4087 3666 4158">
     <span class='ocr_line' id='line_1_100' title="bbox 2077 4087 3666 4158; baseline -0.003 -12"><span class='ocrx_word' id='word_1_760' title='bbox 2077 4091 2236 4146; x_wconf 89' lang='lat' dir='ltr'><strong>etiam</strong></span> <span class='ocrx_word' id='word_1_761' title='bbox 2269 4104 2478 4153; x_wconf 91' lang='lat' dir='ltr'><strong>omnes,</strong></span> <span class='ocrx_word' id='word_1_762' title='bbox 2532 4088 2623 4158; x_wconf 92' lang='lat' dir='ltr'><strong>qui</strong></span> <span class='ocrx_word' id='word_1_763' title='bbox 2659 4089 2761 4142; x_wconf 92' lang='lat' dir='ltr'><strong>tuis</strong></span> <span class='ocrx_word' id='word_1_764' title='bbox 2793 4087 3033 4156; x_wconf 90' lang='lat' dir='ltr'><strong>imperiis</strong></span> <span class='ocrx_word' id='word_1_765' title='bbox 3066 4087 3458 4155; x_wconf 87' lang='lat' dir='ltr'><strong>obtemperant,</strong></span> <span class='ocrx_word' id='word_1_766' title='bbox 3508 4088 3576 4141; x_wconf 87' lang='lat' dir='ltr'><strong>ab</strong></span> <span class='ocrx_word' id='word_1_767' title='bbox 3602 4102 3666 4142; x_wconf 87' lang='lat' dir='ltr'><strong>ea</strong></span> 
     </span>
    </p>
   </div>
   <div class='ocr_carea' id='block_1_101' title="bbox 2077 4177 3662 4250">
    <p class='ocr_par' dir='ltr' id='par_1_101' title="bbox 2077 4177 3662 4250">
     <span class='ocr_line' id='line_1_101' title="bbox 2077 4177 3662 4250; baseline -0.007 -11"><span class='ocrx_word' id='word_1_768' title='bbox 2077 4197 2340 4246; x_wconf 89' lang='lat' dir='ltr'><strong>removes,</strong></span> <span class='ocrx_word' id='word_1_769' title='bbox 2373 4191 2533 4250; x_wconf 89' lang='lat' dir='ltr'><strong>atque</strong></span> <span class='ocrx_word' id='word_1_770' title='bbox 2576 4181 2628 4234; x_wconf 84' lang='lat' dir='ltr'><strong>in</strong></span> <span class='ocrx_word' id='word_1_771' title='bbox 2680 4182 2871 4233; x_wconf 68' lang='lat' dir='ltr'><strong>anima:</strong></span> <span class='ocrx_word' id='word_1_772' title='bbox 2901 4178 3198 4249; x_wconf 89' lang='lat' dir='ltr'><strong>periculuut</strong></span> <span class='ocrx_word' id='word_1_773' title='bbox 3231 4177 3478 4243; x_wconf 88' lang='lat' dir='ltr'><strong>conjicis.</strong></span> <span class='ocrx_word' id='word_1_774' title='bbox 3510 4177 3662 4244; x_wconf 85' lang='lat' dir='ltr'><strong>Qun-</strong></span> 
     </span>
    </p>
   </div>
   <div class='ocr_carea' id='block_1_102' title="bbox 2077 4267 3668 4327">
    <p class='ocr_par' dir='ltr' id='par_1_102' title="bbox 2077 4267 3668 4327">
     <span class='ocr_line' id='line_1_102' title="bbox 2077 4267 3668 4327; baseline -0.004 0"><span class='ocrx_word' id='word_1_775' title='bbox 2077 4273 2221 4327; x_wconf 87' lang='lat' dir='ltr'><strong>eirca</strong></span> <span class='ocrx_word' id='word_1_776' title='bbox 2251 4271 2411 4326; x_wconf 90' lang='lat' dir='ltr'><strong>velim</strong></span> <span class='ocrx_word' id='word_1_777' title='bbox 2443 4284 2633 4324; x_wconf 81' lang='lat' dir='ltr'><strong>noscas</strong></span> <span class='ocrx_word' id='word_1_778' title='bbox 2662 4285 2746 4323; x_wconf 88' lang='lat' dir='ltr'><strong>me</strong></span> <span class='ocrx_word' id='word_1_779' title='bbox 2790 4270 3009 4323; x_wconf 92' lang='lat' dir='ltr'><strong>minime</strong></span> <span class='ocrx_word' id='word_1_780' title='bbox 3038 4267 3450 4323; x_wconf 88' lang='lat' dir='ltr'><strong>commissurum</strong></span> <span class='ocrx_word' id='word_1_781' title='bbox 3483 4276 3540 4322; x_wconf 92' lang='lat' dir='ltr'><strong>ut</strong></span> <span class='ocrx_word' id='word_1_782' title='bbox 3572 4267 3668 4322; x_wconf 88' lang='lat' dir='ltr'><strong>tibi</strong></span> 
     </span>
    </p>
   </div>
   <div class='ocr_carea' id='block_1_103' title="bbox 2078 4356 3667 4434">
    <p class='ocr_par' dir='ltr' id='par_1_103' title="bbox 2078 4356 3667 4434">
     <span class='ocr_line' id='line_1_103' title="bbox 2078 4356 3667 4434; baseline -0.004 -16"><span class='ocrx_word' id='word_1_783' title='bbox 2078 4378 2335 4434; x_wconf 91' lang='lat' dir='ltr'><strong>paream,</strong></span> <span class='ocrx_word' id='word_1_784' title='bbox 2386 4360 2438 4415; x_wconf 90' lang='lat' dir='ltr'><strong>in</strong></span> <span class='ocrx_word' id='word_1_785' title='bbox 2489 4360 2783 4427; x_wconf 88' lang='lat' dir='ltr'><strong>eademque</strong></span> <span class='ocrx_word' id='word_1_786' title='bbox 2834 4370 3003 4413; x_wconf 81' lang='lat' dir='ltr'><strong>tecum</strong></span> <span class='ocrx_word' id='word_1_787' title='bbox 3059 4372 3184 4425; x_wconf 87' lang='lat' dir='ltr'><strong>erga</strong></span> <span class='ocrx_word' id='word_1_788' title='bbox 3233 4356 3400 4411; x_wconf 89' lang='lat' dir='ltr'><strong>Deum</strong></span> <span class='ocrx_word' id='word_1_789' title='bbox 3444 4356 3667 4426; x_wconf 87' lang='lat' dir='ltr'><strong>ingrati-</strong></span> 
     </span>
    </p>
   </div>
   <div class='ocr_carea' id='block_1_104' title="bbox 2082 4446 3666 4519">
    <p class='ocr_par' dir='ltr' id='par_1_104' title="bbox 2082 4446 3666 4519">
     <span class='ocr_line' id='line_1_104' title="bbox 2082 4446 3666 4519; baseline -0.004 -12"><span class='ocrx_word' id='word_1_790' title='bbox 2082 4453 2263 4507; x_wconf 89' lang='lat' dir='ltr'><strong>tudiue</strong></span> <span class='ocrx_word' id='word_1_791' title='bbox 2308 4464 2523 4515; x_wconf 86' lang='lat' dir='ltr'><strong>verser,</strong></span> <span class='ocrx_word' id='word_1_792' title='bbox 2557 4460 2721 4519; x_wconf 82' lang='lat' dir='ltr'><strong>atque</strong></span> <span class='ocrx_word' id='word_1_793' title='bbox 2768 4464 2887 4503; x_wconf 90' lang='lat' dir='ltr'><strong>eum</strong></span> <span class='ocrx_word' id='word_1_794' title='bbox 2919 4447 3007 4517; x_wconf 88' lang='lat' dir='ltr'><strong>qui</strong></span> <span class='ocrx_word' id='word_1_795' title='bbox 3039 4448 3295 4515; x_wconf 66' lang='lat' dir='ltr'><strong>praeclare</strong></span> <span class='ocrx_word' id='word_1_796' title='bbox 3322 4446 3392 4500; x_wconf 89' lang='lat' dir='ltr'><strong>tle</strong></span> <span class='ocrx_word' id='word_1_797' title='bbox 3430 4461 3518 4500; x_wconf 86' lang='lat' dir='ltr'><strong>me</strong></span> <span class='ocrx_word' id='word_1_798' title='bbox 3548 4462 3666 4500; x_wconf 87' lang='lat' dir='ltr'><strong>tue-</strong></span> 
     </span>
    </p>
   </div>
   <div class='ocr_carea' id='block_1_105' title="bbox 2082 4521 3666 4610">
    <p class='ocr_par' dir='ltr' id='par_1_105' title="bbox 2082 4521 3666 4610">
     <span class='ocr_line' id='line_1_105' title="bbox 2082 4521 3666 4610; baseline -0.005 -11"><span class='ocrx_word' id='word_1_799' title='bbox 2082 4545 2215 4599; x_wconf 88' lang='lat' dir='ltr'><strong>ritus</strong></span> <span class='ocrx_word' id='word_1_800' title='bbox 2260 4521 2361 4606; x_wconf 79' lang='lat' dir='ltr'><strong>est,</strong></span> <span class='ocrx_word' id='word_1_801' title='bbox 2397 4542 2632 4610; x_wconf 89' lang='lat' dir='ltr'><strong>mihique</strong></span> <span class='ocrx_word' id='word_1_802' title='bbox 2661 4543 2888 4594; x_wconf 88' lang='lat' dir='ltr'><strong>salutem</strong></span> <span class='ocrx_word' id='word_1_803' title='bbox 2933 4538 3127 4601; x_wconf 86' lang='lat' dir='ltr'><strong>attulit,</strong></span> <span class='ocrx_word' id='word_1_804' title='bbox 3158 4536 3422 4605; x_wconf 86' lang='lat' dir='ltr'><strong>abjurem,</strong></span> <span class='ocrx_word' id='word_1_805' title='bbox 3454 4535 3666 4591; x_wconf 84' lang='lat' dir='ltr'><strong>etiamsi</strong></span> 
     </span>
    </p>
   </div>
   <div class='ocr_carea' id='block_1_106' title="bbox 2085 4625 3671 4695">
    <p class='ocr_par' dir='ltr' id='par_1_106' title="bbox 2085 4625 3671 4695">
     <span class='ocr_line' id='line_1_106' title="bbox 2085 4625 3671 4695; baseline -0.004 -8"><span class='ocrx_word' id='word_1_806' title='bbox 2085 4635 2213 4688; x_wconf 84' lang='lat' dir='ltr'><strong>feris</strong></span> <span class='ocrx_word' id='word_1_807' title='bbox 2252 4650 2338 4687; x_wconf 91' lang='lat' dir='ltr'><strong>me</strong></span> <span class='ocrx_word' id='word_1_808' title='bbox 2382 4631 2724 4687; x_wconf 88' lang='lat' dir='ltr'><strong>lacerandum</strong></span> <span class='ocrx_word' id='word_1_809' title='bbox 2756 4640 2808 4684; x_wconf 89' lang='lat' dir='ltr'><strong>et</strong></span> <span class='ocrx_word' id='word_1_810' title='bbox 2838 4628 3225 4684; x_wconf 91' lang='lat' dir='ltr'><strong>absumendutn</strong></span> <span class='ocrx_word' id='word_1_811' title='bbox 3277 4625 3530 4695; x_wconf 86' lang='lat' dir='ltr'><strong>objicias,</strong></span> <span class='ocrx_word' id='word_1_812' title='bbox 3578 4635 3671 4681; x_wconf 63' lang='lat' dir='ltr'><strong>aut</strong></span> 
     </span>
    </p>
   </div>
   <div class='ocr_carea' id='block_1_107' title="bbox 2082 4716 3671 4796">
    <p class='ocr_par' dir='ltr' id='par_1_107' title="bbox 2082 4716 3671 4796">
     <span class='ocr_line' id='line_1_107' title="bbox 2082 4716 3671 4796; baseline -0.007 -16"><span class='ocrx_word' id='word_1_813' title='bbox 2082 4726 2274 4796; x_wconf 86' lang='lat' dir='ltr'><strong>gladio,</strong></span> <span class='ocrx_word' id='word_1_814' title='bbox 2303 4732 2396 4778; x_wconf 86' lang='lat' dir='ltr'><strong>aut</strong></span> <span class='ocrx_word' id='word_1_815' title='bbox 2433 4724 2541 4792; x_wconf 88' lang='lat' dir='ltr'><strong>igni</strong></span> <span class='ocrx_word' id='word_1_816' title='bbox 2572 4737 2657 4777; x_wconf 92' lang='lat' dir='ltr'><strong>me</strong></span> <span class='ocrx_word' id='word_1_817' title='bbox 2683 4721 2929 4782; x_wconf 87' lang='lat' dir='ltr'><strong>addieas,</strong></span> <span class='ocrx_word' id='word_1_818' title='bbox 2958 4734 3078 4789; x_wconf 71' lang='lat' dir='ltr'><strong>qua:</strong></span> <span class='ocrx_word' id='word_1_819' title='bbox 3125 4716 3342 4788; x_wconf 86' lang='lat' dir='ltr'><strong>quidem</strong></span> <span class='ocrx_word' id='word_1_820' title='bbox 3372 4716 3422 4768; x_wconf 93' lang='lat' dir='ltr'><strong>in</strong></span> <span class='ocrx_word' id='word_1_821' title='bbox 3453 4724 3541 4768; x_wconf 90' lang='lat' dir='ltr'><strong>tua</strong></span> <span class='ocrx_word' id='word_1_822' title='bbox 3574 4730 3671 4783; x_wconf 79' lang='lat' dir='ltr'><strong>po-</strong></span> 
     </span>
    </p>
   </div>
   <div class='ocr_carea' id='block_1_108' title="bbox 2090 4806 3672 4883">
    <p class='ocr_par' dir='ltr' id='par_1_108' title="bbox 2090 4806 3672 4883">
     <span class='ocr_line' id='line_1_108' title="bbox 2090 4806 3672 4883; baseline -0.009 -11"><span class='ocrx_word' id='word_1_823' title='bbox 2090 4825 2280 4872; x_wconf 83' lang='lat' dir='ltr'><strong>testate</strong></span> <span class='ocrx_word' id='word_1_824' title='bbox 2325 4815 2426 4869; x_wconf 89' lang='lat' dir='ltr'><strong>sita</strong></span> <span class='ocrx_word' id='word_1_825' title='bbox 2457 4821 2602 4868; x_wconf 90' lang='lat' dir='ltr'><strong>sunt.</strong></span> <span class='ocrx_word' id='word_1_826' title='bbox 2637 4814 2818 4883; x_wconf 85' lang='lat' dir='ltr'><strong>Neque</strong></span> <span class='ocrx_word' id='word_1_827' title='bbox 2858 4813 2999 4866; x_wconf 89' lang='lat' dir='ltr'><strong>enim</strong></span> <span class='ocrx_word' id='word_1_828' title='bbox 3032 4819 3254 4864; x_wconf 90' lang='lat' dir='ltr'><strong>mortem</strong></span> <span class='ocrx_word' id='word_1_829' title='bbox 3307 4806 3630 4860; x_wconf 86' lang='lat' dir='ltr'><strong>exstimesco</strong></span> <span class='ocrx_word' id='word_1_830' title='bbox 3652 4845 3672 4871; x_wconf 91' lang='lat'><strong>,</strong></span> 
     </span>
    </p>
   </div>
   <div class='ocr_carea' id='block_1_109' title="bbox 2083 4893 3671 4975">
    <p class='ocr_par' dir='ltr' id='par_1_109' title="bbox 2083 4893 3671 4975">
     <span class='ocr_line' id='line_1_109' title="bbox 2083 4893 3671 4975; baseline -0.008 -13"><span class='ocrx_word' id='word_1_831' title='bbox 2083 4921 2184 4962; x_wconf 83' lang='lat' dir='ltr'><strong>nec</strong></span> <span class='ocrx_word' id='word_1_832' title='bbox 2212 4904 2490 4975; x_wconf 64' lang='lat' dir='ltr'><strong>praesentia</strong></span> <span class='ocrx_word' id='word_1_833' title='bbox 2514 4912 2729 4973; x_wconf 87' lang='lat' dir='ltr'><strong>expeto,</strong></span> <span class='ocrx_word' id='word_1_834' title='bbox 2756 4901 2952 4971; x_wconf 86' lang='lat' dir='ltr'><strong>quippe</strong></span> <span class='ocrx_word' id='word_1_835' title='bbox 2976 4914 3096 4969; x_wconf 76' lang='lat' dir='ltr'><strong>qnze</strong></span> <span class='ocrx_word' id='word_1_836' title='bbox 3121 4908 3373 4965; x_wconf 85' lang='lat' dir='ltr'><strong>perquam</strong></span> <span class='ocrx_word' id='word_1_837' title='bbox 3401 4893 3671 4950; x_wconf 88' lang='lat' dir='ltr'><strong>imbecilla</strong></span> 
     </span>
    </p>
   </div>
   <div class='ocr_carea' id='block_1_110' title="bbox 2082 4983 3674 5061">
    <p class='ocr_par' dir='ltr' id='par_1_110' title="bbox 2082 4983 3674 5061">
     <span class='ocr_line' id='line_1_110' title="bbox 2082 4983 3674 5061; baseline -0.008 -10"><span class='ocrx_word' id='word_1_838' title='bbox 2082 5007 2135 5052; x_wconf 91' lang='lat' dir='ltr'><strong>et</strong></span> <span class='ocrx_word' id='word_1_839' title='bbox 2162 5009 2296 5050; x_wconf 87' lang='lat' dir='ltr'><strong>vana</strong></span> <span class='ocrx_word' id='word_1_840' title='bbox 2327 5008 2448 5049; x_wconf 89' lang='lat' dir='ltr'><strong>esse</strong></span> <span class='ocrx_word' id='word_1_841' title='bbox 2472 5001 2805 5061; x_wconf 88' lang='lat' dir='ltr'><strong>compertum</strong></span> <span class='ocrx_word' id='word_1_842' title='bbox 2840 4990 3083 5044; x_wconf 87' lang='lat' dir='ltr'><strong>habeam.</strong></span> <span class='ocrx_word' id='word_1_843' title='bbox 3115 4983 3257 5053; x_wconf 83' lang='lat' dir='ltr'><strong>Quid</strong></span> <span class='ocrx_word' id='word_1_844' title='bbox 3282 4984 3422 5038; x_wconf 82' lang='lat' dir='ltr'><strong>enim</strong></span> <span class='ocrx_word' id='word_1_845' title='bbox 3455 4986 3507 5038; x_wconf 91' lang='lat' dir='ltr'><strong>in</strong></span> <span class='ocrx_word' id='word_1_846' title='bbox 3540 4986 3674 5054; x_wconf 83' lang='lat' dir='ltr'><strong>ipsis</strong></span> 
     </span>
    </p>
   </div>
   <div class='ocr_carea' id='block_1_111' title="bbox 2081 5077 3676 5155">
    <p class='ocr_par' dir='ltr' id='par_1_111' title="bbox 2081 5077 3676 5155">
     <span class='ocr_line' id='line_1_111' title="bbox 2081 5077 3676 5155; baseline -0.007 -13"><span class='ocrx_word' id='word_1_847' title='bbox 2081 5087 2326 5142; x_wconf 88' lang='lat' dir='ltr'><strong>utilitatis</strong></span> <span class='ocrx_word' id='word_1_848' title='bbox 2372 5085 2488 5141; x_wconf 81' lang='lat' dir='ltr'><strong>est?</strong></span> <span class='ocrx_word' id='word_1_849' title='bbox 2517 5084 2642 5155; x_wconf 91' lang='lat' dir='ltr'><strong>quid</strong></span> <span class='ocrx_word' id='word_1_850' title='bbox 2684 5083 2823 5152; x_wconf 89' lang='lat' dir='ltr'><strong>quod</strong></span> <span class='ocrx_word' id='word_1_851' title='bbox 2874 5080 3067 5135; x_wconf 87' lang='lat' dir='ltr'><strong>stabile</strong></span> <span class='ocrx_word' id='word_1_852' title='bbox 3115 5082 3277 5135; x_wconf 85' lang='lat' dir='ltr'><strong>sitae</strong></span> <span class='ocrx_word' id='word_1_853' title='bbox 3318 5077 3676 5133; x_wconf 86' lang='lat' dir='ltr'><strong>diuturnum?</strong></span> 
     </span>
    </p>
   </div>
   <div class='ocr_carea' id='block_1_112' title="bbox 2086 5171 3678 5251">
    <p class='ocr_par' dir='ltr' id='par_1_112' title="bbox 2086 5171 3678 5251">
     <span class='ocr_line' id='line_1_112' title="bbox 2086 5171 3678 5251; baseline -0.007 -17"><span class='ocrx_word' id='word_1_854' title='bbox 2086 5180 2264 5251; x_wconf 81' lang='lat' dir='ltr'><strong>Neque</strong></span> <span class='ocrx_word' id='word_1_855' title='bbox 2297 5179 2348 5233; x_wconf 92' lang='lat' dir='ltr'><strong>id</strong></span> <span class='ocrx_word' id='word_1_856' title='bbox 2379 5178 2575 5241; x_wconf 89' lang='lat' dir='ltr'><strong>solum,</strong></span> <span class='ocrx_word' id='word_1_857' title='bbox 2609 5190 2793 5230; x_wconf 88' lang='lat' dir='ltr'><strong>verum</strong></span> <span class='ocrx_word' id='word_1_858' title='bbox 2828 5174 3013 5239; x_wconf 87' lang='lat' dir='ltr'><strong>etiam,</strong></span> <span class='ocrx_word' id='word_1_859' title='bbox 3047 5182 3158 5227; x_wconf 93' lang='lat' dir='ltr'><strong>tum</strong></span> <span class='ocrx_word' id='word_1_860' title='bbox 3189 5189 3401 5243; x_wconf 86' lang='lat' dir='ltr'><strong>quoque</strong></span> <span class='ocrx_word' id='word_1_861' title='bbox 3428 5185 3549 5227; x_wconf 91' lang='lat' dir='ltr'><strong>cum</strong></span> <span class='ocrx_word' id='word_1_862' title='bbox 3578 5171 3678 5224; x_wconf 89' lang='lat' dir='ltr'><strong>ad-</strong></span> 
     </span>
    </p>
   </div>
   <div class='ocr_carea' id='block_1_113' title="bbox 2080 5267 3675 5340">
    <p class='ocr_par' dir='ltr' id='par_1_113' title="bbox 2080 5267 3675 5340">
     <span class='ocr_line' id='line_1_113' title="bbox 2080 5267 3675 5340; baseline -0.005 -13"><span class='ocrx_word' id='word_1_863' title='bbox 2080 5282 2226 5337; x_wconf 91' lang='lat' dir='ltr'><strong>sunt,</strong></span> <span class='ocrx_word' id='word_1_864' title='bbox 2274 5272 2460 5340; x_wconf 89' lang='lat' dir='ltr'><strong>ingens</strong></span> <span class='ocrx_word' id='word_1_865' title='bbox 2483 5272 2611 5338; x_wconf 90' lang='lat' dir='ltr'><strong>ipsis</strong></span> <span class='ocrx_word' id='word_1_866' title='bbox 2636 5283 2873 5322; x_wconf 73' lang='lat' dir='ltr'><strong>rerumua</strong></span> <span class='ocrx_word' id='word_1_867' title='bbox 2896 5267 3180 5335; x_wconf 88' lang='lat' dir='ltr'><strong>conjuncta</strong></span> <span class='ocrx_word' id='word_1_868' title='bbox 3203 5278 3303 5332; x_wconf 82' lang='lat' dir='ltr'><strong>est,</strong></span> <span class='ocrx_word' id='word_1_869' title='bbox 3336 5267 3521 5338; x_wconf 91' lang='lat' dir='ltr'><strong>ingens</strong></span> <span class='ocrx_word' id='word_1_870' title='bbox 3544 5279 3675 5319; x_wconf 73' lang='lat' dir='ltr'><strong>utm-</strong></span> 
     </span>
    </p>
   </div>
   <div class='ocr_carea' id='block_1_114' title="bbox 2084 5359 3672 5433">
    <p class='ocr_par' dir='ltr' id='par_1_114' title="bbox 2084 5359 3672 5433">
     <span class='ocr_line' id='line_1_114' title="bbox 2084 5359 3672 5433; baseline -0.007 -12"><span class='ocrx_word' id='word_1_871' title='bbox 2084 5382 2194 5427; x_wconf 88' lang='lat' dir='ltr'><strong>ror,</strong></span> <span class='ocrx_word' id='word_1_872' title='bbox 2227 5365 2413 5433; x_wconf 87' lang='lat' dir='ltr'><strong>ingens</strong></span> <span class='ocrx_word' id='word_1_873' title='bbox 2441 5369 2495 5414; x_wconf 84' lang='lat' dir='ltr'><strong>et</strong></span> <span class='ocrx_word' id='word_1_874' title='bbox 2520 5370 2773 5429; x_wconf 88' lang='lat' dir='ltr'><strong>perpetua</strong></span> <span class='ocrx_word' id='word_1_875' title='bbox 2822 5359 3149 5426; x_wconf 85' lang='lat' dir='ltr'><strong>sollicitudo,</strong></span> <span class='ocrx_word' id='word_1_876' title='bbox 3179 5359 3441 5429; x_wconf 87' lang='lat' dir='ltr'><strong>siquidem</strong></span> <span class='ocrx_word' id='word_1_877' title='bbox 3483 5372 3672 5411; x_wconf 89' lang='lat' dir='ltr'><strong>eorum</strong></span> 
     </span>
    </p>
   </div>
   <div class='ocr_carea' id='block_1_115' title="bbox 2086 5447 3664 5526">
    <p class='ocr_par' dir='ltr' id='par_1_115' title="bbox 2086 5447 3664 5526">
     <span class='ocr_line' id='line_1_115' title="bbox 2086 5447 3664 5526; baseline -0.007 -16"><span class='ocrx_word' id='word_1_878' title='bbox 2086 5455 2342 5526; x_wconf 87' lang='lat' dir='ltr'><strong>voluptati</strong></span> <span class='ocrx_word' id='word_1_879' title='bbox 2375 5468 2436 5506; x_wconf 91' lang='lat' dir='ltr'><strong>ac</strong></span> <span class='ocrx_word' id='word_1_880' title='bbox 2466 5450 2793 5520; x_wconf 88' lang='lat' dir='ltr'><strong>perceptioni</strong></span> <span class='ocrx_word' id='word_1_881' title='bbox 2827 5450 2957 5504; x_wconf 89' lang='lat' dir='ltr'><strong>nihil</strong></span> <span class='ocrx_word' id='word_1_882' title='bbox 2992 5467 3096 5504; x_wconf 88' lang='lat' dir='ltr'><strong>non</strong></span> <span class='ocrx_word' id='word_1_883' title='bbox 3128 5451 3398 5506; x_wconf 66' lang='lat' dir='ltr'><strong>maestitiae</strong></span> <span class='ocrx_word' id='word_1_884' title='bbox 3429 5463 3488 5501; x_wconf 91' lang='lat' dir='ltr'><strong>ac</strong></span> <span class='ocrx_word' id='word_1_885' title='bbox 3517 5447 3664 5500; x_wconf 85' lang='lat' dir='ltr'><strong>dolo-</strong></span> 
     </span>
    </p>
   </div>
   <div class='ocr_carea' id='block_1_116' title="bbox 2088 5543 3673 5613">
    <p class='ocr_par' dir='ltr' id='par_1_116' title="bbox 2088 5543 3673 5613">
     <span class='ocr_line' id='line_1_116' title="bbox 2088 5543 3673 5613; baseline -0.009 -10"><span class='ocrx_word' id='word_1_886' title='bbox 2088 5550 2162 5603; x_wconf 90' lang='lat' dir='ltr'><strong>ris</strong></span> <span class='ocrx_word' id='word_1_887' title='bbox 2188 5549 2453 5602; x_wconf 83' lang='lat' dir='ltr'><strong>adncxum</strong></span> <span class='ocrx_word' id='word_1_888' title='bbox 2485 5555 2567 5599; x_wconf 89' lang='lat' dir='ltr'><strong>est</strong></span> <span class='ocrx_word' id='word_1_889' title='bbox 2593 5562 2605 5595; x_wconf 92' lang='lat'>:</span> <span class='ocrx_word' id='word_1_890' title='bbox 2633 5543 2869 5613; x_wconf 88' lang='lat' dir='ltr'><strong>ipsorum</strong></span> <span class='ocrx_word' id='word_1_891' title='bbox 2900 5543 3123 5607; x_wconf 63' lang='lat' dir='ltr'><strong>divitiae,</strong></span> <span class='ocrx_word' id='word_1_892' title='bbox 3176 5550 3453 5613; x_wconf 77' lang='lat' dir='ltr'><strong>paupertas</strong></span> <span class='ocrx_word' id='word_1_893' title='bbox 3506 5547 3630 5592; x_wconf 88' lang='lat' dir='ltr'><strong>sunt</strong></span> <span class='ocrx_word' id='word_1_894' title='bbox 3656 5554 3673 5601; x_wconf 87' lang='lat'>;</span> 
     </span>
    </p>
   </div>
   <div class='ocr_carea' id='block_1_117' title="bbox 2089 5634 3676 5709">
    <p class='ocr_par' dir='ltr' id='par_1_117' title="bbox 2089 5634 3676 5709">
     <span class='ocr_line' id='line_1_117' title="bbox 2089 5634 3676 5709; baseline -0.009 -15"><span class='ocrx_word' id='word_1_895' title='bbox 2089 5642 2321 5709; x_wconf 78' lang='lat' dir='ltr'><strong>ipsorum</strong></span> <span class='ocrx_word' id='word_1_896' title='bbox 2352 5637 2673 5701; x_wconf 87' lang='lat' dir='ltr'><strong>sublimitas,</strong></span> <span class='ocrx_word' id='word_1_897' title='bbox 2720 5646 2965 5691; x_wconf 85' lang='lat' dir='ltr'><strong>extrema</strong></span> <span class='ocrx_word' id='word_1_898' title='bbox 3012 5636 3259 5707; x_wconf 74' lang='lat' dir='ltr'><strong>dejectio.</strong></span> <span class='ocrx_word' id='word_1_899' title='bbox 3294 5634 3547 5699; x_wconf 77' lang='lat' dir='ltr'><strong>Quisnam</strong></span> <span class='ocrx_word' id='word_1_900' title='bbox 3580 5643 3676 5681; x_wconf 80' lang='lat' dir='ltr'><strong>au-</strong></span> 
     </span>
    </p>
   </div>
   <div class='ocr_carea' id='block_1_118' title="bbox 2088 5719 3677 5796">
    <p class='ocr_par' dir='ltr' id='par_1_118' title="bbox 2088 5719 3677 5796">
     <span class='ocr_line' id='line_1_118' title="bbox 2088 5719 3677 5796; baseline -0.009 -11"><span class='ocrx_word' id='word_1_901' title='bbox 2088 5742 2190 5786; x_wconf 79' lang='lat' dir='ltr'><strong>tem</strong></span> <span class='ocrx_word' id='word_1_902' title='bbox 2224 5747 2405 5785; x_wconf 88' lang='lat' dir='ltr'><strong>eorum</strong></span> <span class='ocrx_word' id='word_1_903' title='bbox 2442 5729 2576 5784; x_wconf 87' lang='lat' dir='ltr'><strong>mala</strong></span> <span class='ocrx_word' id='word_1_904' title='bbox 2607 5729 2973 5785; x_wconf 85' lang='lat' dir='ltr'><strong>enumerando</strong></span> <span class='ocrx_word' id='word_1_905' title='bbox 3013 5744 3077 5783; x_wconf 91' lang='lat' dir='ltr'><strong>co</strong></span> <span class='ocrx_word' id='word_1_906' title='bbox 3118 5728 3268 5796; x_wconf 84' lang='lat' dir='ltr'><strong>sequi</strong></span> <span class='ocrx_word' id='word_1_907' title='bbox 3307 5720 3509 5792; x_wconf 68' lang='lat' dir='ltr'><strong>possit?</strong></span> <span class='ocrx_word' id='word_1_908' title='bbox 3541 5719 3677 5787; x_wconf 64' lang='lat' dir='ltr'><strong>Qua</strong></span> 
     </span>
    </p>
   </div>
  </div>
