4010 6220
408 270 502 326 491

1453 260 1539 318 DE
1581 260 1755 315 VITIS
1798 257 2081 317 PATRUM
2122 256 2329 312 LIBER
2365 253 2638 313 PRIMUS.

3584 258 3613 308 Δ
3626 258 3691 310 ’ἰέ

412 388 625 455 quidem
682 383 866 454 paucis
908 378 1086 437 verbis
1130 378 1408 447 theologus
1438 393 1590 433 meus
1620 377 1696 448 (9)
1730 377 1858 430 mihi
1904 376 1993 429 ἀε-
2025 376 2074 437 Α
2100 387 2253 429 mens
2281 387 2341 429 se
2360 372 2604 439 contulit,
2640 378 2696 426 ut
2718 369 3136 425 dementioribus
3160 369 3419 425 sacriﬁcia
3444 371 3685 440 offerret,

414 478 748 545 monstravit,
781 475 866 531 his
889 474 1064 530 verbis
1091 482 1286 527 utens:
1319 471 1486 525 Totus
1529 469 1757 523 mundus
1800 468 1852 522 in
1882 482 1993 520 ma-

416 577 558 644 ligno
603 571 806 641 positus
835 578 916 624 est
945 568 995 639 (f
1028 566 1183 621 Joan.
1217 583 1248 619 v
1278 574 1324 618 et
1354 564 1440 633 ιι).
1483 566 1560 616 Ac
1607 576 1817 615 rursum
1849 578 1861 613 :
1894 559 1995 613 No-

417 667 505 717 l.te
532 663 752 730 diligere
780 659 1058 721 mundum,
1091 670 1261 725 neque
1299 670 1360 709 ea
1393 668 1508 722 quae
1538 653 1591 705 in
1625 651 1822 705 mundo
1852 659 1994 704 sunt.

417 754 675 821 Quoniam
717 767 875 806 omne
903 749 1041 819 quod
1071 749 1122 801 iu
1152 745 1349 799 mundo
1374 754 1478 809 est,
1507 753 1597 797 aut
1625 752 1705 798 est
1747 742 1998 810 Concupi-

417 843 616 896 sectilia
645 842 845 907 carnis,
877 851 965 892 aut
985 835 1411 904 concupiscentia
1442 834 1737 897 oculorum,
1790 841 1880 885 aut
1907 847 2000 884 su-

400 934 597 1002 'j.erbia
649 932 792 985 vitte.
849 931 908 982 Et
938 928 1166 981 mundus
1214 924 1423 989 transit,
1468 932 1521 977 et
1568 921 1998 990 concupiscentia

416 1022 551 1091 ejus.
585 1021 683 1087 Qui
713 1029 889 1073 autem
912 1018 1039 1071 facit
1067 1017 1391 1070 voluntatem
1417 1013 1532 1077 Dei,
1566 1020 1744 1065 manet
1768 1012 1816 1064 in
1845 1021 2001 1065 aeter-

417 1127 563 1164 num.
619 1110 764 1163 llanc
810 1109 968 1176 igitur
997 1121 1097 1173 ego
1126 1106 1320 1158 bonam
1357 1103 1447 1157 Dei
1492 1104 1814 1156 voluntatem
1857 1118 2001 1171 qua:-

416 1214 565 1261 rens,
596 1199 773 1251 omnia
804 1212 900 1265 pro
927 1196 1181 1250 derelicto
1208 1194 1384 1256 habui,
1418 1207 1539 1245 cum
1572 1193 1741 1258 iisque
1768 1206 1852 1245 me
1874 1207 2002 1245 con-

412 1292 565 1363 jnnxi
596 1292 685 1361 qui
719 1291 902 1345 eadem
928 1289 1219 1357 cupiditate
1252 1295 1529 1350 tenentur,
1561 1294 1722 1353 atque
1752 1285 1997 1338 eumdem

415 1385 584 1438 Deum
609 1391 882 1449 expetunt.
914 1382 1061 1434 lnter
1084 1394 1216 1448 quos
1242 1394 1344 1430 non
1389 1377 1630 1430 simultas
1667 1385 1768 1441 est,
1800 1392 1901 1430 non
1931 1375 2002 1428 li-

413 1491 530 1541 vor,
562 1491 664 1527 non
699 1488 958 1527 mmrores
987 1482 1041 1525 et
1066 1488 1207 1525 cura:
1231 1488 1244 1536 ;
1274 1471 1365 1523 sed
1393 1486 1581 1525 omnes
1604 1471 1741 1524 idem
1763 1473 2000 1524 curricu-

416 1567 522 1619 lum
554 1568 772 1627 obeuut,
807 1574 863 1618 ut
909 1564 975 1616 ad
1006 1563 1359 1630 sempiternas
1405 1575 1495 1614 eas
1526 1563 1829 1615 mansiones
1877 1576 1998 1628 per-

414 1658 666 1719 veniant,
712 1669 842 1722 quas
893 1653 1153 1706 luminum
1188 1654 1342 1707 l'ater
1377 1653 1441 1706 iis
1485 1667 1514 1705 a
1545 1652 1737 1720 quibus
1791 1660 2001 1704 amatur

2096 464 2391 533 laudesque
2429 464 2494 518 ad
2543 462 2805 517 edendam
2855 461 2990 533 grati
3034 462 3197 516 animi
3246 460 3691 530 signiﬁcationem

2096 556 2425 624 persolveret
2473 572 2485 608 :
2530 557 2782 624 ignorans
2828 555 3078 609 nimirum
3130 554 3374 623 quisnam
3426 553 3690 609 bonorum

2097 649 2334 701 omnium
2364 661 2491 701 vere
2516 658 2704 701 auctor
2729 657 2892 712 esset,
2923 648 2988 700 ad
3018 662 3174 717 quem
3206 646 3487 713 Spirituale
3525 647 3688 703 sacri-

2100 739 2274 791 ficium
2308 738 2548 791 adhiberi
2572 738 2814 792 deberet.
2851 738 2945 791 llle
2979 739 3139 807 igitur
3168 738 3329 793 rebus
3356 737 3612 793 inanimis
3642 749 3695 793 et

2099 832 2279 886 surdis
2307 832 2400 886 ﬁlii
2430 841 2605 887 ortum
2644 842 2918 902 acceptum
2967 834 3168 898 ferens,
3217 847 3428 903 quaqua
3475 848 3692 887 versum

2108 928 2287 980 llliS~iS
2328 928 2526 981 nuntiis
2558 926 2767 995 plebem
2812 925 2877 980 ad
2923 925 3041 995 ejus
3086 925 3327 979 natalilia
3376 924 3694 979 celebranda

2105 1017 2399 1085 cogendam
2424 1017 2667 1071 curabat.
2694 1017 2769 1070 Ac
2790 1031 3010 1071 cernere
3031 1026 3145 1069 erat
3164 1031 3351 1070 omnes
3380 1016 3523 1085 regis
3552 1025 3695 1069 metu

2104 1107 2454 1169 conﬂuentes,
2488 1122 2777 1174 secumque
2804 1122 2863 1159 ea
2897 1121 3016 1175 quae
3038 1107 3103 1159 ad
3134 1104 3455 1159 sacriﬁcium
3480 1118 3695 1158 accom-

2102 1201 2314 1254 tnodata
2347 1210 2500 1253 erant
2529 1199 2841 1263 afferentes,
2871 1214 2966 1267 pro
2996 1200 3256 1266 cujusque
3282 1197 3489 1251 scilicet
3525 1196 3696 1250 facul-

2103 1298 2268 1343 tatqu
2302 1290 2538 1355 modulo,
2583 1300 2741 1359 atque
2785 1305 2912 1359 erga
2960 1304 3082 1343 eum
3129 1289 3520 1343 benevolentia.
3554 1286 3699 1342 Prak

2103 1382 2289 1433 sertim
2320 1389 2495 1434 autem
2528 1380 2643 1448 ipse
2669 1380 2910 1434 stimulos
2940 1381 3016 1434 eis
3042 1380 3109 1435 ad
3149 1379 3567 1433 muniﬁcentiam
3596 1378 3695 1434 ad-

2110 1474 2379 1539 movebat,
2432 1480 2491 1527 ut
2524 1475 2615 1541 qui
2644 1474 3062 1542 quamplurimas
3111 1483 3163 1527 et
3215 1475 3478 1527 maximos
3533 1473 3695 1527 boves

2112 1566 2422 1616 mactandos
2452 1564 2687 1617 offerret.
2718 1570 2889 1633 Atque
2915 1566 2980 1617 ad
3014 1570 3156 1617 hunc
3195 1564 3406 1618 modum
3452 1566 3695 1619 luculen-

2106 1653 2315 1706 tissimo
2345 1654 2481 1707 festo
2507 1666 2739 1721 peracto,
2775 1670 2983 1721 omnes,
3020 1668 3123 1708 tam
3148 1656 3236 1723 qui
3267 1657 3524 1709 senatorii
3548 1656 3695 1710 ordi-

415 1749 730 1817 prtrparavit
756 1745 897 1815 (Jac.
933 1762 947 1798 ι
974 1764 987 1811 ;
1023 1744 1053 1798 1
1079 1744 1198 1799 Cor.
1231 1746 1317 1815 tt).
1348 1744 1456 1799 llos
1487 1760 1581 1813 ego
1637 1760 1734 1814 pro
1773 1746 2006 1813 parenti-
2036 1737 2082 1794 B
2113 1746 2193 1797 nis
2223 1755 2376 1798 erant
2406 1748 2820 1815 magistratuque
2850 1747 3222 1815 fungebantur,
3251 1764 3407 1812 quain
3464 1748 3692 1801 milituut

414 1842 534 1905 bus,
568 1840 662 1892 hos
692 1854 784 1907 pro
808 1838 1078 1904 fratribus,
1106 1839 1202 1892 hos
1234 1853 1329 1907 pro
1356 1838 1543 1892 amicis
1567 1846 1620 1892 et
1649 1837 1999 1892 familiaribus

413 1930 603 1985 habeo.
631 1930 712 1982 Ab
743 1930 806 1982 iis
833 1941 1009 1983 autem
1038 1929 1127 1997 qtti
1155 1929 1421 1996 quondam
1470 1928 1626 1982 amici
1675 1929 1776 1983 mei
1810 1944 1870 1982 ac
1902 1930 2000 1982 fra-

410 2031 521 2075 tres
549 2032 701 2075 crant
748 2020 990 2091 elongavi
1040 2019 1267 2088 fugiens,
1317 2028 1373 2073 et
1402 2019 1575 2073 mansi
1620 2020 1671 2073 in
1712 2019 1998 2073 solitudine

408 2112 579 2185 (Paul.
616 2112 769 2182 Lxu),
804 2113 967 2166 Deum
1000 2124 1344 2180 exspectans,
1403 2113 1492 2182 qui
1523 2112 1727 2167 salvum
1760 2128 1846 2166 me
1873 2110 1998 2167 fecit

407 2220 436 2260 a
468 2205 897 2276 pusillanimitate
924 2205 1163 2273 spiritus,
1192 2214 1246 2259 et
1286 2212 1619 2273 tempestate.

479 2298 604 2352 Hac
631 2313 751 2351 cum
804 2298 871 2351 ita
903 2297 1181 2351 commode
1224 2312 1285 2351 ac
1308 2297 1546 2364 jucunde
1572 2312 1602 2351 a
1653 2296 1746 2350 Dci
1782 2296 1996 2350 homine

410 2388 547 2441 dicta
580 2395 779 2451 essent,
815 2402 907 2440 rex
953 2386 1227 2439 iracundia
1258 2389 1471 2453 quidem
1502 2386 1903 2454 impellebatur,
1933 2402 1995 2440 ac

410 2488 653 2531 sanctum
675 2478 846 2546 virum
866 2477 1075 2529 acerbis
1091 2477 1366 2542 suppliciis
1388 2478 1697 2531 excruciare
1714 2478 1992 2546 cupiebat;

407 2585 622 2623 rursum
649 2579 825 2624 autem
855 2583 912 2621 se
940 2568 1284 2637 reprimebat,
1326 2580 1484 2638 atque
1523 2569 1575 2623 id
1608 2571 1825 2639 aggredi
1857 2586 1993 2625 cun-

407 2661 673 2720 ctabatur,
704 2662 1062 2716 venerandam
1096 2661 1264 2729 ipsius
1295 2662 1603 2731 dignitatem
1635 2677 1698 2716 ac
1744 2663 1995 2730 splendo-

408 2767 522 2808 rem
567 2754 787 2807 veritus.
840 2752 1153 2807 Sermonem
1204 2768 1331 2807 vero
1383 2752 1694 2822 excipiens,
1742 2753 1825 2808 his
1870 2768 1991 2809 eum

406 2844 582 2899 verbis
612 2853 695 2897 est
723 2845 985 2899 allocutus
1013 2863 1026 2898 :

477 2933 740 3004 Undique,
787 2952 819 2989 o
848 2937 1032 3003 miser,
1064 2937 1228 2991 exitio
1260 2945 1350 2991 tuo
1398 2937 1669 3005 studuisti,
1699 2946 1758 2992 ut
1786 2939 1876 3008 qui
1926 2940 1991 2994 ad

406 3027 606 3094 ipsum,
641 3027 873 3091 fortuna,
907 3040 962 3081 ut
989 3028 1219 3094 videtur,
1254 3040 1304 3084 te
1330 3030 1656 3099 impellente,
1690 3040 1801 3086 tum
1842 3048 1991 3088 men-

2106 1853 2320 1890 manutn
2356 1850 2515 1905 atque
2543 1840 2700 1892 etiam
2756 1841 2990 1908 plebeios
3022 1848 3077 1894 et
3124 1840 3384 1910 ignobiles
3428 1842 3689 1911 amplissi-

2103 1931 2207 1983 mis
2234 1930 2392 1983 donis
2425 1932 2864 1999 prosequebatur.

2175 2019 2228 2072 ln
2255 2020 2370 2086 ipso
2402 2028 2579 2074 autem
2604 2021 2958 2075 natalitiorum
2992 2022 3083 2074 filii
3114 2022 3338 2077 solemni
3366 2022 3469 2087 die,
3494 2022 3688 2075 delecti

2104 2110 2202 2162 viri
2231 2111 2445 2165 circiter
2488 2112 2865 2182 quinquaginta
2895 2154 2911 2179 ,
2966 2114 3161 2183 qui.in
3209 2130 3271 2168 ea
3320 2114 3691 2168 Chaldzeorum

2104 2203 2382 2269 sapientia,
2410 2218 2525 2271 quae
2549 2205 2598 2256 in
2624 2203 3013 2272 conspicieudis
3041 2205 3393 2273 notandisque
3423 2204 3691 2260 sideribus

2106 2304 2371 2360 versatur,
2404 2296 2637 2349 studium
2686 2304 2848 2364 atque
2875 2310 3091 2363 operam
3122 2296 3481 2365 collocarent,
3513 2296 3579 2349 ad
3611 2312 3691 2350 reo

2098 2401 2217 2454 gem
2252 2398 2645 2441 convenerunt.
2675 2386 2821 2454 Quos
2850 2403 2970 2441 cum
3015 2403 3107 2442 rex
3151 2389 3368 2459 propius
3410 2389 3474 2442 ad
3514 2402 3574 2443 se
3604 2402 3691 2442 ac.

2100 2476 2291 2530 cedere
2318 2475 2590 2545 jussisset,
2620 2476 2688 2531 de
2716 2478 2937 2547 singulis
2967 2480 3410 2547 percuncrabatur
3434 2480 3689 2549 quidnam

2103 2583 2234 2633 puer
2258 2571 2312 2621 in
2343 2570 2516 2624 lucem
2559 2570 2734 2623 editus
2764 2570 2972 2625 futurus
3002 2581 3163 2626 esset.
3196 2571 3273 2624 llli
3313 2582 3489 2625 autem
3533 2572 3689 2642 longa

2098 2660 2532 2714 consideratione
2561 2659 2762 2727 habita,
2818 2661 3053 2715 futurum
3104 2661 3354 2716 dicebant
3404 2672 3459 2715 ut
3500 2663 3691 2730 apibus

2099 2766 2165 2803 ac
2194 2749 2429 2819 potentia
2470 2751 2706 2816 ﬂoreret,
2741 2760 2900 2819 atque
2942 2766 3130 2806 omnes
3172 2752 3260 2821 qui
3296 2767 3516 2821 regnum
3565 2763 3689 2807 ante

2098 2841 2269 2907 ipsum
2296 2842 2658 2894 obtinuissent
2684 2851 2982 2910 superaret.
3015 2841 3162 2896 Unus
3190 2857 3318 2896 vero
3349 2844 3648 2911 astrologus
3668 2886 3686 2911 ,

2098 2936 2186 3001 qui
2210 2934 2385 2987 socios
2414 2949 2601 2987 omnes
2627 2948 2752 2988 suos
2779 2934 3078 2989 eruditione
3102 2936 3364 3001 anteibat,
3392 2935 3475 2989 his
3509 2936 3687 2989 verbis

2099 3037 2225 3075 usus
2256 3030 2337 3076 est
2368 3039 2382 3075 :
2418 3022 2680 3088 Quantum
2710 3038 2776 3077 ex
2806 3024 3039 3077 siderum
3069 3038 3230 3078 cursu
3252 3024 3529 3080 addiscere
3558 3040 3688 3093 pos-

408 3126 515 3172 ωσι
542 3128 649 3173 tum
676 3120 906 3188 linguam
928 3122 1158 3184 acueris,
1180 3136 1243 3176 ac
1263 3122 1484 3192 proinde
1500 3122 1778 3177 obscuram
1801 3141 1987 3194 quam-
2018 3098 2064 3160 C
2096 3128 2235 3179 sum,
2265 3128 2297 3168 o
2323 3129 2417 3168 rex
2445 3158 2460 3175 .
2495 3114 2584 3168 lilii
2616 3116 2705 3182 qui
2740 3130 2882 3169 nunc
2914 3131 2977 3169 ex
3012 3125 3064 3169 te
3091 3124 3238 3170 ortus
3267 3126 3349 3171 est
3387 3116 3685 3185 amplitudo

406 3206 525 3260 dam
552 3214 710 3275 atque
738 3208 948 3261 inanem
992 3209 1277 3264 verborum
1310 3212 1539 3264 naniam
1588 3212 1865 3269 eﬂ'uderis.
1909 3215 1988 3270 Ac

405 3297 505 3353 nisi
533 3301 795 3353 sermonis
825 3301 1083 3367 principio
1113 3316 1198 3355 me
1222 3300 1314 3355 tibi
1350 3302 1609 3354 facturum
1638 3304 1983 3372 recepissem,

402 3394 520 3441 ute
550 3388 729 3441 medio
774 3390 1002 3443 concilio
1052 3389 1379 3444 iracundiam
1428 3390 1791 3459 depellerem,
1846 3409 1989 3449 nunc

402 3493 592 3532 carnes
647 3487 762 3533 tuas
791 3481 845 3534 in
874 3480 1051 3549 ignem
1098 3481 1468 3550 conjecissem.
1500 3482 1759 3548 Quoniam
1808 3494 1985 3538 autem

402 3569 517 3637 ipse
561 3578 923 3637 antevertens,
955 3571 1153 3640 tibique
1203 3586 1424 3635 cavens,
1476 3573 1774 3637 huiusmodi
1806 3573 1986 3628 verbis

399 3670 487 3712 me
531 3658 855 3725 obvinxisti,
888 3659 1160 3713 audaciam
1217 3671 1358 3714 tuam
1392 3663 1461 3714 ob
1492 3663 1764 3728 pristinam
1809 3678 1983 3716 meam

398 3762 526 3815 erga
562 3760 612 3803 ιε
656 3749 945 3803 amicitiam
988 3749 1124 3804 fero.
1157 3751 1513 3817 Quamobrem
1539 3766 1793 3821 exsurge,
1826 3763 1985 3823 atque

397 3841 467 3894 ab
494 3841 663 3895 oculis
696 3841 830 3895 meis
854 3841 1104 3911 profuge;
1131 3858 1236 3896 non
1265 3844 1371 3911 jam
1405 3853 1456 3898 te
1477 3843 1690 3911 videbo,
1722 3844 1814 3900 sed
1845 3847 1986 3900 male

399 3932 662 3987 tnactabo.

470 4021 545 4074 ita
572 4036 816 4089 egressus
844 4022 938 4076 Dei
964 4023 1122 4078 homo
1145 4023 1195 4077 in
1214 4025 1554 4087 solitudinem
1583 4027 1828 4093 secessit,
1851 4041 1987 4083 mm-

399 4127 524 4165 rure
554 4112 771 4179 quidem
820 4128 885 4167 eo
927 4116 1141 4169 nomine
1170 4115 1426 4181 affectus,
1480 4116 1620 4186 quod
1667 4122 1982 4187 martyrium

396 4200 621 4256 minime
650 4202 870 4256 obiisset
895 4245 910 4268 ,
960 4215 1210 4259 caiterum
1242 4208 1385 4261 nullo
1437 4224 1540 4262 non
1571 4210 1677 4275 die,
1722 4221 1979 4279 quantum

398 4293 463 4346 ad
495 4293 878 4348 conscientiam
903 4297 1111 4361 attinet,
1145 4302 1399 4368 martyrio
1429 4300 1675 4368 fungens,
1700 4311 1860 4370 atque
1888 4303 1985 4357 ad-

397 4401 587 4440 versus
614 4386 942 4455 principatus
973 4399 1025 4442 et
1057 4398 1369 4457 potestates,
1397 4390 1654 4444 adversus
1684 4393 1863 4445 mundi
1898 4410 1983 4447 re-

2094 3220 2254 3272 atque
2285 3211 2553 3272 prolectus
2584 3220 2688 3258 non
2719 3209 2771 3259 in
2801 3216 2891 3259 tuo
2918 3221 3081 3275 regno
3113 3208 3234 3273 erit,
3267 3206 3361 3261 sed
3412 3209 3466 3261 in
3515 3208 3685 3261 altero

2096 3293 2498 3359 prmsmntiore,
2530 3302 2686 3360 atque
2733 3293 3216 3362 incomparabiliter
3263 3296 3679 3353 excellentiore.

2095 3387 2268 3452 Atque
2293 3383 2465 3451 ipsum
2493 3383 2914 3438 Christianorum
2941 3401 3150 3454 quoque
3178 3387 3489 3454 religionem
3521 3402 3679 3456 quam

2094 3482 2150 3525 tu
2202 3474 2482 3527 insectaris
2510 3484 2846 3542 arrepturum
2878 3476 3146 3541 existimo,
3176 3493 3275 3533 nec
3306 3495 3428 3533 eum
3459 3481 3527 3534 ab
3581 3482 3683 3535 hoc

2094 3577 2259 3631 δεορο
2303 3579 2366 3617 ac
2393 3579 2489 3633 spe
2533 3566 2904 3620 aberraturum
2950 3578 3099 3633 puto.
3130 3568 3257 3623 “ch
3300 3570 3506 3625 scilicet
3550 3570 3682 3625 dixit

2092 3657 2411 3726 astrologus,
2446 3670 2501 3712 ut
2540 3642 2668 3713 olim
2713 3660 2925 3713 Balaam
2957 3659 3145 3731 (Num.
3177 3666 3366 3733 xxnt),
3401 3680 3508 3718 non
3540 3666 3681 3735 quod

2092 3748 2382 3817 astrologia
2413 3750 2637 3803 veritate
2669 3750 2885 3814 nitatur,
2919 3753 3011 3806 sed
3039 3754 3177 3822 quod
3210 3755 3352 3809 Deus
3409 3766 3464 3810 ut
3504 3757 3680 3812 omnis

2095 3838 2270 3907 impiis
2300 3842 2572 3893 excusatio
2619 3853 3006 3910 amputaretur,
3058 3855 3336 3901 veritatem
3388 3862 3678 3916 per'tpsos

2089 3929 2425 3983 adversarios
2454 3932 2778 3986 ostenderet.

2164 4020 2273 4074 Rex
2305 4032 2500 4087 autem,
2531 4031 2591 4076 ut
2640 4023 2754 4076 huic
2796 4025 3074 4091 intellexit,
3124 4026 3386 4097 ejusmodi
3430 4028 3674 4082 nuntium

2088 4113 2318 4180 graviter
2360 4127 2423 4164 ac
2463 4119 2630 4166 moles
2657 4130 2688 4165 ο
2740 4117 2919 4169 animo
2964 4132 3194 4183 except,
3233 4120 3677 4193 yoluptatemque

2093 4218 2245 4257 suam
2268 4204 2515 4259 maestitia
2544 4205 2855 4274 interrumpi
2881 4213 3067 4261 sensit.
3095 4209 3445 4264 Nihilominus
3471 4222 3673 4277 tamen,

2089 4295 2141 4346 in
2174 4296 2373 4361 privata
2403 4296 2629 4362 quadam
2662 4296 2902 4363 civitate,
2935 4300 3294 4363 pulcherrimo
3339 4302 3532 4369 palatio
3579 4316 3676 4353 ex-

2088 4398 2319 4450 SIructo,
2374 4388 2757 4456 Splendidaque
2801 4391 2960 4443 domo
3006 4393 3305 4459 elaborata,
3355 4393 3461 4446 illic
3505 4395 3669 4446 lilium

394 4485 570 4531 ctores
598 4476 936 4531 tenebrarum
965 4478 1121 4547 hujus
1168 4479 1372 4545 sazculi,
1398 4481 1657 4535 adversus
1685 4482 1977 4549 spiritualia
2009 4480 2064 4539 D
2091 4480 2396 4543 collocavit,
2427 4479 2691 4549 jussitque
2721 4491 2774 4533 ut
2800 4485 3000 4537 exactis
3045 4487 3229 4552 primis
3272 4486 3438 4539 aetatis
3486 4486 3665 4549 annis,

398 4571 671 4638 nequititc,
705 4580 760 4625 ut
791 4571 867 4625 ait
890 4572 1077 4626 beatus
1105 4572 1323 4635 Paulus,
1354 4571 1612 4627 dimicans
1635 4573 1853 4644 (Ep/tes.
1878 4574 1974 4646 vi).

392 4663 527 4715 Cum
558 4661 725 4731 igitur
750 4661 841 4716 ille
869 4662 1121 4731 abiisset,
1152 4678 1245 4718 rex
1273 4666 1519 4733 graviore
1544 4666 1818 4720 iracundia
1849 4682 1979 4721 con-

393 4756 620 4820 citatus,
672 4755 935 4810 acriorem
968 4756 1393 4824 persecutionem
1440 4757 1693 4811 adversus
1722 4758 1978 4812 monasti-

394 4862 515 4901 cum
546 4862 736 4917 agmen
782 4862 1066 4912 exercere,
1117 4847 1425 4915 majoreque
1465 4849 1669 4903 honore
1706 4849 1866 4920 247
1897 4850 1976 4903 si-

397 4944 755 4997 mulacrorum
803 4943 1038 4997 cultores
1065 4957 1128 4996 ac
1167 4942 1472 4997 sacerdotes
1517 4942 1728 4997 afﬁcere
1755 4938 1936 5012 cmpit.

468 5032 595 5086 Cap.
627 5033 709 5087 Ill.
740 5035 962 5089 -—Cum
992 5043 1167 5089 autem
1196 5050 1288 5089 rex
1339 5034 1390 5087 in
1441 5044 1545 5087 tam
1596 5036 1742 5103 gravi
1792 5050 1978 5089 errore

394 5132 552 5191 atque
583 5124 875 5192 impostura
899 5136 1227 5190 versaretur,
1252 5126 1485 5179 nascitur
1506 5126 1554 5178 ei
1579 5126 1976 5195 elegantissima

393 5214 565 5267 forma
589 5216 745 5281 ﬁlius,
781 5224 937 5285 atque
960 5236 1023 5273 ex
1057 5235 1117 5274 ea
1148 5219 1540 5289 pulchritudine
1566 5234 1687 5287 qua:
1717 5220 1817 5288 ipsi
1842 5219 1976 5274 ησυ-

392 5318 452 5358 sa
497 5315 613 5359 erat
642 5306 694 5359 id
739 5309 880 5376 quod
918 5310 1149 5364 futurmn
1180 5324 1296 5366 erat
1334 5313 1682 5382 praesignans.
1716 5314 1803 5368 Sic
1830 5316 1972 5368 enim

392 5410 645 5450 sermone
677 5396 943 5452 ferebatur
973 5401 1023 5454 in
1045 5400 1134 5455 illa
1166 5413 1302 5457 terra
1334 5419 1555 5472 puerum
1589 5405 1701 5472 pari
1746 5404 1978 5472 pulchri-

401 5486 587 5541 tudine
630 5501 691 5542 ac
722 5498 999 5545 venustate
1044 5507 1302 5562 nusquam
1333 5495 1621 5549 exstitisse.
1657 5495 1770 5549 Rex
1800 5504 1975 5549 autem

392 5574 463 5629 ob
494 5577 643 5644 pueri
671 5578 997 5637 nativitatem
1030 5584 1262 5637 maximo
1308 5585 1502 5652 gaudio
1534 5584 1803 5652 perfusus,
1854 5600 1975 5640 eum

388 5666 646 5732 Josapltat
666 5672 992 5739 nominavit;
1025 5686 1186 5741 atque
1216 5675 1283 5730 ad
1331 5676 1591 5730 idolorum
1640 5678 1832 5744 templa
1876 5677 1974 5732 de-

2090 4570 2249 4622 nnllis
2292 4569 2356 4622 ad
2407 4585 2527 4623 eum
2579 4585 2826 4624 accessus
2874 4583 3094 4639 pateret.
3137 4577 3304 4644 Atque
3350 4576 3670 4644 paedagogos

2089 4658 2189 4728 ipsi
2234 4669 2288 4713 et
2338 4661 2613 4713 ministros
2642 4672 2800 4715 attate
2846 4663 3100 4719 florentes
3147 4667 3441 4733 exiiniaque
3496 4666 3671 4719 forma

2088 4754 2341 4823 praeditos
2380 4755 2733 4819 constituens,
2778 4756 2878 4811 hoc
2919 4758 3048 4825 ipsis
3097 4760 3385 4825 mandavit,
3435 4768 3492 4811 ut
3541 4759 3672 4813 nihil

2086 4861 2273 4900 eorum
2304 4860 2423 4914 quae
2452 4846 2502 4899 in
2536 4846 2636 4901 hac
2666 4849 2773 4901 vita
2805 4849 3025 4904 molesta
3055 4861 3178 4904 sunt
3208 4861 3544 4919 perspectum
3571 4851 3674 4919 ipsi

2086 4936 2343 5001 facerent,
2373 4952 2475 4990 non
2503 4953 2605 4991 lllOt
2623 4948 2748 5007 tem,
2776 4955 2877 4993 non
2897 4952 3245 5010 senectutem,
3272 4961 3375 4995 ttott
3401 4943 3670 5009 morbum,

2087 5043 2191 5079 non
2245 5038 2640 5095 paupertatem,
2694 5047 2797 5085 non
2843 5032 3128 5100 quidquam
3178 5036 3320 5089 aliud
3367 5036 3666 5101 molestias;

2085 5117 2333 5187 quodque
2365 5120 2462 5186 ipsi
2493 5121 2902 5177 oblectationem
2932 5124 3271 5191 interpellare
3315 5136 3531 5191 posset;
3576 5141 3671 5180 ve-

2084 5227 2201 5264 rum
2232 5212 2408 5265 omnia
2435 5212 2667 5280 jucunda
2698 5224 2752 5270 et
2799 5232 2917 5270 cum
2966 5219 3114 5272 suavi
3162 5222 3335 5274 fructu
3382 5222 3669 5289 conjuncta

2086 5318 2466 5373 proponerent.
2501 5318 2555 5361 ut
2584 5309 2633 5362 in
2667 5310 2748 5362 his
2777 5310 2941 5377 ipsius
2982 5314 3193 5367 animus
3230 5330 3349 5367 cum
3396 5314 3671 5383 voluptate

2081 5409 2143 5448 ac
2170 5395 2376 5451 deliciis
2404 5413 2645 5462 versans,
2688 5402 2819 5456 nibil
2869 5403 3087 5457 omnino
3136 5420 3314 5458 rerum
3362 5404 3665 5459 futurarum

2080 5487 2403 5554 cogitatione
2435 5491 2714 5557 complecti
2763 5506 2960 5560 posset,
3011 5510 3074 5549 ac
3124 5511 3189 5550 no
3236 5496 3403 5550 verbo
3449 5496 3667 5566 quidem

2084 5586 2236 5631 tcuus
2282 5578 2347 5631 de
2376 5576 2577 5634 Christi
2605 5583 2861 5649 religione
2905 5585 3179 5651 ipsiusque
3228 5590 3460 5644 decretis
3503 5590 3667 5660 quid-

2080 5683 2235 5736 quam
2267 5669 2491 5724 audiret.
2526 5670 2653 5725 Nam
2687 5673 2785 5727 hoc
2815 5690 2922 5742 pra)
2969 5680 3219 5737 omnibus
3251 5682 3411 5737 rebus
3438 5682 3542 5752 ipsi
3572 5694 3670 5735 oc-
