4010 6294
353 333 458 393 ιδδ

794 340 953 398 νιΤΑ
994 343 1415 402 SANCTORUM
1456 343 1783 399 BARLAAM
1826 343 1925 398 ER}

2031 344 2154 400 tT/E
2195 346 2286 400 ΕΤ
2324 347 2675 405 JOSAPHAT
2714 351 2922 406 INDle
2964 352 3188 410 REGIS.

3512 355 3618 410 454

348 450 551 504 cultarc
578 450 633 504 in
662 454 840 504 animo
872 453 1118 517 habebat,
1149 454 1401 521 astrologi
1450 452 1696 505 nimirum
1747 453 1933 505 vatici-
1963 460 2005 514 Α
2042 454 2167 506 tiam
2194 456 2291 507 sibi
2337 458 2644 513 concilians.
2674 459 2828 525 Quod
2865 462 2907 513 si
2942 477 3036 527 pro
3066 477 3212 517 certo
3259 469 3397 522 scire
3438 469 3613 537 cupis,

347 542 497 593 nium
529 541 749 595 veritus.
783 544 931 607 Quod
961 544 1007 596 si
1053 545 1412 598 ministrorum
1445 544 1672 612 aliquem
1706 544 1754 595 in
1788 560 1930 596 mor-

343 632 471 686 bum
519 632 757 687 incidere
802 636 1152 703 contigisset,
1202 650 1324 689 eum
1381 636 1556 688 statim
1613 635 1763 689 illinc
1814 635 1933 703 ejiei

340 722 585 791 jubebat,
610 724 946 792 alterumque
974 726 1196 779 nitidum
1220 726 1529 793 optimeque
1547 725 1808 781 valentem
1834 726 1930 792 ipsi

343 815 725 879 substituebat,
755 824 813 868 ut
838 830 904 870 ne
933 816 1056 884 quid
1088 818 1303 871 omnino
1328 817 1586 871 salebrosi
1608 827 1763 885 atque
1784 832 1933 870 acer-

343 905 394 958 bi
424 905 478 957 in
513 906 602 958 lilii
633 905 817 960 oculos
847 907 1161 960 incurreret.
1206 909 1282 961 Ad
1316 908 1453 960 hunc
1484 908 1700 960 modum
1748 924 1806 962 se
1837 925 1931 963 rex

342 1000 582 1068 gerebat,
618 1010 777 1069 atque
806 1001 920 1055 haec
946 1002 1212 1071 cogitabat
1240 1014 1290 1057 et
1322 1004 1529 1071 agebat.
1566 1004 1760 1059 Videns
1790 1006 1930 1060 enim

349 1106 453 1145 non
487 1093 720 1157 videbat,
751 1102 804 1147 et
829 1094 1052 1147 audiens
1080 1110 1183 1148 non
1211 1095 1559 1163 intelligebat.

416 1184 551 1237 Cum
575 1194 749 1237 autem
774 1186 971 1239 certior
996 1185 1163 1239 factus
1185 1186 1368 1241 fuisset
1393 1187 1679 1241 monachos
1708 1201 1932 1241 nonnut-

349 1274 428 1326 los
462 1275 708 1345 (quorum
741 1292 809 1331 ne
854 1278 1138 1346 vestigium
1186 1279 1398 1346 quidem
1448 1280 1609 1332 ullum
1663 1280 1928 1349 reliquum

346 1380 467 1418 esse
507 1368 746 1432 putabat)
776 1368 950 1421 adhuc
998 1384 1302 1434 superesse,
1340 1371 1609 1424 iracundia
1652 1372 1929 1434 aestuabat,

345 1465 503 1523 atque
531 1458 795 1510 acerrimo
824 1458 1026 1524 impetu
1055 1459 1106 1510 in
1135 1474 1226 1513 eos
1256 1458 1548 1528 ferebatur,
1574 1476 1634 1514 ac
1658 1479 1931 1529 prter-ones

348 1547 544 1611 passim
577 1555 683 1600 tota
714 1549 844 1602 urbe
892 1557 947 1603 et
973 1550 1191 1617 regione
1236 1566 1558 1618 procursare
1606 1552 1927 1619 imperabat,

346 1638 432 1703 qui
460 1637 734 1691 edicerent
764 1654 829 1692 ne
856 1641 1138 1695 monastici
1168 1642 1370 1697 ordinis
1400 1644 1675 1713 quisquam
1706 1660 1927 1713 usquam

347 1729 567 1781 omnino
601 1738 721 1793 post
752 1730 980 1784 triduum
1014 1734 1375 1799 inveniretur;
1408 1737 1548 1804 quod
1579 1737 1623 1789 si
1656 1737 1926 1790 invenire-

2040 544 2304 614 iuquiunt,
2336 549 2466 601 nihil
2500 565 2595 601 nos
2643 551 2841 619 lingere
2871 565 3029 620 atque
3059 557 3410 627 comminisci,
3444 560 3620 627 privao

2039 639 2128 689 tim
2177 638 2248 701 ei,
2284 641 2519 693 tentandi
2559 642 2723 708 ipsius
2775 656 2956 705 causa,
3003 644 3086 697 dic
3131 653 3180 697 te
3224 646 3407 699 relicta
3453 648 3617 718 patria

2037 730 2292 797 religione
2315 746 2375 785 ac
2398 734 2541 799 regni
2569 732 2758 801 gloria,
2788 732 3140 786 Christianam
3166 734 3321 789 ﬁdem
3344 739 3614 804 amplecti,

2038 820 2382 889 habitumque
2410 830 2787 889 monasdcum,
2815 840 2969 892 quem
3002 827 3126 878 olim
3156 834 3401 895 tanquam
3431 844 3617 896 parum

2037 909 2315 965 honestum
2347 923 2653 979 persecutus
2677 930 2757 982 es,
2788 916 3006 970 induere
3034 917 3188 971 velle.
3223 917 3354 972 Nam
3388 920 3476 987 qui
3502 920 3615 973 haec

2033 1000 2292 1056 adversus
2325 1006 2495 1058 virum
2523 1005 2672 1059 illum
2700 1007 2957 1061 scelerate
2995 1010 3395 1077 contingebant,
3446 1010 3615 1078 ipsius

2034 1090 2196 1145 animi
2225 1093 2521 1147 institutum
2552 1095 2615 1147 ad
2641 1098 3102 1164 compunctionem
3136 1100 3613 1167 propensissitnutn

2032 1182 2364 1246 exploratum
2399 1184 2696 1248 habebant;
2732 1202 2829 1240 nec
2878 1187 3189 1242 dubitabant
3235 1190 3362 1258 quin
3410 1191 3456 1244 si
3502 1191 3616 1244 hmc

2037 1272 2199 1326 verba
2227 1288 2254 1325 a
2288 1290 2414 1343 rege
2441 1276 2668 1340 audiret,
2702 1280 2879 1332 statim
2931 1278 3029 1349 ipsi
3082 1284 3221 1348 quod
3273 1285 3614 1350 praestantius

2031 1373 2177 1416 esset
2203 1364 2457 1425 suadens,
2490 1377 2677 1421 auctor
2702 1368 2908 1423 futurus
2948 1382 3093 1423 esset
3121 1382 3175 1424 ut
3216 1372 3281 1425 iis
3310 1389 3427 1442 qua:
3473 1385 3617 1428 recte

2033 1456 2277 1508 consulta
2308 1468 2504 1520 essent,
2542 1459 2741 1511 nullam
2774 1475 2974 1513 moram
3005 1462 3247 1528 afferret,
3297 1474 3454 1534 atque
3495 1466 3615 1521 hinc

2032 1558 2159 1599 veta
2189 1560 2309 1599 esse
2337 1563 2453 1615 qua:
2482 1548 2729 1602 dicebant
2755 1551 3137 1606 invenirentur.

2108 1637 2220 1689 Rex
2252 1648 2450 1703 autem,
2483 1654 2582 1705 qua
2614 1642 2693 1692 vir
2724 1640 2812 1694 ille
2834 1657 2955 1709 erga
2982 1658 3039 1696 se
3069 1644 3436 1699 benevolentia
3470 1658 3611 1705 esset

2034 1724 2256 1777 minime
2301 1726 2575 1794 ignorans,
2609 1742 2670 1780 ea
2716 1744 2833 1797 quae
2884 1732 3197 1786 dicebantur
3244 1737 3617 1802 probabilitate

352 1827 457 1881 tur,
487 1817 718 1872 [laminis
747 1821 1099 1876 addiceretur.
1138 1824 1201 1876 lli
1248 1824 1388 1877 enim
1439 1834 1586 1889 sunt,
1635 1829 1925 1896 inquiebat,
1964 1820 2003 1875 Β
2033 1814 2180 1867 Omni
2210 1830 2394 1870 carere
2421 1826 2485 1870 ac‘
2513 1820 2642 1870 falsa
2682 1834 2801 1873 esse
2840 1824 3113 1875 censebal-
3164 1823 3344 1893 Neque
3384 1827 3486 1877 5”"
3530 1826 3609 1879 Ῐίδ·

349 1924 571 1975 quorum
603 1910 919 1966 auctoritate
969 1915 1191 1979 pepulus
1236 1915 1516 1969 adducitur
1562 1926 1620 1970 ut
1660 1934 1781 1971 eum
1840 1918 1931 1986 qui

347 1999 495 2053 cruci
525 2000 757 2056 sufﬁxus
802 2014 884 2056 est
915 2018 1010 2071 pro
1043 2005 1154 2058 Deo
1178 2007 1336 2058 colat.
1372 2007 1574 2060 Interea
1605 2018 1780 2063 autem
1835 2010 1933 2061 hu-

346 2088 584 2158 justnodi
614 2092 862 2160 quiddam
897 2094 1112 2160 accidit,
1160 2098 1301 2166 quod
1345 2100 1601 2165 majorem
1645 2103 1742 2168 ipsi
1791 2102 1931 2156 iudi-

352 2184 661 2248 guationem
689 2186 960 2248 excitavit,
989 2201 1216 2253 eumque
1262 2189 1538 2245 monachis
1584 2191 1930 2247 infensiorem

351 2272 601 2327 reddidit.

427 2362 559 2416 CAP.
592 2363 680 2419 lV.
711 2393 779 2404 -—
809 2364 945 2419 lnter
972 2368 1214 2423 homines
1239 2368 1497 2438 dignitate
1526 2370 1779 2437 praeditos
1809 2372 1927 2440 qui-

347 2452 466 2503 dam
500 2463 611 2507 erat
641 2458 728 2522 qui
758 2459 952 2525 primas
999 2458 1050 2512 in
1097 2460 1213 2513 aula
1254 2460 1560 2527 obtinebat,
1588 2462 1666 2515 vir
1704 2462 1930 2529 eleganti

346 2545 475 2605 vita,
501 2560 563 2597 ac
581 2547 703 2600 tidei
721 2550 936 2619 pietate,
961 2552 1155 2620 quique
1168 2553 1324 2606 saluti
1341 2568 1449 2607 sua:
1477 2568 1692 2621 operam
1722 2570 1931 2608 summo

348 2635 528 2686 studio
556 2636 709 2689 dabat
734 2656 745 2690 :
766 2640 973 2695 occulte
996 2653 1196 2707 tamen,
1227 2644 1295 2696 ob
1316 2644 1455 2712 regis
1475 2659 1694 2698 me:um.
1737 2646 1932 2712 Quam-

342 2728 522 2780 obrem
542 2731 803 2795 nonnulli,
819 2732 888 2785 ob
903 2748 1021 2787 eam
1038 2749 1139 2802 qua
1153 2736 1288 2802 apud
1303 2749 1482 2803 regem
1499 2737 1927 2801 pollebataucto-

342 2818 550 2872 ritatem
573 2820 671 2888 ipsi
697 2823 1146 2890 invidentes,eum
1163 2826 1433 2880 criminari
1447 2824 1607 2898 258
1626 2828 1929 2894 studebant,

341 2924 402 2962 ac
428 2924 771 2981 summopere
797 2914 1138 2969 laborabant.
1170 2918 1234 2970 Et
1277 2921 1491 2986 quidem
1521 2935 1642 2973 cum
1700 2937 1792 2973 rex
1834 2921 1932 2975 ali-

343 3000 557 3065 quando
578 3003 868 3058 satellitum
898 3021 1057 3060 tnanu
1090 3023 1185 3074 pro
1209 3022 1309 3061 suo
1332 3023 1481 3064 more
1509 3019 1713 3076 septus,
1747 3011 1812 3065 ad
1842 3028 1930 3065 ve-

346 3092 616 3146 nationem
670 3097 939 3162 proiectus
992 3098 1198 3165 luisset,
1247 3101 1299 3152 in
1352 3109 1658 3154 venatorum
1710 3118 1933 3155 numero

2037 1903 2282 1957 ciendum
2313 1920 2435 1961 esse
2462 1906 2722 1972 ducebat,
2749 1923 2803 1962 ut
2830 1925 2892 1963 ea
2926 1920 3125 1966 temere
3172 1916 3486 1983 susciperet,
3518 1933 3616 1970 ve-

2036 2007 2155 2046 rum
2187 2008 2297 2047 rem
2328 1995 2495 2063 ipsam
2524 2004 2682 2063 atque
2725 1997 2995 2066 oltjectum
3043 2000 3243 2055 crimen
3290 2005 3609 2071 exploraret.

2035 2087 2371 2155 Quapropter
2417 2103 2539 2142 cum
2588 2104 2707 2142 eum
2756 2093 2972 2145 remotis
3020 2093 3237 2148 arbitris
3292 2095 3610 2159 accit'isset,

2037 2180 2269 2233 tentandi
2301 2179 2469 2248 ipsius
2494 2196 2651 2235 causa
2683 2182 2752 2235 ita
2782 2200 2900 2235 eum
2931 2193 3012 2237 est
3042 2185 3301 2239 allocutus
3336 2205 3347 2238 :
3383 2188 3550 2252 Nosti,
3579 2205 3613 2239 o

2033 2275 2223 2341 amice,
2258 2277 2506 2342 quoniam
2540 2276 2695 2329 modo
2716 2278 2997 2331 adversum
3029 2294 3123 2332 eos
3150 2282 3236 2347 qui
3265 2281 3507 2334 monachi
3533 2280 3613 2334 dia

2032 2374 2226 2416 cuntur
2256 2374 2413 2434 atque
2456 2365 2589 2417 adeo
2618 2367 2873 2420 adversus
2921 2383 3107 2421 omnes
3150 2370 3480 2424 Christianos
3525 2387 3613 2426 nte
3698 2400 3703 2405 ι

2032 2456 2316 2521 gesserim,
2348 2471 2489 2508 nunc
2517 2468 2691 2509 autem
2718 2472 2783 2510 eo
2813 2459 3033 2511 nomine
3065 2460 3373 2527 paenitentia
3399 2463 3612 2527 ductus,

2032 2556 2189 2614 atque
2217 2549 2557 2616 prmsentium
2584 2564 2759 2602 rerum
2788 2558 3065 2616 perttesus,
3087 2552 3150 2604 ad
3178 2566 3301 2620 spes
3328 2553 3445 2607 illas
3470 2570 3605 2622 quas

2031 2653 2124 2692 eos
2138 2651 2617 2694 commemorantes
2647 2641 2843 2703 audivi,
2870 2657 3060 2709 nempe
3092 2642 3404 2697 immortalis
3430 2646 3613 2712 cujus-

2030 2727 2153 2781 dam
2187 2730 2367 2797 regni,
2399 2728 2538 2798 quod
2589 2731 2641 2782 itt
2673 2730 2776 2782 alia
2806 2732 2911 2783 vita
2943 2728 3173 2785 futurum
3207 2743 3322 2798 est,
3354 2748 3440 2788 me
3483 2749 3612 2787 con-

2032 2818 2170 2873 ferre
2218 2820 2377 2888 cupio
2424 2820 2570 2890 (nam
2622 2836 2857 2887 przesens
2902 2838 3123 2890 regnum
3176 2838 3344 2879 morte
3391 2826 3610 2880 omnino

2032 2908 2488 2979 interrumpitur);
2523 2907 2663 2963 istud
2688 2919 2864 2963 autem
2907 2926 2992 2965 nte
3036 2913 3182 2965 nullo
3212 2913 3404 2981 alioqui
3453 2914 3613 2968 modo

2034 3000 2309 3067 censequi,
2341 3014 2404 3052 ac
2436 2999 2542 3052 voti
2568 2999 2671 3053 mei
2699 3010 2997 3067 compotem
3023 3016 3141 3054 esse
3166 3017 3320 3069 posse
3341 3004 3612 3070 existimo,

2036 3087 2135 3141 nisi
2160 3088 2492 3142 Christianus
2516 3089 2660 3153 (iatn,
2692 3090 2946 3157 regnique
2977 3092 3079 3144 mei
3100 3093 3280 3158 gloriae
3305 3108 3369 3146 ac
3396 3094 3613 3162 reliquis

341 3183 544 3251 probus
577 3183 665 3240 ille
692 3186 772 3239 vir
794 3196 929 3241 erat.
963 3188 1093 3242 Cum
1124 3201 1300 3243 autem
1332 3191 1443 3258 ipse
1472 3192 1616 3245 solus
1640 3193 1925 3246 ambularet

2038 3179 2259 3249 hujusce
2289 3181 2409 3234 vita:
2434 3182 2859 3251 jucunditatibus
2887 3192 2938 3235 et
2969 3184 3328 3250 voluptatibus
3356 3185 3498 3239 dicta
3527 3201 3612 3240 ex-

340 3275 572 3344 (divino,
607 3285 664 3331 ut
691 3279 901 3346 opinor,
930 3282 1151 3335 consilio
1180 3283 1249 3335 ita
1282 3282 1531 3352 ferente),
1553 3286 1817 3337 hominem
1848 3286 1927 3338 in-

342 3374 421 3420 ter
448 3366 646 3421 densas
672 3370 891 3425 arbores
923 3372 1067 3424 hutui
1100 3380 1442 3439 prostratum,
1474 3387 1537 3426 ac
1564 3374 1699 3442 pede
1738 3390 1767 3427 a
1811 3375 1924 3428 fera

344 3458 573 3524 quadam
627 3460 860 3527 graviter
905 3461 1188 3515 contritum
1217 3502 1230 3526 ,
1276 3461 1515 3516 offendit.
1565 3463 1664 3530 Qui
1713 3465 1925 3533 quidem

344 3546 519 3613 ipsum
546 3558 954 3616 prtetereuntem
983 3551 1215 3615 intuens,
1246 3553 1491 3620 precibus
1513 3554 1581 3607 ab
1608 3568 1671 3607 eo
1700 3566 1926 3608 conten-

343 3640 503 3692 debat
534 3656 600 3694 ne
629 3657 687 3695 se
720 3644 1032 3707 matter-iret,
1066 3659 1246 3698 verum
1279 3644 1593 3699 calamitatzs
1623 3661 1731 3699 sua:
1763 3648 1925 3701 misc-

345 3731 557 3785 ratione
581 3733 903 3796 aiticerctur,
935 3744 1092 3802 atque
1122 3735 1173 3787 in
1220 3734 1435 3786 domum
1481 3748 1629 3788 suam
1658 3735 1924 3789 abducen-

343 3822 469 3874 dum
526 3834 759 3878 curaret.
818 3826 986 3879 Simul
1040 3827 1199 3879 etiam
1255 3825 1380 3879 illud
1445 3825 1725 3893 adjunxit,
1774 3841 1922 3881 suam

341 3928 562 3981 operam
594 3915 692 3983 ipsi
728 3932 830 3968 non
864 3932 1082 3984 prorsus
1104 3918 1341 3970 inutilem
1370 3902 1530 3983 atque
1558 3917 1767 3971 inanem
1791 3919 1920 3970 fore.

344 4002 641 4058 Praeclarus
670 4016 841 4058 autem
875 4006 965 4060 ille
994 4007 1075 4059 vir
1102 4007 1149 4060 ei
1180 4006 1311 4059 dixit
1346 4024 1357 4057 :
1393 4007 1647 4074 Equidem
1677 4008 1792 4074 ipse
1820 4009 1925 4060 vir-

346 4097 471 4150 tutis
498 4097 677 4151 studio
706 4108 862 4164 atque
891 4113 1074 4151 amore
1107 4108 1155 4151 te
1203 4112 1490 4161 assumant,
1540 4099 1720 4166 tuique
1768 4111 1923 4165 quam

346 4191 631 4243 maximam
663 4201 845 4258 potero
879 4204 1059 4243 curam
1088 4202 1291 4257 geram.
1325 4187 1518 4241 Verum
1548 4202 1665 4255 qua:
1710 4188 1920 4240 tandem

344 4291 424 4334 est
452 4281 568 4335 haec
596 4282 791 4335 utilitas
815 4296 970 4350 quam
1000 4281 1093 4334 abs
1141 4289 1191 4334 te
1221 4280 1285 4333 ad
1333 4295 1419 4333 me
1466 4279 1760 4333 redituram
1806 4294 1924 4333 esse

343 4373 453 4425 ais?
494 4373 703 4441 Pauper
750 4383 923 4427 autem
964 4373 1055 4426 ille
1099 4382 1153 4426 et
1198 4371 1519 4425 imbecillis:
1550 4370 1680 4439 Ego,
1732 4371 1920 4439 inquit,

344 4466 682 4519 sermonibus
713 4465 853 4519 laesis
882 4464 1122 4518 medeor.
1153 4464 1283 4515 Nam
1314 4464 1355 4516 si
1405 4461 1615 4527 quando
1660 4461 1711 4514 in
1743 4462 1920 4515 verbis

2032 3280 2197 3324 trema
2229 3271 2424 3336 salute,
2459 3270 2578 3324 illos
2608 3270 2868 3339 religiosa:
2898 3273 3017 3326 vita:
3047 3274 3300 3341 cultores,
3334 3283 3389 3329 et
3429 3292 3612 3330 mona-

2028 3361 2196 3424 chos,
2241 3377 2377 3429 quos
2419 3360 2599 3430 inique
2647 3370 2701 3415 et
2740 3362 3003 3416 scelerate
3051 3365 3248 3431 expuli,
3299 3379 3613 3434 quocunque

2030 3451 2241 3505 tandem
2268 3453 2320 3505 in
2353 3452 2469 3505 loco
2500 3454 2626 3513 sint,
2663 3453 2955 3520 inquirens,
2988 3453 3115 3522 ipsis
3146 3470 3231 3508 me
3259 3457 3605 3510 admisceam.

2028 3543 2106 3597 Ad
2138 3543 2272 3607 haec,
2304 3542 2431 3612 quid
2460 3544 2574 3611 ipse
2601 3544 2711 3595 ais?
2738 3553 2792 3595 et
2820 3544 2943 3611 quid
2978 3544 3106 3596 mihi
3136 3544 3439 3599 faciendum
3482 3561 3609 3599 cen-

2027 3634 2152 3687 ses?
2177 3634 2261 3687 dic
2288 3648 2491 3701 quteso,
2516 3648 2611 3700 per
2644 3631 2914 3685 veritatem
2944 3634 3110 3700 ipsam
3137 3643 3185 3686 te
3209 3635 3466 3687 obtestor.
3492 3636 3603 3686 Non

2028 3726 2170 3778 enim
2200 3738 2286 3779 me
2313 3724 2446 3793 fugit
2471 3731 2522 3777 te
2569 3738 2726 3789 supra
2760 3739 2946 3776 omnes
2989 3726 3238 3776 mortales
3268 3726 3375 3777 Veri
3408 3724 3613 3779 studio-

2026 3828 2167 3871 sum.
2212 3822 2371 3880 atque
2416 3811 2578 3863 animi
2617 3810 2879 3877 probitate
2925 3811 3201 3878 pra'ditunt
3250 3828 3388 3867 esse.
3436 3813 3613 3865 Bonus

2027 3911 2210 3957 autem
2254 3902 2342 3955 ille
2377 3902 2479 3966 vir,
2515 3910 2569 3954 ut
2613 3900 2725 3953 inec
2755 3902 2973 3963 audivit,
3024 3904 3320 3956 abstrusam
3372 3905 3609 3957 fraudem

2027 3996 2173 4048 nullo
2203 3994 2360 4048 modo
2390 4006 2704 4061 agnoscens,
2740 3993 2902 4045 animi
2931 3995 3338 4061 compunCtioue
3386 3995 3609 4049 affectus

2026 4094 2129 4151 est,
2158 4086 2511 4154 lacrymisque
2544 4083 2804 4151 profusus,
2830 4083 3059 4151 simplici
3087 4086 3265 4138 animo
3292 4086 3565 4153 reSpondit
3590 4104 3603 4138 :

2027 4176 2163 4240 Rex,
2207 4187 2465 4230 aeternum
2511 4175 2653 4241 vive,
2698 4175 2895 4228 bonum
2944 4184 2998 4228 et
3041 4176 3273 4229 salutare
3320 4176 3602 4231 consilium

2026 4265 2210 4320 iniisti.
2242 4267 2498 4333 Quoniam
2528 4266 2736 4319 etiamsi
2761 4266 3014 4319 caelorum
3044 4282 3264 4335 regnum
3290 4284 3432 4336 aegre
3462 4268 3608 4322 inve~

2026 4357 2125 4410 niri
2153 4367 2346 4426 potest,
2375 4368 2547 4411 tamen
2574 4358 2746 4423 ipsum
2774 4357 3020 4410 omnibus
3042 4359 3239 4410 viribus
3263 4359 3605 4424 quaarendum

2025 4458 2105 4502 est
2135 4465 2147 4500 :
2182 4449 2281 4513 Qui
2330 4448 2470 4501 enim
2515 4449 2738 4516 quaerit,
2785 4449 2952 4515 inquit
2994 4447 3114 4512 ille,
3164 4448 3335 4514 ipsum
3378 4449 3610 4502 inveniet

345 4566 434 4608 aut
463 4557 746 4624 colloquiis
776 4556 967 4609 vulnus
995 4557 1205 4623 aliquod
1233 4565 1323 4608 attt
1350 4554 1572 4607 al‘ﬂictio
1594 4554 1919 4621 inveniatur,

2031 4538 2207 4610 (Luca:
2238 4538 2335 4606 ιι).
2370 4539 2718 4593 Przeseutium
2749 4546 2924 4591 autem
2962 4552 3138 4590 rerum
3171 4536 3374 4590 fructus
3399 4536 3521 4591 licet
3550 4537 3606 4591 in

344 4648 720 4701 consentaneis
745 4647 1142 4701 medicamentis
1166 4663 1224 4700 ea
1252 4662 1401 4709 curo,
1432 4661 1494 4699 ac
1521 4661 1587 4700 ne
1617 4647 1813 4699 malum
1845 4646 1923 4699 ul-

345 4739 512 4793 terius
534 4748 715 4806 serpat
737 4738 1011 4806 prohibco.
1042 4738 1167 4791 Pius
1193 4739 1369 4806 itaque
1389 4738 1480 4791 ille
1503 4738 1600 4802 vir,
1623 4752 1923 4806 quanquam

343 4829 394 4883 id
422 4833 566 4899 quod
597 4829 804 4884 dixerat
836 4830 1027 4882 nullius
1068 4830 1318 4882 momenti
1357 4829 1594 4892 duceret,
1643 4838 1816 4881 latttett
1846 4827 1925 4880 di-

340 4921 446 4974 vini
488 4920 725 4974 mandati
774 4935 931 4974 causa
973 4936 1092 4973 eum
1143 4923 1191 4972 in
1242 4919 1455 4971 d..nnun
1502 4935 1649 4971 suam
1704 4915 1920 4977 deferri,

338 5016 496 5080 eique
526 5028 683 5081 quam
707 5028 805 5083 par
832 5021 948 5067 erat
976 5026 1155 5066 curam
1186 5012 1427 5065 adhiberi
1457 5011 1630 5078 jussit.
1663 5013 1731 5063 At
1760 5008 1917 5062 invidi

339 5104 414 5156 illi
441 5112 497 5157 et
522 5103 690 5157 livore
718 5102 905 5167 perciti
953 5104 1215 5165 homines,
1248 5102 1312 5155 de
1352 5103 1545 5170 quibus
1587 5112 1711 5154 ante
1759 5099 1917 5154 locuti

335 5208 547 5257 sumus,
581 5194 974 5259 improbitatem
1003 5208 1158 5259 quam
1180 5192 1289 5261 jam
1324 5191 1525 5258 pridem
1556 5190 1919 5258 parturiebant

338 5285 391 5337 in
421 5286 592 5338 lucem
619 5285 968 5353 proferentes,
996 5284 1167 5351 ipsum
1197 5284 1336 5349 apud
1365 5298 1543 5349 regem
1578 5283 1677 5335 hoc
1703 5282 1917 5334 nomine

337 5386 616 5440 accusant,
648 5377 789 5446 quod
821 5391 927 5429 ncn
973 5376 1145 5429 solum
1194 5374 1440 5427 amicitiae
1488 5375 1655 5441 ipsius
1698 5373 1914 5435 oblitus,

337 5470 562 5522 deorum
594 5470 795 5524 cultum
842 5468 1184 5538 neglexisset,
1235 5475 1392 5535 atque
1440 5467 1506 5520 ad
1557 5465 1912 5520 Christianam

339 5558 653 5629 religionem
681 5562 912 5613 animum
947 5559 1260 5622 inﬂexisset,
1289 5573 1472 5611 verum
1513 5558 1670 5611 etiam
1720 5559 1914 5611 adver-

337 5665 432 5704 sus
462 5651 631 5720 ipsius
661 5651 990 5718 majestatem
1040 5650 1220 5719 gravia
1261 5647 1569 5713 moliretur,
1606 5650 1912 5717 popularem

340 5743 543 5797 scilicet
577 5741 782 5797 turbam
834 5752 1160 5813 pervertens,
1209 5741 1550 5809 omniumque
1591 5741 1912 5796 benevolen-

2028 4634 2259 4700 specietn
2305 4633 2534 4687 oblectet
2583 4646 2643 4683 ac
2696 4636 3015 4698 volumztem
3060 4630 3277 4693 ali'erat,
3330 4632 3605 4693 pulchrum

2029 4736 2202 4778 tamen
2234 4735 2315 4778 est
2342 4738 2461 4777 eum
2496 4725 2792 4791 propellere
2815 4740 2875 4775 ac
2904 4726 3229 4792 propulsare.
3268 4724 3475 4778 Etenim
3507 4738 3602 4778 no-

2027 4828 2138 4869 stcr
2164 4826 2273 4869 tum
2307 4815 2533 4883 denique
2578 4822 2680 4878 ert,
2728 4829 2846 4868 eum
2899 4827 3019 4878 est;
3074 4824 3126 4867 et
3172 4830 3303 4880 quos
3348 4813 3600 4880 oblectat,

2029 4905 2193 4956 multo
2221 4904 2389 4971 magis
2416 4917 2621 4956 rursum
2651 4904 2945 4956 excruciat.
2980 4904 3107 4956 Nam
3136 4913 3190 4956 et
3230 4906 3393 4971 ipsius
3419 4907 3596 4959 suavi-

2031 4996 2151 5049 tatis
2177 5005 2229 5050 et
2254 4995 2512 5049 molestia:
2556 4995 2740 5048 umbra
2770 4995 3149 5049 imbecilliores
3176 5006 3323 5061 sunt,
3369 5012 3432 5050 ac
3461 4998 3606 5052 velut

2022 5091 2174 5144 navis
2202 5091 2253 5143 in
2284 5091 2415 5143 mari
2443 5105 2655 5143 cursum
2685 5092 2931 5152 tenentis,
2959 5098 3050 5142 aut
3073 5093 3189 5143 avis
3235 5106 3413 5145 aerem
3446 5108 3606 5159 pera-

2020 5183 2222 5249 grantis
2248 5181 2469 5250 vestigia
2499 5195 2655 5247 quam
2682 5181 2929 5233 0ci'ssime
2971 5192 3300 5236 evanescunt
3324 5182 3479 5252 (Sap.
3516 5187 3599 5249 v).

2020 5274 2238 5337 Contra,
2270 5274 2567 5325 futurorum
2599 5286 2721 5339 spes
2741 5314 2755 5338 ,
2785 5286 2943 5339 quam
2971 5271 3261 5326 Christiani
3292 5275 3603 5341 praedicant,

2023 5366 2176 5418 ﬁrma
2205 5378 2267 5416 ac
2296 5364 2554 5415 tutissima
2583 5372 2684 5425 est,
2717 5362 2927 5415 tametsi
2956 5362 3008 5415 in
3030 5364 3251 5417 'tnundo
3297 5380 3601 5433 pressut'atn

2026 5459 2217 5511 habeat
2264 5456 2444 5521 (Joan.
2476 5454 2606 5525 xvi).
2634 5454 3122 5523 chuncunditates
3150 5458 3358 5524 quidem
3388 5472 3467 5511 ete
3489 5473 3603 5527 qut-

2024 5550 2122 5604 bus
2149 5563 2287 5602 nunc
2318 5548 2538 5601 lruimur
2567 5549 2753 5601 breves
2782 5558 2927 5613 sunt,
2956 5548 3063 5603 illic
3089 5559 3264 5602 autem
3308 5548 3437 5601 nihil
3486 5563 3602 5598 om-

2026 5657 2149 5695 ltlltO
2178 5650 2369 5707 prteter
2389 5638 2706 5706 supplicium
2737 5654 2799 5693 ac
2823 5655 3092 5708 nunquam
3124 5639 3385 5691 liniendos
3402 5636 3600 5688 crucia-

2027 5746 2110 5788 tus
2130 5740 2425 5789 accersunt.
2461 5731 2655 5784 llarum
2679 5732 2823 5787 enim
2866 5747 3041 5786 rerum
3089 5731 3321 5784 suavitas
3368 5727 3503 5779 ﬂuxa
3544 5729 3598 5774 et
