4010 6276
422 348 533 405 455

1461 335 1549 389 DE
1592 332 1768 388 VlilS
1806 332 2093 388 PATRUM
2136 330 2336 386 LIBER
2377 329 2652 386 PRIMUS.

3572 318 3677 373 ΗΞῑῖ

424 457 749 528 temporaria
796 462 898 519 est,
933 452 1200 508 acerbitas
1240 459 1414 504 autem
1456 449 1821 517 sempiterna:
1852 446 2009 500 Chri-
2036 451 2087 507 Α
2118 443 2254 498 duos
2281 444 2573 498 monachos
2602 456 2698 510 per
2745 440 3018 496 desertum
3062 439 3165 494 iter
3196 437 3453 494 facientes
3500 445 3698 496 cernit.

418 550 715 605 stianorum
743 553 927 599 contra
975 543 1124 597 labor
1151 540 1363 610 quidem
1392 539 1745 603 temporarias
1771 546 1875 601 est,
1908 552 2003 589 vo-

418 642 596 711 luptas
621 649 800 694 autem
825 646 879 693 et
903 635 1103 691 utilitas
1143 632 1479 687 immortalis.
1505 629 1860 697 Quamobrem
1892 628 2007 682 feli-

417 732 551 787 citer
576 731 732 785 velim
775 728 928 783 cedat
958 728 1153 780 bonum
1181 732 1326 776 tuum
1356 721 1659 775 consilium.
1687 718 1858 789 249
1883 718 2005 770 l’ul-

418 823 606 876 chrum
633 830 713 875 est
742 819 905 882 enim,
935 830 996 868 ac
1022 813 1176 868 valde
1218 810 1517 880 pulchrum,
1546 824 1608 863 ea
1637 824 1756 879 qua:
1786 809 2003 861 interitu

416 914 645 968 obnoxia
673 921 795 965 sunt
824 924 941 962 cum
968 905 1305 972 sempiternis
1328 911 1676 956 commutare.

490 1002 583 1057 liis
626 1000 805 1053 verbis
843 995 1074 1059 audit's,
1103 1008 1199 1048 rex
1233 993 1577 1046 vehementer
1614 988 1827 1059 quidem
1861 985 2004 1041 indi»

418 1102 608 1160 gnatus
637 1098 753 1153 est;
784 1096 1037 1142 carterum
1068 1082 1396 1138 iracundiam
1443 1082 1796 1148 compressit,
1827 1092 2002 1148 neque

417 1185 517 1251 ipu
552 1191 659 1235 tum
703 1180 991 1249 quidquam
1041 1176 1251 1229 locutus
1292 1180 1393 1226 est.
1428 1175 1498 1225 At
1526 1171 1636 1235 ille,
1672 1181 1729 1223 ut
1757 1169 1848 1239 qui
1878 1183 2002 1236 pru~

417 1278 551 1329 deus
581 1288 643 1328 ac
668 1287 829 1341 sagax
852 1277 1018 1336 esset,
1044 1281 1223 1338 regem
1246 1279 1341 1319 sua
1366 1264 1526 1319 verba
1552 1262 1787 1333 graviter
1809 1271 1863 1317 et
1887 1276 2002 1316 mo-

416 1368 551 1420 teste
596 1363 871 1431 accepisse
912 1357 1316 1420 animadvertit,
1361 1365 1687 1424 versumque
1729 1354 1908 1408 animo
1948 1353 2000 1407 id

415 1457 670 1509 duntaxat
710 1454 887 1522 egisse
911 1492 926 1516 ,
960 1460 1019 1505 ut
1056 1447 1226 1517 ipsius
1255 1451 1492 1500 animum
1522 1446 1862 1513 exploraret;
1904 1444 2003 1497 do-

416 1563 669 1616 tuumque
695 1557 970 1610 reversus,
1003 1542 1055 1596 in
1084 1555 1318 1596 interere
1345 1548 1507 1606 atque
1532 1537 1790 1606 languore
1816 1549 2001 1590 versa-

416 1640 591 1704 batur,
621 1636 941 1691 addubitans
968 1633 1218 1688 videlicet
1257 1643 1491 1700 quonam
1523 1630 1682 1682 modo
1708 1628 1849 1696 regis
1880 1627 1997 1679 ani-

417 1744 563 1783 mum
614 1727 917 1795 mitigaret,
969 1731 1129 1792 atque
1182 1720 1497 1790 impendens
1549 1716 1649 1772 sibi
1704 1716 1996 1786 periculum

2110 533 2255 601 Quos
2283 534 2465 589 statim
2496 532 2906 602 comprehendi,
2927 542 2979 588 et
2997 531 3066 586 ad
3090 547 3304 587 currum
3328 546 3483 585 suum
3506 533 3701 587 addm-i

2105 625 2287 695 jussit.
2317 627 2492 695 Atque
2516 625 2789 680 iracundis
2808 624 2978 680 oculis
3007 638 3103 678 eos
3124 624 3360 690 intuens,
3385 625 3699 695 ignemque,

2108 727 2166 773 ut
2195 718 2300 774 dici
2333 718 2493 784 solet,
2521 718 2731 788 spirans
2775 716 2892 786 (10)
2920 734 2934 769 :
2960 716 3041 770 An
3072 729 3176 770 non
3206 715 3469 779 audiistis,
3505 714 3701 783 inquit,

2107 824 2142 865 ο
2179 810 2502 878 impostores
2549 818 2605 865 et
2649 809 3179 876 circumscriptores,
3228 821 3505 875 precones
3551 823 3704 861 meos

2105 912 2291 972 aperte
2332 903 2728 971 proclamantes
2759 915 2826 956 ne
2853 901 2972 969 quis
2998 905 3159 955 vestri
3188 899 3437 955 diabolici
3471 899 3699 957 institu'i

2104 1002 2226 1065 post
2267 992 2496 1047 triduum
2527 992 2581 1047 in
2610 992 2741 1047 urbe
2784 1002 2875 1046 aut
2906 991 3010 1045 ulla
3040 990 3193 1060 regni
3223 989 3325 1045 mei
3355 990 3580 1059 regione
3610 993 3697 1043 in—

2104 1084 2398 1149 veniretur,
2428 1091 2518 1138 aut
2547 1083 2745 1153 alioqui
2793 1096 3012 1151 prorsus
3039 1082 3147 1151 igni
3178 1083 3547 1137 cremaretur?
3579 1087 3694 1138 Mn-

2103 1173 2263 1227 nachi
2308 1181 2525 1227 autem:
2556 1172 2659 1237 En,
2707 1172 2989 1241 inquiunt,
3036 1185 3134 1241 pro
3163 1185 3229 1226 eo
3270 1186 3335 1228 ac
3367 1171 3597 1241 jussisti,
3631 1192 3697 1228 ex

2103 1263 2326 1320 urbibus
2372 1265 2478 1320 tuis
2520 1278 2585 1319 ac
2624 1264 2930 1336 regionibus
2972 1264 3307 1319 excedimus.
3342 1264 3541 1320 Verum
3571 1282 3696 1320 cum

2103 1358 2317 1428 longum
2366 1357 2523 1414 nobis
2562 1357 2665 1413 iter
2710 1358 3044 1427 propositum
3075 1358 3165 1421 sit,
3194 1368 3250 1413 ut
3279 1357 3347 1411 ad
3377 1358 3573 1413 fratres
3601 1374 3696 1411 no.

2100 1459 2245 1504 atros
2270 1448 2694 1519 proficiscamur,
2723 1462 2787 1502 ac
2813 1448 2937 1504 cibo
2968 1462 3272 1514 careamus,
3308 1447 3408 1502 hac
3432 1450 3515 1502 via
3546 1448 3695 1502 ince-

2101 1540 2301 1609 dimus,
2325 1549 2382 1596 ut
2407 1541 2561 1598 nobis
2586 1540 2776 1596 viatica
2805 1548 3119 1610 suppetant,
3146 1554 3246 1596 nec
3275 1539 3413 1597 fame
3441 1539 3691 1595 absuma-

2101 1646 2243 1687 mur.
2279 1632 2391 1686 Rex
2419 1640 2597 1686 autem
2637 1630 2977 1701 inquitzQui
3022 1630 3213 1685 mortis
3255 1631 3432 1685 minas
3478 1635 3694 1695 metuit,

2106 1721 2232 1778 huic
2249 1723 2398 1777 cibos
2417 1736 2733 1792 comparare
2750 1720 2974 1777 minime
2998 1730 3175 1778 vacat.
3194 1720 3441 1777 Monachi
3469 1735 3651 1776 autem
3676 1737 3694 1776 :

418 1820 695 1890 effugeret.
729 1818 859 1872 Cum
891 1824 1068 1870 autem
1096 1809 1360 1868 insomnis
1386 1818 1596 1864 noctem
1628 1816 1793 1863 totam
1821 1810 2004 1875 exige-
2038 1821 2076 1880 Β
2112 1813 2276 1868 Recte
2296 1812 2554 1879 dixisti,o
2581 1827 2707 1881 rex,
2740 1813 2985 1882 inquiunt
3010 1828 3026 1865 :
3049 1811 3141 1881 qui
3169 1822 3397 1867 mortem
3424 1820 3692 1877 metuunt,

419 1919 520 1976 ret,
546 1909 661 1979 ejus
686 1908 775 1979 qui
802 1906 955 1977 pedis
1002 1903 1324 1959 infractione
1370 1899 1646 1955 laborabat
1674 1900 1729 1953 in
1761 1909 1993 1952 mentem

422 2004 522 2069 ipsi
569 2002 714 2056 venit
738 2044 751 2067 ,
784 2013 1015 2067 eumque
1039 1995 1106 2049 ad
1134 2010 1195 2050 se
1223 1994 1454 2063 accitum
1484 1993 1557 2046 ita
1584 1998 1668 2047 est
1695 1990 1958 2044 allocutus
1982 2007 1995 2041 :

422 2093 675 2149 Memoria
725 2100 907 2158 teneo,
940 2099 992 2144 te
1041 2088 1175 2142 mihi
1225 2087 1328 2141 hoc
1370 2084 1613 2151 dixisse,
1642 2081 1785 2153 quod
1826 2082 2003 2136 noxiis

420 2185 598 2239 verbis
644 2183 929 2238 medearis.
980 2179 1071 2234 Ille
1117 2177 1460 2233 auteszst
1508 2178 1613 2240 ita,
1646 2173 1838 2240 inquit,
1870 2174 2002 2227 etsi

421 2289 557 2343 cpus
585 2282 688 2338 est,
720 2273 958 2327 scientiae
991 2286 1122 2325 mea:
1147 2270 1417 2338 specimen
1448 2266 1623 2321 edam.
1659 2265 1888 2322 Senator
1908 2279 2005 2318 au-

419 2375 528 2421 tem
576 2380 883 2421 sermonem
930 2364 1201 2432 excipiens
1224 2404 1240 2427 ,
1274 2362 1373 2430 ipsi
1404 2370 1642 2414 veterem
1673 2374 1825 2414 suam
1876 2373 2002 2429 erga

420 2471 599 2524 regem
622 2454 1047 2511 benevolentiam
1069 2461 1123 2508 et
1142 2452 1513 2507 auctoritatem
1536 2465 1698 2520 quam
1719 2450 1857 2518 apud
1881 2465 2001 2505 eum

421 2547 690 2600 obtineret
735 2543 1005 2612 exposuit,
1035 2552 1413 2609 recentemque
1463 2540 1590 2594 item
1637 2539 1739 2594 sibi
1786 2548 2004 2594 versuto

423 2636 599 2690 animo
624 2636 922 2689 adhibitum
953 2647 1280 2696 sermonem,
1312 2641 1368 2686 et
1395 2632 1848 2701 quemadmodum
1888 2629 2006 2701 ipse

425 2728 633 2797 quidem
666 2728 832 2795 probe
857 2724 1239 2795 respondisset,
1274 2723 1366 2779 ille
1395 2734 1574 2779 autem
1603 2724 1770 2792 ipsius
1801 2739 2007 2778 sermo-

424 2829 544 2871 nem
589 2817 816 2871 molesro
863 2817 1044 2869 animo
1090 2815 1379 2881 accipiens,
1412 2829 1507 2882 per
1547 2814 1724 2869 vultus
1760 2814 2007 2868 mutatio-

427 2924 574 2972 nem,
607 2909 739 2962 iram
770 2909 823 2961 in
850 2908 1038 2961 intimo
1068 2915 1284 2975 pectore
1312 2906 1611 2960 latitantem
1659 2906 2003 2961 ostendisset.

499 3002 705 3068 Pauper
729 3010 903 3052 autem
934 2998 1022 3052 ille
1050 3006 1105 3052 et
1144 2996 1410 3059 infirmus,
1441 3013 1500 3050 re
1528 3011 1648 3050 cum
1694 2996 1877 3049 animo
1906 3010 2004 3049 suo

429 3091 781 3154 considerata,
814 3088 949 3142 dixit
973 3106 987 3142 :
1014 3086 1212 3141 Noscas
1239 3095 1481 3154 Oportet,
1514 3086 1594 3139 vir
1620 3085 2006 3151 illustrissime,

427 3196 609 3251 regem
636 3182 828 3235 malam
874 3194 937 3234 ac
979 3181 1249 3233 sinistram
1292 3179 1580 3233 adversum
1612 3186 1666 3234 te
1695 3179 2003 3247 opinionem
2036 3204 2081 3266 ρ

427 3272 778 3340 concepisse,
829 3284 1021 3338 nempe
1071 3269 1211 3337 quod
1265 3268 1433 3337 ipsius
1480 3284 1702 3337 regnum
1745 3283 2009 3338 occupare

430 3363 669 3428 studeas,
697 3370 857 3431 atque
898 3358 1137 3414 tentandi
1186 3359 1259 3412 tui
1309 3359 1487 3412 studio
1534 3372 1599 3412 ea
1641 3358 1844 3413 dixisse
1891 3373 2010 3426 quae

429 3455 597 3520 dixit;
642 3454 989 3522 quamobrem
1041 3450 1125 3506 fac
1173 3464 1450 3520 exsurgas,
1496 3465 1561 3505 ac
1601 3460 1756 3506 tonso
1800 3453 2007 3521 capite,

430 3547 835 3617 splendidisque
863 3546 947 3599 his
976 3543 1214 3599 vestibus
1242 3543 1485 3612 abjectis,
1508 3553 1668 3613 atque
1688 3543 1875 3599 induto
1896 3545 2011 3598 cili-

430 3640 534 3702 cio,
560 3652 680 3692 cum
708 3635 938 3706 primum
965 3634 1177 3699 luxerit,
1193 3634 1259 3687 ad
1281 3646 1460 3701 regem
1486 3631 1668 3686 adeas.
1693 3632 1805 3687 Hoc
1829 3643 2008 3687 autem

436 3730 743 3785 sciscitante
771 3726 1025 3797 quidnam
1054 3724 1155 3781 sibi
1184 3726 1263 3779 sic
1293 3722 1507 3778 habitus
1533 3724 1683 3789 velit,
1712 3726 2009 3793 responde:

437 3824 517 3882 De
544 3826 611 3880 iis
636 3825 797 3879 rebus
824 3823 893 3879 de
923 3821 1115 3893 quibus
1144 3832 1354 3874 mecum
1381 3816 1634 3873 hesterno
1659 3817 1748 3872 die
1774 3818 2012 3872 collocu-

430 3927 521 3973 tus
565 3932 663 3982 es,
694 3933 728 3972 o
777 3931 903 3982 rex,
953 3930 1019 3969 en
1063 3913 1275 3977 adsum,
1307 3920 1525 3980 paratus
1572 3918 1626 3964 te
1680 3910 1733 3963 in
1779 3910 1878 3964 hac
1928 3915 2012 3964 via

432 4022 592 4076 quam
624 4006 832 4076 ingredi
858 4003 1183 4059 constituisti
1209 4001 1359 4072 sequi
1386 4017 1403 4058 :
1433 4001 1567 4057 Nam
1592 4002 1694 4057 etsi
1725 4001 1930 4057 delicia:
1954 4016 2016 4056 ac

438 4102 739 4167 voluptates
764 4097 1014 4166 jucunda:
1056 4104 1199 4158 sunt,
1234 4093 1375 4148 absit
1404 4102 1580 4149 tamen
1610 4104 1670 4150 ut
1693 4109 1786 4149 eas
1816 4103 1937 4164 post
1966 4110 2015 4148 te

435 4191 719 4246 retineam.
751 4192 820 4244 At
845 4204 970 4243 vero
1000 4188 1211 4241 virtutis
1242 4188 1344 4241 iter
1368 4229 1383 4254 ,
1416 4186 1559 4257 quod
1586 4186 1790 4256 ingredi
1834 4201 2015 4256 paras,

432 4282 565 4336 licet
608 4280 833 4334 arduum
884 4285 939 4332 et
989 4292 1236 4347 aSperum
1283 4278 1373 4340 sit,
1407 4287 1605 4342 tamen,
1634 4277 1794 4333 modo
1842 4287 2015 4332 tecum

431 4374 557 4440 sim,
588 4373 741 4427 facile
763 4380 819 4426 et
845 4370 1080 4440 proclive
1109 4382 1170 4423 ac
1191 4368 1487 4437 jucundum
1516 4369 1638 4423 erit.
1669 4368 1738 4424 Ut
1757 4369 1901 4423 enim
1931 4386 2017 4424 me

431 4465 948 4521 oblectamentorum
996 4460 1156 4531 hujus
1205 4460 1330 4515 vitas
1368 4460 1574 4514 socium
1620 4458 1894 4525 habuisti,
1944 4460 2016 4514 ita

2105 1905 2155 1957 id
2187 1910 2411 1971 curant,
2439 1918 2669 1974 quonam
2700 1911 2857 1973 pacto
2882 1918 3003 1959 eam
3029 1903 3304 1972 effugiant.
3333 1901 3555 1969 Quinam
3585 1918 3691 1955 au-

2106 2003 2211 2049 tem
2242 1996 2293 2048 hi
2326 2003 2470 2061 sunt,
2498 1996 2598 2051 nisi
2618 1995 2711 2065 qui
2733 1994 2889 2049 ﬂuxis
2917 1995 3077 2050 rebus
3102 1994 3451 2058 intabescunt,
3480 2007 3690 2063 easque

2103 2085 2170 2140 ad
2211 2097 2483 2153 stuporem
2533 2098 2704 2155 usque
2751 2085 3051 2140 mirantur?
3090 2084 3193 2153 Qui
3239 2085 3452 2153 quidem
3480 2098 3604 2139 cum
3633 2084 3689 2137 in

2102 2178 2271 2231 altera
2316 2177 2422 2231 vita
2475 2176 2765 2247 quidquam
2804 2177 2931 2232 boni
2978 2191 3100 2232 sese
3142 2183 3527 2231 consecuturos
3566 2190 3692 2231 esse

2105 2271 2412 2338 desperent,
2432 2284 2460 2322 a
2487 2269 2843 2337 praesentibus
2859 2269 3037 2323 divelli
3059 2277 3351 2338 nequeunt,
3366 2268 3437 2322 ob
3458 2282 3691 2339 eamque

2109 2376 2323 2415 causam
2372 2368 2601 2415 mortem
2656 2358 2864 2415 timent.
2916 2360 2987 2414 At
3041 2374 3164 2426 nos,
3192 2360 3282 2427 qui
3324 2359 3436 2426 jam
3485 2359 3683 2428 priderr

2107 2452 2366 2507 mundum
2393 2458 2449 2507 et
2467 2466 2530 2507 ea
2549 2465 2668 2519 quae
2696 2451 2751 2505 in
2781 2450 2980 2505 mundo
3000 2459 3124 2505 sunt
3141 2450 3266 2505 odio
3288 2452 3688 2519 prosequimur,

2107 2559 2417 2619 arctamque
2444 2557 2499 2602 et
2527 2555 2805 2617 angustam
2847 2545 2989 2600 viam
3030 2544 3229 2601 Christi
3267 2558 3427 2601 causa
3459 2545 3701 2614 ingredi-

2108 2654 2250 2707 mur,
2274 2652 2372 2694 nec
2401 2638 2593 2692 mortis
2616 2646 2783 2701 metu,
2816 2651 2916 2691 nec
2947 2636 3291 2705 praesentium
3331 2634 3699 2700 rerum'cupi-

2107 2731 2275 2786 ditate
2315 2729 2607 2794 allicimur;
2640 2740 2821 2781 verum
2868 2725 3165 2779 futurarum
3208 2725 3469 2780 duntaxat
3513 2739 3701 2779 rerum

2108 2823 2379 2879 desiderio
2435 2830 2702 2875 tenemur.
2749 2818 3012 2887 Quoniam
3057 2818 3220 2887 igitur
3263 2831 3411 2873 mors
3439 2831 3503 2871 ea
3534 2831 3701 2885 quant

2110 2915 2265 2969 nobis
2281 2913 2493 2969 infertis
2513 2912 2579 2966 ad
2602 2913 2981 2982 sempiternam
3009 2919 3062 2966 et
3082 2909 3508 2979 praestantiorem
3529 2908 3701 2962 vitam

2110 3009 2362 3062 transitus
2388 3005 2654 3071 efﬁcitur,
2686 3004 2887 3059 idcirco
2914 3002 3199 3073 cupiditati
3229 3002 3406 3073 potius
3431 3003 3587 3056 nobis
3614 3010 3705 3055 est

2110 3113 2266 3169 quam
2295 3099 2511 3153 terrori.

2183 3191 2279 3245 llic
2306 3206 2401 3245 rex
2428 3204 2522 3257 per
2541 3187 3104 3252 solertiam,videlicet
3130 3186 3424 3242 monachos
3454 3183 3707 3253 arripere

2114 3282 2356 3350 cupiens,
2387 3281 2519 3334 dixit
2545 3297 2558 3333 :
2583 3278 2759 3347 Quid?
2804 3277 2884 3332 An
2917 3293 3022 3331 non
3072 3277 3234 3346 paulo
3262 3285 3388 3330 ante
3417 3288 3513 3330 vos
3543 3288 3706 3329 sece-

2115 3374 2243 3428 dere
2271 3373 2505 3439 dixistis,
2527 3383 2583 3426 ut
2610 3387 2730 3426 meo
2760 3370 2987 3439 imperio
3020 3367 3283 3437 pareatis?
3312 3367 3465 3433 Quod
3488 3368 3532 3421 si
3554 3379 3706 3420 mor-

2118 3473 2224 3519 tem
2273 3465 2493 3519 minime
2542 3464 2775 3528 timetis,
2807 3462 2932 3531 quid
2989 3470 3071 3517 est
3122 3460 3471 3530 quamobrem
3522 3459 3703 3526 fugam

2116 3558 2343 3614 ineatis?
2372 3559 2448 3611 En
2480 3558 2593 3611 haec
2614 3570 2825 3626 quoque
2847 3555 3044 3609 frustra
3074 3563 3130 3608 et
3157 3554 3390 3608 inaniter
3410 3554 3698 3621 jactantes,

2116 3649 2322 3704 mentiti
2377 3648 2526 3702 estis.
2576 3647 2988 3715 Responderunt
3035 3642 3701 3699 monachi:Nonidcirco

2116 3740 2347 3809 fugimus
2375 3740 2512 3809 quoi
2541 3738 2905 3792 denuntiatam
2930 3736 3084 3790 nobis
3114 3737 3209 3789 abs
3241 3743 3291 3789 te
3322 3745 3548 3789 mortem
3577 3747 3700 3800 per-

2119 3828 2509 3897 timescamus;
2544 3845 2743 3885 verum
2781 3829 2863 3884 tui
2892 3829 3252 3884 miseratione
3286 3830 3579 3894 commoti,
3626 3844 3697 3883 ne

2115 3918 2426 3987 graviorem
2462 3919 2981 3975 condemnationem
3003 3919 3106 3973 tibi
3133 3934 3503 3983 accersamus,
3540 3933 3697 3974 sece-

2117 4007 2253 4063 dere
2303 4008 2358 4062 in
2390 4009 2637 4063 animum
2671 4009 3009 4066 induximus.
3060 4009 3223 4079 25o
3272 4010 3409 4064 Nam
3464 4010 3693 4080 alioqui,

2116 4104 2385 4165 quantum
2408 4096 2477 4150 ad
2499 4112 2602 4151 nos
2621 4097 2840 4162 attinet,
2863 4098 3014 4153 nullo
3047 4099 3216 4153 modo
3238 4100 3417 4153 minas
3451 4109 3571 4155 tuas
3598 4115 3697 4155 ex-

2119 4187 2489 4257 pavescimus.
2519 4186 2601 4242 Ad
2633 4189 2751 4244 haec
2781 4206 2875 4244 rex
2909 4190 2988 4245 ira
3020 4200 3354 4258 commotus,
3377 4193 3525 4262 ipsos
3540 4193 3699 4247 exuri

2116 4278 2301 4350 jussit.
2332 4278 2535 4348 Sicque
2565 4280 2663 4334 Dei
2708 4280 2901 4335 famuli
2943 4289 3192 4337 extremo
3218 4284 3348 4338 vita:
3376 4284 3465 4339 die
3497 4285 3698 4347 functi,

2119 4370 2373 4441 martyrii
2396 4385 2656 4425 coronam
2675 4387 2775 4442 per
2792 4373 2975 4443 ignem
2994 4373 3179 4443 adepti
3205 4382 3354 4429 sunt.
3387 4375 3697 4443 Statimque

2119 4459 2365 4515 edictum
2396 4462 2806 4532 promulgatum
2839 4471 2945 4526 est,
2995 4473 3058 4518 ut
3108 4464 3157 4518 si
3213 4465 3337 4534 quis
3390 4465 3695 4518 monac-bus

436 4558 599 4613 etiam
631 4555 999 4611 molestiarum
1030 4553 1312 4607 habiturus
1355 4564 1435 4617 es,
1468 4565 1574 4620 quo
1601 4551 1761 4631 etiam
1789 4548 1842 4631 i_n
1873 4547 2011 4631 futu-

2122 4552 2359 4609 inveniri
2393 4562 2579 4623 posset
2609 4593 2625 4618 ,
2682 4554 2802 4608 sine
2837 4555 2946 4610 ulla
2986 4555 3344 4626 inquisitione
3382 4555 3691 4610 trucidare-

444 4659 638 4703 rorum
671 4643 947 4697 bonorum
968 4637 1290 4693 societatem
1318 4643 1501 4687 tecum
1520 4628 1760 4684 veniam.
1789 4625 2024 4682 Praecla-

444 4750 541 4791 rus
558 4732 730 4805 igitur
750 4730 841 4785 ille
857 4728 943 4783 vir
960 4724 1164 4781 inﬁrmi
1181 4722 1426 4777 hominis
1444 4719 1610 4775 verba
1631 4716 2019 4788 comprobans,

445 4826 580 4882 fecit
596 4819 1067 4896 quemadmodum
1098 4816 1205 4871 iste
1225 4820 1539 4893 monuerat.
1562 4812 1702 4866 Eum
1720 4808 1907 4880 itaque
1930 4823 2027 4862 rex

448 4920 645 4976 videns
672 4927 837 4988 atque
862 4912 1119 4974 audiens,
1140 4909 1245 4963 hac
1260 4906 1487 4978 quidem
1510 4905 1580 4960 de
1597 4918 1765 4959 causa
1781 4904 2027 4959 delecta-

450 5020 543 5065 tus
564 5018 670 5074 est,
716 5007 893 5078 ipsius
921 5003 1184 5059 nimirum
1221 5014 1351 5070 erga
1377 5012 1436 5052 se
1463 4996 1904 5052 benevolentiam
1932 4993 2031 5049 ad-

452 5102 697 5166 mirans;
740 5108 906 5169 atque
939 5096 1074 5151 falsa
1096 5109 1221 5150 esse
1249 5106 1373 5163 quas
1400 5090 1668 5145 adversus
1695 5102 1823 5143 eum
1856 5087 1923 5142 ad
1968 5102 2029 5143 se

455 5192 639 5246 delata
659 5190 880 5243 fuerant
895 5185 1232 5256 intelligens,
1257 5181 1465 5251 majore
1481 5193 1609 5236 eum
1623 5177 1836 5234 honore
1862 5186 2029 5247 atque

452 5283 601 5357 apud
632 5298 691 5337 se
720 5280 1050 5335 auctoritate
1087 5293 1153 5332 ac
1176 5274 1551 5331 familiaritate
1576 5270 1821 5327 donavit.
1854 5269 2031 5326 Carte-

457 5392 579 5430 rum
611 5374 878 5429 adversus
905 5371 1206 5426 monachos
1234 5383 1456 5424 rursum
1478 5367 1559 5421 ira
1577 5363 1803 5429 exarsit,
1838 5376 2033 5418 eorum

2125 4639 2442 4713 tur.‘Atque
2472 4645 2547 4699 ita
2576 4646 2766 4700 nullus
2787 4646 3105 4717 hujusmodi
3143 4647 3356 4703 ordinis
3399 4647 3455 4701 in
3486 4646 3579 4701 illa
3603 4661 3694 4701 re-

2120 4735 2283 4806 gione
2308 4735 2561 4805 reliquus
2596 4736 2774 4791 factus
2801 4748 2907 4801 est,
2955 4739 3059 4792 nisi
3094 4740 3187 4809 qui
3216 4739 3271 4793 in
3303 4736 3609 4804 montibus,
3640 4744 3701 4792 et

2120 4824 2426 4893 speluncis,
2461 4833 2518 4880 et
2549 4827 2803 4881 cavernis
2835 4836 2997 4884 terrae
3031 4845 3155 4886 sese
3185 4831 3549 4886 occultarant.
3596 4830 3704 4886 Ve—

2123 4931 2247 4972 rum
2276 4916 2393 4972 haec
2417 4917 2705 4973 hactenus.

2200 5006 2330 5065 Car.
2362 5006 2425 5060 V.
2442 5036 2509 5046 --
2531 5012 2599 5060 At
2621 5003 2759 5073 regis
2780 5001 2941 5067 illius,
2956 5000 3024 5055 de
3044 5010 3152 5066 quo
3172 4994 3324 5051 initio
3344 4990 3505 5048 nobis
3530 4996 3710 5044 oratio

2122 5101 2363 5159 instituta
2388 5106 2470 5153 est
2496 5137 2513 5163 ,
2546 5096 2599 5149 in
2632 5092 2832 5163 palatio
2875 5090 3016 5160 quod
3047 5087 3146 5158 ipsi
3179 5091 3508 5141 exstructum
3538 5080 3714 5163 fuerat

2124 5197 2199 5251 ita
2223 5206 2469 5259 manens,
2493 5201 2603 5244 uta
2631 5190 2847 5244 nemine
2876 5185 3009 5239 adiri
3039 5192 3241 5253 posset,
3264 5179 3555 5250 iuvenilem
3582 5185 3713 5230 aeta-

2127 5296 2234 5341 tem
2266 5284 2479 5339 tandem
2510 5278 2839 5349 attigit(cum
2873 5278 3074 5330 interea
3108 5287 3321 5327 omnem
3356 5280 3463 5325 tam
3496 5265 3715 5321 Ethio—

2130 5391 2254 5445 pum
2279 5388 2437 5444 quam
2470 5373 2749 5427 Persarum
2771 5367 3066 5422 doctrinam
3093 5360 3445 5433 percepisset)
3477 5355 3716 5445 prodens

456 5468 670 5524 δείὶίεεῐ
696 5466 815 5519 hac
860 5469 1132 5533 Ρτθεοθρῑθ
1164 5475 1284 5515 esse
1312 5459 1504 5514 dicens
1527 5499 1542 5521 ν
1590 5465 1652 5510 ιη
1680 5454 1935 5510 homins
1967 5452 2036 5507 ab
2129 5443 2184 5522 et
2210 5443 2655 5531 cordatus,atque
2676 5458 2926 5515 omnibus
2946 5457 3199 5509 virtutum
3226 5450 3443 5505 dotibus
3469 5443 3716 5501 illustris.

463 5562 695 5631 hujusce
724 5557 852 5610 vitae
875 5554 1258 5625 voluptatibus
1283 5552 1615 5615 abstineant,
1641 5559 1805 5619 atque
1828 5548 2011 5602 incert

2132 5559 2269 5625 Quin
2301 5555 2567 5611 naturales
2594 5555 2753 5623 etiam
2784 5550 3109 5619 quaestiones
3139 5540 3562 5615 praeceptoribus
3604 5535 3720 5591 suis

458 5669 580 5724 spe,
622 5663 881 5721 tanquam
920 5667 1021 5722 per
1056 5648 1353 5711 somnium,
1389 5661 1510 5702 sese
1536 5644 1693 5699 illudi
1723 5644 1926 5698 sinant.

2134 5647 2495 5718 proponebat;
2544 5643 2677 5698 adeo
2709 5651 2763 5694 ιιι
2808 5639 2912 5709 ipsi
2940 5652 3153 5708 quoque
3181 5632 3539 5688 adolescentis
3569 5628 3723 5718 iuges

460 5752 481 5817 ι
533 5745 673 5801 Cum
703 5755 887 5802 autem
935 5760 1129 5801 rursus
1175 5741 1245 5797 ad
1275 5740 1623 5795 venationem
1658 5736 2037 5808 egrederetur,
2135 5717 2281 5792 nium
2307 5736 2576 5805 animique
2624 5745 2851 5787 acumen
2881 5729 3297 5787 admirarentur,
3329 5734 3529 5789 rexque
3553 5717 3719 5774 etiam
