4010 6228
273 313 374 369 ιδγ

707 313 863 369 VITA
911 313 1327 371 SANCTORUM
1371 315 1704 370 BARLAAM
1749 315 2080 370 EIIEMI'IVE
2124 317 2210 371 ET
2248 317 2600 377 JOSAPIIAT
2643 321 2852 376 INDI/E
2898 324 3116 380 REGIS.

3433 327 3545 402 tta

273 428 386 497 ipse
427 437 493 479 ex
536 427 716 480 vultus
745 427 913 495 ipsius
942 436 1241 491 venustate,
1272 425 1542 496 animique
1573 428 1776 494 babitu,
1805 430 1857 482 in
1886 433 1940 491 Α
1967 428 2104 482 inter
2135 445 2316 484 muros
2343 439 2395 485 et
2417 432 2612 500 januas
2654 433 2748 487 abs
2793 443 2840 486 te
2872 439 3177 501 concludar,
3212 451 3383 508 eaque
3408 450 3546 495 statu

272 531 548 590 stuporem
602 520 925 575 traheretur.
977 520 1259 574 Mandabat
1287 529 1465 574 autem
1496 524 1576 573 bis
1606 524 1692 589 qui
1737 536 1856 576 cum

272 628 336 667 eo
383 609 742 665 versabantur
775 621 830 664 ut
858 612 1048 664 darent
1085 625 1302 677 operam
1355 627 1421 664 ne
1468 611 1593 679 quid
1642 627 1860 679 prorsus

270 716 453 758 eorum
484 715 604 769 quin
635 701 687 755 in
714 701 812 756 liae
842 702 948 755 vita
977 701 1202 757 molesta
1248 710 1372 756 sunt
1397 703 1736 772 intelligeret,
1759 720 1859 760 nec

270 809 492 849 ommno
521 795 663 864 quod
710 809 856 848 mors
883 805 1176 864 praesentes
1219 796 1522 864 voluptates
1563 796 1679 850 exci
1720 805 1856 852 eret.

269 886 534 940 Cancrum
562 885 705 938 inani
733 899 833 954 spe
857 885 1143 950 nitebatur,
1168 894 1329 953 atque
1360 886 1439 956 (ut
1469 889 1752 955 proverbio
1777 889 1858 942 di-

268 976 429 1046 citur)
449 977 498 1030 in
526 977 720 1031 coelum
743 979 960 1046 sagittas
983 977 1198 1031 mittere
1223 977 1270 1046 (l
1288 976 1336 1044 Ι)
1361 978 1678 1032 conabatur.
1712 982 1860 1044 Quo-

269 1085 390 1122 nam
419 1070 562 1122 enim
593 1069 752 1122 modo
780 1083 926 1121 mors
954 1069 1198 1122 humana:
1218 1078 1418 1122 natura;
1447 1069 1708 1138 incognita
1738 1084 1858 1125 esse

269 1162 488 1226 posset?
521 1161 705 1229 Itaque
733 1175 800 1213 ne
845 1161 992 1229 pueri
1027 1160 1242 1228 quidem
1273 1161 1627 1229 cognitionem
1654 1161 1854 1229 elTugit.

269 1251 400 1305 Nam
432 1267 552 1304 cum
583 1251 821 1303 animum
854 1265 1064 1304 summa
1092 1253 1379 1318 sagacitate
1421 1260 1666 1305 ornatum
1696 1263 1749 1305 et
1778 1253 1859 1305 in-

267 1351 528 1395 structum
572 1341 815 1406 haberet,
850 1356 1030 1394 secum
1060 1341 1176 1406 ipse
1205 1342 1574 1395 cursidcrabat
1604 1343 1856 1411 quidnam

267 1441 473 1499 patrem
503 1430 819 1486 adduxisset
851 1440 907 1484 ut
940 1431 1040 1498 ipsi
1070 1432 1308 1484 omnium
1339 1431 1542 1484 aditum
1570 1433 1857 1486 interdice-

268 1532 366 1586 ret,
391 1537 496 1577 nec
524 1521 814 1590 quemlibet
839 1522 903 1575 ad
936 1536 995 1576 se
1039 1522 1299 1576 accedere
1345 1531 1634 1588 pateretur.
1675 1525 1773 1577 l’er
1801 1539 1859 1578 se

268 1616 410 1668 enim
446 1613 783 1682 intelligebat
804 1614 906 1666 hoc
927 1620 1060 1666 citra
1085 1613 1248 1678 patris
1276 1612 1555 1681 imperiutn
1583 1628 1687 1666 non
1717 1614 1853 1667 tieri.

268 1702 530 1759 Caeterum
580 1705 698 1773 ipse
729 1703 1064 1773 interrogare
1095 1703 1400 1770 verebatur,
1429 1711 1540 1757 tum
1575 1705 1714 1772 quod
1760 1705 1859 1756 tui-

1967 521 2090 586 sitn,
2118 531 2172 574 ttt
2203 537 2230 574 a
2263 525 2475 575 nemine
2505 524 2639 577 adiri
2685 540 2748 578 ac
2775 529 2919 579 cerni
2950 541 3160 593 queam.
3201 530 3481 597 Quoniam,
3516 551 3546 583 n

1917 613 1923 620 '
1967 609 2062 675 (ili,
2096 611 2266 679 inquit
2313 629 2428 677 rex,
2460 615 2581 668 nolo
2611 616 2898 684 quidquam
2951 618 3131 670 videas
3177 621 3314 687 quod
3347 625 3548 687 pectori

1962 711 2054 756 tuo
2085 705 2379 758 molestiam
2411 707 2616 774 atterat,
2643 707 2840 776 tibique
2869 711 3189 778 voluptatem
3218 713 3543 779 interpellat.

1961 792 2234 861 Siquidem
2269 797 2369 849 hoc
2399 811 2496 862 ago
2524 812 2586 851 ac
2614 809 2818 866 specto,
2847 811 2900 854 ut
2931 801 2980 854 in
3013 805 3283 871 perpetuis
3312 805 3544 874 deliciis,

1960 895 2120 954 atque
2157 887 2298 939 outtti
2341 888 2537 954 gaudio
2574 891 2844 960 animique
2891 897 3200 961 voluptate,
3235 911 3392 951 omne
3425 899 3547 955 vitae.

1962 980 2170 1039 tempus
2201 976 2468 1032 traducas.
2502 982 2568 1031 At
2599 979 2753 1033 velim
2786 983 2998 1046 scias,o
3025 984 3174 1051 here,
3209 987 3380 1057 inquit
3411 991 3548 1044 ﬁlius

1962 1063 2026 1116 ad
2052 1075 2275 1131 patrem,
2307 1082 2396 1120 me
2436 1068 2535 1121 hoc
2566 1070 2723 1122 modo
2752 1087 2856 1123 non
2897 1073 2946 1124 in
2980 1074 3171 1142 gaudio
3194 1088 3352 1146 atque
3381 1081 3546 1134 animi

1966 1155 2258 1222 voluptate,
2290 1159 2382 1209 sed
2434 1159 2608 1226 potius
2657 1161 2706 1212 in
2753 1161 3038 1218 allIictione
3104 1175 3262 1233 atque
3348 1171 3549 1241 ingenti

1962 1245 2204 1311 angustia
2251 1245 2416 1299 vitam
2462 1263 2650 1314 agere;
2684 1253 2820 1302 adeo
2853 1261 2908 1303 ut
2939 1253 3050 1321 ipse
3077 1271 3288 1324 quoque
3315 1261 3462 1313 cibus
3486 1276 3550 1316 ac

1965 1346 2118 1402 potus
2155 1338 2366 1390 fastidio
2412 1339 2539 1392 mihi
2585 1349 2639 1394 et
2683 1343 2960 1397 acerbitati
3009 1347 3107 1410 sit;
3158 1351 3354 1402 etenim
3389 1354 3550 1420 gestit

1962 1425 2170 1480 animus
2211 1443 2272 1479 ea
2317 1444 2434 1495 qua:
2466 1440 2615 1483 extra
2670 1432 2765 1483 bas
2808 1435 3000 1501 januas
3049 1448 3174 1491 sunt
3222 1445 3548 1510 perspicere.

1963 1514 2324 1579 Quamobrem
2346 1517 2390 1571 si
2420 1534 2505 1574 me
2536 1520 2654 1573 lacte
2679 1536 2741 1574 ac
2763 1521 2999 1590 jucunde
3027 1530 3201 1581 vivere
3229 1534 3400 1598 cupis,
3420 1534 3549 1600 jube

1962 1619 2048 1658 me
2076 1605 2337 1659 arbitratu
2366 1622 2485 1659 meo
2517 1608 2658 1661 foras
2689 1613 2954 1679 progredi,
2979 1626 3138 1683 atque
3164 1633 3346 1672 earum
3371 1637 3550 1676 rerum

1964 1711 2185 1764 quarunt
2219 1710 2534 1764 prospectus
2564 1699 2691 1753 mihi
2722 1713 2945 1770 negatur
2976 1711 3285 1773 SpCCLtCUIU
3311 1712 3550 1768 aniruum

269 1794 409 1850 nime
438 1811 569 1850 vero
592 1803 1016 1850 consentaneum
1049 1808 1170 1848 esse
1198 1793 1424 1864 diceret,
1454 1795 1580 1864 quin
1615 1805 1763 1862 pater
1793 1811 1856 1849 ea
1896 1797 1936 1855 Β
1965 1786 2257 1840 οωθοιθτϐο

270 1900 384 1955 quin
409 1886 512 1955 Ipsi
534 1885 899 1940 conducerent
922 1884 1398 1949 animadverteret;
1427 1894 1536 1938 tum
1559 1885 1700 1954 quod
1723 1886 1854 1941 illud

269 1991 448 2033 secum
475 1987 768 2046 reputaret,
789 1977 833 2029 si
855 1975 906 2029 id
931 1975 998 2031 de
1021 1974 1186 2043 patris
1209 1976 1479 2030 voluntate
1503 1976 1671 2043 Iieret,
1689 1992 1857 2046 quan—

268 2070 520 2126 tumlibet
550 2071 663 2140 ipse
712 2077 1139 2138 percontaretur,
1176 2083 1234 2122 se
1265 2076 1442 2122 tamen
1472 2069 1546 2122 rei
1577 2070 1855 2124 veritatem

268 2160 890 2216 minimeintellecturum
903 2159 1466 2227 esse.Quapropterex
1494 2159 1634 2222 aliis,
1659 2174 1721 2212 ac
1749 2175 1854 2213 non

269 2265 297 2305 a
329 2259 487 2319 patre
513 2251 628 2305 hac
653 2253 790 2306 scire
812 2249 1101 2304 constituit.
1135 2248 1315 2317 Itaque
1342 2264 1464 2303 curn
1491 2265 1652 2302 unum
1686 2265 1716 2303 e
1745 2265 1855 2318 pat-

268 2340 492 2409 dagogis
524 2341 739 2410 reliquis
766 2340 1055 2394 chariorem
1082 2354 1147 2392 ac
1188 2337 1580 2393 familiariorem
1615 2340 1855 2406 haberet,

269 2442 500 2496 eumque
529 2429 733 2496 majore
760 2427 937 2482 adhuc
960 2428 1334 2482 benevolentia
1365 2427 1466 2480 sibi
1496 2427 1849 2497 devinxissct,

268 2529 423 2588 atque
452 2518 796 2586 amplissimis
822 2519 1133 2573 muneribus
1162 2518 1450 2584 affecisset,
1477 2518 1546 2571 ab
1572 2534 1637 2572 eo
1667 2520 1854 2574 sciseié

273 2609 480 2662 labatur
525 2607 778 2677 quidnam
827 2623 1007 2679 regem
1040 2608 1342 2676 impulisset
1384 2617 1440 2662 ut
1488 2622 1609 2661 eum
1661 2609 1711 2661 in
1758 2610 1860 2664 hoc

274 2711 422 2770 septo
456 2701 719 2756 inclusum
767 2711 993 2756 teneret.
1041 2702 1174 2756 Illud
1213 2702 1374 2756 etiam
1418 2701 1858 2770 adjungebat:Si

278 2791 399 2847 mihi
429 2803 614 2862 aperte
659 2793 761 2847 hoc
803 2797 1138 2861 exposueris,
1163 2793 1411 2848 omnibus
1441 2803 1489 2847 te
1514 2801 1856 2860 anteponam,

278 2893 652 2951 perpetuaeque
678 2882 927 2936 amicitia:
960 2882 1133 2938 lmdus
1163 2891 1336 2938 tecum
1367 2883 1574 2936 teriam.
1609 2883 1861 2950 Paul:th-

277 2987 368 3042 gus
393 2982 592 3036 autem,
626 2983 682 3026 ut
725 2975 816 3043 qui
859 2973 1018 3027 etiam
1068 2974 1182 3042 ipse
1231 2973 1466 3042 prudens
1514 2983 1567 3028 et
1612 2974 1860 3027 cordatus

277 3074 437 3129 esset,
464 3065 723 3133 puerique
746 3065 1090 3134 sagacitatem
1120 3079 1185 3119 ac
1225 3065 1461 3118 numeris
1487 3065 1735 3119 omnibus
1763 3065 1860 3118 ab-

2033 1879 2158 1933 Ηωο
2209 1890 2265 1934 ut
2307 1898 2396 1935 rex
2445 1881 2666 1950 audivit,
2701 1887 2955 1941 maestitia
2997 1889 3217 1946 all‘ectus
3248 1895 3404 1966 251
3439 1905 3548 1962 est,

1961 1969 2197 2038 illudque
2218 1972 2479 2037 cogitabat
2510 1973 2653 2038 fore,
2683 1984 2741 2028 ut
2770 1978 2812 2030 si
2843 1977 2912 2030 illi
2945 1981 3085 2048 quod
3133 1985 3343 2049 petebat
3388 1989 3550 2042 dene-

1959 2069 2126 2128 garet,
2159 2062 2416 2133 majoi-em
2447 2069 2493 2119 ei
2525 2083 2810 2123 mmrorein
2842 2085 2904 2124 ac
2948 2072 3360 2129 sollicitudinem
3393 2077 3548 2132 all'er-

1961 2162 2062 2206 ret.
2120 2155 2376 2220 Quocirca
2431 2173 2490 2212 se
2534 2175 2654 2228 qua:
2707 2171 2855 2229 grata
2898 2161 2996 2229 ipsi
3049 2176 3230 2220 essent
3277 2168 3538 2224 facturum

1961 2244 2110 2296 dixit.
2143 2246 2219 2298 Ac
2246 2248 2422 2301 statim
2455 2250 2677 2304 eximios
2705 2267 2871 2317 eunS
2901 2270 2961 2308 ac
3002 2258 3287 2311 satellitum
3332 2277 3543 2316 manum

1960 2338 2121 2406 regite
2141 2337 2378 2407 dignitati
2400 2354 2776 2410 congruentem
2804 2346 2977 2412 parari
2995 2348 3174 2416 jussit,
3203 2351 3357 2418 eique
3380 2350 3544 2415 foras,

1961 2430 2170 2495 quoties
2198 2429 2373 2495 vellet,
2411 2433 2780 2500 progrediendi
2830 2444 3144 2502 potestatem
3177 2437 3317 2493 fecit.
3353 2443 3420 2495 Iis
3451 2459 3547 2496 au-

1963 2527 2068 2573 tem
2097 2519 2185 2588 qui
2215 2535 2335 2574 cum
2366 2537 2432 2576 eo
2455 2525 2804 2579 versabantur
2830 2541 3168 2597 sutunmpere
3193 2533 3468 2587 mandavit
3493 2539 3547 2588 nt

1965 2620 2218 2663 curarent
2249 2625 2316 2664 ne
2359 2613 2485 2680 quid
2528 2615 2800 2682 injuctmdi
2832 2618 3042 2672 obviam
3075 2621 3324 2688 haberet;
3361 2639 3545 2679 verum

1963 2699 2217 2768 quidquid
2248 2700 2528 2767 pulchrum
2563 2713 2616 2758 et
2645 2720 2914 2760 atticenum
2955 2723 3019 2762 ac
3057 2708 3351 2778 jucundum
3381 2728 3548 2774 esset,

1965 2790 2063 2856 ipsi
2086 2793 2460 2858 ostenderent;
2484 2793 2817 2866 choreasque
2840 2799 2891 2851 in
2916 2800 3014 2853 viis
3036 2803 3318 2870 agitarent,
3345 2805 3549 2858 suavis-

1965 2896 1991 2935 s
2014 2882 2218 2951 misquc
2245 2884 2578 2939 cantionibus
2603 2902 2820 2956 operam
2854 2890 3062 2958 darent,
3087 2908 3148 2948 ac
3171 2897 3316 2949 varia
3338 2906 3548 2965 specta-

1964 2975 2082 3028 cula
2114 2982 2523 3042 constituerent,
2554 2989 2611 3031 ut
2634 2981 2747 3047 ipse
2772 2993 3004 3037 mentem
3031 2985 3110 3039 bis
3135 2987 3294 3041 rebus
3322 3003 3548 3059 occupa.

1970 3074 2052 3119 ret
2080 3077 2238 3134 atque
2266 3065 2579 3122 oblectaret.

278 3153 502 3208 solutam
535 3154 868 3223 prudentiam
909 3157 1237 3223 exploratam
1271 3157 1514 3222 haberet,
1548 3171 1720 3224 neque
1761 3157 1859 3211 sibi
1890 3156 1938 3218 C
2039 3158 2170 3213 Cum
2202 3160 2363 3229 igitur
2393 3163 2533 3231 regis
2565 3162 2704 3217 ﬁlius
2734 3162 2799 3217 ad
2834 3165 2970 3219 hunc
3005 3167 3220 3221 modum
3254 3167 3395 3223 foras
3425 3185 3543 3226 cre-

277 3245 345 3298 ab
393 3259 461 3301 eo
500 3246 793 3314 periculum
842 3249 1008 3302 ullum
1059 3249 1347 3302 conﬂatum
1397 3249 1459 3302 iri
1506 3250 1859 3316 existimaret,

277 3337 454 3390 omnia
483 3337 532 3393 ei
553 3338 822 3406 sigillatim
847 3339 1124 3408 exposuit,
1145 3355 1334 3408 nempe
1360 3349 1414 3394 et
1437 3340 1863 3408 persecutionem

279 3428 538 3483 adversus
583 3429 955 3494 Christianos,
991 3447 1052 3484 ac
1096 3431 1427 3500 potissimum
1474 3431 1732 3485 adversus
1773 3446 1867 3485 eos

280 3523 366 3591 qui
401 3538 460 3576 se
492 3524 672 3591 pietati
702 3523 941 3579 colendte
988 3533 1128 3577 totos
1169 3523 1514 3579 devovissent
1555 3523 1865 3592 promulga-

286 3624 414 3680 tam,
445 3627 502 3668 et
547 3615 994 3684 quemadmodum
1046 3615 1113 3669 ab
1158 3614 1405 3668 omnibus
1451 3614 1692 3668 finitimis
1737 3613 1868 3667 locis

281 3705 486 3774 expulsi
515 3716 569 3760 et
595 3706 756 3775 ejecti
800 3706 1046 3770 inissent,
1079 3717 1240 3775 atque
1273 3706 1400 3760 item
1430 3720 1491 3759 ea
1522 3719 1638 3773 quae
1667 3705 1785 3773 ipso
1814 3705 1865 3758 in

284 3795 454 3850 lucem
479 3797 628 3850 edito
657 3797 906 3866 astrologi
932 3795 1326 3866 prmdixissent.
1355 3795 1433 3850 Ne
1460 3796 1638 3865 igitur,
1673 3795 1866 3864 inquit,

283 3885 458 3940 audita
485 3902 675 3942 eorum
705 3888 946 3942 doctrina
975 3928 991 3952 ,
1021 3901 1139 3942 eam
1171 3887 1416 3955 religioni
1446 3897 1648 3942 nostra:
1675 3887 1868 3955 prtefe-

284 3994 386 4044 ras,
420 3981 623 4034 idcirco
653 3995 684 4034 a
714 3995 841 4051 rege
890 3981 1011 4035 data
1058 3995 1219 4050 opera
1251 3989 1365 4047 est,
1396 3995 1465 4035 ne
1497 3981 1649 4034 multi
1694 3987 1868 4034 tecum

284 4075 726 4129 consuetudinem
751 4073 1028 4137 haberent,
1047 4074 1140 4128 sed
1167 4073 1318 4142 pauci
1341 4073 1581 4127 omnino.
1614 4073 1691 4126 Ac
1715 4074 1869 4126 nobis

283 4168 440 4221 etiam
472 4178 635 4238 atque
661 4169 820 4222 etiam
863 4167 1155 4230 mandavit,
1185 4175 1244 4220 ut
1276 4166 1614 4220 studeremus
1641 4180 1707 4220 ne
1736 4165 1864 4234 quid

285 4259 507 4328 hujusce
534 4261 656 4314 vitae
689 4259 1056 4313 molestiarum
1089 4273 1184 4324 per
1212 4271 1309 4311 nos
1345 4256 1692 4322 intelligeres.

351 4367 477 4422 Hrec
499 4376 560 4421 ut
579 4369 892 4422 adolescens
912 4366 1140 4431 audivit,
1161 4366 1363 4420 null-um
1383 4366 1610 4418 alterum
1642 4364 1866 4418 verbum

287 4457 545 4525 adjnnxit.
577 4457 843 4512 Caeterum
872 4458 1119 4511 salutaris
1141 4471 1322 4511 sermo
1343 4457 1513 4525 ipsius
1532 4464 1718 4524 pectus
1751 4456 1871 4508 teti-

1972 3251 2068 3304 bro
2098 3252 2541 3319 progrederetur,
2587 3255 2814 3320 quadam
2862 3255 2950 3309 die
3000 3258 3364 3312 ministrorum
3414 3261 3549 3315 obli-

1970 3342 2126 3396 vione
2158 3342 2351 3398 factum
2379 3354 2465 3398 est
2497 3355 2552 3398 ut
2584 3345 2719 3400 duos
2756 3348 2900 3401 viros
2935 3350 3294 3418 perspiceret,
3319 3367 3545 3419 quorum

1969 3441 2106 3488 alter
2138 3437 2281 3504 lepra
2301 3477 2316 3501 ,
2351 3438 2488 3491 alter
2516 3439 2756 3492 ceritate
2783 3439 3078 3493 laborabat.
3109 3442 3250 3507 Quos
3273 3443 3550 3512 Conspicac

1974 3537 2078 3594 tus,
2104 3542 2261 3597 atque
2288 3530 2451 3582 animi
2487 3531 2737 3583 maestitia
2764 3531 2987 3587 ali'ectus
3012 3576 3026 3598 ,
3059 3533 3124 3587 ab
3157 3535 3221 3586 iis
3245 3535 3334 3603 qui
3365 3549 3547 3590 secum

1970 3631 2123 3676 erant
2173 3622 2389 3689 quinam
2447 3623 2496 3674 hi
2548 3632 2759 3687 essent,
2810 3633 2863 3678 et
2915 3625 3182 3692 quodnam
3237 3642 3397 3694 grave
3447 3627 3550 3683 hoc

1969 3713 2331 3780 spectaculum
2362 3722 2526 3778 esset,
2563 3723 2902 3781 percontatus
2933 3727 3044 3781 est;
3079 3717 3154 3770 ἱΙιί
3183 3725 3395 3784 autem,
3427 3734 3546 3774 cum

1975 3805 2024 3858 id
2053 3805 2196 3874 quod
2236 3806 2286 3858 in
2329 3806 2495 3873 ipsius
2541 3819 2812 3874 aspectum
2849 3820 3069 3864 venerat
3115 3812 3386 3866 occultare
3438 3827 3544 3867 non

1975 3905 2207 3962 possent,
2232 3895 2328 3949 bas
2355 3896 2614 3949 humanas
2640 3900 2971 3952 calamitates
2993 3915 3112 3955 esse
3135 3902 3547 3969 responderunt,

1974 4001 2090 4055 quae
2119 4002 2184 4042 ex
2217 3999 2464 4056 corrupta
2497 3990 2717 4042 materia
2737 4030 2752 4055 ,
2785 3999 2839 4044 et
2868 4005 3094 4060 corpore
3125 3992 3330 4046 vitiosis
3361 3994 3552 4050 humo-

1972 4078 2120 4133 ribus
2153 4080 2332 4147 pleno,
2367 4080 2682 4133 mortalibus
2709 4083 3021 4148 contingere
3044 4083 3240 4137 solent.
3262 4084 3394 4138 'I‘um
3425 4085 3545 4140 ille:

1973 4169 2260 4222 Cunctisne
2307 4170 2610 4224 hominibus
2661 4171 2773 4225 haec
2824 4173 3070 4227 accidere
3118 4175 3554 4230 consueverunt?

1975 4260 2089 4315 Non
2119 4261 2353 4324 cunctis,
2402 4263 2644 4332 inquiunt
2671 4265 2780 4328 illi,
2815 4282 2998 4320 verum
3034 4269 3097 4321 iis
3124 4268 3384 4324 duntaxat
3421 4287 3550 4340 quo-

1977 4365 2092 4406 rnm
2125 4355 2376 4408 valetudo
2425 4363 2644 4424 prepter
2675 4357 2951 4427 improbos
2984 4358 3236 4413 humores
3263 4361 3547 4428 depravati

1977 4445 2064 4497 sit.
2109 4444 2340 4498 Rursum
2369 4446 2530 4515 igitur
2559 4448 2822 4500 sciscitari
2857 4450 3090 4510 perrexit
3118 4450 3430 4504 adolest-ens
3455 4468 3469 4504 :
3499 4454 3552 4506 Si

288 4552 381 4618 git,
413 4566 477 4606 ac
505 4550 756 4604 Paracl-iti
794 4552 962 4620 gratia
1009 4551 1314 4618 spirituales
1340 4549 1504 4617 ipsius
1529 4548 1712 4602 oculos
1743 4561 1863 4616 ape-

1981 4551 2085 4588 uon
2117 4553 2302 4592 omnes
2327 4539 2570 4592 homines
2603 4540 2653 4591 in
2687 4540 2782 4592 has
2812 4541 3142 4594 calamitates
3171 4543 3406 4596 incidere
3427 4559 3555 4598 con-

289 4642 392 4696 rire
443 4655 694 4711 aggressa
739 4651 858 4704 est,
887 4655 1010 4695 eum
1055 4642 1122 4694 ad
1168 4655 1353 4694 verum
1401 4639 1587 4701 Deum,
1622 4649 1870 4708 tanquam

290 4744 532 4804 porrecta
560 4747 720 4787 manu
742 4733 964 4800 ducens,
990 4731 1443 4802 quemadmodum
1469 4731 1728 4784 orationis
1751 4743 1874 4797 pro-

288 4839 472 4893 gressu
502 4825 1012 4880 demonstrabimus.
1039 4824 1170 4878 Cum
1199 4833 1380 4877 autem
1405 4837 1496 4877 rex
1528 4823 1692 4892 ipsius
1723 4828 1874 4890 pater

286 4918 478 4973 crebro
518 4931 642 4972 eum
689 4918 888 4972 viseret
921 4916 1244 4985 (singularis
1285 4916 1486 4970 etenim
1532 4915 1703 4982 ipsius
1747 4927 1874 4981 erga

284 5023 408 5064 eum
439 5023 593 5062 amor
623 5008 785 5076 erat),
811 5006 1038 5076 quadam
1065 5005 1152 5059 die
1182 5004 1264 5058 his
1287 5003 1468 5058 verbis
1489 5003 1554 5056 ad
1584 5018 1704 5058 eum
1732 5002 1874 5055 ﬁlius

286 5113 417 5153 usus
454 5106 540 5154 est
563 5114 576 5150 :
599 5097 645 5153 0
677 5097 804 5152 here
831 5105 894 5152 at:
934 5111 1028 5152 rex
1054 5136 1070 5162 ,
1101 5095 1301 5164 aliquid
1331 5111 1394 5148 ex
1425 5104 1480 5149 te
1522 5094 1661 5148 scire
1692 5093 1871 5161 cupio,

284 5189 442 5258 cujus
467 5203 628 5244 causa
658 5199 945 5256 perpetuus
968 5200 1188 5253 mmror,
1211 5197 1372 5254 atque
1398 5185 1576 5241 omnis
1600 5187 1874 5239 intermis-

285 5284 462 5336 sionis
486 5297 684 5349 expers
701 5282 1005 5336 sollicitudo
1030 5281 1266 5334 animum
1295 5295 1470 5332 meum
1493 5287 1645 5332 exest
1664 5294 1725 5332 ae
1751 5293 1880 5332 con-

290 5375 422 5427 ticit.
461 5374 617 5428 Pater
648 5383 824 5427 autem
848 5389 910 5427 ex
938 5375 1036 5444 hoc
1061 5374 1178 5440 ipso
1201 5387 1455 5426 sermone
1480 5373 1680 5426 intimis
1711 5373 1881 5425 visce-

291 5464 444 5516 ribus
489 5463 841 5517 discruciatus
866 5502 882 5524 ,
924 5465 1000 5517 ait
1027 5479 1043 5518 :
1068 5463 1164 5516 Dic
1208 5463 1338 5516 mihi
1366 5502 1381 5526 ,
1415 5462 1730 5516 charissitne
1783 5462 1877 5523 liti,

290 5559 542 5622 quisnam
564 5556 633 5607 sit
661 5555 746 5609 hic
775 5567 974 5610 ntoeror
1001 5556 1090 5623 qui
1121 5564 1171 5610 te
1199 5554 1430 5620 obsidet,
1455 5568 1518 5606 ac
1545 5554 1725 5607 statim
1755 5568 1877 5606 eum

295 5646 351 5698 in
375 5646 630 5714 gaudium
653 5657 985 5702 commutare
1006 5646 1256 5702 studcbo.
1275 5646 1412 5701 Tum
1443 5659 1572 5714 puer
1597 5661 1610 5698 :
1636 5645 1878 5713 Expone,

297 5739 495 5810 iqnit,
544 5739 796 5808 quidnam
845 5752 1020 5793 causa
1063 5738 1134 5792 sit
1160 5751 1257 5794 cur
1287 5737 1373 5792 hic
1413 5736 1689 5805 detinear,
1721 5745 1882 5804 atque

667 5855 939 5933 Partica.
966 5852 1257 5914 LXXIII.

1977 4640 2286 4694 sueverunt,
2315 4631 2411 4683 sed
2441 4631 2654 4697 quidam
2685 4631 2943 4685 duntaxat
2967 4674 2980 4695 ,
3015 4633 3420 4701 exploratumne
3471 4648 3553 4690 est

1978 4719 2195 4786 quinam
2243 4721 2351 4773 sint
2399 4737 2530 4787 quos
2576 4723 2835 4775 malorum
2886 4724 3206 4779 acerbitates
3260 4736 3552 4794 arreptum:

1978 4811 2117 4873 sint;
2150 4825 2217 4863 an
2247 4821 2428 4864 contra
2476 4812 2606 4865 citra
2657 4813 2824 4866 ullam
2873 4813 3270 4868 disrinctionctn
3303 4827 3460 4887 atque
3489 4835 3553 4872 ex

1977 4903 2266 4970 improviso
2295 4904 2624 4958 conﬂantur?
2655 4906 2718 4958 Et
2744 4907 2860 4970 quis
2892 4907 3102 4960 tandem
3137 4907 3431 4974 hominum,
3467 4926 3551 4963 rc-

1982 4995 2311 5062 Spnnderuut
2345 4996 2442 5058 illi,
2477 4995 2650 5048 futura
2686 4998 2987 5062 perspicere
3022 5011 3083 5048 ac
3125 4997 3356 5063 perfecte
3396 4999 3558 5053 intel-

1981 5086 2149 5156 ligere
2200 5089 2392 5154 queat?
2445 5088 2553 5141 Hoc
2605 5089 2748 5139 enim
2791 5090 3036 5139 humana:
3089 5095 3290 5141 naturte
3339 5099 3552 5158 captum

1985 5178 2227 5243 excedit,
2274 5193 2336 5231 ac
2384 5178 2513 5230 solis
2560 5177 2948 5231 inmortalibus
2977 5177 3080 5231 diis
3110 5179 3421 5233 attributum
3452 5192 3556 5233 est.

1987 5271 2083 5325 Hic
2114 5269 2457 5338 percontandi
2488 5270 2703 5336 quidem
2740 5269 2898 5323 linem
2926 5267 3052 5324 fecit
3080 5271 3220 5340 regis
3261 5271 3436 5338 ﬁlius;
3469 5287 3562 5326 ve-

1989 5377 2106 5415 rum
2137 5375 2200 5414 ex
2228 5359 2532 5426 hujusmodi
2566 5359 2875 5421 spectaculo
2917 5359 3155 5414 dolorem
3186 5360 3364 5413 animo
3386 5359 3564 5429 cepit,

1985 5454 2168 5520 reique
2200 5451 2436 5504 novitate
2464 5448 2536 5501 ita
2582 5447 2805 5504 atfer:tus
2843 5457 2945 5515 est,
2977 5463 3035 5504 ut
3057 5451 3164 5504 oris
3194 5451 3360 5518 ipsius
3390 5452 3559 5504 forma

1986 5546 2054 5598 im
2065 5552 2382 5597 mutaretur.

2061 5637 2291 5688 lto-rsum
2341 5642 2519 5687 autem
2568 5631 2713 5686 foras
2757 5631 3132 5703 progrediens,
3163 5635 3213 5686 in
3253 5631 3558 5701 capularem

1989 5728 2270 5799 quemdam
2303 5741 2484 5781 senem
2517 5726 2719 5792 incidit,
2752 5736 2934 5796 rugata
2961 5723 3128 5790 facie,
3160 5726 3338 5780 tractis
3359 5735 3421 5776 ac
3445 5718 3559 5774 dis-

3096 5833 3170 5893 15
