4010 6242
484 282 586 336 459

1515 282 1603 339 DE
1642 282 1822 340 VITIS
1861 282 2149 339 PATRUM
2190 283 2393 340 LIBER
2434 284 2717 346 PRIMUS.

3650 298 3753 355 460

478 397 668 453 solutis
702 396 868 465 tibiis,
902 412 1066 454 curvo
1105 414 1364 470 corpore,
1413 404 1591 472 capite
1639 417 1857 472 prorsus
1899 417 2065 465 cano,
2098 405 2141 458 Α
2175 402 2337 457 ullum
2360 406 2618 471 ejusmodi
2641 408 2693 460 in
2720 417 2825 460 tota
2845 408 2941 463 hac
2965 410 3194 479 undique
3217 411 3435 484 regione
3459 426 3750 482 cognosco.

476 486 565 556 qui
598 496 854 557 praeterea
886 488 1137 545 dentibus
1154 492 1390 557 carebat,
1423 501 1581 561 atque
1598 494 1868 546 concisum
1899 492 2060 560 quid-

475 578 599 633 dam
629 588 684 634 et
714 579 1075 650 interruptum
1101 581 1439 651 loquebatur.
1472 582 1703 651 Stupore
1734 583 1915 651 itaque
1943 598 2061 635 cor-
2100 610 2106 613 -

475 678 701 738 reptas,
733 686 854 725 cum
886 671 1158 725 hominem
1187 688 1309 726 eum
1342 672 1561 741 propius
1625 673 1688 725 ad
1758 688 1817 727 se
1867 672 2060 726 adduci

475 759 742 829 iussisset,
772 776 863 816 eos
898 762 985 830 qui
1020 770 1128 814 tum
1177 763 1400 815 aderant
1427 762 1787 832 interrogabat
1835 763 2057 831 ecquid-

477 863 601 902 nam
654 858 759 903 tam
816 851 1053 906 insolens
1106 854 1467 919 spectaculum
1517 866 1681 908 esset.
1741 854 1817 908 Illi
1870 866 2051 908 auiem

478 940 733 994 dixerunt
765 958 777 992 :
811 941 908 994 llic
937 949 1094 995 aetate
1125 941 1276 995 valde
1328 952 1640 1009 provectus,
1690 957 1750 996 ac
1801 943 2056 1011 paulatim

476 1033 861 1086 decedentibus
891 1033 988 1102 ipsi
1018 1035 1220 1088 viribus
1244 1078 1258 1101 ,
1313 1035 1674 1104 membrisque
1714 1035 2057 1090 imbecillita-

474 1132 579 1178 tem
611 1124 1070 1186 contrahentibus.
1105 1127 1167 1178 ad
1203 1128 1339 1180 hanc
1370 1142 1529 1197 quam
1555 1128 1734 1180 cernis
1758 1144 2057 1182 aerumnam

474 1214 731 1281 pervenit.
769 1215 831 1268 Et
862 1217 1142 1284 quisnam,
1178 1217 1352 1284 inquit
1384 1219 1511 1281 ille,
1556 1218 1725 1285 ipsius
1780 1220 1898 1272 linis
1935 1220 2056 1273 est?

474 1305 611 1359 Nihil
640 1307 803 1371 aliud,
833 1308 1078 1375 inquiunt
1108 1308 1208 1373 illi,
1238 1324 1395 1377 quam
1421 1326 1566 1363 mors
1595 1312 1769 1378 ipsum
1802 1313 2051 1379 excipiet.

473 1398 803 1452 Omnibusne
853 1398 1194 1466 hominibus,
1229 1400 1399 1468 inquit
1430 1399 1551 1465 ille,
1588 1403 1686 1455 hoc
1720 1405 2054 1470 propositum

470 1499 571 1554 est,
597 1505 662 1541 an
689 1489 1005 1558 quihusdam
1029 1489 1289 1543 duntaxat
1310 1490 1614 1560 contingit?
1642 1493 2061 1561 Responderunt

470 1582 542 1634 illi
571 1598 584 1633 :
618 1581 726 1635 Nisi
760 1595 904 1633 mors
933 1591 1277 1634 antevertens
1326 1582 1561 1650 aliquem
1614 1583 1739 1636 hinc
1778 1583 2055 1649 abducat,

470 1670 586 1723 ﬁt‘l‘i
615 1687 717 1723 non
751 1678 927 1737 potest
958 1670 1082 1738 quin
1133 1672 1390 1738 temporis
1432 1686 1723 1740 progressu
1753 1682 1925 1727 status
1952 1674 2056 1726 hu-

469 1758 619 1828 iusce
648 1759 940 1826 periculum
974 1775 1078 1811 non
1114 1758 1289 1813 iaciat.
1319 1759 1451 1813 Tum
1485 1762 1799 1816 adolescens
1831 1780 1843 1815 :
1877 1764 2050 1829 Quoto
2086 1774 2127 1831 Β
2227 1780 2354 1832 (ζμ),
2409 1780 2497 1834 γι,

468 1863 614 1901 anno
643 1849 745 1903 hoc
775 1848 1005 1917 cuipiam
1042 1849 1339 1917 contingit?
1381 1860 1541 1920 atque
1589 1868 1884 1921 prorsusne
1917 1857 2051 1909 mori

466 1954 692 1994 necesse
724 1949 845 2005 est,
880 1955 1050 2009 neque
1079 1956 1167 1994 ars
1200 1941 1306 1995 ulla
1337 1950 1420 1995 est
1445 1958 1543 2011 qua
1579 1953 1802 1998 mortem
1835 1944 2053 2013 eliugia-

469 2045 604 2095 mus,
634 2041 796 2098 atque
818 2031 870 2085 in
898 2030 1033 2085 hanc
1060 2032 1419 2087 calamitatem
1451 2033 1674 2088 minime
1716 2035 2050 2089 incidamus?

468 2123 659 2176 Dicunt
684 2122 771 2177 ei:
804 2122 1164 2191 Octogesimo,
1198 2133 1286 2177 aut
1308 2124 1609 2179 centesimo
1642 2141 1783 2180 anno
1811 2127 1874 2179 ad
1909 2127 2049 2183 hanc

466 2225 797 2271 senectutem
828 2215 1070 2272 homines
1102 2217 1453 2286 perveniunt,
1486 2234 1550 2273 ac
1576 2219 1773 2274 deinde
1812 2221 2052 2274 moriun-

467 2317 573 2375 tur,
606 2324 707 2365 nec
736 2310 892 2365 aliter
923 2312 1036 2365 ﬁeri
1069 2320 1264 2380 potest.
1310 2312 1557 2368 Debitum
1611 2314 1753 2368 enim
1809 2316 2049 2369 naturale

466 2411 612 2450 mors
635 2407 737 2463 est,
767 2397 1072 2453 hominibus
1102 2399 1168 2453 ab
1199 2398 1353 2454 initio
1384 2401 1713 2471 impositum,
1745 2418 1918 2474 neque
1942 2406 2046 2459 ulla

466 2489 674 2543 ratione
704 2489 869 2558 ipsius
892 2488 1154 2544 adventus
1180 2490 1335 2544 vitari
1370 2500 1564 2559 potest.

535 2579 664 2633 Haec
693 2581 894 2644 omnia,
928 2593 986 2636 ut
1011 2597 1177 2651 sagax
1214 2582 1307 2637 ille
1346 2598 1410 2638 ae
1454 2584 1686 2653 prudens
1735 2585 2049 2642 adolescens

468 2669 671 2724 audivit
708 2680 870 2738 atque
918 2672 1201 2737 intellexit,
1246 2675 1435 2727 intimn
1464 2676 1625 2728 corde
1671 2677 2045 2745 ingemiscens,

468 2759 604 2812 dixit
636 2777 649 2813 :
679 2763 882 2814 Acerba
918 2762 1030 2815 hzec
1058 2766 1164 2816 vita
1210 2772 1312 2827 est,
1368 2772 1525 2829 atque
1573 2769 1716 2817 omni
1770 2768 1955 2821 dolore
1986 2785 2047 2821 ac

455 2852 716 2904 ἰιιωειιιὶει
751 2850 923 2917 plena,
958 2853 1002 2905 si
1034 2866 1119 2905 res
1152 2852 1220 2904 ita
1245 2869 1302 2906 se
1334 2853 1507 2919 habet.
1542 2854 1603 2904 Et
1628 2871 1857 2920 quonam
1889 2858 2047 2909 modo

468 2943 727 3009 quispiam
793 2940 845 2994 in
878 2944 1099 2997 incertae
1161 2948 1348 2999 mortis
1401 2949 1836 3014 exspectatione,
1893 2951 2047 3017 cujus

468 3032 726 3088 adventus
757 3051 863 3088 non
899 3036 1057 3087 modo
1090 3036 1244 3088 vitari
1280 3052 1383 3089 ttou
1412 3048 1619 3104 potest,
1652 3040 1743 3091 sed
1771 3040 1953 3103 etiam,
1989 3049 2046 3093 ut

467 3123 673 3179 dixistis
695 3165 711 3190 ,
745 3127 976 3180 incertus
1006 3136 1118 3192 est,
1153 3143 1345 3181 securo
1393 3129 1576 3181 animo
1624 3130 1758 3184 erit?
1785 3132 2035 3199 Abiitque
2072 3126 2117 3188 C

468 3216 583 3269 haec
608 3230 791 3270 secum
825 3218 1041 3271 volvens
1071 3227 1227 3286 atque
1256 3220 1470 3274 assidue
1500 3221 1869 3288 considerans,
1902 3240 2045 3276 mor-

468 3306 642 3374 lisque
689 3308 997 3360 memoriam
1047 3308 1337 3363 identidem
1390 3311 1573 3364 animo
1628 3322 1913 3379 repetens,
1977 3328 2044 3368 ac

467 3394 718 3464 deinceps
749 3398 801 3450 in
847 3398 1122 3452 doloribus
1169 3401 1443 3470 animique
1488 3403 1923 3459 consternatione
1968 3406 2043 3458 vi-

467 3498 618 3554 vens,
650 3494 810 3555 atque
840 3488 890 3541 in
919 3500 1178 3559 perpetuo
1202 3506 1433 3546 mmrore
1461 3494 1684 3563 degens.
1707 3496 1881 3565 Atque
1900 3498 2041 3565 apud

466 3590 527 3632 se
558 3575 767 3633 dicebat
795 3594 809 3631 :
846 3579 1056 3651 Erg0ne
1079 3597 1223 3636 mors
1246 3597 1331 3637 me
1356 3584 1644 3653 aliquando
1666 3587 1957 3653 corripiet?
1982 3589 2042 3641 Et

464 3668 706 3735 quisnam
735 3670 838 3723 erit
866 3672 954 3740 qui
984 3672 1088 3726 ntei
1123 3680 1244 3740 post
1284 3685 1509 3729 mortem
1552 3677 1887 3746 meminerit,
1917 3692 2039 3733 cum

466 3768 675 3828 tempus
716 3762 894 3814 omnia
923 3762 1195 3818 oblivione
1223 3764 1574 3820 conti-iverit?
1601 3766 1735 3822 Nutn
1781 3777 2042 3835 praeterea

465 3857 637 3905 morte
656 3849 866 3905 functus
894 3854 944 3905 itt
968 3853 1190 3907 nihilum
1214 3854 1507 3922 dissolvar;
1539 3871 1605 3910 an
1638 3869 1842 3923 contra,
1873 3860 2038 3915 altera

463 3942 707 4010 quasdam
739 3942 843 3996 vita
872 3953 996 4009 est,
1028 3954 1083 3998 et
1111 3944 1243 3999 alter
1279 3947 1542 4002 mundus?
1567 3950 1692 4004 llaec
1711 3961 1766 4005 et
1795 3952 1877 4006 bis
1898 3953 2042 4007 sitni-

464 4034 529 4086 lia
553 4044 809 4102 perpetuo
832 4037 1091 4104 cogitans,
1116 4038 1317 4106 pallore
1342 4039 1746 4096 conﬁciebatur.
1769 4042 2041 4101 Praesente

462 4134 640 4180 tamen
667 4137 821 4195 patre
842 4169 860 4195 ,
892 4130 934 4182 si
962 4130 1176 4198 quando
1205 4135 1272 4186 ad
1307 4149 1430 4190 eum
1464 4136 1692 4205 veniret,
1718 4140 1943 4197 hilarem
1974 4158 2039 4199 ac

464 4231 697 4271 mmrore
728 4234 951 4272 vacuum
983 4221 1217 4276 animum
1247 4238 1356 4292 pra:
1381 4241 1442 4281 se
1467 4228 1696 4296 ferebat,
1729 4234 1871 4302 quod
1893 4236 2041 4290 scili-

462 4321 545 4362 cet
575 4323 636 4362 ea
662 4323 782 4377 quae
827 4311 1092 4379 cogitabat
1132 4314 1199 4368 ad
1242 4314 1409 4384 ipsius
1449 4321 1807 4387 cognitionem
1856 4329 2039 4383 venire

459 4400 645 4455 nollet.
679 4402 1052 4458 Incredibilem
1084 4416 1261 4461 autem
1290 4409 1342 4462 in
1371 4410 1587 4465 modum
1631 4414 1861 4483 aliquem
1900 4434 2035 4474 nan-

459 4492 585 4547 cisci
616 4494 887 4561 cupiebat,
918 4498 1006 4567 qui
1034 4497 1201 4567 ipsius
1231 4502 1435 4568 pectori
1474 4514 1673 4561 certam
1706 4508 1863 4564 ﬁdem
1895 4512 2037 4568 face-
2067 4495 2123 4558 Ῑ)

458 4594 574 4652 ret,
607 4600 670 4641 ac
697 4587 893 4643 bonum
944 4604 1250 4648 sermonem
1296 4594 1464 4663 ipsius
1518 4599 1734 4656 auribus
1779 4602 2036 4661 instillare

456 4686 656 4743 posset.

525 4770 783 4837 Quocirca
818 4772 887 4828 de
913 4775 1199 4848 paedagogo
1241 4794 1308 4835 eo
1348 4783 1504 4851 cujus
1548 4792 1675 4841 ante
1706 4788 2033 4845 mentionem

454 4861 677 4918 fecimus
703 4879 912 4919 rursum
948 4870 1145 4936 quaerit
1174 4886 1303 4927 num
1331 4890 1490 4944 quem
1522 4879 1666 4932 norit
1705 4882 1794 4948 qui
1820 4881 1886 4934 ad
1913 4897 2031 4936 eam

453 4967 568 5006 rem
594 4954 746 5023 cujus
774 4957 1065 5026 cupiditate
1093 4960 1356 5031 ﬂagrabat
1384 4966 1696 5036 adiumento
1721 4972 1820 5038 ipsi
1867 4988 1988 5029 esse
2007 5019 2023 5043 ,

452 5041 725 5112 ipsiusque
772 5058 1004 5105 mentem
1046 5053 1297 5121 gravibus
1338 5059 1752 5128 cogitationibus
1787 5041 2025 5119 aestuans

453 5141 584 5197 tem,
616 5144 779 5206 atque
808 5139 1111 5207 huiusmodi
1140 5159 1324 5201 curam
1373 5148 1608 5217 abjicere
1636 5166 1992 5222 nequeuntem
2011 5200 2026 5221 ,

452 5226 770 5315 conﬁrmare
793 5234 976 5297 possit.
992 5234 1087 5291 ille
1105 5237 1263 5309 252
1286 5249 1462 5296 autem
1489 5258 1549 5296 ea
1571 5261 1690 5313 quae
1719 5249 1863 5315 prius
1886 5250 2027 5305 dicta

455 5313 683 5380 inerant,
714 5317 767 5371 in
800 5325 1108 5379 memoriam
1138 5342 1322 5385 rursus
1347 5331 1445 5401 ipsi
1475 5313 1749 5403 revocans,
1771 5339 2021 5395 dicebat:

450 5401 565 5457 Jan:
597 5420 807 5498 quoque
834 5410 980 5476 prius
1011 5413 1104 5469 tibi
1133 5421 1357 5487 exposui
1399 5401 1850 5492 quemadmodum
1872 5438 2024 5498 pater

454 5505 574 5550 tuus
596 5497 867 5565 sapientes
897 5503 1017 5559 illos
1038 5505 1179 5564 viros
1204 5524 1271 5565 ac
1300 5513 1479 5581 pietati
1508 5518 1749 5575 colendae
1775 5497 2021 5589 devotos.

456 5586 549 5654 qui
578 5589 646 5644 de
669 5587 971 5658 huiusmodi
998 5596 1158 5655 rebus
1184 5601 1478 5677 disputant,
1512 5612 1704 5679 partim
1731 5586 2021 5672 obtrunca;

451 5685 539 5745 r.t,
566 5682 760 5751 partim
786 5682 921 5742 irato
946 5695 1107 5759 atque
1135 5689 1347 5753 infenso
1384 5698 1565 5756 animo
1591 5704 1879 5774 expulerit,
1913 5723 2016 5766 nec

2166 494 2282 563 Quo
2311 498 2522 561 quidem
2566 500 2782 554 nomine
2829 517 3017 566 magna
3064 503 3431 559 ille'molestia
3464 504 3752 573 impletus,

2164 587 2418 656 gravique
2456 592 2620 644 animi
2650 593 2872 648 vulnere
2920 594 3177 661 allectus,
3210 597 3258 651 ei
3292 597 3487 652 similis
3519 608 3636 653 erat
3661 602 3753 669 qui

2165 680 2433 749 ingentem
2471 683 2778 739 thesaurum
2802 687 3003 754 amisit,
3037 698 3198 757 atque
3231 690 3282 742 in
3312 690 3430 757 ejus
3448 691 3750 763 investiga-

2166 773 2311 825 tione
2338 784 2572 828 mentem
2606 786 2767 830 totam
2796 788 3107 847 occupatam
3130 796 3192 833 ac
3209 781 3441 836 defixam
3469 783 3653 838 habet.
3674 787 3753 841 Ac

2164 865 2389 931 proinde
2423 867 2472 919 in
2508 879 2769 937 perpetuo
2801 871 3057 939 languore
3088 881 3141 926 et
3179 874 3544 949 sollicitudine
3568 892 3751 931 versa-

2162 957 2340 1022 batur,
2369 974 2665 1029 omuesque
2708 965 2889 1017 mundi
2932 964 3300 1031 jucunditates
3348 978 3403 1021 et
3450 970 3753 1037 voluptates

2160 1050 2212 1104 iu
2264 1053 2429 1119 ipsius
2475 1055 2645 1109 oculis
2693 1058 2884 1123 piaculi
2932 1057 3208 1127 cujusdam
3258 1068 3313 1115 et
3363 1062 3751 1119 essecratiouis

2163 1142 2330 1196 instar
2354 1153 2527 1197 erant.
2562 1145 2694 1199 Cum
2722 1156 2901 1199 autem
2935 1149 3035 1201 hoc
3065 1149 3230 1202 animi
3282 1158 3424 1205 statu
3465 1162 3653 1217 esset,
3686 1169 3747 1207 ac

2161 1249 2353 1303 magno
2384 1251 2502 1288 cum
2537 1238 2736 1306 gemitu
2766 1238 2963 1291 bonum
2995 1240 3235 1294 invenire
3264 1252 3505 1310 cuperet,
3540 1259 3747 1298 insom-

2162 1326 2244 1379 nis
2273 1327 2359 1380 ille
2386 1328 2592 1391 oculus,
2620 1331 2706 1398 qui
2739 1330 2914 1382 omnia
2940 1332 3129 1391 cernit,
3161 1339 3323 1400 atque
3353 1347 3544 1387 omnes
3568 1336 3748 1389 salvos

2162 1417 2293 1481 lieri,
2325 1426 2379 1470 et
2408 1420 2470 1471 ad
2497 1419 2731 1474 veritatis
2754 1421 3077 1489 agnitionem
3095 1423 3276 1478 venire
3292 1425 3403 1477 vult
3429 1423 3485 1493 (1
3504 1425 3641 1480 Tim.
3662 1428 3743 1495 tt),

2160 1506 2331 1575 ipsum
2374 1512 2611 1577 aspexit,
2641 1526 2898 1579 suamque
2933 1513 3031 1578 ipsi
3079 1522 3393 1567 consuetam
3444 1516 3745 1585 benignita-

2161 1607 2265 1651 tem
2293 1600 2582 1654 ostendens
2609 1642 2625 1667 ,
2659 1602 2923 1668 quodnam
2957 1603 3061 1656 iter
3104 1604 3394 1677 tenendum
3425 1616 3609 1672 esset,
3642 1606 3744 1661 hoc

2160 1687 2320 1741 tuodo
2351 1689 2758 1744 demonstravit.

2544 1811 2615 1823 ——
2668 1783 2794 1836 Erat
2841 1784 2982 1838 enim
3030 1800 3096 1839 eo
3144 1795 3385 1855 tempore
3444 1789 3739 1844 monachus

2156 1870 2367 1937 quidam
2386 1871 2886 1928 divinarum'rerum
2915 1876 3135 1943 peritus,
3158 1877 3374 1946 vitaque
3393 1894 3455 1933 ac
3480 1895 3734 1935 sermone

2153 1970 2405 2028 ornatus,
2437 1974 2593 2031 atque
2637 1965 2689 2018 in
2744 1967 2887 2019 omni
2926 1972 3223 2023 monastica
3270 1970 3476 2025 vivendi
3522 1974 3734 2026 ratione

2152 2067 2491 2122 summopere
2537 2065 2820 2110 versatus:
2858 2059 2999 2111 unde
3047 2060 3325 2125 oriundus,
3372 2073 3462 2115 aut
3509 2078 3576 2116 ex
3623 2080 3735 2133 qun

2151 2158 2367 2212 genere,
2398 2147 2576 2201 dicere
2608 2161 2846 2216 nequeo,
2880 2165 3064 2203 verum
3097 2153 3145 2203 in
3172 2152 3463 2206 solitudine
3502 2153 3733 2222 quadam

2151 2238 2545 2293 Sennaaritidis
2574 2249 2730 2294 terra;
2759 2241 3090 2296 domicilium
3122 2243 3324 2299 habens
3344 2284 3361 2309 ,
3390 2260 3454 2300 ac
3483 2247 3735 2301 sacerdo-

2154 2331 2208 2383 tii
2240 2329 2499 2401 dignitate
2530 2333 2807 2399 praeditus.
2842 2335 2973 2389 lluic
3007 2352 3164 2402 porro
3196 2338 3311 2392 seni
3354 2339 3599 2394 Barlaam
3632 2356 3733 2395 no.

2155 2434 2280 2474 men
2310 2428 2445 2474 erat.
2479 2421 2575 2476 llic
2600 2420 2761 2491 igitur
2802 2438 2923 2478 cum
2971 2425 3151 2480 divino
3177 2428 3406 2497 quodam
3433 2430 3734 2496 admonitu,

2149 2526 2382 2582 quonam
2410 2522 2557 2568 statu
2588 2515 2730 2585 regis
2760 2515 2901 2572 illius
2934 2528 3078 2583 esset
3123 2520 3513 2590 comperisset,
3544 2537 3575 2577 e
3602 2522 3735 2578 soli~

2154 2606 2337 2662 tudine
2366 2622 2643 2678 egressus,
2679 2612 2747 2665 ad
2787 2613 2984 2667 cultam
3030 2626 3085 2669 et
3135 2616 3481 2672 habitabilem
3539 2630 3735 2673 terram

2152 2698 2422 2767 profectus
2452 2713 2567 2769 est;
2603 2715 2910 2774 mutatoque
2950 2707 3131 2762 habitu
3176 2722 3294 2773 suo,
3327 2723 3488 2779 atque
3541 2713 3738 2766 intlutis

2155 2789 2432 2844 mundanis
2465 2794 2721 2859 vestibus,
2752 2782 2803 2849 et
2830 2812 3128 2851 conscensa
3162 2802 3320 2868 navi,
3360 2801 3427 2853 ad
3476 2802 3728 2855 Indorum

2154 2894 2370 2947 regnum
2400 2896 2459 2936 se
2488 2888 2731 2951 contulit,
2765 2902 2828 2941 ac
2854 2902 3208 2946 mercatorem
3241 2906 3300 2946 se
3332 2908 3451 2947 esse
3485 2895 3696 2963 ﬁngens
3717 2938 3729 2952 .

2153 2970 2202 3022 itt
2232 2986 2348 3025 eam
2383 2974 2565 3030 urbem
2611 2976 2665 3031 in
2699 2994 2798 3047 qua
2830 2980 2969 3049 regis
3012 2981 3152 3035 [ilius
3201 2984 3450 3051 palatium
3504 2985 3735 3039 habebat

2155 3063 2472 3131 ingreditur.
2506 3066 2911 3139 Permultosque
2942 3072 3061 3127 dies
3085 3074 3192 3128 illic
3220 3086 3606 3140 commoratus,
3642 3080 3733 3146 qui

2151 3168 2326 3207 rerum
2371 3155 2537 3224 ipsius
2575 3167 2744 3214 status
2791 3174 2930 3216 esset
2984 3164 3268 3232 diligenter
3315 3167 3645 3236 exquisivit,
3677 3178 3733 3223 et

2102 3267 2112 3275 -
2148 3246 2360 3312 quinam
2410 3259 2593 3304 essent
2639 3253 2729 3321 qui
2782 3255 3001 3323 propius
3031 3258 3096 3311 ad
3126 3273 3249 3312 eum
3282 3264 3543 3316 accedere
3587 3264 3729 3317 sole-

2147 3346 2267 3389 rent
2292 3355 2304 3389 :
2335 3353 2455 3393 cum
2481 3341 2639 3412 igitur
2675 3344 3019 3415 paadagogum
3046 3364 3167 3403 eum
3199 3351 3265 3404 de
3291 3366 3398 3419 quo
3422 3356 3667 3423 superius
3694 3371 3725 3410 a

2147 3429 2300 3484 nobis
2339 3434 2540 3488 mentio
2572 3434 2708 3490 facta
2738 3446 2819 3491 est
2850 3438 2951 3507 ipsi
2982 3441 3219 3496 omnium
3251 3444 3724 3501 familiarissimum

2145 3536 2265 3576 esse
2294 3523 2668 3594 intellexisset,
2701 3532 2928 3586 seorsim
2958 3548 3080 3588 eum
3106 3537 3462 3606 conveniens,
3496 3538 3580 3594 his
3610 3555 3727 3595 ver-

2149 3612 2227 3666 bis
2257 3629 2383 3669 usus
2413 3627 2497 3671 est
2524 3635 2536 3669 :

2216 3704 2365 3760 Scias
2395 3708 2579 3773 velim,
2622 3709 2837 3765 domine
2868 3714 2978 3780 mi,
3022 3730 3109 3771 me
3159 3728 3514 3774 mercatorem
3562 3733 3719 3784 esse,

2144 3805 2301 3865 atque
2329 3814 2392 3853 ex
2427 3799 2711 3871 longinqua
2742 3806 2955 3872 regione
2983 3808 3218 3872 venisse,
3252 3810 3547 3878 eximiique
3572 3812 3722 3877 pretii

2145 3888 2371 3956 lapidem
2400 3891 2628 3959 habere,
2661 3893 2743 3947 cui
2770 3897 2948 3950 nullus
2981 3913 3213 3966 unquam
3244 3899 3439 3954 similis
3471 3902 3720 3954 inventus

2142 3989 2241 4045 est,
2273 3998 2536 4051 quemque
2573 3986 2771 4039 nemini
2802 3988 2978 4043 adhuc
3011 3991 3246 4046 ostendi.
3269 3992 3387 4046 'l‘ibi
3414 4004 3593 4047 autem
3620 3993 3720 4049 hoc

2142 4070 2374 4135 declare,
2405 4073 2545 4140 quod
2575 4082 2625 4130 te
2655 4077 2967 4143 prudentem
2995 4094 3057 4134 ac
3085 4082 3363 4136 curdatum
3397 4084 3567 4137 virum
3600 4099 3721 4138 esse

2143 4165 2372 4230 videam,
2422 4178 2478 4221 ut
2523 4184 2608 4222 me
2646 4171 2712 4223 ad
2754 4172 2894 4239 regis
2922 4172 3089 4228 ﬁlium
3124 4176 3433 4231 introducas
3458 4217 3474 4241 ,
3509 4178 3717 4247 ipsique

2140 4270 2261 4311 eum
2288 4259 2431 4314 dono
2462 4259 2604 4313 dem.
2631 4260 2904 4329 Siquidem
2939 4265 3077 4318 bona
3109 4266 3290 4319 omnia
3321 4267 3719 4335 incomparabi-

2141 4346 2265 4403 liter
2293 4350 2585 4405 antecellit.
2617 4352 2748 4405 Nam
2800 4360 2854 4405 et
2901 4353 2966 4407 iis
2999 4356 3088 4423 qui
3136 4356 3312 4411 cordis
3357 4359 3525 4411 oculis
3575 4358 3719 4424 capti

2146 4450 2290 4507 sunt,
2320 4443 2598 4510 sapientiae
2625 4444 2796 4499 lucem
2827 4444 3002 4511 aliert,
3035 4455 3091 4502 et
3118 4448 3295 4502 surdis
3323 4463 3478 4502 aures
3502 4449 3709 4516 aperit,

2144 4542 2198 4587 et
2230 4536 2391 4589 mutis
2416 4550 2599 4590 vocem
2628 4537 2883 4604 impertit,
2915 4547 2967 4593 et
2994 4548 3319 4611 aegrotantes
3346 4541 3397 4594 itt
3424 4543 3715 4600 sanitatem

2140 4625 2352 4690 asserit,
2394 4634 2448 4679 et
2476 4627 2669 4680 stultos
2696 4628 2959 4695 sapientia
2992 4630 3173 4697 donat,
3206 4639 3260 4685 et
3287 4638 3556 4686 datmones
3586 4633 3714 4699 pel-

2140 4714 2234 4779 lit,
2277 4730 2341 4769 ac
2383 4716 2611 4785 denique
2640 4717 2896 4788 quidquid
2937 4722 3217 4789 pulchrum
3247 4734 3301 4777 et
3345 4723 3716 4792 expetendum

2138 4815 2239 4869 est,
2271 4807 2491 4861 domino
2541 4822 2640 4862 suo
2680 4808 2956 4865 uberrime
3001 4814 3323 4882 suppeditat.
3354 4815 3440 4869 Ait
3479 4815 3548 4871 ad
3591 4831 3716 4872 eum

2141 4898 2461 4969 paedagogus
2488 4917 2501 4951 :
2538 4899 2617 4954 Te
2647 4900 2867 4969 quidem
2901 4903 3171 4960 hominem
3196 4907 3373 4976 gravis
3394 4916 3558 4976 atque
3588 4923 3716 4963 con-

2134 4991 2325 5044 stantis
2350 4991 2512 5045 auimi
2537 5006 2659 5047 esse
2688 4993 2878 5060 video;
2910 5005 3165 5051 caeterum
3197 4999 3359 5052 verba
3396 5008 3487 5053 tua
3524 5000 3716 5056 immo-

2132 5078 2307 5132 dicam
2330 5080 2612 5149 quamdam
2634 5082 2945 5152 jactantiam
2971 5102 3080 5154 pm
3099 5101 3160 5143 se
3185 5088 3382 5145 ferunt.
3397 5091 3551 5158 Quod
3567 5096 3708 5148 enim

2134 5169 2457 5225 excellentes
2480 5178 2641 5241 atque
2671 5174 2907 5244 ingentis
2957 5180 3111 5245 pretii
3157 5180 3359 5250 lapides
3388 5192 3443 5237 et
3486 5186 3710 5241 uniones

2136 5260 2362 5315 viderim
2394 5302 2408 5325 ,
2477 5278 2712 5333 quonam
2774 5268 2936 5324 modo
3002 5274 3371 5329 enumerando
3428 5292 3713 5334 recensere

2133 5351 2360 5418 queam?
2386 5368 2483 5408 nec
2515 5364 2691 5411 tamen
2724 5373 2951 5428 unquam
2993 5370 3083 5439 aut
3115 5364 3221 5418 vidi
3267 5375 3356 5419 aut
3404 5368 3583 5424 audivi
3620 5371 3711 5439 qui

2130 5453 2223 5494 eas
2274 5457 2404 5509 quas
2450 5448 2881 5501 commemorasti
2917 5434 3061 5505 vires
3106 5451 3392 5510 baberent.
3425 5434 3709 5514 Verumta-

2132 5545 2253 5585 men
2282 5546 2403 5587 eum
2434 5535 2563 5590 mihi
2591 5539 2845 5607 ostende,
2877 5556 2938 5597 ac
2968 5542 3013 5597 si
3068 5545 3189 5601 talis
3216 5557 3302 5602 est
3342 5551 3556 5619 qualem
3584 5554 3665 5607 ais
3684 5596 3701 5618 ,

2131 5620 2250 5676 sine
2278 5623 2386 5679 ulla
2415 5630 2757 5684 cunctatione
2784 5630 2849 5685 ad
2879 5636 3020 5702 regis
3050 5634 3217 5691 illium
3247 5647 3300 5694 te
3329 5639 3665 5699 introducam
3685 5685 3701 5707 .

2133 5713 2222 5781 qui
2246 5726 2297 5773 te
2318 5716 2563 5774 maximis
2587 5720 2878 5779 honoribus
2901 5737 2966 5780 ac
2986 5723 3258 5786 beneﬂciis
3274 5730 3506 5788 ornabit.
3523 5732 3709 5791 Prius.
