4010 6278
286 442 386 500 161

727 442 890 499 VITA
929 440 1349 499 SANCTORUM
1391 440 1719 496 BARLAAM
1764 439 2097 497 EREMITAZ
2140 440 2225 495 ET
2262 439 2615 496 JOSAPHAT
2655 440 2865 498 INDIIE
2908 442 3131 499 REGIS.

3461 440 3564 496 ἰδὲ).

287 570 448 625 quam
480 564 662 609 autem
693 569 790 623 per
822 556 995 624 ipsum
1029 554 1312 609 oculorum
1340 554 1581 607 obtutum
1601 594 1616 616 ,
1644 553 1733 623 qui
1767 551 1875 607 falli
1904 559 1950 614 Α
1981 551 2200 623 (Matth.
2230 554 2369 621 xm).
2405 553 2665 619 Quocirca
2695 556 2739 609 si
2770 556 2820 609 111
2854 556 3016 611 corde
3048 566 3135 609 tuo
3168 555 3469 625 frugiferam
3502 571 3565 611 ac

286 648 492 714 nequit,
520 646 661 700 dicta
689 655 774 699 tua
803 646 1161 709 contirmaris,
1184 644 1301 699 fieri
1328 659 1432 699 non
1461 651 1637 713 potest
1681 653 1738 698 ut
1775 642 1875 697 do-

288 740 435 792 mino
466 754 587 791 meo
613 753 673 791 ac
703 739 815 807 regi
849 737 914 790 de
938 753 997 792 re
1019 737 1224 793 incerta
1251 745 1307 792 et
1334 738 1600 805 incognita
1630 738 1744 790 htec
1770 744 1876 789 tam

290 828 573 883 immodica
601 843 663 882 ac
688 829 1001 897 praetumida
1026 828 1353 883 renuntiem.
1384 827 1528 880 Dixit
1549 836 1725 880 autem
1752 826 1880 879 Bar-

290 919 427 973 laam
458 934 474 973 :
506 918 673 974 Recte
695 919 901 982 dixisti,
929 929 981 973 te
1007 918 1316 988 bujusmodi
1351 919 1487 972 vires
1517 934 1579 971 ac
1604 918 1879 972 facultates

297 1026 398 1065 nec
429 1027 664 1081 unquam
697 1012 1069 1080 perspexisse,
1101 1025 1202 1066 nec
1230 1011 1463 1065 audisse.
1500 1010 1707 1064 Etenim
1754 1025 1878 1063 ora-

292 1106 367 1157 tio
396 1104 461 1157 ad
497 1113 549 1157 te
582 1119 698 1157 mea
727 1119 830 1157 nun
862 1104 930 1157 de
956 1118 1017 1157 re
1046 1103 1269 1171 vulgari,
1297 1105 1390 1157 sed
1420 1102 1619 1171 ingenti
1644 1100 1879 1169 quadam

292 1206 344 1248 et
382 1194 697 1248 admiranda
730 1203 832 1248 est.
865 1193 1017 1257 Quod
1063 1204 1240 1248 autem
1270 1208 1391 1247 eum
1434 1208 1658 1247 cernere
1685 1194 1880 1261 11111151-

295 1286 436 1346 visti,
470 1284 595 1338 audi
626 1284 754 1351 quid
780 1283 975 1336 dicam.

366 1373 522 1442 Lapis
548 1373 634 1427 hic
655 1373 851 1427 summi
885 1374 1065 1442 pretii,
1097 1382 1294 1442 praeter
1321 1388 1412 1428 eas
1443 1389 1578 1444 quas
1609 1375 1715 1428 dixi
1741 1374 1881 1427 vires

295 1473 346 1517 et
376 1464 683 1528 facultates,
716 1466 853 1519 banc
881 1467 1040 1518 etiam
1067 1464 1245 1519 habet.
1281 1464 1415 1518 Eum
1458 1466 1602 1519 enim
1638 1474 1881 1532 prompte

294 1569 355 1609 ac
386 1555 540 1609 facile
568 1555 878 1624 prospicere
926 1571 1033 1609 non
1086 1566 1293 1624 potest,
1327 1556 1416 1625 qui
1449 1570 1636 1610 sanum
1684 1570 1746 1609 ac
1782 1556 1875 1608 fir-

296 1662 437 1699 mum
493 1646 741 1712 oculum,
794 1660 1097 1716 corpusque
1147 1662 1337 1716 purum
1397 1658 1558 1717 atque
1606 1649 1676 1702 ab
1732 1647 1881 1701 enini

293 1735 550 1800 spurcitie
575 1736 807 1790 alienum
837 1752 942 1789 non
979 1737 1157 1790 habet.
1193 1735 1322 1790 Nam
1353 1738 1398 1790 si
1431 1739 1551 1806 quis
1579 1782 1592 1805 ,
1628 1738 1711 1791 Itis
1742 1737 1878 1791 dua-

297 1831 391 1884 bus
422 1831 581 1886 rebus
618 1845 725 1886 non
758 1839 905 1885 recte
934 1829 1293 1899 comparatis',
1330 1831 1381 1885 in
1411 1831 1553 1885 hunc
1585 1832 1879 1899 pretiOsum

1983 642 2174 695 bonam
2207 652 2403 697 terram
2438 647 2710 709 invenero,
2744 646 2980 700 divinum
3013 661 3195 700 semen
3231 650 3281 699 in
3312 656 3361 699 te
3390 646 3564 716 conji-

1981 747 2129 798 cere,
2161 745 2322 803 atque
2367 736 2553 804 ingens
2594 738 2907 807 mysterium
2955 736 3047 790 tibi
3091 736 3298 804 aperire
3348 736 3566 791 minime

1981 824 2257 879 dubitabo.
2288 826 2343 879 Si
2379 836 2553 881 autem
2598 838 2812 896 petrosa
2844 843 2904 882 ea
2936 837 2989 881 et
3017 827 3200 894 Spinea
3233 826 3386 880 fuerit
3407 865 3423 891 ,
3459 827 3566 880 via-

1982 927 2087 981 que
2126 928 2155 967 a
2183 916 2419 982 quolibet
2449 916 2672 983 cali-ala,
2706 918 2925 971 omnino
2963 918 3195 973 salutare
3239 918 3339 971 hoc
3380 932 3566 972 semen

1985 1002 2393 1074 haudquaquam
2427 1020 2630 1072 serere,
2662 1006 2942 1075 ipsumque
2971 1008 3156 1061 avibus
3184 1015 3238 1062 et
3268 1008 3414 1078 feris,
3446 1016 3570 1062 aute

1983 1110 2115 1163 quas
2147 1097 2459 1166 margaritas
2493 1096 2756 1165 projicere
2788 1098 2918 1152 mihi
2951 1114 3165 1166 prorsus
3219 1099 3563 1154 interdictum

1983 1194 2099 1249 est,
2142 1186 2193 1239 in
2246 1188 2478 1253 praedam
2525 1188 2763 1256 objicere
2812 1190 3133 1257 praestiterit.
3167 1190 3362 1244 Verum
3412 1193 3479 1245 de
3520 1201 3572 1244 te

1986 1277 2204 1330 meliora
2235 1293 2297 1331 ac
2328 1280 2485 1332 Saluti
2516 1279 2775 1334 viciniora
2822 1281 3032 1335 confido
3062 1300 3073 1335 :
3108 1297 3303 1350 nempe
3346 1282 3485 1351 quod
3515 1291 3571 1336 et

1982 1368 2213 1436 lapidem
2260 1372 2349 1439 qui
2396 1373 2624 1440 pretium
2668 1388 2827 1427 omne
2870 1385 3084 1443 superat
3114 1375 3339 1440 videbis,
3372 1390 3434 1429 ac
3474 1390 3571 1444 per

1985 1458 2198 1513 luminis
2230 1460 2395 1526 ipsius
2437 1462 2779 1529 splendorem
2824 1463 2927 1516 hoc
2967 1466 3334 1534 consequeris,
3366 1474 3423 1518 ut
3454 1466 3569 1533 ipse

1984 1563 2195 1616 quoque
2217 1551 2391 1604 lumen
2414 1551 2689 1616 efficiaris,
2717 1552 3054 1622 fructumque
3077 1556 3382 1624 centuplum
3409 1556 3568 1610 feras.

1988 1639 2197 1693 Etenim
2245 1651 2332 1695 tua
2367 1657 2523 1697 causa
2555 1642 2765 1712 longam
2800 1643 2936 1697 viam
2968 1645 3232 1700 conficere
3276 1648 3485 1714 studui,
3517 1659 3573 1705 ut

1985 1745 2102 1798 qua:
2134 1747 2401 1799 nunquam
2429 1734 2639 1800 vidisti,
2675 1736 2767 1788 tibi
2800 1738 3172 1805 ostenderem,
3200 1749 3359 1810 atque
3384 1756 3446 1794 ea
3476 1740 3573 1795 do-

1986 1835 2163 1875 cerem
2192 1838 2311 1891 qua:
2344 1840 2611 1894 nunquam
2639 1826 2857 1880 audisti.

297 1920 524 1987 lapidem
554 1920 741 1975 oculos
795 1930 998 1975 temere
1046 1935 1109 1975 ac
1150 1920 1449 1989 petulanter
1481 1920 1681 1989 injiciat
1705 1961 1721 1987 ,
1766 1922 1881 1983 ipsa
1918 1928 1965 1987 Β
2066 1914 2207 1968 Dixit
2234 1926 2411 1970 autent
2455 1917 2521 1969 ad
2554 1933 2674 1972 eum
2708 1918 3001 1988 Josapliat;
3034 1919 3288 1989 Equidem
3318 1921 3452 1990 ipse,
3486 1937 3574 1977 ve-

293 2027 509 2081 quoque
551 2013 760 2067 scilicet
803 2027 907 2081 qua
957 2011 1216 2081 praeditus
1268 2021 1352 2066 est
1399 2012 1658 2066 cernendi
1716 2014 1765 2066 vi
1819 2027 1882 2067 ac

295 2114 473 2159 mente
502 2105 718 2170 insuper
748 2104 1115 2157 mulctabitur.
1154 2104 1265 2173 Ego
1308 2118 1471 2173 porro
1498 2146 1512 2167 ,
1549 2114 1733 2173 utpote
1765 2119 1879 2159 me-

300 2193 497 2247 dicina:
521 2193 743 2247 minime
789 2195 938 2249 rudis
967 2207 1018 2249 et
1047 2196 1262 2266 ignarus
1281 2236 1297 2261 ,
1327 2195 1512 2249 oculos
1545 2205 1665 2249 tuos
1697 2209 1881 2263 parum

297 2300 462 2338 sanos
505 2300 625 2339 esse
670 2287 937 2353 conslticio
966 2303 981 2339 :
1014 2302 1077 2342 ac
1125 2288 1351 2357 proinde
1400 2304 1590 2344 vereor
1634 2306 1701 2344 ne
1744 2290 1884 2343 hanc

279 2373 521 2443 quoque
571 2392 728 2445 quam
780 2376 940 2432 habes
982 2380 1237 2433 cernendi
1288 2379 1596 2436 facultatem
1645 2384 1881 2437 amittas.

295 2465 497 2519 Verum
530 2466 597 2521 de
628 2467 769 2539 regis
797 2469 905 2522 filio
947 2470 1124 2525 audivi
1150 2509 1167 2536 ,
1198 2486 1321 2526 eum
1348 2481 1458 2527 tum
1488 2475 1607 2529 vita:
1638 2477 1884 2529 castitate

296 2556 576 2624 prmditum
606 2573 747 2623 esse,
781 2566 889 2613 tum
924 2560 1176 2629 pulchros
1206 2578 1268 2617 ac
1310 2567 1646 2633 perspicaces
1696 2566 1884 2621 oculos

297 2648 517 2703 habere.
544 2650 804 2715 Quocirca
839 2652 1149 2708 thesaurum
1183 2653 1325 2711 hunc
1358 2657 1454 2726 ipsi
1484 2660 1771 2713 ostendere
1796 2659 1885 2713 mi-

297 2740 439 2793 nime
470 2741 761 2807 dubitabo.
811 2744 1172 2810 Quamobrem
1220 2764 1286 2803 ne
1315 2749 1655 2804 commiseris
1691 2760 1747 2805 ut
1781 2750 1885 2805 hoc

301 2835 557 2904 negligas,
588 2851 650 2891 ac
682 2853 740 2892 re
772 2839 906 2892 tanti
935 2841 1195 2894 momenti
1248 2843 1523 2896 dominum
1574 2851 1723 2897 tuum
1778 2842 1886 2911 pri-

300 2942 413 2982 ves.
449 2928 539 2982 1116
569 2939 746 2984 autem
776 2931 840 2983 ad
872 2947 992 2986 eum
1026 2932 1159 2987 dixit
1189 2950 1203 2988 :
1231 2934 1285 2989 Si
1319 2933 1432 2988 11166
1465 2933 1534 2987 ita
1559 2948 1617 2988 se
1643 2934 1881 2998 habent,

298 3033 366 3073 ne
403 3018 536 3073 mihi
569 3020 799 3089 lapidem
847 3022 1104 3078 ostendas
1128 3062 1141 3087 ,
1171 3024 1437 3093 siquidem
1479 3024 1729 3093 plurimis
1762 3040 1886 3089 pec-

297 3113 432 3167 catis
459 3113 563 3166 vita
594 3129 710 3169 mea
742 3114 1015 3184 inquinata
1046 3125 1158 3179 est,
1192 3132 1255 3169 ac
1300 3126 1558 3185 przeterea
1592 3131 1658 3172 ne
1699 3116 1888 3170 oculos

297 3203 514 3271 quidem
546 3205 676 3258 satis
723 3221 882 3259 sanos
927 3206 1117 3261 habeo.
1152 3206 1225 3261 De
1262 3206 1360 3261 hac
1404 3216 1584 3261 autem
1629 3222 1687 3261 re
1714 3206 1889 3260 dumi-

1990 2005 2226 2059 neraude
2255 2022 2443 2072 senex,
2479 2009 2777 2062 incredibili
2806 2010 3055 2079 quodam,
3086 2022 3247 2080 atque
3276 2012 3571 2081 ejusmodi,

1987 2096 2131 2165 quod
2160 2097 2308 2150 nullo
2335 2098 2493 2152 modo
2541 2100 2776 2154 coerceri
2815 2111 3007 2170 queat,
3051 2102 3317 2158 desiderio
3367 2115 3570 2169 teneor,

1987 2202 2178 2241 novum
2207 2190 2492 2258 quemdam
2521 2206 2583 2245 ac
2612 2191 2811 2247 bonum
2841 2209 3142 2250 sermonem
3172 2197 3442 2253 audiendi.
3472 2199 3569 2252 At-

1986 2293 2089 2347 que
2119 2280 2253 2347 ignis
2285 2281 2336 2334 in
2379 2292 2598 2349 pectore
2641 2298 2762 2337 meo
2805 2284 3052 2339 incensus
3095 2297 3204 2353 est,
3247 2289 3336 2356 qui
3366 2303 3455 2343 me
3499 2288 3565 2343 ad

1987 2372 2316 2425 necessarias
2347 2373 2605 2439 quasdam
2637 2376 2961 2442 quaestiones
2994 2378 3368 2448 intelligendas
3408 2380 3572 2434 velte-

1986 2471 2196 2515 menter
2244 2462 2559 2520 inflammat.
2593 2463 2860 2520 Caeterum
2902 2468 3077 2521 adhuc
3119 2468 3390 2524 hominem
3441 2486 3574 2524 nan-

1986 2553 2116 2608 oisci
2163 2554 2293 2609 mihi
2340 2571 2445 2609 non
2493 2557 2666 2624 licuit,
2701 2559 2790 2623 qui
2840 2561 2907 2614 de
2954 2560 3051 2615 hac
3095 2577 3153 2616 re
3196 2573 3397 2617 certam
3440 2562 3575 2618 1111111

1989 2644 2146 2700 ﬁdem
2192 2646 2369 2703 facere
2414 2657 2613 2717 posset.
2648 2651 2799 2717 Quod
2829 2651 2876 2705 si
2921 2654 3214 2721 sapientem
3245 2658 3530 2725 quemdam
3553 2700 3569 2724 ,

1988 2748 2043 2792 et
2072 2739 2319 2795 doctrina
2362 2740 2647 2808 prmditum
2689 2741 2859 2796 virum
2906 2754 3092 2799 nactus
3136 2742 3307 2812 fuero,
3339 2761 3401 2800 ac
3429 2750 3574 2802 salu-

1988 2840 2153 2885 tarem
2185 2846 2486 2885 sermonem
2514 2832 2753 2898 audiero,
2785 2849 2882 2889 nec
2906 2836 3115 2902 avibus,
3146 2848 3201 2891 ut
3230 2839 3442 2907 Opinor,
3474 2854 3574 2894 nec

1989 2924 2114 2977 feris
2145 2938 2264 2977 eum
2299 2924 2543 2991 tradam;
2579 2941 2679 2981 nec
2726 2943 2937 2981 rursum
2970 2938 3217 2997 petrosus
3242 2940 3296 2985 et
3326 2935 3570 2999 spineus.

1990 3024 2046 3068 ut
2094 3014 2194 3068 tuis
2233 3016 2413 3070 verbis
2455 3025 2593 3082 utar,
2623 3032 2739 3071 ero.
2785 3019 2923 3084 Quin
2959 3021 3131 3087 potius
3163 3032 3217 3076 et
3247 3023 3476 3077 candido
3505 3039 3568 3078 ac

1989 3111 2200 3165 sincero
2225 3111 2404 3163 animo
2430 3125 2554 3165 eum
2582 3112 2841 3181 excipiam
2859 3153 2873 3178 ,
2904 3125 2955 3167 et
2981 3115 3187 3169 erudite
3210 3131 3273 3171 ac
3297 3116 3579 3187 diligenter

1989 3202 2343 3256 conservabo.
2392 3201 2469 3254 Tu
2525 3215 2655 3256 vero
2703 3203 2749 3257 si
2794 3204 2917 3272 quid
2966 3204 3224 3273 ejusmodi
3285 3209 3458 3272 nosti,
3512 3223 3578 3262 ne

302 3310 428 3348 num
462 3311 637 3351 meum
670 3312 849 3367 regem
881 3298 1164 3353 certiorem
1198 3298 1377 3353 facere
1405 3298 1626 3352 minimc
1665 3308 1884 3353 cuncta-
1912 3307 1958 3369 ρ
1989 3307 2171 3361 quteso
2196 3291 2246 3346 id
2279 3292 2531 3359 reticeas,
2558 3307 2741 3347 verum
2776 3295 2903 3348 mihi
2936 3310 3143 3350 narres.
3175 3298 3577 3366 Quamprimqu

304 3390 419 3443 bor.
458 3390 569 3443 lloc
596 3405 842 3444 sermone
882 3391 1061 3444 habito
1083 3431 1096 3454 ,
1130 3390 1197 3445 ad
1227 3390 1367 3459 regis
1409 3390 1568 3461 553
1602 3389 1766 3444 filium
1798 3390 1888 3445 in-

300 3495 545 3550 gressus,
574 3482 754 3535 omnia
784 3481 833 3536 ei
870 3482 1142 3552 sigillatim
1189 3486 1457 3551 exposuit.
1494 3483 1583 3535 Ille
1612 3493 1789 3535 autem
1834 3489 1890 3534 ut

305 3572 657 3642 praeceptoris
687 3573 847 3627 verba
872 3574 1108 3641 audivit,
1141 3575 1405 3642 spirituali
1436 3575 1664 3643 quadam
1706 3574 1888 3629 laetitia

304 3673 359 3718 et
400 3664 680 3733 voluptate
728 3672 911 3732 pectus
958 3678 1113 3719 suum
1160 3663 1333 3718 afflari
1385 3666 1582 3730 sensit;
1634 3679 1699 3719 ac
1746 3666 1892 3719 velut

313 3756 534 3809 numine
604 3765 919 3825 correptus,
983 3755 1252 3811 hominem
1313 3756 1562 3811 celeriter
1623 3755 1891 3811 introduci

301 3846 476 3916 jussit.

378 3938 445 3993 Ut
475 3939 637 4006 igitur
667 3938 935 4005 ingressus
965 3948 1048 3994 est
1078 3940 1315 3994 Barlaam
1337 3984 1352 4008 ,
1384 3941 1539 4008 eique
1567 3956 1723 4007 quam
1755 3955 1897 3994 can-

307 4031 555 4085 veniebat
603 4046 787 4099 pacem
833 4032 1008 4096 dedit,
1052 4031 1241 4086 sedere
1284 4036 1467 4101 jussus
1506 4046 1605 4086 esr.
1655 4033 1895 4101 Cumque

310 4133 612 4192 przeceptor
635 4124 977 4189 secessisset,
1008 4124 1262 4192 Josaphat
1282 4124 1346 4177 ad
1376 4139 1556 4179 senem
1586 4124 1718 4178 dixit
1746 4141 1759 4176 :
1793 4124 1896 4177 Ve-

314 4221 399 4275 lim
430 4220 562 4274 mihi
594 4218 889 4289 pretiosum
924 4219 1071 4273 illum
1117 4219 1345 4287 lapidem
1388 4217 1660 4281 ostendas,
1693 4217 1761 4271 de
1788 4232 1894 4283 quo

312 4326 499 4381 magna
532 4320 587 4364 et
615 4309 922 4364 admiranda
954 4310 1048 4363 abs
1081 4320 1131 4364 te
1159 4310 1567 4363 commemorari
1601 4317 1893 4376 prazceptor

312 4418 459 4456 meus
494 4403 623 4455 mihi
658 4404 914 4456 narravit.
961 4403 1204 4456 Barlaam
1245 4411 1421 4455 autem
1464 4415 1613 4453 suam
1660 4406 1724 4452 ad
1773 4415 1894 4453 611111

309 4493 727 4562 disputationem
750 4496 813 4548 ad
845 4494 983 4549 hunc
1009 4494 1222 4550 modmu
1247 4494 1550 4560 auspicatus
1572 4504 1686 4547 est:
1720 4493 1893 4546 Haud-

311 4579 577 4651 quaquam
608 4599 815 4652 aequum
850 4594 966 4648 est,
1001 4600 1033 4636 ο
1064 4600 1154 4637 rex
1176 4624 1192 4649 ,
1225 4583 1289 4635 ad
1336 4582 1596 4637 illustrem
1628 4590 1769 4634 tuam
1802 4596 1896 4634 ex-

1994 3385 2135 3438 enim
2168 3400 2199 3439 e
2235 3386 2517 3454 longinqua
2550 3386 2767 3454 regione
2810 3395 2861 3440 te
2901 3389 3113 3442 venisse
3157 3389 3368 3453 audivi,
3416 3389 3577 3443 animi

1999 3483 2272 3552 voluptate
2317 3481 2540 3536 affectus
2570 3497 2722 3549 sum,
2752 3494 2909 3552 atque
2941 3484 2995 3536 in
3034 3484 3227 3538 benam
3275 3500 3424 3554 spem
3458 3486 3579 3540 veni

1995 3570 2109 3627 fore
2133 3580 2189 3625 ut
2212 3586 2371 3640 opera
2401 3582 2487 3626 tua
2516 3571 2567 3625 id
2596 3573 2735 3641 quod
2763 3574 3041 3641 cupiebam
3068 3589 3444 3644 consequerer.
3474 3576 3581 3630 Eo-

1997 3679 2098 3731 que
2128 3666 2340 3717 uomiue
2369 3663 2550 3717 statim
2584 3673 2635 3719 te
2662 3665 2727 3717 ad
2768 3680 2855 3720 me
2900 3666 3208 3732 introduxi,
3244 3668 3576 3735 comiterque

1998 3765 2246 3824 tanquam
2274 3753 2618 3809 familiarium
2648 3770 2888 3811 meorum
2919 3766 2974 3811 et
3015 3757 3298 3826 mqualium
3347 3759 3576 3828 aliquem

1997 3846 2208 3916 excepi.
2242 3849 2414 3916 Atque
2445 3848 2647 3900 utinam
2691 3862 2787 3915 spe
2827 3863 2942 3900 mea
2977 3848 3192 3903 minime
3224 3850 3405 3904 fallar!
3441 3852 3584 3906 Dixit

1996 3947 2173 3992 autem
2209 3938 2485 3992 Barlaam:
2522 3938 2800 4002 Prwclare,
2842 3946 3002 4008 atque
3043 3949 3100 3992 ut
3140 3940 3282 4009 regia
3330 3941 3578 4009 magnifi-

2003 4031 2175 4084 centia
2209 4030 2426 4100 dignum
2458 4038 2601 4094 erat,
2635 4030 2737 4084 hoc
2768 4030 2962 4093 fecisti,
3000 4041 3054 4084 ut
3104 4046 3205 4084 neu
3253 4032 3315 4086 ad
3347 4041 3584 4087 externae

2001 4123 2223 4175 vilitatis
2252 4121 2487 4191 speciem
2534 4121 2770 4175 animum
2798 4120 3079 4191 adjiceres,
3111 4137 3292 4177 verum
3325 4124 3585 4180 abstrusa:

2000 4214 2113 4285 spei
2146 4216 2372 4283 teipsum
2408 4214 2666 4269 traderes.

2073 4308 2367 4362 Eratenim
2416 4309 2700 4378 aliquando
2734 4323 2955 4380 magnus
3002 4308 3213 4375 quidam
3260 4320 3317 4365 et
3360 4311 3579 4366 illustris

2001 4416 2093 4454 rex
2113 4441 2128 4466 ,
2158 4401 2276 4464 cui,
2308 4414 2427 4454 cum
2472 4401 2525 4453 in
2570 4416 2734 4454 aureo
2763 4416 2923 4454 curru
2944 4442 2959 4465 ,
2987 4403 3277 4456 satellitum
3309 4418 3464 4456 manu
3493 4418 3581 4457 16-

1999 4492 2103 4560 gia:
2145 4491 2409 4559 majestati
2441 4491 2599 4561 digna
2643 4492 2849 4545 cinctus
2887 4492 2987 4545 iter
3017 4492 3245 4555 faceret,
3275 4493 3497 4561 contigit
3524 4503 3580 4545 ut

2002 4584 2137 4637 duos
2169 4585 2332 4647 viros,
2378 4584 2565 4637 laceris
2611 4596 2673 4636 ac
2721 4581 2951 4636 sordidis
2996 4583 3254 4649 vestibus,
3286 4594 3445 4651 atque
3488 4596 3584 4637 ore

311 4678 617 4731 cellentiam
646 4678 930 4746 quidquam
962 4674 1093 4729 falso
1114 4689 1165 4730 et
1193 4675 1586 4730 inconsiderate
1605 4688 1634 4727 a
1662 4690 1745 4727 tne
1770 4673 1897 4727 dici.
1929 4687 1980 4746 D
2006 4677 2175 4731 macie
2205 4675 2472 4740 confecto,
2502 4689 2565 4728 ac
2611 4675 2865 4742 majorem
2896 4678 2948 4728 in
2978 4675 3192 4729 modum
3235 4674 3453 4744 pallido,
3484 4675 3581 4728 ob-

309 4766 498 4819 Omnia
524 4767 669 4819 enim
695 4782 812 4835 quae
842 4766 909 4819 de
940 4782 1025 4819 me
1050 4767 1115 4820 ad
1146 4776 1196 4821 te
1226 4768 1383 4819 allata
1415 4775 1537 4819 sunt
1570 4780 1693 4819 vera
1735 4774 1893 4833 atque

307 4860 374 4911 ab
403 4858 555 4911 omni
602 4857 933 4911 dubitatione
973 4858 1142 4912 aliena
1189 4866 1332 4911 sunt.
1381 4856 1575 4911 Verum
1617 4856 1716 4909 nisi
1766 4872 1892 4924 pru-

308 4948 507 5002 dentia:
554 4959 657 5001 tua:
708 4948 853 5014 prius
905 4950 1196 5018 periculum
1248 4950 1448 5015 fecero,
1482 4949 1632 5003 nefas
1661 4960 1742 5002 est
1792 4949 1895 5003 hoc

307 5042 626 5111 mysterium
661 5041 754 5095 tibi
785 5040 1077 5095 declarare.
1111 5041 1199 5095 Ait
1238 5043 1378 5095 enim
1414 5041 1667 5095 Dominus
1703 5055 1889 5094 meus:

310 5131 450 5185 Exiit
492 5133 583 5201 qui
629 5133 856 5186 seminat
899 5133 1181 5187 seminare.
1224 5133 1289 5186 Et
1328 5134 1451 5186 dum
1500 5132 1760 5193 seminat,
1791 5132 1894 5187 alia

308 5224 526 5292 quidem
561 5223 865 5277 ceciderunt
893 5238 1050 5278 secus
1076 5225 1215 5276 viam
1237 5262 1251 5287 ,
1279 5234 1333 5277 et
1376 5224 1618 5278 volucres
1650 5224 1769 5279 caeli
1803 5239 1895 5276 co-

307 5317 597 5371 mederunt
646 5316 757 5369 illa.
808 5317 925 5370 Alia
973 5316 1283 5371 ceciderunt
1330 5331 1489 5384 super
1536 5326 1768 5385 petrosa,
1805 5314 1894 5369 ubi

305 5424 416 5460 non
447 5416 568 5460 erat
599 5416 738 5461 terra
781 5408 967 5471 multa,
992 5418 1045 5460 et
1075 5408 1350 5460 confesnm
1398 5416 1585 5460 exorta
1634 5416 1789 5471 sunt,
1832 5421 1899 5460 eo

306 5499 451 5569 quod
485 5514 591 5552 non
626 5499 886 5552 haberent
913 5508 1109 5552 terram
1137 5498 1380 5551 multam.
1406 5499 1533 5552 Sole
1559 5514 1686 5552 vero
1712 5507 1899 5553 exortu

304 5600 711 5655 aestuaverunt,
744 5600 797 5644 et
823 5591 947 5659 quia
995 5605 1100 5645 non
1147 5591 1414 5643 habebant
1456 5590 1717 5655 radicem,
1747 5606 1902 5643 arue-

302 5692 453 5737 runt.
488 5681 607 5736 Alia
639 5690 817 5734 autem
847 5680 1162 5736 ceciderunt
1194 5682 1331 5735 inter
1359 5682 1560 5749 spinas,
1593 5689 1645 5735 et
1675 5695 1900 5750 surgen-

305 5786 393 5830 tes
421 5776 595 5842 spinte
621 5772 1016 5830 suffoeaverunt
1042 5789 1127 5829 ea.
1153 5776 1266 5829 Alia
1296 5784 1567 5843 postremo
1593 5774 1903 5828 ceciderunt

301 5866 364 5923 in
415 5874 613 5921 terram
659 5866 881 5933 bonam,
915 5874 969 5921 et
1001 5864 1269 5921 dederunt
1312 5867 1544 5920 fructum
1590 5864 1899 5933 centuplum

2007 4770 2124 4821 vius
2172 4767 2415 4819 haberet.
2463 4765 2594 4834 Regi
2629 4780 2788 4833 porro
2828 4767 3157 4834 exploratum
3186 4775 3301 4820 erat
3328 4781 3422 4821 eos
3462 4780 3582 4819 cor-

2003 4858 2151 4927 poris
2182 4857 2527 4910 afﬂictatione
2552 4872 2613 4911 ac
2642 4857 2765 4911 vita:
2805 4858 2916 4912 Deo
2957 4868 3280 4913 consecratae
3311 4858 3582 4913 laboribus

2003 4964 2192 5003 carnes
2231 4963 2355 5002 suas
2396 4948 2468 5002 ita
2516 4949 2826 5003 confecis>e.
2880 4949 2943 5005 Ut
2994 4949 3151 5019 igitur
3196 4965 3291 5004 eos
3342 4951 3505 5017 vidit,
3549 4968 3582 5008 e

2005 5057 2164 5095 curru
2210 5040 2387 5095 statim
2437 5040 2715 5105 desiliens,
2747 5050 2907 5109 atque
2948 5041 3091 5095 humi
3138 5052 3456 5110 prostratus,
3484 5060 3581 5101 eos

2004 5136 2274 5201 adoravit;
2306 5150 2368 5189 ac
2394 5136 2590 5190 deinde
2634 5150 2878 5203 surgens,
2908 5135 3229 5193 amicissime
3270 5140 3581 5208 complexus

2003 5238 2115 5289 est,
2147 5236 2201 5278 et
2230 5226 2498 5279 salutavit.
2542 5226 2798 5279 Proceres
2835 5234 3012 5280 autem
3060 5227 3227 5296 ipsius
3255 5244 3317 5284 ac
3348 5230 3583 5299 prmfecti

2007 5318 2109 5371 hoc
2154 5316 2384 5370 moleste
2420 5316 2689 5380 tulerunt,
2717 5331 2836 5370 eum
2872 5317 3074 5372 facinus
3105 5320 3248 5387 regia
3285 5321 3458 5388 gloria
3505 5322 3587 5376 in-

2005 5408 2221 5476 dignum
2264 5406 2542 5461 admisisse
2582 5408 2971 5463 existimantes.
3004 5409 3200 5465 Verum
3229 5426 3351 5467 cum
3399 5428 3580 5468 curam

2006 5498 2179 5567 ipsum
2209 5497 2605 5565 reprehendere
2630 5498 2852 5555 minime
2878 5501 3154 5567 auderent,
3178 5518 3297 5557 cum
3326 5519 3584 5573 germano

2012 5591 2177 5659 ipsius
2220 5590 2382 5642 fratre
2411 5588 2666 5657 agebant,
2698 5597 2755 5643 ut
2784 5605 2961 5661 regem
3002 5592 3347 5658 admoneret,
3378 5608 3447 5648 ne
3474 5593 3586 5647 dia-

2005 5680 2236 5734 dematis
2263 5679 2664 5746 amplitudinem
2688 5689 2739 5734 et
2771 5681 3152 5735 sublimitatem
3179 5682 3243 5735 ad
3288 5682 3432 5736 hunc
3472 5696 3589 5734 ntu-

2008 5771 2132 5827 dum
2173 5769 2438 5824 dedecore
2465 5785 2529 5825 ac
2566 5773 2889 5826 contumelia
2932 5772 3185 5826 afficeret.
3231 5771 3362 5823 Cum
3410 5772 3585 5837 itaque

2008 5877 2124 5931 ipse
2178 5861 2292 5917 haec
2341 5859 2493 5917 fratri
2540 5860 2797 5929 dixisset,
2847 5870 3005 5931 atque
3058 5859 3485 5927 intempestivam
3532 5873 3586 5915 et
