4010 6234
454 397 558 452 ωδ

1484 387 1573 443 DE
1612 386 1792 443 VITIS
1833 383 2115 440 PATRUM
2160 383 2364 438 LIBER
2406 380 2677 438 PRIMUS.

3620 378 3717 432 ιδι

456 518 831 581 praeposteram
862 506 1027 576 Ipsius
1058 503 1407 557 humilitatem
1440 510 1737 554 accusasset
1764 543 1776 565 ,
1810 515 2031 569 respon-
2061 502 2109 557 A
2138 499 2425 566 splendore
2472 509 2630 567 atque
2674 499 2855 553 odoris
2902 498 3162 551 suavitate
3195 511 3311 565 qua:
3358 494 3412 547 in
3456 493 3585 562 ipsis
3635 510 3721 548 re-

454 615 570 655 sum
612 601 708 669 ipsi
750 615 840 652 rex
888 597 1063 662 dedit,
1095 595 1234 665 quod
1274 608 1302 645 a
1352 592 1513 645 fratre
1562 592 1778 645 minime
1827 592 2032 644 intelle-

452 699 597 744 ctum
628 698 727 743 est.

529 781 643 833 Mos
668 778 808 831 enim
838 783 944 844 .cgi
983 784 1098 829 erat
1128 784 1182 827 ut
1225 788 1344 827 cum
1377 773 1604 841 aliquem
1636 782 1807 825 morte
1836 773 2031 825 multa-

454 878 567 933 ret,
600 884 894 938 praeconem
920 882 1037 919 cum
1072 866 1215 929 tuba,
1240 880 1359 933 qua:
1386 864 1596 932 quidem
1623 863 1808 917 mortis
1837 863 2033 917 ideirco

454 959 751 1025 dicebatur,
782 959 845 1011 ad
891 959 1053 1027 ipsius
1094 957 1235 1011 fores
1286 957 1548 1021 mitteret,
1579 966 1738 1025 atque
1784 970 1851 1009 ex
1897 955 2035 1009 tuba:

455 1053 597 1107 illius
626 1055 873 1120 clangore
913 1063 1099 1103 omnes
1127 1048 1179 1102 ei
1224 1046 1558 1101 moriendum
1604 1061 1725 1099 esse
1768 1044 2032 1113 intellige-

454 1143 604 1198 baut.
636 1144 816 1211 Itaque
846 1157 964 1195 cum
997 1141 1428 1209 advesperasset,
1471 1138 1720 1192 lethalem
1761 1138 1939 1191 tubam
1968 1136 2036 1191 ad

454 1234 636 1288 fratris
671 1238 748 1287 sui
795 1235 937 1286 fores
968 1233 1271 1300 clangorem
1322 1230 1583 1283 edituram
1624 1243 1714 1281 rex
1767 1228 1931 1281 misit.
1970 1225 2037 1280 Ut

453 1326 614 1397 igitur
641 1326 729 1379 il'e
776 1323 913 1376 hanc
944 1323 1122 1375 tubam
1152 1320 1384 1384 audivit,
1417 1319 1694 1387 desperata
1726 1321 1897 1371 salute
1944 1331 2039 1384 per

454 1426 617 1472 tetam
641 1415 802 1486 254
824 1424 1029 1468 ηιιεῐθιιι
1055 1412 1365 1466 domesticis
1388 1412 1546 1466 rebus
1567 1410 1856 1464 consuluit.
1884 1409 2036 1463 Mane

454 1518 629 1562 autem
674 1517 788 1561 atra
833 1522 893 1560 ac
942 1507 1148 1573 lugubri
1192 1515 1338 1559 veste
1370 1505 1605 1565 indutus,
1634 1517 1753 1557 cum
1786 1517 1949 1555 uxore
1977 1515 2040 1554 ac

456 1601 634 1654 liberis
663 1598 727 1650 ad
773 1598 948 1666 palatii
983 1598 1121 1649 fores
1166 1596 1298 1649 flens
1339 1610 1402 1648 ac
1434 1597 1729 1648 latuentans
1770 1591 2037 1660 profectus

454 1703 554 1744 est.
585 1688 717 1743 Cum
750 1698 924 1740 autem
959 1702 1047 1742 rex
1083 1688 1252 1755 ipsum
1301 1686 1366 1739 ad
1414 1700 1473 1740 se
1513 1685 1847 1745 admisisset,
1880 1692 2041 1750 atque

456 1784 527 1836 ita
567 1781 854 1850 ejulantem
888 1780 1138 1841 vidisset,
1171 1778 1252 1831 his
1284 1778 1459 1831 verbis
1492 1791 1619 1830 usus
1649 1784 1766 1829 est:
1805 1775 1847 1828 0
1878 1775 2040 1828 stulte

2137 588 2349 641 condita
2382 599 2493 641 erat
2527 589 2835 643 oblectavit.
2888 588 3131 653 Dixitque
3158 588 3237 640 eis
3265 602 3279 637 :
3314 585 3474 641 Scitis
3505 585 3713 639 cuinam

2139 681 2214 732 rei
2248 682 2327 732 ha:
2357 695 2498 733 arcae
2541 681 2742 733 similes
2771 681 2908 734 s'nt?
2941 678 3226 732 humilibus
3269 678 3518 731 nimirum
3564 688 3719 746 atque

2135 770 2355 837 alijectis
2404 771 2507 822 illis
2536 771 2685 832 viris,
2737 769 3032 837 vilibusque
3065 769 3305 821 vestibus
3336 767 3558 831 indutis,
3590 783 3723 835 quo-

2136 872 2254 911 rum
2299 872 2396 911 vos
2443 866 2719 923 externum
2770 857 3006 910 habitum
3054 857 3346 921 intuentes,
3386 857 3725 910 contumelia:

2136 961 2199 1000 ac
2229 947 2424 1015 probro
2450 947 2581 998 mihi
2609 947 2862 1012 duxistis,
2888 947 3026 1014 quod
3060 956 3184 1000 ante
3207 960 3299 1001 eos
3330 947 3379 999 in
3410 955 3607 1001 terram
3638 962 3727 1001 me

2139 1036 2477 1105 abiecissem.
2535 1036 2645 1104 Ego
2694 1046 2872 1089 autem
2928 1052 3113 1091 eorum
3164 1036 3511 1106 dignitatem,
3562 1047 3724 1104 atque

2137 1127 2439 1180 animorum
2475 1127 2915 1195 pulchritudinem
2947 1128 3310 1196 Spiritualibus
3337 1136 3510 1182 oculis
3540 1128 3721 1182 consi-

2142 1221 2362 1283 derans,
2398 1233 2463 1271 ex
2496 1220 2730 1287 ipsorum
2762 1228 3008 1272 contactu
3038 1219 3261 1287 gloriam
3294 1220 3575 1282 contraxi,
3607 1233 3727 1272 eos-

2140 1325 2244 1378 que
2273 1311 2457 1377 quavis
2485 1326 2683 1365 corona
2709 1321 2763 1365 et
2801 1313 2985 1379 quavis
3016 1313 3159 1382 regia
3204 1328 3435 1380 purpura
3470 1322 3729 1381 praestan-

2141 1403 2307 1456 tiores
2336 1403 2657 1457 existimavi.
2692 1403 2769 1455 Ad
2816 1402 2953 1455 hunc
3001 1404 3157 1472 igitur
3203 1404 3419 1457 modum
3467 1406 3727 1472 pudorem

2142 1496 2270 1563 ipsis
2303 1496 2550 1556 incusnt,
2582 1511 2781 1563 eosque
2822 1495 2871 1546 in
2906 1495 2985 1548 liis
3028 1496 3186 1549 rebus
3216 1511 3337 1563 quae
3369 1498 3420 1547 in
3449 1504 3727 1563 aspectum

2146 1586 2342 1639 cadunt
2387 1586 2609 1639 minime
2639 1586 2889 1637 oberrare
2935 1585 3144 1647 docuit,
3177 1601 3360 1639 verum
3397 1586 3461 1638 iis
3492 1586 3727 1638 animum

2151 1675 2442 1743 adjutugere
2470 1690 2589 1742 qua:
2621 1674 2889 1726 intellectu
2935 1673 3316 1741 percipiuntur.
3352 1674 3529 1740 Itaque
3558 1674 3624 1726 ad
3657 1673 3728 1741 pii

2148 1773 2207 1819 et
2236 1766 2493 1831 sapientis
2540 1768 2677 1834 regis
2717 1765 3115 1817 similitudinem
3166 1767 3277 1833 ipse
3307 1781 3519 1834 quoque
3548 1781 3733 1820 acces-

457 1889 518 1928 ac
547 1875 782 1936 demens,
818 1873 862 1924 si
913 1871 1089 1924 fratris
1121 1870 1229 1932 tui,
1261 1885 1379 1923 cum
1412 1886 1520 1937 quo
1552 1869 1693 1922 idem
1736 1868 1828 1921 tibi
1874 1882 2043 1935 genus

2162 1855 2299 1917 sisti;
2352 1863 2412 1907 ut
2454 1858 2538 1922 qui
2589 1858 2724 1909 bona
2775 1869 2868 1923 Spe
2926 1857 3081 1908 nixus
3124 1870 3209 1909 me
3251 1858 3567 1925 susceperis,
3613 1873 3736 1925 quae

458 1974 509 2020 et
541 1980 637 2035 par
669 1964 836 2017 honor
878 1970 993 2027 est,
1030 1964 1081 2014 in
1113 1977 1270 2029 quem
1317 1959 1514 2013 nullius
1556 1960 1775 2011 omnino
1821 1958 2043 2011 sceleris

458 2055 550 2109 tibi
589 2053 836 2109 conscius
861 2066 943 2118 es,
992 2065 1287 2119 prtrconem
1330 2051 1399 2102 ita
1444 2048 1772 2109 extimuisti;
1805 2061 2040 2116 quonam

460 2144 621 2199 modo
652 2143 785 2196 mihi
831 2141 1263 2211 reprehensimiis
1303 2150 1481 2193 notam
1533 2139 1732 2191 ideirco
1775 2136 2044 2202 iuussisti,

459 2236 600 2306 quod
644 2235 737 2289 Dei
768 2236 872 2289 mei
912 2249 1205 2302 praecones,
1238 2232 1328 2301 qui
1362 2240 1623 2295 mortem,
1656 2245 1717 2284 ac
1758 2230 1961 2283 Domini
1994 2232 2046 2281 in

459 2342 618 2397 quem
652 2342 737 2379 me
785 2330 946 2378 multa
978 2335 1029 2378 et
1071 2323 1252 2394 gravia
1296 2325 1498 2376 scelera
1553 2330 1889 2386 perpetrasse
1933 2320 2045 2374 scio

462 2414 940 2485 pertimescmidum
970 2414 1257 2465 adventum
1286 2410 1411 2463 mihi
1442 2411 1629 2478 quavis
1661 2408 1783 2463 tuba
1808 2409 2048 2461 vocalius

463 2505 720 2573 altiusque
740 2503 1073 2565 denuntiant,
1101 2499 1374 2553 humiliter
1394 2514 1453 2553 ac
1477 2500 1712 2553 demisse
1740 2498 2049 2552 salutarim?

464 2597 541 2652 En
573 2597 727 2665 igitur
768 2602 823 2649 ut
866 2602 1007 2646 tuam
1050 2590 1373 2645 dementiam
1419 2604 1797 2657 coarguerem,
1835 2588 1933 2641 hac
1966 2602 2050 2640 ra-

468 2691 611 2743 tione
654 2701 782 2740 usns
829 2698 945 2738 sum
971 2724 983 2745 ,
1017 2680 1462 2752 quemadmodum
1493 2680 1651 2732 etiam
1696 2692 1790 2732 eos
1821 2679 1909 2747 qui
1953 2677 2045 2731 tibi

470 2790 526 2833 ut
560 2792 645 2832 me
672 2774 1115 2845 reprehenderes,
1144 2771 1196 2823 in
1224 2769 1459 2822 animum
1493 2769 1843 2831 induxerunt,
1873 2767 2051 2821 statim

472 2869 691 2925 stolidos
717 2876 770 2922 et
813 2872 1054 2918 amentes
1083 2877 1203 2916 esse
1230 2860 1629 2915 demonstrabo.
1660 2863 1834 2927 Atque
1865 2861 1934 2913 ita
1962 2874 2054 2913 cu-

473 2968 646 3013 ratqu
677 2967 732 3012 et
770 2955 966 3010 utiliter
1006 2953 1322 3007 instructum
1353 2949 1569 3004 fratrem
1616 2964 1768 3003 suum
1788 2993 1802 3018 ,
1834 2949 2052 3003 domum

474 3049 698 3108 remisit.

546 3140 712 3197 Iussit
739 3148 915 3193 autem
948 3152 978 3191 e
1007 3137 1149 3206 ligno
1176 3143 1402 3204 quatuor
1441 3148 1593 3189 arcas
1618 3133 1755 3188 effici
1785 3150 1800 3187 :
1832 3148 2052 3202 quarum

2147 1944 2394 2012 quidem,
2429 1954 2487 1997 ut
2512 1948 2723 2009 Opinor.
2759 1945 2977 1998 minime
3007 1951 3058 1999 le
3090 1944 3256 1999 fallet.
3290 1943 3423 1997 Dixit
3448 1956 3627 1998 autem
3660 1946 3731 1996 ad

2152 2050 2274 2089 eum
2305 2034 2561 2103 .Iosaphat
2590 2052 2602 2086 :
2641 2037 2764 2087 Haec
2807 2050 2987 2087 omnia
3039 2034 3257 2102 pulchre
3286 2045 3439 2102 atque
3468 2035 3740 2089 concinne

2150 2127 2350 2182 dixisti.
2382 2128 2578 2179 Verum
2608 2126 2731 2179 illud
2761 2127 2897 2180 Scire
2928 2141 3081 2191 aveo,
3106 2126 3350 2196 quisnam
3380 2126 3447 2181 sit
3476 2136 3595 2180 tuus
3628 2127 3738 2178 Do-

2155 2219 2355 2279 minus,
2393 2232 2550 2287 quem
2598 2228 2651 2271 tu
2692 2219 2947 2272 orationis
2978 2218 3128 2272 initio
3160 2219 3227 2273 de
3274 2218 3367 2273 illo
3413 2218 3746 2273 semiuatore

2153 2310 2318 2363 verba
2350 2310 2540 2362 fecisse
2569 2310 2804 2363 dicebas.

2222 2402 2355 2455 Car.
2392 2400 2499 2454 VII.
2533 2431 2601 2439 —
2640 2400 2842 2454 Rursus
2888 2401 3046 2470 igitur
3101 2415 3403 2456 sermonem
3454 2417 3740 2457 assumens

2154 2491 2402 2544 Barlaam
2425 2532 2440 2558 ,
2474 2492 2646 2546 dixit:
2676 2493 2732 2546 Si
2778 2495 3019 2561 quisnam
3067 2494 3325 2550 Dominus
3355 2511 3504 2549 meus
3544 2497 3614 2549 sit
3658 2503 3751 2549 in-

2158 2583 2399 2653 telligere
2426 2586 2599 2653 cupis,
2634 2586 2890 2640 Dominus
2918 2587 3074 2641 Iesus
3100 2587 3344 2643 Christus
3367 2600 3477 2655 est,
3505 2589 3753 2659 unigeni-

2157 2683 2262 2734 tus.
2296 2676 2507 2743 inquam
2531 2718 2544 2741 ,
2579 2676 2666 2731 ille
2697 2677 2787 2731 Dei
2821 2678 3008 2742 Filius,
3045 2678 3134 2733 ille
3179 2680 3366 2735 beatus
3392 2690 3449 2735 et
3473 2683 3621 2735 solus
3654 2698 3754 2749 po-

2161 2772 2301 2827 tens,
2338 2764 2427 2818 ille
2470 2764 2578 2819 Ilex
2612 2782 2793 2837 regum
2825 2778 2878 2821 et
2910 2768 3163 2825 Dominus
3194 2771 3579 2831 dominantium
3607 2816 3621 2839 ,
3655 2775 3752 2841 qui

2154 2855 2297 2908 solus
2338 2855 2497 2909 habet
2526 2856 3011 2922 immortalitatem,
3045 2875 3108 2914 ac
3153 2861 3325 2915 lucem
3356 2860 3559 2916 habitat
3591 2864 3753 2917 inac-

2155 2944 2489 3011 cessibilem,
2523 2948 2610 3016 qui
2657 2962 2777 3002 cum
2810 2949 2965 3003 Patre
2991 2959 3045 3005 et
3070 2950 3268 3017 Spiritu
3306 2964 3492 3008 sancto
3533 2954 3751 3022 glorifi-

2156 3045 2305 3089 catur
2334 3035 2383 3107 (Ι
2414 3037 2543 3090 Tim.
2574 3038 2669 3107 vi).
2699 3041 2875 3108 Neque
2898 3045 3040 3095 enim
3067 3056 3131 3095 ex
3155 3057 3338 3096 eorum
3370 3059 3600 3099 numero
3625 3060 3754 3099 sum

2158 3128 2247 3195 qui
2280 3130 2472 3181 multos
2504 3130 2603 3183 hos
2631 3141 2685 3184 et
2716 3132 3015 3199 petulantes
3039 3133 3169 3189 deos
3198 3136 3412 3201 colunt,
3443 3146 3599 3204 atque
3631 3138 3756 3191 haec

475 3250 596 3292 cum
623 3234 757 3289 duas
783 3229 1015 3300 undique
1055 3244 1185 3283 auro
1213 3230 1567 3293 contexisset,
1601 3226 1871 3296 fetidaque
1899 3227 2058 3281 cada-
2089 3242 2132 3303 ρ
2163 3218 2353 3271 animae
2383 3221 2621 3286 expertia
2653 3230 2706 3274 et
2736 3220 2897 3275 surda
2943 3223 3225 3277 simulacra
3271 3235 3624 3290 venerantur;
3658 3242 3759 3281 ve-

478 3342 659 3384 verum
688 3339 811 3380 ossa
837 3326 887 3377 in
917 3337 1007 3376 eas
1038 3321 1313 3391 iniecisset
1332 3361 1349 3387 ,
1382 3319 1558 3373 aureis
1588 3319 1725 3374 seris
1763 3332 1858 3374 eas
1897 3317 2060 3372 obfir-

478 3418 678 3481 mavit;
710 3415 930 3481 reliquis
958 3422 1136 3467 autem
1166 3412 1368 3466 duabus
1393 3410 1511 3481 pice
1541 3425 1602 3465 ac
1635 3411 1894 3466 bitumine
1923 3409 2059 3465 obli-

480 3510 573 3571 tis.
615 3507 970 3578 pretiosisque
1019 3503 1282 3573 lapidibus
1327 3511 1381 3557 et
1426 3501 1706 3572 exquisitis
1754 3501 2058 3567 unionibns,

487 3599 745 3669 omnique
774 3596 1123 3665 unguentaria
1154 3593 1441 3662 fragrantia
1473 3594 1721 3661 impletis,
1754 3594 2061 3660 aSperisque

480 3688 695 3745 funibus
714 3685 1042 3750 constrictis,
1069 3697 1318 3753 proceres
1342 3696 1456 3748 eos,
1476 3696 1503 3734 a
1528 3682 1719 3751 quibus
1740 3681 1807 3734 ob
1827 3681 2060 3735 virorum

482 3781 699 3836 illorum
732 3791 1011 3833 occursum
1040 3774 1399 3843 reprehensus
1428 3772 1632 3836 fuerat,
1663 3773 1728 3825 ad
1760 3787 1819 3827 se
1849 3772 2059 3837 accivit,

483 3870 722 3941 ipsisque
749 3878 974 3936 quatuor
1004 3865 1102 3918 has
1131 3880 1284 3918 arcas
1315 3864 1623 3932 proposuit,
1660 3871 1715 3917 ut
1741 3864 1924 3931 quanti
1960 3864 2058 3926 hae,

484 3960 771 4030 quantique
816 3955 921 4009 illa:
970 3955 1123 4021 pretii
1167 3960 1348 4008 essent
1391 3953 1734 4006 aestimarent.
1770 3952 1843 4005 Illi
1885 3963 2078 4025 autent

488 4053 622 4106 duas
666 4062 761 4103 eas
805 4063 923 4117 quae
968 4049 1221 4100 inauratae
1264 4054 1448 4111 erant,
1480 4047 1696 4099 maximi
1747 4046 1898 4115 pretii
1948 4060 2066 4101 esse

487 4140 828 4204 asserebant;
860 4153 1030 4206 neque
1056 4139 1197 4192 enim
1226 4138 1381 4192 aliter
1411 4138 1521 4192 fieri
1552 4153 1707 4206 posse
1731 4138 2063 4206 inquiebant,

487 4232 617 4302 quin
645 4230 698 4283 in
730 4229 861 4299 ipsis
891 4230 1050 4299 regite
1095 4243 1308 4283 coronae
1347 4244 1409 4283 ac
1440 4230 1647 4299 cingula
1680 4231 1951 4285 recondita
1981 4248 2067 4286 es-

486 4332 627 4379 sent.
654 4322 757 4376 Eas
782 4329 968 4375 contra
999 4335 1117 4389 qua:
1146 4321 1263 4389 pice
1290 4334 1352 4373 ac
1381 4321 1640 4376 bitumine
1669 4323 1851 4377 oblita:
1883 4334 2064 4390 erant,

486 4412 620 4468 viles
667 4412 885 4466 omnino
932 4425 997 4465 ac
1048 4411 1243 4465 nullius
1293 4411 1450 4479 pretii
1502 4426 1621 4466 esse
1668 4412 1900 4468 aiebant.
1957 4415 2066 4469 Rex

486 4512 663 4558 autem
691 4501 823 4571 ipsis
863 4500 1031 4555 dixit:
1059 4499 1136 4555 Ne
1163 4515 1251 4555 me
1276 4500 1489 4569 quidem
1539 4502 1801 4570 fugiebat,
1834 4519 1931 4559 vos
1965 4507 2067 4560 hoc

2164 3322 2281 3361 rum
2314 3324 2473 3361 unum
2505 3310 2672 3364 Deum
2704 3326 2935 3379 agnosco
2961 3321 3017 3368 et
3058 3318 3341 3379 contiteor,
3374 3321 3464 3385 qui
3496 3317 3547 3370 in
3580 3319 3759 3373 tribus

2168 3403 2432 3469 personis,
2469 3403 2568 3458 hoc
2606 3412 2689 3457 est
2728 3405 2889 3460 Patre
2932 3415 2986 3460 et
3029 3407 3167 3461 Filio
3196 3418 3250 3461 et
3294 3407 3493 3475 Spiritu
3539 3422 3757 3478 sancto,

2168 3503 2327 3557 atque
2355 3509 2455 3546 una
2504 3504 2692 3548 natura
2721 3504 2775 3549 et
2803 3499 3055 3563 essentia,
3090 3498 3140 3550 in
3172 3513 3276 3551 una
3307 3497 3475 3566 gloria
3504 3507 3560 3553 et
3588 3514 3760 3566 regno

2163 3583 2382 3638 minime
2412 3584 2586 3639 diviso
2627 3586 2973 3656 glorificatur.
3022 3589 3117 3643 Hic
3149 3590 3310 3659 igitur
3342 3592 3392 3644 in
3426 3590 3596 3645 tribus
3628 3606 3761 3659 per-

2163 3673 2308 3727 sonis
2355 3690 2489 3729 unus
2529 3676 2687 3742 Deus,
2740 3678 2984 3746 principii
3034 3693 3097 3733 ac
3143 3679 3265 3733 finis
3317 3694 3515 3749 expers
3559 3680 3755 3752 (Nam,

2165 3776 2295 3818 orat.
2319 3763 2385 3827 2,
2415 3765 2477 3818 de
2509 3765 2752 3837 Paw/1.),
2799 3769 3173 3837 sempiternus,
3223 3770 3516 3837 increatus,
3562 3772 3761 3825 immu-

2167 3855 2360 3919 tabilis,
2390 3871 2616 3925 corpore
2661 3872 2879 3923 vacans,
2910 3859 3225 3924 invisibilis,
3256 3862 3760 3930 circumscriptione

2167 3962 2380 4013 carens,
2408 3949 2569 4001 animi
2596 3949 3130 4018 comprehensionem
3154 3950 3381 4020 fugiens,
3408 3954 3557 4006 solus
3582 3953 3760 4007 bonus

2167 4057 2231 4095 ac
2256 4043 2434 4109 justus
2474 4050 2556 4096 est
2576 4082 2590 4107 ,
2623 4043 2714 4112 qui
2756 4044 2955 4107 omnia,
2986 4053 3092 4096 tam
3122 4056 3235 4112 qua:
3266 4043 3436 4098 oculis
3465 4054 3761 4099 cernuntur

2168 4147 2326 4202 quam
2368 4146 2487 4203 qua
2526 4134 2801 4189 oculorum
2839 4136 3081 4189 obtutum
3121 4133 3370 4204 fugiunt,
3406 4152 3470 4191 ex
3506 4137 3673 4191 nihilo
3705 4139 3760 4191 in

2172 4234 2348 4277 ortum
2380 4223 2646 4293 produxit.

2243 4338 2478 4393 Primum
2522 4338 2731 4393 scilicet
2762 4338 3102 4394 invisibilium
3132 4354 3196 4394 ac
3243 4340 3539 4395 ctelestimu
3586 4341 3760 4394 virtu-

2173 4436 2284 4480 tum
2336 4426 2774 4481 innumerabilem
2819 4426 3105 4495 quamdam
3150 4428 3537 4481 multitudinem
3571 4443 3602 4480 a
3632 4444 3753 4481 ma-

2174 4517 2305 4570 teria
2336 4526 2391 4571 et
2419 4530 2646 4584 corpore
2690 4524 2984 4581 secretam,
3018 4515 3118 4569 hoc
3163 4528 3242 4570 est
3287 4516 3625 4569 administros
3668 4517 3759 4570 di-

490 4596 727 4651 ιὶὶοιιποῧ
752 4607 900 4659 esse;
934 4607 1056 4646 nam
1087 4592 1428 4648 senSibilibus
1457 4594 1625 4649 οευιίε
1647 4609 1707 4650 ea
1732 4610 1850 4665 quin
1879 4597 1932 4651 ill
1957 4612 2072 4652 sell-
2098 4600 2151 4660 D
2176 4605 2311 4659 vina:
2376 4604 2669 4673 maiestatis
2717 4606 2937 4673 Spiritus
2962 4622 2977 4671 ;
3026 4605 3221 4661 deinde
3266 4618 3440 4660 autem
3491 4608 3755 4662 mundum

486 4702 607 4744 sum
637 4686 834 4742 cadunt
860 4685 1178 4755 perSpicitis.
1206 4687 1362 4755 Atqui
1393 4700 1498 4742 non
1528 4686 1599 4740 ita
1624 4686 1923 4743 faciendum
1952 4699 2068 4757 est;

488 4796 675 4838 verum
698 4778 1041 4835 interioribus
1062 4778 1228 4834 oculis
1245 4780 1357 4833 sive
1385 4776 1632 4846 pretium,
1657 4780 1770 4834 sive
1795 4782 2070 4836 utilitatem

490 4885 547 4929 et
573 4874 890 4937 fmdilatem,
919 4885 1035 4940 qua:
1066 4870 1208 4923 intus
1234 4869 1447 4922 condita
1472 4879 1625 4937 sunt,
1653 4880 1894 4938 spectare
1916 4887 2075 4940 opor-

489 4970 585 5018 tet.
640 4966 718 5017 Ac
770 4962 1014 5031 protinus
1083 4960 1354 5014 inauratas
1421 4974 1577 5013 arcas
1640 4962 1835 5029 aperiri
1891 4963 2067 5031 jussit.

488 5054 688 5123 Quibus
711 5053 1012 5122 patefactis,
1041 5051 1219 5123 gravis
1249 5050 1465 5121 quidam
1494 5066 1558 5106 ac
1588 5059 1724 5106 teter
1745 5052 1878 5107 odor
1904 5055 2069 5108 exha-

491 5145 651 5213 lavit,
678 5154 838 5214 atque
864 5143 1359 5213 injucundissimum
1390 5144 1753 5213 spectaculum
1780 5145 1949 5200 oculis
1980 5145 2069 5201 ob—

486 5234 693 5305 iectum
720 5245 820 5290 est.

562 5327 652 5382 Ait
693 5329 871 5397 itaque
912 5341 1011 5382 rex
1048 5345 1061 5380 :
1103 5328 1199 5382 Hic
1239 5342 1425 5384 eorum
1474 5338 1631 5400 typus
1682 5339 1764 5386 est
1809 5332 1897 5402 qui
1944 5347 2063 5388 cum

490 5418 788 5490 splendidis
816 5429 867 5472 et
911 5418 1203 5473 illustribus
1250 5420 1483 5475 vestibus
1531 5431 1766 5487 utantur,
1798 5435 1956 5492 atque
1997 5424 2067 5481 ob

490 5513 756 5580 ingentem
780 5510 1002 5580 gloriam
1024 5521 1079 5566 et
1098 5511 1393 5580 potentiam
1419 5512 1710 5568 insolenter
1734 5530 1794 5569 se
1818 5514 2064 5584 efferant,

488 5604 631 5657 intus
654 5612 831 5656 tamen
859 5600 1036 5657 fetidis
1056 5602 1406 5658 cadaveribus
1426 5618 1490 5657 ac
1511 5603 1725 5675 ﬂagitiis
1752 5606 1894 5674 pleni
1920 5615 2066 5661 sunt.

488 5692 618 5749 Post
644 5700 818 5747 autem
839 5731 855 5755 ,
887 5706 1009 5747 cum
1038 5706 1130 5748 eas
1170 5709 1289 5762 quae
1337 5694 1454 5762 pice
1492 5708 1557 5750 ac
1599 5696 1857 5754 bitumine
1890 5700 2070 5755 oblita:

487 5783 916 5853 erant.aperiri
957 5781 1239 5854 iussisset,
1288 5796 1477 5841 omnes
1528 5799 1621 5843 eos
1669 5788 1761 5858 qui
1811 5780 2067 5859 aderant,

2178 4698 2318 4751 hunc
2346 4697 2401 4751 in
2428 4708 2701 4766 aspectum
2730 4697 3013 4752 cadentem
3032 4737 3046 4759 ,
3079 4696 3179 4751 hoc
3201 4708 3281 4752 est
3305 4697 3499 4751 cretum
3519 4740 3533 4762 ,
3559 4713 3621 4752 ac
3650 4709 3760 4752 ter-

2176 4806 2319 4856 ram,
2348 4800 2404 4845 et
2433 4805 2608 4855 mare;
2633 4804 2792 4860 quem
2821 4792 2981 4844 etiam
3012 4791 3280 4846 hetissima
3308 4790 3423 4845 luce
3448 4792 3756 4855 coornavit,

2175 4880 2368 4935 etclam
2398 4894 2590 4948 nempe
2619 4880 2732 4934 sole
2758 4893 2821 4933 ac
2862 4879 2984 4933 luna
3014 4887 3069 4934 et
3111 4880 3398 4943 sideribus,
3432 4889 3628 4934 terram
3656 4894 3759 4932 au-

2179 4983 2284 5027 tem
2326 4974 2501 5028 omnis
2530 4971 2739 5042 generis
2769 4973 2928 5043 255
2958 4971 3211 5041 stirpibus
3236 4986 3298 5027 ac
3324 4972 3485 5027 variis
3514 4973 3761 5025 animau-

2177 5064 2335 5125 tibus,
2370 5078 2519 5117 mare
2546 5062 2776 5131 denique
2804 5064 3257 5117 numerosissimis
3288 5062 3512 5131 piscium
3543 5064 3758 5132 generi-

2178 5155 2294 5207 bus.
2325 5154 2449 5207 llaec
2476 5156 2653 5207 omnia
2683 5152 2798 5221 ipse
2823 5151 2984 5219 dixit,
3018 5160 3073 5208 et
3102 5151 3238 5207 facta
3270 5161 3431 5217 sunt;
3466 5152 3579 5221 ipse
3606 5168 3759 5206 man:

2178 5247 2354 5311 davit,
2381 5254 2436 5301 et
2464 5257 2643 5301 creata
2672 5256 2798 5299 sunt
2825 5244 2997 5317 (Psal.
3026 5246 3273 5313 CXLVIII).
3308 5243 3438 5299 Post
3463 5255 3637 5299 autem
3668 5246 3757 5298 ho-

2177 5353 2373 5393 minem
2404 5340 2629 5394 suismet
2660 5338 2902 5392 manibus
2932 5335 3173 5406 elﬂngit,
3206 5346 3421 5406 sumpto
3450 5336 3697 5390 nimirum
3732 5354 3760 5387 κ

2179 5438 2319 5483 terra
2350 5429 2418 5483 ad
2446 5432 2685 5497 corporis
2715 5427 3158 5496 compositionem
3185 5427 3322 5493 luto,
3363 5427 3542 5481 anima
3583 5436 3760 5479 autem

2179 5519 2405 5573 rationis
2433 5529 2487 5574 et
2514 5520 2882 5589 intelligentiae
2909 5518 3167 5587 participe
3207 5533 3301 5587 per
3342 5531 3491 5571 suam
3525 5518 3764 5570 insuttla-

2182 5609 2382 5663 tionem
2412 5610 2509 5678 ipsi
2542 5611 2758 5675 tributa,
2786 5623 2906 5679 quae
2932 5608 3146 5677 quidem
3178 5611 3243 5661 ait
3278 5608 3369 5663 Dei
3403 5608 3684 5677 imaginem
3709 5618 3765 5658 et

2178 5697 2577 5755 similitudinem
2627 5701 2814 5755 effecta
2860 5714 2980 5756 esse
3028 5700 3225 5769 scripta
3273 5707 3357 5754 est
3403 5698 3622 5767 (ϐείω)
3650 5716 3661 5749 ;
3694 5697 3763 5750 ad

2181 5789 2468 5861 imaginem
2497 5790 2787 5863 videlicet,
2831 5798 2995 5861 propt
3022 5807 3045 5852 ι·
3088 5792 3198 5847 vim
3242 5789 3575 5860 intelligendi
3603 5798 3762 5858 atque
