4010 6240
374 350 480 406 465

808 350 966 407 νιτΑ
1008 349 1423 408 SANCTORUM
1465 350 1795 407 BARLAAM
1839 350 2172 407 EREMlTrE
2214 350 2303 406 ET
2341 350 2692 409 JOSAPIIAT
2731 354 2941 410 INDUE
2986 356 3210 413 REGlS.

3539 352 3642 409 ιθσ

371 461 582 515 arbitrii
614 461 947 526 libertatem;
977 462 1041 516 ad
1070 462 1472 517 similitudinem
1500 470 1709 530 autem,
1742 473 1957 532 propter
1987 464 2033 520 Α
2136 458 2236 514 Alii
2282 461 2423 515 enim
2463 477 2589 517 casu
2620 478 2683 518 ac
2711 463 2930 520 fortuito
2956 467 3130 521 omnia
3164 467 3310 533 ferri,
3357 469 3642 537 providen-

371 556 586 609 virtutis
626 556 815 623 ipsius,
846 555 1017 623 quoad
1048 556 1162 624 ejus
1194 555 1307 609 ﬂeri
1336 564 1507 623 potest
1528 598 1541 618 ,
1577 555 1950 608 imitationem.

373 648 528 701 Hunc
550 662 713 717 porro
739 646 1030 712 hominem,
1060 647 1261 699 arbitrii
1293 647 1536 701 libertate
1558 656 1715 713 atque
1745 646 1957 698 immor-

371 739 575 791 talitate
616 739 904 802 donatum,
937 750 1120 789 eorum
1168 752 1287 806 quae
1330 737 1380 789 in
1425 744 1565 791 terra
1613 747 1737 788 sunt
1773 751 1951 806 regem

369 829 682 892 constituit;
709 839 867 895 atque
897 843 960 881 ex
1002 829 1117 893 ipso
1149 827 1433 892 feminam,
1463 843 1582 897 quae
1628 827 1726 896 ipsi
1754 829 1956 882 auxilio

370 931 544 990 esset,
579 921 680 988 ipsi
707 921 937 975 similem
966 919 1158 975 effecit.

442 1012 771 1082 Consitoque
814 1014 866 1066 in
900 1012 1047 1066 Eden
1081 1010 1460 1066 adOrientem
1503 1012 1770 1080 paradiso,
1804 1011 1955 1063 volu-

368 1106 532 1177 ptatis
581 1106 758 1160 omnis
805 1114 966 1174 atque
1011 1105 1390 1159 oblectamenti
1421 1106 1601 1174 pleno,
1658 1105 1952 1167 hominem,

368 1213 529 1267 quem
560 1197 865 1261 efﬂuxerat,
911 1196 962 1250 in
993 1196 1109 1265 ipso
1148 1197 1467 1261 collocavit;
1507 1196 1587 1251 sic
1626 1196 1863 1265 quidem,
1899 1204 1957 1248 ut

369 1291 547 1346 divina
566 1291 775 1345 bonitas
797 1289 973 1342 omnia
994 1288 1129 1356 ligna
1151 1304 1268 1355 qua:
1288 1288 1399 1342 illic
1418 1299 1569 1341 erant
1592 1288 1707 1342 sine
1726 1288 1834 1340 ullo
1854 1286 1955 1339 itii-

368 1383 679 1452 pedimento
701 1397 821 1435 eum
856 1380 1387 1448 perciperejuberet;
1426 1380 1580 1432 unius
1602 1389 1781 1432 autem
1813 1377 1953 1430 dun-

369 1483 518 1527 taxat
556 1471 929 1540 degostatione
980 1470 1080 1537 ip-i
1133 1469 1480 1522 interdiceret
1525 1467 1687 1537 (quod
1737 1467 1951 1536 quidem

368 1564 570 1632 lignum
616 1561 855 1615 scientim
884 1560 1005 1613 boni
1057 1570 1108 1612 et
1160 1559 1285 1611 ma'i
1336 1558 1657 1625 appellatum
1688 1564 1812 1623 est),
1873 1559 1953 1613 his

371 1659 550 1711 verbis
605 1665 759 1709 utens
799 1669 815 1707 :
874 1654 1198 1721 Quatunqne
1229 1651 1314 1704 die
1343 1651 1686 1706 comederPtis
1731 1667 1793 1705 ex
1845 1668 1950 1716 eo,

370 1758 545 1803 morte
572 1747 899 1801 moriemini.
950 1745 1234 1799 Enimvero
1266 1758 1400 1796 unus
1446 1760 1511 1797 ex
1544 1743 1816 1811 prmdictis
1859 1759 1954 1797 an-

2063 552 2256 619 timqne
2298 553 2536 619 expertia
2568 568 2690 610 esse
2727 567 3081 623 censuerunt;
3134 566 3385 629 tanquam
3436 560 3642 617 scilicet

2061 642 2235 696 nullus
2262 643 2518 700 Dominus
2546 648 2618 702 sit
2662 649 2752 717 qui
2787 664 2847 702 ea
2876 660 3027 719 regat
3057 663 3118 705 ac
3165 652 3492 707 moderetur.
3535 655 3641 709 Alii

2062 730 2230 785 fatum
2263 735 2596 801 invexerunt,
2628 739 2983 808 natalitiisque
3005 741 3270 797 s'deribus
3292 744 3469 797 otnuia
3496 760 3641 799 com-

2060 825 2338 879 miserunt.
2372 828 2471 882 Alii
2502 832 2698 885 multos
2725 832 2855 886 deos
2900 834 3091 900 malos,
3134 849 3198 889 ac
3228 834 3409 889 multis
3438 836 3641 891 vitiosis

2059 916 2429 974 affectionibus
2482 922 2786 979 laborantes
2839 925 3161 992 coluerunt,
3221 942 3326 998 quo
3384 929 3637 985 videlicet

2060 1021 2273 1062 suarum
2306 1011 2644 1067 alfectionum
2676 1025 2730 1068 et
2759 1017 2993 1083 gravium
3027 1016 3344 1087 ﬂagitiorum
3387 1020 3635 1075 defenso-

2059 1112 2146 1152 res
2174 1109 2226 1153 ct
2258 1112 2510 1169 patronos
2550 1118 2641 1158 eos
2675 1105 2954 1161 baberent.
2987 1108 3222 1175 Quorum
3251 1110 3411 1163 etiam
3438 1107 3639 1165 formas

2060 1190 2263 1257 pictura
2296 1197 2681 1262 exprimentes,
2712 1198 2902 1252 surdas
2932 1209 3133 1253 statuas
3164 1215 3225 1255 ac
3269 1216 3429 1256 sensu
3459 1215 3642 1256 caren~

2061 1280 2130 1333 tia
2162 1282 2447 1339 simulacra
2482 1286 2533 1340 in
2571 1287 2734 1342 altum
2765 1301 3073 1358 erexerunt,
3128 1307 3300 1361 eaque
3340 1293 3391 1348 in
3424 1294 3639 1364 templis

2061 1374 2265 1428 inclusa
2294 1377 2571 1432 coluerunt
2599 1388 2654 1433 et
2683 1379 2992 1448 adorarunt,
3038 1386 3335 1438 servientes
3384 1384 3641 1438 nimirum

2061 1476 2326 1521 creaturae
2358 1472 2531 1535 potius
2562 1486 2719 1539 quam
2748 1473 3006 1527 Creatori.
3038 1475 3265 1541 Quidam
3298 1480 3440 1531 enim
3469 1477 3638 1532 solem

2060 1563 2111 1607 et
2133 1555 2311 1608 lunam
2344 1573 2404 1611 ac
2431 1559 2629 1625 sidera,
2665 1576 2783 1629 qua:
2815 1562 2955 1617 Deus
2982 1564 3047 1616 ad
3075 1565 3245 1619 lucem
3278 1576 3495 1621 terreno
3518 1567 3639 1622 huic

2061 1651 2260 1699 mundo
2291 1647 2615 1702 afferendum
2659 1653 2856 1719 ροεειίι.
2905 1654 3225 1709 coluerunt:
3259 1672 3380 1725 qua:
3423 1659 3639 1725 quidem

2060 1737 2234 1790 anima
2295 1749 2346 1790 et
2401 1754 2561 1793 sensu
2611 1752 2826 1808 carent,
2875 1758 2940 1799 ac
2988 1745 3257 1800 Creatoris
3308 1747 3641 1816 providentia

368 1838 558 1909 gelicis
587 1838 777 1903 copiis,
811 1836 898 1903 qui
928 1837 1013 1888 ttni
1045 1834 1237 1899 agmini
1272 1844 1518 1903 praeerat,
1545 1850 1664 1888 cum
1696 1835 1951 1889 naturalis

2060 1830 2421 1883 illuminantur
2450 1840 2506 1884 et
2543 1842 2952 1899 conservantur,
2988 1852 3092 1890 non
3140 1849 3318 1892 autem
3350 1839 3638 1910 quidquam

366 1930 484 1983 vitii
522 1945 587 1983 ne
612 1929 892 1982 minimum
918 1927 1131 1997 quidem
1160 1926 1435 1996 vestigium
1466 1942 1493 1980 a
1525 1938 1767 1981 creatore
1799 1943 1953 1983 acce-

366 2020 556 2089 pisset,
585 2036 771 2075 verum
816 2020 941 2073 boni
986 2034 1146 2074 causa
1178 2026 1489 2087 procreatus
1528 2019 1739 2085 fuisset,
1776 2022 1945 2075 libera

366 2114 566 2167 mentis
594 2112 897 2166 inductione
936 2125 967 2165 a
1005 2111 1146 2165 hono
1172 2110 1225 2164 in
1269 2111 1465 2164 malum
1506 2111 1743 2177 deflexit,
1793 2123 1953 2180 atque

375 2202 665 2256 insolentia
737 2204 942 2267 elatus,
1015 2202 1271 2257 adversus
1328 2203 1609 2258 Dominum
1663 2220 1726 2259 ac
1784 2205 1949 2260 Deum

371 2294 640 2347 rebellare
695 2293 877 2346 voluit.
930 2296 1006 2347 Ac
1060 2302 1347 2363 pr0pterea
1398 2311 1461 2349 ex
1517 2296 1705 2351 ordine
1748 2312 1847 2351 suo
1889 2312 1953 2352 ac

365 2381 633 2451 dignitate
662 2385 911 2450 expulsus
936 2392 1038 2452 est,
1065 2392 1225 2452 atque
1251 2400 1348 2453 pro
1379 2388 1533 2439 beata
1575 2386 1664 2440 illa
1695 2388 1864 2455 gloria
1898 2397 1951 2441 et

364 2474 609 2542 angelico
635 2475 870 2538 nomine,
905 2474 1101 2529 diaboli
1134 2490 1198 2530 ac
1227 2476 1440 2531 Satanae
1471 2492 1664 2531 nomen
1690 2493 1949 2532 consecu-

366 2573 453 2617 tus
476 2574 579 2618 est.
600 2565 738 2617 Deus
760 2564 900 2618 enim
932 2566 1126 2635 ipsum,
1152 2579 1204 2621 et
1224 2568 1428 2622 cmlesti
1451 2569 1623 2639 gloria
1651 2570 1947 2640 indignum,

362 2652 693 2721 praecipnem
722 2669 755 2708 e
794 2656 933 2709 coelo
962 2658 1284 2712 exturbavit.
1318 2658 1450 2713 Cum
1490 2674 1555 2715 eo
1588 2675 1747 2729 porro
1788 2662 1949 2718 simul

361 2745 545 2798 avulsa
574 2758 628 2799 et
674 2747 847 2815 ejecta
874 2757 955 2801 est
986 2748 1174 2817 ingens
1209 2750 1517 2819 angelorum
1547 2751 1637 2818 qui
1678 2752 1777 2819 ipsi
1818 2754 1948 2809 sub-

365 2843 521 2886 erant
549 2836 837 2889 multitudo
864 2857 877 2892 :
906 2837 993 2904 qui
1025 2838 1238 2907 quidem
1265 2840 1457 2894 montis
1481 2841 1794 2899 inductione
1824 2846 1951 2900 mali

360 2924 562 2988 ell'ecti,
593 2942 657 2980 ac
686 2927 808 2981 boni
838 2929 956 2984 loco
978 2931 1230 3000 principis
1256 2934 1335 2986 sui
1362 2933 1721 2991 defectionem
1752 2940 1946 3007 secuti,

365 3009 664 3073 dienionu'm
715 3036 935 3088 nomen,
965 3031 1024 3077 ut
1054 3024 1377 3092 impostores
1420 3042 1483 3083 ac
1520 3029 1952 3101 circumscripto-

369 3123 477 3172 res,
509 3122 854 3178 acceperunt.

2058 1937 2152 1990 per
2199 1939 2257 1976 se
2294 1923 2485 1977 vitium
2532 1924 2748 1979 habent.
2778 1926 2881 1979 Alii
2930 1936 3107 1981 autem
3143 1929 3318 1998 ignem
3348 1940 3404 1985 et
3447 1946 3639 2002 aquam

2054 2027 2116 2066 ac
2156 2014 2360 2082 reliqua
2395 2023 2553 2069 terra:
2598 2015 2886 2085 elementa,
2936 2017 3130 2087 quibus
3174 2034 3272 2073 nec
3317 2019 3496 2074 anima
3542 2038 3642 2076 nec

2056 2117 2248 2158 scnsus
2277 2104 2436 2159 ineSt.
2471 2104 2654 2175 Neque
2683 2121 2778 2162 eos
2801 2108 2892 2176 qui
2915 2110 3091 2163 anima
3119 2120 3174 2163 et
3202 2112 3407 2166 ratione
3430 2113 3639 2181 praediti

2054 2204 2179 2248 sunt
2209 2194 2472 2264 ejusmodi
2516 2196 2679 2253 rebus
2720 2197 2920 2253 cultum
2961 2200 3221 2256 adhibere
3270 2201 3479 2269 puduit.
3530 2206 3636 2259 Alii

2061 2284 2213 2352 feris,
2266 2296 2320 2342 et
2349 2289 2653 2357 reptilibus,
2683 2298 2740 2346 et
2783 2291 3097 2360 pecudibus,
3128 2302 3180 2347 et
3210 2296 3641 2365 quadrupedibus

2057 2378 2420 2432 animantibus
2466 2380 2863 2436 venerationem
2895 2383 3193 2439 tribuerunt
3223 2403 3236 2439 :
3264 2385 3386 2441 hinc
3432 2388 3639 2444 scilicet

2057 2482 2180 2522 sese
2227 2469 2448 2525 rationis
2491 2471 2660 2541 magis
2705 2485 2954 2541 expertes
2999 2476 3343 2529 ostendentes
3372 2493 3527 2546 quam
3574 2496 3637 2534 ea

2056 2558 2171 2626 ipsa
2198 2575 2318 2629 quae
2360 2562 2631 2617 colebant.
2663 2563 2771 2618 Alii
2799 2566 3029 2633 turpium
3062 2570 3416 2635 quorumdam
3449 2580 3504 2626 et
3543 2574 3638 2625 ab-

2053 2649 2319 2719 jectorum
2352 2653 2625 2708 hominum
2651 2654 2849 2709 formas
2874 2656 3248 2726 depinxerunt,
3280 2675 3481 2730 eosque
3504 2663 3641 2719 deos

2058 2743 2414 2811 appellarunt,
2469 2746 2659 2813 partim
2688 2748 2974 2810 masculos,
3008 2750 3197 2814 partim
3224 2748 3449 2805 feminas
3470 2767 3631 2822 :quos

2056 2833 2217 2887 etiam
2251 2835 2464 2903 ipsimet
2492 2834 2784 2901 adulteros,
2818 2844 2872 2891 et
2901 2836 3213 2903 homicidas,
3247 2848 3303 2894 et
3332 2841 3633 2907 iracundos,

2056 2933 2110 2978 et
2138 2924 2370 2989 invidos,
2399 2936 2454 2979 et
2484 2924 2734 2991 furiosos,
2786 2936 2840 2981 et
2870 2929 3187 2996 parricidas,
3228 2940 3282 2984 et
3310 2931 3631 2994 fratricidas.

2056 3024 2111 3069 et
2140 3015 2304 3078 fures,
2338 3016 2498 3086 256
2525 3026 2578 3071 et
2606 3026 2873 3085 raptores,
2902 3026 2957 3072 et
2980 3019 3218 3085 claudos,
3248 3030 3303 3075 et
3326 3022 3552 3091 debiles,
3583 3033 3639 3081 et

2058 3107 2348 3172 veneﬂcos,
2379 3115 2434 3161 et
2461 3109 2675 3161 insanos
2702 3123 2824 3163 esse
2854 3109 3213 3178 tradiderunt,
3245 3123 3406 3184 atque
3446 3116 3635 3171 horum

442 3201 691 3256 mame
722 3202 906 3272 igitur,
954 3203 1203 3273 abiaram
1246 3220 1465 3274 prorsus
1495 3212 1657 3274 υοηο,
1701 3211 1947 3280 [namque
1977 3217 2023 3279 Ο
2062 3196 2349 3250 nonnullos
2396 3208 2621 3253 mortem
2675 3199 2891 3265 obiisse,
2946 3204 3231 3257 nonnullos
3269 3205 3489 3262 fulmine
3518 3223 3641 3278 per.

364 3300 550 3345 natura
597 3305 890 3361 assumpta,
924 3293 1183 3348 invidiam
1214 3296 1471 3352 adversus
1500 3298 1771 3356 hominem
1820 3316 1947 3357 con-

365 3385 511 3452 cepit
539 3384 697 3455 (Sap.
734 3384 816 3455 tt),
845 3397 1128 3455 propterea
1158 3387 1300 3457 quod
1332 3390 1567 3458 seipsum
1602 3407 1633 3446 e
1661 3402 1805 3447 tanta
1835 3394 1949 3463 glo-

368 3478 442 3529 ria
474 3476 729 3544 ejectum,
765 3477 913 3531 illum
966 3487 1141 3532 autem
1182 3479 1247 3533 ad
1284 3490 1485 3536 tantum
1530 3483 1785 3539 honorem
1834 3489 1951 3540 sub-

365 3576 575 3621 Vectum
608 3568 985 3635 perspiceret:
1028 3583 1259 3638 eumque
1313 3585 1344 3625 e
1392 3573 1545 3627 beata
1592 3574 1682 3628 illa
1738 3577 1949 3632 vivendi

364 3656 576 3711 ratione
606 3654 843 3724 dejicere
873 3658 1209 3713 moliebatur.
1240 3660 1416 3727 Quare
1438 3674 1740 3731 serpentem
1775 3666 1947 3735 impo-

365 3757 531 3803 stura:
562 3763 675 3803 sua:
702 3748 972 3803 ofﬂeinam
1006 3761 1213 3817 nactus,
1248 3767 1341 3821 per
1370 3769 1491 3808 eum
1522 3755 1777 3811 feminam
1817 3773 1952 3813 con-

365 3841 531 3893 venit.
576 3844 816 3907 Cumque
871 3856 988 3895 eam
1040 3857 1135 3909 spe
1182 3842 1478 3898 divinitatis
1525 3845 1858 3914 adduxisset,
1895 3858 1951 3903 ut

366 3930 704 3985 interdictum
731 3932 932 3999 lignum
956 3933 1280 4003 degustaret,
1315 3949 1409 4003 per
1437 3952 1554 3991 eam
1584 3948 1765 4006 postea
1788 3940 1948 3994 etiam

366 4022 635 4078 Adamum
677 4022 823 4091 (nam
870 4024 969 4078 hoc
1018 4025 1194 4093 primo
1244 4026 1446 4081 homini
1495 4044 1689 4083 nomen
1724 4029 1847 4101 fuit)
1895 4034 1950 4087 in

367 4112 609 4168 fraudem
657 4114 888 4184 impulit.
947 4116 1115 4171 Porro
1161 4108 1360 4188 autem,
1422 4128 1478 4173 ut
1534 4121 1739 4189 primus
1790 4123 1953 4178 homo

368 4214 550 4260 contra
580 4206 817 4261 divinum
845 4208 1127 4277 imperium
1157 4210 1488 4266 interdictam
1525 4213 1754 4281 plantam
1787 4215 1953 4285 degu-

369 4299 548 4362 stavit,
581 4313 613 4352 a
643 4315 854 4353 summo
886 4311 1108 4369 parente
1142 4312 1302 4371 atque
1329 4304 1623 4359 architecto
1651 4321 1681 4360 e
1727 4308 1950 4363 delicia-

368 4403 484 4444 rum
518 4390 767 4457 paradiso
794 4393 1198 4459 exterminatur,
1232 4404 1391 4459 atque
1423 4396 1593 4451 beatae
1625 4397 1763 4453 illius
1803 4408 1857 4453 et
1884 4401 1953 4454 ab

369 4483 532 4537 exitio
583 4482 838 4538 immunis
872 4485 997 4541 vitae
1042 4486 1164 4541 loco
1195 4486 1247 4541 in
1304 4489 1440 4543 hanc
1469 4489 1655 4561 (heu!)
1702 4495 1948 4548 miseram

2057 3301 2243 3343 cussos
2275 3289 2457 3353 fuisse,
2489 3290 2774 3344 nonnullos
2817 3291 3118 3348 hominibus
3165 3296 3436 3363 serviisse,
3479 3308 3640 3368 atque

2057 3380 2278 3434 exsules
2319 3381 2612 3446 exstitisse,
2662 3382 2947 3436 nonnullos
2977 3385 3195 3439 vulnera
3238 3389 3531 3457 accepisse,
3578 3406 3641 3444 ac

2056 3472 2285 3528 lamenta
2312 3471 2566 3537 edidisse,
2600 3482 2759 3543 atque
2790 3473 2859 3528 ob
2908 3476 3147 3543 improba
3175 3489 3228 3532 et
3264 3477 3405 3533 foeda
3438 3481 3635 3549 ﬂagitia

2055 3564 2108 3618 in
2138 3564 2386 3617 animalia
2434 3579 2553 3619 sese
2586 3566 2915 3620 immutasse.
2948 3567 3065 3633 Quo
3094 3568 3252 3623 fiebat
3295 3579 3352 3623 ut
3397 3572 3639 3625 homines

2055 3654 2124 3708 ab
2156 3655 2283 3723 ipsis
2316 3654 2418 3709 diis
2448 3656 2789 3709 occasionem
2818 3669 3111 3727 sumentes,
3144 3662 3286 3713 onmi
3318 3661 3642 3730 impuritatis

2056 3763 2258 3818 genere
2289 3762 2413 3802 sese
2459 3748 2907 3803 contaminarent.
2958 3750 3035 3804 Ac
3079 3760 3192 3804 tum
3223 3752 3483 3808 horrenda
3525 3758 3643 3823 qui-

2058 3840 2179 3890 dem
2213 3837 2386 3906 caligo
2414 3851 2582 3906 genus
2626 3846 2868 3892 nostrum
2903 3841 3153 3907 tenebat;
3184 3857 3354 3911 neque
3397 3855 3511 3898 erat
3552 3849 3667 3914 qui

2058 3927 2408 3998 intelligeret,
2440 3942 2537 3982 nec
2575 3929 2665 3998 qui
2696 3929 2861 3983 Dettm
2894 3931 3192 4000 requireret
3222 3932 3394 4003 (Psal.
3428 3936 3569 3999 xm).

2132 4021 2205 4074 Ea
2254 4029 2431 4075 autem
2463 4029 2621 4077 aitate
2649 4022 2919 4076 Abraham
2964 4025 3111 4078 solus
3141 4028 3392 4081 inventus
3440 4039 3522 4083 est
3551 4031 3643 4097 qui

2059 4116 2252 4169 animm
2280 4128 2494 4168 sensum
2529 4115 2741 4169 ﬂrmum
2789 4130 2852 4171 ac
2899 4117 3163 4172 valentem
3196 4118 3438 4185 haberet,
3487 4132 3648 4191 atque

2060 4220 2129 4261 ex
2166 4221 2340 4260 rerum
2390 4207 2722 4261 conditarum
2773 4218 3059 4276 prospectu
3109 4211 3444 4267 conditorem
3481 4227 3646 4283 agno-

2064 4307 2264 4354 sceret.
2290 4302 2421 4352 Nam
2449 4315 2569 4353 cum
2604 4301 2823 4366 (telum,
2854 4316 2917 4353 ac
2949 4310 3169 4368 terram,
3201 4313 3255 4357 et
3280 4319 3451 4372 mare,
3475 4306 3641 4361 solem

2060 4392 2187 4447 item
2235 4401 2289 4445 et
2318 4394 2492 4446 lunam
2523 4408 2585 4446 ac
2618 4393 2819 4461 reliqua
2857 4394 3289 4462 considerasset,
3338 4396 3663 4465 huiusmodi

2062 4492 2309 4537 ornatum
2336 4484 2712 4538 concinnitatis
2756 4484 2969 4552 plenum
3015 4484 3306 4541 admiratus
3350 4496 3451 4541 est.
3486 4487 3647 4541 Cum-

369 4574 529 4627 vitam
568 4574 780 4640 incidit,
828 4591 891 4630 ac
938 4584 1212 4644 postremo
1256 4590 1426 4634 morte
1458 4583 1735 4637 multatur.
1780 4590 1953 4654 Atque
1983 4596 2033 4657 ι)
2062 4592 2167 4647 que
2189 4577 2466 4641 mundum,
2491 4585 2548 4630 et
2581 4591 2645 4630 ea
2674 4591 2794 4646 qua:
2826 4578 2875 4629 in
2905 4576 3020 4645 ipso
3067 4584 3214 4641 sunt,
3254 4579 3644 4646 conspexisset.

369 4664 492 4719 hinc
518 4667 661 4721 vires
691 4675 879 4721 nactus
908 4668 1174 4733 diabolus,
1204 4678 1260 4724 et
1302 4670 1528 4726 victoria
1575 4674 1767 4743 elatus,
1796 4684 1954 4731 aucto

370 4756 649 4811 hominum
697 4772 919 4825 genere,
950 4773 1110 4813 omne
1141 4760 1495 4831 improbitatis
1525 4779 1695 4833 genus
1736 4766 1870 4835 ipsis
1899 4767 1953 4821 in

369 4850 605 4903 animum
632 4848 833 4918 injecit.
865 4849 945 4904 Ex
974 4865 1077 4920 quo
1098 4849 1293 4907 factum
1323 4861 1405 4907 est
1435 4864 1493 4909 ut
1519 4854 1661 4911 Deus
1684 4857 1955 4928 ingentem

370 4942 574 5009 peccati
602 4942 859 5011 impetum
883 4955 1135 4997 coercere
1154 4957 1217 4998 ac
1243 4928 1536 5014 reprimere
1561 4948 1770 5015 volens,
1802 4958 1957 5004 terra:

369 5033 625 5087 diluvium
657 5034 947 5101 induxerit,
980 5043 1141 5106 atque
1171 5050 1383 5093 omnem
1420 5040 1654 5093 animam
1683 5041 1956 5094 viventem

367 5126 688 5180 exstinxerit
716 5123 869 5196 (Gen.
900 5126 1021 5196 vn).
1049 5128 1180 5181 Cum
1210 5139 1385 5183 autem
1424 5146 1586 5183 unum
1616 5130 1873 5186 duntaxat
1902 5133 1956 5186 in

368 5219 453 5272 illa
487 5227 648 5272 relate
670 5218 874 5286 justum
905 5222 1081 5273 virum
1117 5220 1428 5286 invenisset,
1459 5223 1599 5277 hunc
1639 5237 1761 5279 cum
1789 5238 1957 5279 uxore

369 5325 431 5365 ac
462 5311 649 5365 liberis
676 5313 727 5363 in
770 5326 892 5365 arca
923 5311 1151 5380 quadam
1179 5322 1471 5379 servatum,
1504 5314 1675 5369 solum
1708 5317 1761 5369 in
1812 5328 1952 5371 terra

370 5404 666 5456 constituit.
710 5402 1064 5471 Posteaquam
1109 5410 1285 5457 autem
1315 5419 1528 5459 rursum
1569 5404 1812 5461 homines
1860 5422 1958 5461 nu-

375 5508 527 5547 mero
579 5493 762 5561 augeri
813 5504 1114 5561 coeperunt,
1171 5493 1264 5547 Dei
1309 5493 1578 5549 oblivione
1630 5497 1769 5565 capti
1807 5506 1953 5562 sunt,

374 5594 535 5651 atque
563 5582 627 5635 ad
655 5582 961 5651 graviorem
995 5582 1321 5651 impietatem
1352 5598 1726 5654 proruperunt,
1770 5596 1828 5641 ut
1864 5589 1954 5657 qui

375 5673 609 5729 diversis
635 5676 869 5743 peccatis
913 5675 968 5728 in
995 5675 1307 5730 servitutem
1356 5690 1415 5731 se
1443 5677 1763 5742 addixeriot,
1796 5686 1954 5749 atque

374 5766 431 5821 in
458 5766 605 5822 varia
633 5780 877 5822 errorum
908 5779 1109 5835 genera
1137 5764 1497 5823 distraxerint.

2061 4684 2167 4722 non
2198 4683 2326 4723 casu
2356 4681 2421 4722 ac
2452 4666 2671 4721 fortuito
2725 4681 2785 4721 ea
2835 4667 3110 4722 exstitisse
3138 4677 3298 4737 atque
3340 4670 3653 4725 conservari

2061 4756 2409 4812 existimavit.
2440 4756 2547 4811 Nec
2574 4769 2786 4810 rursum
2818 4764 2972 4810 terra;
3003 4755 3303 4819 elementis,
3354 4764 3444 4809 aut
3474 4756 3649 4811 inarti-

2063 4850 2164 4903 mis
2210 4848 2515 4902 simulacris
2543 4857 2765 4902 ornatus
2796 4847 3167 4916 lmjuscemodi
3217 4862 3430 4902 causam
3477 4850 3644 4904 ascri-

2063 4941 2169 5010 psit
2195 4956 2211 5005 ;
2242 4940 2336 4994 sed
2368 4938 2534 4993 Deum
2567 4954 2750 4993 verum
2785 4953 2878 5007 per
2909 4938 3022 4992 haec
3052 4940 3287 5007 agnovit,
3330 4948 3491 5009 atque
3519 4941 3643 4994 uni-

2062 5030 2203 5086 versi
2254 5031 2566 5086 eﬂ‘ectorem
2614 5040 2668 5083 et
2711 5037 3144 5083 conservatorem
3194 5043 3315 5084 esse
3364 5029 3644 5085 intellexit.

2060 5126 2207 5179 Deus
2236 5134 2413 5179 autem
2443 5122 2557 5190 ejus
2587 5121 2907 5192 probitatem
2953 5122 3114 5176 animi
3144 5130 3302 5191 atque
3333 5124 3646 5187 candorem,

2063 5225 2375 5282 rectumque
2400 5212 2660 5283 judicium
2691 5212 3075 5280 comprobans,
3108 5214 3342 5283 seipsum
3370 5216 3418 5270 ei
3451 5219 3649 5286 patefe-

2060 5309 2133 5364 cit
2181 5310 2310 5375 (non
2367 5306 2578 5374 quidem
2631 5316 2686 5359 ut
2738 5317 2924 5361 natura
2969 5316 3072 5373 est,
3116 5321 3291 5377 neque
3333 5309 3474 5363 enim
3526 5309 3644 5365 fieri

2063 5408 2239 5468 potest
2286 5407 2342 5453 ut
2381 5405 2560 5453 creata
2610 5407 2794 5452 natura
2852 5398 3019 5453 Deum
3068 5409 3272 5465 cernat,
3326 5414 3511 5454 verum
3556 5414 3647 5468 per

2062 5492 2484 5560 dispensatorias
2504 5489 2760 5559 quasdam
2786 5490 2880 5545 Dei
2903 5489 3161 5555 visiones,
3194 5490 3643 5560 quemadmodum

2066 5587 2179 5654 ipse
2206 5583 2398 5652 novit),
2432 5582 2833 5660 plenioremque
2857 5582 2939 5636 sui
2969 5582 3328 5650 cognitionem
3380 5582 3432 5635 in
3482 5579 3648 5648 ipsius

2064 5677 2244 5730 animo
2275 5676 2538 5738 inserens,
2569 5674 2735 5743 gloria
2766 5689 2887 5728 eum
2915 5672 3111 5737 affecit,
3143 5673 3352 5744 sibique
3390 5670 3646 5725 famulum

2067 5767 2277 5823 ascivit.
2327 5765 2427 5834 Qui
2458 5763 2673 5836 quidem
2722 5780 2819 5837 per
2867 5762 3265 5821 successionem
3319 5761 3404 5815 his
3445 5758 3539 5829 qui
3582 5760 3651 5813 ιιι
