4010 6242
424 324 524 377 467

1454 320 1541 375 DE
1584 318 1765 377 VlTlS
1805 314 2090 375 PATRUM
2132 315 2339 372 LIBER
2382 318 2657 375 PRIMUS.

3587 322 3687 378 4‘33

424 439 541 507 ipso
583 444 963 506 promanarnnt
1011 436 1320 490 transmissa
1356 434 1571 502 pietate,
1622 448 1717 487 eos
1769 430 1880 485 veri
1914 430 2005 483 Dei
2038 430 2086 488 A
2114 431 2166 485 in
2202 449 2302 486 una
2334 448 2585 501 persona,
2616 442 2669 487 et
2714 432 2920 487 duabus
2952 432 3174 494 naturis,
3218 432 3487 502 perfectus
3527 434 3687 502 Deus,

424 528 728 598 cognitione
773 529 1321 593 instruxit..l£amque
1363 527 1432 579 ob
1476 540 1689 579 causam
1747 524 2006 577 Dominus

424 636 610 677 semen
664 624 831 689 ipsius
901 622 950 674 in
1022 621 1278 674 inﬁnitam
1356 621 1746 672 mu'titudinetn
1821 632 2006 671 excre—

426 728 577 766 scere
608 713 797 777 Voluit,
830 715 1190 781 popnlmnque
1239 712 1339 764 sibi
1371 713 1693 779 peculiarem
1724 711 2008 780 appeilavit

428 801 581 865 (Cen.
628 800 787 865 xv;l
836 800 951 854 Pet.
988 801 1088 865 tt);
1137 816 1336 870 eosque
1398 801 1660 871 [Egyptiaa
1704 802 1899 871 gentis,
1944 814 2008 854 ac

428 894 635 963 tyranni
664 894 952 947 PltaraOuis
982 895 1237 946 servitute
1267 908 1501 962 pre~sos,
1533 893 1690 946 editis
1722 892 2005 947 horrendis

429 996 587 1054 atque
615 987 943 1041 admirandis
984 987 1151 1055 signis
1197 994 1252 1039 et
1304 986 1553 1056 prodigiis
1579 1000 1673 1053 per
1704 984 1920 1055 Moysen
1953 994 2008 1038 et

429 1076 722 1142 Aaronem,
774 1079 916 1130 viros
951 1088 1162 1130 sanctos
1192 1092 1253 1131 ac
1294 1078 1588 1145 prophetiae
1621 1077 1764 1130 dono
1818 1077 2006 1143 praedi-

431 1176 534 1235 tos,
565 1168 743 1221 eduxit
771 1166 963 1235 (Exodi
995 1170 1107 1235 xv).
1154 1169 1387 1234 Quorum
1432 1170 1591 1222 etiam
1624 1184 1786 1236 opera
1839 1168 2007 1237 Egy-

426 1262 583 1324 ptins.
620 1275 713 1327 pro
759 1276 823 1314 eo
851 1268 1011 1327 atque
1058 1260 1293 1327 ipsorum
1328 1260 2006 1327 improbitasmerebatur,

424 1349 786 1414 excruciavit;
821 1359 876 1403 et
908 1352 1175 1405 lsraelitas
1206 1352 1307 1419 (sic
1345 1352 1485 1405 enim
1526 1352 1752 1420 populus
1781 1352 1889 1414 ille,
1918 1352 2006 1417 qui

426 1440 491 1493 ab
521 1441 823 1493 Abrahamo
871 1452 1045 1495 ortum
1090 1444 1261 1507 duxit,
1296 1444 1611 1506 vocabatur)
1660 1444 1816 1498 siet-is
1856 1443 2007 1511 pcdi-

425 1532 523 1586 bus
558 1550 651 1599 per
682 1532 922 1587 Rubrum
971 1549 1134 1598 mare,
1163 1538 1344 1589 sciss's
1372 1536 1621 1589 videlicet
1647 1537 1818 1603 aquis,
1851 1546 2012 1599 atque

428 1633 536 1677 tum
563 1640 590 1676 a
623 1625 805 1678 dextra
833 1636 939 1678 tum
965 1641 992 1679 a
1024 1629 1236 1679 sinistra
1270 1629 1404 1681 nutri
1439 1630 1604 1681 instar
1643 1627 1867 1690 effectis,
1904 1637 2009 1679 tra-

425 1713 571 1783 iecit.
605 1713 736 1768 Cum
768 1724 944 1767 autem
978 1715 1182 1769 l‘barao
1210 1729 1262 1771 et
1292 1717 1527 1787 Egyptii
1560 1733 1587 1770 a
1632 1727 1778 1779 tergo
1807 1732 1904 1795 eos.
1926 1731 2007 1769 Se-

2108 533 2162 577 et
2194 524 2353 577 homo
2400 524 2701 593 perfectus;
2745 524 2934 577 matris
2976 524 3331 591 virginitatem
3368 526 3530 578 etiam
3573 537 3689 593 post

2110 627 2319 683 partum
2352 616 2418 667 ab
2448 617 2594 669 omni
2630 616 2749 669 labe
2778 631 3124 670 conservans.
3159 619 3331 683 Atque
3362 617 3497 670 iisde
3521 636 3549 667 ιι
3579 632 3686 671 out-

2111 711 2238 759 nino
2281 706 2480 775 quibus
2530 722 2648 771 ιιος,
2679 716 2909 775 exet-pte
2944 717 3185 773 peccato,
3231 706 3568 771 passiouibus
3597 708 3691 761 ob-

2111 799 2300 850 noxius
2329 796 2553 851 effectus
2587 796 2745 865 (fleb.
2778 797 2873 866 tv),
2910 797 3247 850 inﬁrmitates
3278 805 3487 849 nostras
3516 812 3697 853 susce-

2112 890 2206 954 ιιι,
2237 904 2298 943 ac
2329 889 2544 942 morbos
2573 899 2784 943 nostros
2818 888 3043 957 pertavit
3086 885 3224 959 (lsa.
3256 886 3393 953 LIII).
3434 888 3695 952 Quoniam

2110 983 2251 1033 enim
2310 997 2405 1051 per
2464 992 2739 1050 peccatum
2796 995 2940 1035 mors
2999 981 3049 1034 in
3107 981 3363 1035 mundum
3419 982 3700 1037 introierat

2112 1070 2291 1139 (llam.
2329 1074 2407 1138 v),
2463 1087 2685 1126 necesse
2731 1082 2842 1125 erat
2896 1083 2951 1125 ut
2991 1073 3080 1140 qui
3125 1073 3515 1141 redemptionis
3539 1074 3699 1145 257

2111 1181 2337 1218 Iunt.ch
2372 1164 2745 1231 perfuncturus
2791 1176 2927 1229 erat,
2970 1165 3037 1219 ab
3088 1166 3235 1219 omni
3270 1175 3492 1233 peccato
3535 1182 3701 1234 purus

2111 1268 2271 1320 cs~ct,
2305 1258 2612 1326 peccatique
2643 1259 2798 1311 morti
2832 1259 3048 1311 minime
3078 1259 3359 1312 obnoxius.

2183 1349 2419 1417 Triginta
2451 1365 2605 1417 porro
2634 1350 2786 1404 annis
2827 1365 2946 1403 cum
2980 1351 3278 1405 hominibus
3326 1360 3586 1414 versatus,
3646 1350 3700 1404 in

2112 1441 2358 1495 Jordanis
2390 1443 2542 1495 undis
2570 1456 2599 1494 a
2629 1443 2837 1497 Joanne
2858 1444 2972 1497 viro
2989 1453 3195 1508 sancto,
3228 1459 3291 1497 ac
3315 1448 3698 1513 prophetarmn

2113 1533 2345 1584 omnium
2380 1532 2840 1599 praestantissimo,
2867 1533 3161 1599 baptizatus
3180 1545 3279 1587 est.
3310 1534 3497 1602 quue
3526 1534 3701 1602 bapti-

2113 1631 2232 1674 zato
2262 1636 2361 1673 vox
2394 1621 2654 1688 ejusmodi
2687 1621 2752 1675 de
2794 1623 2930 1675 caelo
2960 1637 2990 1675 a
3024 1624 3130 1676 Deo
3178 1623 3335 1677 Patre
3365 1623 3538 1677 delata
3568 1633 3651 1677 est
3683 1637 3698 1676 :

2118 1692 2212 1767 llic
2240 1721 2322 1765 est
2348 1713 2511 1766 Filius
2535 1728 2685 1766 meus
2708 1713 2954 1777 dilectus,
3014 1714 3064 1766 in
3094 1730 3196 1782 quo
3228 1713 3357 1767 mihi
3384 1713 3520 1767 bene
3545 1728 3699 1766 com-

426 1821 740 1875 querentur,
774 1823 1004 1860 reversa:
1031 1825 1180 1876 aquae
1207 1824 1299 1863 eos
1327 1825 1545 1877 prorsus
1574 1810 1904 1863 deleverunt.
1933 1815 2007 1864 Ae
2043 1804 2081 1859 Β
2115 1804 2281 1870 μιίιιιιιί
2312 1804 2486 1875 [Lucw
2518 1807 2597 1873 ιιι)
2641 1822 2655 1857 z
2713 1814 2870 1874 atque
2916 1805 3144 1873 Spiritus
3185 1818 3399 1860 sanctus
3429 1807 3692 1860 columbae

432 1912 641 1966 poStea,
672 1914 791 1951 cum
847 1915 939 1965 per
964 1902 1190 1953 maxima
1233 1902 1485 1955 miracula
1535 1903 1849 1969 divinosque
1882 1917 2004 1968 pro-

431 1998 668 2057 Spectus,
694 1989 1040 2060 quadraginta
1072 2008 1328 2046 annorum
1361 1994 1532 2060 spatio
1562 1994 1810 2062 populmtt
1844 1993 1893 2045 in
1917 1993 2009 2046 de-

427 2091 571 2134 serto
601 2080 908 2146 deduceret,
938 2097 1000 2136 ac
1030 2084 1233 2137 caelesti
1268 2100 1401 2153 pune
1447 2100 1567 2138 eum
1614 2086 1803 2148 aleret,
1836 2086 2007 2154 legum

427 2169 570 2238 (qua:
603 2170 895 2225 futurorum
933 2185 1085 2242 typus
1138 2186 1294 2242 atqve
1331 2175 1668 2230 adumbratio
1710 2177 1846 2245 erat)
1880 2176 2011 2244 lapi-

429 2262 543 2315 deis
606 2264 802 2317 taliulis
853 2264 1108 2318 divinitus
1168 2267 1480 2334 inscriptam
1540 2268 1725 2331 dedit,
1785 2282 2009 2336 eamque

429 2354 598 2423 Moysi
634 2356 685 2408 in
741 2369 920 2410 monte
958 2359 1147 2411 tribuit
1183 2359 1377 2425 (Exodi
1407 2362 1585 2429 xui).
1637 2362 1765 2427 Quae
1793 2362 2004 2429 quidem

432 2444 501 2497 ab
529 2447 779 2499 omnibus
808 2447 1112 2501 simulacris
1137 2459 1189 2501 cl
1213 2450 1488 2519 liagitiosis
1514 2452 1811 2505 actionibus
1842 2450 2009 2505 abdu-

429 2536 608 2601 ci-bat,
640 2536 915 2606 solumque
944 2553 1124 2593 verum
1176 2540 1339 2593 Deum
1371 2542 1615 2595 venerari
1641 2540 1890 2596 ducebat.
1920 2545 2008 2597 Sic

431 2625 589 2691 igitur
620 2641 713 2692 per
743 2626 972 2696 ingentia
1017 2629 1268 2683 miracola
1305 2632 1449 2698 ipsos
1499 2633 1552 2685 in
1597 2634 1789 2685 bonam
1822 2649 2007 2702 quam-

427 2718 551 2767 dam
584 2722 781 2769 terram
807 2718 1030 2783 induxit,
1060 2736 1214 2787 quam
1238 2721 1361 2774 olim
1393 2725 1711 2790 patriarchae
1736 2724 1805 2778 illi
1832 2726 2005 2782 Abra-

430 2802 589 2857 hamo
620 2820 679 2859 se
727 2808 890 2887 ipsius
920 2810 1107 2863 semini
1140 2810 1385 2866 daturum
1430 2826 1724 2882 receperat.
1772 2815 1850 2870 Ac
1892 2818 2007 2871 lon-

431 2910 554 2962 gum
591 2907 736 2951 esset
784 2914 1209 2955 commemorare
1250 2916 1376 2970 quot
1421 2920 1688 2973 quamque
1734 2922 1919 2975 magna
1954 2919 2007 2961 et

428 2986 743 3041 admiranda
776 2998 830 3041 et
876 2990 1099 3045 illustria
1131 3004 1291 3060 atque
1336 2996 1529 3048 eximia
1574 2996 1850 3063 beneﬁcia,
1886 3014 2004 3065 quae

428 3092 712 3134 numerum
739 3097 949 3137 omnem
978 3086 1263 3149 excedunt,
1296 3086 1349 3138 itt
1395 3101 1489 3141 eos
1518 3089 1824 3144 contulerit.
1866 3092 2003 3156 Qui-

2114 1899 2292 1964 specie
2323 1897 2371 1951 in
2401 1898 2571 1966 ipsum
2601 1898 2898 1953 descendit.
2926 1899 3004 1953 Ae
3033 1900 3283 1967 deinceps
3309 1914 3491 1967 magna
3519 1910 3571 1953 et
3599 1899 3693 1952 ad-

2116 1987 2356 2041 miranda
2397 1988 2542 2056 signa
2596 1988 2810 2043 efﬁcere
2852 1991 3034 2055 etepit,
3069 2001 3307 2042 mortuos
3337 1989 3580 2041 vide|.cel.
3624 1988 3694 2041 ad

2115 2079 2274 2132 vitam
2301 2094 2577 2148 revocans,
2620 2082 2775 2136 caecis
2825 2083 2993 2136 lucem
3041 2082 3290 2147 aﬁ‘erens,
3338 2084 3611 2136 daemones
3640 2083 3696 2136 in

2113 2170 2295 2239 fugam
2327 2182 2539 2227 vertens
2560 2214 2574 2239 ,
2631 2175 2823 2228 surdos
2862 2184 2916 2228 et
2945 2175 3158 2228 claudos
3190 2190 3407 2243 curans,
3459 2176 3699 2240 leprostts

2114 2282 2369 2335 purgans,
2407 2278 2570 2335 atque
2619 2266 2966 2321 inveteratam
3001 2276 3239 2320 naturam
3274 2276 3510 2320 nostram
3543 2267 3698 2319 undi-

2113 2372 2217 2422 que
2239 2372 2524 2423 renovatis,
2554 2358 2914 2426 operibusque
2929 2360 3199 2421 erudiens,
3232 2374 3292 2411 ac
3312 2359 3525 2414 virtutis
3554 2362 3698 2413 viam

2119 2451 2373 2511 edocens.
2408 2460 2567 2519 atque
2588 2466 2615 2502 τι
2645 2453 2989 2519 corruptione
3019 2452 3361 2517 abstrahens,
3383 2465 3437 2506 et
3463 2454 3531 2509 ad
3554 2470 3698 2508 sem-

2116 2541 2374 2608 piternam
2406 2543 2565 2595 vitam
2595 2542 2698 2597 iter
2742 2553 3069 2598 monstrans.
3127 2545 3274 2599 Unde
3305 2550 3462 2599 etiam
3494 2548 3699 2602 duode-

2112 2635 2214 2686 cim
2244 2633 2534 2701 discipulos
2566 2634 2726 2701 elegit
2784 2633 2999 2705 (Matth.
3036 2634 3171 2705 nx),
3233 2652 3367 2705 quos
3418 2640 3697 2703 apostolos

2114 2728 2427 2790 nominavit,
2457 2728 2689 2795 ipsisque
2719 2728 2985 2795 negotium
3017 2727 3165 2782 dedit
3189 2737 3245 2782 ιιι
3266 2731 3535 2784 caelestem
3572 2734 3699 2787 vita:

2114 2820 2374 2875 rationem
2409 2820 2782 2887 prtedicarent,
2818 2835 2975 2889 quam
3013 2832 3065 2873 ut
3094 2822 3145 2875 in
3181 2832 3325 2876 terra
3358 2827 3693 2890 ostenderet,

2110 2925 2172 2964 ac
2204 2926 2300 2964 nos
2334 2910 2558 2964 humiles
2586 2919 2639 2964 et
2669 2922 2912 2965 terrenos
2955 2927 3049 2981 per
3094 2912 3513 2968 incarnationem
3540 2930 3695 2971 suam

2111 3000 2358 3054 cmlestes
2382 2999 2639 3064 efﬁceret,
2670 3011 2908 3058 venerat.

2184 3093 2251 3144 At
2280 3106 2407 3145 vero
2438 3092 2766 3147 admirandre
2815 3095 2979 3161 ipsius
3001 3110 3062 3149 ac
3096 3096 3289 3152 Deitati
3318 3110 3697 3154 consentaneas

428 3166 525 3222 bus
556 3173 798 3225 omnibus
829 3172 881 3226 id
921 3175 1193 3242 agebatur,
1243 3185 1298 3230 ut
1328 3178 1396 3233 ab
1446 3180 1588 3233 onmi
1619 3180 1821 3234 nefario
1859 3182 2003 3236 cultu
2035 3169 2080 3232 C
2114 3182 2235 3235 vitae
2263 3193 2427 3252 atque
2451 3183 2775 3239 inﬁnitorum
2806 3187 3187 3242 miraculorum
3210 3189 3405 3244 invidia
3428 3200 3479 3246 et
3511 3191 3698 3247 furore

427 3272 481 3312 ct
527 3260 724 3331 ﬂagitio
745 3278 910 3330 genus
939 3264 1226 3320 humanum
1257 3269 1610 3333 abstraheret,
1641 3282 1799 3341 atque
1830 3275 1880 3327 in
1911 3290 2002 3330 ve—

430 3362 594 3405 terem
626 3362 820 3407 statum
850 3367 1148 3412 revocaret.
1181 3358 1359 3413 Nihilo
1399 3364 1572 3415 secius
1614 3372 1787 3417 tamen
1829 3366 2002 3420 adhuc

428 3454 614 3495 natura
647 3450 825 3497 nostra
856 3447 1052 3500 erroris
1082 3448 1311 3502 libertati
1345 3453 1637 3517 serviebat,
1670 3469 1730 3506 ac
1764 3470 1856 3523 per
1878 3456 2002 3508 dia-

426 3532 531 3586 boli
568 3536 899 3602 tyrannidem
927 3552 1069 3592 mors
1099 3538 1148 3591 in
1182 3540 1425 3594 homines
1449 3557 1669 3611 regnum
1703 3544 1997 3611 obtinebat,

424 3640 717 3695 omnesque
740 3628 915 3683 divina
943 3632 1202 3685 sententia
1233 3633 1618 3689 condemnatos
1648 3637 1698 3690 in
1731 3637 1994 3691 infernum

425 3719 834 3775 transmittebat.

493 3808 624 3862 Cum
659 3810 817 3878 igitur
842 3812 894 3865 in
939 3813 1198 3880 eju~modi
1233 3814 1588 3871 calamitatem
1620 3832 1681 3872 ac
1730 3818 1999 3873 miseriant

434 3903 787 3963 venissemus,
823 3904 1040 3958 minime
1071 3921 1166 3958 nos
1191 3906 1435 3973 despexit
1472 3909 1516 3961 is
1542 3925 1569 3961 a
1599 3926 1703 3977 quo
1728 3909 1893 3963 efﬁcti
1922 3921 1999 3963 at-

425 4004 530 4056 que
580 3990 633 4042 in'
682 4002 859 4044 ortum
908 3996 1147 4060 producti
1192 3993 1493 4059 fueramus;
1543 4014 1715 4066 neque
1746 4016 1997 4054 manuum

423 4094 641 4133 suarum
690 4096 825 4149 opus
858 4083 1090 4138 funditus
1125 4088 1298 4153 perire
1346 4089 1491 4143 sivit.
1530 4090 1720 4145 Verum
1773 4093 1997 4161 benigna

424 4169 516 4222 Dei
570 4185 632 4225 ac
684 4170 857 4227 Patris
906 4174 1180 4231 voluntate
1228 4179 1532 4247 unigenitus
1565 4181 1751 4245 Filius,
1809 4193 1863 4238 et
1905 4185 1997 4239 Dei

424 4262 680 4326 Verbum,
715 4267 801 4334 qui
832 4275 914 4320 est
953 4265 1006 4320 in
1036 4268 1153 4321 sinu
1199 4270 1405 4336 Patris;
1441 4274 1545 4338 ille,
1590 4274 1824 4343 inquam,
1853 4276 1998 4346 ejus-

424 4353 545 4408 dem
583 4372 701 4409 cutn
734 4355 891 4412 Patre
932 4373 995 4412 ac
1040 4359 1241 4428 Spiritu
1294 4375 1481 4416 sancto
1520 4365 1856 4431 substantite,
1910 4367 2000 4422 ille

420 4461 534 4500 aevo
580 4446 727 4501 omni
776 4449 1063 4517 antiquior,
1119 4451 1207 4506 ille
1258 4453 1505 4523 principii
1560 4470 1772 4524 expers,
1804 4459 1895 4524 qui
1944 4458 1995 4511 in

2106 3273 2364 3326 commoti
2418 3272 2725 3329 Judaeorum
2777 3278 3057 3345 pontiﬁces
3107 3294 3169 3334 ac
3212 3280 3500 3349 principes,
3548 3278 3688 3350 apud

2106 3384 2241 3436 (pios
2273 3368 2479 3423 scilicet
2512 3370 2967 3436 commorabatur,
3023 3381 3077 3425 et
3107 3372 3172 3425 ad
3214 3387 3440 3440 quorum
3488 3375 3695 3430 utilita-

2109 3471 2214 3514 tem
2249 3461 2561 3517 admiranda
2606 3461 2913 3531 huiusmodi
2943 3465 3091 3533 signa
3120 3472 3175 3518 et
3230 3465 3467 3535 prodigia
3499 3482 3688 3536 perpe-

2110 3562 2298 3618 trarat,
2316 3553 2695 3607 beneﬁciorum
2715 3557 2957 3609 omnium
2983 3556 3347 3623 immemores,
3369 3574 3488 3613 eum
3508 3570 3684 3617 morte

2107 3645 2420 3709 multarunt,
2453 3661 2559 3701 uno
2583 3646 2829 3702 nimirum
2846 3663 2911 3702 ex
2930 3648 3095 3717 ipsius
3123 3648 3400 3719 discipulis
3421 3651 3487 3705 ad
3508 3653 3682 3722 ipsum

2110 3735 2446 3801 prodendum
2474 3746 2708 3805 arrepto,
2744 3740 3301 3809 comprehensumque
3353 3742 3524 3808 ipsum
3555 3758 3686 3812 gen-

2109 3828 2251 3881 tibtts
2276 3826 2616 3893 dediderunt,
2652 3828 2847 3896 ipsum,
2898 3828 3136 3899 inquam,
3196 3831 3285 3900 qui
3308 3834 3547 3887 omnium
3580 3835 3684 3891 vita

2108 3931 2247 3985 erat,
2274 3934 2338 3973 ac
2368 3929 2561 3987 sponte
2582 3920 2697 3976 haec
2728 3923 3069 3989 suscipiebat.
3119 3923 3231 3978 llac
3257 3925 3401 3980 enim
3432 3924 3500 3980 de
3526 3941 3685 3984 eausa

2107 4008 2274 4073 venit,
2306 4020 2363 4063 ut
2392 4020 2568 4063 nostra
2594 4026 2752 4065 causa
2781 4011 2957 4065 omnia
2984 4023 3377 4081 perpeteretnr,
3408 4031 3517 4085 quo
3531 4016 3683 4070 vide-

2105 4099 2230 4152 licet
2255 4114 2354 4152 nos
2378 4114 2406 4152 a
2437 4099 2643 4154 vitiosis
2673 4097 3046 4156 affectionibus
3092 4104 3145 4157 in
3170 4104 3470 4160 libertatem
3513 4106 3684 4161 vindi-

2104 4201 2269 4244 caret.
2298 4193 2428 4245 Cum
2460 4202 2636 4245 autem
2660 4192 2818 4248 multa
2848 4193 2902 4260 in
2930 4208 3052 4248 eum
3073 4194 3457 4264 suppliciorum
3478 4212 3681 4267 genera

2106 4286 2492 4348 exercuissent,
2548 4300 2669 4337 eum
2720 4286 2784 4339 ad
2829 4295 3127 4340 extremum
3172 4302 3331 4342 cruce
3358 4291 3685 4342 coodemna-

2105 4385 2248 4428 runt.
2280 4377 2450 4443 Atque
2472 4377 2650 4428 omnia
2683 4376 2736 4428 in
2765 4377 2964 4439 carnis,
3001 4392 3158 4444 quam
3194 4395 3256 4433 ex
3293 4380 3442 4433 nobis
3472 4395 3680 4433 assum-

2108 4458 2310 4533 pserat,
2347 4478 2532 4519 natura
2560 4466 2780 4533 pertulit
2810 4483 2821 4518 :
2856 4465 3030 4519 divina
3053 4469 3263 4522 interim
3294 4470 3456 4537 ipsius
3484 4480 3677 4525 natura

418 4536 681 4607 principio
726 4550 861 4605 erat,
893 4550 948 4596 et
994 4542 1131 4611 apud
1179 4544 1344 4599 Demn
1390 4561 1453 4599 ac
1500 4546 1709 4600 Patrem
1758 4558 1894 4610 erat,
1944 4560 1999 4605 et
2032 4542 2174 4613 Dab
2191 4561 2335 4613 omni
2368 4559 2712 4628 perpessione
2742 4558 2908 4613 libera
2940 4570 3215 4614 manente.
3266 4558 3393 4613 Nam
3423 4573 3545 4612 cum
3574 4559 3679 4613 du-

421 4631 563 4684 Deus
594 4640 733 4694 erat,
764 4632 830 4686 ad
859 4648 1043 4688 servos
1080 4649 1207 4688 suos
1248 4636 1584 4706 indulgenter
1632 4654 1690 4692 se
1719 4639 1996 4705 demittit;

418 4732 473 4777 et
501 4723 711 4793 quidem
742 4725 835 4788 ita,
866 4734 922 4778 ut
950 4725 1063 4780 haec
1091 4726 1347 4782 demissio
1377 4744 1475 4783 nec
1504 4732 1680 4785 verbis
1710 4732 1994 4798 declarari,

416 4828 514 4867 nec
544 4825 724 4869 mente
753 4816 1134 4884 comprehendi
1164 4818 1347 4886 possit.
1392 4818 1523 4872 Nam
1556 4837 1675 4873 cum
1709 4822 1847 4876 Deus
1877 4837 1996 4889 pcr-

417 4906 587 4959 fectus
637 4917 803 4973 esset,
838 4910 1101 4974 perfectus
1152 4912 1312 4964 homo
1360 4927 1423 4965 ex
1466 4912 1666 4979 Spiritu
1713 4925 1896 4967 sancto
1941 4923 1995 4968 et

418 5009 601 5050 sancta
635 4999 791 5052 Maria
824 5000 1025 5070 virgine
1057 5000 1149 5055 Dei
1197 5000 1455 5069 genitrice
1497 5002 1747 5069 efﬁcitur,
1791 5020 1895 5057 non
1926 5019 1992 5058 ex

414 5086 511 5141 viri
542 5092 746 5145 semine
774 5102 865 5146 aut
896 5094 1170 5148 voluntate
1200 5103 1291 5148 aut
1315 5095 1607 5149 concubitu
1629 5094 1807 5163 (Joan.
1844 5096 1906 5166 ι),
1940 5099 1990 5150 in

417 5179 551 5233 labis
571 5181 744 5235 omnis
772 5195 990 5251 experte
1022 5185 1254 5254 Virginis
1285 5195 1438 5242 utero
1461 5196 1774 5255 conceptus,
1806 5189 1900 5242 sed
1926 5204 1990 5243 ex

414 5269 615 5337 Spiritu
663 5283 871 5337 saneto,
913 5276 1361 5341 quemadmodum
1410 5286 1534 5331 ante
1582 5279 1990 5347 conceptionem

412 5360 853 5432 arclrangelorum
887 5378 1020 5418 unus
1062 5367 1258 5423 missus
1285 5378 1388 5437 est,
1429 5371 1515 5439 qui
1548 5386 1740 5425 novam
1771 5372 1912 5425 illam
1936 5381 1992 5426 et

410 5453 778 5509 admirandam
840 5458 1243 5526 conceptionem
1319 5461 1518 5530 Virgini
1560 5464 1846 5518 ttuntiaret.
1899 5464 1992 5519 Et-

412 5548 549 5601 enim
581 5546 672 5602 Dei
704 5546 873 5602 Filius
886 5562 955 5601 ex
976 5548 1173 5619 Spiritu
1202 5562 1387 5606 sancto
1414 5553 1530 5609 sine
1559 5556 1764 5611 semine
1792 5568 1989 5610 conce-

410 5648 531 5707 ptus
577 5648 658 5693 est
684 5654 697 5692 :
722 5646 1111 5709 compactaque
1150 5642 1251 5698 sibi
1283 5644 1336 5697 in
1370 5644 1602 5714 Virginis
1648 5657 1799 5701 utero
1827 5660 1991 5703 carne

405 5725 641 5787 anitnata
670 5730 845 5787 anima
880 5730 1103 5789 rationis
1153 5746 1216 5789 ac
1245 5736 1439 5791 mentis
1470 5735 1765 5808 (participe,
1794 5738 1990 5809 prodiit

2104 4650 2224 4719 plici
2282 4660 2469 4705 natura
2515 4651 2766 4716 prteditus
2796 4660 2959 4717 esset,
3013 4652 3113 4706 hoc
3153 4661 3238 4706 est
3284 4651 3481 4716 divina,
3534 4661 3590 4707 et
3614 4668 3680 4708 ea

2101 4756 2258 4811 quam
2286 4757 2314 4794 a
2350 4742 2504 4795 nobis
2532 4749 2915 4810 assumpserat,
2971 4741 3202 4797 humana
3244 4743 3458 4811 quidem
3489 4754 3679 4799 natura

2101 4848 2357 4902 perpessa
2402 4843 2505 4900 est,
2536 4834 2789 4888 divinitas
2836 4844 3013 4888 autem
3058 4837 3402 4904 perpessione
3429 4836 3682 4890 immunis

2100 4937 2153 4981 et
2177 4926 2489 4981 immortalis
2519 4935 2650 4980 erat.
2713 4926 2867 4980 Cruci
2900 4927 3059 4994 igitur
3088 4927 3140 4980 in
3169 4943 3332 4983 carne
3378 4928 3571 4983 afﬁxus
3600 4939 3683 4985 est

2103 5019 2362 5073 innocens
2390 5017 2646 5071 Domino)
2680 5027 2861 5071 noster
2887 5018 3042 5072 Jesus
3073 5019 3339 5075 Christus.
3394 5019 3679 5075 Peccatum

2068 5110 2244 5163 .enim
2278 5125 2381 5163 non
2408 5109 2550 5172 fecit,
2600 5123 2699 5164 nec
2740 5110 2988 5164 inventus
3027 5119 3111 5165 est
3160 5111 3317 5165 dolus
3351 5112 3403 5165 in
3442 5127 3534 5165 ore
3564 5113 3682 5179 ejus

2098 5200 2232 5271 (lsa.
2266 5218 2376 5266 Llll;
2415 5200 2562 5255 Rom.
2593 5203 2680 5273 v);
2737 5203 3064 5271 proindeque
3095 5205 3253 5257 morti
3279 5204 3542 5258 obnoxius
3572 5220 3679 5258 non

2097 5305 2235 5348 erat.
2259 5295 2718 5364 Quandoquidem,
2748 5308 2797 5348 ut
2818 5296 2927 5366 jam
2955 5297 3083 5361 dixi,
3114 5314 3258 5351 mors
3286 5313 3379 5365 per
3400 5309 3678 5367 peceatum

2099 5391 2151 5440 in
2184 5387 2440 5439 mundum
2461 5387 2719 5441 introivit.
2748 5387 2943 5442 Verum
2965 5398 3143 5443 nostra
3162 5404 3322 5444 causa
3347 5405 3507 5445 carne
3533 5407 3679 5444 mor-

2097 5487 2202 5531 tem
2251 5477 2498 5547 oppetiit,
2554 5485 2612 5531 ut
2642 5492 2741 5533 nos
2771 5492 2801 5531 a
2848 5479 3036 5533 tttortis
3058 5482 3340 5549 tyrannide
3365 5482 3674 5537 redimeret.

2094 5568 2382 5624 Descendit
2429 5568 2496 5621 ad
2544 5569 2761 5633 inferos,
2805 5558 3291 5638 iisque‘eontritis,
3343 5585 3435 5625 eas
3461 5588 3581 5641 qua:
3609 5571 3681 5626 ab

2096 5676 2145 5715 οι
2161 5660 2227 5715 be
2256 5659 2475 5716 condito
2502 5657 2612 5715 illic
2638 5660 2858 5714 inclusa:
2887 5660 3227 5723 tenebantur,
3252 5663 3461 5716 animas
3481 5663 3677 5717 libera-

2092 5756 2187 5813 vit.
2216 5754 2275 5811 ιιι
2302 5756 2552 5823 sepulcro
2579 5754 2844 5820 conditus,
2877 5753 3033 5810 tertia
3072 5754 3159 5811 die
3182 5761 3497 5822 resurrexit,
3547 5769 3675 5811 cum
