4010 6242
286 325 392 381 169

716 323 877 380 vm
918 322 1339 379 sucronem
1382 292 1717 376 naccam
1759 316 1884 371 rana

1992 314 2085 370 ΓτΕ
2128 316 2217 373 ET
2256 318 2604 376 JOSAPHAT
2645 323 2856 381 lNDlE
2901 326 3126 384 REGIS.

3451 336 3558 392 670

289 443 498 498 scilicet
528 452 759 497 mortem
792 450 1119 508 superasset,
1180 437 1562 501 victoriamque
1591 434 1745 488 nobis
1772 432 1867 484 ad-
1898 428 1950 487 Α
1976 440 2102 485 sunt
2130 434 2246 488 sine
2275 434 2380 487 ulla
2407 434 2743 491 dubitatione
2781 438 2965 505 credo,
2999 455 3229 510 eumque
3249 459 3408 516 quem
3446 463 3554 503 an-

290 550 480 591 versus
518 549 636 588 eam
667 534 940 599 donasset,
993 540 1150 599 atque
1201 526 1621 582 immortalitatis
1647 523 1870 594 largitor

289 628 744 683 immortalitatem
792 624 941 679 carni
991 623 1349 684 conciliasset,
1399 618 1675 687 discipulis
1725 616 1871 669 visus

288 729 393 787 est,
424 719 661 789 ipsisque
692 731 875 786 pacem
903 714 1194 780 impertivit
1223 711 1405 782 (Joan.
1439 726 1543 774 xx;
1579 710 1695 762 Act.
1729 710 1789 777 t),
1810 719 1872 759 ac

291 829 384 881 per
411 826 508 866 eos
536 813 788 864 universo
811 808 1115 862 mortalium
1148 806 1350 874 generi.

363 905 490 957 Post
522 899 870 971 quadraginta
909 906 1089 952 autem
1123 897 1239 951 dies
1282 896 1333 948 in
1381 892 1550 948 eteius
1604 887 1868 949 ascendit,

290 1003 451 1064 atque
503 995 555 1048 in
613 992 791 1047 Patris
828 991 1015 1045 dextra
1046 988 1219 1053 sedet,
1245 1000 1569 1054 rursumque
1618 993 1870 1037 venturus

288 1095 373 1144 est
389 1086 631 1156 judicare
658 1086 806 1138 vivos
828 1091 882 1137 et
914 1089 1175 1145 mortuos,
1225 1095 1286 1134 ac
1334 1078 1561 1133 reddere
1584 1074 1871 1143 unicuique

289 1182 437 1249 juxta
465 1193 627 1245 opera
657 1191 753 1230 sua
799 1174 972 1245 (Paal.
1007 1172 1139 1241 ut).
1198 1171 1325 1225 Post
1371 1168 1657 1238 gloriosam
1689 1175 1865 1218 autem

290 1289 438 1327 suam
471 1274 521 1327 in
552 1271 719 1327 caelos
746 1267 1134 1325 ascensionem.
1188 1263 1582 1318 sanctissimum
1609 1260 1864 1329 Spiritum

304 1366 366 1420 ad
400 1373 617 1419 sanctos
647 1377 773 1417 suos
804 1359 1094 1427 discipulos
1121 1360 1172 1411 in
1203 1357 1340 1425 ignis
1370 1355 1549 1421 Specie
1577 1353 1750 1414 misit;
1780 1367 1877 1405 cu-

292 1457 379 1524 jus
404 1455 657 1509 instinctu
685 1449 1189 1523 peregrinislinguis
1202 1448 1343 1518 loqui
1360 1454 1656 1515 creperum,
1686 1459 1876 1514 quem-

292 1545 578 1600 admodum
630 1545 744 1612 ipse
792 1544 953 1597 dabat
992 1540 1166 1610 eloqui
1222 1540 1351 1593 illis.
1411 1538 1543 1592 Hinc
1585 1538 1742 1606 igitur
1781 1550 1877 1603 per

295 1638 460 1706 ipsius
486 1636 713 1704 gratiam
742 1637 792 1688 in
826 1648 1014 1687 omnes
1046 1640 1230 1701 gentes
1260 1630 1487 1699 dispersi
1526 1639 1669 1693 sunt,
1716 1637 1875 1700 atque

300 1727 654 1781 orthodoxam
685 1725 844 1779 fidem
898 1724 1353 1793 praedicaverunt,
1424 1721 1753 1790 baptizantes
1780 1737 1874 1775 eos

1979 525 2192 578 nuntias
2220 526 2385 579 Deum
2414 529 2583 597 gloria
2613 529 2812 584 afﬁcio.
2838 530 2950 587 Hoc
2979 548 3141 588 unum
3170 549 3310 603 peto,
3343 548 3399 594 ut
3426 541 3547 598 sine

1978 616 2086 668 ullo
2117 631 2300 671 errore
2339 628 2529 673 cuncta
2572 621 2700 674 mihi
2746 622 3006 690 declares,
3039 624 3271 693 quidque
3302 628 3430 683 mihi
3475 630 3553 684 fa-

1978 706 2223 761 ciendum
2280 709 2350 763 sit
2393 719 2580 765 exacte
2609 712 2826 768 doceas.
2875 715 3050 782 Atque
3089 718 3251 772 etiam
3299 718 3552 787 quidnam

1981 799 2277 866 baptismus
2297 802 2366 855 sit
2388 818 2546 869 quem
2579 805 2645 857 ab
2674 804 2737 858 iis
2754 805 2842 875 qui
2874 804 2978 861 ﬁde
3002 807 3211 876 praediti
3233 819 3361 865 Sllnl
3384 811 3552 882 accipi

1977 890 2077 953 ais,
2119 890 2369 959 deinceps
2400 892 2483 948 fac
2515 892 2825 963 intelligam.

2052 982 2144 1036 llle
2171 992 2348 1038 autem
2379 983 2454 1037 ad'
2474 999 2594 1040 eum
2626 987 2901 1056 respondit
2927 1005 2939 1041 :
2974 988 3185 1046 Sancta:
3220 990 3378 1060 hujus
3398 998 3455 1046 et
3475 992 3559 1047 in-

1979 1076 2353 1129 contaminatis
2386 1075 2811 1131 Christianorum
2852 1078 2975 1134 ﬁdei
2994 1081 3141 1135 velut
3166 1083 3316 1136 radix
3342 1096 3405 1137 ac
3434 1096 3559 1137 cer-

1982 1168 2090 1219 tum
2114 1167 2513 1221 fundamentum
2539 1168 2701 1223 divini
2738 1170 2987 1239 baptismi
3014 1173 3181 1241 gratia
3208 1182 3310 1237 est,
3350 1181 3409 1229 ut
3437 1188 3557 1243 qua:

1980 1257 2161 1311 omnia
2189 1274 2215 1309 a
2262 1258 2541 1313 nativitate
2585 1270 2856 1315 contracta
2907 1276 3124 1331 peccata
3156 1265 3356 1333 expiet,
3400 1272 3561 1334 atque

1979 1362 2044 1401 ea
2077 1348 2468 1417 inquinamenta
2509 1368 2628 1419 quin
2655 1367 2719 1405 ex
2752 1352 2880 1406 vitio
2922 1355 3147 1409 conﬂata
3179 1366 3303 1411 sunt
3332 1370 3551 1424 prorsus

1982 1449 2260 1508 expurget.
2292 1441 2378 1496 Sic
2400 1442 2542 1495 enim
2569 1443 2815 1497 Salvator
2842 1445 3132 1511 mandavit,
3157 1456 3213 1499 ut
3242 1462 3334 1515 per
3362 1462 3552 1516 aquam

1980 1547 2043 1587 ac
2062 1532 2316 1602 Spiritum
2349 1548 2746 1603 regeneremur,
2780 1545 2939 1603 atque
2965 1535 3029 1588 ad
3055 1546 3289 1591 veterem
3320 1538 3555 1607 dignita-

1980 1634 2087 1680 tem
2117 1624 2398 1679 redeamus
2424 1642 2437 1679 :
2464 1639 2557 1693 per
2584 1626 2882 1678 orationem
2905 1626 3153 1680 videlicet
3176 1642 3239 1681 ac
3267 1630 3552 1683 salutarem

1983 1717 2396 1784 invocationem,
2453 1718 2520 1773 ad
2568 1731 2758 1784 aquam
2792 1718 3076 1773 accedente
3113 1718 3311 1786 Spiritu
3344 1729 3551 1773 sancto.

298 1820 349 1872 in
386 1819 603 1872 nomine
633 1815 808 1871 Patris
839 1824 893 1869 et
921 1815 1042 1869 Filii
1094 1822 1148 1869 et
1186 1813 1411 1882 Spiritus
1448 1813 1641 1878 sancti,
1703 1821 1757 1866 et
1781 1811 1878 1865 do-
1912 1796 1951 1855 Β
1983 1807 2315 1877 Baptizamur
2343 1809 2503 1879 igitur
2527 1809 2684 1877 juxta
2730 1809 3019 1864 Salvatoris
3043 1824 3347 1865 sermonem
3373 1812 3425 1865 in
3458 1827 3554 1866 no-

297 1919 480 1963 rentes
511 1923 728 1963 servare
782 1908 959 1961 omnia
1013 1905 1305 1962 Salvatoris
1346 1914 1609 1974 praecepta
1660 1902 1875 1975 (Matth.

299 1999 515 2067 xxvm).
544 1998 625 2053 Ad
671 1999 811 2052 hunc
838 1998 995 2066 igitur
1041 1998 1256 2051 modum
1288 2005 1473 2065 gentes
1533 2012 1562 2049 a
1614 2005 1757 2050 recta
1795 1995 1876 2048 via

300 2093 620 2147 aberrantes
647 2093 997 2153 illustrarunt,
1047 2104 1111 2145 ac
1139 2089 1569 2157 superstitiosum
1614 2089 1877 2145 idolorum

298 2199 544 2238 errorem
567 2184 633 2238 de
656 2182 828 2238 medio
848 2182 1194 2237 sustulerunt.
1221 2180 1473 2247 Quamvis
1489 2189 1665 2234 autem
1684 2180 1874 2246 hostis,

298 2273 514 2328 cladem
538 2288 686 2327 suam
715 2272 1083 2341 indignissime
1113 2271 1311 2334 ferens,
1347 2286 1487 2326 nunc
1515 2287 1730 2342 quoque
1762 2274 1875 2328 bel-

300 2366 414 2417 lum
440 2365 698 2418 adversus
728 2364 843 2431 pios
865 2363 1082 2427 excitet,
1116 2364 1292 2417 stultis
1316 2363 1559 2418 videlicet
1583 2379 1646 2420 ac
1668 2365 1880 2420 stolidis

302 2453 638 2519 persuadens
660 2464 715 2507 ut
739 2453 996 2507 idolorum
1033 2454 1234 2507 cultum
1267 2454 1441 2509 adhuc
1463 2455 1747 2520 retineant,
1782 2457 1879 2510 im-

303 2546 496 2599 hecilla
533 2557 705 2598 tamen
763 2544 927 2611 ipsius
983 2546 1063 2598 vis
1098 2545 1286 2600 eﬂecta
1341 2556 1451 2611 est,
1505 2555 1665 2615 atque
1714 2548 1881 2615 ipsius

303 2636 518 2688 framea:
570 2650 664 2703 per
693 2634 887 2687 Cltristi
930 2637 1222 2703 potentiam
1256 2637 1307 2690 in
1359 2636 1514 2689 ﬁnem
1542 2636 1878 2695 defecerunt.

303 2722 383 2777 En
418 2723 515 2779 tibi
536 2723 820 2778 Dominqu
843 2740 1020 2778 meum
1047 2740 1107 2779 ac
1131 2725 1293 2779 Deum
1321 2727 1582 2781 etsalutis
1611 2737 1879 2783 auctorem

308 2814 486 2880 paucis
512 2813 690 2867 verbis
719 2814 1016 2880 declaravi;
1081 2816 1284 2882 plenius
1318 2827 1494 2871 autem
1525 2833 1648 2872 eum
1679 2832 1880 2887 cegno-

304 2919 422 2960 sees
451 2947 467 2971 ,
530 2906 574 2977 si
623 2905 786 2971 ipsius
839 2905 1063 2973 gratiam
1114 2907 1165 2958 in
1207 2906 1382 2960 anima
1432 2914 1518 2960 tua
1564 2910 1875 2977 acceperis,

302 2995 597 3067 divinoque
642 2997 905 3052 beneﬁcio
956 2997 1050 3052 tibi
1107 2998 1390 3068 contigerit
1419 3008 1478 3054 ut
1504 2999 1667 3070 ipsius
1696 3016 1883 3056 servus

307 3086 424 3140 ﬁas.

380 3178 505 3233 Cap.
540 3178 676 3234 vttI.
730 3207 805 3219 —
852 3179 974 3233 ttaec
1002 3181 1163 3234 verba
1214 3190 1267 3234 ιιι
1300 3182 1440 3251 regis
1473 3181 1608 3236 ﬁlius
1659 3182 1880 3250 audivit,
1911 3162 1956 3223 C

307 3272 475 3339 ipsius
504 3274 715 3326 animus
743 3271 945 3327 lumine
976 3272 1286 3338 perstrictus
1316 3282 1416 3340 est,
1479 3288 1542 3328 ac
1571 3289 1679 3340 pra:
1705 3276 1885 3330 laetitia

307 3377 343 3417 e
387 3362 526 3418 solio
576 3379 675 3418 suo
727 3379 1055 3433 exsurgens,
1114 3364 1467 3433 Barlaamque
1496 3367 1881 3435 complectens,

306 3456 440 3510 dixit
470 3474 486 3509 :
522 3456 800 3521 Fortasse,
836 3458 1042 3511 nisime
1086 3457 1391 3524 conjectura
1416 3457 1569 3522 fallit,
1630 3459 1709 3512 vir
1737 3475 1881 3526 prm-

308 3549 662 3616 stantissime,
690 3551 774 3603 hic
805 3560 885 3604 est
912 3549 1300 3603 inaestimabilis
1328 3550 1416 3604 ille
1447 3550 1579 3617 lapis
1596 3566 1751 3619 quem
1783 3565 1888 3605 non

308 3643 403 3695 abs
433 3655 495 3694 re
522 3641 789 3695 occultum
817 3650 985 3705 lenes,
1010 3657 1109 3695 nec
1130 3640 1351 3694 cuilibet
1377 3644 1677 3709 promiscue
1704 3650 1889 3697 osten-

307 3734 413 3798 dis,
436 3747 625 3786 verum
645 3733 709 3785 iis
735 3732 948 3786 demum
978 3732 1067 3801 qui
1094 3733 1242 3785 sanis
1269 3746 1332 3785 ac
1360 3732 1530 3786 ﬁrmis
1556 3733 1719 3785 animi
1764 3748 1890 3786 sen-

311 3826 460 3878 sibus
491 3824 699 3891 praediti
727 3835 871 3877 sunt.
906 3824 1044 3877 Ecce
1073 3826 1214 3877 enim
1246 3833 1304 3877 ut
1339 3823 1454 3877 htec
1482 3826 1641 3876 verba
1674 3825 1892 3878 auribus

310 3915 519 3983 excepi,
548 3915 867 3969 suavissima
906 3914 993 3967 lux
1022 3922 1204 3981 pectus
1229 3928 1403 3968 meum
1435 3915 1617 3977 subiit,
1654 3924 1706 3968 et
1732 3930 1893 3984 grave

311 4009 441 4062 illud
474 4009 724 4062 maeroris
750 4010 1016 4069 velamen,
1045 4006 1186 4076 quod
1210 4007 1318 4075 jam
1336 4007 1537 4075 pridem
1569 4009 1747 4060 animo
1773 4024 1892 4062 meo

311 4102 546 4169 undique
578 4101 944 4164 incumbebat,
995 4101 1171 4154 statim
1196 4101 1463 4153 sublatum
1488 4112 1588 4153 est
1646 4100 1701 4154 Si
1737 4101 1893 4168 igitur

310 4205 454 4246 recte
482 4193 732 4261 conjicio,
765 4193 866 4258 fac,
891 4208 1095 4263 quaeso,
1138 4192 1323 4245 sciam.
1352 4192 1446 4245 Sin
1478 4204 1655 4243 autem
1689 4190 1891 4259 aliquid

317 4286 400 4340 bis
426 4302 546 4355 quae
569 4286 664 4339 abs
705 4294 754 4338 te
779 4294 1191 4339 commemorata
1221 4294 1339 4336 sunt
1360 4283 1698 4349 prmstantius
1726 4283 1889 4348 nosti,

315 4395 381 4433 ne
406 4378 677 4433 cuncteris
706 4376 757 4431 id
788 4376 914 4429 mihi
945 4390 1131 4429 rursus
1163 4376 1387 4443 aperire.

383 4470 616 4527 Rursum
646 4472 803 4541 igitur
843 4470 1118 4537 reSpondit
1172 4469 1409 4522 Barlaam
1445 4486 1457 4520 :
1517 4469 1589 4522 lta
1621 4484 1768 4534 sane,
1819 4470 1891 4523 mi

1984 1900 2125 1953 mine
2154 1900 2325 1954 Patris
2355 1908 2409 1955 et
2436 1900 2553 1954 Filii
2581 1911 2631 1955 et
2654 1900 2885 1970 Spiritus
2914 1902 3079 1956 sancti
3102 1900 3320 1972 (Matth.
3341 1902 3551 1976 xxvm).

1982 1994 2153 2061 Atque
2183 1992 2253 2046 ita
2276 1992 2504 2060 Spiritus
2535 1993 2703 2062 gratia
2738 1994 2788 2047 in
2817 1994 2934 2061 ejus
2982 1994 3070 2063 qui
3100 1993 3401 2061 baptizatur
3431 1996 3551 2049 ani-

1983 2098 2066 2136 ma
2100 2084 2434 2149 immoratur,
2463 2100 2581 2138 eam
2609 2083 2902 2149 illustrans,
2937 2099 2998 2139 ac
3027 2083 3264 2138 divinam
3300 2085 3554 2153 reddens,

1984 2184 2145 2244 atque
2186 2175 2467 2245 imaginem
2492 2175 2636 2229 illam
2667 2190 2729 2229 ac
2750 2175 3149 2230 similitudinem
3175 2176 3373 2246 Dei,ad
3396 2192 3554 2248 quam

1982 2266 2196 2320 condita
2219 2273 2323 2334 est,
2354 2265 2456 2334 ipsi
2488 2266 2815 2321 instaurans.
2864 2268 2941 2321 Ac
2964 2267 3236 2335 deinceps,
3285 2269 3556 2323 veteribus

1983 2357 2231 2412 omnibus
2259 2358 2371 2411 vitii
2399 2359 2652 2427 operibus
2683 2358 2926 2424 abiectis,
2960 2374 3117 2413 novre
3146 2363 3268 2415 vita:
3302 2377 3422 2416 cum
3450 2364 3562 2419 Deo

1984 2458 2191 2517 pectunt
2220 2449 2419 2504 inimus
2467 2449 2654 2520 (Nam,
2701 2461 2834 2503 orat.
2868 2451 2930 2503 de
2958 2461 3117 2505 sanet.
3145 2451 3446 2525 Baptism.),
3497 2470 3561 2510 ac

1985 2542 2252 2606 puriorem
2280 2538 2486 2593 vivendi
2516 2542 2782 2595 rationem
2811 2540 3150 2610 auspicamttr
3181 2559 3194 2595 :
3250 2558 3357 2612 quo
3403 2544 3560 2599 nimi-

1986 2645 2100 2682 rum
2129 2630 2288 2683 etiam
2340 2630 2650 2684 cohaeredes
2698 2646 2881 2684 eorum
2921 2632 3214 2687 efﬁciamur
3240 2635 3329 2702 qui
3361 2636 3427 2689 ad
3459 2636 3562 2690 im-

1987 2718 2362 2774 mortalitatem
2419 2719 2717 2789 regenerati
2798 2728 2966 2786 sunt,
3036 2736 3098 2775 ac
3173 2725 3553 2790 sempiternam

1987 2816 2214 2869 salutem
2281 2815 2558 2870 consecuti
2630 2822 2776 2869 sunt.
2851 2812 2995 2868 Citra
3061 2814 3384 2885 baptismum
3449 2832 3560 2872 au-

1989 2916 2096 2963 tem
2130 2908 2245 2963 ﬁeri
2275 2923 2379 2961 non
2406 2915 2580 2975 putest
2606 2916 2663 2961 ut
2703 2907 2983 2976 quisquam
3032 2907 3226 2961 bonam
3257 2922 3405 2975 spem
3428 2922 3560 2963 con-

1988 3009 2265 3068 sequatur,
2297 2998 2592 3068 quamlibet
2637 2999 2796 3053 etiam
2828 2998 2942 3067 pios
2972 3012 3161 3053 omnes
3192 2999 3394 3069 pietate
3416 3008 3565 3055 ante-

1989 3092 2253 3147 celluerit.
2300 3092 2388 3144 Sic
2423 3091 2565 3144 enim
2604 3089 2744 3144 Deus
2800 3089 3056 3155 Verbum,
3110 3096 3222 3160 qui,
3275 3098 3332 3144 ttt
3380 3093 3565 3161 generi

1990 3194 2173 3235 nostro
2204 3181 2433 3233 salutem
2458 3180 2690 3243 afferret,
2716 3179 3100 3236 humanitatem
3128 3182 3384 3250 suscepit,
3410 3183 3568 3238 dixit:

1992 3275 2160 3326 Amen
2186 3273 2306 3325 dico
2329 3272 2505 3336 vobis,
2540 3270 2641 3325 nisi
2665 3271 2781 3341 quis
2809 3280 3149 3342 regeneratus
3166 3272 3325 3327 fuerit
3346 3288 3409 3327 ex
3434 3290 3569 3343 aqua

1990 3372 2045 3416 et
2068 3364 2268 3431 Spiritu
2301 3371 2506 3428 sancto,
2536 3376 2640 3416 non
2680 3362 2893 3417 intrabit
2953 3364 3004 3417 in
3038 3378 3256 3433 regnum
3308 3365 3566 3419 caelorum

1991 3454 2173 3526 (Joan.
2204 3456 2308 3525 tu).
2340 3454 2702 3516 Quamobrem
2727 3464 2853 3508 ante
2873 3454 3050 3507 omnia
3076 3463 3126 3510 te
3149 3470 3298 3526 rogo,
3324 3457 3571 3509 utanimo

1992 3547 2151 3603 ﬁdem
2183 3548 2432 3616 accipias,
2456 3561 2518 3601 ac
2547 3547 2725 3601 statim
2753 3546 3129 3602 ardentissimo
3158 3547 3387 3616 quodam
3418 3547 3567 3602 desi-

1996 3638 2149 3693 derio
2172 3639 2237 3692 ad
2256 3639 2575 3706 baptismum
2604 3637 2849 3702 accedas,
2879 3652 2978 3692 nec
3006 3638 3167 3690 ullam
3199 3639 3418 3691 omnino
3461 3653 3573 3690 mo-

1994 3745 2105 3783 rarn
2136 3729 2413 3785 adhibeas.
2445 3729 2745 3784 Periculosa
2771 3727 3029 3797 siquidem
3058 3736 3141 3782 est
3191 3728 3399 3792 dilatio,
3450 3744 3576 3795 pro-

1996 3833 2176 3889 pterea
2209 3821 2349 3890 quod
2377 3820 2702 3888 pra-stitutus
2727 3818 2884 3870 morti
2908 3817 3020 3870 dies
3040 3816 3271 3871 incertus
3298 3827 3398 3871 est.
3420 3816 3573 3870 Josa-

1995 3913 2124 3981 pltat
2157 3921 2332 3965 autem
2366 3910 2433 3964 ad
2465 3911 2638 3979 ipsum
2677 3909 2813 3963 dixit
2846 3926 2857 3961 :
2911 3908 2978 3961 Et
3014 3923 3259 3976 quamam
3304 3911 3439 3961 bona
3488 3907 3574 3965 illa

1994 4019 2118 4072 spes
2147 4014 2251 4069 est,
2284 4004 2435 4073 cujus
2476 4004 2589 4058 ﬁeri
2623 4017 2778 4072 posse
2810 4002 3014 4071 negasti
3045 4008 3103 4056 ut
3132 4002 3413 4071 quisquam
3443 4002 3576 4059 eitra

1998 4099 2319 4166 baptismum
2348 4104 2567 4165 compos
2617 4095 2746 4147 fiat?
2794 4094 3058 4160 Quidnam
3108 4097 3269 4147 etiam
3296 4093 3428 4147 illud
3473 4105 3575 4159 est,

1997 4188 2136 4256 quod
2162 4188 2418 4242 etelorum
2454 4200 2671 4256 regnum
2698 4185 2971 4255 appellas?
3024 4184 3301 4240 Undenam
3327 4185 3454 4240 item
3488 4185 3578 4241 Dei

1999 4281 2331 4335 humanitate
2362 4280 2529 4334 induti
2579 4279 2737 4333 verba
2788 4279 3072 4332 audivisti?
3122 4278 3348 4346 Quinam
3393 4291 3579 4332 rursus

1999 4384 2078 4426 est
2104 4373 2341 4425 incertus
2372 4372 2532 4425 morti
2576 4370 2909 4440 praestitutus
2957 4368 3107 4435 dies,
3161 4370 3228 4422 de
3257 4382 3363 4437 quo
3391 4369 3577 4436 ingens

1999 4464 2305 4519 sollicitudo
2335 4473 2521 4531 pectus
2554 4478 2732 4517 meum
2763 4462 3002 4526 subiens,
3034 4462 3354 4515 mmroribus
3379 4475 3443 4515 ac
3485 4461 3581 4515 do-

311 4562 527 4617 dontine
554 4578 619 4617 ac
649 4578 764 4628 rex,
798 4560 901 4615 hoc
932 4571 1012 4614 est
1059 4560 1189 4613 iilud
1246 4575 1492 4627 maguum
1549 4560 1886 4629 mysterium,
1922 4532 1973 4591 D
2002 4556 2202 4611 loribus
2227 4570 2418 4610 carnes
2464 4570 2613 4609 meas
2641 4553 2877 4619 conﬁcit,
2912 4561 3071 4621 atque
3099 4550 3235 4605 adeo
3282 4551 3455 4619 ipsunt
3486 4566 3577 4605 os-

310 4662 447 4731 quod
479 4663 850 4717 absconditum
883 4663 1048 4734 258
1098 4673 1178 4716 est
1206 4678 1233 4716 a
1263 4666 1472 4719 saeculis
1502 4677 1556 4720 et
1586 4668 1891 4737 generatio-

311 4754 485 4820 nibus,
509 4754 561 4806 in
576 4756 833 4807 extremis
860 4767 1036 4809 autem
1066 4754 1392 4821 temporibus
1409 4756 1684 4811 hominum
1710 4758 1892 4827 generi

313 4843 636 4911 patefactum
668 4843 889 4911 (Coloss.
926 4844 985 4911 ι).
1015 4844 1175 4914 Cujus
1201 4844 1616 4900 declarationem
1641 4848 1769 4902 olim
1802 4864 1895 4916 per

310 4933 547 4999 Spiritus
569 4934 733 4987 divini
767 4933 990 5002 gratiam
1023 4933 1174 4987 multi
1225 4936 1500 5003 prophetae
1544 4938 1760 5004 acjusti
1794 4938 1892 4992 viri

311 5025 701 5091 praedixerunt,
752 5025 1095 5080 multifariam
1150 5026 1440 5094 multisque
1495 5028 1668 5082 modis
1716 5029 1893 5085 edocti

311 5114 500 5186 (Hebr.
530 5116 638 5185 x1),
692 5127 849 5182 atque
873 5117 981 5169 alta
1028 5131 1159 5171 voce
1199 5119 1601 5174 annuntiantes.
1654 5120 1897 5189 Cumque

307 5207 539 5261 salutem
563 5206 784 5260 omnino
809 5207 1039 5260 futuram
1070 5208 1457 5275 prospicerent,
1516 5212 1740 5280 ejusque
1774 5226 1896 5266 cer-

308 5298 506 5351 nenda:
537 5295 829 5365 cupiditate
858 5306 1185 5356 tenerentur,
1247 5312 1350 5350 non
1396 5308 1569 5352 tamen
1610 5314 1726 5352 eam
1780 5314 1898 5367 per-

308 5396 642 5453 spexerunt;
710 5401 894 5441 verum
951 5387 1134 5441 ultitna
1193 5387 1308 5442 haec
1383 5389 1658 5457 generatio
1708 5389 1897 5444 divino

309 5478 578 5534 beneficio
635 5477 824 5533 salutis
881 5490 1152 5534 auctorem
1200 5482 1457 5547 suscepit.
1537 5482 1898 5546 Quamobrem

309 5571 407 5639 qui
460 5568 795 5635 crediderit,
865 5581 919 5626 et
964 5570 1261 5641 baptizatus
1310 5571 1508 5639 fuerit,
1568 5574 1747 5629 salvus
1798 5576 1904 5631 erit

311 5660 511 5734 (Marc.
541 5661 674 5731 ιιι).

394 5753 536 5809 Dixit
566 5760 744 5811 autem
772 5752 1069 5825 Josapbat:
1098 5756 1289 5815 Omnia
1321 5770 1383 5813 ea
1408 5771 1529 5827 quae
1557 5757 1655 5813 abs
1683 5766 1735 5813 te
1761 5757 1903 5815 dicta

2001 4648 2140 4702 sium
2168 4648 2328 4702 robur
2352 4647 2535 4701 exest?
2561 4644 2801 4715 Denique
2826 4649 3003 4699 utrum
3031 4643 3321 4696 morientes
3364 4643 3414 4694 in
3438 4641 3580 4694 nihi-

2003 4740 2109 4793 lum
2142 4739 2429 4793 dilabimur
2453 4779 2467 4804 ,
2517 4754 2582 4793 an
2613 4746 2800 4792 contra
2849 4745 2970 4807 post
2998 4743 3320 4805 praesentem
3352 4735 3582 4802 peregri‘
3647 4776 3663 4788 .

2003 4831 2271 4884 nationem
2300 4828 2401 4882 alia
2430 4829 2534 4881 vita
2559 4835 2808 4897 superest
2840 4844 2853 4880 :
2904 4826 3020 4881 haec
3036 4834 3093 4881 et
3122 4826 3203 4880 his
3225 4832 3587 4879 consentanea

1999 4935 2067 4974 ex
2100 4931 2151 4975 te
2182 4920 2321 4974 scire
2347 4918 2588 4974 aveham.

2080 5030 2320 5085 Barlaam
2352 5028 2658 5098 hujusmodi
2712 5041 3029 5097 responsum
3060 5025 3142 5080 his
3182 5026 3363 5080 verbis
3391 5026 3538 5081 dedit
3565 5044 3579 5082 :

2007 5123 2151 5177 Bona
2183 5138 2242 5176 ea
2275 5136 2421 5190 spes,
2480 5121 2547 5175 de
2577 5134 2679 5190 qua
2725 5120 2935 5173 locutus
2963 5132 3105 5186 sum,
3157 5117 3306 5187 regni
3349 5120 3584 5175 caelestis

2005 5225 2104 5269 est.
2132 5216 2202 5268 Ea
2228 5227 2404 5267 autem
2430 5221 2514 5267 est
2540 5211 2828 5281 ejusmodi,
2853 5218 2911 5265 ut
2938 5209 3079 5265 nulla
3105 5211 3324 5266 omnino
3351 5211 3585 5267 humana

2007 5305 2179 5375 lingua
2210 5304 2467 5372 explicari
2514 5302 2702 5371 possit.
2758 5302 2849 5355 Ait
2897 5302 3041 5356 enim
3071 5301 3397 5371 Scriptura:
3451 5302 3586 5370 Quae

2007 5400 2193 5452 oculus
2217 5412 2321 5451 non
2357 5395 2506 5459 vidit,
2532 5405 2587 5453 et
2618 5397 2765 5450 auris
2785 5410 2893 5450 non
2925 5395 3147 5459 audivit,
3197 5405 3251 5449 et
3282 5396 3334 5449 in
3356 5410 3451 5451 cur
3491 5397 3587 5450 hu-

2008 5488 2167 5543 minis
2196 5503 2301 5541 non
2331 5485 2709 5554 ascenderunt,
2735 5490 3053 5556 praeparavit
3074 5487 3214 5541 Deus
3241 5486 3588 5556 diligentibus

2007 5596 2065 5633 se
2124 5579 2257 5649 (Isa.
2300 5593 2449 5643 LXIV;
2497 5575 2528 5629 Ι
2555 5576 2675 5631 Cor.
2702 5580 2783 5647 ll).
2826 5577 2958 5634 Cum
3005 5586 3185 5633 autem
3232 5577 3435 5648 abjecta
3492 5578 3588 5628 hac

2008 5684 2186 5725 crassa
2214 5681 2377 5723 carne
2405 5708 2421 5732 ,
2473 5667 2863 5725 beatitudinem
2906 5668 3053 5724 illam
3101 5668 3283 5723 divino
3324 5665 3589 5722 beneficio

2012 5758 2597 5831 consecutifuerimus,
2653 5768 2766 5817 tum
2805 5760 2916 5829 ille,
2975 5758 3129 5830 cujus
3157 5756 3418 5817 beneficio
3456 5767 3585 5822 spes
