4010 6286
418 340 513 391 471

1468 331 1554 386 DE
1589 328 1763 385 VITIS
1803 325 2087 384 PATRUM
2130 326 2326 382 LIBER
2369 327 2648 384 PRIMUS.

3591 326 3704 381 ΥΞ

418 463 600 509 nostra
630 466 728 508 nos
764 451 986 506 minime
1013 447 1291 513 fefellerit,
1315 461 1410 500 nos
1433 445 1673 506 docebit,
1703 441 2006 507 efﬁcietque
2036 438 2084 494 Α
2117 437 2135 507 (
2161 440 2315 494 Lucra
2355 458 2450 496 xxi
2474 443 2515 511 ).
2554 440 2764 496 Etenim
2794 457 2914 496 cum
2947 441 3088 498 Deus
3130 441 3399 498 hominem
3437 441 3508 496 ah
3548 440 3704 494 initio

418 551 480 600 ut
505 543 766 598 bonorum
792 543 1004 597 illarum
1032 539 1280 609 gloriam,
1313 550 1524 590 omnem
1559 533 1753 586 mentis
1782 539 1997 596 captum

427 644 800 706 superantem,
835 634 1005 690 lucem
1041 634 1183 685 illam
1217 646 1334 698 quin
1366 629 1503 680 nulla
1534 625 1776 680 oratione
1820 624 1998 690 expri-

420 728 492 780 mi
525 734 723 795 potest,
752 727 916 780 vitam
945 724 1086 777 illam
1110 736 1228 790 qua:
1249 729 1420 774 morte
1443 734 1546 771 non
1573 716 1999 783 interrumpitur,

422 830 486 870 ac
521 815 753 884 denique
783 813 926 866 illam
959 827 1080 865 cum
1131 809 1334 879 angelis
1385 810 1508 861 vitae
1557 808 2000 860 consuetudinem

423 921 830 974 cognoscamus.
866 904 996 956 Nam
1019 903 1063 956 si
1089 902 1190 955 hoc
1219 901 1471 954 divinitus
1499 911 1917 965 consequamur,
1948 904 2004 949 nt

423 1016 544 1056 cum
574 1001 706 1066 Deo,
737 1007 993 1066 quantum
1019 996 1263 1049 humana;
1291 1001 1492 1050 natura:
1523 993 1602 1045 fas
1631 1001 1736 1050 est.
1779 1003 2005 1044 consue-

424 1093 660 1146 tudinem
687 1091 999 1150 ltaheamus.
1024 1087 1204 1141 omnia
1227 1101 1287 1140 ea
1317 1101 1436 1153 quae
1466 1098 1610 1138 nunc
1641 1081 1799 1136 nobis
1824 1081 2004 1148 ignota

425 1195 551 1238 sunt
575 1183 639 1236 ab
669 1197 733 1235 eo
764 1181 1016 1235 sciemus.
1065 1179 1177 1233 lloc
1224 1177 1390 1241 enim,
1425 1175 1718 1243 Scripturis
1751 1172 2005 1227 divinitus

425 1272 695 1341 inspiratis
743 1270 985 1336 edoctus,
1033 1269 1271 1324 omnium
1322 1267 1553 1320 maxime
1594 1265 1861 1320 caelorum
1914 1278 2004 1316 re-

423 1380 582 1430 gnum
633 1377 755 1417 esse
809 1363 966 1425 duco,
1009 1375 1199 1426 nempe
1242 1359 1307 1412 ad
1365 1367 1586 1420 sanctaa,
1643 1365 1697 1412 et
1723 1373 1843 1424 qute
1883 1357 2007 1409 vitae

426 1455 632 1510 initium
667 1453 837 1522 dedit,
876 1451 1160 1506 Trinitatis
1191 1451 1695 1517 contemplationem
1725 1447 2004 1510 accedere,

429 1559 588 1616 atque
618 1543 1022 1612 incomparabili
1051 1542 1216 1609 ipsius
1249 1541 1446 1594 lumine
1490 1540 1676 1608 purius
1724 1537 2007 1599 illustrari,

424 1655 488 1693 ac
509 1640 745 1692 revelata
776 1635 912 1688 faeie
937 1631 1021 1702 (11
1057 1631 1176 1686 Cor.
1208 1632 1289 1700 ιιι)
1338 1629 1502 1699 ipsius
1543 1629 1768 1698 gloriam
1792 1641 2006 1682 omnem

426 1732 709 1782 Verborum
735 1728 1043 1781 facultatem
1070 1735 1410 1790 superantem
1436 1722 1702 1775 contueri.
1737 1720 1846 1774 Nec
1880 1734 2006 1772 vero

2108 532 2405 586 efﬁnxisset
2435 534 2615 603 (quem
2631 533 2916 588 admodum
2947 535 3108 588 etiant
3147 533 3256 603 jam
3299 534 3392 588 tibi
3433 533 3702 603 exposui)

2108 623 2407 677 iosul'llavit
2447 627 2498 676 ιιι
2540 640 2662 677 eunt
2709 624 3037 693 spiraculum
3080 627 3201 679 vitm
3232 624 3404 696 (Gen.
3433 623 3548 694 tt),
3582 640 3704 693 qua:

2111 713 2326 780 quidem
2354 713 2530 766 anima
2565 714 2788 768 rationis
2827 724 2985 783 atque
3027 716 3390 784 intelligentia!
3434 716 3705 784 particeps

2113 805 2434 872 appellatur.
2481 804 2742 870 Quoniam
2776 815 2953 860 autem
2987 817 3162 861 morte
3188 808 3429 861 damnati
3471 823 3656 862 smnus
3681 847 3700 874 ,

2117 895 2365 948 omnibus
2398 895 2551 949 nobis
2591 896 2724 950 mori
2757 911 2978 955 necesse
3007 907 3092 950 est
3119 913 3134 961 ;
3166 912 3262 951 nec
3292 896 3406 950 ﬁeri
3441 905 3618 965 potest
3644 909 3709 951 ut

2115 985 2200 1038 hic
2231 986 2370 1039 calix
2404 987 2675 1039 hominem
2708 987 2876 1040 ullum
2908 997 3209 1056 prmtet'eat.
3239 987 3381 1042 Nihil
3414 1000 3592 1042 autem
3621 999 3708 1042 est

2113 1078 2256 1128 aliud
2312 1091 2458 1130 mors
2502 1092 2661 1146 quam
2709 1078 2872 1140 animi
2924 1095 2952 1132 a
3001 1093 3230 1145 corpore
3275 1078 3582 1147 disiunctio.
3627 1081 3710 1135 Ac

2116 1169 2332 1237 quidem
2386 1168 2514 1222 illud
2561 1183 2795 1236 corpus,
2849 1170 2988 1236 quod
3037 1186 3068 1224 e
3115 1183 3251 1224 terra
3300 1171 3536 1224 eitietum
3585 1182 3704 1237 εει,

2116 1271 2462 1327 poSteaquam
2492 1260 2560 1312 ab
2590 1261 2768 1312 animo
2799 1261 3096 1328 sejunctuut
3125 1272 3238 1324 est,
3274 1262 3328 1316 in
3373 1272 3572 1317 terram
3593 1308 3609 1330 ,
3636 1279 3707 1318 ex

2117 1365 2216 1418 qua
2253 1358 2525 1417 sumptum
2556 1351 2763 1417 fuerat,
2801 1353 3110 1416 revertitur,
3143 1370 3203 1407 ac
3245 1368 3556 1424 corruptum
3599 1357 3710 1411 dis-

2110 1439 2334 1494 solvitur
2367 1443 2383 1508 (
2411 1440 2538 1494 Gen.
2571 1457 2659 1506 ttt;
2695 1440 2860 1496 Eccli.
2897 1443 3016 1512 ιιι).
3050 1447 3238 1500 Anima
3269 1457 3446 1500 autent
3480 1448 3707 1501 immor-

2111 1534 2231 1587 talis
2262 1549 2383 1588 cmn
2415 1536 2523 1600 sit,
2559 1551 2624 1589 eo
2654 1536 3013 1602 proﬁcisc:tttr
3043 1555 3145 1608 quo
3173 1553 3418 1594 summus
3449 1542 3541 1593 ille
3565 1541 3700 1595 επε-

2109 1638 2228 1680 ctor
2256 1626 2518 1694 imperat,
2549 1629 2668 1692 vel,
2700 1638 2756 1682 ut
2783 1631 2980 1684 rectius
3011 1633 3220 1700 loquar,
3250 1634 3704 1700 quemadmodum

2113 1718 2227 1785 ipsa
2263 1717 2400 1781 sibi,
2431 1735 2551 1773 cum
2583 1720 2757 1775 adhuc
2787 1721 2842 1776 iii
2872 1737 3032 1775 carne
3055 1733 3376 1788 versaretur,
3412 1724 3708 1793 hospitium

427 1821 728 1874 mirandum
753 1830 858 1883 εει,
915 1817 1140 1885 gloriam
1188 1814 1332 1867 illam
1387 1827 1450 1866 ac
1505 1813 1676 1865 lucem
1709 1820 1762 1864 et
1813 1823 2004 1862 arcana
2040 1810 2086 1868 Β
2115 1811 2456 1877 prtepaiavit.
2496 1810 2563 1864 Ut
2589 1812 2730 1864 enim
2771 1812 2997 1880 quisque
3029 1813 3150 1867 vitae
3191 1830 3412 1870 munere
3450 1816 3536 1870 hic
3577 1815 3708 1870 futt-

426 1916 566 1968 bona
598 1911 761 1965 nullis
790 1909 972 1964 verbis
1002 1905 1262 1961 declarari
1297 1917 1481 1971 posse;
1521 1915 1692 1969 neque
1715 1899 1858 1953 enim
1893 1915 2007 1950 aut-

427 2007 511 2075 pla
539 2014 590 2059 et
620 2003 814 2056 eximia
845 2007 1046 2065 essent,
1093 1997 1136 2048 si
1169 2008 1266 2048 nos
1298 1993 1498 2047 terreni
1532 2001 1584 2045 et
1613 1989 1889 2052 mortales,
1948 2000 2010 2040 ac

428 2110 646 2166 gravem
675 2095 813 2146 hanc
856 2099 911 2144 et
935 2085 1307 2142 affectionibus
1337 2082 1624 2138 obnoxiam
1673 2095 1890 2134 carnem
1921 2093 2011 2146 ge-

426 2195 651 2250 stantes,
705 2200 769 2238 ea
801 2193 912 2236 tum
956 2177 1264 2248 cognitione
1311 2176 1616 2246 perciprre,
1669 2182 1776 2225 tum
1830 2169 2012 2223 verbis

427 2281 728 2349 exprimere
777 2289 1079 2345 possemus.
1135 2271 1266 2338 Quae
1295 2284 1416 2325 cum
1448 2267 1720 2334 explorata
1757 2263 1850 2318 tibi
1881 2262 2008 2326 sint,

427 2389 491 2426 ea
518 2372 622 2426 title
652 2370 764 2423 sola
815 2369 946 2422 citra
980 2366 1141 2420 ullam
1172 2363 1562 2417 dubitationem
1589 2359 1798 2426 accipe,
1852 2364 2012 2424 atque

431 2464 500 2518 ab
548 2461 696 2515 omni
729 2460 941 2513 lictione
969 2455 1234 2518 abltmre;
1295 2453 1532 2519 illudque
1584 2449 1766 2511 stude,
1816 2455 1872 2498 ut
1917 2460 2013 2513 per

429 2555 568 2607 bona
623 2565 787 2618 opera
841 2545 1200 2601 immortalem
1251 2541 1395 2596 illam
1470 2539 1694 2609 gloriam
1763 2535 2011 2605 arripias.

433 2646 550 2710 Qua
599 2657 722 2696 cum
772 2639 866 2694 tibi
920 2637 1076 2706 potiri
1133 2634 1416 2706 contigerit
1459 2673 1472 2698 ,
1518 2629 1830 2700 perfectius
1899 2628 2013 2680 hinc

427 2752 736 2807 cognosces.

501 2827 662 2900 259
699 2823 852 2891 Quod
910 2832 1088 2878 autem
1143 2835 1208 2874 ex
1263 2834 1348 2874 me
1400 2817 1725 2887 quaesit-isti,
1783 2829 2012 2883 quonam

429 2919 590 2974 modo
647 2930 745 2970 nos
802 2913 1063 2968 incarnati
1119 2911 1212 2965 Dei
1271 2910 1430 2965 verba
1487 2907 1854 2970 audierimus,
1914 2904 2016 2958 hoc

431 3009 659 3071 habeto,
690 3021 789 3060 nos
822 3021 916 3074 per
958 3011 1301 3060 sacrosancta
1345 2999 1629 3070 Evangelia
1679 3014 1738 3051 ea
1782 3014 1900 3066 qua:
1949 2996 2012 3049 ad

431 3097 829 3162 tlteandricam,
874 3095 976 3149 hoc
1013 3107 1094 3149 eSt
1137 3094 1230 3147 Dei
1271 3108 1392 3147 cum
1439 3091 1658 3146 homine
1696 3088 2011 3157 conjuncti,

2113 1911 2230 1953 ctus
2259 1901 2410 1953 fuerit
2431 1943 2446 1964 ,
2481 1901 2586 1955 illic
2615 1913 2933 1969 recepturus
2959 1913 3058 1958 est.

2192 1992 2430 2060 Denique
2484 1993 2746 2049 confectis
2799 1995 2971 2063 longis
3021 2004 3321 2064 temporum
3371 2001 3653 2055 curriculis
3688 2044 3706 2068 ,

2126 2084 2270 2137 Deus
2301 2095 2480 2138 noster
2507 2101 2627 2140 cum
2671 2087 2955 2140 metuenda
2999 2098 3052 2142 et
3091 2090 3353 2142 sermonis
3396 2090 3711 2146 facultatem

2117 2189 2406 2242 superante
2457 2175 2624 2245 gloria
2672 2177 2738 2230 ad
2765 2177 3022 2246 judicium
3053 2179 3120 2234 de
3147 2181 3277 2236 orbe
3306 2180 3583 2235 ierendum
3614 2197 3714 2236 ve-

2116 2271 2245 2324 niet.
2293 2269 2458 2339 Cujus
2511 2282 2655 2324 metu
2708 2273 2966 2326 ccelornm
3025 2274 3248 2326 virtutes
3288 2275 3715 2330 commovebun-

2120 2371 2226 2427 tur,
2257 2373 2417 2430 atque
2447 2364 2621 2418 omnis
2649 2363 2958 2433 angelorum
3000 2364 3268 2417 exercitus
3311 2377 3544 2420 tremore
3583 2380 3715 2420 cor-

2119 2467 2306 2524 reptus
2335 2472 2518 2510 coram
2547 2458 2666 2525 ipso
2694 2459 2890 2512 astahit
2916 2459 3072 2526 (an.
3098 2462 3219 2528 xxi)
3250 2477 3263 2513 :
3298 2469 3407 2514 tuttt
3435 2459 3712 2524 videlicet,

2115 2562 2240 2604 Cum
2281 2549 2332 2600 itt
2373 2548 2680 2616 archangeli
2731 2565 2865 2602 voce
2910 2565 2973 2603 ac
3013 2551 3188 2603 divina
3233 2551 3356 2605 tuba
3399 2551 3596 2604 mortui
3640 2550 3713 2603 ad

2117 2641 2276 2693 vitam
2309 2639 2591 2704 redibunt,
2624 2655 2686 2693 ac
2717 2640 2998 2694 tremendo
3038 2641 3202 2710 ipsius
3227 2641 3420 2694 throno
3451 2642 3715 2694 sistentur

2125 2729 2177 2800 (1
2213 2730 2392 2783 Τέως.
2428 2734 2529 2798 tv).
2565 2730 2658 2784 Est
2682 2740 2858 2784 autem
2900 2732 3251 2796 resurrectio,
3290 2732 3482 2784 anima:
3521 2743 3716 2783 rursus

2117 2837 2236 2875 cum
2264 2835 2489 2889 corpore
2515 2821 2837 2888 cnttjuttctio.
2881 2823 3142 2886 Quocirca
3167 2823 3266 2875 hoc
3293 2822 3463 2890 ipsum
3488 2835 3715 2888 corpus,

2117 2911 2257 2979 quod
2286 2911 2468 2966 interit
2495 2926 2556 2964 ac
2584 2911 2910 2975 dissolvitur,
2941 2914 3008 2964 ita
3040 2921 3281 2982 resurget
3301 2953 3316 2977 ,
3348 2921 3404 2965 ut
3450 2911 3716 2978 deinceps

2119 3001 2344 3054 interire
2372 3012 2601 3070 nequeat
2630 2998 2684 3069 (1
2710 3000 2828 3056 Cor.
2858 3001 2976 3071 xv).
3006 3001 3113 3057 Nec
3140 3018 3269 3057 vero
3295 3003 3417 3056 huic
3441 3004 3518 3058 rei
3546 3003 3717 3057 ﬁdem

2129 3093 2238 3144 ullo
2279 3091 2438 3145 modo
2483 3094 2743 3160 abrogare
2783 3095 2834 3145 in
2879 3102 3111 3147 mentem
3155 3095 3245 3148 tibi
3284 3095 3482 3148 veniat.
3525 3094 3719 3164 Neque

430 3191 882 3261 dispensationem
919 3186 1221 3256 pertinent,
1243 3184 1516 3238 didicisse.
1546 3182 1676 3235 Nam
1709 3182 1778 3235 ita
1805 3190 2021 3233 sanctus
2049 3172 2094 3234 C
2126 3182 2268 3236 enim
2297 3181 2348 3236 ei
2375 3181 2462 3250 qui
2495 3182 2666 3250 ipsum
2697 3183 2926 3251 primum
2964 3198 2996 3238 e
3038 3194 3174 3238 terra
3205 3184 3451 3250 efﬂuxit,
3497 3195 3717 3256 postea-

431 3285 520 3338 ille
559 3283 693 3338 liber
733 3280 1050 3350 appellatur,
1094 3285 1152 3330 ut
1191 3276 1282 3344 qui
1326 3273 1778 3328 immortalitatem
1815 3279 1871 3325 et
1905 3280 2014 3324 sta-

435 3385 544 3428 tum
589 3389 620 3427 a
662 3371 1006 3440 corruptione
1035 3367 1264 3422 alienmn
1287 3410 1302 3434 ,
1333 3376 1388 3422 et
1413 3365 1791 3433 sempiternam
1821 3363 2015 3424 vitam,

434 3476 488 3522 et
529 3473 865 3534 peccatorum
911 3461 1315 3525 remissionem,
1362 3466 1418 3513 et
1459 3459 1713 3513 cmlorum
1753 3471 2016 3526 regnum,

435 3556 592 3611 nobis
633 3554 722 3625 qui
767 3553 1025 3608 mortales
1066 3550 1412 3618 interituique
1453 3548 1668 3602 obnoxii
1711 3562 1774 3600 ac
1822 3545 2016 3600 terreni

434 3665 619 3706 sumus
640 3687 656 3712 ,
691 3646 862 3700 fauste
889 3642 1191 3698 annuntiet.
1234 3641 1404 3708 Quem
1443 3639 1655 3709 quidem
1686 3638 2020 3706 scripserunt

434 3744 524 3812 qui
552 3750 881 3808 spectatores
910 3753 972 3790 ac
1000 3736 1231 3790 ministri
1266 3735 1426 3789 Verbi
1454 3734 1683 3787 fuerunt.
1729 3733 1802 3786 De
1829 3733 2020 3800 quibus

436 3833 678 3900 superius
707 3829 854 3892 dixi,
885 3828 1027 3898 quod
1068 3827 1313 3883 SulValul‘
1355 3835 1538 3879 noster
1577 3824 1823 3882 Christus
1859 3821 2020 3876 disci-

438 3924 592 3993 pulos
620 3930 674 3976 et
701 3921 976 3989 apostolos
1013 3919 1257 3986 elegerit.
1303 3918 1402 3983 Qui
1446 3916 1661 3986 quidem
1708 3915 1863 3971 nobis
1903 3924 2024 3984 post

439 4014 724 4085 gloriosam
757 4012 851 4065 Dei
881 4010 933 4063 i.t
963 4010 1132 4065 caelos
1159 4008 1533 4063 ascensionem
1556 4049 1571 4073 ,
1605 4007 1770 4075 ipsius
1797 4007 1848 4060 iit
1882 4015 2022 4060 terra

441 4105 566 4156 vine
597 4103 857 4155 rationem
879 4140 894 4164 ,
926 4109 979 4153 et
1008 4100 1303 4155 doctrinam
1344 4114 1408 4153 ac
1435 4098 1723 4164 miracula,
1768 4106 2024 4167 quantum

382 4224 387 4229 -
443 4193 511 4246 ab
560 4191 864 4246 hominibus
913 4189 1153 4256 praestari
1199 4197 1439 4256 poterat,
1490 4187 1786 4241 litterarum
1837 4201 2025 4240 monu-

444 4283 640 4337 mentis
669 4280 1005 4338 mandarunt.
1043 4278 1132 4333 Sic
1160 4277 1358 4334 etenim
1399 4279 1449 4330 iu
1493 4287 1734 4331 extrema
1779 4276 1900 4330 libri
1943 4272 2026 4329 sui

446 4384 600 4443 parte
655 4371 884 4428 eximius
925 4370 1014 4425 ilie
1051 4370 1188 4424 inter
1223 4369 1434 4422 divinos
1471 4370 1825 4439 evangelistas
1852 4367 2023 4420 dixit:

443 4472 580 4530 Sunt
604 4476 656 4520 ct
681 4465 782 4518 alia
812 4465 1004 4531 multa,
1035 4478 1154 4531 qua:
1180 4462 1304 4517 fecit
1327 4462 1513 4526 Jesus,
1541 4478 1660 4530 qum
1701 4462 1746 4515 si
1782 4462 2026 4516 scriban-

2129 3288 2290 3341 quam
2324 3273 2376 3326 itt
2404 3283 2601 3327 terram
2646 3289 2710 3327 ex
2757 3288 2861 3342 qua
2899 3285 3170 3344 sumptum
3213 3286 3295 3330 est
3333 3277 3522 3343 rediit,
3554 3277 3716 3346 juxta

2121 3360 2386 3418 Creatoris
2409 3364 2727 3419 sententiam
2753 3379 2938 3419 rursus
2961 3366 3026 3419 ad
3056 3366 3216 3421 vitam
3241 3367 3477 3422 excitare
3507 3368 3718 3438 impos-

2120 3455 2276 3510 sibile
2304 3465 2405 3510 est.
2435 3455 2566 3512 Nam
2597 3457 2643 3510 si
2674 3457 2816 3525 quod
2847 3455 2960 3512 Rex
2986 3457 3128 3512 Deus
3159 3473 3225 3512 ex
3259 3458 3424 3512 nihilo
3452 3461 3503 3512 in
3530 3469 3713 3512 ortum

2070 3601 2074 3605 .
2125 3545 2469 3616 produxerit,
2503 3557 2676 3602 tecum
2708 3556 2927 3617 reputes
2951 3587 2968 3612 ,
3003 3548 3140 3603 istud
3170 3549 3300 3602 satis
3331 3564 3523 3619 magno
3552 3565 3718 3618 arguo

2125 3647 2306 3694 mento
2334 3639 2428 3693 tibi
2460 3641 2692 3694 futurum
2733 3651 2836 3694 est.
2879 3641 3089 3696 Etenim
3131 3653 3346 3711 sumpta
3386 3653 3561 3712 terra,
3589 3660 3717 3713 quite

2123 3732 2275 3802 prius
2307 3747 2410 3786 non
2441 3741 2591 3794 crat,
2628 3732 2900 3787 hominem
2935 3736 3232 3801 procreavit
3258 3733 3414 3802 (Gen.
3440 3750 3474 3788 ιι
3500 3737 3539 3803 ).
3569 3736 3718 3800 Quo-

2125 3839 2249 3878 nam
2282 3825 2440 3892 igitur
2473 3826 2631 3879 modo
2657 3841 2687 3880 e
2721 3837 2861 3878 terra
2906 3825 3064 3879 homo
3105 3826 3277 3880 factus
3306 3828 3432 3880 est?
3469 3829 3713 3891 Quonam

2125 3921 2284 3972 modo
2328 3921 2442 3986 ipsa
2489 3936 2555 3973 ex
2607 3920 2777 3972 nihilo
2829 3920 3082 3985 producta
3130 3920 3250 3975 est?
3294 3920 3538 3987 Quonam
3583 3922 3714 3975 item

2133 4010 2483 4064 fundamento
2515 4011 2741 4064 nititur?
2773 4011 3011 4078 Quonam
3042 4011 3270 4081 denique
3297 4012 3459 4066 modo
3484 4027 3549 4066 ex
3591 4013 3711 4080 ipsa

2129 4104 2337 4156 inﬁnita
2368 4112 2480 4156 tum
2512 4104 2788 4157 hrutoruttt
2811 4142 2824 4167 ,
2855 4113 2962 4157 tuin
2987 4103 3253 4160 seminum
3283 4144 3298 4169 ,
3327 4113 3440 4157 tum
3468 4104 3711 4172 stirpium

2135 4211 2332 4264 genera
2365 4195 2618 4264 producta
2660 4197 2826 4250 smn?
2857 4196 3160 4262 Quinetiam
3190 4197 3241 4249 itt
3283 4206 3464 4251 nostro
3501 4211 3716 4266 quoque

2129 4298 2252 4342 ortu
2278 4288 2436 4341 velim
2471 4288 2570 4341 hoc
2596 4288 2923 4342 consideres.
2957 4288 3039 4342 An
3071 4304 3178 4342 non
3206 4289 3352 4342 enim
3394 4291 3710 4357 perxiguum

2130 4394 2314 4433 semen
2362 4379 2412 4432 in
2459 4390 2692 4444 terram,
2739 4379 2838 4432 hoc
2875 4389 2957 4432 est
2999 4379 3050 4431 in
3097 4379 3304 4432 vulvam
3345 4379 3517 4447 ipsum
3560 4379 3710 4432 excio

2145 4473 2376 4539 piemem
2407 4472 2671 4525 emittitur
2693 4472 2715 4509 ⁸³
2758 4471 2906 4527 Unde
2936 4471 3099 4541 igitur
3127 4471 3242 4527 haec
3281 4481 3420 4526 tanta
3460 4471 3712 4525 animalis

445 4569 530 4613 tur
556 4573 648 4626 per
677 4556 911 4625 singula,
942 4569 1040 4610 nec
1069 4554 1243 4622 ipsum
1275 4553 1506 4608 arbitror
1533 4551 1790 4606 mundum
1818 4566 1912 4605 eos
1937 4551 2026 4620 qui
2057 4539 2107 4598 Ι)
2133 4562 2383 4622 εσθοιεοῖ

448 4649 718 4714 scribendi
750 4654 875 4703 sunt
901 4660 1095 4714 capere
1127 4659 1283 4714 posse
1313 4645 1476 4698 libros
1504 4641 1683 4713 (Joan.
1709 4645 1848 4710 xxi).

515 4742 571 4795 lit
606 4741 710 4795 hoc
740 4740 895 4810 igitur
921 4739 1101 4794 divino
1131 4737 1418 4808 Evangelio
1439 4779 1455 4805 ,
1485 4747 1593 4792 tum
1621 4734 2024 4801 incarnationis,

365 4815 378 4824 ’
448 4841 561 4888 tum
599 4831 1017 4896 declarationis,
1068 4837 1184 4884 tum
1217 4830 1634 4892 miraculorum,
1677 4838 1784 4881 tum
1827 4841 2027 4896 prince-

449 4934 656 4995 ptormtt
704 4925 872 4992 ipsius
919 4921 1185 4987 historia,
1239 4922 1332 4975 Dei
1374 4921 1562 4988 spiritu
1608 4928 1822 4975 exarata
1852 4920 2025 4974 conti-

447 5026 622 5070 netur.
676 5018 752 5070 Ac
787 5014 982 5070 deinde
1024 5014 1269 5084 supplicii
1309 5014 1452 5068 illius
1497 5013 1566 5068 ab
1597 5015 1742 5068 omni
1776 5014 1896 5067 labe
1942 5028 2027 5068 re-

449 5109 579 5162 moti
600 5151 614 5174 ,
643 5110 782 5178 quod
811 5108 1066 5162 Dominus
1093 5119 1279 5160 nostra
1307 5121 1468 5162 causa
1495 5105 1692 5170 subiit,
1722 5114 2028 5174 sanctasque

447 5202 626 5254 triduo
676 5208 797 5268 post
841 5200 1280 5264 resurrectionis,
1329 5209 1490 5267 atque
1532 5199 1585 5252 in
1629 5199 1795 5254 coelos
1842 5214 2031 5252 ascen-

447 5293 649 5356 sionis,
682 5306 744 5344 ac
782 5290 1011 5359 denique
1054 5292 1276 5350 illustris
1318 5308 1382 5346 ac
1428 5291 1695 5346 metuendi
1740 5293 1902 5360 ipsius
1941 5306 2028 5345 se-

437 5383 609 5436 -eundi
640 5383 900 5437 adventus
943 5386 1142 5436 mentio
1180 5384 1424 5442 habetur.
1471 5384 1698 5441 Rursum
1745 5385 1886 5438 enim
1935 5382 2026 5437 Dei

452 5479 620 5534 Filius
647 5494 768 5532 cunt
803 5479 1003 5546 gloria,
1036 5480 1179 5532 omni
1213 5495 1460 5534 sermone
1493 5480 1846 5548 pt'testantiori
1875 5489 2034 5546 atque

451 5573 654 5644 ingenti
686 5570 928 5625 Caelestis
963 5569 1167 5625 militia:
1197 5572 1534 5627 multitudine
1575 5575 1626 5626 in
1671 5585 1863 5626 terram
1909 5585 2035 5624 ven-

453 5680 606 5724 turus
646 5677 762 5731 est,
802 5673 862 5720 ut
904 5664 971 5719 de
1006 5667 1314 5722 mortalium
1360 5683 1557 5739 genere
1597 5669 1912 5724 sententiam
1955 5670 2032 5721 fe-

452 5769 579 5827 rat,
623 5767 784 5828 atque
833 5754 1118 5824 unicuique
1167 5773 1263 5834 pro
1313 5774 1380 5815 eo.
1420 5773 1484 5822 ac
1531 5759 1722 5824 gessit,
1778 5759 2038 5822 rependat

2207 4654 2569 4720 Quamobrem
2623 4655 2672 4708 ei
2723 4653 2815 4724 qui
2861 4656 3039 4710 omnia
3089 4670 3156 4708 ex
3208 4655 3374 4709 nihilo
3421 4653 3714 4723 produxit,

2133 4757 2292 4814 atque
2329 4744 2621 4800 etiamnum
2664 4745 2940 4812 producit,
2991 4746 3213 4807 minime
3259 4745 3581 4815 impossibile
3629 4756 3716 4801 est

2129 4847 2362 4901 corpora
2413 4851 2473 4890 ea
2501 4851 2620 4904 quae
2646 4844 2821 4891 morte
2842 4837 3078 4893 extincta
3102 4846 3263 4906 atque
3296 4846 3544 4906 corrupta
3567 4846 3715 4902 sunt,

2131 4941 2161 4979 e
2193 4935 2338 4980 terra
2369 4926 2436 4980 ad
2469 4927 2632 4980 vitam
2662 4941 2945 4992 revocare,
2987 4937 3044 4982 ut
3083 4928 3450 4998 unusquisque
3492 4942 3720 4983 consen-

2133 5029 2344 5074 taneam
2374 5020 2628 5090 operibus
2655 5021 2764 5075 suis
2791 5019 3094 5076 mercedem
3124 5021 3349 5091 recipiat
3387 5019 3476 5092 (11
3500 5021 3618 5077 Cor.
3644 5037 3716 5087 νς

2134 5109 2338 5165 Psalm.
2368 5112 2509 5181 ut).
2543 5111 2766 5167 Laboris
2796 5113 2940 5168 enim
2969 5122 3086 5178 est,
3117 5113 3286 5183 inquit
3322 5113 3447 5182 ille,
3480 5128 3721 5184 presens

2135 5216 2380 5276 tempus;
2411 5205 2646 5261 futurum
2672 5216 2884 5272 autem,
2913 5207 3195 5261 mercedis.
3222 5207 3468 5276 Alioqui,
3501 5207 3718 5262 ubinam

2133 5303 2226 5356 Dei
2251 5300 2455 5368 justitia
2483 5301 2583 5353 erit
2607 5340 2622 5364 ,
2650 5300 2756 5354 nisi
2782 5301 2855 5354 sit
2879 5301 3235 5354 resurrectio?
3263 5299 3536 5368 Siquidem
3563 5300 3720 5356 multi

2137 5393 2286 5461 probi
2334 5391 2465 5450 viti.
2511 5405 2630 5444 cum
2681 5391 2734 5444 itt
2785 5391 2886 5445 hac
2924 5393 3029 5443 vita
3072 5390 3268 5442 multas
3295 5391 3630 5446 calamitates
3655 5404 3721 5444 ac

2140 5483 2306 5535 multa
2339 5482 2595 5550 supplicia
2629 5482 2878 5536 lulissmt
2900 5523 2914 5547 ,
2951 5497 3045 5547 per
3072 5480 3175 5534 vim
3210 5480 3421 5534 tandem
3451 5481 3516 5535 de
3544 5480 3722 5535 medio

2137 5573 2332 5627 sublati
2363 5581 2507 5625 sunt.
2537 5571 2787 5625 Nonnulli
2814 5581 3000 5626 contra
3033 5571 3180 5638 impii
3211 5585 3274 5623 ac
3303 5569 3585 5624 facinerosi
3619 5571 3720 5623 lto-

2139 5665 2342 5730 mines,
2388 5663 2440 5716 in
2485 5664 2689 5717 deliciis
2733 5677 2796 5716 ac
2842 5661 3112 5729 prosperis
3157 5675 3334 5715 rerum
3380 5659 3720 5718 suecessitms

2139 5764 2462 5822 praesentem
2506 5754 2669 5810 vitam
2716 5761 3198 5818 consumpserunt:
3226 5761 3280 5807 at
3318 5752 3496 5818 Deus,
3543 5761 3600 5806 ut
3629 5754 3720 5819 qui
