4010 6294
339 316 448 372 ὄῖδ

776 304 936 362 VITA
978 310 1394 374 SANCTORUM
1436 320 1764 375 BARLAAM
1809 321 2140 377 ΕΒΕΜΙΤᾸΞ
2186 325 2268 377 ET
2308 323 2661 379 JOSAPHAT
2707 325 2915 383 INDIE
2959 331 3184 390 REGIS.

3508 336 3614 393 474

337 432 495 486 simul
527 441 580 485 et
612 431 848 487 bonitate
892 441 947 486 et
987 433 1187 500 justitia
1236 445 1477 502 praestet,
1524 437 1930 491 resurrectionis
1963 446 2004 497 Α
2037 438 2283 490 acerbius
2314 438 2603 506 exeogitari
2635 442 2849 509 p0test)
2880 442 2946 495 ad
2976 447 3358 513 sempiternam
3401 464 3614 517 pmnatu

342 537 406 576 ac
438 522 845 578 referendarum
876 526 1143 578 rationum
1174 526 1312 579 diem
1344 529 1652 594 constituit,
1685 539 1776 595 ut,
1809 544 1929 583 cum

343 629 570 683 quarth
616 614 796 667 anima
852 629 1048 682 corpus
1098 632 1251 670 suum
1307 622 1596 686 reet-perit,
1653 621 1932 688 improbus

340 708 557 775 quidem
605 716 660 760 et
706 708 1037 772 sceleratus,
1085 708 1175 776 qui
1223 709 1310 763 hic
1358 712 1535 764 omnia
1584 714 1818 766 secunda
1867 728 1930 766 ac

341 800 462 853 laeta
513 799 787 861 habuerit,
841 799 949 853 illic
996 801 1259 854 scelerum
1304 817 1489 870 poenas
1534 804 1681 869 luat;
1732 806 1930 873 probus

340 900 528 944 contra
576 905 761 944 eorum
810 906 930 959 qua:
979 892 1162 960 inique
1208 896 1465 963 gesserit,
1514 897 1685 963 paruis
1729 896 1783 950 in
1830 896 1929 951 hac

339 990 444 1041 vita
488 988 812 1056 persolutis,
861 987 971 1042 illic
1019 988 1279 1043 bonorum
1325 991 1697 1045 haereditatem
1736 1008 1927 1046 conse-

336 1090 556 1149 quatur.
588 1081 820 1134 Audient
849 1083 991 1136 enim
1014 1122 1031 1147 ,
1065 1082 1237 1151 inquit
1267 1083 1558 1153 Dominus,
1591 1086 1677 1155 qui
1719 1086 1771 1139 in
1810 1103 1927 1139 mo-

336 1174 612 1226 numentis
640 1173 801 1241 260
830 1182 986 1237 sunt,
1022 1187 1206 1226 vocem
1241 1174 1355 1227 Filii
1398 1175 1511 1229 Dei.
1556 1176 1624 1230 Et
1662 1178 1922 1242 exibunt,

335 1266 424 1332 qui
457 1267 592 1317 bona
619 1265 861 1318 fecerunt
890 1266 941 1316 in
970 1267 1415 1321 resurrectionem
1441 1269 1565 1321 vita-
1590 1284 1605 1333 ;
1632 1270 1719 1333 qui
1746 1278 1922 1322 autem

343 1357 479 1408 mala
511 1365 765 1425 egerunt,
796 1357 849 1410 in
879 1358 1326 1412 resurrectionem
1363 1358 1550 1428 judieii
1594 1359 1792 1429 (Joan.
1826 1378 1855 1413 v
1876 1360 1919 1433 ).

335 1446 453 1511 Quo
492 1448 697 1500 scilicet
749 1456 989 1514 tempore
1036 1448 1193 1503 sedes
1242 1465 1454 1517 quoque
1500 1451 1921 1515 collocabuntur,

337 1548 495 1605 atque
537 1540 801 1604 Antiquus
848 1539 1057 1592 dierum
1103 1540 1267 1608 (Dan.
1310 1547 1405 1607 vn)
1431 1582 1445 1605 ,
1480 1556 1764 1609 rerumque
1801 1558 1919 1596 om-

340 1631 481 1682 nium
517 1645 710 1698 parens
736 1639 790 1684 et
819 1632 1143 1685 architectus
1176 1631 1498 1700 praesidebit.
1530 1636 1605 1688 Ac
1635 1635 1755 1688 libri
1784 1649 1922 1703 ape-

340 1720 567 1789 riuntur,
613 1720 665 1773 in
705 1721 899 1790 quibus
938 1724 1176 1778 omnium
1218 1732 1457 1777 nostrum
1493 1725 1765 1790 actiones,
1804 1741 1920 1780 ser-

2036 529 2322 598 ablegabit.

2105 619 2527 674 Cir.|X.—-Josa
2538 620 2658 688 pltat
2673 628 2849 675 autem
2871 622 2952 677 his
2964 622 3026 676 ad
3044 638 3164 678 eum
3182 629 3359 683 verbis
3376 647 3498 685 usus
3511 644 3612 688 est:

2034 710 2249 778 Magnas
2272 713 2527 779 quasdam
2555 723 2607 766 et
2634 714 2973 767 admirandas
3003 731 3110 783 res,
3146 734 3444 787 magnoque
3473 738 3615 778 metu

2032 816 2095 854 ac
2124 813 2356 855 tremore
2386 804 2575 869 dignas
2605 805 2765 867 mihi,
2798 820 2829 857 ο
2862 807 3044 868 homo,
3079 821 3292 871 narras,
3329 810 3372 861 si
3401 810 3617 876 quidem

2035 891 2148 943 haec
2189 891 2260 943 ita
2308 906 2366 943 se
2400 892 2595 945 habent
2618 933 2632 955 ,
2665 902 2823 961 atque
2854 905 3129 961 postquam
3163 896 3284 949 latis
3333 912 3617 953 concesse-

2032 979 2224 1043 rimus,
2255 989 2309 1032 et
2334 980 2385 1031 in
2411 982 2646 1034 cinerem
2675 997 2737 1034 ac
2765 983 3037 1048 pulverem
3065 984 3304 1038 dissoluti
3336 985 3612 1053 iuerimus,

2030 1069 2351 1121 resurrectio
2373 1080 2425 1121 et
2444 1070 2776 1138 regeneratio
2800 1073 2970 1124 futura
2994 1082 3098 1136 est,
3124 1089 3411 1144 rerumque
3434 1076 3483 1130 in
3507 1077 3615 1131 vita

2027 1166 2297 1222 gestarum
2329 1172 2555 1211 examen
2587 1174 2648 1211 ac
2676 1175 2902 1215 merces.
2942 1162 3135 1216 Verum
3165 1179 3269 1232 quo
3299 1176 3615 1233 argumento

2029 1246 2144 1300 lucc
2177 1249 2418 1316 probas?
2466 1261 2519 1303 et
2547 1266 2778 1318 quonam
2808 1253 2857 1304 ei
2890 1254 2964 1304 rei
2999 1269 3115 1319 quae
3166 1255 3401 1309 nonduin
3446 1258 3614 1310 oculis

2028 1349 2303 1406 perspecta
2356 1349 2437 1391 est
2485 1341 2680 1394 audita:
2726 1352 2887 1409 atque
2934 1344 3218 1397 intellecta:
3265 1362 3432 1414 usque
3480 1346 3614 1401 adeo

2009 1431 2231 1484 ﬁrmam
2264 1439 2318 1485 ct
2349 1431 2702 1485 indubitatam
2740 1433 2895 1488 ﬁdem
2926 1435 3285 1490 adhibuistis?
3328 1438 3459 1491 Nam
3492 1454 3612 1508 qua:

2021 1520 2131 1590 jam
2164 1533 2310 1591 gesta
2344 1538 2406 1577 ac
2436 1540 2493 1577 re
2525 1524 2637 1590 ipsa
2666 1526 2933 1579 declarata
2966 1541 3089 1582 sunt
3110 1568 3124 1591 ,
3154 1531 3359 1583 etiamsi
3388 1533 3489 1599 ipsi
3521 1533 3612 1586 mi-

2026 1613 2171 1666 nime
2202 1613 2446 1667 videritis
2470 1654 2483 1678 ,
2518 1624 2573 1666 at
2602 1617 2669 1667 ah
2701 1616 2762 1667 iis
2792 1617 2878 1684 qui
2905 1632 2967 1669 ea
2993 1618 3241 1672 viderunt
3266 1659 3280 1683 ,
3315 1636 3377 1673 ac
3408 1637 3612 1677 memo-

2024 1708 2117 1762 ria:
2148 1708 2523 1776 prodiderunt,
2553 1709 2849 1762 audivistis.
2874 1709 3115 1775 Quonam
3142 1724 3318 1765 autem
3349 1714 3510 1767 modo
3542 1713 3611 1769 de

338 1824 562 1875 mones,
612 1814 967 1881 cogitationes
1015 1811 1289 1882 inscriptae
1336 1814 1694 1867 continemur.
1749 1816 1912 1884 Atque

2032 1799 2195 1852 rebus
2223 1797 2418 1851 futuris
2451 1809 2554 1850 tam
2589 1814 2777 1866 magna
2807 1807 2859 1851 et
2886 1800 3195 1867 praetumida
3225 1801 3600 1870 praedicantes,

343 1901 528 1969 igneus
559 1901 754 1955 ﬂuvius
782 1904 970 1972 rapido
999 1919 1158 1959 cursu
1189 1907 1452 1970 volvetur,
1479 1917 1775 1977 cunctaque
1804 1924 1923 1976 quae

336 1990 389 2043 in
418 1991 671 2047 abstruso
709 1993 1068 2059 delitescunt,
1113 1996 1385 2064 pateﬁent.
1428 1996 1544 2051 Non
1589 1997 1697 2051 ilhc
1741 2009 1923 2068 patro-

336 2100 438 2139 nus
458 2126 475 2150 ,
503 2094 597 2139 aut
621 2087 908 2141 verborum
938 2088 1260 2142 lenocinium
1282 2130 1298 2154 ,
1327 2098 1420 2143 aut
1451 2088 1587 2144 falsa
1618 2093 1918 2159 excusatio,

338 2186 431 2231 aut
460 2193 621 2246 opum
652 2181 884 2249 potentia
907 2220 922 2244 ,
954 2192 1041 2234 aut
1070 2180 1384 2249 dignitatum
1426 2183 1595 2237 fastus
1615 2224 1631 2247 ,
1674 2194 1765 2237 aut
1803 2199 1920 2238 am-

335 2270 596 2336 plissimze
626 2288 904 2327 munerum
934 2274 1239 2343 largitiones
1269 2287 1471 2330 rectum
1499 2276 1759 2344 judicium
1793 2292 1921 2346 sup-

330 2360 567 2427 primcre
617 2372 864 2430 poterunt
899 2382 912 2416 :
951 2379 1130 2418 verum
1174 2365 1516 2434 incorruptus
1558 2368 1645 2421 ille
1672 2383 1735 2422 ac
1766 2382 1920 2422 verus

328 2453 487 2521 jndex
522 2456 587 2508 ad
615 2456 839 2523 justitite
871 2455 1084 2511 laudem
1112 2459 1289 2510 omnia
1324 2459 1646 2526 perpendet,
1682 2461 1785 2515 hoc
1813 2468 1916 2527 est,

329 2557 382 2600 et
409 2548 676 2601 actionem
700 2591 714 2613 ,
748 2560 800 2603 et
824 2564 1127 2604 sermonem
1145 2594 1158 2615 ,
1192 2562 1243 2604 et
1269 2552 1670 2618 cogitationem.
1696 2553 1774 2606 Ac
1798 2566 1918 2619 pro-

330 2639 637 2693 liciscentur
676 2642 764 2707 qui
807 2641 1091 2695 virtutibus
1129 2656 1349 2707 operam
1393 2641 1656 2696 dederunt
1683 2643 1747 2696 ad
1780 2657 1917 2697 sem-

334 2732 596 2797 piternam
652 2732 847 2795 vitam,
903 2741 958 2785 et
1009 2733 1184 2786 lucem
1235 2748 1450 2785 omnem
1501 2733 1760 2788 orationis
1808 2734 1913 2786 vim

266 2812 275 2820 ’
327 2821 706 2886 excedentem,
765 2831 821 2875 ut
874 2837 992 2879 cum
1050 2825 1254 2893 angelis
1311 2825 1689 2889 oblecteutur,
1752 2837 1913 2893 atque

329 2916 538 2967 arcanis
594 2919 749 2968 bonis
806 2917 1070 2980 fruantur,
1126 2929 1432 2986 sanctzeque
1485 2918 1731 2972 Trinitati
1785 2935 1915 2987 pure

329 3018 536 3072 aSIent;
564 3008 655 3077 qui
687 3020 862 3063 autem
887 3011 1127 3078 turpibus
1159 3010 1374 3078 ﬂagitiis
1406 3026 1525 3065 sese
1554 3012 1910 3077 devinxerim,

334 3108 492 3166 atque
544 3116 731 3156 omnes
781 3102 925 3170 impii
971 3112 1024 3156 et
1063 3113 1370 3169 peccatores
1414 3105 1478 3156 ad
1526 3105 1910 3172 sempiternum

331 3191 661 3253 cruciatum,
711 3193 799 3260 qui
850 3193 1065 3261 quidem
1110 3193 1355 3262 gehenna
1398 3194 1611 3259 dicitur,
1662 3204 1717 3248 et
1757 3202 1913 3249 exte-

330 3280 501 3334 riores
531 3283 796 3347 tenebrae,
827 3294 881 3337 et
911 3286 1170 3338 insomnis
1203 3286 1430 3352 vermis,
1459 3296 1514 3340 et
1544 3286 1742 3341 stridor
1770 3286 1913 3341 den-

326 3375 455 3427 tium
477 3414 490 3437 ,
522 3376 728 3445 aliaque
757 3377 1033 3431 innumera
1065 3386 1348 3437 tormenta.

396 3507 638 3572 Quonim
681 3510 917 3562 omnium
958 3510 1158 3563 nullum
1203 3524 1355 3579 aeque
1384 3525 1546 3579 grave
1576 3519 1629 3564 et
1659 3511 1906 3564 acerbum

324 3606 433 3662 rst,
465 3605 628 3663 atque
659 3612 685 3648 a
717 3598 827 3652 Deo
865 3600 1152 3653 abalienari
1177 3641 1191 3664 ,
1232 3612 1283 3653 et
1323 3616 1350 3651 a
1394 3600 1702 3653 dulcissima
1746 3599 1911 3668 ipsius

326 3687 461 3742 facie
488 3688 684 3755 ahjici,
718 3691 993 3760 gloriaque
1026 3693 1110 3744 illa
1146 3709 1263 3756 qua:
1297 3692 1456 3744 nullis
1498 3691 1678 3744 verbis
1714 3693 1909 3761 exponi

326 3790 500 3846 potest
533 3783 738 3846 orbari,
774 3799 934 3851 atque
976 3788 1306 3851 inSpectante
1346 3784 1595 3836 universo
1638 3783 1767 3836 orbe
1799 3793 1907 3836 tra-

324 3877 443 3931 duci
471 3920 486 3944 ,
519 3887 574 3932 et
606 3878 892 3946 ignominia
923 3894 1041 3948 qua:
1074 3893 1342 3947 nunquam
1377 3878 1534 3932 linem
1568 3877 1809 3930 habitura
1840 3877 1910 3930 sit

324 3971 522 4022 notari.
577 3970 930 4038 Posteaquam
988 3973 1127 4024 enim
1192 3970 1453 4023 horrenda
1510 3969 1595 4021 illa
1644 3969 1906 4021 sententia

324 4061 465 4114 edita
509 4060 708 4127 fuerit,
752 4062 928 4116 omnia
971 4062 1223 4131 deinceps
1264 4060 1648 4125 itnmutabilia,
1692 4071 1744 4113 et
1780 4075 1908 4113 eon-

326 4151 589 4204 versionis
630 4154 805 4206 omnis
842 4156 1077 4220 expertia
1124 4153 1454 4204 manebunt:
1500 4155 1577 4205 sic
1621 4149 1902 4215 videlicet,

323 4251 379 4294 ut
412 4257 511 4296 nec
543 4245 644 4295 vita
676 4244 796 4296 larta
835 4244 995 4308 justis
1040 4246 1194 4296 linem
1240 4242 1507 4305 habitura,
1548 4256 1648 4295 nec
1687 4241 1908 4294 afﬂictio

315 4342 371 4384 et
418 4349 573 4401 paena
627 4336 998 4403 pet-caloribus
1042 4336 1322 4388 terminum
1368 4342 1650 4401 acceptura
1680 4334 1770 4387 sit.
1804 4333 1907 4387 Ne-

318 4439 420 4489 que
466 4424 610 4477 enim
665 4426 945 4478 sublimior
995 4434 1113 4493 post
1158 4440 1277 4480 eum
1310 4424 1629 4492 alterjudex
1660 4434 1775 4488 est,
1805 4438 1905 4477 nec

323 4527 417 4577 per
445 4515 723 4581 sequentia
750 4530 913 4581 opera
939 4516 1212 4584 purgatio,
1242 4531 1339 4569 nec
1368 4514 1694 4581 praestitutus
1722 4529 1907 4567 einen-

321 4602 552 4658 dationis
593 4606 886 4668 terminus,
939 4621 1038 4659 nec
1081 4607 1180 4659 alia
1223 4606 1324 4659 ulla
1367 4605 1429 4658 iis
1461 4605 1631 4675 quiin
1666 4605 1901 4659 cruciatu

319 4693 675 4745 versabuntur
723 4708 811 4747 ars
860 4704 912 4747 et
962 4695 1129 4762 ratio,
1180 4696 1376 4763 quippe
1420 4712 1538 4749 cum
1586 4695 1899 4764 supplicium

325 4797 425 4835 una
454 4797 576 4836 cum
611 4783 738 4852 ipsis
768 4783 820 4836 in
850 4783 1232 4850 sempiternum
1262 4784 1440 4838 duret.

388 4915 517 4981 Quae
562 4931 685 4970 cum
729 4916 797 4969 ita
837 4916 975 4979 sint,
1014 4914 1197 4982 quales
1238 4914 1449 4967 tandem
1494 4926 1591 4965 nos
1620 4913 1672 4966 in
1699 4912 1898 4967 sanctis

311 5005 813 5060 conversationibus
858 5019 922 5057 ac
961 5004 1059 5071 piis
1087 5003 1386 5057 actionibus
1416 5016 1535 5055 esse
1563 5010 1807 5069 oportet,
1841 5010 1899 5052 ut

308 5096 459 5166 digni
496 5095 791 5148 habeamur
838 5103 1086 5147 venturas
1133 5094 1306 5145 minas
1350 5091 1614 5161 eﬂ‘ngere,
1668 5101 1826 5158 atque
1869 5105 1899 5141 a

306 5184 517 5239 dextris
551 5183 670 5237 Filii
702 5182 796 5237 Dei
826 5192 967 5235 stare
1000 5179 1095 5248 (11
1130 5180 1244 5232 Ρει.
1274 5179 1400 5247 ut)?
1431 5181 1559 5234 Nam
1589 5180 1701 5232 hrcc
1726 5180 1900 5247 justo-

308 5290 429 5327 rum
462 5273 626 5327 statio
657 5282 767 5336 est,
803 5270 1255 5340 quemadmodutn
1284 5279 1472 5323 eontra
1505 5268 1800 5322 miserrima
1830 5264 1896 5318 ad

307 5364 587 5416 sinistram
620 5378 747 5430 pars
777 5361 1154 5429 peccatoribus
1186 5361 1449 5430 assignna
1491 5369 1592 5413 cst.
1628 5358 1764 5429 Post
1803 5370 1897 5409 au-

307 5463 417 5504 tem
474 5453 731 5507 Deminus
775 5453 944 5519 justos
993 5449 1166 5505 Patris
1214 5451 1296 5505 sui
1343 5451 1651 5505 benedictis
1698 5462 1896 5501 vocans

306 5540 527 5610 (Matth.
557 5544 703 5611 xxv),
729 5544 778 5594 in
812 5552 1124 5608 perpetuum
1157 5557 1376 5609 regnum
1406 5537 1740 5602 itttt'oducet;
1771 5551 1894 5605 pec-

304 5642 522 5689 catores
575 5644 751 5686 autem
803 5648 923 5686 cum
976 5635 1053 5687 ira
1086 5643 1139 5695 et
1183 5631 1550 5687 exsecratione
1583 5644 1613 5683 a
1641 5628 1792 5681 suavi
1840 5635 1895 5682 et

312 5725 600 5792 tranquilla
631 5724 763 5780 facie
793 5740 884 5781 sua
915 5726 1156 5797 abjectos
1200 5726 1346 5795 (quo
1395 5722 1525 5778 nihil
1574 5722 1790 5793 gravius
1838 5729 1893 5773 et

2024 1900 2224 1945 certam
2253 1888 2321 1942 de
2348 1889 2412 1942 iis
2443 1888 2599 1942 tidem
2633 1892 2772 1943 nacti
2801 1892 2972 1944 estis?

2096 1981 2393 2049 Respondit
2425 1981 2667 2033 Barlaam
2702 1999 2714 2032 :
2750 1981 2824 2033 Ex
2860 1981 2924 2035 iis
2953 1995 3071 2050 qua:
3095 1980 3205 2048 jam
3236 1979 3607 2050 contigerunt,

2023 2070 2090 2124 de
2122 2071 2312 2124 futuris
2342 2071 2505 2124 etiam
2534 2080 2737 2124 certam
2771 2071 2930 2125 [idem
2960 2081 3145 2126 nactus
3177 2086 3318 2125 sum.
3357 2072 3490 2125 Nam
3519 2074 3608 2142 qui

2023 2161 2138 2214 hzec
2170 2160 2547 2229 praedicarunt,
2578 2176 2675 2214 nec
2703 2161 2807 2214 ulla
2843 2163 2893 2214 in
2928 2176 2986 2215 re
3015 2176 3044 2214 a
3092 2176 3220 2215 vero
3266 2161 3606 2229 aberrarunt,

2022 2265 2207 2304 verum
2241 2266 2334 2319 per
2363 2251 2514 2321 signa
2544 2261 2596 2304 et
2625 2251 2860 2319 prodigia
2879 2291 2892 2313 ,
2926 2251 3214 2321 variasque
3243 2253 3466 2308 virtutes
3491 2269 3609 2310 ser-

2024 2341 2273 2395 monibus
2304 2343 2415 2395 suis
2449 2342 2612 2396 robur
2638 2344 2994 2397 conciliarnnt
3014 2384 3029 2408 ,
3059 2343 3219 2397 iidem
3246 2346 3405 2399 etiam
3436 2346 3503 2401 de
3530 2347 3607 2402 fu-

2026 2430 2156 2481 turis
2204 2444 2300 2482 nos
2348 2430 2762 2483 admonuerunt.
2817 2431 3277 2496 Quemadmodum
3323 2434 3481 2503 igitur
3522 2435 3607 2491 hic

2022 2518 2152 2570 nihil
2188 2529 2571 2586 praeposterum
2603 2536 2665 2573 ac
2698 2520 2877 2573 ﬁctum
2909 2522 3202 2576 docuerunt
3225 2562 3243 2588 ,
3276 2540 3460 2578 verum
3493 2542 3607 2580 om-

2020 2611 2103 2663 nia
2136 2626 2195 2662 ea
2225 2626 2342 2678 qua:
2377 2610 2444 2663 ab
2473 2611 2603 2677 ipsis
2638 2611 2776 2665 dicta
2803 2621 2857 2665 et
2887 2610 3028 2665 facta
3060 2622 3217 2676 sunt,
3251 2614 3364 2668 sole
3412 2615 3605 2669 clarius

2019 2700 2372 2766 elrulserunt,
2429 2702 2618 2755 eodem
2667 2719 2880 2772 quoque
2923 2705 3083 2759 modo
3124 2707 3231 2759 illic
3265 2723 3390 2761 vere
3431 2709 3606 2764 omnia

2021 2790 2375 2846 tradiderunt.
2406 2791 2534 2858 Qua:
2566 2793 2781 2859 quidem
2810 2796 2966 2847 etiam
2996 2795 3109 2864 ipse
3141 2796 3394 2850 Dominus
3425 2808 3606 2852 noster

2018 2898 2081 2937 ac
2112 2885 2271 2936 herus
2299 2883 2455 2937 Jesus
2484 2884 2759 2951 Chrisms,
2806 2895 2914 2940 tum
2962 2903 3242 2953 sermone,
3285 2899 3393 2941 tum
3436 2903 3603 2957 opere

2017 2972 2386 3029 conﬁrmavit.
2418 2973 2587 3028 Amen
2620 2976 2763 3029 enim
2788 3017 2801 3039 ,
2840 2977 3045 3045 inquit,
3092 2976 3212 3029 dico
3245 2978 3430 3039 vobis,
3481 2992 3604 3044 quta

2016 3065 2164 3117 venit
2195 3064 2347 3128 liora,
2382 3065 2597 3133 quando
2624 3067 2818 3119 mortui
2848 3067 3064 3120 audient
3087 3082 3272 3121 vocem
3318 3067 3417 3121 ΕΙίί
3460 3068 3598 3137 Dei,

1938 3174 1982 3233 ρ
2018 3166 2067 3208 et
2100 3152 2193 3223 qui
2222 3154 2520 3217 audierint,
2552 3154 2732 3208 vivent
2760 3155 2940 3223 (Joan.
2970 3154 3087 3225 xu).
3115 3157 3191 3210 Ae
3219 3172 3429 3210 rursum
3455 3175 3468 3209 :
3501 3156 3603 3213 Ve-

2018 3245 2097 3301 nit
2125 3245 2252 3299 hora
2276 3285 2290 3309 ,
2325 3244 2375 3299 in
2407 3260 2507 3314 qua
2539 3260 2727 3299 omnes
2754 3248 2843 3315 qui
2878 3249 2927 3300 in
2959 3249 3320 3302 monumentis
3352 3258 3475 3303 sunt
3507 3264 3603 3303 au-

2016 3338 2165 3391 dient
2189 3351 2374 3392 vocem
2408 3337 2523 3391 Filii
2547 3339 2661 3392 Dei.
2680 3338 2743 3390 Et
2769 3339 3061 3408 procedcnt
3086 3339 3172 3408 qui
3201 3339 3333 3392 bona
3360 3339 3601 3394 fecerunt

2016 3427 2068 3479 in
2103 3428 2558 3481 resurrectionem
2600 3424 2761 3489 vitze;
2795 3426 2882 3493 qui
2915 3442 3041 3480 vero
3073 3427 3211 3479 mala
3241 3437 3464 3494 egerunt
3487 3468 3504 3493 ,
3547 3428 3600 3481 in

2017 3517 2471 3569 resurrectionem
2498 3513 2685 3583 judicii
2721 3515 2739 3583 (
2769 3513 2922 3565 Luca:
2956 3530 3020 3565 xx
3049 3512 3089 3582 ).
3136 3515 3211 3568 Ac
3242 3530 3455 3568 rursum
3486 3517 3599 3568 ait:

2020 3608 2092 3659 De
2148 3617 2481 3659 mortuorum
2540 3613 2718 3658 autem
2777 3604 3178 3657 resurrectione
3238 3620 3344 3657 non
3400 3603 3603 3673 legistis

2014 3696 2154 3764 quod
2203 3695 2400 3749 dictum
2446 3702 2529 3748 est
2572 3694 2720 3747 vobis
2762 3708 2790 3745 a
2837 3692 2974 3755 Deo,
3016 3692 3277 3746 dicente:
3326 3693 3438 3758 Ego
3483 3708 3602 3746 smn

2014 3785 2152 3837 Deus
2181 3783 2450 3837 Abraham
2472 3824 2487 3849 ,
2520 3781 2662 3836 Deus
2705 3779 2884 3846 Isaac,
2929 3792 2983 3836 et
3028 3780 3166 3835 Deus
3198 3781 3412 3836 Jacobi
3460 3781 3601 3836 Deus

2014 3895 2174 3948 porro
2203 3889 2536 3932 mOrtuorum
2572 3878 2711 3929 Deus
2741 3892 2845 3928 non
2876 3884 2993 3939 est,
3026 3874 3120 3928 sed
3166 3874 3481 3927 viventium.
3536 3872 3602 3928 Ut

2013 3970 2153 4024 enim
2186 3968 2509 4037 colliguntur
2540 3965 2775 4029 zizania,
2817 3974 2874 4019 et
2917 3965 3326 4029 comburuntur,
3376 3964 3455 4017 sic
3498 3962 3604 4017 erit

2014 4062 2065 4114 in
2102 4060 2565 4114 consummatione
2590 4056 2772 4112 saeculi
2799 4054 2959 4123 hujus
2986 4054 3200 4125 (Matth.
3223 4052 3404 4123 xxiv).
3433 4053 3601 4107 Mittet

2016 4151 2179 4204 Filius
2213 4151 2302 4205 Dei
2332 4150 2551 4218 angelos
2579 4163 2706 4202 suos
2730 4188 2743 4209 ,
2776 4158 2828 4200 et
2859 4146 3115 4215 colligent
3160 4146 3225 4199 de
3270 4158 3435 4214 regno
3482 4142 3603 4213 ejus

2011 4247 2190 4300 omnia
2234 4244 2485 4299 scandala
2513 4285 2527 4309 ,
2578 4252 2634 4296 et
2677 4256 2774 4295 eos
2803 4241 2889 4309 qui
2923 4239 3123 4293 faciunt
3154 4240 3507 4306 iniquitatem.
3535 4237 3600 4292 Et

2011 4336 2224 4388 mittent
2271 4349 2365 4388 eos
2416 4335 2466 4386 in
2515 4335 2785 4386 caminum
2844 4331 3025 4400 ignis:
3078 4330 3188 4383 illic
3215 4331 3316 4383 erit
3349 4331 3500 4383 ﬂetus
3544 4337 3597 4384 et

2009 4429 2206 4481 stridor
2233 4428 2493 4482 dentium.
2529 4428 2679 4481 Tunc
2723 4427 2855 4496 justi
2907 4426 3180 4494 fulgebunt
3229 4425 3368 4478 sicut
3411 4425 3492 4479 sol
3535 4423 3591 4479 in

1933 4556 1985 4615 Β
2012 4534 2176 4588 regno
2209 4518 2381 4571 Patris
2410 4532 2621 4595 eorum.

2080 4626 2204 4681 llaec
2242 4626 2427 4680 dicens
2471 4624 2715 4677 addidit:
2747 4623 2845 4689 Qui
2890 4622 3049 4676 habet
3100 4636 3256 4675 aures
3309 4618 3590 4686 audiendi,

2004 4719 2187 4772 audiat
2234 4717 2385 4789 (Luc.
2429 4714 2510 4785 ιι).
2547 4716 2638 4769 llis
2682 4714 2839 4784 igitur
2867 4715 3215 4784 pluribusque
3262 4711 3379 4764 aliis
3428 4710 3586 4781 261

2005 4808 2181 4862 verbis
2213 4806 2469 4859 Dominus
2491 4820 2774 4874 corporum
2801 4802 3248 4859 resurrectionem
3279 4799 3590 4853 declaravit.

2004 4900 2196 4967 Reipsa
2245 4904 2421 4949 autem
2449 4896 2790 4949 sermonibus
2835 4893 2945 4947 suis
2996 4892 3156 4946 tidem
3184 4889 3439 4951 astruxit,
3470 4903 3593 4943 eum

2009 4998 2248 5043 mortuos
2274 4986 2339 5040 ad
2371 4986 2532 5038 vitam
2582 4984 2880 5047 revocavit,
2926 4996 2989 5035 ac
3041 4981 3141 5033 sub
3183 4977 3449 5033 terrestris
3475 4974 3594 5030 vita:

2007 5094 2118 5133 sua:
2141 5076 2515 5145 catastrOphen
2542 5075 2797 5130 Lazarum
2831 5072 3113 5143 quemdam
3147 5070 3380 5124 amicum
3411 5083 3588 5133 somn,

2006 5171 2093 5240 qui
2124 5170 2231 5241 jam
2257 5167 2546 5238 quatriduo
2576 5174 2818 5220 mortuus
2849 5173 2985 5227 erat,
3015 5176 3078 5216 ac
3106 5160 3345 5223 fcetebat,
3400 5175 3432 5213 e
3474 5173 3594 5213 tuo-

2004 5268 2260 5316 mnnento
2289 5259 2513 5323 vocavit,
2546 5268 2772 5323 eumque
2799 5253 2885 5322 qni
2912 5255 3143 5306 animam
3174 5251 3469 5311 efﬂaverat,
3512 5249 3593 5303 vi-

2007 5368 2131 5406 vum
2163 5350 2403 5405 exhibuit
2429 5345 2606 5416 (Joan.
2642 5344 2746 5413 ιι).
2778 5344 2913 5411 Quin
2945 5343 3059 5410 ipse
3084 5357 3296 5413 quoque
3332 5340 3592 5395 Dominus

2002 5443 2314 5512 perlectam,
2348 5452 2447 5491 nec
2469 5437 2579 5506 jam
2612 5437 2769 5491 morti
2806 5435 3099 5505 subjectam
3136 5435 3587 5489 resurrectionem

2002 5536 2301 5602 auspicatus
2328 5541 2406 5585 est
2443 5548 2453 5582 :
2482 5529 2676 5599 quippe
2697 5530 2785 5598 qui
2817 5539 2989 5583 morte
3018 5527 3069 5580 in
3096 5542 3256 5581 carne
3285 5525 3585 5594 degustata,

2002 5624 2177 5677 triduo
2201 5630 2320 5692 post
2347 5621 2413 5675 ad
2442 5621 2603 5674 vitam
2636 5620 2813 5687 rediit,
2854 5634 2918 5675 ac
2961 5627 3287 5674 mortuorum
3319 5617 3584 5685 primoge-

2002 5717 2143 5772 nitus
2166 5713 2389 5770 effectus
2419 5720 2500 5770 est
2531 5712 2580 5784 (Ι
2617 5710 2739 5771 Cor.
2766 5714 2903 5783 xvi).
2952 5710 3259 5779 Quanquam
3308 5708 3448 5760 enim
3496 5700 3583 5753 alii
