4010 6272
459 310 566 363 475

1534 304 1622 358 DE
1664 302 1842 358 VITIS
1882 300 2167 359 PATRUM
2207 303 2413 361 LIBER
2453 303 2734 363 PRIMUS.

3632 300 3740 356 I76

458 440 667 493 cinoque
695 440 721 477 a
756 432 928 480 morte
955 425 1020 478 ad
1054 424 1213 479 vitam
1242 423 1454 479 excitati
1488 434 1632 490 sunt,
1663 431 1834 478 morte
1865 435 2041 478 tamen
2073 428 2125 482 Α
2148 423 2406 476 visitastis
2453 438 2576 489 me;
2626 424 2677 476 in
2709 435 2926 476 carcere
2973 435 3144 484 eram,
3195 426 3251 475 et
3275 418 3499 474 venistis
3540 418 3605 472 ad
3654 436 3745 474 me

458 531 645 571 rursus
673 515 837 570 functi
886 525 1033 583 sunt,
1082 532 1178 571 nec
1230 515 1419 570 futurae
1451 532 1589 569 verm
1641 516 2047 570 resurrectionis

457 606 742 677 imaginem
773 607 1029 662 exhibere
1058 615 1362 674 potuerunt.
1406 606 1564 660 Solus
1610 615 1785 659 autem
1814 607 1927 671 ipse
1957 620 2047 659 reo

458 700 806 753 surrectiouis
830 699 972 752 illius
1006 708 1193 752 auctor
1218 714 1279 751 ac
1309 700 1555 766 princeps
1585 699 1807 761 exstitit,
1862 709 1916 749 ut
1956 697 2045 763 qui

460 792 748 843 immortali
781 789 1176 843 resorrectioue
1204 789 1266 841 ad
1298 789 1459 841 vitam
1510 789 1744 841 redier-t.
1799 788 1923 840 Ilaec
1970 787 2043 839 illi

456 881 614 934 etiam
645 879 733 948 qui
766 881 833 933 ab
865 880 1016 933 initio
1046 888 1375 946 spectatores
1398 894 1459 931 ae
1488 879 1716 933 ministri
1746 878 1891 932 verbi
1935 877 2049 930 fue-

458 982 601 1039 runt,
631 973 1007 1041 praedicarunt.
1032 973 1117 1025 Ait
1136 972 1273 1026 enim
1302 972 1483 1025 beatus
1506 973 1716 1034 Paulus,
1737 972 1825 1041 qui
1854 986 1955 1024 non
1980 971 2047 1023 ab

459 1064 784 1129 hominibus,
817 1063 908 1118 sed
941 1079 971 1118 e
996 1065 1135 1118 cmlo
1163 1074 1383 1117 vocatus
1422 1071 1505 1117 est
1534 1061 1676 1131 (Gal.
1714 1064 1753 1131 ι)
1806 1081 1818 1115 :
1853 1064 2044 1119 Notum

454 1157 609 1209 vobis
631 1157 787 1220 facio,
821 1154 1035 1219 fratres,
1069 1156 1413 1223 Evangelium
1445 1155 1584 1223 quod
1610 1154 1918 1208 annuntiavi
1947 1171 2046 1209 vo-

460 1251 559 1301 bis.
589 1249 799 1301 Tradidi
824 1249 963 1301 enim
978 1246 1131 1299 vobis
1158 1247 1209 1298 in
1234 1246 1414 1313 primis
1436 1244 1575 1312 quod
1599 1255 1651 1297 et
1676 1243 1876 1311 accepi,
1902 1245 2042 1314 quod

458 1343 702 1394 Christus
731 1352 975 1396 mortuus
1006 1349 1088 1394 est
1119 1356 1212 1409 pro
1240 1340 1472 1408 peccatis
1518 1340 1713 1393 nostris
1750 1340 2041 1395 secundum

455 1436 779 1503 Scripturas,
819 1446 872 1487 et
897 1435 1036 1502 quod
1079 1434 1319 1500 sepultus
1349 1443 1450 1497 est,
1483 1443 1535 1485 et
1558 1432 1699 1500 quod
1729 1434 2041 1499 resurrexit,

451 1526 743 1578 secundum
776 1525 1077 1590 Scriptutas
1110 1524 1284 1589 (Rom.
1319 1524 1415 1591 tv).
1468 1523 1521 1577 Si
1573 1534 1749 1576 autem
1797 1522 2043 1576 Christus

451 1616 599 1683 pracd
622 1627 771 1667 citur
802 1615 942 1682 quod
976 1616 1259 1668 resurrexit
1296 1631 1320 1664 τι
1356 1613 1598 1677 mortuis,
1641 1614 1909 1681 quomodo
1956 1615 2039 1667 di-

451 1715 578 1760 cunt
610 1707 845 1775 quidam,
879 1707 1017 1773 quod
1066 1706 1384 1761 resurreCIio
1416 1713 1743 1758 mortuorum
1775 1720 1877 1757 non
1909 1715 1990 1759 est
2018 1705 2041 1758 ?

2154 515 2370 585 (Matth.
2416 515 2561 583 xxv).
2596 516 2704 569 Cur
2730 513 2811 568 his
2835 514 3010 568 verbis
3040 513 3224 577 utitur,
3256 512 3356 567 n‘si
3386 511 3506 582 quia
3540 511 3747 565 beneli-

2153 607 2253 671 cia,
2289 623 2407 673 quae
2429 623 2456 659 a
2480 607 2632 660 nobis
2656 606 2707 659 in
2731 617 2948 677 egentes
2971 606 3336 667 conferuntur,
3363 601 3465 657 sibi
3486 602 3742 656 asciscit?

2156 699 2217 750 Et
2244 699 2350 749 alio
2382 698 2498 751 loco
2528 699 2599 751 ait
2630 715 2642 751 :
2686 698 2872 752 Omnis
2900 701 3203 767 quicunque
3258 696 3601 751 eonﬂtebitur
3652 711 3743 750 me

2151 802 2334 841 coram
2364 789 2687 853 hominibus,
2714 790 3009 842 confitebor
3032 800 3085 843 et
3108 804 3208 858 ego
3228 804 3350 842 eum
3376 803 3557 842 coram
3582 786 3741 842 Patre

2155 892 2298 939 mro,
2328 877 2419 947 qui
2448 887 2529 931 est
2562 879 2611 931 in
2640 879 2792 932 caelis
2815 880 2995 949 (Luca;
3027 882 3140 932 xnl.

2224 970 2300 1023 En
2333 985 2426 1035 per
2458 972 2571 1024 haec
2598 972 2798 1031 omnia,
2831 986 2891 1024 ac
2923 945 3073 1037 plura
3124 971 3250 1034 alia,
3304 971 3453 1023 ﬂrma
3489 978 3546 1025 et
3590 975 3737 1023 certa

2150 1077 2271 1117 esse
2299 1063 2557 1117 bonorum
2590 1080 2811 1131 Operum
2859 1064 3072 1133 praemia
3118 1065 3430 1119 declaravit.
3464 1064 3738 1132 Quemad-

2151 1155 2367 1208 modum
2399 1159 2558 1210 etiam
2600 1166 2783 1210 contra
2831 1158 3192 1223 improbarum
3236 1159 3504 1212 actionum
3551 1171 3737 1224 pinnas

2149 1246 2255 1300 illic
2283 1248 2581 1301 reconditas
2612 1263 2729 1301 esse
2759 1249 3114 1311 denuntiavit,
3148 1262 3242 1313 per
3262 1246 3604 1300 admirandas
3631 1246 3735 1299 sci-

2149 1334 2275 1389 licet
2320 1347 2374 1389 et
2417 1337 2650 1391 eximias
2679 1338 2955 1405 parabolas
2985 1353 3115 1405 quas
3166 1339 3253 1392 ille
3293 1338 3569 1405 sapientiae
3616 1336 3736 1391 fons

2148 1443 2363 1495 prorsus
2387 1430 2658 1497 sapienter
2675 1433 2939 1498 expo-uit.
2972 1431 3177 1484 Etenim
3201 1431 3420 1484 divitem
3446 1429 3730 1495 quemdam

2146 1520 2348 1574 inducit
2394 1520 2570 1590 (Luca:
2601 1523 2735 1590 xvi),
2782 1540 3010 1591 purpura
3058 1532 3112 1577 et
3159 1524 3318 1594 bysso
3369 1525 3639 1586 indutum,
3671 1540 3734 1577 ac

2150 1611 2389 1679 quotidie
2429 1614 2706 1681 splendide
2736 1616 3067 1681 epulantem;
3099 1627 3337 1670 tenacem
3368 1628 3546 1668 autem
3575 1628 3734 1685 atque

2146 1717 2174 1753 a
2219 1703 2583 1759 misericordia
2618 1716 2901 1770 remotum,
2936 1706 3071 1760 adeo
3100 1715 3156 1759 ut
3208 1722 3490 1774 pauperem
3537 1723 3734 1774 quem-

456 1797 588 1850 Nam
633 1799 673 1849 si
710 1796 903 1849 mortui
934 1812 1037 1849 non
1072 1805 1376 1865 resurgunt,
1420 1811 1487 1850 ne
1534 1796 1777 1848 Christus
1826 1796 2038 1865 quidem
2074 1792 2118 1850 B
2146 1793 2289 1855 dam,
2341 1795 2594 1848 Lazarum
2644 1797 2878 1862 nomine,
2927 1796 2992 1849 ad
3022 1796 3162 1850 fores
3191 1813 3314 1851 suas
3337 1798 3600 1865 jacentem
3631 1798 3733 1852 de-

455 1891 769 1942 resurrexit.
805 1890 861 1944 Si
893 1899 1068 1942 autem
1101 1889 1349 1942 Christus
1370 1904 1472 1940 non
1523 1889 1833 1953 resurrexit,
1866 1889 2037 1944 inanis

452 1991 533 2033 est
565 1982 692 2035 fides
714 1993 910 2036 vestra.
941 1982 1126 2035 Adhuc
1157 1983 1286 2035 estis
1319 1983 1369 2034 in
1400 1983 1632 2047 peccatis
1654 1983 1865 2035 vestris.
1900 1983 1954 2037 Si
1984 1983 2036 2037 in

452 2074 549 2125 hac
575 2081 775 2124 tantum
804 2073 906 2125 vita
949 2082 1225 2141 sperantes
1255 2087 1437 2125 sumus
1468 2073 1518 2124 in
1549 2071 1787 2139 Christo,
1817 2073 2039 2125 misera-

456 2163 669 2215 biliores
695 2178 879 2215 suums
902 2163 1147 2214 omnibus
1174 2163 1497 2215 hominilms.
1522 2162 1668 2214 Nunc
1691 2172 1867 2215 autem
1892 2160 2041 2215 Chri-

448 2262 563 2304 stus
589 2254 881 2305 resurrexit
904 2268 930 2304 a
948 2254 1193 2316 mortuis,
1219 2252 1872 2320 primitizedormientium.
1897 2254 2039 2319 Quo-

449 2345 587 2397 nizim
612 2344 824 2412 quidem
851 2358 942 2412 per
966 2346 1233 2398 hominem
1262 2361 1425 2408 mors,
1454 2361 1546 2412 per
1572 2347 1837 2400 hominem
1860 2359 2035 2402 autem

450 2437 775 2490 resurrectio
828 2446 1181 2490 mortuorum.
1234 2437 1299 2491 Ut
1344 2439 1485 2491 enim
1537 2440 1588 2491 in
1633 2438 1802 2492 Adam
1852 2456 2037 2495 omnes

452 2528 794 2591 moriuntur,
871 2528 944 2581 ita
1001 2529 1050 2579 Ill
1109 2527 1325 2581 Christo
1383 2544 1569 2582 omnes
1628 2529 2038 2584 viviﬁcabuntur

452 2615 503 2684 (Ι
538 2615 654 2670 Cor.
690 2620 804 2683 xv).
842 2620 904 2670 Et
934 2621 1112 2686 paucis
1144 2619 1433 2686 interjectis
1465 2637 1477 2671 :
1511 2620 1733 2687 Oportet
1752 2622 1917 2689 enim,
1952 2623 2037 2675 in-

451 2708 583 2775 quit,
632 2710 983 2776 corruptibilc
1035 2715 1133 2763 hoc
1183 2711 1402 2763 induere
1454 2712 1927 2778 incorruptionem,
1984 2723 2039 2766 et

449 2799 674 2852 mortale
722 2801 819 2853 hoc
874 2801 1094 2855 induere
1143 2802 1614 2855 immortalitatem.
1673 2802 1803 2856 Cum
1858 2812 2035 2857 autem

452 2891 679 2943 mortale
713 2891 809 2944 hoc
840 2891 1072 2944 induerit
1095 2892 1572 2955 immortalitatem,
1607 2902 1730 2946 tunc
1754 2894 1842 2946 lict
1862 2908 2039 2948 sermo

450 2982 536 3049 qui
599 2984 829 3051 scriptus
891 2993 992 3045 est,
1040 2984 1303 3051 Absorpta
1358 2992 1441 3037 est
1503 2998 1646 3036 mors
1696 2984 1747 3036 in
1794 2984 2033 3038 viatoria.

451 3071 549 3125 Ubi
600 3082 700 3140 est,
732 3072 1137 3131 mors,victoria
1186 3074 1309 3127 tua?
1360 3073 1457 3129 Ubi
1501 3075 2037 3135 est,mors,stimulus

449 3164 600 3216 tuus?
651 3165 962 3219 Destruetur
1004 3178 1182 3220 autem
1224 3181 1442 3233 prorsus
1471 3182 1532 3219 ac
1560 3166 1821 3221 delebitur
1846 3170 2035 3222 mortis
2061 3148 2105 3207 C

450 3254 706 3321 potentia,
742 3266 795 3306 ut
825 3271 945 3323 qua:
972 3254 1079 3323 jam
1113 3254 1217 3306 vim
1273 3270 1422 3308 suam
1471 3270 1574 3308 non
1617 3264 1819 3322 exerat,
1850 3271 2032 3310 verum

449 3346 701 3414 deinceps
728 3347 1031 3400 Imminibus
1062 3347 1435 3400 immortalitas
1465 3356 1622 3415 atque
1653 3348 2033 3415 incorruptibi-

450 3441 570 3492 litas
594 3441 917 3507 sempiterna
937 3439 1286 3491 concedatur.
1308 3439 1418 3490 Erit
1443 3439 1619 3505 igitur,
1650 3439 1769 3503 erit,
1797 3440 2031 3507 inquam,

449 3534 567 3585 sine
598 3532 701 3584 ulla
734 3530 1065 3583 dubitatione
1095 3538 1428 3581 moituorum
1481 3527 1821 3593 resurrcmio,
1876 3529 2035 3597 idque

449 3623 752 3677 certissime
775 3623 1061 3676 credimus.
1098 3622 1396 3688 Quinetiam
1425 3637 1600 3675 rerum
1632 3623 1682 3673 in
1711 3624 1814 3675 vita
1863 3636 2037 3689 geSta-

452 3733 591 3779 rum,
625 3733 847 3771 examen
879 3732 941 3771 ac
969 3719 1185 3784 prtemia
1215 3726 1270 3773 et
1316 3732 1499 3785 pinnas
1545 3717 1657 3771 lore
1702 3727 2035 3785 perspectum

456 3807 737 3876 habemus,
764 3810 815 3861 in
848 3809 1135 3862 metuendo
1166 3808 1412 3862 videlicet
1441 3809 1699 3861 adventus
1722 3806 1919 3862 Christi
1952 3810 2037 3862 die

449 3895 501 3965 (I
531 3896 647 3952 Pet.
682 3903 766 3964 tt),
800 3899 849 3951 in
877 3913 982 3966 quo
1027 3899 1149 3952 coeli
1198 3899 1317 3966 igne
1364 3899 1636 3952 solventur
1682 3908 1730 3953 et
1773 3901 2035 3953 elementa

453 3989 646 4042 ardore
667 3988 1066 4053 contabescent,
1086 4001 1137 4041 ut
1159 3989 1390 4057 theologi
1413 3988 1687 4057 cujusdam
1702 3990 1875 4042 verbis
1895 3998 2034 4044 utar.

452 4078 627 4131 Novos
647 4088 824 4131 autem
855 4082 1042 4146 CCL-los,
1075 4095 1138 4134 ac
1169 4096 1364 4135 novam
1396 4092 1591 4135 terram
1626 4081 1916 4135 secundum
1958 4083 2038 4150 ip-

452 4171 564 4223 sius
594 4172 999 4245 promissionem
1034 4182 1425 4240 exspectamus.
1454 4173 1583 4227 Nam
1606 4174 1749 4242 quod
1779 4173 1887 4227 illic
1909 4188 2038 4241 ope-

451 4276 566 4313 rutn
601 4262 816 4327 praemia
841 4271 893 4314 et
916 4277 1086 4329 poena:
1107 4265 1233 4328 sint,
1264 4265 1498 4332 nihilque
1526 4266 1745 4319 omnino
1776 4265 2034 4320 bonorum

449 4352 530 4405 vel
560 4352 823 4405 malorum
870 4355 1187 4425 negligatur,
1218 4370 1399 4408 verum
1427 4366 1479 4408 et
1508 4358 1801 4421 actionum,
1837 4368 1889 4410 et
1918 4376 2035 4413 ver-

450 4445 660 4513 borum,
700 4453 754 4498 et
777 4446 1155 4513 cogitationum
1187 4463 1394 4501 merces
1424 4449 1695 4503 recondita
1720 4450 1807 4512 sit,
1838 4467 1902 4504 ex
1952 4454 2030 4504 liis

2140 1886 2391 1951 spiceret,
2416 1901 2477 1939 ac
2505 1902 2571 1940 ne
2596 1888 2735 1954 ipsas
2760 1887 2974 1956 quidem
3002 1902 3199 1941 mensae
3222 1902 3333 1939 suae
3364 1887 3525 1941 micas
3554 1887 3603 1940 ei
3626 1888 3730 1940 im-

2140 1978 2380 2043 pertiret.
2440 1977 2673 2046 Utroque
2730 1979 2889 2047 igitur
2935 1989 3177 2032 extremo
3216 1980 3335 2032 vitae
3381 1979 3465 2033 die
3513 1978 3722 2039 functo.

2141 2084 2343 2136 pauper
2373 2071 2583 2139 quidem
2611 2072 2698 2126 ifle
2729 2083 2887 2141 atque
2915 2075 3193 2128 ulcerosus
3222 2074 3272 2127 in
3300 2076 3521 2127 Abrahae
3547 2076 3725 2128 sinum

2140 2161 2347 2215 delatus
2376 2173 2457 2215 est
2485 2163 2610 2232 (quo
2641 2179 2832 2232 nempe
2864 2165 3121 2218 vocabulo
3171 2166 3456 2231 proborum
3488 2166 3728 2218 virorum

2140 2253 2318 2305 sedem
2351 2253 2683 2324 declaravit),
2712 2255 2861 2310 dives
2889 2265 3071 2309 contra
3120 2256 3468 2309 acerbissimo
3498 2256 3731 2310 ﬂamma:

2142 2344 2405 2411 Supplicia
2454 2346 2505 2398 in
2556 2346 2760 2400 inferno
2809 2346 3053 2400 addictus
3103 2356 3205 2400 est.
3263 2348 3339 2399 Ad
3373 2362 3529 2414 quem
3563 2347 3729 2400 etiam

2142 2434 2408 2486 Abraham
2443 2434 2522 2487 his
2552 2437 2727 2489 verbis
2756 2436 3000 2488 utebatur
3032 2453 3043 2489 :
3077 2436 3335 2503 Recepisti
3370 2436 3503 2489 bona
3542 2435 3595 2489 in
3623 2436 3731 2489 vita

2142 2534 2248 2588 tua,
2283 2536 2336 2578 et
2367 2526 2595 2581 Lazarus
2625 2528 2868 2581 similiter
2896 2530 3052 2584 mala.
3077 2529 3223 2583 Nunc
3249 2539 3424 2583 autem
3455 2529 3574 2597 ipse
3601 2543 3734 2581 con-

2140 2618 2359 2678 stilatur,
2389 2628 2442 2670 tu
2471 2633 2600 2671 vero
2629 2620 2905 2674 cruciaris.

2210 2711 2370 2780 262
2412 2711 2636 2765 Rursum
2656 2712 2761 2765 alio
2780 2714 2897 2768 loco
2912 2714 3164 2769 ccelorum
3182 2727 3403 2782 regnum
3424 2713 3629 2768 homini
3646 2729 3736 2769 re-

2140 2802 2189 2868 gi
2208 2802 2381 2854 simile
2398 2817 2515 2856 esse
2537 2803 2607 2856 ait
2624 2803 2713 2871 qui
2733 2804 2839 2857 ﬁlio
2856 2818 2954 2857 suo
2970 2805 3180 2872 nuptias
3199 2804 3322 2858 fecit
3339 2805 3552 2873 (Matth.
3574 2804 3732 2873 χχιι).

2143 2892 2249 2944 Per
2281 2895 2493 2960 nuptias
2525 2909 2680 2959 porro
2713 2893 2887 2947 futura
2919 2895 3096 2948 lartitia
3124 2904 3179 2949 et
3201 2895 3418 2949 claritas
3442 2895 3728 2950 indicatur.

2143 2980 2352 3035 Etenim
2377 2984 2443 3035 ad
2469 2983 2698 3039 humiles
2718 2998 2780 3038 ac
2808 2986 3035 3039 terrenis
3066 2984 3343 3039 aﬂectibus
3376 2986 3610 3040 imbutos
3637 2985 3734 3039 bo-

2142 3073 2313 3127 mines
2344 3074 2504 3127 verba
2549 3074 2767 3143 faciens,
2816 3076 2883 3129 ab
2913 3074 2979 3130 iis
3008 3076 3167 3131 rebus
3206 3092 3327 3145 quae
3355 3077 3483 3144 ipsis
3524 3081 3732 3131 usltatm

2139 3180 2199 3216 ac
2233 3165 2521 3220 familiares
2552 3174 2724 3233 erant,
2771 3169 3049 3237 parabolas
3075 3168 3306 3223 ducebat
3358 3186 3370 3221 :
3429 3183 3534 3222 non
3592 3167 3731 3235 quod

2141 3240 2349 3323 nuptias
2371 3265 2426 3309 et
2454 3271 2667 3311 mensas
2690 3256 2742 3310 in
2774 3272 2888 3312 aevo
2919 3258 3008 3312 illo
3031 3273 3152 3312 esse
3182 3257 3511 3319 ostenderet,
3535 3258 3633 3312 sed
3663 3257 3730 3312 ad

2139 3363 2323 3400 eorum
2353 3349 2651 3403 crassitiem
2694 3363 2814 3403 sese
2854 3349 3160 3413 demittens,
3194 3349 3278 3403 his
3311 3349 3587 3403 vocabulis
3617 3358 3731 3403 ute-

2141 3437 2312 3499 batur,
2338 3450 2392 3491 ut
2414 3439 2587 3493 futura
2614 3441 2742 3508 ipsis
2762 3442 3040 3509 perspicua
3068 3441 3286 3497 faceret.
3307 3442 3505 3497 Omnes
3529 3442 3731 3511 itaque,

2140 3530 2332 3599 inquit,
2358 3546 2449 3583 rex
2482 3531 2569 3584 ille
2599 3530 2811 3584 sublimi
2846 3533 3113 3599 praeconio
3137 3533 3201 3585 ad
3226 3533 3434 3600 nuptias
3465 3533 3730 3600 invitavit,

2137 3632 2296 3688 atque
2322 3632 2377 3674 ut
2408 3624 2561 3676 bonis
2594 3623 2698 3675 illis
2724 3623 2787 3675 ad
2812 3622 3113 3677 satietatem
3140 3639 3308 3692 usque
3334 3622 3658 3677 fruerentur.

2210 3712 2354 3765 Multi
2387 3723 2563 3767 autem
2605 3729 2789 3767 eorum
2830 3714 2919 3782 qui
2964 3714 3166 3768 invitati
3224 3715 3451 3781 fuerant,
3502 3715 3580 3769 ire
3634 3731 3734 3769 ne-

2140 3801 2421 3869 glexerunt
2452 3821 2465 3855 :
2500 3819 2681 3856 verum
2715 3819 2771 3857 se
2799 3804 2944 3872 ipsos
2973 3806 3163 3875 partim
3188 3806 3239 3859 iu
3263 3805 3427 3873 agris,
3460 3806 3647 3874 partim
3678 3807 3733 3861 in

2139 3894 2609 3959 negotiationibus,
2656 3896 2846 3962 partim
2894 3898 2944 3949 itt
2993 3897 3246 3951 uxoribus
3279 3912 3446 3965 nuper
3493 3898 3737 3964 acceptis

2144 3995 2491 4051 occupantes,
2537 3987 2787 4055 nuptialis
2826 3988 3042 4043 thalami
3084 3990 3367 4058 splendore
3415 4000 3731 4044 caruerunt.

2139 4077 2250 4130 lllis
2280 4087 2456 4130 autem
2507 4094 2599 4130 sua
2646 4091 2837 4145 Sponte
2881 4096 2907 4132 a
2949 4082 3262 4135 suavissima
3294 4082 3380 4134 illa
3424 4081 3607 4134 lictitia
3635 4095 3733 4133 ex-

2140 4167 2329 4228 clusis,
2362 4167 2448 4218 alii
2482 4166 2649 4218 vocali
2683 4178 2825 4233 sunt,
2859 4180 3020 4237 atque
3048 4169 3277 4237 impletae
3307 4178 3429 4223 sunt
3450 4172 3620 4237 epula:
3639 4168 3731 4222 di-

2141 4256 2557 4309 scutnbeutibus.
2581 4258 2859 4327 Ingressus
2875 4269 3048 4313 autetn
3074 4276 3164 4313 rex
3191 4270 3245 4311 ut
3262 4261 3464 4313 videret
3487 4261 3731 4314 discum-

2142 4346 2349 4409 bentes,
2398 4347 2525 4399 vidit
2567 4347 2675 4400 illic
2709 4348 2978 4403 hominem
3032 4364 3134 4402 non
3167 4352 3416 4403 vestitum
3454 4361 3601 4405 veste
3628 4366 3729 4404 nu-

2142 4438 2309 4505 ptiali.
2338 4439 2404 4493 Et
2425 4440 2559 4493 dixit
2581 4440 2627 4493 ei
2653 4457 2668 4494 :
2695 4441 2899 4506 Amice,
2926 4443 3191 4509 quomodo
3222 4445 3324 4496 huc
3353 4446 3580 4509 intrasti,
3617 4460 3729 4499 non

444 4538 638 4594 (Lhristi
674 4512 1081 4593 verbisicuusmt
1112 4558 1124 4594 :
1151 4542 1463 4609 Quicunque
1491 4554 1671 4609 potum
1700 4543 1907 4597 dederit
1936 4545 2027 4598 uni
2063 4512 2113 4572 Ι)
2141 4530 2342 4584 habens
2372 4543 2571 4585 "9510'"
2622 4533 2951 4600 ""Plla'em?
3000 4537 3066 4587 Αῑ
3114 4535 3200 4589 me
3240 4536 3522 4589 οίπηυίυίί·
3576 4536 3728 4590 Tunc

442 4644 509 4683 ex
539 4630 773 4686 minimis
805 4631 920 4683 istis
946 4631 1167 4684 calicem
1199 4644 1350 4698 aqua}
1381 4630 1601 4698 frigidae,
1637 4640 1837 4685 tantum
1867 4633 1919 4686 in
1943 4648 2034 4689 no-

448 4723 591 4775 mitte
612 4722 881 4790 dist-ipuli,
908 4738 1011 4776 non
1032 4722 1218 4790 perdet
1235 4724 1532 4778 mercedem
1548 4739 1697 4777 suam
1718 4724 1933 4796 (Matth.
1951 4727 2027 4795 x).

446 4821 521 4868 Ac
552 4829 763 4867 rursum
811 4829 873 4867 ex
901 4814 985 4867 his
1016 4831 1028 4865 :
1061 4814 1189 4867 Cum
1224 4817 1429 4868 venerit
1481 4815 1646 4868 Filius
1690 4814 1919 4871 hominis
1975 4818 2027 4870 itt

446 4905 722 4975 majestate
750 4920 865 4969 sua,
901 4914 956 4960 et
984 4921 1171 4961 omnes
1201 4906 1374 4974 angeli
1400 4922 1521 4961 cum
1552 4923 1640 4972 eo,
1670 4919 1793 4962 tunc
1823 4910 2030 4964 sedebit

445 5010 606 5063 super
631 4997 814 5051 sedem
847 4998 1093 5067 ntajestat
1114 5014 1140 5052 s
1181 5014 1312 5061 suae,
1346 5008 1399 5053 et
1421 5002 1878 5069 congregabuntur
1906 5013 2028 5055 ante

444 5103 565 5138 cum
595 5103 783 5143 omnes
809 5102 1013 5157 gentes,
1046 5100 1099 5145 et
1120 5091 1388 5157 separabit
1415 5107 1508 5145 eos
1528 5095 1594 5145 ab
1623 5093 1868 5155 invicem,
1891 5094 2029 5147 sicut

445 5188 623 5243 pastor
646 5191 888 5249 segregat
909 5196 1033 5234 oves
1053 5182 1120 5236 ab
1147 5182 1331 5236 Inedis.
1365 5182 1424 5235 Et
1448 5192 1645 5236 statuet
1665 5198 1789 5236 oves
1812 5184 2024 5252 quidem

442 5284 469 5315 :t
495 5267 701 5321 dextris
729 5272 861 5332 suis,
895 5270 1075 5324 luedos
1104 5284 1282 5328 autem
1328 5290 1356 5327 a
1387 5274 1639 5327 sinistris.
1688 5274 1839 5327 Tunc
1885 5275 2027 5328 dicet

445 5358 555 5412 llex
587 5361 667 5413 his
696 5362 783 5429 qui
815 5378 844 5415 a
871 5362 1070 5418 dextris
1101 5376 1254 5420 erunt
1285 5386 1298 5421 ε
1324 5368 1530 5431 Venite,
1562 5367 1823 5422 benedicti
1850 5368 2022 5423 Patris

444 5451 573 5515 mei,
599 5452 862 5517 possidete
890 5458 1288 5523 regnum‘vobis
1316 5469 1555 5525 paratum
1590 5473 1618 5511 a
1642 5460 2022 5515 constitutione

445 5544 650 5597 mundi.
686 5546 889 5599 Esurivi
918 5547 1081 5611 enim,
1113 5558 1166 5601 et
1205 5548 1427 5604 dediStis
1466 5549 1597 5604 mihi
1647 5551 1973 5608 manducare
2005 5568 2022 5619 ;

441 5636 606 5704 sitivi,
642 5645 696 5692 et
712 5636 940 5693 dedistis
965 5635 1091 5692 mihi
1118 5639 1331 5705 bibere;
1364 5641 1556 5711 hospes
1585 5657 1751 5711 eram,
1786 5653 1837 5699 et
1861 5645 2025 5701 colle-

440 5729 591 5799 sistis
621 5743 737 5795 me;
790 5727 985 5798 nudus,
1013 5736 1069 5785 et
1092 5729 1444 5799 coaperuistis
1484 5746 1606 5799 me;
1655 5732 1917 5799 inﬁrmus,
1972 5743 2027 5790 et

2136 4626 2265 4678 dixit
2287 4640 2378 4678 rex
2410 4626 2668 4679 ministris
2693 4643 2706 4678 :
2739 4626 2933 4695 Ligatis
2958 4627 3180 4695 pedibus
3206 4643 3268 4682 ac
3298 4628 3547 4681 manibus
3576 4628 3722 4696 ejus,

2137 4716 2305 4770 tollite
2352 4731 2494 4780 eum,
2536 4726 2590 4770 et
2638 4717 2832 4770 mittite
2876 4720 2928 4770 in
2985 4720 3232 4775 tenebras
3260 4721 3576 4775 exteriores.
3612 4719 3726 4774 Illic

2134 4809 2235 4860 erit
2265 4806 2419 4861 ﬂetus
2446 4816 2500 4860 et
2520 4808 2719 4862 stridor
2746 4809 3004 4862 dentium.
3037 4809 3136 4863 Per
3168 4812 3264 4864 hos
3292 4826 3452 4879 porro
3490 4810 3580 4879 qui
3623 4825 3724 4864 nu-

2133 4899 2257 4967 ptiis
2287 4900 2546 4954 interesse
2578 4914 2911 4965 recusarunt,
2944 4918 3043 4957 nec
3067 4904 3118 4957 ei
3163 4918 3193 4955 a
3243 4919 3349 4971 quo
3389 4902 3724 4957 vocabantur

2138 4991 2247 5043 ullo
2274 4992 2435 5045 modo
2464 5007 2666 5047 morem
2697 5005 2996 5062 gesserunt,
3030 4995 3103 5048 illi
3131 4994 3496 5063 significantur
3533 4997 3620 5064 qui
3650 4997 3719 5049 ad

2135 5084 2334 5136 Christi
2367 5085 2522 5138 {idem
2555 5086 2772 5140 minime
2802 5098 3166 5154 accurrerunt,
3194 5103 3375 5142 verum
3403 5096 3494 5141 aut
3524 5090 3572 5141 in
3604 5088 3721 5142 ido-

2135 5174 2308 5227 lorum
2337 5176 2503 5240 culta,
2537 5186 2629 5230 aut
2660 5179 2711 5231 in
2753 5178 2925 5247 aliqua
2956 5179 3147 5233 hmresi
3201 5179 3567 5247 perstiterunt.
3618 5181 3721 5234 Per

2133 5280 2253 5319 eum
2282 5276 2458 5320 autem
2487 5269 2575 5334 qui
2620 5281 2765 5321 vesue
2793 5270 2987 5336 nuptiis
3011 5280 3366 5324 consentanea
3402 5272 3642 5333 carebat.
3674 5271 3721 5325 is

2134 5361 2350 5414 demum
2404 5361 2739 5429 intelligitur,
2788 5363 2874 5429 qui
2910 5360 3010 5415 lide
3051 5362 3263 5430 quidem
3312 5363 3564 5430 prmditus
3595 5364 3715 5426 fuit,

2130 5462 2379 5506 caeterum
2407 5452 2732 5520 spiritualem
2756 5462 2957 5506 vestem
2981 5454 3200 5519 impuris
3226 5455 3435 5523 ﬂagitiis
3456 5470 3717 5523 conspur-

2131 5543 2288 5603 cavit,
2323 5544 2620 5611 meritoque
2652 5544 2871 5612 proinde
2895 5559 2924 5597 a
2976 5543 3229 5614 nuptialis
3262 5547 3481 5601 thalami
3512 5547 3713 5601 lmtitia

2131 5638 2411 5692 submotus
2441 5647 2544 5691 est.
2955 5680 2972 5703 ,

2202 5728 2339 5795 Quin
2384 5727 2543 5783 aliam
2582 5742 2794 5798 quoque
2838 5727 3137 5798 huiusmodi
3182 5729 3486 5799 parabolam
3517 5731 3711 5787 eodem
