4010 6288
260 324 359 377 I77

682 325 846 382 VITA
884 325 1308 385 SANCTORUIII
1349 328 1682 385 BABLAAM
1725 327 2063 383 ΕΠΕΜΙΤΑΞ
2106 327 2194 383 ΕΤ
2234 328 2591 385 JOSAPIIAT
2635 330 2843 386 INDI/E
2884 331 3107 387 REGIS.

3422 329 3530 387 ιτα

260 437 616 508 pertinentem
659 440 853 505 attulit,
886 441 1170 511 propositis
1213 441 1461 496 nimirum
1503 442 1689 497 decem
1715 441 1833 510 qui-
1860 442 1908 500 Α
1940 453 2233 507 peccatum.
2262 443 2352 497 Vae
2398 447 2486 511 qui
2538 445 2714 499 dicitis
2761 446 2955 499 malum
3000 448 3217 515 bonum,
3269 462 3531 520 ponentes

259 528 481 581 busdam
513 529 824 596 virginibus,
852 548 1074 601 quarum
1098 534 1333 601 quinque
1354 535 1641 604 prudentes
1663 539 1836 596 erant,

253 632 305 673 ct
330 622 565 689 quinque
600 619 759 674 fatuae
790 622 1007 692 (litauit.
1038 624 1185 693 xxv).
1218 625 1348 691 ane
1394 625 1610 693 quidem
1659 625 1836 686 fatuae,

257 712 490 778 acceptis
518 712 847 777 lampadibus
869 713 1001 777 suis,
1034 730 1136 767 non
1168 726 1520 782 sumpserunt
1545 716 1720 770 oleum
1750 731 1840 768 se-

254 818 399 865 cum,
435 802 724 870 prudentes
752 810 931 856 autem
964 817 1327 869 sumpserunt.
1366 808 1475 861 Iloc
1504 818 1679 859 autem
1723 809 1839 859 loco

253 904 344 963 per
372 897 551 948 oleum
599 894 880 962 probarunt
920 898 1186 952 actionum
1216 901 1610 968 possessionem
1635 898 1838 967 signiti-

249 986 407 1040 cavit.

322 1075 493 1129 Media
515 1087 689 1131 autem
714 1086 889 1142 nocte,
916 1079 1105 1147 inquit,
1134 1081 1334 1136 clamor
1367 1082 1535 1137 factus
1556 1093 1667 1137 est:
1701 1083 1836 1136 Ecce

246 1181 479 1234 sponsus
507 1168 672 1233 venit,
709 1169 851 1222 exite
889 1169 1095 1224 obviam
1138 1174 1210 1229 ei.
1273 1174 1436 1228 Porro
1479 1191 1574 1241 per
1606 1177 1832 1227 mediam

246 1270 458 1314 noctem
485 1261 586 1315 diei
616 1262 756 1315 illius
780 1264 1207 1319 incertitudinem
1235 1267 1514 1320 indicavit.
1541 1268 1690 1319 Tunc
1713 1282 1833 1320 sur-

251 1362 504 1406 rexerunt
534 1369 723 1407 omnes
757 1355 988 1424 virgines
1019 1356 1121 1409 ilhc
1147 1374 1160 1421 ;
1199 1369 1250 1409 et
1281 1374 1397 1425 qua:
1431 1369 1623 1425 parata:
1654 1368 1828 1420 erant,

245 1442 491 1497 exierunt
522 1445 731 1497 obviam
771 1462 992 1512 Sponso,
1026 1456 1079 1500 et
1112 1448 1439 1501 intraverunt
1489 1464 1607 1500 cum
1660 1464 1725 1501 eo
1766 1447 1830 1499 ad

243 1536 482 1601 nuptias,
515 1545 565 1587 et
592 1535 770 1589 clausa
813 1547 889 1589 est
920 1537 1103 1604 jauua.
1149 1539 1277 1603 Quae
1331 1548 1509 1591 autem
1560 1538 1831 1607 imparatze

241 1633 397 1677 erant
432 1629 585 1693 (quas
607 1628 768 1679 etiam
802 1627 998 1680 idcirco
1026 1644 1129 1680 non
1163 1628 1256 1681 abs
1290 1644 1345 1682 re
1372 1630 1565 1681 stultas
1594 1632 1832 1697 appella-

238 1715 359 1784 vit),
393 1730 511 1768 cum
548 1719 816 1784 lampades
845 1733 969 1771 suas
1000 1720 1259 1786 exstingui
1321 1720 1707 1785 perSpicerent,
1763 1719 1827 1771 ad

1942 546 2179 585 amarum
2212 535 2265 589 in
2296 534 2472 600 dulce,
2504 546 2554 588 et
2590 535 2743 589 dulce
2776 536 2826 588 in
2856 552 3113 591 amarum.
3154 541 3239 592 Va:
3287 543 3375 606 qui
3436 558 3532 609 po.

1946 633 2118 675 tentes
2145 624 2275 677 estis
2298 626 2362 678 ad
2399 626 2684 680 bibendum
2715 627 2914 683 vinum,
2947 636 3002 680 et
3025 629 3119 680 viri
3147 629 3310 682 fortes
3335 634 3399 683 ad
3430 632 3531 683 mi-

1941 715 2191 766 scendam
2216 716 2555 772 ebrietatem.
2582 717 2680 783 Qui
2699 718 3003 785 jnstificatis
3034 718 3252 783 impium
3278 734 3375 787 pro
3406 736 3525 772 mu-

1943 806 2179 868 neribus,
2212 814 2266 858 et
2302 807 2559 873 ju~tatiam
2602 810 2761 878 263
2806 810 2932 873 justi
2969 810 3185 863 aufertis
3211 810 3279 863 ab
3308 824 3392 862 eo.
3424 810 3526 875 Qui

1941 894 2488 962 declinatisjudicium
2515 914 2827 965 pauperum,
2849 908 2901 952 et
2921 900 3149 967 diripitis
3170 900 3522 953 substantiam

1940 998 2253 1052 egenorum,
2285 994 2342 1037 ut
2380 988 2443 1039 sit
2472 986 2622 1039 vobis
2648 990 2919 1055 orphanus
2947 990 2996 1041 in
3023 989 3278 1056 pra-dam.
3311 988 3375 1042 Et
3399 988 3524 1057 quid

1941 1075 2150 1129 facietis
2179 1076 2229 1128 in
2260 1076 2347 1128 die
2380 1076 2737 1132 visitationis?
2765 1063 2814 1132 et
2845 1080 2907 1131 ad
2940 1095 3097 1147 quem
3127 1080 3444 1147 confugietis
3470 1081 3521 1132 iu

1939 1169 2236 1221 auxilium?
2259 1178 2312 1221 et
2337 1169 2424 1222 ubi
2450 1170 2829 1237 derelinquetis
2853 1172 3071 1239 gloriam
3097 1180 3352 1233 vestram,
3384 1187 3450 1224 ne
3470 1170 3523 1225 in

1943 1260 2304 1314 visitationem
2337 1262 2622 1314 incidatis?
2678 1262 2902 1330 Propter
2952 1262 3071 1329 hoc,
3121 1264 3259 1317 sicut
3306 1265 3526 1316 devorat

1937 1351 2185 1419 Slipulam
2230 1351 2409 1420 lingua
2455 1352 2613 1420 ignis,
2647 1360 2701 1404 et
2730 1354 2878 1405 calor
2910 1352 3140 1407 tlaunuzn
3190 1354 3398 1419 exurit,
3442 1353 3521 1406 sic

1938 1441 2085 1493 radix
2119 1457 2301 1495 eorum
2339 1446 2487 1511 quasi
2526 1443 2697 1497 favilla
2744 1445 2864 1508 erit,
2897 1456 2950 1499 et
2995 1460 3208 1515 germen
3237 1460 3421 1499 eorum
3466 1453 3524 1499 ut

1938 1530 2126 1596 pulvis.
2176 1530 2502 1598 Abjecerunt
2529 1531 2668 1582 enim
2702 1531 2887 1599 legem
2923 1531 2967 1583 D
2992 1534 3131 1585 nmini
3169 1535 3521 1600 exercituum,

1937 1634 1988 1675 et
2012 1622 2277 1689 eloquium
2305 1621 2660 1677 sanctilsrael
2693 1622 3193 1690 blasphemavernnt
3223 1622 3447 1693 (Βίων).

2012 1712 2210 1766 Eodem
2251 1714 2475 1779 accedit,
2511 1714 2651 1780 quod
2676 1717 2746 1767 ait
2776 1715 2910 1769 alius
2935 1716 3186 1782 propheta
3221 1734 3234 1771 :
3263 1717 3416 1769 Juxta
3443 1725 3524 1771 est

238 1807 422 1859 oleum
453 1809 740 1862 emendum
773 1824 891 1864 sese
931 1812 1291 1863 contulerunt.
1330 1811 1648 1877 Posteaque,
1678 1813 1812 1864 clau-

1943 1807 2056 1859 dies
2090 1805 2299 1858 Domini
2334 1821 2520 1876 magna
2555 1817 2607 1859 et
2636 1808 2786 1860 velox
2819 1808 2996 1861 nimis.
3032 1807 3145 1861 Vox
3176 1809 3280 1862 diei
3314 1808 3522 1862 Domini

232 1897 434 1963 sisjam
461 1900 683 1967 foribus,
706 1904 1041 1968 accedentes,
1063 1902 1382 1969 clamabant,
1408 1904 1645 1958 dicentes
1678 1922 1691 1957 :
1728 1904 1828 1958 Do-

229 1988 400 2051 mine,
436 1989 680 2055 Domine,
715 1994 860 2059 aperi
894 1993 1065 2045 nobis.
1113 1994 1229 2060 Ipse
1257 2004 1431 2047 autem
1474 1994 1824 2060 respondens,

227 2077 372 2130 dixit
400 2080 517 2133 eis:
551 2082 719 2134 Amen
760 2081 875 2133 dico
903 2081 1265 2145 vobis,nescio
1288 2098 1400 2136 vos.
1433 2084 1507 2136 Ex
1540 2083 1622 2137 his
1651 2086 1829 2138 omni-

224 2169 337 2222 bus
355 2170 636 2237 perspicne
654 2180 881 2235 constat,
908 2172 1160 2239 improbis
1184 2172 1497 2237 actionibus,
1516 2184 1674 2243 atque
1692 2175 1826 2228 adeo

225 2262 601 2327 sermonibus,
628 2263 859 2329 ipsisque
882 2266 1041 2317 etiam
1069 2264 1495 2336 cogitationibus,
1526 2280 1672 2321 suam
1703 2282 1825 2323 esse

225 2352 537 2405 mercedem
568 2354 932 2408 Constitutam.

300 2441 447 2494 Dixit
474 2444 616 2496 enim
660 2444 945 2500 Salvator:
982 2446 1112 2501 Dico
1135 2446 1309 2513 vobis,
1340 2449 1480 2518 quod
1520 2464 1677 2505 omne.
1708 2467 1822 2505 vero

227 2530 354 2584 bum
378 2535 608 2585 Otiosum
640 2536 780 2602 quod
807 2536 965 2589 locuti
992 2538 1187 2589 fuerint
1218 2539 1485 2605 homines,
1507 2541 1731 2595 reddent
1753 2543 1821 2597 de

224 2638 291 2675 eo
323 2626 584 2677 rationem
624 2625 676 2678 in
725 2627 812 2680 die
851 2629 1037 2696 judicii
1072 2628 1286 2698 (Manli.
1316 2629 1440 2699 xu).
1471 2634 1546 2685 Ac
1570 2648 1815 2688 rursum:

229 2715 401 2769 Veer
435 2731 565 2771 Vero
594 2727 645 2770 et
676 2718 852 2786 capilli
900 2720 1085 2787 capitis
1140 2736 1327 2774 omnes
1374 2725 1639 2777 numerati
1695 2734 1820 2779 sunt

226 2805 442 2868 (Manli.
494 2806 569 2876 x).
612 2808 734 2874 Quo
758 2811 959 2865 scilicet
989 2811 1110 2865 loco
1141 2828 1233 2880 per
1258 2812 1481 2880 capillos
1521 2817 1817 2871 minutissi-

226 2913 345 2951 mas
396 2900 553 2952 etiam
617 2901 1071 2959 considerationes
1122 2907 1392 2976 animique
1459 2910 1809 2978 cogitationes

226 2988 562 3055 significavit.
610 2989 975 3048 Consentanea
1022 3006 1199 3051 autem
1244 2999 1325 3054 his
1374 3016 1582 3071 quoque
1627 3004 1814 3058 beatus

227 3078 426 3135 Paulus
458 3083 617 3137 tradit
651 3101 663 3138 :
705 3086 864 3141 Vivus
891 3096 992 3152 est,
1030 3090 1218 3159 inquit,
1253 3107 1430 3146 sermo
1466 3094 1576 3160 Dei,
1611 3104 1664 3149 et
1693 3099 1809 3150 effi-

1934 1912 2136 1959 amara,
2166 1897 2506 1951 tribulabitur
2537 1897 2708 1951 fortis.
2742 1898 2863 1952 Dies
2894 1895 2985 1953 ira:
3007 1900 3120 1953 dies
3146 1900 3256 1964 illa,
3288 1900 3403 1953 dies
3430 1898 3522 1953 tri-

1935 1989 2222 2042 bulationis
2248 1999 2299 2042 ct
2335 1990 2614 2053 angustiai,
2657 1990 2773 2044 dies
2820 1991 3140 2045 calamitatis
3166 2002 3221 2045 et
3267 1993 3519 2058 miseriae,

1932 2081 2045 2133 dies
2075 2081 2418 2133 tenebrarum
2451 2088 2504 2133 et
2530 2080 2794 2147 caliginis,
2820 2080 2933 2134 dies
2959 2083 3165 2135 nebula:
3187 2091 3239 2135 et
3264 2081 3515 2148 turbinis,

1931 2170 2046 2225 dies
2079 2171 2215 2223 tubae
2248 2180 2299 2223 et
2324 2169 2588 2238 clangoris
2611 2186 2772 2238 soper
2796 2173 3037 2225 civitates
3061 2173 3312 2235 munitas,
3344 2182 3398 2226 et
3426 2188 3520 2227 su-

1930 2277 2026 2331 per
2054 2261 2275 2330 angulos
2300 2263 2563 2315 excelsos.
2601 2262 2665 2315 Et
2694 2262 2959 2315 tribulabo
3004 2264 3285 2333 malignos,
3318 2274 3370 2316 et
3411 2279 3518 2315 am-

1930 2355 2181 2409 bulabunt
2213 2357 2361 2423 caeci,
2394 2356 2516 2422 quia
2544 2354 2766 2407 Domino
2794 2368 3178 2424 peccaverunt;
3208 2368 3259 2409 et
3282 2356 3517 2409 effunde-

1930 2458 2013 2500 tur
2043 2449 2255 2515 sanguis
2276 2462 2459 2499 eorum
2484 2445 2623 2499 sicut
2647 2446 2859 2512 humus,
2885 2456 3149 2513 etcorpus
3173 2462 3355 2501 eorum
3377 2447 3517 2500 sicut

1929 2549 2187 2592 stercora.
2222 2538 2327 2590 bed
2354 2549 2406 2591 et
2440 2548 2718 2605 argentum
2752 2553 2955 2603 eorum,
2997 2548 3050 2592 et
3091 2554 3280 2591 aurum
3327 2553 3513 2591 eorum

1926 2646 2028 2682 non
2061 2629 2250 2697 poterit
2272 2628 2497 2681 liberare
2519 2642 2611 2681 eos
2645 2630 2693 2680 in
2720 2627 2805 2683 die
2829 2627 3021 2681 furoris
3049 2628 3279 2681 Domini.
3306 2628 3360 2681 In
3391 2628 3516 2697 igne

1924 2721 2022 2774 zeli
2055 2720 2169 2789 ejus
2199 2721 2542 2774 devorahitur
2569 2720 2742 2773 omnis
2787 2731 2945 2780 terra.
2999 2722 3119 2786 quia
3174 2734 3512 2772 consumma-

1926 2816 2121 2866 tionem
2162 2830 2279 2865 cmn
2317 2813 2658 2867 festinatione
2689 2813 2846 2872 faciet
2899 2814 3104 2867 cunctis
3149 2812 3511 2866 habitantibus

1924 2912 2118 2956 terram
2155 2904 2346 2971 (Soph.
2379 2907 2438 2973 ι).
2473 2904 2692 2972 Insuper
2720 2906 2880 2958 etiam
2935 2905 3095 2957 David
3143 2918 3236 2956 rex
3284 2911 3339 2956 et
3385 2917 3513 2971 pro-

1922 2996 2079 3065 pheta
2103 2997 2165 3048 ad
2194 2998 2333 3050 hunc
2356 2998 2569 3051 modum
2598 2998 2823 3051 clamat:
2847 2997 2987 3050 Deus
3012 2993 3291 3049 manifeste
3312 2993 3510 3059 veniet,

1923 3090 2062 3142 Deus
2095 3102 2297 3158 noster,
2329 3102 2383 3144 et
2415 3108 2519 3144 non
2552 3091 2750 3146 silebit.
2785 3092 2925 3159 Ignis
2972 3090 3024 3143 in
3072 3101 3360 3158 conspectu
3393 3089 3511 3159 ejus

223 3188 345 3236 cax,
375 3189 438 3228 ac
463 3177 842 3244 penetrabilior
868 3183 1011 3234 omni
1044 3184 1221 3251 glad:o
1250 3186 1487 3253 ancipiti,
1520 3197 1571 3240 et
1602 3189 1807 3255 pertin-
1842 3183 1886 3242 C
1918 3181 2254 3247 exardescet,
2288 3191 2341 3236 et
2371 3182 2424 3235 in
2455 3182 2676 3237 circuitu
2707 3181 2824 3252 ejus
2855 3191 3144 3248 tempestas
3170 3181 3363 3237 valida.
3397 3181 3510 3234 Ad-

220 3278 353 3329 gens
377 3279 542 3334 usque
573 3267 637 3320 ad
662 3269 975 3325 divisionem
1004 3274 1197 3327 animae
1224 3284 1278 3327 et
1303 3278 1559 3343 corporis,
1586 3278 1809 3345 spiritus

223 3370 439 3423 quoque
485 3368 537 3412 et
580 3374 894 3431 compagum
936 3378 999 3418 ac
1037 3364 1413 3432 medullarum,
1454 3378 1507 3421 et
1549 3370 1812 3425 discretor

224 3450 604 3513 cogitationum
637 3460 690 3504 et
719 3452 1069 3507 intentionum
1099 3457 1295 3510 cordis.
1333 3458 1396 3511 Et
1434 3473 1538 3511 non
1569 3469 1651 3513 est
1700 3460 1808 3515 ulla

228 3550 475 3591 creatura
522 3543 800 3597 invisibilis
841 3544 893 3597 in
933 3557 1222 3612 consilectu
1251 3549 1386 3614 ejus,
1420 3550 1596 3601 omnia
1628 3562 1806 3605 autem

222 3630 361 3683 nuda
390 3642 441 3684 et
482 3643 663 3697 aperta
692 3645 817 3689 sunt
842 3635 897 3690 in
920 3638 1093 3692 oculis
1121 3638 1255 3707 ejus,
1281 3639 1345 3692 ad
1367 3654 1523 3708 quem
1549 3641 1703 3695 nobis
1724 3652 1806 3697 est

222 3735 397 3775 sermo
430 3723 618 3792 (Hebr.
645 3724 739 3795 Iv).

290 3813 418 3867 llrcc
447 3817 609 3869 etiam
642 3818 917 3885 propheta:
947 3818 1119 3887 longis
1166 3820 1234 3874 ab
1278 3821 1400 3876 hinc
1450 3825 1801 3893 temporibus,

221 3904 453 3973 Spiritus
482 3911 650 3961 sancti
691 3918 857 3977 gratia
889 3911 1161 3981 illustrati,
1204 3915 1543 3981 apertissime
1592 3921 1804 3971 nuntia-

218 4010 427 4050 verunt.
458 4000 545 4051 Ait
574 4000 714 4053 enim
746 4000 906 4056 Isaias
955 4020 967 4054 :
1006 4003 1112 4072 Ego
1140 4019 1300 4071 Opera
1334 4006 1539 4060 illormn
1571 4010 1716 4070 novi,
1750 4019 1803 4064 ct

218 4090 436 4143 reddam
467 4091 568 4158 eis.
615 4092 753 4147 Ecce
785 4094 940 4148 venio
971 4105 1027 4149 ut
1053 4112 1368 4168 congregem
1398 4116 1585 4154 omnes
1615 4111 1800 4170 gentes

218 4191 267 4234 et
296 4183 535 4251 linguas;
564 4194 618 4239 et
645 4187 877 4253 venient,
906 4199 959 4242 et
983 4190 1238 4246 videbunt
1264 4193 1486 4260 gloriam
1513 4208 1683 4247 meam
1710 4212 1723 4259 ;
1750 4206 1803 4248 et

218 4274 320 4329 crit
349 4278 549 4332 ccelum
582 4295 799 4345 novum,
831 4292 883 4337 et
915 4294 1052 4337 terra
1096 4300 1255 4351 nova,
1308 4303 1427 4353 quae
1471 4303 1569 4357 ego
1609 4288 1798 4341 faciam

216 4380 435 4423 manere
466 4384 642 4425 coram
669 4388 774 4426 me.
810 4374 871 4426 Iit
894 4383 1074 4429 veniet
1102 4377 1276 4431 omnis
1298 4393 1445 4443 caro,
1478 4388 1531 4431 et
1558 4379 1800 4433 adorabit

215 4471 295 4512 tne
327 4460 381 4512 in
408 4472 697 4530 conspectu
729 4478 868 4529 meo,
898 4465 1024 4519 dicit
1056 4466 1340 4532 Dominus;
1369 4478 1429 4522 et
1469 4469 1710 4533 exibunt,
1744 4478 1799 4522 et

1926 3273 2129 3324 vocabit
2155 3274 2350 3325 coelum
2375 3274 2677 3337 desursum,
2709 3286 2759 3327 et
2793 3282 2985 3325 terram
3010 3273 3314 3326 discernere
3341 3287 3509 3341 popu-

1918 3362 2024 3415 lnm
2054 3380 2206 3416 suum
2242 3362 2413 3433 (Psul.
2448 3364 2618 3432 xux).
2644 3367 2719 3418 Ac
2749 3380 2955 3417 rursum
2987 3380 3001 3416 :
3039 3363 3299 3432 Exsurge,
3340 3362 3505 3429 Deus,

1915 3453 2106 3518 inquit,
2158 3464 2210 3505 et
2244 3454 2421 3519 judica
2454 3462 2672 3519 terram,
2704 3454 2949 3523 quoniam
2980 3454 3230 3522 cngitatio
3271 3453 3507 3508 hominis

1913 3544 2253 3597 confitebitur
2282 3544 2373 3596 tibi
2399 3542 2619 3610 (Psalm.
2653 3547 2875 3613 Lxxvn).
2903 3544 2979 3597 Ac
3002 3560 3212 3598 rursum
3239 3561 3253 3598 :
3281 3543 3360 3597 Tu
3386 3544 3506 3597 red~

1914 3636 2007 3686 des
2064 3636 2348 3703 unicuique
2393 3635 2543 3701 juxta
2601 3649 2765 3702 Opera
2820 3649 2935 3687 sua.
2988 3634 3275 3703 Complura
3321 3646 3500 3689 autem

1911 3729 2069 3781 etiam
2117 3730 2220 3781 alia
2255 3728 2580 3797 ltujusmodi,
2637 3739 2744 3780 tum
2804 3728 3102 3790 Psalmista,
3153 3740 3261 3780 tum
3313 3743 3501 3781 Omnes

1910 3822 2184 3889 propheta:
2211 3820 2391 3873 dixino
2421 3820 2619 3887 Spiritu
2647 3820 2839 3884 edocti,
2877 3820 2944 3873 de
2975 3819 3151 3872 futuro
3195 3818 3401 3888 judicio
3440 3834 3501 3873 ac

1911 3916 2156 3966 mercede
2199 3912 2580 3982 pricdicarunt.
2641 3912 2877 3977 Quorum
2929 3925 3208 3965 sermones
3254 3910 3500 3966 Salvator

1913 4019 2127 4073 quoque
2156 4003 2457 4057 certissime
2489 4002 2835 4065 confirmans,
2885 4016 2982 4056 nos
3034 4012 3359 4055 monitorum
3414 4015 3499 4054 re-

1908 4100 2315 4166 surrectionem,
2368 4113 2655 4165 rerumque
2713 4096 2766 4149 in
2819 4096 2927 4149 vita
2978 4107 3248 4165 gestarum
3294 4108 3497 4149 merce-

1905 4190 2047 4253 dem,
2077 4200 2237 4260 atque
2269 4190 2622 4244 immortalem
2654 4188 2815 4241 futuri
2844 4188 3023 4242 smculi
3073 4185 3233 4241 vitam
3273 4185 3496 4241 credere

1905 4283 2106 4335 docuit.

1976 4374 2102 4429 Car.
2139 4374 2534 4443 X.—Josaphat
2576 4383 2753 4427 autem
2802 4371 3006 4442 ingenti
3048 4372 3116 4426 ob
3168 4371 3281 4424 haec
3312 4368 3471 4425 verba

1906 4467 2072 4520 animi
2102 4467 2516 4535 compnnctione
2549 4466 2760 4533 plenus,
2781 4464 3030 4533 lacrymis
3050 4461 3488 4532 perfundebatur,

217 4550 473 4604 videbunt
493 4553 751 4609 cadavera
786 4555 1081 4622 hominum,
1109 4559 1194 4626 qui
1229 4561 1559 4626 prtevaricati
1590 4572 1714 4614 sunt
1743 4562 1795 4615 in
1829 4551 1880 4612 D
1906 4571 2063 4625 atque
2089 4557 2170 4611 his
2197 4557 2262 4611 ad
2288 4571 2473 4610 senem
2506 4556 2685 4610 verbis
2709 4569 2833 4607 usus
2863 4563 2945 4607 est
2967 4570 2979 4604 :
3000 4552 3187 4606 Omnia
3214 4550 3341 4603 mihi
3366 4564 3489 4615 per-

212 4657 312 4697 me.
349 4643 481 4697 Nam
514 4648 712 4700 vermis
733 4662 916 4702 eorum
946 4664 1050 4703 non
1076 4652 1346 4716 morietur,
1371 4662 1423 4707 et
1446 4653 1582 4717 ignis
1600 4667 1787 4707 eorum

216 4750 316 4789 non
348 4739 739 4809 exstinguetur.
765 4740 827 4794 Et
851 4752 1006 4795 erunt
1035 4759 1200 4813 usque
1223 4744 1287 4797 ad
1312 4747 1611 4800 satietatem
1636 4747 1798 4801 visio-

213 4828 291 4882 nis
314 4829 459 4882 omni
483 4830 627 4883 carni
655 4829 792 4900 (Ira.
819 4835 984 4899 vai).
1016 4836 1092 4888 Ac
1120 4850 1324 4888 rursum
1357 4836 1422 4889 de
1450 4837 1654 4891 dieillo
1675 4836 1748 4891 ait
1779 4856 1792 4893 :

212 4915 275 4969 Et
296 4917 598 4972 involvetur
626 4922 820 4975 cmlum
843 4924 980 4975 sicut
1008 4924 1161 4989 liber,
1195 4941 1381 4978 omnes
1402 4929 1571 4981 stella:
1600 4927 1795 4982 cadent

217 5009 354 5061 sicut
402 5010 584 5063 folium
627 5012 693 5065 de
722 5028 754 5067 v
782 5028 898 5067 nea.
928 5014 1064 5069 Ecce
1096 5018 1234 5069 enim
1265 5016 1379 5070 dies
1408 5018 1614 5072 Domini
1646 5020 1794 5072 venit

209 5099 396 5164 plenus
429 5100 607 5155 furore
650 5112 704 5156 et
741 5104 838 5167 ira,
884 5104 949 5156 ad
981 5105 1277 5171 ponendam
1309 5116 1500 5160 terram
1525 5108 1575 5160 in
1604 5109 1793 5162 solitu-

207 5192 404 5260 dinem,
433 5205 487 5247 et
506 5208 815 5263 peccatores
834 5199 947 5266 ejus
962 5202 1316 5254 conterendos
1339 5216 1399 5255 ex
1422 5218 1503 5256 ea.
1527 5204 1789 5271 Quoniam

205 5285 374 5338 stella:
404 5287 527 5339 εαξη
560 5299 612 5339 et
642 5288 894 5354 splendor
922 5305 1104 5343 earum
1132 5305 1236 5343 non
1273 5293 1579 5359 expandeut
1608 5294 1787 5349 lumen

207 5388 381 5427 suum.
417 5376 483 5428 Et
512 5377 949 5433 obtenebrabitur
969 5380 1047 5433 sol
1079 5380 1131 5433 in
1160 5390 1279 5434 ortu
1302 5397 1419 5445 suo,
1445 5394 1496 5436 et
1523 5383 1646 5438 luna
1678 5400 1784 5438 non

202 5469 505 5535 splendebit
535 5471 587 5523 in
614 5471 813 5526 lumine
840 5488 957 5526 suo.
988 5473 1050 5525 Et
1073 5471 1350 5545 quiescere
1380 5472 1571 5528 faciam
1601 5490 1786 5543 super-

202 5556 337 5612 biam
371 5559 691 5625 infidelium,
735 5572 789 5618 et
824 5566 1181 5632 arrogantiam
1227 5562 1439 5618 fortium
1489 5565 1784 5622 bumiliabo
1838 5636 1843 5643 ν

202 5650 331 5719 (ha.
364 5654 509 5725 xm).
539 5658 617 5711 Ac
643 5671 826 5711 rursus
848 5657 922 5713 ait
948 5675 961 5710 ε
993 5657 1079 5713 Va":
1100 5658 1189 5727 qui
1219 5657 1426 5713 trahitis
1446 5655 1780 5728 iniquitatem

203 5742 251 5801 in
295 5744 550 5807 funiculis
598 5749 868 5818 vanitatis,
917 5760 971 5807 et
1014 5749 1165 5818 quasi
1212 5751 1485 5809 vinculum
1534 5752 1780 5823 plaustri,

1902 4650 2087 4718 spicue
2115 4648 2421 4715 declarasti,
2447 4661 2511 4701 ac
2540 4646 2857 4700 horrendam
2884 4645 3019 4698 hanc
3042 4653 3094 4697 et
3119 4642 3486 4696 admirandam

1902 4740 2265 4795 narrationem
2302 4741 2573 4794 luculenta
2624 4738 2866 4792 oratione
2906 4736 3217 4802 complexus
3260 4747 3341 4788 es.
3393 4733 3486 4787 llis

1900 4835 2083 4903 itaque
2114 4833 2268 4887 nobis
2298 4832 2610 4901 propositis,
2643 4831 2768 4900 quid
2803 4830 3013 4884 tandem
3045 4827 3346 4883 faciendum
3379 4834 3485 4890 est,

1899 4936 1957 4980 nt
1984 4942 2045 4979 ea
2076 4924 2338 4993 supplicia
2370 4939 2490 4992 qum
2520 4923 2797 4978 sceleratis
2832 4919 3137 4975 hominibus
3159 4926 3340 4986 parata
3362 4925 3484 4969 sunt

1900 5017 2239 5085 effugiamus,
2272 5030 2335 5069 ac
2358 5013 2626 5085 justorum
2658 5013 2907 5082 gaudium
2945 5006 3378 5077 consequamur?

1976 5107 2274 5176 Respondit
2306 5106 2549 5160 Barlaam
2583 5121 2597 5157 :
2633 5104 2853 5158 Litteris
2880 5101 3050 5156 sacris
3101 5100 3370 5169 proditum
3400 5106 3481 5153 est

1900 5201 2040 5269 (Act.
2077 5204 2157 5269 II),
2182 5200 2322 5270 quod
2353 5216 2473 5253 cum
2496 5198 2705 5261 Petrus,
2726 5196 2813 5264 qui
2845 5194 3205 5263 apostolorum
3231 5194 3480 5262 princeps

1897 5305 2121 5348 vocatus
2151 5302 2256 5359 est,
2290 5292 2498 5360 plebem
2523 5290 2765 5344 doctrina
2799 5288 3110 5354 instrueret,
3136 5292 3298 5342 corde
3324 5301 3478 5341 com-

1896 5387 2081 5456 puncti
2112 5394 2257 5450 sunt,
2287 5382 2734 5454 quemadmodum
2778 5380 2984 5436 scilicet
3030 5389 3085 5434 tu
3138 5392 3351 5447 quoque
3377 5379 3477 5432 ho-

1892 5480 2083 5533 dierno
2132 5477 2240 5531 die.
2288 5474 2525 5544 Curaque
2554 5473 2819 5529 dixissent
2852 5491 2865 5528 :
2896 5471 3034 5539 Quid
3064 5470 3356 5526 faciemus?
3378 5471 3474 5525 Pe-

1890 5579 2008 5626 trus
2036 5570 2103 5624 ad
2136 5584 2230 5625 eos
2260 5568 2392 5623 dixit
2425 5582 2441 5623 :
2477 5567 2858 5623 Paenitentiam
2895 5566 3057 5637 agite,
3090 5573 3146 5621 et
3174 5562 3475 5632 baptizatur

1889 5661 2258 5731 unusquisque
2284 5667 2522 5714 vestrum
2547 5659 2601 5714 in
2624 5659 2999 5715 remissionem
3030 5665 3395 5727 peccatorum,
3416 5659 3473 5706 et

1889 5751 2165 5825 accipietis
2187 5750 2388 5808 donum
2413 5748 2649 5822 Spiritus
2668 5750 2863 5808 sancti.
2890 5748 3058 5807 Vobis
3076 5748 3224 5833 (enim
3246 5753 3329 5802 est
3350 5754 3471 5812 pro-
