4010 6280
514 346 615 399 4⁵9

1587 341 1673 395 DE
1716 341 1899 397 VITIS
1939 335 2223 394 PATRUM
2264 333 2469 389 LIBER
2513 331 2783 389 PRIMUS.

3690 336 3800 391 880

517 458 725 521 missio,
775 464 831 511 et
884 455 1005 509 ﬁliis
1035 455 1250 520 vestris,
1284 464 1338 510 et
1361 455 1609 509 omnibus
1639 454 1731 524 qui
1768 455 1925 524 longe
1953 461 2101 519 sunt,
2133 456 2182 512 Λ
2211 448 2495 519 excepisti,
2530 463 2592 504 ac
2632 448 2862 504 libenter
2907 447 3143 513 audiisti,
3203 446 3333 502 nihil
3383 461 3447 502 ex
3478 446 3558 501 eis
3588 443 3801 504 einolu-

520 564 871 620 quoscunque
915 549 1256 601 advocaverit
1300 548 1562 601 Dominus
1608 547 1747 601 Deus
1788 554 1988 601 noster.
2022 547 2099 599 En

515 640 678 709 igitur
726 638 843 703 ipse
892 636 1275 690 misericordiae
1327 652 1441 691 sua:
1487 638 1701 691 divitias
1732 638 1782 690 in
1814 646 1865 690 te
1892 634 2098 701 ell'udit,

518 741 675 799 teque
701 730 789 798 qui
822 731 1004 781 animo
1033 743 1093 781 ac
1125 729 1398 781 voluntate
1428 729 1610 796 procul
1653 730 1721 783 ab
1771 744 1836 782 eo
1882 728 2102 783 dissitus

521 836 664 887 cras,
700 833 752 874 et
781 821 989 884 alienis,
1020 836 1123 871 non
1147 818 1318 871 dicam
1346 819 1471 882 diis,
1494 819 1585 871 sed
1616 819 1884 887 pestiferis
1905 820 2104 872 daemo-

521 911 698 973 nibus,
730 921 782 963 et
812 912 986 963 surdis
1015 924 1078 962 ac
1107 924 1297 963 sensus
1352 905 1658 977 expertibus
1689 910 1877 962 statuis
1903 908 2102 963 cultutn

521 1001 843 1065 adhibebas,
876 1001 1088 1053 accivit.
1122 1000 1385 1065 Quocirca
1416 1010 1539 1053 ante
1570 999 1747 1052 omnia
1775 1000 1839 1052 ad
1872 1014 1993 1053 eum
2016 1000 2105 1067 qui

526 1104 579 1147 te
604 1093 810 1145 vocavit
835 1093 1057 1153 accede,
1088 1106 1117 1143 a
1145 1107 1249 1160 quo
1278 1108 1459 1145 veram
1493 1101 1599 1145 tam
1633 1107 1818 1146 corum
1843 1108 1959 1158 quae
1986 1107 2107 1145 ocu-

524 1183 589 1235 lis
611 1192 922 1245 reruuntur,
968 1198 1128 1249 quam
1157 1198 1275 1251 qum
1304 1184 1372 1236 ab
1398 1183 1677 1237 oculorum
1706 1198 1868 1238 sensu
1900 1193 2105 1238 remota

525 1283 671 1339 sunt,
702 1274 1062 1343 cognitionem
1091 1277 1459 1343 consequeris.
1491 1276 1641 1342 Quod
1674 1276 1719 1329 si
1758 1288 2104 1346 posteaquam

528 1378 748 1417 vocatus
776 1381 834 1419 es
865 1367 1124 1419 accedere
1154 1382 1397 1432 recusas,
1431 1379 1521 1420 aut
1552 1382 1731 1421 moras
1756 1368 2108 1437 nectis,justo

526 1453 616 1508 Dei
644 1454 850 1522 judicio
871 1455 1116 1509 exhaercs
1147 1457 1278 1519 eris,
1320 1473 1383 1511 ac
1414 1458 1802 1527 repudiaberis,
1850 1460 1968 1525 quia
1992 1459 2108 1527 ipse

527 1547 846 1616 repudiasti.
879 1548 956 1599 Ad
984 1548 1122 1601 hunc
1148 1549 1289 1601 enim
1336 1550 1550 1603 modum
1580 1551 1708 1618 {ipse
1737 1566 1946 1619 quoque
1978 1567 2107 1619 apo-

526 1638 693 1691 stolus
727 1639 916 1691 Petrus
944 1638 1010 1691 ad
1044 1640 1329 1703 quemdam
1360 1641 1681 1709 discipulum
1738 1643 1872 1694 dixit
1903 1659 1916 1694 :
1948 1642 1968 1662 "
1998 1644 2109 1714 Ego

526 1740 701 1784 autem
729 1731 894 1783 credo
926 1731 1064 1796 quod
1098 1740 1150 1785 et
1180 1732 1460 1785 obedivisti
1493 1732 1784 1798 vocationi,
1834 1744 1886 1788 et
1932 1735 2109 1789 adhuc

523 1820 786 1874 sincerius
813 1821 1091 1886 obediens,
1146 1837 1363 1876 crucem
1399 1823 1575 1889 tolles,
1609 1824 1883 1891 Deumque
1912 1840 1976 1880 ac
2006 1826 2104 1878 Do-

529 1913 730 1965 minum
766 1922 815 1968 te
845 1924 1127 1967 vocantem
1154 1916 1417 1983 sequeris,
1465 1933 1555 1986 qui
1586 1928 1637 1970 te
1667 1933 1695 1968 a
1737 1927 1912 1972 morte
1943 1918 2006 1971 ad
2039 1922 2114 1972 vi-

529 2014 660 2066 tam,
686 2014 737 2058 et
769 2021 797 2057 a
830 2006 1069 2059 tenebris
1096 2007 1162 2058 ad
1224 2006 1395 2061 lucem
1439 2008 1647 2062 invitat.
1696 2008 1827 2061 Nam
1876 2010 2116 2078 profecto

532 2094 626 2147 Dei
657 2095 939 2164 ignoratio,
973 2097 1167 2150 anima:
1196 2098 1368 2165 caligo
1395 2113 1458 2151 ac
1488 2114 1631 2152 mors
1663 2111 1775 2165 est;
1820 2110 1871 2154 et
1897 2103 2117 2155 simula-

529 2198 617 2236 cra
668 2186 847 2240 colere
900 2186 967 2239 ad
1022 2196 1226 2241 natura:
1281 2189 1524 2255 exitium,
1583 2192 1869 2246 auentiam
1899 2207 2113 2248 omnem

530 2275 758 2331 excedh.
864 2262 866 2266 ’

598 2364 741 2431 Quos
772 2368 984 2434 quidem
1019 2369 1262 2423 homines
1292 2372 1503 2424 cuinam
1538 2373 1614 2426 rei
1650 2374 1854 2427 similes
1879 2389 1998 2428 esse
2026 2375 2116 2428 di-

524 2455 680 2506 cam?
703 2464 757 2508 et
782 2473 1009 2525 quanam
1046 2461 1279 2527 imagine
1303 2477 1487 2515 eorum
1512 2464 1862 2517 stoliditatem
1915 2466 2007 2520 tibi
2047 2467 2117 2520 ob

523 2544 711 2596 oculos
738 2548 965 2612 ponam?
996 2549 1098 2601 Sed
1132 2559 1309 2603 tamen
1359 2553 1668 2618 exemplum
1723 2553 1991 2622 quoddam
2023 2558 2114 2611 tibi

524 2648 839 2702 proponam,
874 2639 1011 2705 quod
1047 2640 1173 2691 mihi
1204 2656 1232 2693 a
1265 2641 1377 2695 viro
1403 2644 1630 2710 quodam
1657 2660 1865 2699 summa
1897 2649 2105 2716 sapien-

532 2726 603 2777 tia
634 2727 860 2793 praedito
891 2742 1364 2786 commemoratum
1390 2744 1491 2787 est.
1524 2735 1713 2789 Aiebat
1746 2739 1913 2807 enim,
1948 2742 2117 2795 simu-

538 2815 805 2871 lacrorum
830 2820 1066 2876 cultores
1096 2826 1286 2892 aucupi
1309 2827 1514 2880 similes
1540 2842 1681 2897 esse,
1708 2831 1797 2897 qui
1820 2846 1938 2885 cum
1958 2832 2119 2887 lusci-

535 2906 704 2970 niam,
738 2912 1079 2981 perexiguam
1130 2917 1415 2981 aviculam,
1477 2920 1733 2985 cepisset,
1779 2921 2118 2993 gladiumque

534 2997 849 3065 arripuisset
874 3010 932 3055 ut
961 3018 1076 3056 eam
1107 3003 1378 3073 jugularet
1409 3023 1471 3061 ac
1519 3010 1848 3076 comederet,
1880 3029 1960 3079 ea,
1991 3029 2119 3069 con-

536 3102 683 3141 cessa
714 3090 815 3144 sibi
866 3095 1141 3147 articulata
1175 3111 1326 3160 vore,
1354 3098 1418 3150 ad
1451 3114 1711 3167 aucupem
1743 3102 1876 3156 dixit
1911 3121 1921 3156 :
1955 3104 2117 3171 Quid-

536 3193 680 3245 nam,
715 3195 747 3233 ο
775 3181 958 3247 homo,
988 3199 1051 3238 ex
1084 3202 1199 3240 mea
1231 3203 1361 3242 nece
1384 3190 1447 3242 ad
1476 3199 1528 3243 te
1556 3192 1796 3246 utilitatis
1823 3195 2115 3250 rediturum

532 3271 648 3324 est?
677 3288 848 3342 neque
873 3275 1016 3329 enim
1044 3293 1138 3345 per
1165 3296 1249 3331 me
1278 3291 1523 3336 ventrem
1563 3296 1708 3339 tuum
1759 3288 1976 3356 explere
2025 3308 2117 3357 po.

534 3363 685 3416 teris.
717 3369 783 3418 At
812 3369 853 3417 si
878 3382 963 3420 me
991 3369 1219 3422 vinculis
1248 3370 1706 3439 liberaveris,tria
1733 3388 1994 3447 prmcepta
2019 3381 2117 3435 tibi

530 3453 737 3506 tradam
772 3471 784 3507 :
813 3457 1004 3523 quibus
1052 3459 1097 3511 si
1130 3462 1393 3527 parueris,
1425 3465 1630 3532 magnis
1674 3482 1768 3534 per
1796 3482 2008 3523 omnem
2040 3470 2118 3523 vi-

537 3557 643 3600 tam
669 3553 965 3605 commodis
992 3554 1373 3612 afﬁcieris.llle
1391 3570 1567 3614 autem
1592 3577 1654 3617 ex
1680 3564 1843 3632 ipsius
1869 3582 2117 3624 sermone

531 3638 888 3697 admiratione
913 3655 1234 3709 commotus,
1268 3665 1387 3721 sese
1435 3651 1694 3708 facturum
1724 3660 1950 3727 recepit,
1986 3668 2042 3713 ut
2072 3661 2114 3713 si

530 3745 724 3784 novum
781 3733 978 3802 aliquid
1037 3737 1104 3791 ab
1154 3753 1214 3791 ea
1255 3740 1485 3805 audiret,
1512 3746 1692 3798 statim
1725 3763 1841 3801 eam
1872 3751 2117 3806 libertate

532 3821 778 3887 donaret,
804 3839 867 3878 ac
890 3826 1105 3888 missam
1130 3829 1349 3885 laceret.
1366 3830 1636 3888 Conversa
1663 3839 1842 3907 itaque
1865 3841 2111 3908 luscinia,

535 3912 735 3965 homini
767 3914 879 3967 ait:
914 3916 1193 3986 Nunquam
1228 3936 1340 3976 rem
1391 3938 1548 3991 quam
1593 3931 1846 3998 consequi
1881 3948 2115 4001 nequeas

530 4006 838 4071 aggredere.
868 4007 1148 4078 Nunquam
1184 4014 1260 4065 rei
1294 4018 1580 4080 prtcterita:
1624 4030 1675 4073 te
1708 4024 1986 4087 poeniteat.
2020 4026 2115 4081 Rei

534 4091 832 4148 ineredibili
858 4113 1127 4166 nunquam
1152 4101 1309 4155 ﬁdem
1341 4105 1555 4161 adhibe.
1586 4108 1711 4164 llam
1741 4113 1838 4165 tria
1866 4116 2114 4171 mandata

528 4198 702 4247 serva,
732 4186 893 4256 26a.
922 4198 976 4242 et
1007 4193 1261 4257 prteclare
1302 4206 1474 4250 tecum
1528 4210 1734 4269 agetur.
1786 4204 1882 4259 Ille
1934 4220 2116 4262 autem

532 4275 721 4331 horum
751 4281 1035 4336 verborum
1060 4288 1400 4354 sagacitatem
1426 4308 1489 4346 ac
1513 4296 1849 4361 prudentiam
1882 4302 2114 4356 admira-

537 4374 641 4429 tus,
666 4383 781 4422 eam
816 4374 1040 4427 vnculis
1064 4377 1290 4430 solutam
1325 4380 1376 4433 in
1408 4397 1587 4437 aerem
1620 4388 1818 4442 emisit.
1862 4391 2114 4448 Luscinia

533 4455 711 4522 itaque
742 4460 1035 4526 periculum
1070 4464 1248 4520 facere
1291 4470 1514 4537 cupiens
1558 4489 1623 4527 an
1680 4477 1772 4531 ille
1822 4481 2111 4537 verborum

528 4560 713 4601 eorum
741 4565 860 4619 qua:
892 4554 1134 4609 audierat
1163 4560 1270 4611 vim
1301 4561 1853 4638 intellexisset,atque
1880 4572 2112 4631 aliquam

533 4653 596 4692 ex
629 4640 760 4709 ipsis
791 4643 1075 4699 utilitatem
1124 4654 1474 4722 percepisset,
1512 4672 1605 4725 per
1634 4674 1814 4715 aerem
1862 4665 2113 4733 volitans,

525 4728 591 4782 ad
619 4746 739 4784 eum
768 4734 904 4787 dixit
933 4751 947 4787 :
981 4736 1153 4792 Proh!
1189 4758 1345 4810 quam
1378 4745 1507 4799 nihil
1547 4760 1630 4803 est
1662 4751 1714 4803 in
1741 4760 1792 4806 te
1818 4756 2044 4822 consilii,
2082 4728 2115 4813 o

528 4818 724 4874 homo!
758 4824 969 4890 qualem
995 4827 1305 4885 thesaurum
1340 4833 1498 4890 hodie
1529 4840 1791 4895 amisisti!
1824 4844 1918 4898 Est
1944 4818 2116 4916 siqui-

522 4906 644 4961 dem
676 4909 728 4964 in
752 4914 884 4968 meis
913 4917 1211 4975 visceribus
1239 4925 1386 4989 unio,
1440 4929 1759 4986 struthionis
1799 4949 1959 4990 ovum
1997 4906 2116 4993 mao

523 4998 803 5064 gnitudine
855 5006 1148 5063 excedens.
1197 5012 1326 5075 Quae
1359 5024 1414 5066 ut
1477 5015 1564 5069 ille
1603 5021 1826 5085 audivit,
1878 5040 2110 5083 maerore

527 5091 877 5147 conturbatus
909 5106 1009 5160 est,
1040 5114 1274 5168 eumque
1301 5104 1550 5170 ptenituit
1597 5110 1737 5176 quod
1797 5113 2015 5169 luscinia
2045 5134 2110 5173 ex

529 5176 699 5243 ipsius
744 5187 992 5241 manibus
1043 5190 1337 5260 effugisset.
1380 5198 1554 5266 Atque
1583 5215 1698 5255 eam
1733 5219 1946 5260 rursum
1976 5210 2112 5265 arri-

527 5283 657 5335 pere
710 5281 941 5339 tentans,
991 5278 1126 5333 dixit
1176 5299 1191 5337 :
1238 5282 1391 5349 Veni.
1424 5303 1622 5357 quaeso,
1667 5293 1717 5348 in
1751 5296 1895 5352 mdes
1926 5315 2107 5367 meas;

525 5373 686 5432 atque
716 5367 802 5422 ubi
839 5373 1094 5438 praclare
1123 5386 1177 5430 et
1204 5377 1509 5437 humaniter
1537 5400 1564 5436 a
1598 5401 1685 5442 me
1730 5404 1947 5461 accepta
1998 5396 2111 5450 fite-

528 5458 623 5523 ris,
648 5458 935 5517 honoriﬁce
958 5473 1009 5518 te
1026 5467 1571 5530 dimittam.Luscinia
1596 5490 1773 5536 autem
1804 5458 1903 5553 ipsi
1932 5486 2066 5541 dixit
2094 5506 2107 5541 :

526 5546 675 5601 Nunc
700 5551 854 5618 plane
880 5566 931 5610 te
960 5557 1210 5615 stolidum
1240 5577 1302 5617 ac
1344 5569 1627 5625 vecordem
1659 5589 1778 5630 esse
1810 5546 1941 5633 scio.
1976 5579 2106 5635 Nam

527 5653 879 5711 posteaquam
907 5662 968 5703 ea
1000 5666 1119 5720 qum
1142 5653 1206 5706 ad
1240 5664 1291 5710 te
1318 5656 1455 5712 dicta
1499 5674 1623 5718 sunt
1655 5680 1902 5737 prompto
1930 5676 2109 5729 animo

2204 544 2370 597 menti
2397 551 2718 597 consecutus
2751 555 2829 596 es.
2865 541 3132 597 Admonui
3164 544 3307 595 enim
3342 552 3415 602 te.
3451 558 3518 595 ne
3565 541 3636 595 ob
3680 558 3799 597 rem

2205 633 2530 700 praeteritam
2590 633 2899 701 pmnitentia
2951 633 3257 697 ducereris;
3310 642 3364 687 et
3402 648 3530 687 ecce
3563 648 3800 689 maerore

2205 724 2557 777 conturbatus
2590 739 2669 789 es,
2704 734 2987 792 propterea
3018 726 3157 793 quod
3189 740 3219 779 e
3244 725 3490 779 manibus
3537 725 3645 778 tuis
3677 725 3799 796 fuga

2206 832 2290 870 me
2311 816 2683 881 subduxerim,
2715 817 3027 883 pcenitentia
3058 817 3309 870 videlicet
3334 816 3406 870 ob
3445 832 3561 871 rem
3594 828 3793 885 priete-

2207 908 2362 962 ritam
2395 907 2639 962 alTectus.
2696 909 2932 975 Praecepi
2981 910 3075 963 tibi
3110 925 3177 963 ne
3203 924 3264 963 ea
3294 924 3411 978 qua:
3444 908 3662 977 assequi
3693 923 3796 962 non

2206 1013 2394 1067 posses
2422 999 2816 1067 aggredereris,
2847 1009 2901 1052 et
2933 1009 3108 1052 tamen
3158 1001 3397 1068 arripere
3449 1015 3536 1054 me
3560 1001 3795 1063 conaris,

2208 1105 2327 1145 cum
2360 1091 2460 1145 iter
2484 1106 2659 1144 meum
2693 1092 2903 1159 assequi
2934 1106 3189 1160 nequeas.
3211 1091 3289 1144 Ad
3322 1095 3436 1145 litec
3469 1091 3518 1145 id
3542 1090 3796 1159 quodque

2217 1180 2309 1234 tibi
2337 1179 2507 1245 edixi,
2542 1196 2608 1234 ne
2636 1180 2935 1234 incredibili
2969 1181 3204 1235 sermoni
3228 1181 3383 1235 ﬁdem
3411 1196 3715 1249 arrogares,
3743 1190 3800 1236 et

2211 1280 2391 1324 tamen
2412 1271 2463 1323 in
2490 1272 2787 1324 visceribus
2821 1271 2952 1324 meis
2981 1272 3229 1326 unionem
3261 1282 3478 1326 statura:
3520 1286 3655 1325 mea:
3681 1285 3800 1325 mo-

2211 1362 2338 1415 dum
2388 1362 2738 1416 excedentem
2774 1362 2946 1415 inesse
2978 1356 3287 1427 credidisti;
3336 1377 3508 1430 neque
3535 1362 3798 1416 tantulum

2214 1453 2308 1508 tibi
2343 1453 2639 1520 prudentiae
2668 1452 2791 1516 fuit,
2819 1463 2875 1506 ut
2906 1453 3237 1521 intelligeres
3278 1468 3363 1507 me
3412 1463 3578 1507 telam
3618 1454 3686 1507 ad
3715 1456 3801 1509 ovi

2212 1542 2529 1595 struthionis
2559 1543 2981 1609 magnitudinem
3012 1542 3234 1597 minime
3262 1544 3541 1598 accedere.
3560 1544 3800 1611 Quonam

2219 1628 2403 1697 itaque
2434 1640 2585 1699 pacto
2618 1638 2820 1684 tantum
2855 1633 3109 1687 unionem
3136 1634 3512 1702 corpusculum
3538 1634 3680 1688 istud
3708 1650 3804 1690 ca-

2216 1728 2363 1786 peret
2382 1719 2407 1770 ἲ

2142 1818 2183 1874 Β
2281 1808 2360 1860 Ad
2390 1807 2531 1862 hunc
2554 1809 2711 1877 igitur
2729 1810 2943 1863 modum
2971 1811 3045 1864 illi
3066 1826 3279 1881 quoque
3302 1812 3353 1865 in
3378 1828 3583 1867 summa
3615 1814 3802 1869 stulti-

2220 1897 2288 1952 tia
2320 1910 2620 1966 versantur,
2665 1902 2753 1968 qui
2806 1902 2859 1954 in
2906 1902 3214 1956 simulacris
3246 1903 3542 1958 conﬁdunt.
3572 1905 3705 1959 Nam
3736 1920 3804 1960 ea

2220 1992 2465 2045 manibus
2490 1992 2602 2046 suis
2633 1992 2950 2057 effecerunt,
2980 2002 3034 2047 et
3075 2010 3237 2064 Opera
3267 1996 3551 2066 digitorum
3579 2012 3809 2053 suorum

2216 2084 2462 2146 adorant,
2519 2083 2796 2137 dicentes:
2831 2084 2894 2137 Hi
2940 2085 3164 2152 opiﬁces
3215 2088 3383 2140 nostri
3428 2097 3572 2142 sunt.
3611 2090 3714 2154 Qui
3748 2090 3812 2144 ﬁt

2218 2171 2376 2238 igitur
2399 2180 2455 2225 ut
2477 2186 2571 2225 eos
2599 2186 2736 2240 quos
2757 2172 3053 2227 eﬁ'ecerunt
3080 2184 3133 2227 et
3161 2175 3539 2241 condiderunt,
3584 2178 3813 2247 epiﬁces

2218 2275 2342 2313 suos
2372 2273 2491 2313 esse
2522 2260 2809 2314 censeant?
2839 2262 2975 2327 Quin
3003 2263 3161 2315 etiam
3208 2278 3328 2318 cum
3356 2281 3415 2319 ea
3449 2280 3643 2335 magno
3688 2277 3808 2321 slu-

2218 2351 2306 2403 dio
2327 2349 2652 2415 custodiant,
2680 2367 2746 2404 ne
2767 2366 2797 2404 a
2829 2350 3039 2407 furibus
3071 2354 3458 2421 subripiantur,
3508 2367 3686 2412 tamen
3714 2373 3809 2411 sa-

2220 2442 2344 2496 lutis
2374 2457 2485 2497 suae
2514 2443 2767 2497 custodes
2789 2454 3124 2512 nuncupant.
3170 2449 3350 2516 Atqui,
3384 2466 3502 2518 qua:
3532 2450 3645 2505 hmo
3669 2451 3809 2505 stul-

2222 2533 2334 2585 titia
2356 2544 2460 2598 est,
2494 2534 2637 2586 illud
2659 2550 2762 2587 non
2796 2533 3094 2605 intelligere
3125 2536 3235 2591 ﬁeri
3270 2552 3375 2592 non
3408 2553 3585 2607 posse,
3633 2549 3690 2593 ut
3717 2542 3811 2609 qui

2221 2621 2321 2675 sibi
2357 2622 2487 2690 ipsis
2509 2638 2663 2691 opem
2691 2626 2829 2679 ferre
2855 2639 2917 2679 ac
2936 2640 2995 2679 se
3026 2627 3161 2680 tueri
3186 2638 3484 2695 nequeunt,
3513 2631 3645 2683 alios
3668 2632 3813 2686 tueri

2220 2724 2283 2764 ac
2307 2727 2523 2766 servare
2547 2715 2790 2782 possint?
2816 2717 2889 2769 Ac
2920 2726 3179 2784 praeterea
3202 2733 3333 2784 opes
3356 2734 3482 2772 SttaS
3504 2720 3809 2785 effundunt,

2221 2802 2346 2855 dum
2364 2812 2569 2857 statuas
2595 2817 2645 2858 et
2664 2806 2948 2860 simulacra
2971 2807 3304 2865 dxi-menibus
3321 2812 3580 2872 excitant,
3610 2827 3813 2877 eosque

2222 2897 2483 2951 bonorum
2530 2898 2564 2951 d
2584 2908 2747 2952 atores
2798 2915 2917 2953 esse
2945 2911 3230 2969 negantur,
3275 2908 3343 2956 ab
3372 2904 3434 2957 iis
3463 2920 3524 2958 ea
3554 2906 3656 2959 sibi
3687 2906 3811 2961 dari

2222 3004 2341 3054 qua:
2372 3004 2472 3044 nec
2501 2991 2604 3058 ipsi
2635 3008 2867 3060 unquam
2895 2993 3213 3060 habuerunt,
3252 3011 3349 3049 nec
3398 3012 3630 3064 unquam
3662 2998 3815 3051 habi-

2222 3080 2323 3134 turi
2356 3092 2500 3134 sunt.
2532 3083 2714 3152 quue
2743 3086 2958 3137 nomine
3012 3086 3269 3154 scriptum
3300 3097 3382 3141 est
3418 3104 3430 3139 ς
3461 3088 3679 3142 Similes
3707 3088 3815 3142 i|.is

2224 3170 2374 3235 ﬁant,
2405 3172 2494 3239 qui
2527 3172 2726 3227 faciunt
2755 3188 2838 3236 ea,
2873 3182 2927 3229 et
2949 3190 3137 3229 omnes
3168 3177 3253 3245 qui
3300 3177 3583 3233 conﬁdunt
3629 3180 3682 3234 in
3728 3181 3816 3235 eis

2220 3260 2398 3329 (l’sal.
2427 3262 2606 3333 cxtn).
2634 3265 2730 3327 Qui
2754 3266 2967 3332 quidem
2990 3267 3218 3322 auriﬁce
3258 3270 3507 3324 mercede
3548 3271 3815 3327 conducto

2220 3356 2576 3408 simulacrum
2608 3371 2767 3409 manu
2786 3357 3104 3422 eliecerunt,
3124 3376 3186 3415 ac
3206 3377 3372 3430 prono
3391 3378 3616 3431 corpore
3640 3368 3814 3432 ipsum

2219 3443 2531 3498 adorarunt.
2566 3446 2819 3501 llumeris
2850 3450 2977 3503 illud
3010 3452 3203 3505 tollunt
3249 3467 3313 3507 ac
3362 3456 3811 3522 proﬁciscuntur;

2218 3538 2260 3589 si
2289 3546 2465 3590 autem
2492 3538 2663 3605 ipsum
2699 3542 2905 3609 uspiam
2935 3546 3271 3613 collocarint,
3315 3548 3424 3603 illic
3472 3560 3679 3617 manet,
3716 3567 3817 3606 nec

2226 3631 2431 3682 moveri
2458 3640 2652 3698 potest.
2683 3632 2751 3687 Et
2773 3636 3167 3702 quantumlibet
3192 3639 3312 3707 quis
3340 3638 3443 3707 ipsi
3473 3643 3810 3707 clamaverit,

2219 3732 2325 3771 non
2372 3722 2646 3790 exaudiet,
2702 3740 2800 3777 nec
2855 3742 2922 3779 ex
2967 3729 3365 3785 calamitatibus
3416 3747 3540 3785 eum
3594 3735 3808 3801 eripiet.

2220 3812 2583 3876 Quamobrem
2607 3812 3010 3872 confundantur
3038 3820 3127 3888 qui
3172 3821 3225 3874 in
3271 3821 3609 3891 sculptilibus
3649 3826 3814 3879 conli-

2217 3904 2352 3957 dunt
2383 3922 2399 3959 :
2431 3918 2481 3959 et
2509 3907 2599 3976 qui
2629 3909 2815 3963 dicunt
2865 3910 2929 3964 iis
2976 3927 3096 3981 qua:
3137 3914 3364 3968 conﬂata
3398 3928 3524 3969 sunt
3556 3934 3570 3969 :
3609 3917 3716 3972 Vos
3740 3918 3811 3972 dii

2224 3997 2395 4051 nostri
2418 3998 2567 4052 estis.
2598 3998 3019 4056 lmmolaverunt
3062 4005 3204 4057 enim
3258 4004 3563 4073 daemoniis,
3615 4018 3668 4061 et
3708 4024 3815 4063 non

2221 4088 2351 4152 Deo,
2401 4089 2504 4143 diis
2545 4106 2679 4159 quos
2730 4094 3065 4161 ignorabant.
3099 4095 3231 4149 Novi
3263 4110 3619 4167 recentesque
3644 4115 3811 4155 vene-

2220 4195 2364 4249 runt,
2389 4199 2526 4253 quos
2556 4202 2659 4239 non
2687 4189 2971 4246 coluerunt
3014 4200 3197 4259 patres
3253 4208 3463 4246 eorum.
3522 4192 3813 4248 cheratio

2217 4274 2359 4327 enim
2391 4290 2643 4343 perversa
2668 4289 2770 4345 est,
2826 4295 2925 4334 nec
2958 4281 3067 4349 jam
3109 4281 3243 4337 ﬁdes
3288 4284 3419 4351 ipsis
3450 4284 3591 4337 inest
3619 4272 3802 4338 (Deut.

2220 4364 2420 4435 xxxu).

2293 4478 2367 4533 Ex
2402 4481 2501 4534 hac
2545 4480 2703 4552 igitur
2756 4499 3007 4553 perversa
3032 4493 3087 4541 et
3133 4485 3404 4541 incredula
3450 4486 3808 4555 generatione

2220 4567 2480 4623 Dominus
2531 4579 2582 4625 te
2624 4582 2802 4636 vocat,
2837 4573 2918 4628 his
2950 4576 3132 4631 verbis
3163 4588 3315 4631 utens
3353 4596 3367 4630 :
3404 4576 3500 4630 Exi
3528 4577 3597 4631 de
3630 4580 3811 4632 medio

2220 4676 2432 4725 eorum,
2458 4676 2521 4717 ac
2551 4677 2826 4733 separare,
2850 4674 2905 4721 et
2933 4668 3264 4723 immundum
3308 4670 3413 4723 noli
3442 4677 3686 4738 tangere,
3715 4686 3811 4725 ve-

2220 4766 2336 4804 rum
2371 4768 2398 4805 a
2429 4754 2777 4822 generatione
2805 4758 2902 4811 hac
2931 4773 3180 4827 perversa
3214 4772 3265 4816 te
3287 4761 3435 4830 eripe
3457 4760 3645 4831 (Num.
3674 4763 3807 4832 xvr).

2221 4843 2393 4915 Surge
2420 4855 2474 4899 et
2500 4848 2739 4910 ambula,
2770 4852 3017 4918 quianon
3044 4852 3209 4908 habes
3240 4854 3326 4909 hic
3350 4856 3587 4925 requiem
3613 4856 3806 4926 (Mich.

2219 4934 2303 5006 ιι).
2330 4937 2538 4991 Etenim
2566 4939 2841 5009 multiplex
2874 4944 3119 5011 deorum,
3149 4946 3240 5015 qui
3288 4960 3319 4999 a
3348 4948 3500 5002 vobis
3530 4950 3804 5015 coluntur,

2217 5028 2547 5097 principatus
2580 5042 2944 5100 praeposterus
2971 5045 3074 5099 est,
3096 5047 3292 5090 etcum
3326 5039 3552 5093 dissidlo
3582 5040 3808 5111 conjun-

2219 5128 2357 5185 ctus,
2408 5130 2568 5189 atque
2612 5122 2900 5193 ejusmodi,
2950 5128 3040 5195 qui
3093 5129 3243 5183 nullo
3300 5130 3461 5185 modo
3510 5132 3807 5187 consistere

2218 5221 2396 5277 queat.
2425 5214 2581 5282 Apud
2615 5230 2712 5269 nos
2738 5227 2918 5271 autem
2951 5233 3056 5272 non
3102 5229 3233 5274 sunt
3260 5222 3333 5276 dii
3376 5222 3549 5288 multi,
3577 5237 3677 5278 nec
3706 5224 3804 5276 Do-

2227 5304 2354 5358 mini
2388 5308 2563 5373 multi,
2592 5323 2775 5362 verum
2806 5325 2942 5363 unus
2974 5311 3114 5365 Deus
3160 5311 3336 5375 Pater;
3372 5330 3435 5367 ex
3468 5329 3574 5383 quo
3601 5318 3802 5380 omnia,

2218 5404 2272 5448 et
2304 5413 2399 5450 nos
2431 5397 2483 5451 in
2530 5398 2735 5467 ipsum;
2763 5410 2816 5453 et
2846 5416 2983 5455 unus
3014 5402 3273 5458 Dominus
3321 5405 3479 5460 Jesus
3535 5408 3804 5473 Christus,

2219 5502 2313 5556 per
2344 5503 2501 5556 quem
2533 5491 2736 5559 omnia,
2770 5502 2820 5545 et
2851 5507 2948 5545 nos
2978 5508 3070 5561 per
3102 5494 3273 5562 ipsum
3309 5501 3369 5567 (Ι
3385 5497 3505 5552 Cor.
3531 5500 3668 5569 vni),
3714 5514 3801 5566 qtu

2216 5590 2296 5634 est
2343 5581 2519 5649 imago
2549 5580 2643 5636 Dei
2694 5582 2992 5648 invisibilis,
3026 5591 3406 5656 primogenitus
3438 5588 3615 5643 omnis
3643 5605 3799 5644 crea-

2219 5682 2372 5738 turze,
2405 5681 2459 5728 et
2484 5671 2722 5728 omnium
2746 5674 3361 5747 saeculoruui,quoniam
3390 5679 3442 5735 in
3474 5680 3592 5749 ipso
3620 5692 3801 5737 creata

595 5760 610 5781 '
658 5756 782 5814 llaec
824 5775 887 5817 ex
934 5764 1068 5821 libro
1113 5767 1341 5837 quodam
1394 5776 1699 5845 apocrypho
1754 5796 1962 5853 smnpta
2021 5787 2285 5842 videntur.
