4010 6234
235 324 325 377 481
668 317 826 371 VITA
867 311 1288 371 SANCTORUM
1330 306 1656 363 BARLAAM
1698 302 2030 359 EREMITIE
2074 305 2157 359 ET
2196 304 2547 360 JUSAPUAT
2590 304 2803 359 INDIIE
2844 306 3056 361 REGIS.

3390 308 3496 365 482

233 444 348 490 sum
374 430 578 496 omnia,
610 438 716 482 iam
741 443 859 494 qua:
891 426 943 479 in
993 424 1143 479 coalis
1184 438 1339 491 quam
1390 435 1508 489 quae
1540 420 1592 472 in
1637 427 1802 482 terra,
1834 416 1880 473 A
1910 424 1963 465 et
2003 415 2248 483 gemitus.
2279 415 2427 467 Tune
2455 424 2697 478 erumpet.
2726 414 2873 482 ψιθιί
2908 430 3065 469 mane
3110 416 3286 469 lumen
3322 425 3491 484 tuum,

233 540 332 584 tatu
361 524 593 581 visibilia
624 537 781 589 quam
808 520 1112 578 invisibilia,
1140 517 1252 569 sive
1281 513 1483 576 throni,
1511 512 1620 566 sive
1639 511 1809 564 domi-

236 619 497 679 nationes,
527 616 638 669 sive
669 613 1018 683 principatus,
1046 610 1159 663 sive
1188 614 1475 673 potestates
1499 602 1719 672 (Coloss.
1748 602 1809 670 i).

234 713 414 767 Omnia
451 726 545 777 per
577 711 745 774 ipsum
780 705 911 757 facti
942 711 1087 765 sunt,
1117 709 1171 754 et
1201 700 1316 751 sine
1363 697 1480 764 ipso
1511 694 1707 747 factum
1730 699 1815 747 est

233 803 353 858 nihil
378 803 517 867 quod
553 800 744 852 factum
771 804 851 849 est
873 794 1050 862 (Joan.
1080 793 1150 860 i);
1180 802 1233 845 et
1261 804 1398 843 unus
1426 788 1662 854 Spiritus
1687 802 1813 840 san-

234 905 361 955 ctus,
395 892 449 944 in
477 906 583 958 quo
611 890 811 947 omnia,
835 888 923 953 qui
955 885 1208 937 Dominus
1230 892 1333 945 est,
1361 890 1414 934 et
1444 880 1697 939 viviﬁcat,
1722 876 1812 946 qui

242 983 374 1035 Dcus
404 989 509 1043 est,
545 989 598 1033 et
628 978 960 1031 divinitatem
991 974 1166 1037 affert,
1210 973 1442 1041 Spiiitus
1467 972 1657 1030 boans.
1690 970 1815 1038 Spi-

238 1072 365 1127 ritus
398 1083 601 1130 rcctus,
636 1069 866 1131 Spiritus
891 1066 1200 1133 paraclilus,
1252 1064 1483 1129 Spiritus
1511 1062 1815 1129 adoptionis

238 1148 488 1217 ﬁliorum.
522 1164 716 1215 Hormn
745 1159 1105 1225 unusquisqne
1150 1157 1289 1209 Deus
1317 1166 1417 1217 est,
1451 1154 1495 1207 si
1528 1155 1812 1220 separatim

235 1254 602 1307 Consideretur
637 1269 649 1303 :
679 1261 729 1301 ut
757 1249 934 1310 Pater,
966 1248 1042 1300 sic
1073 1246 1264 1307 Filius;
1293 1255 1349 1297 ut
1378 1245 1566 1310 Filius,
1595 1245 1672 1297 sic
1696 1244 1817 1311 Spi-

234 1347 364 1399 ritus
416 1353 653 1397 sanctus.
702 1342 850 1396 Unus
878 1348 1053 1393 autem
1102 1338 1242 1392 Deus
1270 1338 1321 1390 in
1353 1340 1520 1390 tribus
1547 1338 1812 1403 personis,

246 1452 343 1488 una
376 1450 584 1493 natura.
616 1450 775 1487 unum
808 1448 1053 1500 regnum,
1080 1447 1182 1484 una
1211 1441 1465 1498 potentia,
1497 1446 1597 1483 una
1622 1430 1813 1498 gloria,

238 1542 335 1578 una
370 1526 670 1578 substantia
707 1541 720 1577 :
754 1540 870 1591 qua:
919 1538 1261 1591 personarmn
1292 1533 1497 1575 ratione
1540 1522 1813 1589 dividitur,

238 1614 331 1668 sed
371 1615 592 1668 Deitatis
620 1624 864 1681 reSpectu
896 1627 996 1665 una
1025 1622 1129 1666 εει.
1178 1610 1324 1666 Unus
1350 1611 1492 1663 enim
1522 1619 1607 1665 est
1637 1610 1813 1676 Pater,

237 1706 320 1757 cui
354 1705 633 1772 proprium
681 1714 761 1757 est
789 1702 1024 1771 genitum
1060 1716 1164 1755 non
1190 1716 1331 1756 esse.
1368 1700 1513 1755 Unus
1544 1702 1667 1754 item
1699 1700 1817 1753 uni-

1913 516 1967 560 et
1992 508 2191 559 sanitas
2220 516 2305 559 tua
2334 506 2491 559 citius
2532 507 2755 559 orietur.
2791 508 2853 558 Et
2880 507 3103 558 anteibit
3131 507 3321 562 faciem
3350 518 3494 563 tuam

1909 596 2117 665 justitia
2148 606 2260 662 tua,
2294 607 2347 649 et
2377 597 2539 661 gloria
2576 596 2778 650 Domini
2810 596 3022 663 colliget
3058 604 3128 649 te.
3171 595 3319 649 Tunc
3348 598 3499 650 invo-

1914 685 2083 749 cahis,
2108 696 2159 739 et
2187 687 2437 738 Dominus
2457 686 2748 739 exaudiet:
2773 686 3049 746 clamabis,
3077 694 3131 738 et
3155 682 3207 736 di
3240 696 3293 738 et
3319 703 3329 735 :
3358 684 3498 739 Ecce

1916 778 2100 830 adsum
2130 774 2263 847 (Isa.
2302 776 2471 845 Lvnt).
2504 777 2612 845 Ego
2638 778 2782 830 enim
2820 792 2957 839 sum,
2990 774 3079 845 qui
3109 777 3265 829 deleo
3301 773 3500 844 iniqui-

1919 877 2054 921 tates
2081 877 2216 931 tuas,
2241 880 2292 921 et
2322 884 2425 921 non
2458 871 2817 923 memorabor.
2868 870 2947 923 Tu
2977 885 3104 923 vero
3130 885 3334 923 memor
3358 880 3497 931 esto,

1917 959 2308 1027 etjudicemur.
2360 960 2455 1013 Dic
2499 971 2552 1012 tu
2602 960 2911 1027 iniquitates
2944 971 3083 1025 tuas,
3115 961 3498 1029 utjustiﬁceris

1919 1050 2052 1119 (Iw.
2100 1054 2275 1113 xun).
2340 1052 2395 1106 Si
2446 1051 2644 1105 fuerint
2696 1065 2909 1121 peccata
2962 1064 3048 1106 tua
3096 1064 3157 1108 ut
3201 1056 3497 1118 coccinum,

1918 1145 2068 1213 quasi
2118 1147 2205 1199 nix
2246 1146 2652 1200 dealbabuntur.
2700 1148 2765 1200 Et
2802 1149 2844 1200 si
2903 1149 3098 1202 iuerint
3147 1150 3303 1204 rubra
3346 1151 3499 1217 quasi

1920 1239 2272 1303 vermiculus,
2308 1241 2453 1291 velut
2485 1240 2598 1292 lana
2630 1241 2751 1293 alba
2793 1250 2969 1294 erunt.
3012 1241 3083 1296 Os
3120 1242 3258 1295 enim
3293 1242 3500 1296 Domini

1919 1331 2153 1384 locutum
2184 1342 2262 1384 est
2292 1331 2426 1398 (ha.
2462 1332 2522 1399 ι).

1990 1420 2117 1474 Cu».
2165 1421 2251 1475 XI.
2278 1452 2346 1461 —
2369 1423 2455 1475 Ait
2483 1424 2546 1474 ad
2576 1439 2695 1474 eum
2716 1423 2972 1490 Josnphat
3012 1442 3023 1474 :
3069 1421 3198 1477 llmc
3228 1433 3311 1477 tua
3344 1424 3501 1478 verba

1919 1514 2172 1581 praeclara
2200 1524 2251 1566 et
2277 1513 2583 1566 admiranda
2612 1524 2765 1578 sunt;
2796 1529 2964 1581 eaque
2987 1515 3209 1577 credidi,
3241 1524 3294 1567 et
3316 1515 3500 1578 credo,

1919 1619 2238 1673 omnemque
2271 1605 2533 1657 idolorum
2571 1609 2772 1657 cultum
2812 1620 2878 1658 ex
2919 1605 3098 1657 animo
3128 1605 3215 1657 odi
3254 1621 3317 1658 ac
3355 1605 3502 1659 dete-

1919 1708 2051 1749 sror.
2088 1697 2297 1749 Etenim
2350 1695 2494 1761 prius
2537 1700 2697 1749 etiam
2748 1711 2905 1763 quam
2955 1695 3023 1748 ad
3064 1711 3148 1749 me
3194 1696 3502 1762 accederes,

234 1796 445 1862 genitus
475 1796 665 1859 Filius,
699 1797 783 1849 cui
816 1794 1089 1865 proprium
1120 1793 1458 1862 eglgenilum
1490 1808 1628 1847 esse.
1665 1794 1812 1847 unus
1843 1780 1888 1839 Β
1915 1788 2127 1853 oblique
2154 1786 2545 1854 quodammodo
2572 1800 2633 1840 ac
2652 1786 2961 1841 dubitanter
2990 1802 3115 1855 erga
3145 1802 3203 1840 ea
3226 1786 3502 1841 allicieba-

240 1886 473 1957 denique
518 1888 748 1955 Spiritus
791 1896 1028 1947 sanctus,
1076 1886 1160 1938 cui
1195 1886 1464 1953 proprium
1496 1894 1578 1938 est
1605 1900 1821 1952 proces-

235 1980 401 2034 sisse.
430 1980 518 2034 Sic
543 1981 684 2033 enim
717 1994 814 2032 nos
845 1993 907 2031 ex
942 1977 1162 2040 lumine,
1192 1975 1295 2029 hoc
1325 1986 1405 2030 est
1435 1991 1497 2029 ex
1535 1977 1711 2040 Patre,
1745 1977 1822 2028 lu-

231 2088 385 2137 men,
412 2075 567 2127 idest
598 2073 807 2135 Filium,
842 2072 894 2125 in
942 2072 1145 2126 lumine
1176 2070 1348 2140 (Psal.
1394 2075 1581 2139 xxxv),
1612 2076 1715 2125 hoc
1743 2080 1826 2125 est

232 2164 447 2231 Spiritu
500 2173 705 2229 sancto,
756 2173 1058 2229 cernentes,
1092 2163 1143 2215 in
1179 2162 1346 2215 tribus
1380 2165 1621 2230 personis
1666 2180 1823 2216 unam

235 2254 581 2307 divinitatem
613 2254 767 2307 laude
792 2268 855 2307 ac
881 2254 1047 2322 gloria
1079 2253 1364 2306 allicimus.
1402 2256 1569 2323 Atque
1595 2256 1707 2322 ipse
1739 2269 1826 2307 ve-

238 2359 333 2399 rus
379 2359 444 2398 ac
496 2346 641 2398 solus
676 2346 812 2399 Deus
841 2355 942 2412 est,
975 2346 1062 2413 qui
1098 2346 1150 2397 in
1193 2346 1456 2400 Triuitate
1487 2346 1820 2415 agnoscitur;

241 2432 497 2501 quooiam
527 2448 589 2486 ex
622 2433 759 2501 ipso,
789 2445 841 2487 et
873 2448 969 2501 per
991 2435 1250 2501 ipsum,et
1272 2436 1323 2487 in
1356 2434 1474 2503 ipso
1505 2435 1680 2487 omnia
1704 2444 1827 2488 sunt

240 2523 421 2591 (Rom.
448 2523 547 2592 χι).

312 2614 485 2684 Hujus
514 2614 771 2669 beneﬁcio
802 2624 856 2669 et
884 2615 1052 2683 gratia
1084 2615 1197 2683 ipse
1228 2630 1461 2685 quoque,
1495 2633 1614 2670 cum
1647 2619 1712 2673 de
1736 2629 1825 2673 tuo

242 2716 382 2761 statu
406 2708 605 2761 certior
636 2706 803 2763 factus
818 2710 1223 2777 essem,missus
1245 2726 1384 2775 sum,
1416 2711 1577 2781 265
1604 2720 1661 2764 ut
1689 2727 1748 2765 ea
1776 2721 1825 2765 te

247 2800 500 2853 docerem
548 2815 665 2867 qua:
710 2800 893 2864 didici,
921 2814 1079 2869 atque
1108 2802 1173 2853 ab
1205 2802 1422 2855 ineunte
1470 2812 1627 2855 amate
1657 2818 1826 2870 usque

246 2890 311 2941 ad
345 2889 487 2942 banc
508 2890 758 2943 canitiem
788 2892 1018 2945 servavi.
1056 2891 1312 2957 Quocirca
1355 2894 1399 2946 si
1426 2893 1738 2957 credideris,
1772 2905 1827 2949 et

244 2980 544 3047 baptizatus
574 2981 759 3047 fueris,
789 2982 969 3035 salvus
998 2983 1134 3046 eris;
1165 2983 1207 3035 si
1236 2992 1411 3037 autem
1446 2999 1550 3037 non
1581 2986 1827 3040 credide-

246 3074 342 3140 ris,
368 3074 818 3128 condemnaberis
844 3072 1035 3143 (Marc.
1066 3076 1203 3143 3m).
1234 3076 1361 3128 Nam
1386 3091 1447 3130 ea
1472 3092 1586 3143 quae
1613 3076 1825 3130 hodier-

1928 1890 2011 1931 tur
2040 1879 2247 1931 animus
2290 1893 2459 1933 meus.
2511 1878 2662 1931 Nune
2711 1889 2888 1932 autem
2936 1888 3275 1946 posteaquam
3318 1894 3504 1934 eorum

1926 1972 2239 2033 vanitatem,
2276 1970 2658 2037 hominumque
2687 1971 2774 2038 qui
2806 1985 2866 2023 ea
2900 1970 3084 2024 colunt
3126 1969 3405 2023 stultitiam
3436 1986 3505 2025 ex

1930 2073 1978 2115 te
2018 2063 2286 2125 intellexi,
2323 2062 2558 2129 perfecto
2597 2062 2723 2114 odio
2760 2077 2819 2115 ea
2868 2062 3117 2127 insector,
3152 2078 3212 2117 ac
3238 2063 3347 2117 Deo
3378 2079 3505 2117 vero

1930 2169 2014 2209 me
2058 2154 2108 2206 in
2150 2156 2461 2207 servitutem
2504 2154 2752 2209 addicere
2798 2156 3001 2222 gestio,
3033 2156 3190 2209 modo
3236 2170 3322 2210 me
3370 2156 3504 2224 ipse,

1931 2248 2198 2299 hominem
2230 2247 2524 2315 indignum,
2551 2249 2617 2299 ob
2644 2246 2953 2315 iniquitates
2980 2261 3127 2301 mens
3150 2246 3364 2301 minime
3386 2249 3507 2301 sub-

1929 2346 2159 2401 moveat,
2193 2353 2375 2391 verum
2423 2352 2516 2404 pro
2548 2353 2667 2401 sua,
2716 2349 2770 2389 ut
2794 2338 2975 2402 doces,
3009 2338 3333 2407 benignitate
3374 2341 3504 2393 mihi

1927 2430 2102 2481 omnia
2132 2429 2418 2494 condonet,
2448 2445 2635 2496 meque
2666 2444 2877 2481 servum
2905 2430 3005 2483 sibi
3034 2432 3295 2485 asciscere
3322 2432 3507 2501 digne-

1928 2526 2033 2573 tur.
2062 2516 2177 2571 .lam
2212 2520 2387 2587 itaque
2415 2520 2676 2586 baptisma
2710 2522 2983 2586 suscipere
3010 2535 3220 2588 paratus
3249 2538 3386 2587 sum,
3420 2536 3506 2577 at-

1926 2625 2027 2679 que
2056 2610 2232 2663 omnia
2268 2625 2388 2680 quae
2424 2610 2819 2680 przcscripseris
2850 2626 3085 2667 servare.
3118 2613 3379 2680 Quidnam
3411 2630 3507 2667 au-

1928 2710 2031 2754 tem
2064 2701 2189 2754 mihi
2215 2712 2335 2770 post
2360 2702 2678 2771 baptismum
2709 2703 3007 2757 faciendum
3040 2706 3153 2759 est?
3187 2706 3397 2763 Satisne
3424 2718 3508 2762 est

1926 2790 1991 2844 ad
2021 2794 2244 2845 salutem
2271 2792 2490 2846 credere
2538 2807 2601 2846 ac
2630 2793 2924 2860 baptizari?
2954 2809 3021 2847 an
3043 2797 3203 2849 etiam
3232 2796 3332 2850 alia
3363 2814 3508 2867 qua:-

1926 2883 2046 2936 dam
2076 2884 2369 2953 adjungere
2400 2899 2619 2939 necesse
2650 2884 2770 2938 est?

1998 2975 2140 3028 Dixit
2170 2987 2343 3029 autem
2374 2975 2441 3029 ad
2478 2990 2601 3029 eum
2639 2975 2876 3029 Bazlaam
2906 2994 2917 3027 :
2945 2976 3078 3031 Audi
3107 2979 3233 3047 quid
3268 2980 3359 3034 tibi
3390 2990 3510 3049 post

1929 3066 2246 3134 baptismum
2292 3063 2595 3119 faciendum
2641 3067 2709 3119 sit
2755 3083 2768 3119 :
2810 3082 2999 3135 nempe
3032 3078 3086 3121 ut
3115 3069 3182 3121 ah
3212 3072 3355 3124 omni
3387 3087 3511 3139 pec-

245 3178 311 3214 no
338 3160 426 3217 die
450 3162 649 3224 cernis,
679 3172 731 3217 et
757 3167 946 3232 quibus
971 3165 1237 3234 gloriaris,
1274 3166 1372 3219 hoc
1414 3176 1516 3228 est,
1547 3166 1734 3234 gloria,
1765 3176 1819 3219 et
1848 3155 1893 3216 C
1926 3168 2066 3221 eato,
2112 3170 2163 3211 et
2202 3160 2267 3212 ab
2296 3160 2441 3212 omni
2475 3160 2665 3213 vitiosa
2703 3159 2983 3213 aﬁ'cctione
3017 3161 3307 3230 abssiueas,
3348 3174 3510 3233 atque

246 3254 475 3318 delicize,
506 3263 560 3308 et
582 3268 734 3323 opes,
785 3266 837 3308 et
885 3256 1059 3309 omnis
1110 3255 1329 3323 hujusce
1362 3256 1480 3308 vita:
1510 3258 1819 3325 impostura,

248 3343 351 3411 iam
376 3345 595 3414 jamque
620 3345 985 3412 prmteribunt,
1013 3354 1167 3415 teque
1206 3346 1427 3400 invitum
1458 3351 1616 3401 etiam
1658 3362 1718 3400 ac
1744 3362 1825 3403 ie-

248 3447 572 3505 pugnantem
592 3437 712 3490 hinc
733 3437 967 3504 ejicient.

317 3531 398 3581 Ac
419 3542 611 3594 corpus
647 3526 858 3596 quidem
898 3528 1183 3596 perexiguo
1214 3529 1459 3595 sepulcro
1504 3531 1823 3595 inc‘udetur,

249 3620 424 3673 solum
450 3619 715 3684 relictum,
740 3631 895 3686 atque
918 3620 1062 3673 omni
1086 3620 1377 3674 amicorum
1403 3632 1453 3675 et
1481 3630 1825 3689 cognatorum

250 3721 393 3764 ccetu
423 3710 759 3764 destitutum.
794 3711 1077 3765 Facessent
1106 3720 1282 3763 autem
1314 3712 1496 3764 mundi
1522 3713 1828 3779 jucundita-

254 3812 356 3866 tes,
397 3812 556 3870 atque
597 3802 781 3870 ingens
809 3802 1051 3869 qmedam
1086 3800 1372 3854 insuavitas
1418 3816 1479 3855 ac
1508 3802 1668 3856 fetida
1711 3818 1829 3857 cor-

251 3895 430 3961 ruptio
480 3894 758 3964 prtesentis
808 3892 1220 3962 pulchritudinis
1265 3902 1318 3947 et
1364 3893 1664 3961 fragrantia:
1711 3895 1829 3949 loco

252 3986 345 4041 tibi
381 3987 615 4055 undique
644 3986 963 4040 aﬁ'undetur.
998 3986 1190 4039 Anima
1221 4000 1347 4039 vero
1379 3995 1465 4038 tua
1494 3984 1705 4041 inferno
1733 3987 1832 4041 ad—

253 4080 415 4145 dicta,
448 4080 503 4134 in
532 4078 808 4133 inferiores
836 4087 990 4133 terra).
1018 4089 1194 4146 partes
1221 4092 1385 4146 usque
1411 4078 1475 4131 ad
1507 4091 1831 4147 postremam

252 4170 703 4225 resurrectionem
750 4169 1084 4238 conjicietur.
1143 4170 1260 4234 Quo
1321 4170 1522 4223 scilicet
1592 4180 1834 4238 tempore

253 4261 433 4316 anima
474 4267 694 4329 recepto
723 4274 952 4327 corpore
978 4274 1077 4314 suo
1105 4276 1132 4311 a
1160 4259 1371 4313 Domini
1419 4260 1551 4314 facie
1579 4262 1832 4332 projicie-

254 4359 379 4421 tur,
433 4366 498 4407 ac
538 4351 833 4420 gehennzn,
887 4350 1038 4419 cujus
1086 4349 1298 4404 ﬁamma
1349 4352 1671 4417 sempiterna
1726 4362 1828 4418 est,

254 4444 665 4513 mancipabitur.
711 4442 838 4497 llaec
865 4442 981 4507 tibi,
1015 4452 1174 4509 atque
1206 4442 1363 4497 etiam
1408 4442 1566 4510 longe
1594 4442 1675 4498 his
1716 4460 1835 4513 gra‘

255 4536 403 4589 viora
433 4535 764 4604 contingent,
793 4533 839 4587 si
871 4533 926 4587 in
956 4532 1267 4587 inlidelitate
1293 4532 1611 4601 perstiteris.

325 4624 381 4680 Si
432 4637 609 4679 autem
654 4624 703 4679 ei
749 4622 841 4694 qui
888 4632 940 4678 te
986 4624 1050 4677 ad
1080 4623 1302 4678 salutem
1348 4622 1557 4690 invitat,
1588 4634 1834 4694 prompto

256 4722 433 4775 animo
461 4721 724 4790 parueris,
756 4729 915 4790 atque
948 4720 1013 4773 ad
1043 4734 1163 4775 eum
1193 4719 1387 4789 cupido
1412 4727 1466 4773 et
1497 4721 1622 4772 laeto
1656 4720 1836 4775 animo

257 4826 560 4878 accurrens,
600 4811 766 4882 ipsius
814 4810 1012 4865 lumine
1051 4811 1289 4881 signatus
1336 4809 1497 4865 fueris
1533 4809 1704 4881 (Psaf.
1735 4811 1833 4878 tv),

256 4919 483 4975 eumque
514 4906 583 4959 ita
626 4902 900 4974 sequaris,
944 4911 996 4957 ut
1039 4916 1069 4955 a
1097 4912 1245 4973 tergo
1276 4903 1493 4957 minime
1538 4915 1832 4969 resiectcs,

257 5004 436 5064 atque,
484 4994 727 5049 omnibus
775 4998 935 5049 rebus
984 4993 1208 5063 abjectis
1251 5003 1306 5049 et
1347 4995 1686 5063 contemptis,
1734 4995 1833 5064 ipsi

256 5086 353 5141 soli
398 5085 699 5153 adhaerens,
742 5095 995 5155 quantam
1039 5086 1162 5140 inde
1205 5085 1449 5140 fiduciam
1493 5101 1555 5140 ac
1594 5086 1831 5141 laetitiam

256 5176 623 5246 consequeris,
659 5176 781 5230 audi
812 5193 827 5228 :
861 5175 917 5231 Si
948 5175 1175 5242 sederis,
1201 5190 1421 5230 securus
1446 5178 1585 5241 eris;
1628 5179 1674 5231 si
1709 5178 1835 5232 dor-

258 5268 458 5333 mieris,
496 5266 731 5337 jucunde
774 5267 1157 5336 conquiesces:
1189 5284 1285 5322 nec
1326 5269 1537 5323 timebis
1574 5280 1831 5325 terrorem

259 5360 749 5429 supervenientem,
782 5375 880 5416 nec
926 5360 1209 5428 impiorum
1257 5360 1555 5416 daamonum
1608 5363 1836 5427 impetus

260 5452 443 5521 (Prov.
478 5451 579 5523 tu),
609 5468 789 5506 verum
820 5452 1151 5507 conﬁdenter
1195 5461 1253 5506 ut
1294 5452 1376 5505 leo
1409 5454 1623 5507 inccdes
1649 5454 1835 5522 (Prov.

264 5542 478 5614 nvm),
528 5557 590 5598 ac
630 5557 748 5598 cum
797 5543 977 5597 laatitia
1018 5551 1073 5598 et
1111 5544 1433 5613 sempiterna
1481 5547 1838 5601 exsultatione

263 5634 426 5689 vives.
473 5634 681 5689 Etenim
712 5648 872 5701 super
900 5644 1057 5702 caput
1091 5643 1235 5688 tuum
1267 5636 1522 5689 exultatio
1562 5648 1612 5689 et
1644 5638 1756 5689 laus
1786 5648 1838 5691 ct

267 5724 444 5779 latitia
488 5732 539 5779 te
572 5724 1009 5794 comprehendet.
1044 5726 1268 5796 Eﬁugiet
1305 5727 1476 5793 dolor,
1516 5738 1569 5783 et
1612 5744 1834 5795 mceror,

1927 3251 2239 3305 orthodoxm
2258 3251 2378 3304 ﬁdei
2411 3251 2755 3304 fundamento
2782 3252 3032 3305 virtutum
3063 3253 3294 3306 studium
3324 3269 3510 3323 super-

1928 3353 2125 3397 struas.
2157 3344 2416 3411 Quoniam
2447 3344 2578 3398 fides
2607 3343 2722 3397 sine
2752 3344 3001 3411 operibus
3032 3354 3236 3398 mortua
3261 3356 3342 3400 est
3367 3345 3509 3417 (Jac.

1932 3435 1992 3500 ι),
2019 3436 2465 3504 quemadmodum
2492 3434 2652 3489 etiam
2678 3450 2837 3502 opera
2867 3449 3069 3489 remota
3098 3435 3221 3489 ﬁde.
3256 3436 3339 3489 Ait
3367 3440 3509 3491 enim

1933 3531 2224 3599 Apostolus
2252 3527 2396 3599 (Cal.
2428 3528 2483 3595 v)
2531 3544 2544 3581 :
2589 3528 2789 3595 Spiritu
2840 3529 3130 3587 ambulate.
3162 3539 3215 3582 et
3245 3530 3510 3584 desideria

1930 3624 2106 3679 carnis
2153 3640 2220 3678 ne
2260 3624 2567 3693 perﬁciatis.
2612 3624 2889 3678 Manifesta
2939 3632 3063 3677 sunt
3105 3639 3268 3692 opera
3312 3626 3510 3686 carnis,

1932 3733 2051 3787 quae
2078 3726 2202 3772 sunt
2227 3716 2577 3779 adulterium,
2625 3712 2929 3779 fornicatio,
2961 3714 3318 3780 immunditia,
3361 3713 3512 3767 luxn-

1934 3810 2033 3877 ria,
2062 3807 2325 3862 idolorum
2355 3807 2607 3873 servitus,
2640 3806 2919 3873 veneﬁcia,
2957 3804 3269 3867 inimicitize,
3295 3816 3513 3858 conten~

1935 3898 2131 3963 tiones,
2164 3898 2559 3963 temulationes,
2590 3895 2702 3960 irtc,
2734 3902 2885 3959 rixa),
2916 3894 3298 3960 diSseusiones,
3330 3904 3512 3957 sectw,

1934 3989 2165 4056 invidias,
2195 3989 2497 4051 homicidia,
2523 3987 2760 4052 avaritia,
2790 3987 3213 4051 maledictiones,
3239 4003 3390 4041 amor
3416 4003 3512 4041 νυ-

1940 4083 2223 4151 luptatum,
2266 4082 2572 4144 ebrietates,
2619 4082 3060 4145 comessationes,
3096 4089 3149 4133 et
3194 4079 3273 4133 his
3291 4080 3511 4146 similia,

1935 4188 2053 4243 qua:
2099 4171 2327 4241 praedico
2352 4172 2517 4236 vobis,
2542 4172 2677 4225 sicut
2704 4170 2947 4238 prmdixi,
2987 4170 3236 4240 quoniam
3261 4171 3351 4241 qui
3392 4172 3514 4227 talit

1935 4272 2098 4334 agunt
2126 4279 2345 4333 regnum
2372 4262 2464 4317 Dei
2500 4278 2603 4315 non
2631 4273 3044 4331 consequentur.
3084 4262 3307 4317 Fructus
3337 4275 3512 4316 autem

1934 4353 2163 4421 Spiritus
2188 4363 2291 4419 est,
2324 4354 2579 4419 charitas,
2622 4354 2896 4423 gaudium,
2942 4368 3072 4422 pax,
3117 4354 3512 4422 longanimitas,

1935 4445 2257 4515 benignitas,
2291 4445 2522 4508 bonitas,
2556 4445 2709 4511 fides,
2755 4443 3134 4508 mansuetudo,
3167 4445 3512 4509 continentia,

1856 4535 1909 4595 Ι)
1934 4538 2281 4593 sanctiﬁcatio
2325 4539 2515 4593 anima:
2552 4550 2607 4593 et
2648 4538 2908 4606 corporis,
2950 4538 3128 4591 cordis
3150 4538 3423 4591 afﬁictauo
3465 4549 3517 4593 et

1938 4631 2209 4697 contritio,
2228 4630 2588 4699 eleemosyna,
2610 4628 2920 4698 iujuriarum
2947 4628 3165 4693 oblivio,
3191 4627 3512 4693 humanitas,

1938 4721 2138 4789 vigilia,
2179 4722 2392 4777 sincera
2433 4723 2499 4775 de
2534 4722 2782 4776 omnibus
2828 4720 3248 4790 prmcedentibus
3288 4720 3519 4788 peccatis

1943 4815 2272 4883 poenitentia,
2303 4813 2734 4882 compunctionis
2764 4813 3035 4883 lacrymte,
3066 4812 3239 4865 luctus
3270 4821 3378 4865 tum
3423 4828 3518 4880 pro

1940 4898 2074 4971 suis,
2103 4916 2213 4959 tum
2246 4919 2340 4973 pro
2369 4904 2591 4958 aliorum
2620 4905 2872 4973 peccatis,
2904 4905 3113 4973 aliaque
3150 4902 3387 4971 ejusdem
3422 4919 3517 4972 ge-

1940 5000 2088 5053 neris
2129 5016 2140 5050 :
2184 5013 2303 5067 qute
2331 4996 2545 5067 quidem
2589 5004 2837 5065 tanquam
2868 4995 3064 5065 gradus
3098 5004 3152 5047 ct
3180 4995 3337 5049 scala:
3378 4995 3518 5050 inter

1918 5105 1997 5145 ‘se
2035 5088 2386 5153 cohaerentes,
2414 5097 2573 5157 atque
2607 5086 2725 5139 alia:
2756 5087 2822 5139 ab
2851 5084 2968 5138 aliis
3002 5083 3249 5147 sui‘l'ultte,
3281 5086 3516 5140 animum

1940 5181 1992 5237 in
2023 5180 2217 5236 caelum
2259 5179 2586 5233 subvehunt.
2607 5178 2681 5230 En
2711 5176 2823 5231 haec
2852 5184 2977 5231 sunt
3013 5191 3129 5246 quae
3174 5184 3292 5244 post
3321 5178 3519 5246 baptis-

1941 5289 2085 5327 mum
2141 5270 2385 5340 amplecti
2414 5269 2682 5339 jubemur,
2711 5279 2869 5340 atque
2904 5268 2972 5323 ab
3000 5269 3119 5323 aliis
3140 5283 3261 5339 quae
3289 5284 3408 5323 cmn
3434 5269 3517 5323 his

1942 5372 2175 5434 pugnant
2203 5363 2492 5416 abstinere.

2013 5458 2163 5524 Quod
2235 5456 2279 5510 si
2344 5464 2462 5523 post
2519 5463 2790 5521 acceptam
2857 5454 3094 5507 veritatis
3160 5454 3516 5522 cognitionem

1941 5552 2117 5617 priora
2167 5558 2373 5600 mortua
2424 5560 2586 5613 opera
2629 5559 2839 5598 rursum
2886 5545 3222 5611 arripiamus,
3270 5558 3332 5597 ac
3370 5545 3517 5596 canis

1942 5643 2109 5696 instar
2152 5640 2215 5693 ad
2249 5649 2489 5693 nostrum
2520 5640 2773 5692 vomitum
2812 5649 3141 5691 revertamur
3174 5634 3258 5704 (11
3286 5632 3400 5685 Pet.
3432 5634 3515 5699 η),

1942 5730 2071 5787 illud
2116 5731 2266 5786 nobis
2299 5746 2394 5785 usu
2446 5731 2657 5799 veniet,
2703 5729 2843 5800 quod
2888 5744 2917 5782 a
2950 5727 3174 5783 Domino
3203 5727 3401 5777 dictum
3436 5728 3514 5775 cst
