4010 6220
513 289 620 344 483

1546 310 1635 369 DE
1680 314 1861 375 VlTlS
1902 317 2188 379 PATRUM
2232 325 2430 383 LIBER
2474 328 2756 394 PRIMUS.

3685 365 3800 425 48—1

3685 403 3799 425 ’πυ-Ι

511 403 689 475 (Lucae
719 408 842 478 xl):
896 410 1026 465 Cum
1069 414 1242 482 enim,
1275 417 1462 486 inquit,
1513 425 1739 481 exiverit
1788 429 2092 490 immundus
2119 441 2166 500 Α
2198 443 2372 512 cans).
2406 445 2484 499 Ad
2515 447 2648 517 haec,
2693 468 2812 506 cum
2847 455 2928 512 lex
2959 460 3251 531 perjurium
3293 471 3593 540 prohibeat,
3626 478 3799 536 Chri-

511 502 727 540 ςιιίνίιιια
776 502 843 540 ah
889 504 1104 540 hnminn
1150 511 1270 540 In..-
1301 513 1546 540 ι......ε,.-..ε
1593 521 1788 540 ---τιο,ᾼ.
1939 528 1972 540 Δς
2072 530 2082 540 ι
2234 539 2237 540 ,
2345 534 2356 540 -

508 502 728 566 spiritus
775 502 843 556 ab
887 504 1104 561 homine
1149 511 1270 578 (per
1300 513 1548 581 baptismi
1591 521 1794 575 scilicet
1837 528 2087 598 gratiam)

504 592 743 642 ambulat
771 607 863 657 per
890 595 1000 648 loca
1033 598 1307 667 iuaquosa,
1337 621 1580 668 qumrens
1609 613 1868 679 requiem,
1903 630 1954 668 et
1982 636 2084 672 non

505 678 728 732 invenit.
766 682 1095 739 PertnuleSIe
1130 703 1304 744 autem
1340 693 1516 748 ferens
1554 715 1612 752 se
1640 701 1839 756 diutius
1870 708 1991 761 tecti
2023 725 2086 764 ac

500 768 628 823 laris
649 785 919 841 expertem
961 794 1102 842 esse,
1128 784 1290 853 266
1320 789 1394 841 ait
1437 806 1449 839 :
1496 790 1754 850 Revertar
1783 798 1835 851 in
1865 801 2080 857 domum

500 876 672 915 meam
718 866 855 919 unde
897 870 1054 925 exivi.
1111 874 1168 925 lit
1219 876 1441 930 veniens
1492 883 1693 938 invenit
1741 903 1858 942 eam
1906 896 2080 960 scotiis

497 955 802 1009 mundatam
849 969 901 1010 et
944 972 1217 1029 ornatam,
1248 976 1501 1024 ca-tcruut
1552 975 1762 1032 inanem
1794 994 1858 1032 ac
1888 998 2080 1038 vacan-

497 1055 622 1112 tem,
667 1058 724 1100 ut
761 1065 882 1118 quae
912 1055 1098 1120 gratim
1132 1058 1332 1112 cultum
1374 1073 1533 1132 atque
1569 1073 1930 1135 operationem
1978 1079 2077 1131 tui-

492 1138 634 1191 niute
676 1146 994 1211 susceperit,
1022 1163 1120 1200 nec
1150 1165 1208 1203 se
1253 1153 1418 1221 ipsam
1447 1159 1702 1214 virtutum
1743 1168 1932 1232 OplltllS
1975 1186 2072 1224 cu-

490 1231 721 1284 tnularit.
757 1234 906 1290 Tunc
948 1239 1109 1308 vadit,
1140 1252 1194 1296 et
1241 1249 1465 1301 assmuil
1491 1267 1673 1307 secum
1706 1269 1907 1325 septem
1939 1264 2071 1319 alios

485 1322 700 1386 spiritus
730 1326 1013 1389 nequiores
1052 1347 1144 1396 se,
1187 1346 1234 1388 et
1281 1339 1551 1408 ingressus
1599 1347 1797 1402 habitat
1829 1351 1957 1408 illic.
2005 1358 2071 1411 Et

485 1410 614 1464 ﬁttttt
635 1415 918 1471 novissima
943 1418 1173 1476 hominis
1197 1425 1336 1479 illius
1366 1431 1544 1499 pejora
1573 1436 1855 1501 prioribus.
1890 1445 2069 1513 Siqui-

479 1503 599 1555 dem
625 1505 920 1572 baptisutus
949 1514 1184 1577 priorum
1216 1517 1428 1582 quidem
1457 1526 1693 1580 omnium
1727 1543 2064 1597 peccatorum

477 1601 809 1667 syngraphas
853 1618 987 1673 aqua
1019 1608 1216 1673 obruit,
1255 1629 1316 1666 ac
1343 1631 1557 1682 prorsus
1582 1623 1722 1678 delet
1767 1636 1820 1680 et
1853 1630 2066 1686 oblitte-

477 1698 580 1755 rat,
624 1700 783 1757 atque
829 1694 878 1745 in
907 1707 1173 1760 posterum
1200 1703 1536 1762 ﬁrmissimus
1564 1716 1716 1768 nobis
1759 1734 1943 1774 murus
1975 1731 2060 1775 est

474 1792 537 1831 ac
569 1783 749 1848 turris,
779 1793 832 1837 et
861 1784 996 1841 forte
1029 1792 1188 1846 telum
1221 1797 1284 1848 ad
1315 1800 1552 1864 pra-lium
1583 1819 1702 1859 cum
1733 1808 1882 1863 hoste
1926 1828 2058 1865 con—

472 1861 908 1930 serendnm.Non
941 1889 1114 1936 tamen
1144 1887 1351 1942 arbitrii
1379 1892 1676 1950 libertatem
1703 1901 1860 1964 tollit,
1889 1921 2058 1974 neque

474 1970 686 2026 peccata
719 1978 778 2018 ea
811 1983 928 2036 qum
962 1983 1078 2038 post
1110 1976 1427 2046 baptismum
1457 1990 1845 2047 contrahuntur
1873 2001 2057 2052 remit-

471 2050 551 2116 tit,
583 2068 681 2109 nec
714 2061 999 2116 secundam
1052 2064 1102 2118 in
1136 2069 1389 2134 piscinam
1443 2077 1836 2138 immersionem
1886 2093 2056 2144 conti-

466 2153 572 2198 net.
618 2144 788 2202 Uuttm
838 2155 981 2206 enim
1027 2159 1288 2226 baptisma
1334 2169 1678 2240 confitemur;
1730 2193 1793 2232 ac
1833 2182 2053 2248 proinde

463 2245 669 2289 summa
715 2240 983 2307 diligentia
1032 2262 1221 2304 cavere
1251 2253 1510 2310 debemus
1561 2278 1626 2318 ne
1657 2265 1708 2318 in
1741 2284 1903 2323 novas
1935 2287 2052 2328 sor-

463 2323 556 2378 des
609 2325 924 2398 intidamus,
969 2351 1147 2390 verum
1176 2340 1383 2399 Domini
1413 2351 1659 2407 mandata
1683 2370 2046 2425 capessamus.

461 2414 589 2468 Nam
613 2432 733 2472 cum
764 2422 874 2489 ipse
901 2428 1155 2492 apostolis
1177 2432 1399 2490 dixisset
1427 2457 1439 2490 :
1468 2442 1541 2495 Ite
1573 2453 1627 2498 et
1649 2447 1834 2503 docete
1861 2468 2046 2511 omnes

459 2518 664 2575 gentes,
696 2511 1027 2580 baptizautes
1058 2535 1152 2575 eos
1185 2525 1237 2577 in
1268 2532 1483 2586 nomine
1513 2535 1710 2607 Patris,
1739 2551 1791 2594 et
1814 2543 1957 2612 Filii,
1990 2556 2047 2602 et

458 2597 688 2666 Spiritus
715 2607 905 2671 sancti,
939 2624 1042 2664 non
1075 2613 1157 2668 hic
1184 2623 1443 2689 constitit,
1477 2640 1660 2682 verum
1693 2631 1908 2701 adjecit,
1943 2638 2044 2691 Do-

457 2698 642 2744 centes
686 2707 753 2746 eo
802 2711 1018 2755 servare
1066 2707 1242 2760 omnia
1275 2727 1602 2786 quaecunque
1636 2724 1862 2794 prmcepi
1892 2729 2040 2782 vobis

455 2779 649 2850 (Marc.
673 2793 804 2852 xvi).

528 2873 796 2932 Maudavit
821 2896 979 2950 porro
1010 2895 1066 2939 ut
1093 2889 1284 2958 spiritu
1313 2909 1570 2966 pauperes
1617 2904 1785 2959 simus
1818 2908 2034 2978 (Matth.

453 2965 506 3036 v)
542 2969 698 3038 (tales
726 2974 866 3028 enim
902 2978 1109 3047 beatos,
1143 2965 1455 3058 caelestique
1498 3010 1662 3065 regno
1691 2999 1882 3070 dignos
1915 3019 2035 3060 esse

449 3065 806 3135 pronuntiat).
856 3069 1060 3129 Deinde
1103 3085 1162 3131 ut
1207 3080 1258 3134 in
1307 3089 1560 3151 praesenti
1602 3105 1717 3146 aevo
1758 3093 2032 3163 lugeamus

446 3165 645 3220 mouet,
685 3174 792 3228 quo
819 3163 1067 3222 videlicet
1108 3170 1160 3224 in
1205 3173 1386 3231 futuro
1426 3185 1792 3241 consolatione
1833 3189 2032 3244 afﬁcia-
2059 3183 2101 3242 C

445 3262 586 3303 mur.
613 3253 734 3308 Mox
765 3266 822 3310 ttt
851 3259 1004 3316 mites
1029 3263 1216 3330 simus,
1247 3284 1309 3322 at:
1330 3271 1551 3339 justitim
1583 3279 1721 3334 fame
1750 3290 1803 3335 et
1824 3285 1910 3337 siti
1945 3294 2023 3340 tc-

443 3358 688 3403 neamur.
720 3349 853 3405 Tum
885 3363 942 3408 ut
985 3357 1359 3418 misericordes
1388 3377 1440 3421 et
1473 3369 1738 3436 liberales.
1771 3385 1929 3448 atque
1956 3381 2020 3435 ad

439 3441 957 3501 commiserationcm
982 3455 1228 3520 propensi
1272 3457 1461 3514 simus.
1489 3463 1679 3521 Cordis
1720 3471 1845 3525 item
1880 3475 2022 3542 puri-

437 3538 544 3585 tate
572 3535 799 3602 prmditi,
832 3549 990 3609 atque
1018 3544 1085 3598 ab
1113 3550 1256 3602 omni
1305 3551 1708 3620 inquinamento
1751 3564 1929 3620 carnis
1958 3577 2010 3622 et

435 3623 654 3691 spiritus
701 3628 1074 3689 abstinentes.
1102 3637 1311 3697 Paciﬁci
1343 3646 1502 3700 etiam
1549 3661 1656 3705 ttun
1690 3669 1812 3724 erga
1859 3659 2015 3726 alios,

433 3721 541 3766 tum
576 3715 676 3786 ipsi
705 3734 826 3774 cum
857 3725 1050 3780 animis
1083 3734 1311 3799 nostris;
1363 3737 1611 3795 nimirum
1658 3744 1707 3798 id
1746 3751 1887 3816 quod
1918 3751 2016 3806 de-

431 3805 599 3860 terius
624 3819 707 3862 est
731 3816 1087 3879 prmstantiori
1117 3821 1482 3894 subjicientes,
1513 3841 1673 3902 atque
1702 3837 2012 3898 intestinum

428 3910 492 3950 ac
534 3912 845 3968 perpetuum
890 3906 1088 3964 bellum
1140 3925 1287 3996 recto
1326 3919 1530 3988 judicio
1573 3933 2009 3998 comprimentes.

428 3987 732 4058 Postremo,
776 4005 833 4049 ut
865 4011 1080 4055 omnem
1113 3991 1541 4072 persecutionem
1586 4028 1638 4073 et
1668 4023 2009 4082 alﬂictionem

419 4445 631 4500 modum
676 4463 803 4504 suos
851 4452 1166 4516 hortabatur
1195 4478 1210 4515 :
1243 4464 1443 4522 Luceat
1474 4469 1558 4525 lux
1592 4489 1767 4531 vestra
1817 4496 1996 4537 coram

416 4534 754 4605 hominibus,
797 4554 853 4596 ut
893 4545 1107 4604 videant
1146 4567 1308 4621 opera
1351 4571 1527 4615 vestra
1571 4563 1706 4619 bona
1732 4611 1747 4635 ,
1792 4581 1847 4625 et
1884 4574 2000 4644 glo-

413 4625 618 4684 riﬁcent
644 4629 856 4688 Patrem
887 4646 1124 4695 vestrum
1154 4647 1243 4712 qui
1271 4649 1321 4702 in
1343 4651 1496 4707 cmlis
1519 4667 1603 4710 est
1626 4625 1844 4728 (Mduh.
1878 4625 1958 4734 ξ).

483 4719 689 4775 Etenim
714 4724 911 4797 Moysis
933 4730 1144 4798 quidem
1170 4734 1254 4791 lex
1283 4743 1572 4812 antiquitus
1600 4747 1850 4809 lsraelitis
1872 4756 1996 4814 data

409 4808 659 4867 dicebat:
694 4815 807 4871 Non
839 4821 1073 4890 occides,
1105 4826 1218 4882 Non
1251 4808 1626 4908 mmcliaberis,
1651 4842 1766 4900 Non
1797 4846 1993 4906 l'urtum

409 4900 588 4969 facies,
613 4905 728 4960 Non
772 4906 967 4966 falsum
1011 4916 1373 4977 testimonium
1411 4927 1578 4984 dices.
1607 4930 1850 4992 Christus
1895 4956 1992 4996 au-

406 5000 514 5049 tem
557 5001 632 5052 ait
673 5017 687 5053 :
729 5003 917 5063 Omnis
945 5011 1035 5082 qui
1066 5013 1314 5073 irascitur
1341 5020 1489 5079 fratri
1518 5041 1619 5082 suo
1647 5031 1765 5087 sine
1805 5050 1988 5103 causa,

404 5099 528 5140 reus
552 5090 655 5144 erit
672 5093 895 5162 judicio.
923 5103 1022 5169 Qui
1048 5115 1228 5163 autem
1257 5113 1471 5181 dixerit,
1501 5117 1667 5178 Fatue
1695 5141 1708 5176 :
1735 5140 1858 5183 reus
1883 5131 1992 5187 erit

401 5176 658 5243 gehennae
691 5185 846 5253 ignis.
877 5193 961 5246 Ac‘
979 5211 1190 5254 rursum
1218 5217 1232 5254 :
1263 5204 1319 5258 Si
1342 5208 1504 5264 olIers
1525 5227 1717 5270 munus
1743 5226 1892 5274 tuum
1919 5223 1986 5279 ad

400 5267 590 5337 altare,
619 5283 673 5328 et
708 5274 817 5333 illic
845 5286 1153 5344 recordatus
1185 5293 1348 5352 fueris
1375 5302 1516 5368 quod
1545 5303 1706 5362 lrater
1736 5317 1858 5366 tuus
1887 5313 1980 5366 ha-

400 5357 494 5414 bet
531 5361 728 5433 aliquid
758 5369 1040 5428 adversum
1074 5385 1144 5445 te,
1176 5357 1418 5456 relinque
1456 5391 1566 5447 illic
1606 5411 1798 5454 munus
1835 5412 1981 5459 tuum

396 5458 524 5506 ante
548 5452 739 5525 altare,
769 5468 825 5514 et
855 5464 989 5520 vade
1021 5468 1167 5537 prius
1192 5452 1526 5538 reconciliari
1575 5485 1725 5543 fratri
1757 5500 1867 5549 tuo.
1917 5496 1984 5552 Et

394 5545 698 5618 quicunque
723 5553 914 5611 viderit
940 5561 1218 5619 mulierem
1243 5567 1309 5622 ad
1332 5545 1978 5653 concupiscendameam,

387 5634 500 5705 jam
530 5641 829 5701 mmcbatus
857 5658 938 5704 est
961 5666 1083 5709 eam
1129 5656 1182 5711 in
1211 5662 1375 5718 corde
1403 5679 1502 5721 suo
1532 5667 1861 5738 (spurcitieut
1891 5679 1977 5734 ni-

393 5727 586 5791 mirum
613 5736 828 5806 animat.
853 5757 918 5802 ac
941 5747 1178 5809 libidinis
1205 5769 1508 5829 assensum,
1538 5727 1860 5830 adulterium
1885 5788 1981 5832 vo-

2196 539 2311 582 stus
2337 534 2519 600 jurare
2561 545 2782 598 omnino
2829 559 2990 615 vetat,
3026 569 3124 608 nec
3153 559 3444 629 quidquam
3488 567 3632 623 aliud
3667 589 3800 639 per-

3172 619 3182 624 -
3303 619 3313 629 .
3531 619 3632 623 ~——
3667 619 3750 639 τν-

2190 619 2373 688 mittit,
2399 643 2579 693 quam,
2605 631 2717 694 Est.
2745 647 2856 702 est;
2894 639 3028 704 Non,
3064 660 3192 702 non.
3222 650 3445 708 Oculum
3479 672 3577 725 pro
3602 664 3789 730 oculo,

2187 723 2242 765 ct
2275 714 2490 771 dentem
2534 737 2629 788 pro
2670 728 2849 794 dente,
2896 733 3036 800 illic;
3083 738 3168 792 hic
3213 753 3390 799 autem
3424 766 3436 799 :
3465 714 3788 824 Quicunque

2188 814 2511 871 percusserit
2545 825 2594 868 te
2624 816 2673 869 in
2707 818 2985 877 dexteram
3017 832 3307 898 maxillam,
3338 840 3514 904 prabe
3543 846 3590 895 ei
3622 857 3675 898 et
3701 847 3785 902 ai-

2185 903 2372 950 teram.
2393 899 2559 972 thui
2589 917 2757 962 tecum
2777 913 3097 982 vultjudicio
3112 928 3454 992 contendere,
3475 943 3528 986 et
3546 939 3781 993 tunicam

2183 998 2320 1044 luam
2354 996 2555 1062 tollere,
2593 1000 2804 1060 dimitte
2842 1011 2889 1060 ei
2935 1021 2989 1064 et
3018 1016 3258 1080 pallium.
3293 1022 3355 1075 Et
3380 1027 3684 1097 quicunque
3725 1042 3781 1087 te

2177 1089 2536 1153 angariaverit
2591 1096 2733 1150 mille
2781 1115 2988 1167 passus,
3020 1107 3153 1161 vade
3183 1126 3304 1165 cum
3354 1115 3450 1170 illo
3496 1124 3598 1172 alia
3642 1125 3773 1178 duo.

2177 1175 2274 1239 Qui
2307 1179 2438 1244 petit
2469 1198 2496 1235 a
2531 1192 2602 1247 te,
2642 1187 2706 1240 da
2747 1190 2816 1244 ei.
2867 1193 2930 1246 Et
2970 1197 3232 1255 volentem
3275 1219 3302 1256 a
3337 1216 3386 1260 tc
3432 1214 3660 1268 mutuari
3700 1231 3774 1270 ne

2172 1461 2223 1503 et
2249 1454 2368 1503 odio
2393 1456 2608 1512 habebis
2628 1462 2901 1521 inimicum
2928 1480 3092 1525 tuum.
3117 1475 3222 1542 Ego
3239 1489 3418 1534 autem
3442 1485 3562 1537 dico
3585 1491 3761 1544 vobis:

2175 1542 2384 1613 Diligite
2417 1549 2661 1608 inimicos
2686 1567 2912 1622 vestros,
2943 1563 3238 1622 benefacite
3281 1570 3360 1622 his
3394 1576 3483 1641 qui
3533 1579 3765 1636 oderunt

2167 1649 2282 1700 vos,
2305 1647 2357 1691 et
2375 1652 2522 1694 orate
2541 1660 2635 1708 pro
2653 1655 3091 1718 persequentibus
3106 1669 3160 1713 et
3175 1663 3620 1723 calumniantibus
3640 1688 3761 1738 vos,

2167 1735 2217 1775 ut
2252 1727 2367 1781 sitis
2419 1730 2509 1785 ﬁlii
2538 1731 2709 1791 Patris
2739 1746 2900 1797 vestri
2930 1748 3016 1814 qui
3069 1750 3121 1803 in
3151 1755 3304 1806 caelis
3332 1771 3433 1823 est,
3466 1763 3553 1827 qui
3587 1765 3760 1819 solem

2096 1817 2136 1873 Β
2165 1828 2316 1869 suum
2350 1817 2473 1873 facit
2503 1825 2632 1879 oriri
2662 1843 2824 1897 super
2848 1833 3018 1890 bonos
3043 1850 3094 1892 et
3126 1844 3314 1908 malos,
3346 1859 3397 1900 et
3423 1849 3551 1915 pluit
3582 1868 3754 1918 Super

2157 1906 2331 1970 juslos
2358 1922 2410 1963 et
2453 1912 2678 1983 injustas
2724 1922 2873 1989 (an.
2904 1927 3002 1996 Vl).
3049 1930 3224 1987 Nolite
3248 1936 3500 2008 judicare,
3550 1953 3607 1996 ut
3638 1960 3750 1998 non

2154 1995 2488 2063 judicemini.
2520 2006 2799 2075 Dimittile,
2832 2025 2886 2069 ct
2912 2018 3210 2075 dimittetur
3236 2029 3401 2082 vobis.
3429 2031 3602 2085 Νυιιιο»
3633 2037 3751 2090 the-

2157 2091 2425 2146 saurizare
2449 2096 2599 2150 vobis
2625 2102 2901 2159 thesauros
2933 2110 2984 2161 itt
3011 2119 3172 2177 terra,
3201 2116 3286 2170 ubi
3312 2136 3487 2189 :crug-i
3515 2138 3564 2177 et
3601 2132 3746 2180 tinea

2155 2175 2462 2252 demolitur,
2489 2195 2540 2240 et
2562 2188 2704 2243 fures
2724 2195 2984 2252 elTodiunt
3004 2213 3055 2254 et
3080 2202 3340 2261 furantur.
3366 2211 3748 2271 'l'hesaurizate

2153 2286 2331 2331 autem
2358 2283 2506 2335 vobis
2533 2283 2810 2344 thesauros
2834 2293 2885 2345 iu
2909 2297 3067 2360 cmlo,
3103 2299 3189 2353 ubi
3221 2318 3392 2371 neque
3421 2321 3620 2375 mrUgo,
3653 2327 3747 2365 ue-

2153 2381 2256 2431 qtte
2286 2370 2427 2424 tinea
2469 2372 2787 2446 demolitur,
2831 2392 2886 2437 et
2925 2387 3010 2438 tibi
3044 2387 3188 2443 fures
3220 2370 3323 2445 non
3352 2370 3615 2452 eﬁ'odiimt
3645 2417 3744 2455 nec

2150 2458 2414 2518 furantur.
2467 2466 2565 2522 Ubi
2603 2473 2743 2527 enim
2777 2483 2861 2530 est
2909 2480 3189 2539 thesaurus
3235 2495 3378 2556 tuus,
3429 2492 3496 2543 ibi
3549 2503 3602 2546 et
3645 2510 3741 2550 cur

2151 2557 2320 2606 tuum.
2365 2554 2443 2609 Ne
2466 2559 2682 2616 solliciti
2711 2567 2824 2620 sitis
2853 2571 3046 2625 animm
3071 2586 3260 2631 vestrm
3289 2582 3414 2646 quid
3448 2587 3738 2641 manduce-

2147 2644 2237 2708 tis,
2271 2661 2443 2716 neque
2472 2658 2682 2721 corpori
2717 2669 2894 2714 vestro
2923 2665 3047 2733 quid
3080 2668 3409 2740 induamini;
3441 2681 3542 2729 scit
3589 2681 3735 2736 enim

2147 2731 2303 2787 Pater
2329 2749 2506 2795 vester
2530 2747 2765 2803 cmlestis
2788 2757 3040 2816 qUoniam
3071 2760 3150 2813 his
3178 2765 3428 2820 omnibus
3457 2769 3731 2841 indigetis.

2139 2916 2315 2972 cibum
2344 2929 2399 2976 et
2429 2923 2799 2986 indumentum
2833 2937 3012 3005 dabit;
3060 2943 3168 3012 ille,
3204 2947 3438 3016 inquam,
3484 2954 3571 3019 qui
3604 2959 3730 3010 caeli

2138 3019 2264 3060 aves
2312 3015 2509 3075 nutrit.
2556 3029 2608 3072 et
2638 3024 2749 3090 agri
2783 3026 2891 3080 lilia
2945 3043 3084 3085 tanta
3121 3037 3515 3100 puli-hritudiue
3544 3059 3723 3103 ornat.

2140 3095 2371 3162 Qnmnte
2396 3117 2572 3162 autem
2603 3113 2828 3179 primum
2854 3135 3070 3188 regnum
3099 3126 3188 3180 Dei
3213 3140 3259 3181 et
3285 3130 3548 3199 ju~titiatu
3580 3139 3721 3208 i-ju~,

2135 3197 2190 3240 et
2229 3191 2341 3246 hmc
2376 3199 2557 3253 omnia
2591 3203 2911 3273 adjicientur
2945 3214 3112 3271 vobis.
3148 3221 3322 3276 Nolite
3360 3229 3571 3283 solliciti
3601 3247 3726 3286 e~se

2133 3277 2200 3330 de
2233 3286 2489 3352 crastino,
2532 3307 2650 3345 nam
2682 3301 2946 3356 crastinus
2992 3305 3108 3360 dies
3153 3309 3254 3364 sibi
3304 3313 3402 3381 ipsi
3453 3319 3721 3376 sollicitus

2129 3367 2230 3424 erit
2262 3371 2476 3445 (Matth.
2514 3385 2608 3453 vt).

2202 3484 2390 3542 Omnia
2421 3507 2754 3567 qumcunque
2787 3504 2948 3560 vultis
2971 3516 3028 3561 ut
3052 3509 3246 3567 faciant
3270 3516 3420 3570 vobis
3445 3519 3710 3588 homines,

2125 3574 2312 3629 eadem
2363 3592 2414 3632 et
2453 3597 2549 3638 vos
2598 3586 2756 3644 facile
2795 3593 2904 3647 illis
2961 3596 3114 3667 (Luc.
3153 3609 3566 3682 XVIII).-llllrille
3618 3630 3712 3682 per

2125 3677 2398 3733 angustam
2425 3685 2655 3743 portam,
2681 3683 2801 3750 quia
2827 3684 2929 3739 lata
2956 3701 3039 3742 est
3062 3709 3232 3762 porta,
3259 3709 3312 3751 et
3339 3706 3568 3767 spatiosa
3597 3711 3704 3772 via,

2121 3773 2241 3825 qum
2279 3762 2422 3818 ducit
2452 3768 2517 3819 ad
2551 3783 2798 3842 mortem,
2843 3789 2896 3832 et
2925 3784 3074 3838 multi
3105 3799 3227 3842 sunt
3256 3793 3342 3859 qui
3385 3794 3585 3850 intrant
3613 3817 3708 3867 per

2120 3862 2259 3904 eam.
2299 3855 2555 3919 QuOniatn
2590 3876 2812 3933 angusta
2837 3883 2917 3924 est
2957 3889 3125 3943 porta,
3157 3893 3208 3934 et
3231 3886 3412 3939 Stricta
3446 3889 3546 3954 via,
3579 3909 3701 3961 quae

2960 3940 2968 3942 ν
3115 3940 3121 3943 _
3582 3940 3700 3961 τ-.-

2118 3940 2265 3996 ducit
2307 3947 2373 4000 ad
2415 3950 2613 4018 vitam,
2664 3967 2718 4010 et
2767 3963 2917 4027 pauci
2959 3979 3084 4021 sunt
3131 3975 3220 4040 qui
3274 3977 3546 4036 inveniant
3581 4001 3700 4041 eam

2117 4031 2328 4099 (Matth.
2365 4055 2469 4103 vu;
2503 4042 2633 4098 Luc.
2668 4051 2808 4119 xm).
2869 4054 2982 4108 Non
3035 4031 3209 4116 ointiis
3257 4069 3343 4136 qui
3393 4031 3545 4127 dicit-
3569 4031 3698 4133 mihi

2115 4121 2357 4192 Domine,
2396 4130 2642 4200 Domine,
2687 4141 2906 4198 intrabit
2950 4147 3000 4201 itt
3036 4167 3253 4221 regnum
3287 4161 3568 4229 malorum,
3601 4170 3694 4221 sed

2110 4216 2202 4284 qtti
2248 4218 2372 4274 facit
2417 4225 2742 4284 Volutttatem
2789 4233 2962 4291 Patris
3012 4216 3138 4312 mei,
3183 4247 3276 4315 qui
3323 4252 3373 4304 itt
3420 4255 3571 4309 caelis
3614 4270 3699 4314 est

2110 4307 2325 4378 (JIatt/t.
2349 4314 2464 4385 vn).
2490 4317 2587 4384 Qui
2613 4322 2781 4393 diligit
2804 4340 3006 4396 patrem
3029 4307 3368 4396 autvtnatrem
3393 4307 3692 4417 plusquam

2107 4417 2214 4468 me,
2245 4421 2349 4460 non
2377 4421 2453 4463 est
2475 4429 2558 4466 me
2580 4415 2792 4486 dignus.
2819 4423 2877 4476 Et
2897 4430 2982 4493 qui
3014 4429 3182 4500 diligit
3216 4435 3376 4490 ﬁlium
3407 4452 3498 4492 aut
3525 4415 3689 4501 ﬁliam

2109 4494 2226 4560 plus
2277 4513 2434 4567 quztm
2483 4521 2597 4568 me,
2647 4525 2751 4565 non
2798 4525 2881 4569 est
2923 4534 3008 4574 tne
3055 4525 3261 4594 dignus.
3337 4532 3400 4585 Et
3441 4536 3530 4600 qui
3575 4554 3685 4594 non

2114 4559 2120 4560 ί
2294 4559 2309 4567 _
2582 4559 2596 4568 .
2647 4559 2751 4565 ---η
2800 4559 2881 4569 ..--
2923 4559 3007 4574 ...ν
3055 4559 3261 4594 υιδηυδ.
3337 4559 3400 4585 Ls
3441 4559 3530 4600 qlll
3575 4559 3685 4594 ΙΙυΙΙ

2027 4559 2080 4620 D
2105 4589 2262 4659 267
2292 4594 2485 4664 accipit
2512 4615 2725 4658 crucem
2758 4622 3023 4676 suam,'et
3051 4623 3288 4688 sequitur
3327 4641 3429 4685 me,
3465 4645 3570 4683 non
3603 4643 3690 4689 est

2104 4694 2188 4732 me
2217 4681 2406 4752 dignus
2435 4687 2648 4761 (Matth.
2669 4696 2839 4759 x).En
2875 4701 2987 4759 haec
3032 4681 3230 4779 omnia,
3261 4724 3315 4769 et
3355 4681 3435 4770 bis
3464 4681 3687 4788 siin—ilia,

2103 4767 2351 4828 Salvator
2387 4783 2646 4844 apostolis
2690 4793 2991 4862 mandavit,
3027 4809 3081 4851 ut
3115 4801 3218 4857 ﬁde
3248 4809 3498 4873 prteditos
3526 4812 3689 4870 doce-

2099 4872 2238 4915 rent.
2289 4865 2466 4938 Atque
2504 4872 2619 4929 hzcc
2662 4883 2843 4934 omnia
2885 4886 3040 4940 nobis
3078 4891 3409 4952 observanda
3456 4914 3601 4968 sunt,
3641 4906 3687 4963 si

2099 4955 2312 5022 quidem
2343 4962 2497 5017 nobis
2533 4968 2683 5023 cordi
2725 4973 2795 5026 sit
2825 4979 3204 5042 perfectionem
3233 4989 3478 5059 adipisci,
3511 5007 3565 5049 et
3590 4998 3682 5066 ju-

3327 5047 3337 5058 .
3464 5047 3478 5059 .
3519 5047 3562 5049 μ
3590 5047 3648 5066 .—

2096 5047 2256 5102 stitize
2283 5066 2512 5110 coronas
2540 5059 2606 5112 ab
2627 5065 2772 5118 omni
2795 5073 3137 5140 corruptione
3165 5080 3370 5139 alienas
3399 5094 3678 5159 consequi,

2094 5153 2228 5207 quas
2251 5143 2442 5200 reddet
2467 5148 2720 5207 Dominus
2745 5156 2796 5211 in
2819 5159 2905 5215 die
2935 5163 3018 5215 illa
3043 5165 3220 5232 justus
3237 5172 3397 5238 judes
3427 5143 3682 5238 omnibus

2093 5229 2175 5285 his
2206 5236 2298 5303 qui
2329 5236 2497 5306 ipsius
2527 5243 2814 5303 adventum
2845 5229 3134 5311 dilexerint
3163 5229 3255 5332 (Il
3283 5263 3416 5321 Tim.
3440 5229 3538 5339 tv).

2165 5327 2307 5382 Dixit
2331 5340 2506 5387 autem
2534 5336 2598 5390 ad
2625 5352 2746 5394 eum
2772 5339 3022 5410 Josaphat
3055 5366 3068 5400 :
3102 5327 3241 5420 Ergo
3263 5369 3386 5409 cum
3415 5327 3518 5413 tam
3549 5377 3676 5430 per-

2088 5418 2224 5476 fecta
2245 5422 2486 5481 doetriua
2503 5432 2838 5498 purissimam
2854 5440 3010 5494 vitam
3033 5442 3322 5514 desideret,
3341 5449 3452 5517 dic,
3465 5471 3672 5523 quaeso,

2083 5510 2130 5564 si
2164 5511 2296 5566 mibi
2327 5515 2397 5570 ab
2425 5533 2529 5573 uno
2555 5522 2639 5577 vel
2669 5525 2874 5583 duobus
2902 5531 3166 5588 mandatis
3208 5510 3466 5598 aberrare
3483 5510 3675 5602 cauti:

2080 5602 2237 5668 gerit,
2263 5617 2332 5658 an
2358 5617 2638 5678 propterea
2665 5624 2774 5671 toto
2794 5631 2958 5690 scopo
2979 5625 3271 5697 aberrabo,
3297 5647 3530 5706 spesque
3548 5653 3671 5696 mea

2079 5691 2253 5748 omnis
2279 5694 2452 5752 inanis
2477 5698 2650 5756 futura
2677 5707 2797 5761 est?

2150 5784 2445 5858 Respondit
2472 5790 2714 5853 Barlaam
2749 5816 2764 5853 :
2794 5799 2910 5860 Non
2935 5815 3018 5863 est
3044 5812 3186 5881 quod
3228 5815 3301 5872 ita
3345 5820 3660 5890 existimes;
