4010 6272
296 280 404 336 485

744 279 902 334 VITA
945 277 1356 335 SANCTORUM
1392 278 1717 334 BARLAAM
1759 281 2089 337 EREMlTA.
2129 283 2216 338 ΕΤ
2253 284 2602 340 JDSAPIIAT
2643 286 2848 343 INDIAE
2888 290 3112 346 REGIS.

3457 299 3565 354 486

295 410 414 450 nam
445 392 588 448 Deus
619 391 874 458 Verbum,
905 393 991 460 qui
1020 391 1206 446 salutis
1230 401 1422 446 nostra:
1445 405 1606 445 causa
1634 391 1879 446 humani—
1908 398 1954 457 Α
1983 393 2117 445 adeo
2143 407 2357 462 gravem
2389 395 2731 463 ignominiam
2762 413 3084 466 agnoscens,
3119 403 3385 470 vitamque
3413 421 3560 460 suam

293 498 453 542 tatetn
481 485 673 549 induit,
706 484 974 554 ingentem
1007 498 1205 536 natura!
1232 491 1428 536 nostra:
1458 483 1877 538 imbecillitatem

291 587 339 630 et
368 592 666 629 :rrumnam
699 576 1026 642 exploratam
1061 575 1280 638 habens,
1311 590 1378 628 ne
1417 575 1468 627 in
1515 575 1614 627 hac
1663 574 1876 642 quidem

291 677 439 736 parte
465 684 563 720 nos
590 666 870 720 incurabili
895 667 1082 719 morbo
1106 667 1347 718 laborare
1370 667 1640 737 permisit;
1669 680 1874 733 verum,

289 772 347 816 ut
377 762 803 830 sapientissimus
842 759 1100 822 medicus,
1129 759 1346 813 lubrica:
1399 769 1596 812 nostra:
1646 774 1708 813 ac
1751 774 1877 826 pec-

287 856 444 906 candi
485 853 695 918 cupidae
745 851 1000 904 voluntati
1055 851 1381 915 poenitentiae
1431 850 1874 902 medicamentum

287 944 590 1010 admiscuit,
625 957 742 996 eam
770 942 1016 996 videlicet
1049 943 1114 994 ad
1139 953 1479 1011 peccatorum
1505 942 1871 995 remissionem

291 1035 605 1102 prmoicans.
661 1035 1010 1098 Posteaquam
1057 1034 1199 1086 enim
1253 1035 1489 1086 veritatis
1547 1033 1873 1100 agnitionem

286 1125 639 1192 suscepimus,
679 1138 741 1176 ac
787 1139 879 1190 per
920 1139 1110 1192 aquam
1142 1132 1196 1176 et
1235 1125 1488 1191 Spiritum
1531 1123 1870 1187 sanctilicati,

285 1230 440 1284 atque
468 1218 536 1268 ah
567 1215 711 1268 omni
744 1225 962 1283 peccato
1013 1226 1065 1268 et
1092 1215 1347 1282 spurcitie
1377 1214 1492 1268 sine
1532 1215 1641 1267 ullo
1691 1216 1871 1268 labore

287 1305 490 1373 purgati
518 1320 726 1368 sumus,
752 1305 798 1356 si
831 1304 984 1356 nobis
1013 1304 1063 1356 in
1087 1305 1265 1370 aliqua
1298 1313 1510 1371 peccata
1543 1304 1645 1356 lahi
1693 1305 1867 1356 conti-

283 1398 436 1464 gerit,
469 1410 572 1448 non
601 1395 814 1464 quidem
842 1396 1206 1463 superestjam
1234 1396 1397 1447 altera
1426 1411 1518 1462 per
1544 1396 1865 1462 baptismum

283 1487 613 1553 regeneratio
638 1485 824 1548 (Hebr.
859 1486 954 1553 vi),
985 1502 1101 1554 qua:
1135 1489 1186 1539 in
1219 1487 1435 1550 piscina.-
1463 1502 1596 1555 aqua
1631 1503 1722 1553 per
1750 1487 1870 1554 Spi-

284 1580 437 1632 ritum
462 1590 900 1648 comparatur,ac
926 1583 1157 1646 perfecte
1180 1593 1275 1631 nos
1297 1587 1556 1630 instaurat
1578 1578 1698 1646 (hoc
1721 1579 1862 1630 enim

283 1671 596 1725 beneficium
639 1672 805 1724 semel
848 1670 1102 1724 duntaxat
1147 1669 1504 1738 conceditur),
1538 1685 1722 1723 verum
1772 1685 1866 1738 per

1982 483 2187 549 lugens,
2220 483 2428 537 dicebat
2463 503 2475 538 :
2512 485 2700 550 Quanti
2749 490 3056 540 mercenarii
3096 490 3145 541 in
3191 492 3350 545 domo
3401 499 3563 560 patris

1980 575 2080 627 mei
2111 575 2382 628 abundant
2416 577 2660 642 panibus,
2693 592 2790 644 ego
2820 590 2994 631 autem
3029 579 3164 632 fame
3207 598 3383 646 pereo.
3432 587 3562 639 Sur-

1977 679 2120 732 gam,
2151 677 2204 720 et
2245 666 2332 719 ibo
2359 667 2424 720 ad
2454 677 2659 735 patrem
2706 683 2916 730 meum,
2949 678 3002 721 et
3027 670 3198 722 dicam
3243 672 3291 724 ci
3325 689 3338 723 :
3374 673 3560 741 Pater,

1978 759 2190 827 peccavi
2222 762 2273 810 in
2304 760 2498 814 cadum
2528 769 2583 814 et
2609 777 2789 814 coram
2822 772 2892 825 te,
2919 776 3026 828 jam
3072 778 3176 814 non
3207 776 3322 814 sunt
3370 765 3559 832 dignus

1979 847 2157 900 vocari
2187 848 2323 902 [ilius
2355 858 2507 912 tuus,
2539 847 2626 902 fac
2656 864 2740 903 me
2765 851 2902 903 sicut
2927 865 3090 903 unum
3121 850 3188 904 de
3219 853 3559 906 mercenariis

1977 940 2102 991 tuis.
2135 941 2200 991 Et
2229 953 2455 1007 surgens
2484 940 2626 992 venit
2653 941 2717 993 ad
2760 952 2960 1008 patrem
3009 956 3180 995 suum.
3215 941 3345 996 Cum
3378 954 3552 994 autem

1974 1030 2149 1082 adhuc
2179 1029 2336 1095 longe
2364 1043 2524 1096 esset,
2558 1033 2687 1084 vidit
2713 1033 2858 1085 illum
2893 1043 3040 1101 pater
3066 1047 3215 1098 suus,
3247 1043 3306 1087 et
3349 1034 3555 1086 iniseri-

1973 1122 2150 1173 cordia
2181 1129 2358 1174 motus
2387 1131 2488 1186 est,
2520 1136 2584 1176 ac
2626 1139 2882 1176 accurcns
2910 1125 3101 1179 cecidit
3149 1140 3206 1178 sn
3223 1141 3314 1192 per
3357 1128 3548 1179 collum

1973 1213 2111 1277 ejus,
2140 1221 2192 1264 et
2221 1212 2488 1266 osculatus
2517 1225 2598 1267 est
2624 1230 2778 1280 eum,
2809 1223 2967 1280 atque
2998 1218 3047 1267 iu
3080 1216 3281 1284 pristini
3333 1214 3552 1270 honoris

1973 1300 2145 1353 locum
2177 1304 2428 1368 restituit,
2458 1315 2508 1357 et
2540 1305 2608 1359 ob
2638 1305 2805 1372 ipsius
2833 1306 3190 1360 inventionem
3223 1308 3549 1361 lmtissitntttu

1968 1388 2162 1445 festum
2191 1393 2520 1460 celebravit,
2555 1397 2732 1448 occiso
2771 1395 2933 1446 vitulo
2982 1397 3241 1462 saginato.
3288 1395 3365 1448 Eu
3418 1399 3550 1450 hanc

1972 1483 2275 1547 parabolam
2307 1483 2372 1534 de
2403 1485 2464 1535 iis
2503 1484 2591 1552 qui
2632 1499 2660 1536 a
2710 1487 2938 1553 peccatis
2987 1487 3249 1549 resiliunt,
3294 1495 3451 1554 atque
3481 1490 3548 1540 ad

1971 1573 2333 1638 pteuitcntiam
2358 1583 2663 1640 accurrunt,
2691 1580 2842 1629 nobis
2860 1581 3318 1632 commemoravit.
3348 1580 3548 1646 Quine-

1969 1663 2092 1716 tiam
2123 1667 2319 1716 bonum
2351 1666 2630 1733 quemdam
2663 1675 2928 1734 pastorem
2956 1681 3137 1720 rursos
3167 1669 3364 1721 inducit
3392 1669 3540 1736 (Luc.

279 1777 520 1830 asperam
557 1763 943 1831 paenitentiam,
975 1775 1027 1816 et
1054 1763 1290 1816 calentes
1319 1764 1606 1834 lacrymas,
1631 1771 1683 1816 et
1716 1763 1862 1817 labo-
1895 1757 1940 1815 B
1969 1753 2087 1823 xv).
2121 1755 2209 1823 qui
2233 1771 2353 1808 cum
2384 1766 2594 1809 centum
2623 1772 2749 1812 oves
2780 1757 3022 1826 haberet,
3051 1769 3209 1826 atque
3240 1774 3392 1810 unam
3415 1758 3545 1812 ami-

279 1867 362 1905 res
386 1868 448 1906 ac
479 1855 726 1919 sudores,
760 1863 979 1921 propter
1004 1855 1203 1907 viscera
1229 1854 1611 1909 misericordia:
1642 1855 1736 1910 Dei
1764 1871 1864 1909 no-

276 1942 393 2006 stri,
421 1945 790 2011 purgationem
815 1958 879 1997 ac
901 1953 1240 2012 peccatorum
1270 1946 1638 1998 remissionem
1663 1960 1861 1999 conse-

276 2030 512 2098 quimur.
562 2033 768 2086 Etenim
814 2049 908 2100 per
960 2034 1168 2087 Domini
1226 2037 1448 2104 gratiam
1507 2038 1860 2104 Iacrymarum

273 2121 395 2174 fons
425 2123 722 2190 baptismus
752 2125 1072 2191 appellatur,
1109 2127 1321 2179 tametsi
1347 2127 1544 2195 ali0qui
1573 2129 1756 2182 labore
1801 2144 1864 2183 ac

273 2220 524 2278 tempore
551 2228 684 2280 Opus
707 2214 916 2268 habent.
945 2216 1020 2268 Ac
1048 2219 1349 2284 complures
1376 2234 1405 2271 e
1429 2219 1611 2272 multis
1633 2222 1863 2286 peccatis

275 2301 493 2369 eripuit,
527 2306 776 2372 quoniam
810 2307 1007 2358 nullum
1037 2321 1311 2374 peccaturo
1342 2318 1426 2362 est
1466 2312 1605 2378 quod
1635 2311 1723 2364 Dei
1765 2312 1858 2365 be-

275 2393 586 2460 nignitatem
618 2395 812 2458 vincat,
846 2397 889 2447 si
928 2397 1139 2463 quidem
1174 2400 1320 2463 prius
1364 2400 1770 2466 resipuerimus,
1801 2416 1863 2456 ac

277 2483 587 2536 delictorum
642 2487 876 2537 maculas
930 2486 1181 2555 lacrymis
1231 2491 1494 2552 eluamus,
1541 2505 1608 2542 ne
1663 2493 1859 2559 alioiui

276 2589 421 2626 mors
447 2583 809 2637 antevertens,
841 2590 937 2628 nos
982 2590 1073 2629 sce
1095 2591 1244 2629 erum
1293 2578 1514 2631 maculis
1557 2580 1860 2647 inquinatos

277 2665 398 2715 hinc
427 2664 625 2732 ejiciat.
656 2664 768 2717 Non
799 2665 936 2718 enim
969 2678 1049 2720 est
1090 2667 1143 2718 in
1174 2667 1381 2721 inferno
1417 2671 1732 2736 paenitentia
1759 2688 1861 2726 nec

274 2757 536 2810 confessio
563 2755 735 2826 (Paul.
768 2755 862 2826 v1).
894 2757 1134 2822 Quandiu
1158 2767 1336 2812 autent
1363 2762 1482 2813 vita:
1527 2778 1684 2815 usura
1731 2764 1857 2817 frui-

273 2865 411 2911 mur,
431 2849 722 2902 dummodo
739 2855 1050 2902 orthouoxae
1071 2851 1191 2904 tidei
1216 2851 1617 2906 fundamentum
1645 2856 1854 2908 lirmum

274 2956 500 3006 maneat,
527 2943 975 2996 etiamsitrabium
997 2943 1194 3011 aliquid
1218 2955 1308 2997 aut
1331 2947 1459 2998 recti
1485 2947 1854 3011 labelactetur,

273 3036 409 3102 quod
442 3051 534 3103 per
567 3049 782 3104 peccata
826 3048 1132 3104 corruptum
1180 3049 1280 3100 est,
1332 3041 1658 3106 paenitentia:
1699 3042 1855 3108 adju-

1965 1848 2144 1915 sisset,
2177 1852 2376 1902 relictis
2426 1851 2708 1918 nonaginta
2755 1865 2968 1915 novem,
3018 1851 3084 1903 ad
3129 1850 3540 1918 ConQIiireudam

1962 1955 2080 1993 eam
2113 1956 2232 2008 quae
2260 1944 2540 1995 aherrabat
2571 1943 2834 2010 profectus
2881 1950 2985 2008 est,
3015 1944 3184 1997 donec
3231 1959 3349 1999 eam
3397 1944 3544 1996 inve-

1966 2031 2154 2096 nisset,
2187 2041 2346 2100 atque
2374 2034 2607 2086 humeris
2633 2033 2918 2099 sublatam,
2951 2049 3070 2087 cum
3096 2034 3160 2086 iis
3181 2049 3299 2101 qua:
3326 2035 3543 2086 minime

1963 2121 2349 2178 aberraverunt
2395 2126 2778 2194 conjunxisset.
2821 2128 2921 2192 Qui
2966 2129 3126 2180 etiam
3178 2127 3278 2180 hoc
3331 2129 3543 2181 nomine

1963 2215 2161 2266 atnicOs
2192 2229 2256 2267 ac
2285 2217 2486 2269 vicinos
2513 2216 2576 2268 ad
2609 2217 2908 2269 coitvivium
2940 2217 3007 2268 ob
3033 2232 3148 2269 eam
3172 2218 3432 2270 inventam
3454 2231 3542 2270 ce—

1970 2304 2278 2358 lebrandum
2319 2305 2579 2358 inritavit.
2627 2305 2726 2371 Ita,
2772 2305 2943 2374 inquit
2988 2305 3250 2370 Salvator,
3293 2308 3540 2375 gaudium

1961 2394 2067 2447 erit
2095 2395 2144 2446 in
2168 2396 2304 2448 ctelo
2324 2410 2483 2463 super
2505 2410 2608 2448 uno
2638 2405 2914 2463 peccatore
2940 2398 3305 2463 pamitentiam
3329 2406 3538 2465 agente,

1964 2499 2120 2550 quam
2145 2498 2306 2551 super
2333 2487 2616 2550 nonaginta
2649 2488 3035 2556 novemjustis,
3065 2488 3153 2557 qui
3177 2504 3280 2542 non
3306 2488 3542 2558 indigent

1962 2573 2299 2640 poenitentia.

2035 2667 2200 2735 268
2229 2669 2402 2734 Atque
2432 2665 2565 2719 adeo
2611 2666 2989 2733 discipulorum
3019 2667 3285 2738 fprinceps
3333 2667 3540 2736 Petrus,

1961 2755 2047 2810 illa
2080 2759 2292 2826 inquam
2315 2757 2438 2812 fidei
2470 2768 2636 2826 petra,
2664 2760 2778 2826 ipso
2804 2760 3091 2815 salutiferae
3114 2763 3375 2828 passionis
3402 2771 3540 2814 tem-

1961 2863 2090 2917 pore
2119 2859 2270 2903 certo
2297 2850 2528 2920 quodam
2570 2853 2793 2906 consilio
2821 2852 3205 2923 aliquantisper
3233 2871 3262 2908 a
3311 2854 3422 2909 Deo
3452 2856 3543 2910 de-

1959 2948 2138 2992 sertus
2169 2939 2387 3012 (nempe
2417 2950 2472 2994 ut
2512 2938 2759 2994 humanae
2790 2943 3168 2997 imbecillitatis
3199 2944 3450 2998 vilitatem
3481 2961 3542 2999 ac

1962 3029 2232 3083 miseriam
2277 3041 2608 3100 perspectam
2645 3032 2906 3102 haberet),
2943 3047 3006 3086 eo
3037 3035 3234 3100 peccati
3269 3037 3542 3102 prolapsus

272 3140 452 3178 mento
481 3129 682 3181 sarcire
703 3143 766 3181 ac
790 3142 1049 3182 renovare
1079 3129 1220 3182 licet.
1247 3129 1434 3199 Neque
1457 3132 1598 3185 enim
1633 3149 1854 3187 misera-
1883 3121 1928 3185 C
1962 3130 2062 3182 εδιν
2098 3129 2156 3174 ιιι
2205 3123 2481 3176 hominum
2515 3124 2784 3190 ai'lumrel
2816 3123 2964 3192 (ικεο
3001 3125 3152 3186 XX")-
3201 3125 3324 3179 Ροει
3367 3137 3542 3180 autem

273 3218 476 3270 tionum
511 3219 600 3272 Dei
646 3221 929 3273 multitudo
962 3223 1227 3276 numerari
1259 3235 1466 3291 potest,
1498 3241 1602 3280 nec
1646 3229 1861 3282 miscri-

270 3312 469 3364 cordize
503 3313 666 3377 ipsius
694 3314 1001 3382 magnitudo
1042 3316 1092 3368 in
1147 3332 1452 3373 mensuram
1498 3322 1641 3376 cadit
1686 3322 1856 3393 (Psal.

270 3416 470 3474 chIV).
498 3406 714 3461 Peccata
745 3418 950 3474 contra,
981 3426 1310 3479 quaecunque
1357 3415 1566 3468 tandem
1613 3418 1701 3470 illa
1743 3416 1859 3474 fue-

271 3500 401 3563 rint,
432 3515 694 3554 mensura:
718 3516 779 3554 ac
806 3517 1026 3556 numero
1053 3503 1430 3572 subjiciuntur.
1461 3511 1576 3573 Quo
1602 3509 1661 3562 fit
1685 3520 1741 3563 ut
1770 3527 1856 3577 ea,

270 3605 392 3644 eum
439 3591 492 3645 in
537 3607 842 3646 mensuram
881 3608 944 3647 ac
987 3611 1262 3649 numerum
1294 3601 1508 3664 cadant,
1543 3603 1857 3657 itttntcttSum

277 3681 372 3735 Dei
403 3682 819 3736 misericordiam
850 3695 1008 3754 atque
1043 3689 1458 3742 innumerabiles
1489 3693 1859 3748 miserationes

269 3779 485 3831 vincere
510 3788 804 3847 nequeant.

345 3875 419 3925 Ac
447 3873 668 3939 proinde
695 3874 763 3926 ob
793 3881 1130 3941 peccatorum
1175 3874 1567 3930 multitudinem
1619 3879 1852 3933 animum

269 3960 608 4028 despondere
679 3964 896 4017 tninime
933 3964 1215 4034 jubemur,
1264 3967 1359 4020 sed
1420 3967 1510 4021 Dei
1557 3968 1854 4024 b0nitatem

272 4068 588 4121 agnoscere,
618 4070 680 4109 ac
721 4065 936 4124 peccata
984 4071 1162 4112 nostra
1208 4062 1598 4127 condemnare,
1627 4079 1854 4132 quorum

269 4149 517 4205 remissio
547 4165 763 4218 propter
789 4151 988 4204 Christi
1031 4153 1409 4222 benignitatem
1441 4159 1710 4224 pr0p0sita
1739 4169 1853 4224 est,

268 4248 356 4312 qui
391 4259 488 4312 pro
517 4245 809 4299 scelerus
839 4247 1036 4300 nostris
1080 4250 1392 4316 sanguinem
1445 4263 1599 4302 suum
1648 4249 1854 4305 effudit.

272 4335 440 4391 Porro
463 4353 584 4391 cum
613 4351 679 4391 ex
711 4338 892 4392 multis
920 4337 1211 4408 Scriptura:
1236 4341 1364 4394 locis
1390 4343 1718 4408 paenitentia:
1748 4344 1853 4397 vim

270 4427 646 4494 addiscamus,
679 4440 787 4483 tum
818 4431 1150 4499 potissimum
1180 4446 1246 4485 ex
1290 4431 1497 4487 Domini
1531 4436 1697 4489 nostri
1726 4437 1854 4491 Jesu

1963 3213 2266 3278 confeSIim,
2296 3215 2485 3281 inquit,
2507 3215 2786 3268 verborum
2815 3214 3016 3268 Domini
3041 3216 3370 3281 recordatus,
3403 3219 3541 3270 foras

1963 3306 2149 3369 exivit,
2182 3317 2236 3359 et
2265 3307 2409 3360 flevit
2440 3319 2643 3372 amare,
2668 3319 2731 3360 ac
2763 3321 2856 3372 per
2878 3307 3109 3361 calentes
3137 3307 3253 3361 illas
3281 3309 3541 3376 lacrymas

1961 3410 2238 3468 acceptum
2265 3401 2640 3456 detrimentum
2668 3406 2902 3468 sarcivit,
2929 3406 3309 3472 victoriamque
3331 3408 3381 3460 in
3413 3409 3542 3462 alte-

1963 3507 2073 3543 ram
2106 3502 2310 3560 partem
2344 3494 2564 3548 inflexit.
2597 3495 2727 3548 Nam
2757 3511 2878 3550 cum
2928 3498 3007 3552 rei
3055 3500 3296 3553 militaris
3343 3500 3540 3567 peritus

1959 3594 2123 3645 esset,
2155 3585 2364 3638 etiamsi
2390 3589 2617 3654 cecidit;
2649 3605 2752 3641 non
2783 3599 2958 3644 tamen
2991 3592 3167 3643 animo
3207 3591 3404 3644 fractus
3431 3601 3529 3655 est,

1961 3692 2058 3729 nec
2088 3679 2274 3729 salutis
2299 3691 2409 3729 sua:
2437 3691 2584 3746 Spem
2615 3679 2840 3746 abjecit;
2876 3695 3054 3732 verum
3087 3681 3350 3746 resiliens,
3383 3697 3536 3736 acer-

1961 3771 2208 3824 bissimas
2237 3785 2300 3824 ex
2334 3786 2591 3838 oppresso
2622 3784 2834 3838 pectore
2885 3771 3149 3842 lacrymas
3195 3771 3446 3839 profudit,
3476 3788 3539 3826 ac

1961 3864 2136 3915 statim
2169 3870 2227 3915 ut
2255 3878 2344 3916 eas
2363 3863 2530 3918 hostis
2551 3865 2847 3932 conspexit,
2875 3879 2976 3918 non
3005 3881 3159 3919 secus
3185 3875 3343 3934 atque
3373 3868 3538 3920 vehe-

1961 3953 2306 4008 mentissima:
2327 3953 2602 4023 cujusdam
2628 3955 2854 4007 flamma:
2870 3957 3056 4010 ardore
3073 3958 3332 4010 ambustis
3345 3961 3535 4020 Oculis,

1963 4048 2146 4112 pedem
2192 4048 2396 4110 retulit,
2431 4047 2615 4112 procul
2647 4049 2872 4116 fugiens,
2903 4057 3060 4116 atque
3113 4050 3435 4104 horrendum
3483 4050 3537 4104 in

1959 4139 2175 4191 modum
2207 4137 2434 4206 ejulaus.
2463 4138 2657 4190 Contra
2679 4145 2855 4191 autem
2890 4138 2980 4191 ille
3009 4139 3295 4208 principem
3327 4156 3538 4198 rursum

1959 4229 2130 4280 locum
2163 4226 2360 4291 tenuit;
2393 4229 2842 4296 quemadmodum
2892 4233 3052 4282 totius
3098 4229 3240 4283 orbis
3287 4233 3538 4300 magister

1959 4321 2230 4374 institutus
2253 4319 2420 4373 fuerat
2439 4359 2454 4384 ,
2486 4320 2556 4372 ita
2587 4324 2743 4373 etiam
2771 4323 3092 4388 poenitentia:
3112 4325 3381 4392 exemplar
3407 4326 3536 4378 clfe-

1959 4425 2094 4466 ctus.
2127 4414 2252 4466 Post
2283 4414 2726 4466 resurrectionem
2757 4423 2932 4466 autent
2955 4457 2969 4478 ,
3005 4430 3124 4466 cum
3154 4415 3394 4468 Christus
3426 4427 3535 4470 ter-

270 4519 466 4576 Christi
496 4522 792 4577 actionibus
833 4539 894 4578 ac
933 4524 1224 4594 parabolis.
1266 4525 1342 4579 Ex
1393 4534 1516 4582 tunc
1561 4529 1722 4595 enim,
1755 4533 1847 4598 ait,
1885 4499 1929 4555 θ
1960 4505 2030 4598 fi"
2061 4503 2124 4598 “fl
2172 4517 2293 4557 eum
2323 4503 2568 4598 (1³⁵⁵⁵⁸9
2599 4503 2787 4567 Ρθίτθν
2816 4520 2962 4598 an)”
2993 4504 3404 4598 ¹¹¹θη⁹ίν¹¹⁰ίῗ¹¹¹γ
3444 4506 3536 4558 ³¹³⁹

273 4613 434 4682 carpit
460 4613 619 4668 .Iesus
657 4615 870 4680 docere,
916 4623 973 4669 et
1011 4616 1232 4672 dicere:
1265 4617 1638 4674 Pmnitentiam
1684 4623 1846 4691 agite,

273 4707 718 4776 appropinquavit
763 4709 904 4762 enim
949 4723 1168 4777 regnum
1211 4711 1468 4765 caelorum
1499 4711 1848 4782 (Matt/mn).

270 4798 404 4865 Quin
445 4801 604 4852 etiam
653 4799 706 4852 in
757 4798 1008 4866 parabola
1057 4800 1220 4854 filium
1272 4803 1554 4868 quemdam
1604 4804 1845 4866 inducit,

269 4893 422 4964 (Luc.
454 4893 567 4963 xv),
595 4895 684 4962 qui
723 4908 845 4947 cum
888 4894 1121 4962 acceptis
1150 4896 1385 4962 paternis
1414 4896 1602 4963 apibus
1639 4895 1692 4950 in
1735 4896 1851 4950 lon-

267 4989 518 5056 ginquam
543 4987 814 5053 regionem
847 4983 1112 5053 profectus
1142 4983 1346 5048 fuisset,
1373 5001 1574 5056 easque
1603 4992 1654 5041 in
1700 4989 1845 5042 omni

270 5080 432 5132 luxus
479 5089 639 5145 atque
691 5077 1114 5145 intemperantia:
1157 5091 1354 5146 genere
1405 5081 1843 5148 consumpsisset,

266 5182 475 5238 postea,
518 5171 735 5238 regione
763 5170 849 5223 illa
877 5173 1014 5223 fame
1059 5169 1334 5224 laborante
1357 5171 1507 5235 abiit,
1539 5180 1593 5225 et
1623 5173 1851 5228 adhaesit

274 5264 361 5318 uni
379 5265 574 5318 civium
586 5263 822 5334 regionis
847 5262 1008 5315 illius.
1023 5261 1290 5326 Quietiam
1311 5263 1456 5315 illum
1482 5266 1532 5315 in
1554 5279 1760 5332 agrum,
1792 5274 1848 5317 ut

271 5374 484 5429 porcos,
515 5358 617 5412 hoc
644 5367 726 5413 est
752 5357 1106 5426 asperrimum
1135 5366 1190 5409 et
1225 5356 1606 5409 exsecrandum
1661 5372 1850 5424 pecca-

268 5462 404 5516 tum,
439 5459 700 5520 pasceret,
731 5448 896 5502 misit.
942 5445 1074 5500 Cum
1117 5445 1294 5515 itaque
1322 5446 1500 5499 multis
1528 5445 1846 5500 calamtati-

268 5543 369 5596 bus
397 5542 622 5596 allectus
647 5540 855 5604 fuisset,
883 5547 1040 5608 atque
1068 5537 1119 5591 in
1145 5547 1342 5591 tantam
1374 5536 1642 5590 miseriam
1673 5537 1848 5590 venis-

262 5644 380 5699 set,
413 5644 472 5690 ut
517 5649 586 5689 ne
632 5647 911 5702 porcorum
955 5631 1169 5700 quidem
1211 5630 1416 5700 siliquis
1462 5629 1560 5697 ipsi
1605 5638 1844 5684 ventrem

259 5740 420 5782 suum
451 5726 678 5798 implere
709 5725 910 5790 liceret,
943 5722 1154 5780 tandem
1201 5722 1484 5793 aliquando
1509 5721 1646 5777 hanc
1671 5736 1843 5792 usque

1953 4593 2273 4660 jurationem
2335 4596 2609 4658 correxit,
2662 4595 2995 4662 respondens
3041 4596 3282 4661 scilicet,
3328 4597 3532 4662 Etiam,

1957 4687 2204 4753 Domine,
2237 4695 2290 4738 tu
2321 4687 2425 4739 scis
2447 4687 2565 4754 quia
2594 4701 2714 4739 amo
2746 4697 2812 4740 te.

2031 4801 2105 4852 Ex
2148 4799 2231 4853 his
2260 4799 2418 4869 igitur
2461 4799 2726 4868 omnibus,
2751 4801 2974 4868 aliisque
3003 4799 3426 4868 quamplurimis,
3455 4808 3534 4853 at-

1955 4907 2058 4962 que
2087 4892 2223 4946 adeo
2267 4906 2546 4945 numerum
2577 4907 2790 4946 omnem
2834 4892 3207 4960 superantibus
3252 4889 3533 4958 exemplis,

1958 4986 2312 5055 lacrymarum
2341 4999 2404 5038 ac
2435 4986 2757 5052 paenitentia:
2787 4985 2887 5036 vim
2913 4983 3275 5051 intelligimus.
3308 4983 3532 5037 Tantum

1957 5093 2118 5147 opera
2145 5078 2323 5142 detur,
2356 5087 2413 5132 ut
2437 5079 2569 5146 ipsa,
2603 5077 3044 5145 quemadmodum
3078 5075 3270 5130 rationi
3299 5091 3531 5132 consen-

1958 5181 2170 5226 taneum
2197 5181 2298 5236 est,
2333 5171 2446 5237 fiat,
2475 5171 2574 5224 hoc
2602 5180 2681 5224 est
2711 5184 2775 5222 ex
2824 5167 3014 5224 atl‘ectu
3060 5179 3334 5238 peccatum
3379 5184 3533 5224 exse-

1957 5272 2160 5323 crante,
2194 5262 2470 5329 ipsumque
2495 5259 2619 5312 odio
2647 5259 2957 5323 insectante,
2987 5268 3145 5326 atque
3166 5261 3530 5314 condemnan-

1960 5367 2030 5422 te,
2057 5371 2118 5412 ac
2163 5356 2424 5425 lacrymas
2469 5353 2764 5413 emittente,
2796 5353 3244 5421 quemadmodum
3291 5356 3365 5407 ait
3411 5369 3532 5422 pro-

1955 5448 2110 5518 pheta
2145 5441 2308 5503 David
2343 5462 2358 5500 :
2399 5444 2658 5498 Laburavi
2689 5445 2740 5497 in
2767 5444 2968 5514 gemitu
3021 5460 3140 5500 meo
3161 5485 3176 5510 ,
3208 5443 3395 5498 latrabo
3445 5458 3534 5510 per

1952 5538 2190 5606 singulas
2221 5546 2406 5590 noctes
2435 5537 2628 5590 lectum
2653 5552 2850 5600 meum,
2883 5537 3131 5605 lacrymis
3154 5537 3286 5590 meis
3307 5544 3530 5588 stratum

1957 5644 2132 5684 meum
2163 5628 2346 5697 rigabo
2366 5625 2537 5696 (Prol.
2566 5628 2662 5698 vr).
2696 5629 2771 5684 Ac
2793 5637 2902 5682 tom
2931 5638 3268 5698 peccatorum
3293 5624 3534 5693 purgatio

1957 5738 2051 5793 per
2078 5720 2278 5777 Christi
2306 5733 2550 5776 cruorem
2585 5721 2637 5776 in
2669 5721 3047 5778 misericordiae
3071 5719 3234 5789 ipsius
3264 5715 3529 5784 magnitu-
