  <div class='ocr_page' id='page_1' title='image "/cluster/home/n/w/nwhite01/storage/ocr_20150623/73/uva.x000827085/251.png"; bbox 0 0 4010 6226; ppageno 0'>
   <div class='ocr_carea' id='block_1_1' title="bbox 489 288 594 343">
    <p class='ocr_par' dir='ltr' id='par_1_1' title="bbox 489 288 594 343">
     <span class='ocr_line' id='line_1_1' title="bbox 489 288 594 343; baseline 0.029 -3"><span class='ocrx_word' id='word_1_1' title='bbox 489 288 594 343; x_wconf 71' lang='grc'><strong>487</strong></span> 
     </span>
    </p>
   </div>
   <div class='ocr_carea' id='block_1_2' title="bbox 1538 281 2732 340">
    <p class='ocr_par' dir='ltr' id='par_1_2' title="bbox 1538 281 2732 340">
     <span class='ocr_line' id='line_1_2' title="bbox 1538 281 2732 340; baseline -0.001 -2"><span class='ocrx_word' id='word_1_2' title='bbox 1538 283 1627 338; x_wconf 84' lang='lat' dir='ltr'><strong>DE</strong></span> <span class='ocrx_word' id='word_1_3' title='bbox 1671 282 1846 338; x_wconf 72' lang='lat' dir='ltr'><strong>VITIS</strong></span> <span class='ocrx_word' id='word_1_4' title='bbox 1888 283 2170 340; x_wconf 75' lang='lat' dir='ltr'><strong>PATRUM</strong></span> <span class='ocrx_word' id='word_1_5' title='bbox 2211 281 2414 338; x_wconf 75' lang='lat' dir='ltr'><strong>LIBER</strong></span> <span class='ocrx_word' id='word_1_6' title='bbox 2456 283 2732 339; x_wconf 79' lang='lat' dir='ltr'><strong>PRIMUS.</strong></span> 
     </span>
    </p>
   </div>
   <div class='ocr_carea' id='block_1_3' title="bbox 3663 287 3776 346">
    <p class='ocr_par' dir='ltr' id='par_1_3' title="bbox 3663 287 3776 346">
     <span class='ocr_line' id='line_1_3' title="bbox 3663 287 3776 346; baseline 0.053 -6"><span class='ocrx_word' id='word_1_7' title='bbox 3663 287 3776 346; x_wconf 69' lang='grc' dir='ltr'>ιεθ</span> 
     </span>
    </p>
   </div>
   <div class='ocr_carea' id='block_1_4' title="bbox 497 395 3776 468">
    <p class='ocr_par' dir='ltr' id='par_1_4' title="bbox 497 395 3776 468">
     <span class='ocr_line' id='line_1_4' title="bbox 497 395 3776 468; baseline 0.001 -13"><span class='ocrx_word' id='word_1_8' title='bbox 497 402 622 459; x_wconf 85' lang='lat' dir='ltr'><strong>dine</strong></span> <span class='ocrx_word' id='word_1_9' title='bbox 662 415 726 456; x_wconf 86' lang='lat' dir='ltr'><strong>ac</strong></span> <span class='ocrx_word' id='word_1_10' title='bbox 767 397 1170 456; x_wconf 85' lang='lat' dir='ltr'><strong>miserationum</strong></span> <span class='ocrx_word' id='word_1_11' title='bbox 1210 398 1549 454; x_wconf 84' lang='lat' dir='ltr'><strong>multitudine</strong></span> <span class='ocrx_word' id='word_1_12' title='bbox 1591 400 1880 468; x_wconf 78' lang='lat' dir='ltr'><strong>continget.</strong></span> <span class='ocrx_word' id='word_1_13' title='bbox 1914 397 2082 468; x_wconf 92' lang='lat' dir='ltr'><strong>Ipsius</strong></span> <span class='ocrx_word' id='word_1_14' title='bbox 2114 405 2165 462; x_wconf 85' lang='grc' dir='ltr'>Α</span> <span class='ocrx_word' id='word_1_15' title='bbox 2189 399 2330 467; x_wconf 83' lang='lat' dir='ltr'><strong>quod</strong></span> <span class='ocrx_word' id='word_1_16' title='bbox 2379 414 2473 465; x_wconf 89' lang='lat' dir='ltr'><strong>per</strong></span> <span class='ocrx_word' id='word_1_17' title='bbox 2501 399 2693 452; x_wconf 89' lang='lat' dir='ltr'><strong>multas</strong></span> <span class='ocrx_word' id='word_1_18' title='bbox 2725 395 3096 451; x_wconf 89' lang='lat' dir='ltr'><strong>tribulationcs</strong></span> <span class='ocrx_word' id='word_1_19' title='bbox 3125 405 3337 466; x_wconf 85' lang='lat' dir='ltr'><strong>Oportet</strong></span> <span class='ocrx_word' id='word_1_20' title='bbox 3364 413 3460 452; x_wconf 86' lang='lat' dir='ltr'><strong>nos</strong></span> <span class='ocrx_word' id='word_1_21' title='bbox 3492 400 3690 458; x_wconf 85' lang='lat' dir='ltr'><strong>intrare</strong></span> <span class='ocrx_word' id='word_1_22' title='bbox 3718 405 3776 458; x_wconf 88' lang='lat' dir='ltr'><strong>in</strong></span> 
     </span>
    </p>
   </div>
   <div class='ocr_carea' id='block_1_5' title="bbox 500 489 2086 560">
    <p class='ocr_par' dir='ltr' id='par_1_5' title="bbox 500 489 2086 560">
     <span class='ocr_line' id='line_1_5' title="bbox 500 489 2086 560; baseline -0.006 -9"><span class='ocrx_word' id='word_1_23' title='bbox 500 512 641 551; x_wconf 83' lang='lat' dir='ltr'><strong>enim</strong></span> <span class='ocrx_word' id='word_1_24' title='bbox 672 496 788 549; x_wconf 64' lang='lat' dir='ltr'><strong>haec</strong></span> <span class='ocrx_word' id='word_1_25' title='bbox 815 503 977 550; x_wconf 80' lang='lat' dir='ltr'><strong>verba</strong></span> <span class='ocrx_word' id='word_1_26' title='bbox 1009 503 1134 547; x_wconf 88' lang='lat' dir='ltr'><strong>sunt</strong></span> <span class='ocrx_word' id='word_1_27' title='bbox 1163 509 1176 546; x_wconf 87' lang='lat'><strong>:</strong></span> <span class='ocrx_word' id='word_1_28' title='bbox 1203 492 1259 548; x_wconf 90' lang='lat' dir='ltr'><strong>Si</strong></span> <span class='ocrx_word' id='word_1_29' title='bbox 1290 492 1483 545; x_wconf 78' lang='lat' dir='ltr'><strong>fuerint</strong></span> <span class='ocrx_word' id='word_1_30' title='bbox 1505 499 1720 560; x_wconf 87' lang='lat' dir='ltr'><strong>peccata</strong></span> <span class='ocrx_word' id='word_1_31' title='bbox 1747 499 1920 543; x_wconf 13' lang='lat' dir='ltr'><strong>vestra</strong></span> <span class='ocrx_word' id='word_1_32' title='bbox 1947 489 2086 543; x_wconf 89' lang='lat' dir='ltr'><strong>sicut</strong></span> 
     </span>
    </p>
   </div>
   <div class='ocr_carea' id='block_1_6' title="bbox 500 582 2085 653">
    <p class='ocr_par' dir='ltr' id='par_1_6' title="bbox 500 582 2085 653">
     <span class='ocr_line' id='line_1_6' title="bbox 500 582 2085 653; baseline -0.004 -14"><span class='ocrx_word' id='word_1_33' title='bbox 500 586 779 639; x_wconf 85' lang='lat' dir='ltr'><strong>eoecinum</strong></span> <span class='ocrx_word' id='word_1_34' title='bbox 800 629 814 650; x_wconf 94' lang='lat'><strong>,</strong></span> <span class='ocrx_word' id='word_1_35' title='bbox 849 585 998 653; x_wconf 88' lang='lat' dir='ltr'><strong>quasi</strong></span> <span class='ocrx_word' id='word_1_36' title='bbox 1029 584 1117 637; x_wconf 79' lang='lat' dir='ltr'><strong>nix</strong></span> <span class='ocrx_word' id='word_1_37' title='bbox 1148 582 1569 646; x_wconf 88' lang='lat' dir='ltr'><strong>dealbabuntur;</strong></span> <span class='ocrx_word' id='word_1_38' title='bbox 1599 582 1642 634; x_wconf 88' lang='lat' dir='ltr'><strong>si</strong></span> <span class='ocrx_word' id='word_1_39' title='bbox 1673 591 1848 634; x_wconf 89' lang='lat' dir='ltr'><strong>autem</strong></span> <span class='ocrx_word' id='word_1_40' title='bbox 1881 590 1938 634; x_wconf 90' lang='lat' dir='ltr'><strong>ut</strong></span> <span class='ocrx_word' id='word_1_41' title='bbox 1966 595 2085 633; x_wconf 87' lang='lat' dir='ltr'><strong>ver-</strong></span> 
     </span>
    </p>
   </div>
   <div class='ocr_carea' id='block_1_7' title="bbox 504 678 1438 747">
    <p class='ocr_par' dir='ltr' id='par_1_7' title="bbox 504 678 1438 747">
     <span class='ocr_line' id='line_1_7' title="bbox 504 678 1438 747; baseline -0.009 -13"><span class='ocrx_word' id='word_1_42' title='bbox 504 681 750 745; x_wconf 88' lang='lat' dir='ltr'><strong>miculus,</strong></span> <span class='ocrx_word' id='word_1_43' title='bbox 782 679 934 747; x_wconf 89' lang='lat' dir='ltr'><strong>quasi</strong></span> <span class='ocrx_word' id='word_1_44' title='bbox 967 679 1086 731; x_wconf 82' lang='lat' dir='ltr'><strong>lana</strong></span> <span class='ocrx_word' id='word_1_45' title='bbox 1114 678 1231 730; x_wconf 89' lang='lat' dir='ltr'><strong>alba</strong></span> <span class='ocrx_word' id='word_1_46' title='bbox 1263 687 1438 730; x_wconf 89' lang='lat' dir='ltr'><strong>erunt.</strong></span> 
     </span>
    </p>
   </div>
   <div class='ocr_carea' id='block_1_8' title="bbox 573 764 2086 840">
    <p class='ocr_par' dir='ltr' id='par_1_8' title="bbox 573 764 2086 840">
     <span class='ocr_line' id='line_1_8' title="bbox 573 764 2086 840; baseline -0.005 -14"><span class='ocrx_word' id='word_1_47' title='bbox 573 771 762 840; x_wconf 69' lang='lat' dir='ltr'><strong>Opera:</strong></span> <span class='ocrx_word' id='word_1_48' title='bbox 792 771 1015 838; x_wconf 87' lang='lat' dir='ltr'><strong>pretium</strong></span> <span class='ocrx_word' id='word_1_49' title='bbox 1047 775 1130 822; x_wconf 88' lang='lat' dir='ltr'><strong>est</strong></span> <span class='ocrx_word' id='word_1_50' title='bbox 1169 769 1344 836; x_wconf 87' lang='lat' dir='ltr'><strong>itaque</strong></span> <span class='ocrx_word' id='word_1_51' title='bbox 1373 777 1430 820; x_wconf 86' lang='lat' dir='ltr'><strong>ut</strong></span> <span class='ocrx_word' id='word_1_52' title='bbox 1461 773 1802 834; x_wconf 82' lang='lat' dir='ltr'><strong>posteaquam</strong></span> <span class='ocrx_word' id='word_1_53' title='bbox 1843 764 2086 818; x_wconf 81' lang='lat' dir='ltr'><strong>veritatis</strong></span> 
     </span>
    </p>
   </div>
   <div class='ocr_carea' id='block_1_9' title="bbox 502 853 2087 931">
    <p class='ocr_par' dir='ltr' id='par_1_9' title="bbox 502 853 2087 931">
     <span class='ocr_line' id='line_1_9' title="bbox 502 853 2087 931; baseline -0.006 -16"><span class='ocrx_word' id='word_1_54' title='bbox 502 862 858 931; x_wconf 76' lang='lat' dir='ltr'><strong>cognitionem</strong></span> <span class='ocrx_word' id='word_1_55' title='bbox 890 859 1220 928; x_wconf 87' lang='lat' dir='ltr'><strong>accepimus,</strong></span> <span class='ocrx_word' id='word_1_56' title='bbox 1249 869 1408 923; x_wconf 90' lang='lat' dir='ltr'><strong>atque</strong></span> <span class='ocrx_word' id='word_1_57' title='bbox 1454 856 1912 925; x_wconf 80' lang='lat' dir='ltr'><strong>regenerationem</strong></span> <span class='ocrx_word' id='word_1_58' title='bbox 1944 865 1996 907; x_wconf 91' lang='lat' dir='ltr'><strong>et</strong></span> <span class='ocrx_word' id='word_1_59' title='bbox 2028 853 2087 905; x_wconf 81' lang='lat' dir='ltr'><strong>li-</strong></span> 
     </span>
    </p>
   </div>
   <div class='ocr_carea' id='block_1_10' title="bbox 506 945 2089 1020">
    <p class='ocr_par' dir='ltr' id='par_1_10' title="bbox 506 945 2089 1020">
     <span class='ocr_line' id='line_1_10' title="bbox 506 945 2089 1020; baseline -0.009 -13"><span class='ocrx_word' id='word_1_60' title='bbox 506 956 696 1008; x_wconf 80' lang='lat' dir='ltr'><strong>liomm</strong></span> <span class='ocrx_word' id='word_1_61' title='bbox 729 951 1068 1020; x_wconf 79' lang='lat' dir='ltr'><strong>adoptionem</strong></span> <span class='ocrx_word' id='word_1_62' title='bbox 1119 948 1393 1003; x_wconf 84' lang='lat' dir='ltr'><strong>consecuti</strong></span> <span class='ocrx_word' id='word_1_63' title='bbox 1425 962 1631 1009; x_wconf 90' lang='lat' dir='ltr'><strong>sumus,</strong></span> <span class='ocrx_word' id='word_1_64' title='bbox 1661 945 1948 1012; x_wconf 85' lang='lat' dir='ltr'><strong>divinaque</strong></span> <span class='ocrx_word' id='word_1_65' title='bbox 1974 958 2089 1012; x_wconf 86' lang='lat' dir='ltr'><strong>my-</strong></span> 
     </span>
    </p>
   </div>
   <div class='ocr_carea' id='block_1_11' title="bbox 504 1035 2086 1110">
    <p class='ocr_par' dir='ltr' id='par_1_11' title="bbox 504 1035 2086 1110">
     <span class='ocr_line' id='line_1_11' title="bbox 504 1035 2086 1110; baseline -0.008 -12"><span class='ocrx_word' id='word_1_66' title='bbox 504 1045 664 1099; x_wconf 82' lang='lat' dir='ltr'><strong>steria</strong></span> <span class='ocrx_word' id='word_1_67' title='bbox 694 1041 1044 1110; x_wconf 84' lang='lat' dir='ltr'><strong>percepimus,</strong></span> <span class='ocrx_word' id='word_1_68' title='bbox 1079 1042 1223 1092; x_wconf 88' lang='lat' dir='ltr'><strong>onmi</strong></span> <span class='ocrx_word' id='word_1_69' title='bbox 1253 1038 1432 1090; x_wconf 89' lang='lat' dir='ltr'><strong>studio</strong></span> <span class='ocrx_word' id='word_1_70' title='bbox 1478 1053 1542 1090; x_wconf 89' lang='lat' dir='ltr'><strong>ac</strong></span> <span class='ocrx_word' id='word_1_71' title='bbox 1588 1035 1858 1104; x_wconf 81' lang='lat' dir='ltr'><strong>diligentia</strong></span> <span class='ocrx_word' id='word_1_72' title='bbox 1912 1035 2086 1102; x_wconf 85' lang='lat' dir='ltr'><strong>provi-</strong></span> 
     </span>
    </p>
   </div>
   <div class='ocr_carea' id='block_1_12' title="bbox 505 1127 2087 1196">
    <p class='ocr_par' dir='ltr' id='par_1_12' title="bbox 505 1127 2087 1196">
     <span class='ocr_line' id='line_1_12' title="bbox 505 1127 2087 1196; baseline -0.008 -8"><span class='ocrx_word' id='word_1_73' title='bbox 505 1135 750 1196; x_wconf 91' lang='lat' dir='ltr'><strong>deamus,</strong></span> <span class='ocrx_word' id='word_1_74' title='bbox 783 1147 850 1184; x_wconf 93' lang='lat' dir='ltr'><strong>ne</strong></span> <span class='ocrx_word' id='word_1_75' title='bbox 874 1143 1209 1184; x_wconf 83' lang='lat' dir='ltr'><strong>corruamus.</strong></span> <span class='ocrx_word' id='word_1_76' title='bbox 1242 1130 1424 1196; x_wconf 71' lang='lat' dir='ltr'><strong>Neque</strong></span> <span class='ocrx_word' id='word_1_77' title='bbox 1454 1129 1594 1182; x_wconf 91' lang='lat' dir='ltr'><strong>enim</strong></span> <span class='ocrx_word' id='word_1_78' title='bbox 1623 1127 1814 1181; x_wconf 87' lang='lat' dir='ltr'><strong>cadere</strong></span> <span class='ocrx_word' id='word_1_79' title='bbox 1835 1127 2087 1179; x_wconf 79' lang='lat' dir='ltr'><strong>athletam</strong></span> 
     </span>
    </p>
   </div>
   <div class='ocr_carea' id='block_1_13' title="bbox 505 1219 2090 1292">
    <p class='ocr_par' dir='ltr' id='par_1_13' title="bbox 505 1219 2090 1292">
     <span class='ocr_line' id='line_1_13' title="bbox 505 1219 2090 1292; baseline -0.004 -15"><span class='ocrx_word' id='word_1_80' title='bbox 505 1220 1139 1292; x_wconf 79' lang='lat' dir='ltr'><strong>decet,-qnandoquidem</strong></span> <span class='ocrx_word' id='word_1_81' title='bbox 1175 1219 1362 1284; x_wconf 90' lang='lat' dir='ltr'><strong>multi,</strong></span> <span class='ocrx_word' id='word_1_82' title='bbox 1409 1235 1530 1274; x_wconf 91' lang='lat' dir='ltr'><strong>cum</strong></span> <span class='ocrx_word' id='word_1_83' title='bbox 1581 1221 1920 1284; x_wconf 83' lang='lat' dir='ltr'><strong>cecidissent,</strong></span> <span class='ocrx_word' id='word_1_84' title='bbox 1971 1232 2090 1271; x_wconf 86' lang='lat' dir='ltr'><strong>sese</strong></span> 
     </span>
    </p>
   </div>
   <div class='ocr_carea' id='block_1_14' title="bbox 503 1309 2090 1383">
    <p class='ocr_par' dir='ltr' id='par_1_14' title="bbox 503 1309 2090 1383">
     <span class='ocr_line' id='line_1_14' title="bbox 503 1309 2090 1383; baseline -0.004 -13"><span class='ocrx_word' id='word_1_85' title='bbox 503 1316 708 1383; x_wconf 79' lang='lat' dir='ltr'><strong>erigere</strong></span> <span class='ocrx_word' id='word_1_86' title='bbox 741 1313 958 1366; x_wconf 85' lang='lat' dir='ltr'><strong>minime</strong></span> <span class='ocrx_word' id='word_1_87' title='bbox 999 1321 1301 1380; x_wconf 89' lang='lat' dir='ltr'><strong>potuerunt.</strong></span> <span class='ocrx_word' id='word_1_88' title='bbox 1352 1313 1556 1365; x_wconf 80' lang='lat' dir='ltr'><strong>Etenim</strong></span> <span class='ocrx_word' id='word_1_89' title='bbox 1589 1312 1698 1376; x_wconf 86' lang='lat' dir='ltr'><strong>alii,</strong></span> <span class='ocrx_word' id='word_1_90' title='bbox 1747 1327 1865 1365; x_wconf 89' lang='lat' dir='ltr'><strong>cum</strong></span> <span class='ocrx_word' id='word_1_91' title='bbox 1901 1309 2090 1379; x_wconf 88' lang='lat' dir='ltr'><strong>januas</strong></span> 
     </span>
    </p>
   </div>
   <div class='ocr_carea' id='block_1_15' title="bbox 505 1404 2090 1472">
    <p class='ocr_par' dir='ltr' id='par_1_15' title="bbox 505 1404 2090 1472">
     <span class='ocr_line' id='line_1_15' title="bbox 505 1404 2090 1472; baseline -0.003 -14"><span class='ocrx_word' id='word_1_92' title='bbox 505 1407 706 1461; x_wconf 83' lang='lat' dir='ltr'><strong>vitiosis</strong></span> <span class='ocrx_word' id='word_1_93' title='bbox 752 1404 1122 1458; x_wconf 83' lang='lat' dir='ltr'><strong>all’ectionibos</strong></span> <span class='ocrx_word' id='word_1_94' title='bbox 1171 1406 1541 1472; x_wconf 82' lang='lat' dir='ltr'><strong>aperuissent,</strong></span> <span class='ocrx_word' id='word_1_95' title='bbox 1588 1413 1749 1471; x_wconf 91' lang='lat' dir='ltr'><strong>atque</strong></span> <span class='ocrx_word' id='word_1_96' title='bbox 1790 1405 2090 1456; x_wconf 89' lang='lat' dir='ltr'><strong>arctissimo</strong></span> 
     </span>
    </p>
   </div>
   <div class='ocr_carea' id='block_1_16' title="bbox 509 1493 2092 1563">
    <p class='ocr_par' dir='ltr' id='par_1_16' title="bbox 509 1493 2092 1563">
     <span class='ocr_line' id='line_1_16' title="bbox 509 1493 2092 1563; baseline -0.001 -15"><span class='ocrx_word' id='word_1_97' title='bbox 509 1511 648 1550; x_wconf 80' lang='lat' dir='ltr'><strong>nexu</strong></span> <span class='ocrx_word' id='word_1_98' title='bbox 678 1495 808 1563; x_wconf 87' lang='lat' dir='ltr'><strong>ipsts</strong></span> <span class='ocrx_word' id='word_1_99' title='bbox 843 1493 1142 1558; x_wconf 70' lang='lat' dir='ltr'><strong>ltmsissent,</strong></span> <span class='ocrx_word' id='word_1_100' title='bbox 1177 1509 1280 1547; x_wconf 87' lang='lat' dir='ltr'><strong>non</strong></span> <span class='ocrx_word' id='word_1_101' title='bbox 1311 1495 1416 1561; x_wconf 87' lang='lat' dir='ltr'><strong>jam</strong></span> <span class='ocrx_word' id='word_1_102' title='bbox 1449 1495 1513 1548; x_wconf 83' lang='lat' dir='ltr'><strong>ad</strong></span> <span class='ocrx_word' id='word_1_103' title='bbox 1560 1495 1926 1563; x_wconf 74' lang='lat' dir='ltr'><strong>pmttitentiam</strong></span> <span class='ocrx_word' id='word_1_104' title='bbox 1973 1507 2092 1547; x_wconf 89' lang='lat' dir='ltr'><strong>sese</strong></span> 
     </span>
    </p>
   </div>
   <div class='ocr_carea' id='block_1_17' title="bbox 501 1584 2089 1654">
    <p class='ocr_par' dir='ltr' id='par_1_17' title="bbox 501 1584 2089 1654">
     <span class='ocr_line' id='line_1_17' title="bbox 501 1584 2089 1654; baseline -0.003 -13"><span class='ocrx_word' id='word_1_105' title='bbox 501 1595 816 1641; x_wconf 83' lang='lat' dir='ltr'><strong>convertere</strong></span> <span class='ocrx_word' id='word_1_106' title='bbox 847 1592 1147 1653; x_wconf 90' lang='lat' dir='ltr'><strong>potuerunt.</strong></span> <span class='ocrx_word' id='word_1_107' title='bbox 1180 1584 1278 1638; x_wconf 89' lang='lat' dir='ltr'><strong>Alii</strong></span> <span class='ocrx_word' id='word_1_108' title='bbox 1307 1596 1485 1638; x_wconf 90' lang='lat' dir='ltr'><strong>autem</strong></span> <span class='ocrx_word' id='word_1_109' title='bbox 1527 1595 1696 1638; x_wconf 89' lang='lat' dir='ltr'><strong>morte</strong></span> <span class='ocrx_word' id='word_1_110' title='bbox 1721 1587 1864 1654; x_wconf 89' lang='lat' dir='ltr'><strong>prius</strong></span> <span class='ocrx_word' id='word_1_111' title='bbox 1886 1585 2089 1647; x_wconf 76' lang='lat' dir='ltr'><strong>abrepti</strong></span> 
     </span>
    </p>
   </div>
   <div class='ocr_carea' id='block_1_18' title="bbox 503 1677 2089 1747">
    <p class='ocr_par' dir='ltr' id='par_1_18' title="bbox 503 1677 2089 1747">
     <span class='ocr_line' id='line_1_18' title="bbox 503 1677 2089 1747; baseline 0.002 -22"><span class='ocrx_word' id='word_1_112' title='bbox 503 1692 660 1747; x_wconf 90' lang='lat' dir='ltr'><strong>quam</strong></span> <span class='ocrx_word' id='word_1_113' title='bbox 691 1685 990 1731; x_wconf 86' lang='lat' dir='ltr'><strong>contractas</strong></span> <span class='ocrx_word' id='word_1_114' title='bbox 1035 1677 1281 1730; x_wconf 91' lang='lat' dir='ltr'><strong>vitiormn</strong></span> <span class='ocrx_word' id='word_1_115' title='bbox 1334 1677 1520 1730; x_wconf 88' lang='lat' dir='ltr'><strong>sordes</strong></span> <span class='ocrx_word' id='word_1_116' title='bbox 1582 1691 1676 1744; x_wconf 90' lang='lat' dir='ltr'><strong>per</strong></span> <span class='ocrx_word' id='word_1_117' title='bbox 1725 1677 2089 1744; x_wconf 77' lang='lat' dir='ltr'><strong>ptBnilenliant</strong></span> 
     </span>
    </p>
   </div>
   <div class='ocr_carea' id='block_1_19' title="bbox 507 1766 2091 1836">
    <p class='ocr_par' dir='ltr' id='par_1_19' title="bbox 507 1766 2091 1836">
     <span class='ocr_line' id='line_1_19' title="bbox 507 1766 2091 1836; baseline -0.002 -17"><span class='ocrx_word' id='word_1_118' title='bbox 507 1766 900 1829; x_wconf 85' lang='lat' dir='ltr'><strong>abstersissem,</strong></span> <span class='ocrx_word' id='word_1_119' title='bbox 933 1767 1270 1821; x_wconf 87' lang='lat' dir='ltr'><strong>condemnati</strong></span> <span class='ocrx_word' id='word_1_120' title='bbox 1313 1777 1455 1821; x_wconf 90' lang='lat' dir='ltr'><strong>sunt.</strong></span> <span class='ocrx_word' id='word_1_121' title='bbox 1504 1767 1785 1835; x_wconf 79' lang='lat' dir='ltr'><strong>Propterea</strong></span> <span class='ocrx_word' id='word_1_122' title='bbox 1833 1769 2091 1836; x_wconf 85' lang='lat' dir='ltr'><strong>periculo-</strong></span> 
     </span>
    </p>
   </div>
   <div class='ocr_carea' id='block_1_20' title="bbox 503 1858 2086 1927">
    <p class='ocr_par' dir='ltr' id='par_1_20' title="bbox 503 1858 2086 1927">
     <span class='ocr_line' id='line_1_20' title="bbox 503 1858 2086 1927; baseline -0.001 -14"><span class='ocrx_word' id='word_1_123' title='bbox 503 1875 620 1913; x_wconf 85' lang='lat' dir='ltr'><strong>smn</strong></span> <span class='ocrx_word' id='word_1_124' title='bbox 642 1868 724 1911; x_wconf 88' lang='lat' dir='ltr'><strong>est</strong></span> <span class='ocrx_word' id='word_1_125' title='bbox 752 1860 803 1912; x_wconf 88' lang='lat' dir='ltr'><strong>itt</strong></span> <span class='ocrx_word' id='word_1_126' title='bbox 826 1858 1037 1922; x_wconf 89' lang='lat' dir='ltr'><strong>vitium,</strong></span> <span class='ocrx_word' id='word_1_127' title='bbox 1063 1859 1416 1927; x_wconf 72' lang='lat' dir='ltr'><strong>quodcunque</strong></span> <span class='ocrx_word' id='word_1_128' title='bbox 1441 1860 1653 1913; x_wconf 84' lang='lat' dir='ltr'><strong>tandem</strong></span> <span class='ocrx_word' id='word_1_129' title='bbox 1685 1859 1812 1913; x_wconf 88' lang='lat' dir='ltr'><strong>illud</strong></span> <span class='ocrx_word' id='word_1_130' title='bbox 1845 1860 1932 1923; x_wconf 91' lang='lat' dir='ltr'><strong>sit,</strong></span> <span class='ocrx_word' id='word_1_131' title='bbox 1959 1859 2086 1912; x_wconf 86' lang='lat' dir='ltr'><strong>labi.</strong></span> 
     </span>
    </p>
   </div>
   <div class='ocr_carea' id='block_1_21' title="bbox 503 1947 2092 2018">
    <p class='ocr_par' dir='ltr' id='par_1_21' title="bbox 503 1947 2092 2018">
     <span class='ocr_line' id='line_1_21' title="bbox 503 1947 2092 2018; baseline -0.001 -16"><span class='ocrx_word' id='word_1_132' title='bbox 503 1950 792 2013; x_wconf 75' lang='lat' dir='ltr'><strong>Caeterum,</strong></span> <span class='ocrx_word' id='word_1_133' title='bbox 844 1949 888 2004; x_wconf 88' lang='lat' dir='ltr'><strong>si</strong></span> <span class='ocrx_word' id='word_1_134' title='bbox 935 1947 1036 2003; x_wconf 79' lang='lat' dir='ltr'><strong>labi</strong></span> <span class='ocrx_word' id='word_1_135' title='bbox 1077 1950 1396 2018; x_wconf 82' lang='lat' dir='ltr'><strong>contigerit,</strong></span> <span class='ocrx_word' id='word_1_136' title='bbox 1447 1951 1624 2004; x_wconf 86' lang='lat' dir='ltr'><strong>statim</strong></span> <span class='ocrx_word' id='word_1_137' title='bbox 1668 1949 1972 2002; x_wconf 81' lang='lat' dir='ltr'><strong>enitendum</strong></span> <span class='ocrx_word' id='word_1_138' title='bbox 2010 1956 2092 2002; x_wconf 87' lang='lat' dir='ltr'><strong>est</strong></span> 
     </span>
    </p>
   </div>
   <div class='ocr_carea' id='block_1_22' title="bbox 505 2042 2088 2111">
    <p class='ocr_par' dir='ltr' id='par_1_22' title="bbox 505 2042 2088 2111">
     <span class='ocr_line' id='line_1_22' title="bbox 505 2042 2088 2111; baseline 0 -18"><span class='ocrx_word' id='word_1_139' title='bbox 505 2051 560 2094; x_wconf 91' lang='lat' dir='ltr'><strong>nt</strong></span> <span class='ocrx_word' id='word_1_140' title='bbox 604 2042 924 2107; x_wconf 78' lang='lat' dir='ltr'><strong>resiliamus,</strong></span> <span class='ocrx_word' id='word_1_141' title='bbox 977 2055 1297 2111; x_wconf 88' lang='lat' dir='ltr'><strong>rursumque</strong></span> <span class='ocrx_word' id='word_1_142' title='bbox 1344 2043 1408 2094; x_wconf 90' lang='lat' dir='ltr'><strong>ad</strong></span> <span class='ocrx_word' id='word_1_143' title='bbox 1454 2042 1768 2110; x_wconf 70' lang='lat' dir='ltr'><strong>prirclarnm</strong></span> <span class='ocrx_word' id='word_1_144' title='bbox 1816 2049 2088 2094; x_wconf 89' lang='lat' dir='ltr'><strong>certamen</strong></span> 
     </span>
    </p>
   </div>
   <div class='ocr_carea' id='block_1_23' title="bbox 503 2130 2090 2199">
    <p class='ocr_par' dir='ltr' id='par_1_23' title="bbox 503 2130 2090 2199">
     <span class='ocr_line' id='line_1_23' title="bbox 503 2130 2090 2199; baseline -0.001 -16"><span class='ocrx_word' id='word_1_145' title='bbox 503 2130 808 2185; x_wconf 89' lang='lat' dir='ltr'><strong>obeundum</strong></span> <span class='ocrx_word' id='word_1_146' title='bbox 839 2141 1062 2186; x_wconf 86' lang='lat' dir='ltr'><strong>stemus.</strong></span> <span class='ocrx_word' id='word_1_147' title='bbox 1098 2132 1161 2184; x_wconf 82' lang='lat' dir='ltr'><strong>Et</strong></span> <span class='ocrx_word' id='word_1_148' title='bbox 1207 2133 1418 2199; x_wconf 88' lang='lat' dir='ltr'><strong>quoties</strong></span> <span class='ocrx_word' id='word_1_149' title='bbox 1448 2131 1640 2185; x_wconf 82' lang='lat' dir='ltr'><strong>cadere</strong></span> <span class='ocrx_word' id='word_1_150' title='bbox 1669 2133 1971 2199; x_wconf 83' lang='lat' dir='ltr'><strong>contigerit,</strong></span> <span class='ocrx_word' id='word_1_151' title='bbox 2007 2139 2090 2182; x_wconf 85' lang='lat' dir='ltr'><strong>to-</strong></span> 
     </span>
    </p>
   </div>
   <div class='ocr_carea' id='block_1_24' title="bbox 503 2222 2089 2289">
    <p class='ocr_par' dir='ltr' id='par_1_24' title="bbox 503 2222 2089 2289">
     <span class='ocr_line' id='line_1_24' title="bbox 503 2222 2089 2289; baseline -0.001 -15"><span class='ocrx_word' id='word_1_152' title='bbox 503 2225 601 2276; x_wconf 89' lang='lat' dir='ltr'><strong>ties</strong></span> <span class='ocrx_word' id='word_1_153' title='bbox 627 2225 787 2276; x_wconf 87' lang='lat' dir='ltr'><strong>etiam</strong></span> <span class='ocrx_word' id='word_1_154' title='bbox 815 2223 993 2275; x_wconf 85' lang='lat' dir='ltr'><strong>statim</strong></span> <span class='ocrx_word' id='word_1_155' title='bbox 1026 2237 1191 2289; x_wconf 88' lang='lat' dir='ltr'><strong>usque</strong></span> <span class='ocrx_word' id='word_1_156' title='bbox 1222 2223 1286 2274; x_wconf 88' lang='lat' dir='ltr'><strong>ad</strong></span> <span class='ocrx_word' id='word_1_157' title='bbox 1317 2231 1614 2276; x_wconf 82' lang='lat' dir='ltr'><strong>extremum</strong></span> <span class='ocrx_word' id='word_1_158' title='bbox 1659 2224 1779 2272; x_wconf 71' lang='lat' dir='ltr'><strong>vita:</strong></span> <span class='ocrx_word' id='word_1_159' title='bbox 1809 2222 1950 2275; x_wconf 91' lang='lat' dir='ltr'><strong>diem</strong></span> <span class='ocrx_word' id='word_1_160' title='bbox 1998 2234 2089 2273; x_wconf 79' lang='lat' dir='ltr'><strong>cu-</strong></span> 
     </span>
    </p>
   </div>
   <div class='ocr_carea' id='block_1_25' title="bbox 501 2313 2090 2382">
    <p class='ocr_par' dir='ltr' id='par_1_25' title="bbox 501 2313 2090 2382">
     <span class='ocr_line' id='line_1_25' title="bbox 501 2313 2090 2382; baseline -0.004 -13"><span class='ocrx_word' id='word_1_161' title='bbox 501 2315 723 2369; x_wconf 88' lang='lat' dir='ltr'><strong>randum</strong></span> <span class='ocrx_word' id='word_1_162' title='bbox 755 2323 858 2380; x_wconf 91' lang='lat' dir='ltr'><strong>est,</strong></span> <span class='ocrx_word' id='word_1_163' title='bbox 893 2323 948 2367; x_wconf 90' lang='lat' dir='ltr'><strong>nt</strong></span> <span class='ocrx_word' id='word_1_164' title='bbox 977 2327 1339 2382; x_wconf 87' lang='lat' dir='ltr'><strong>resurgamus,</strong></span> <span class='ocrx_word' id='word_1_165' title='bbox 1370 2323 1528 2382; x_wconf 92' lang='lat' dir='ltr'><strong>atque</strong></span> <span class='ocrx_word' id='word_1_166' title='bbox 1560 2314 1612 2366; x_wconf 88' lang='lat' dir='ltr'><strong>in</strong></span> <span class='ocrx_word' id='word_1_167' title='bbox 1659 2313 1932 2380; x_wconf 90' lang='lat' dir='ltr'><strong>procinctu</strong></span> <span class='ocrx_word' id='word_1_168' title='bbox 1982 2321 2090 2364; x_wconf 91' lang='lat' dir='ltr'><strong>ste-</strong></span> 
     </span>
    </p>
   </div>
   <div class='ocr_carea' id='block_1_26' title="bbox 501 2402 2088 2472">
    <p class='ocr_par' dir='ltr' id='par_1_26' title="bbox 501 2402 2088 2472">
     <span class='ocr_line' id='line_1_26' title="bbox 501 2402 2088 2472; baseline -0.003 -14"><span class='ocrx_word' id='word_1_169' title='bbox 501 2419 639 2459; x_wconf 89' lang='lat' dir='ltr'><strong>mus.</strong></span> <span class='ocrx_word' id='word_1_170' title='bbox 672 2404 1051 2458; x_wconf 88' lang='lat' dir='ltr'><strong>Convertimini</strong></span> <span class='ocrx_word' id='word_1_171' title='bbox 1083 2407 1224 2457; x_wconf 91' lang='lat' dir='ltr'><strong>enim</strong></span> <span class='ocrx_word' id='word_1_172' title='bbox 1250 2406 1316 2457; x_wconf 87' lang='lat' dir='ltr'><strong>ad</strong></span> <span class='ocrx_word' id='word_1_173' title='bbox 1350 2421 1454 2469; x_wconf 89' lang='lat' dir='ltr'><strong>me,</strong></span> <span class='ocrx_word' id='word_1_174' title='bbox 1485 2413 1538 2456; x_wconf 89' lang='lat' dir='ltr'><strong>et</strong></span> <span class='ocrx_word' id='word_1_175' title='bbox 1568 2419 1666 2472; x_wconf 81' lang='lat' dir='ltr'><strong>ego</strong></span> <span class='ocrx_word' id='word_1_176' title='bbox 1697 2411 1982 2457; x_wconf 82' lang='lat' dir='ltr'><strong>convertar</strong></span> <span class='ocrx_word' id='word_1_177' title='bbox 2019 2402 2088 2454; x_wconf 79' lang='lat' dir='ltr'><strong>ad</strong></span> 
     </span>
    </p>
   </div>
   <div class='ocr_carea' id='block_1_27' title="bbox 501 2493 1370 2566">
    <p class='ocr_par' dir='ltr' id='par_1_27' title="bbox 501 2493 1370 2566">
     <span class='ocr_line' id='line_1_27' title="bbox 501 2493 1370 2566; baseline -0.006 -15"><span class='ocrx_word' id='word_1_178' title='bbox 501 2511 616 2565; x_wconf 78' lang='lat' dir='ltr'><strong>Vos,</strong></span> <span class='ocrx_word' id='word_1_179' title='bbox 647 2497 717 2549; x_wconf 89' lang='lat' dir='ltr'><strong>ait</strong></span> <span class='ocrx_word' id='word_1_180' title='bbox 747 2494 1005 2549; x_wconf 85' lang='lat' dir='ltr'><strong>Dominus</strong></span> <span class='ocrx_word' id='word_1_181' title='bbox 1025 2495 1274 2564; x_wconf 85' lang='lat' dir='ltr'><strong>(Zachar.</strong></span> <span class='ocrx_word' id='word_1_182' title='bbox 1308 2493 1370 2566; x_wconf 89' lang='grc' dir='ltr'><strong>ι).</strong></span> 
     </span>
    </p>
   </div>
   <div class='ocr_carea' id='block_1_28' title="bbox 574 2586 2087 2654">
    <p class='ocr_par' dir='ltr' id='par_1_28' title="bbox 574 2586 2087 2654">
     <span class='ocr_line' id='line_1_28' title="bbox 574 2586 2087 2654; baseline 0 -13"><span class='ocrx_word' id='word_1_183' title='bbox 574 2587 703 2641; x_wconf 77' lang='lat' dir='ltr'><strong>CAP.</strong></span> <span class='ocrx_word' id='word_1_184' title='bbox 740 2587 853 2640; x_wconf 82' lang='lat' dir='ltr'><strong>XII.</strong></span> <span class='ocrx_word' id='word_1_185' title='bbox 876 2616 947 2626; x_wconf 96' lang='lat'><strong>—</strong></span> <span class='ocrx_word' id='word_1_186' title='bbox 968 2588 1046 2639; x_wconf 85' lang='lat' dir='ltr'><strong>Ad</strong></span> <span class='ocrx_word' id='word_1_187' title='bbox 1085 2586 1199 2641; x_wconf 65' lang='lat' dir='ltr'><strong>haec</strong></span> <span class='ocrx_word' id='word_1_188' title='bbox 1228 2597 1403 2640; x_wconf 88' lang='lat' dir='ltr'><strong>autem</strong></span> <span class='ocrx_word' id='word_1_189' title='bbox 1432 2586 1689 2654; x_wconf 79' lang='lat' dir='ltr'><strong>Josapltat</strong></span> <span class='ocrx_word' id='word_1_190' title='bbox 1736 2587 1907 2642; x_wconf 84' lang='lat' dir='ltr'><strong>dixit:</strong></span> <span class='ocrx_word' id='word_1_191' title='bbox 1941 2587 2087 2654; x_wconf 84' lang='lat' dir='ltr'><strong>Qua-</strong></span> 
     </span>
    </p>
   </div>
   <div class='ocr_carea' id='block_1_29' title="bbox 507 2677 2086 2746">
    <p class='ocr_par' dir='ltr' id='par_1_29' title="bbox 507 2677 2086 2746">
     <span class='ocr_line' id='line_1_29' title="bbox 507 2677 2086 2746; baseline 0.001 -16"><span class='ocrx_word' id='word_1_192' title='bbox 507 2693 630 2730; x_wconf 85' lang='lat' dir='ltr'><strong>nam</strong></span> <span class='ocrx_word' id='word_1_193' title='bbox 659 2677 818 2745; x_wconf 86' lang='lat' dir='ltr'><strong>igitur</strong></span> <span class='ocrx_word' id='word_1_194' title='bbox 842 2677 1047 2732; x_wconf 88' lang='lat' dir='ltr'><strong>ratione</strong></span> <span class='ocrx_word' id='word_1_195' title='bbox 1069 2679 1303 2746; x_wconf 68' lang='lat' dir='ltr'><strong>seip~um</strong></span> <span class='ocrx_word' id='word_1_196' title='bbox 1335 2677 1593 2746; x_wconf 89' lang='lat' dir='ltr'><strong>quispiam</strong></span> <span class='ocrx_word' id='word_1_197' title='bbox 1626 2687 1744 2744; x_wconf 84' lang='lat' dir='ltr'><strong>post</strong></span> <span class='ocrx_word' id='word_1_198' title='bbox 1767 2678 2086 2744; x_wconf 86' lang='lat' dir='ltr'><strong>baptismum</strong></span> 
     </span>
    </p>
   </div>
   <div class='ocr_carea' id='block_1_30' title="bbox 505 2768 2087 2840">
    <p class='ocr_par' dir='ltr' id='par_1_30' title="bbox 505 2768 2087 2840">
     <span class='ocr_line' id='line_1_30' title="bbox 505 2768 2087 2840; baseline 0.002 -18"><span class='ocrx_word' id='word_1_199' title='bbox 505 2768 573 2822; x_wconf 90' lang='lat' dir='ltr'><strong>ab</strong></span> <span class='ocrx_word' id='word_1_200' title='bbox 603 2768 747 2822; x_wconf 90' lang='lat' dir='ltr'><strong>omni</strong></span> <span class='ocrx_word' id='word_1_201' title='bbox 779 2769 978 2837; x_wconf 89' lang='lat' dir='ltr'><strong>peccati</strong></span> <span class='ocrx_word' id='word_1_202' title='bbox 1011 2770 1130 2822; x_wconf 84' lang='lat' dir='ltr'><strong>labe</strong></span> <span class='ocrx_word' id='word_1_203' title='bbox 1161 2785 1349 2838; x_wconf 90' lang='lat' dir='ltr'><strong>purum</strong></span> <span class='ocrx_word' id='word_1_204' title='bbox 1377 2769 1642 2822; x_wconf 58' lang='lat' dir='ltr'><strong>servant?</strong></span> <span class='ocrx_word' id='word_1_205' title='bbox 1670 2769 1798 2822; x_wconf 75' lang='lat' dir='ltr'><strong>Nam</strong></span> <span class='ocrx_word' id='word_1_206' title='bbox 1837 2771 1937 2826; x_wconf 87' lang='lat' dir='ltr'><strong>etsi</strong></span> <span class='ocrx_word' id='word_1_207' title='bbox 1966 2785 2087 2840; x_wconf 80' lang='lat' dir='ltr'><strong>pec-</strong></span> 
     </span>
    </p>
   </div>
   <div class='ocr_carea' id='block_1_31' title="bbox 503 2862 2088 2933">
    <p class='ocr_par' dir='ltr' id='par_1_31' title="bbox 503 2862 2088 2933">
     <span class='ocr_line' id='line_1_31' title="bbox 503 2862 2088 2933; baseline 0.004 -16"><span class='ocrx_word' id='word_1_208' title='bbox 503 2862 764 2928; x_wconf 89' lang='lat' dir='ltr'><strong>cantibus,</strong></span> <span class='ocrx_word' id='word_1_209' title='bbox 797 2872 852 2916; x_wconf 94' lang='lat' dir='ltr'><strong>ut</strong></span> <span class='ocrx_word' id='word_1_210' title='bbox 888 2864 1000 2932; x_wconf 89' lang='lat' dir='ltr'><strong>ipse</strong></span> <span class='ocrx_word' id='word_1_211' title='bbox 1027 2862 1124 2929; x_wconf 91' lang='lat' dir='ltr'><strong>ais,</strong></span> <span class='ocrx_word' id='word_1_212' title='bbox 1159 2864 1470 2932; x_wconf 81' lang='lat' dir='ltr'><strong>pomitentia</strong></span> <span class='ocrx_word' id='word_1_213' title='bbox 1496 2874 1656 2933; x_wconf 89' lang='lat' dir='ltr'><strong>patet,</strong></span> <span class='ocrx_word' id='word_1_214' title='bbox 1692 2874 1869 2920; x_wconf 89' lang='lat' dir='ltr'><strong>tamen</strong></span> <span class='ocrx_word' id='word_1_215' title='bbox 1902 2867 2088 2923; x_wconf 87' lang='lat' dir='ltr'><strong>labore</strong></span> 
     </span>
    </p>
   </div>
   <div class='ocr_carea' id='block_1_32' title="bbox 502 2953 2083 3025">
    <p class='ocr_par' dir='ltr' id='par_1_32' title="bbox 502 2953 2083 3025">
     <span class='ocr_line' id='line_1_32' title="bbox 502 2953 2083 3025; baseline 0.001 -17"><span class='ocrx_word' id='word_1_216' title='bbox 502 2964 555 3008; x_wconf 93' lang='lat' dir='ltr'><strong>et</strong></span> <span class='ocrx_word' id='word_1_217' title='bbox 584 2954 918 3023; x_wconf 83' lang='lat' dir='ltr'><strong>fatigatione,</strong></span> <span class='ocrx_word' id='word_1_218' title='bbox 954 2970 1016 3008; x_wconf 90' lang='lat' dir='ltr'><strong>ac</strong></span> <span class='ocrx_word' id='word_1_219' title='bbox 1045 2953 1170 3009; x_wconf 84' lang='lat' dir='ltr'><strong>ﬂetu</strong></span> <span class='ocrx_word' id='word_1_220' title='bbox 1199 2963 1253 3009; x_wconf 90' lang='lat' dir='ltr'><strong>et</strong></span> <span class='ocrx_word' id='word_1_221' title='bbox 1282 2955 1348 3008; x_wconf 70' lang='lat' dir='ltr'><strong>lui</strong></span> <span class='ocrx_word' id='word_1_222' title='bbox 1371 2964 1424 3007; x_wconf 91' lang='lat' dir='ltr'><strong>tu</strong></span> <span class='ocrx_word' id='word_1_223' title='bbox 1457 2970 1588 3023; x_wconf 91' lang='lat' dir='ltr'><strong>opus</strong></span> <span class='ocrx_word' id='word_1_224' title='bbox 1637 2967 1718 3009; x_wconf 92' lang='lat' dir='ltr'><strong>est</strong></span> <span class='ocrx_word' id='word_1_225' title='bbox 1756 2972 1768 3009; x_wconf 92' lang='lat'>:</span> <span class='ocrx_word' id='word_1_226' title='bbox 1802 2971 1921 3025; x_wconf 69' lang='lat' dir='ltr'><strong>quae</strong></span> <span class='ocrx_word' id='word_1_227' title='bbox 1967 2957 2083 3025; x_wconf 80' lang='lat' dir='ltr'><strong>qui-</strong></span> 
     </span>
    </p>
   </div>
   <div class='ocr_carea' id='block_1_33' title="bbox 504 3044 2086 3114">
    <p class='ocr_par' dir='ltr' id='par_1_33' title="bbox 504 3044 2086 3114">
     <span class='ocr_line' id='line_1_33' title="bbox 504 3044 2086 3114; baseline 0.002 -15"><span class='ocrx_word' id='word_1_228' title='bbox 504 3045 626 3100; x_wconf 89' lang='lat' dir='ltr'><strong>dem</strong></span> <span class='ocrx_word' id='word_1_229' title='bbox 656 3044 920 3114; x_wconf 85' lang='lat' dir='ltr'><strong>ejusmodi</strong></span> <span class='ocrx_word' id='word_1_230' title='bbox 953 3046 1080 3099; x_wconf 91' lang='lat' dir='ltr'><strong>mihi</strong></span> <span class='ocrx_word' id='word_1_231' title='bbox 1111 3061 1230 3101; x_wconf 90' lang='lat' dir='ltr'><strong>esse</strong></span> <span class='ocrx_word' id='word_1_232' title='bbox 1278 3048 1544 3114; x_wconf 84' lang='lat' dir='ltr'><strong>videntur,</strong></span> <span class='ocrx_word' id='word_1_233' title='bbox 1581 3056 1636 3100; x_wconf 94' lang='lat' dir='ltr'><strong>ut</strong></span> <span class='ocrx_word' id='word_1_234' title='bbox 1683 3062 1786 3101; x_wconf 93' lang='lat' dir='ltr'><strong>non</strong></span> <span class='ocrx_word' id='word_1_235' title='bbox 1828 3063 1890 3102; x_wconf 91' lang='lat' dir='ltr'><strong>ea</strong></span> <span class='ocrx_word' id='word_1_236' title='bbox 1934 3048 2086 3102; x_wconf 72' lang='lat' dir='ltr'><strong>illiilli</strong></span> 
     </span>
    </p>
   </div>
   <div class='ocr_carea' id='block_1_34' title="bbox 503 3137 2086 3208">
    <p class='ocr_par' dir='ltr' id='par_1_34' title="bbox 503 3137 2086 3208">
     <span class='ocr_line' id='line_1_34' title="bbox 503 3137 2086 3208; baseline 0.002 -18"><span class='ocrx_word' id='word_1_237' title='bbox 503 3137 658 3192; x_wconf 80' lang='lat' dir='ltr'><strong>facile</strong></span> <span class='ocrx_word' id='word_1_238' title='bbox 686 3137 941 3202; x_wconf 58' lang='lat' dir='ltr'><strong>conserui</strong></span> <span class='ocrx_word' id='word_1_239' title='bbox 970 3139 1197 3208; x_wconf 88' lang='lat' dir='ltr'><strong>possint.</strong></span> <span class='ocrx_word' id='word_1_240' title='bbox 1231 3139 1488 3205; x_wconf 87' lang='lat' dir='ltr'><strong>Quocirca</strong></span> <span class='ocrx_word' id='word_1_241' title='bbox 1520 3139 1659 3192; x_wconf 90' lang='lat' dir='ltr'><strong>viam</strong></span> <span class='ocrx_word' id='word_1_242' title='bbox 1702 3139 1876 3206; x_wconf 88' lang='lat' dir='ltr'><strong>potius</strong></span> <span class='ocrx_word' id='word_1_243' title='bbox 1903 3140 2086 3193; x_wconf 91' lang='lat' dir='ltr'><strong>nanci-</strong></span> 
     </span>
    </p>
   </div>
   <div class='ocr_carea' id='block_1_35' title="bbox 503 3229 2088 3300">
    <p class='ocr_par' dir='ltr' id='par_1_35' title="bbox 503 3229 2088 3300">
     <span class='ocr_line' id='line_1_35' title="bbox 503 3229 2088 3300; baseline 0 -16"><span class='ocrx_word' id='word_1_244' title='bbox 503 3232 578 3284; x_wconf 90' lang='lat' dir='ltr'><strong>sci</strong></span> <span class='ocrx_word' id='word_1_245' title='bbox 611 3245 884 3299; x_wconf 89' lang='lat' dir='ltr'><strong>cuperem,</strong></span> <span class='ocrx_word' id='word_1_246' title='bbox 913 3244 1014 3300; x_wconf 90' lang='lat' dir='ltr'><strong>qua</strong></span> <span class='ocrx_word' id='word_1_247' title='bbox 1041 3229 1250 3284; x_wconf 89' lang='lat' dir='ltr'><strong>sincere</strong></span> <span class='ocrx_word' id='word_1_248' title='bbox 1296 3239 1455 3298; x_wconf 87' lang='lat' dir='ltr'><strong>atque</strong></span> <span class='ocrx_word' id='word_1_249' title='bbox 1483 3238 1670 3283; x_wconf 83' lang='lat' dir='ltr'><strong>exacte</strong></span> <span class='ocrx_word' id='word_1_250' title='bbox 1698 3230 1790 3283; x_wconf 91' lang='lat' dir='ltr'><strong>Dei</strong></span> <span class='ocrx_word' id='word_1_251' title='bbox 1826 3240 2088 3299; x_wconf 74' lang='lat' dir='ltr'><strong>przecepta</strong></span> 
     </span>
    </p>
   </div>
   <div class='ocr_carea' id='block_1_36' title="bbox 504 3321 2086 3392">
    <p class='ocr_par' dir='ltr' id='par_1_36' title="bbox 504 3321 2086 3392">
     <span class='ocr_line' id='line_1_36' title="bbox 504 3321 2086 3392; baseline -0.003 -14"><span class='ocrx_word' id='word_1_252' title='bbox 504 3337 796 3392; x_wconf 83' lang='lat' dir='ltr'><strong>servarem,</strong></span> <span class='ocrx_word' id='word_1_253' title='bbox 830 3338 931 3378; x_wconf 91' lang='lat' dir='ltr'><strong>nec</strong></span> <span class='ocrx_word' id='word_1_254' title='bbox 955 3324 1023 3377; x_wconf 89' lang='lat' dir='ltr'><strong>ab</strong></span> <span class='ocrx_word' id='word_1_255' title='bbox 1066 3323 1130 3375; x_wconf 92' lang='lat' dir='ltr'><strong>iis</strong></span> <span class='ocrx_word' id='word_1_256' title='bbox 1158 3321 1521 3387; x_wconf 82' lang='lat' dir='ltr'><strong>deﬂecterem,</strong></span> <span class='ocrx_word' id='word_1_257' title='bbox 1552 3336 1651 3376; x_wconf 88' lang='lat' dir='ltr'><strong>nec</strong></span> <span class='ocrx_word' id='word_1_258' title='bbox 1681 3331 1802 3390; x_wconf 90' lang='lat' dir='ltr'><strong>post</strong></span> <span class='ocrx_word' id='word_1_259' title='bbox 1850 3325 2086 3388; x_wconf 85' lang='lat' dir='ltr'><strong>priorum</strong></span> 
     </span>
    </p>
   </div>
   <div class='ocr_carea' id='block_1_37' title="bbox 509 3414 2088 3484">
    <p class='ocr_par' dir='ltr' id='par_1_37' title="bbox 509 3414 2088 3484">
     <span class='ocr_line' id='line_1_37' title="bbox 509 3414 2088 3484; baseline 0 -13"><span class='ocrx_word' id='word_1_260' title='bbox 509 3428 849 3484; x_wconf 82' lang='lat' dir='ltr'><strong>peccatorum</strong></span> <span class='ocrx_word' id='word_1_261' title='bbox 903 3417 1110 3470; x_wconf 79' lang='lat' dir='ltr'><strong>veniam</strong></span> <span class='ocrx_word' id='word_1_262' title='bbox 1144 3415 1501 3483; x_wconf 88' lang='lat' dir='ltr'><strong>impetratam,</strong></span> <span class='ocrx_word' id='word_1_263' title='bbox 1533 3414 1907 3470; x_wconf 83' lang='lat' dir='ltr'><strong>suaviSsimum</strong></span> <span class='ocrx_word' id='word_1_264' title='bbox 1939 3417 2088 3471; x_wconf 88' lang='lat' dir='ltr'><strong>illum</strong></span> 
     </span>
    </p>
   </div>
   <div class='ocr_carea' id='block_1_38' title="bbox 503 3506 1940 3574">
    <p class='ocr_par' dir='ltr' id='par_1_38' title="bbox 503 3506 1940 3574">
     <span class='ocr_line' id='line_1_38' title="bbox 503 3506 1940 3574; baseline 0.001 -13"><span class='ocrx_word' id='word_1_265' title='bbox 503 3507 784 3562; x_wconf 90' lang='lat' dir='ltr'><strong>Dominum</strong></span> <span class='ocrx_word' id='word_1_266' title='bbox 814 3522 875 3562; x_wconf 92' lang='lat' dir='ltr'><strong>ac</strong></span> <span class='ocrx_word' id='word_1_267' title='bbox 919 3508 1081 3562; x_wconf 91' lang='lat' dir='ltr'><strong>Deum</strong></span> <span class='ocrx_word' id='word_1_268' title='bbox 1112 3507 1179 3560; x_wconf 86' lang='lat' dir='ltr'><strong>ad</strong></span> <span class='ocrx_word' id='word_1_269' title='bbox 1213 3506 1538 3560; x_wconf 87' lang='lat' dir='ltr'><strong>iracundiam</strong></span> <span class='ocrx_word' id='word_1_270' title='bbox 1573 3521 1940 3574; x_wconf 90' lang='lat' dir='ltr'><strong>provocarem.</strong></span> 
     </span>
    </p>
   </div>
   <div class='ocr_carea' id='block_1_39' title="bbox 574 3595 2089 3667">
    <p class='ocr_par' dir='ltr' id='par_1_39' title="bbox 574 3595 2089 3667">
     <span class='ocr_line' id='line_1_39' title="bbox 574 3595 2089 3667; baseline 0 -15"><span class='ocrx_word' id='word_1_271' title='bbox 574 3597 868 3667; x_wconf 74' lang='lat' dir='ltr'><strong>Respondit</strong></span> <span class='ocrx_word' id='word_1_272' title='bbox 895 3609 1072 3652; x_wconf 88' lang='lat' dir='ltr'><strong>autem</strong></span> <span class='ocrx_word' id='word_1_273' title='bbox 1107 3595 1346 3650; x_wconf 86' lang='lat' dir='ltr'><strong>Barlaam</strong></span> <span class='ocrx_word' id='word_1_274' title='bbox 1375 3597 1578 3650; x_wconf 81' lang='lat' dir='ltr'><strong>:Recte</strong></span> <span class='ocrx_word' id='word_1_275' title='bbox 1607 3597 1723 3651; x_wconf 54' lang='lat' dir='ltr'><strong>haec</strong></span> <span class='ocrx_word' id='word_1_276' title='bbox 1753 3597 1959 3665; x_wconf 80' lang='lat' dir='ltr'><strong>dixisti,</strong></span> <span class='ocrx_word' id='word_1_277' title='bbox 1993 3598 2089 3652; x_wconf 86' lang='lat' dir='ltr'><strong>do-</strong></span> 
     </span>
    </p>
   </div>
   <div class='ocr_carea' id='block_1_40' title="bbox 502 3688 2089 3758">
    <p class='ocr_par' dir='ltr' id='par_1_40' title="bbox 502 3688 2089 3758">
     <span class='ocr_line' id='line_1_40' title="bbox 502 3688 2089 3758; baseline 0 -14"><span class='ocrx_word' id='word_1_278' title='bbox 502 3690 645 3745; x_wconf 90' lang='lat' dir='ltr'><strong>mine</strong></span> <span class='ocrx_word' id='word_1_279' title='bbox 673 3690 744 3744; x_wconf 91' lang='lat' dir='ltr'><strong>mi</strong></span> <span class='ocrx_word' id='word_1_280' title='bbox 774 3703 837 3744; x_wconf 88' lang='lat' dir='ltr'><strong>ac</strong></span> <span class='ocrx_word' id='word_1_281' title='bbox 867 3705 980 3753; x_wconf 85' lang='lat' dir='ltr'><strong>rex,</strong></span> <span class='ocrx_word' id='word_1_282' title='bbox 1013 3697 1173 3757; x_wconf 90' lang='lat' dir='ltr'><strong>atque</strong></span> <span class='ocrx_word' id='word_1_283' title='bbox 1199 3688 1301 3742; x_wconf 93' lang='lat' dir='ltr'><strong>hoc</strong></span> <span class='ocrx_word' id='word_1_284' title='bbox 1349 3690 1479 3742; x_wconf 84' lang='lat' dir='ltr'><strong>mihi</strong></span> <span class='ocrx_word' id='word_1_285' title='bbox 1514 3701 1814 3758; x_wconf 82' lang='lat' dir='ltr'><strong>pergratum</strong></span> <span class='ocrx_word' id='word_1_286' title='bbox 1844 3703 1920 3744; x_wconf 92' lang='lat' dir='ltr'><strong>est</strong></span> <span class='ocrx_word' id='word_1_287' title='bbox 1949 3707 1963 3749; x_wconf 86' lang='lat'><strong>;</strong></span> <span class='ocrx_word' id='word_1_288' title='bbox 1997 3706 2089 3744; x_wconf 81' lang='lat' dir='ltr'><strong>ve-</strong></span> 
     </span>
    </p>
   </div>
   <div class='ocr_carea' id='block_1_41' title="bbox 505 3781 2086 3852">
    <p class='ocr_par' dir='ltr' id='par_1_41' title="bbox 505 3781 2086 3852">
     <span class='ocr_line' id='line_1_41' title="bbox 505 3781 2086 3852; baseline 0.001 -16"><span class='ocrx_word' id='word_1_289' title='bbox 505 3798 622 3837; x_wconf 87' lang='lat' dir='ltr'><strong>runt</strong></span> <span class='ocrx_word' id='word_1_290' title='bbox 644 3781 867 3836; x_wconf 87' lang='lat' dir='ltr'><strong>arduum</strong></span> <span class='ocrx_word' id='word_1_291' title='bbox 893 3791 994 3846; x_wconf 90' lang='lat' dir='ltr'><strong>est,</strong></span> <span class='ocrx_word' id='word_1_292' title='bbox 1025 3796 1092 3836; x_wconf 91' lang='lat' dir='ltr'><strong>ne</strong></span> <span class='ocrx_word' id='word_1_293' title='bbox 1131 3781 1301 3835; x_wconf 90' lang='lat' dir='ltr'><strong>dicam</strong></span> <span class='ocrx_word' id='word_1_294' title='bbox 1332 3781 1681 3848; x_wconf 44' lang='lat' dir='ltr'><strong>impossibile,</strong></span> <span class='ocrx_word' id='word_1_295' title='bbox 1719 3793 1774 3836; x_wconf 89' lang='lat' dir='ltr'><strong>ut</strong></span> <span class='ocrx_word' id='word_1_296' title='bbox 1821 3783 2086 3852; x_wconf 83' lang='lat' dir='ltr'><strong>quiSpiam</strong></span> 
     </span>
    </p>
   </div>
   <div class='ocr_carea' id='block_1_42' title="bbox 503 3872 2084 3942">
    <p class='ocr_par' dir='ltr' id='par_1_42' title="bbox 503 3872 2084 3942">
     <span class='ocr_line' id='line_1_42' title="bbox 503 3872 2084 3942; baseline 0.002 -15"><span class='ocrx_word' id='word_1_297' title='bbox 503 3872 556 3927; x_wconf 92' lang='lat' dir='ltr'><strong>in</strong></span> <span class='ocrx_word' id='word_1_298' title='bbox 583 3877 705 3942; x_wconf 85' lang='lat' dir='ltr'><strong>igne</strong></span> <span class='ocrx_word' id='word_1_299' title='bbox 737 3881 1004 3933; x_wconf 88' lang='lat' dir='ltr'><strong>versetur,</strong></span> <span class='ocrx_word' id='word_1_300' title='bbox 1032 3886 1129 3925; x_wconf 90' lang='lat' dir='ltr'><strong>nec</strong></span> <span class='ocrx_word' id='word_1_301' title='bbox 1153 3883 1328 3926; x_wconf 90' lang='lat' dir='ltr'><strong>tamen</strong></span> <span class='ocrx_word' id='word_1_302' title='bbox 1358 3872 1505 3926; x_wconf 85' lang='lat' dir='ltr'><strong>fumo</strong></span> <span class='ocrx_word' id='word_1_303' title='bbox 1531 3873 1856 3927; x_wconf 77' lang='lat' dir='ltr'><strong>ollundatnr.</strong></span> <span class='ocrx_word' id='word_1_304' title='bbox 1884 3874 2084 3930; x_wconf 84' lang='lat' dir='ltr'><strong>Eodem</strong></span> 
     </span>
    </p>
   </div>
   <div class='ocr_carea' id='block_1_43' title="bbox 500 3961 2086 4034">
    <p class='ocr_par' dir='ltr' id='par_1_43' title="bbox 500 3961 2086 4034">
     <span class='ocr_line' id='line_1_43' title="bbox 500 3961 2086 4034; baseline 0.003 -19"><span class='ocrx_word' id='word_1_305' title='bbox 500 3961 627 4018; x_wconf 90' lang='lat' dir='ltr'><strong>item</strong></span> <span class='ocrx_word' id='word_1_306' title='bbox 676 3963 835 4016; x_wconf 91' lang='lat' dir='ltr'><strong>modo</strong></span> <span class='ocrx_word' id='word_1_307' title='bbox 864 3961 1087 4014; x_wconf 89' lang='lat' dir='ltr'><strong>arduttm</strong></span> <span class='ocrx_word' id='word_1_308' title='bbox 1121 3971 1204 4015; x_wconf 91' lang='lat' dir='ltr'><strong>est</strong></span> <span class='ocrx_word' id='word_1_309' title='bbox 1231 3978 1293 4015; x_wconf 90' lang='lat' dir='ltr'><strong>ac</strong></span> <span class='ocrx_word' id='word_1_310' title='bbox 1337 3977 1586 4032; x_wconf 87' lang='lat' dir='ltr'><strong>perquam</strong></span> <span class='ocrx_word' id='word_1_311' title='bbox 1631 3964 1848 4018; x_wconf 81' lang='lat' dir='ltr'><strong>difﬁcile</strong></span> <span class='ocrx_word' id='word_1_312' title='bbox 1892 3975 1952 4019; x_wconf 90' lang='lat' dir='ltr'><strong>ut</strong></span> <span class='ocrx_word' id='word_1_313' title='bbox 1996 3967 2086 4034; x_wconf 89' lang='lat' dir='ltr'><strong>qui</strong></span> 
     </span>
    </p>
   </div>
   <div class='ocr_carea' id='block_1_44' title="bbox 504 4053 2084 4124">
    <p class='ocr_par' dir='ltr' id='par_1_44' title="bbox 504 4053 2084 4124">
     <span class='ocr_line' id='line_1_44' title="bbox 504 4053 2084 4124; baseline 0.001 -15"><span class='ocrx_word' id='word_1_314' title='bbox 504 4055 726 4123; x_wconf 86' lang='lat' dir='ltr'><strong>hujusce</strong></span> <span class='ocrx_word' id='word_1_315' title='bbox 766 4055 887 4107; x_wconf 70' lang='lat' dir='ltr'><strong>vita:</strong></span> <span class='ocrx_word' id='word_1_316' title='bbox 935 4053 1159 4124; x_wconf 85' lang='lat' dir='ltr'><strong>negotiis</strong></span> <span class='ocrx_word' id='word_1_317' title='bbox 1202 4064 1447 4123; x_wconf 88' lang='lat' dir='ltr'><strong>tanquam</strong></span> <span class='ocrx_word' id='word_1_318' title='bbox 1497 4056 1723 4109; x_wconf 85' lang='lat' dir='ltr'><strong>vinculis</strong></span> <span class='ocrx_word' id='word_1_319' title='bbox 1770 4056 2084 4122; x_wconf 87' lang='lat' dir='ltr'><strong>quihusdam</strong></span> 
     </span>
    </p>
   </div>
   <div class='ocr_carea' id='block_1_45' title="bbox 503 4145 2083 4214">
    <p class='ocr_par' dir='ltr' id='par_1_45' title="bbox 503 4145 2083 4214">
     <span class='ocr_line' id='line_1_45' title="bbox 503 4145 2083 4214; baseline 0.004 -16"><span class='ocrx_word' id='word_1_320' title='bbox 503 4147 752 4200; x_wconf 90' lang='lat' dir='ltr'><strong>astrictus</strong></span> <span class='ocrx_word' id='word_1_321' title='bbox 783 4154 1014 4209; x_wconf 84' lang='lat' dir='ltr'><strong>tenetur,</strong></span> <span class='ocrx_word' id='word_1_322' title='bbox 1045 4145 1268 4214; x_wconf 88' lang='lat' dir='ltr'><strong>ejusque</strong></span> <span class='ocrx_word' id='word_1_323' title='bbox 1299 4148 1442 4201; x_wconf 92' lang='lat' dir='ltr'><strong>curis</strong></span> <span class='ocrx_word' id='word_1_324' title='bbox 1472 4163 1532 4202; x_wconf 88' lang='lat' dir='ltr'><strong>ac</strong></span> <span class='ocrx_word' id='word_1_325' title='bbox 1565 4149 1877 4204; x_wconf 90' lang='lat' dir='ltr'><strong>tumultibus</strong></span> <span class='ocrx_word' id='word_1_326' title='bbox 1927 4150 2083 4204; x_wconf 91' lang='lat' dir='ltr'><strong>disti-</strong></span> 
     </span>
    </p>
   </div>
   <div class='ocr_carea' id='block_1_46' title="bbox 504 4234 2085 4306">
    <p class='ocr_par' dir='ltr' id='par_1_46' title="bbox 504 4234 2085 4306">
     <span class='ocr_line' id='line_1_46' title="bbox 504 4234 2085 4306; baseline 0.004 -18"><span class='ocrx_word' id='word_1_327' title='bbox 504 4243 682 4299; x_wconf 90' lang='lat' dir='ltr'><strong>netur,</strong></span> <span class='ocrx_word' id='word_1_328' title='bbox 714 4241 872 4301; x_wconf 90' lang='lat' dir='ltr'><strong>atque</strong></span> <span class='ocrx_word' id='word_1_329' title='bbox 905 4235 954 4287; x_wconf 92' lang='lat' dir='ltr'><strong>in</strong></span> <span class='ocrx_word' id='word_1_330' title='bbox 982 4234 1172 4302; x_wconf 82' lang='lat' dir='ltr'><strong>Opibus</strong></span> <span class='ocrx_word' id='word_1_331' title='bbox 1199 4249 1260 4288; x_wconf 89' lang='lat' dir='ltr'><strong>ac</strong></span> <span class='ocrx_word' id='word_1_332' title='bbox 1289 4235 1494 4291; x_wconf 89' lang='lat' dir='ltr'><strong>deliciis</strong></span> <span class='ocrx_word' id='word_1_333' title='bbox 1523 4239 1668 4306; x_wconf 88' lang='lat' dir='ltr'><strong>vivit,</strong></span> <span class='ocrx_word' id='word_1_334' title='bbox 1698 4238 1816 4294; x_wconf 92' lang='lat' dir='ltr'><strong>sine</strong></span> <span class='ocrx_word' id='word_1_335' title='bbox 1847 4241 1952 4293; x_wconf 86' lang='lat' dir='ltr'><strong>ulla</strong></span> <span class='ocrx_word' id='word_1_336' title='bbox 2004 4242 2085 4295; x_wconf 94' lang='lat' dir='ltr'><strong>in-</strong></span> 
     </span>
    </p>
   </div>
   <div class='ocr_carea' id='block_1_47' title="bbox 503 4323 2084 4401">
    <p class='ocr_par' dir='ltr' id='par_1_47' title="bbox 503 4323 2084 4401">
     <span class='ocr_line' id='line_1_47' title="bbox 503 4323 2084 4401; baseline 0.006 -22"><span class='ocrx_word' id='word_1_337' title='bbox 503 4323 731 4379; x_wconf 77' lang='lat' dir='ltr'><strong>flexione</strong></span> <span class='ocrx_word' id='word_1_338' title='bbox 760 4324 1130 4379; x_wconf 87' lang='lat' dir='ltr'><strong>mandatorum</strong></span> <span class='ocrx_word' id='word_1_339' title='bbox 1165 4325 1256 4380; x_wconf 89' lang='lat' dir='ltr'><strong>Dei</strong></span> <span class='ocrx_word' id='word_1_340' title='bbox 1297 4327 1436 4380; x_wconf 88' lang='lat' dir='ltr'><strong>viam</strong></span> <span class='ocrx_word' id='word_1_341' title='bbox 1472 4340 1734 4400; x_wconf 87' lang='lat' dir='ltr'><strong>peragret,</strong></span> <span class='ocrx_word' id='word_1_342' title='bbox 1786 4348 2084 4401; x_wconf 87' lang='lat' dir='ltr'><strong>purumque</strong></span> 
     </span>
    </p>
   </div>
   <div class='ocr_carea' id='block_1_48' title="bbox 499 4415 2083 4486">
    <p class='ocr_par' dir='ltr' id='par_1_48' title="bbox 499 4415 2083 4486">
     <span class='ocr_line' id='line_1_48' title="bbox 499 4415 2083 4486; baseline 0.005 -15"><span class='ocrx_word' id='word_1_343' title='bbox 499 4415 734 4486; x_wconf 80' lang='lat' dir='ltr'><strong>seipsum</strong></span> <span class='ocrx_word' id='word_1_344' title='bbox 776 4425 934 4483; x_wconf 90' lang='lat' dir='ltr'><strong>atque</strong></span> <span class='ocrx_word' id='word_1_345' title='bbox 982 4417 1306 4471; x_wconf 91' lang='lat' dir='ltr'><strong>incolumem</strong></span> <span class='ocrx_word' id='word_1_346' title='bbox 1338 4419 1406 4473; x_wconf 89' lang='lat' dir='ltr'><strong>ab</strong></span> <span class='ocrx_word' id='word_1_347' title='bbox 1450 4420 1513 4474; x_wconf 92' lang='lat' dir='ltr'><strong>iis</strong></span> <span class='ocrx_word' id='word_1_348' title='bbox 1563 4433 1760 4475; x_wconf 88' lang='lat' dir='ltr'><strong>servet.</strong></span> <span class='ocrx_word' id='word_1_349' title='bbox 1806 4429 1897 4478; x_wconf 82' lang='lat' dir='ltr'><strong>Ait</strong></span> <span class='ocrx_word' id='word_1_350' title='bbox 1941 4427 2083 4480; x_wconf 91' lang='lat' dir='ltr'><strong>enim</strong></span> 
     </span>
    </p>
   </div>
   <div class='ocr_carea' id='block_1_49' title="bbox 2189 488 3776 559">
    <p class='ocr_par' dir='ltr' id='par_1_49' title="bbox 2189 488 3776 559">
     <span class='ocr_line' id='line_1_49' title="bbox 2189 488 3776 559; baseline 0.002 -15"><span class='ocrx_word' id='word_1_351' title='bbox 2189 505 2412 556; x_wconf 86' lang='lat' dir='ltr'><strong>regnum</strong></span> <span class='ocrx_word' id='word_1_352' title='bbox 2441 490 2699 543; x_wconf 68' lang='lat' dir='ltr'><strong>caelorum</strong></span> <span class='ocrx_word' id='word_1_353' title='bbox 2725 488 2862 559; x_wconf 79' lang='lat' dir='ltr'><strong>(Act.</strong></span> <span class='ocrx_word' id='word_1_354' title='bbox 2897 489 3028 557; x_wconf 75' lang='lat' dir='ltr'><strong>xiv),</strong></span> <span class='ocrx_word' id='word_1_355' title='bbox 3063 489 3113 542; x_wconf 94' lang='lat' dir='ltr'><strong>in</strong></span> <span class='ocrx_word' id='word_1_356' title='bbox 3147 488 3196 540; x_wconf 91' lang='lat' dir='ltr'><strong>id</strong></span> <span class='ocrx_word' id='word_1_357' title='bbox 3241 489 3386 542; x_wconf 90' lang='lat' dir='ltr'><strong>omni</strong></span> <span class='ocrx_word' id='word_1_358' title='bbox 3429 493 3591 544; x_wconf 91' lang='lat' dir='ltr'><strong>animi</strong></span> <span class='ocrx_word' id='word_1_359' title='bbox 3642 508 3776 547; x_wconf 86' lang='lat' dir='ltr'><strong>cnn-</strong></span> 
     </span>
    </p>
   </div>
   <div class='ocr_carea' id='block_1_50' title="bbox 2191 580 3780 647">
    <p class='ocr_par' dir='ltr' id='par_1_50' title="bbox 2191 580 3780 647">
     <span class='ocr_line' id='line_1_50' title="bbox 2191 580 3780 647; baseline 0.003 -14"><span class='ocrx_word' id='word_1_360' title='bbox 2191 580 2426 634; x_wconf 89' lang='lat' dir='ltr'><strong>tentione</strong></span> <span class='ocrx_word' id='word_1_361' title='bbox 2458 580 2839 645; x_wconf 90' lang='lat' dir='ltr'><strong>incubuertmt,</strong></span> <span class='ocrx_word' id='word_1_362' title='bbox 2873 587 2930 632; x_wconf 90' lang='lat' dir='ltr'><strong>ut</strong></span> <span class='ocrx_word' id='word_1_363' title='bbox 2962 589 3080 647; x_wconf 87' lang='lat' dir='ltr'><strong>post</strong></span> <span class='ocrx_word' id='word_1_364' title='bbox 3124 580 3468 647; x_wconf 87' lang='lat' dir='ltr'><strong>baptismum,</strong></span> <span class='ocrx_word' id='word_1_365' title='bbox 3521 587 3780 639; x_wconf 79' lang='lat' dir='ltr'><strong>immacu-</strong></span> 
     </span>
    </p>
   </div>
   <div class='ocr_carea' id='block_1_51' title="bbox 2193 673 3779 740">
    <p class='ocr_par' dir='ltr' id='par_1_51' title="bbox 2193 673 3779 740">
     <span class='ocr_line' id='line_1_51' title="bbox 2193 673 3779 740; baseline -0.002 -14"><span class='ocrx_word' id='word_1_366' title='bbox 2193 673 2355 726; x_wconf 83' lang='lat' dir='ltr'><strong>latum</strong></span> <span class='ocrx_word' id='word_1_367' title='bbox 2384 687 2446 726; x_wconf 89' lang='lat' dir='ltr'><strong>ac</strong></span> <span class='ocrx_word' id='word_1_368' title='bbox 2476 673 2610 726; x_wconf 88' lang='lat' dir='ltr'><strong>labis</strong></span> <span class='ocrx_word' id='word_1_369' title='bbox 2633 673 2811 726; x_wconf 91' lang='lat' dir='ltr'><strong>omnis</strong></span> <span class='ocrx_word' id='word_1_370' title='bbox 2837 686 3028 740; x_wconf 75' lang='lat' dir='ltr'><strong>expers</strong></span> <span class='ocrx_word' id='word_1_371' title='bbox 3051 673 3469 740; x_wconf 90' lang='lat' dir='ltr'><strong>incorruptionis</strong></span> <span class='ocrx_word' id='word_1_372' title='bbox 3493 674 3779 730; x_wconf 84' lang='lat' dir='ltr'><strong>indunten-</strong></span> 
     </span>
    </p>
   </div>
   <div class='ocr_carea' id='block_1_52' title="bbox 2191 762 3777 830">
    <p class='ocr_par' dir='ltr' id='par_1_52' title="bbox 2191 762 3777 830">
     <span class='ocr_line' id='line_1_52' title="bbox 2191 762 3777 830; baseline 0.003 -15"><span class='ocrx_word' id='word_1_373' title='bbox 2191 772 2304 816; x_wconf 91' lang='lat' dir='ltr'><strong>tum</strong></span> <span class='ocrx_word' id='word_1_374' title='bbox 2327 770 2731 816; x_wconf 89' lang='lat' dir='ltr'><strong>conservarent.</strong></span> <span class='ocrx_word' id='word_1_375' title='bbox 2758 766 2834 814; x_wconf 84' lang='lat' dir='ltr'><strong>Ac</strong></span> <span class='ocrx_word' id='word_1_376' title='bbox 2862 762 3081 828; x_wconf 90' lang='lat' dir='ltr'><strong>proinde</strong></span> <span class='ocrx_word' id='word_1_377' title='bbox 3102 763 3318 830; x_wconf 88' lang='lat' dir='ltr'><strong>quidam</strong></span> <span class='ocrx_word' id='word_1_378' title='bbox 3340 777 3527 816; x_wconf 90' lang='lat' dir='ltr'><strong>eormn</strong></span> <span class='ocrx_word' id='word_1_379' title='bbox 3550 765 3777 820; x_wconf 88' lang='lat' dir='ltr'><strong>alterum</strong></span> 
     </span>
    </p>
   </div>
   <div class='ocr_carea' id='block_1_53' title="bbox 2189 855 3778 921">
    <p class='ocr_par' dir='ltr' id='par_1_53' title="bbox 2189 855 3778 921">
     <span class='ocr_line' id='line_1_53' title="bbox 2189 855 3778 921; baseline 0.002 -13"><span class='ocrx_word' id='word_1_380' title='bbox 2189 855 2348 908; x_wconf 87' lang='lat' dir='ltr'><strong>etiam</strong></span> <span class='ocrx_word' id='word_1_381' title='bbox 2372 855 2691 920; x_wconf 83' lang='lat' dir='ltr'><strong>baptismum</strong></span> <span class='ocrx_word' id='word_1_382' title='bbox 2716 855 2931 921; x_wconf 88' lang='lat' dir='ltr'><strong>insuper</strong></span> <span class='ocrx_word' id='word_1_383' title='bbox 2950 862 3375 921; x_wconf 86' lang='lat' dir='ltr'><strong>assuinpseront,</strong></span> <span class='ocrx_word' id='word_1_384' title='bbox 3405 858 3502 909; x_wconf 88' lang='lat' dir='ltr'><strong>hoc</strong></span> <span class='ocrx_word' id='word_1_385' title='bbox 3525 865 3626 920; x_wconf 81' lang='lat' dir='ltr'><strong>est,</strong></span> <span class='ocrx_word' id='word_1_386' title='bbox 3657 873 3778 911; x_wconf 88' lang='lat' dir='ltr'><strong>eum</strong></span> 
     </span>
    </p>
   </div>
   <div class='ocr_carea' id='block_1_54' title="bbox 2192 945 3783 1017">
    <p class='ocr_par' dir='ltr' id='par_1_54' title="bbox 2192 945 3783 1017">
     <span class='ocr_line' id='line_1_54' title="bbox 2192 945 3783 1017; baseline 0.004 -19"><span class='ocrx_word' id='word_1_387' title='bbox 2192 945 2280 1014; x_wconf 92' lang='lat' dir='ltr'><strong>qui</strong></span> <span class='ocrx_word' id='word_1_388' title='bbox 2314 947 2363 999; x_wconf 92' lang='lat' dir='ltr'><strong>in</strong></span> <span class='ocrx_word' id='word_1_389' title='bbox 2395 947 2557 1016; x_wconf 74' lang='lat'><strong>269</strong></span> <span class='ocrx_word' id='word_1_390' title='bbox 2584 945 2857 1014; x_wconf 83' lang='lat' dir='ltr'><strong>sanguinis</strong></span> <span class='ocrx_word' id='word_1_391' title='bbox 2887 945 3227 1014; x_wconf 85' lang='lat' dir='ltr'><strong>profusione,</strong></span> <span class='ocrx_word' id='word_1_392' title='bbox 3261 960 3323 999; x_wconf 90' lang='lat' dir='ltr'><strong>ac</strong></span> <span class='ocrx_word' id='word_1_393' title='bbox 3349 952 3607 1017; x_wconf 88' lang='lat' dir='ltr'><strong>martyrio</strong></span> <span class='ocrx_word' id='word_1_394' title='bbox 3650 950 3783 1006; x_wconf 80' lang='lat' dir='ltr'><strong>situs</strong></span> 
     </span>
    </p>
   </div>
   <div class='ocr_carea' id='block_1_55' title="bbox 2192 1037 3783 1110">
    <p class='ocr_par' dir='ltr' id='par_1_55' title="bbox 2192 1037 3783 1110">
     <span class='ocr_line' id='line_1_55' title="bbox 2192 1037 3783 1110; baseline 0.004 -22"><span class='ocrx_word' id='word_1_395' title='bbox 2192 1045 2294 1090; x_wconf 90' lang='lat' dir='ltr'><strong>est.</strong></span> <span class='ocrx_word' id='word_1_396' title='bbox 2322 1037 2623 1105; x_wconf 88' lang='lat' dir='ltr'><strong>Baptismus</strong></span> <span class='ocrx_word' id='word_1_397' title='bbox 2668 1038 2812 1092; x_wconf 90' lang='lat' dir='ltr'><strong>enim</strong></span> <span class='ocrx_word' id='word_1_398' title='bbox 2859 1039 2943 1091; x_wconf 88' lang='lat' dir='ltr'><strong>hic</strong></span> <span class='ocrx_word' id='word_1_399' title='bbox 2987 1055 3199 1110; x_wconf 91' lang='lat' dir='ltr'><strong>quoque</strong></span> <span class='ocrx_word' id='word_1_400' title='bbox 3248 1040 3545 1108; x_wconf 86' lang='lat' dir='ltr'><strong>appellatus</strong></span> <span class='ocrx_word' id='word_1_401' title='bbox 3596 1051 3700 1104; x_wconf 63' lang='lat' dir='ltr'><strong>est,</strong></span> <span class='ocrx_word' id='word_1_402' title='bbox 3729 1053 3783 1095; x_wconf 91' lang='lat' dir='ltr'><strong>et</strong></span> 
     </span>
    </p>
   </div>
   <div class='ocr_carea' id='block_1_56' title="bbox 2195 1126 3779 1195">
    <p class='ocr_par' dir='ltr' id='par_1_56' title="bbox 2195 1126 3779 1195">
     <span class='ocr_line' id='line_1_56' title="bbox 2195 1126 3779 1195; baseline 0.005 -19"><span class='ocrx_word' id='word_1_403' title='bbox 2195 1126 2408 1194; x_wconf 90' lang='lat' dir='ltr'><strong>quidem</strong></span> <span class='ocrx_word' id='word_1_404' title='bbox 2443 1127 2938 1195; x_wconf 52' lang='lat' dir='ltr'><strong>praestantissimus,</strong></span> <span class='ocrx_word' id='word_1_405' title='bbox 2970 1144 3034 1183; x_wconf 90' lang='lat' dir='ltr'><strong>ac</strong></span> <span class='ocrx_word' id='word_1_406' title='bbox 3063 1145 3271 1184; x_wconf 89' lang='lat' dir='ltr'><strong>summa</strong></span> <span class='ocrx_word' id='word_1_407' title='bbox 3317 1133 3663 1185; x_wconf 85' lang='lat' dir='ltr'><strong>veneratione</strong></span> <span class='ocrx_word' id='word_1_408' title='bbox 3701 1133 3779 1184; x_wconf 80' lang='lat' dir='ltr'><strong>di-</strong></span> 
     </span>
    </p>
   </div>
   <div class='ocr_carea' id='block_1_57' title="bbox 2195 1219 3782 1290">
    <p class='ocr_par' dir='ltr' id='par_1_57' title="bbox 2195 1219 3782 1290">
     <span class='ocr_line' id='line_1_57' title="bbox 2195 1219 3782 1290; baseline 0.006 -21"><span class='ocrx_word' id='word_1_409' title='bbox 2195 1232 2352 1284; x_wconf 56' lang='lat' dir='ltr'><strong>gnus,</strong></span> <span class='ocrx_word' id='word_1_410' title='bbox 2385 1233 2556 1286; x_wconf 90' lang='lat' dir='ltr'><strong>neque</strong></span> <span class='ocrx_word' id='word_1_411' title='bbox 2583 1219 2726 1271; x_wconf 90' lang='lat' dir='ltr'><strong>enim</strong></span> <span class='ocrx_word' id='word_1_412' title='bbox 2770 1221 3152 1285; x_wconf 85' lang='lat' dir='ltr'><strong>posterioribus</strong></span> <span class='ocrx_word' id='word_1_413' title='bbox 3183 1225 3382 1290; x_wconf 85' lang='lat' dir='ltr'><strong>peccati</strong></span> <span class='ocrx_word' id='word_1_414' title='bbox 3429 1223 3674 1277; x_wconf 81' lang='lat' dir='ltr'><strong>sardibus</strong></span> <span class='ocrx_word' id='word_1_415' title='bbox 3703 1225 3782 1278; x_wconf 86' lang='lat' dir='ltr'><strong>in-</strong></span> 
     </span>
    </p>
   </div>
   <div class='ocr_carea' id='block_1_58' title="bbox 2196 1308 3778 1384">
    <p class='ocr_par' dir='ltr' id='par_1_58' title="bbox 2196 1308 3778 1384">
     <span class='ocr_line' id='line_1_58' title="bbox 2196 1308 3778 1384; baseline 0.005 -26"><span class='ocrx_word' id='word_1_416' title='bbox 2196 1308 2468 1372; x_wconf 88' lang='lat' dir='ltr'><strong>quinatur.</strong></span> <span class='ocrx_word' id='word_1_417' title='bbox 2521 1309 2688 1374; x_wconf 83' lang='lat' dir='ltr'><strong>Quem</strong></span> <span class='ocrx_word' id='word_1_418' title='bbox 2744 1311 2902 1363; x_wconf 85' lang='lat' dir='ltr'><strong>etiam</strong></span> <span class='ocrx_word' id='word_1_419' title='bbox 2958 1312 3217 1367; x_wconf 86' lang='lat' dir='ltr'><strong>Dominus</strong></span> <span class='ocrx_word' id='word_1_420' title='bbox 3270 1330 3420 1368; x_wconf 90' lang='lat' dir='ltr'><strong>mens</strong></span> <span class='ocrx_word' id='word_1_421' title='bbox 3469 1317 3778 1384; x_wconf 80' lang='lat' dir='ltr'><strong>accipiens,</strong></span> 
     </span>
    </p>
   </div>
   <div class='ocr_carea' id='block_1_59' title="bbox 2198 1398 3778 1476">
    <p class='ocr_par' dir='ltr' id='par_1_59' title="bbox 2198 1398 3778 1476">
     <span class='ocr_line' id='line_1_59' title="bbox 2198 1398 3778 1476; baseline 0.006 -25"><span class='ocrx_word' id='word_1_422' title='bbox 2198 1398 2515 1467; x_wconf 79' lang='lat' dir='ltr'><strong>baptismum</strong></span> <span class='ocrx_word' id='word_1_423' title='bbox 2549 1402 2740 1454; x_wconf 91' lang='lat' dir='ltr'><strong>merito</strong></span> <span class='ocrx_word' id='word_1_424' title='bbox 2773 1406 3114 1471; x_wconf 85' lang='lat' dir='ltr'><strong>nuncupavit.</strong></span> <span class='ocrx_word' id='word_1_425' title='bbox 3150 1405 3349 1461; x_wconf 87' lang='lat' dir='ltr'><strong>Deinde</strong></span> <span class='ocrx_word' id='word_1_426' title='bbox 3387 1409 3552 1476; x_wconf 82' lang='lat' dir='ltr'><strong>ipsius</strong></span> <span class='ocrx_word' id='word_1_427' title='bbox 3600 1410 3778 1463; x_wconf 78' lang='lat' dir='ltr'><strong>imita-</strong></span> 
     </span>
    </p>
   </div>
   <div class='ocr_carea' id='block_1_60' title="bbox 2200 1479 3782 1566">
    <p class='ocr_par' dir='ltr' id='par_1_60' title="bbox 2200 1479 3782 1566">
     <span class='ocr_line' id='line_1_60' title="bbox 2200 1479 3782 1566; baseline 0.008 -24"><span class='ocrx_word' id='word_1_428' title='bbox 2200 1479 2342 1546; x_wconf 83' lang='lat' dir='ltr'><strong>tores</strong></span> <span class='ocrx_word' id='word_1_429' title='bbox 2375 1493 2573 1556; x_wconf 80' lang='lat' dir='ltr'><strong>ell‘ecti,</strong></span> <span class='ocrx_word' id='word_1_430' title='bbox 2619 1496 2845 1561; x_wconf 87' lang='lat' dir='ltr'><strong>primum</strong></span> <span class='ocrx_word' id='word_1_431' title='bbox 2879 1496 3092 1563; x_wconf 91' lang='lat' dir='ltr'><strong>quidem</strong></span> <span class='ocrx_word' id='word_1_432' title='bbox 3135 1499 3298 1566; x_wconf 90' lang='lat' dir='ltr'><strong>ipsius</strong></span> <span class='ocrx_word' id='word_1_433' title='bbox 3343 1509 3698 1566; x_wconf 83' lang='lat' dir='ltr'><strong>spectatores,</strong></span> <span class='ocrx_word' id='word_1_434' title='bbox 3728 1511 3782 1555; x_wconf 88' lang='lat' dir='ltr'><strong>et</strong></span> 
     </span>
    </p>
   </div>
   <div class='ocr_carea' id='block_1_61' title="bbox 2199 1586 3783 1659">
    <p class='ocr_par' dir='ltr' id='par_1_61' title="bbox 2199 1586 3783 1659">
     <span class='ocr_line' id='line_1_61' title="bbox 2199 1586 3783 1659; baseline 0.008 -21"><span class='ocrx_word' id='word_1_435' title='bbox 2199 1586 2472 1654; x_wconf 73' lang='lat' dir='ltr'><strong>discipuli,</strong></span> <span class='ocrx_word' id='word_1_436' title='bbox 2505 1597 2663 1657; x_wconf 87' lang='lat' dir='ltr'><strong>atque</strong></span> <span class='ocrx_word' id='word_1_437' title='bbox 2691 1589 2941 1656; x_wconf 76' lang='lat' dir='ltr'><strong>apostoli,</strong></span> <span class='ocrx_word' id='word_1_438' title='bbox 2970 1591 3222 1659; x_wconf 81' lang='lat' dir='ltr'><strong>deinceps</strong></span> <span class='ocrx_word' id='word_1_439' title='bbox 3271 1602 3450 1646; x_wconf 89' lang='lat' dir='ltr'><strong>autem</strong></span> <span class='ocrx_word' id='word_1_440' title='bbox 3503 1595 3783 1650; x_wconf 85' lang='lat' dir='ltr'><strong>universus</strong></span> 
     </span>
    </p>
   </div>
   <div class='ocr_carea' id='block_1_62' title="bbox 2199 1683 3781 1751">
    <p class='ocr_par' dir='ltr' id='par_1_62' title="bbox 2199 1683 3781 1751">
     <span class='ocr_line' id='line_1_62' title="bbox 2199 1683 3781 1751; baseline 0.008 -22"><span class='ocrx_word' id='word_1_441' title='bbox 2199 1689 2506 1732; x_wconf 86' lang='lat' dir='ltr'><strong>sanctorum</strong></span> <span class='ocrx_word' id='word_1_442' title='bbox 2549 1693 2839 1750; x_wconf 84' lang='lat' dir='ltr'><strong>martyrum</strong></span> <span class='ocrx_word' id='word_1_443' title='bbox 2887 1683 3104 1749; x_wconf 89' lang='lat' dir='ltr'><strong>chorus,</strong></span> <span class='ocrx_word' id='word_1_444' title='bbox 3155 1683 3416 1737; x_wconf 90' lang='lat' dir='ltr'><strong>idolorum</strong></span> <span class='ocrx_word' id='word_1_445' title='bbox 3463 1686 3781 1751; x_wconf 87' lang='lat' dir='ltr'><strong>cultoribus,</strong></span> 
     </span>
    </p>
   </div>
   <div class='ocr_carea' id='block_1_63' title="bbox 2129 1773 3781 1847">
    <p class='ocr_par' dir='ltr' id='par_1_63' title="bbox 2129 1773 3781 1847">
     <span class='ocr_line' id='line_1_63' title="bbox 2129 1773 3781 1847; baseline 0.005 -25"><span class='ocrx_word' id='word_1_446' title='bbox 2129 1785 2168 1840; x_wconf 68' lang='grc' dir='ltr'><strong>ιι</strong></span> <span class='ocrx_word' id='word_1_447' title='bbox 2201 1773 2409 1839; x_wconf 85' lang='lat' dir='ltr'><strong>regibus</strong></span> <span class='ocrx_word' id='word_1_448' title='bbox 2440 1787 2499 1826; x_wconf 86' lang='lat' dir='ltr'><strong>ac</strong></span> <span class='ocrx_word' id='word_1_449' title='bbox 2532 1777 2769 1841; x_wconf 84' lang='lat' dir='ltr'><strong>tyrannis</strong></span> <span class='ocrx_word' id='word_1_450' title='bbox 2800 1775 3005 1841; x_wconf 78' lang='lat' dir='ltr'><strong>seipsos</strong></span> <span class='ocrx_word' id='word_1_451' title='bbox 3034 1790 3128 1842; x_wconf 91' lang='lat' dir='ltr'><strong>pro</strong></span> <span class='ocrx_word' id='word_1_452' title='bbox 3156 1775 3352 1830; x_wconf 84' lang='lat' dir='ltr'><strong>Christi</strong></span> <span class='ocrx_word' id='word_1_453' title='bbox 3385 1781 3600 1833; x_wconf 90' lang='lat' dir='ltr'><strong>nomine</strong></span> <span class='ocrx_word' id='word_1_454' title='bbox 3640 1779 3781 1847; x_wconf 77' lang='lat' dir='ltr'><strong>obji-</strong></span> 
     </span>
    </p>
   </div>
   <div class='ocr_carea' id='block_1_64' title="bbox 2195 1862 3783 1934">
    <p class='ocr_par' dir='ltr' id='par_1_64' title="bbox 2195 1862 3783 1934">
     <span class='ocr_line' id='line_1_64' title="bbox 2195 1862 3783 1934; baseline 0.004 -20"><span class='ocrx_word' id='word_1_455' title='bbox 2195 1862 2438 1925; x_wconf 77' lang='lat' dir='ltr'><strong>cientes,</strong></span> <span class='ocrx_word' id='word_1_456' title='bbox 2489 1864 2668 1916; x_wconf 90' lang='lat' dir='ltr'><strong>omnia</strong></span> <span class='ocrx_word' id='word_1_457' title='bbox 2717 1865 3097 1931; x_wconf 57' lang='lat' dir='ltr'><strong>sultpliciorum</strong></span> <span class='ocrx_word' id='word_1_458' title='bbox 3152 1881 3349 1934; x_wconf 85' lang='lat' dir='ltr'><strong>genera</strong></span> <span class='ocrx_word' id='word_1_459' title='bbox 3394 1869 3783 1932; x_wconf 81' lang='lat' dir='ltr'><strong>sustinuerunt,</strong></span> 
     </span>
    </p>
   </div>
   <div class='ocr_carea' id='block_1_65' title="bbox 2138 1950 3783 2028">
    <p class='ocr_par' dir='ltr' id='par_1_65' title="bbox 2138 1950 3783 2028">
     <span class='ocr_line' id='line_1_65' title="bbox 2138 1950 3783 2028; baseline 0.006 -25"><span class='ocrx_word' id='word_1_460' title='bbox 2138 1963 2142 1966; x_wconf 87' lang='lat'>&#39;</span> <span class='ocrx_word' id='word_1_461' title='bbox 2195 1950 2325 2007; x_wconf 88' lang='lat' dir='ltr'><strong>feris</strong></span> <span class='ocrx_word' id='word_1_462' title='bbox 2368 1955 2620 2009; x_wconf 76' lang='lat' dir='ltr'><strong>videlicet</strong></span> <span class='ocrx_word' id='word_1_463' title='bbox 2645 1954 2859 2023; x_wconf 83' lang='lat' dir='ltr'><strong>objecti,</strong></span> <span class='ocrx_word' id='word_1_464' title='bbox 2905 1966 3064 2023; x_wconf 86' lang='lat' dir='ltr'><strong>atque</strong></span> <span class='ocrx_word' id='word_1_465' title='bbox 3095 1957 3214 2026; x_wconf 90' lang='lat' dir='ltr'><strong>igne</strong></span> <span class='ocrx_word' id='word_1_466' title='bbox 3239 1959 3475 2024; x_wconf 75' lang='lat' dir='ltr'><strong>cremati,</strong></span> <span class='ocrx_word' id='word_1_467' title='bbox 3507 1971 3559 2013; x_wconf 90' lang='lat' dir='ltr'><strong>et</strong></span> <span class='ocrx_word' id='word_1_468' title='bbox 3587 1960 3783 2028; x_wconf 85' lang='lat' dir='ltr'><strong>gladiis</strong></span> 
     </span>
    </p>
   </div>
   <div class='ocr_carea' id='block_1_66' title="bbox 2195 2046 3784 2116">
    <p class='ocr_par' dir='ltr' id='par_1_66' title="bbox 2195 2046 3784 2116">
     <span class='ocr_line' id='line_1_66' title="bbox 2195 2046 3784 2116; baseline 0.004 -18"><span class='ocrx_word' id='word_1_469' title='bbox 2195 2046 2515 2099; x_wconf 87' lang='lat' dir='ltr'><strong>obtruncati.</strong></span> <span class='ocrx_word' id='word_1_470' title='bbox 2545 2047 2783 2114; x_wconf 83' lang='lat' dir='ltr'><strong>Cumque</strong></span> <span class='ocrx_word' id='word_1_471' title='bbox 2809 2051 3120 2116; x_wconf 68' lang='lat' dir='ltr'><strong>praaclaram</strong></span> <span class='ocrx_word' id='word_1_472' title='bbox 3162 2051 3550 2105; x_wconf 79' lang='lat' dir='ltr'><strong>confessionem</strong></span> <span class='ocrx_word' id='word_1_473' title='bbox 3581 2054 3784 2106; x_wconf 88' lang='lat' dir='ltr'><strong>edidis-</strong></span> 
     </span>
    </p>
   </div>
   <div class='ocr_carea' id='block_1_67' title="bbox 2195 2142 3784 2208">
    <p class='ocr_par' dir='ltr' id='par_1_67' title="bbox 2195 2142 3784 2208">
     <span class='ocr_line' id='line_1_67' title="bbox 2195 2142 3784 2208; baseline 0.005 -20"><span class='ocrx_word' id='word_1_474' title='bbox 2195 2147 2333 2202; x_wconf 88' lang='lat' dir='ltr'><strong>sent,</strong></span> <span class='ocrx_word' id='word_1_475' title='bbox 2359 2147 2406 2189; x_wconf 76' lang='grc' dir='ltr'>εί</span> <span class='ocrx_word' id='word_1_476' title='bbox 2434 2151 2649 2190; x_wconf 90' lang='lat' dir='ltr'><strong>cursum</strong></span> <span class='ocrx_word' id='word_1_477' title='bbox 2673 2151 3156 2208; x_wconf 87' lang='lat' dir='ltr'><strong>consummassent,</strong></span> <span class='ocrx_word' id='word_1_478' title='bbox 3186 2156 3247 2193; x_wconf 90' lang='lat' dir='ltr'><strong>ac</strong></span> <span class='ocrx_word' id='word_1_479' title='bbox 3269 2142 3426 2196; x_wconf 77' lang='lat' dir='ltr'><strong>[idem</strong></span> <span class='ocrx_word' id='word_1_480' title='bbox 3453 2153 3784 2207; x_wconf 81' lang='lat' dir='ltr'><strong>servassent,</strong></span> 
     </span>
    </p>
   </div>
   <div class='ocr_carea' id='block_1_68' title="bbox 2191 2226 3784 2301">
    <p class='ocr_par' dir='ltr' id='par_1_68' title="bbox 2191 2226 3784 2301">
     <span class='ocr_line' id='line_1_68' title="bbox 2191 2226 3784 2301; baseline 0.009 -24"><span class='ocrx_word' id='word_1_481' title='bbox 2191 2226 2414 2294; x_wconf 78' lang='lat' dir='ltr'><strong>justitite</strong></span> <span class='ocrx_word' id='word_1_482' title='bbox 2460 2229 2686 2294; x_wconf 90' lang='lat' dir='ltr'><strong>palmam</strong></span> <span class='ocrx_word' id='word_1_483' title='bbox 2735 2233 3006 2283; x_wconf 83' lang='lat' dir='ltr'><strong>consecuti</strong></span> <span class='ocrx_word' id='word_1_484' title='bbox 3055 2239 3199 2296; x_wconf 87' lang='lat' dir='ltr'><strong>sunt,</strong></span> <span class='ocrx_word' id='word_1_485' title='bbox 3232 2237 3539 2301; x_wconf 79' lang='lat' dir='ltr'><strong>angelorum</strong></span> <span class='ocrx_word' id='word_1_486' title='bbox 3595 2245 3784 2291; x_wconf 88' lang='lat' dir='ltr'><strong>eontu-</strong></span> 
     </span>
    </p>
   </div>
   <div class='ocr_carea' id='block_1_69' title="bbox 2195 2320 3785 2394">
    <p class='ocr_par' dir='ltr' id='par_1_69' title="bbox 2195 2320 3785 2394">
     <span class='ocr_line' id='line_1_69' title="bbox 2195 2320 3785 2394; baseline 0.008 -21"><span class='ocrx_word' id='word_1_487' title='bbox 2195 2320 2462 2389; x_wconf 73' lang='lat' dir='ltr'><strong>bernales,</strong></span> <span class='ocrx_word' id='word_1_488' title='bbox 2487 2331 2540 2372; x_wconf 86' lang='lat' dir='ltr'><strong>et</strong></span> <span class='ocrx_word' id='word_1_489' title='bbox 2575 2322 2771 2375; x_wconf 82' lang='lat' dir='ltr'><strong>Christi</strong></span> <span class='ocrx_word' id='word_1_490' title='bbox 2794 2325 3102 2377; x_wconf 82' lang='lat' dir='ltr'><strong>cohaeredes</strong></span> <span class='ocrx_word' id='word_1_491' title='bbox 3125 2325 3318 2381; x_wconf 81' lang='lat' dir='ltr'><strong>efl‘ecti.</strong></span> <span class='ocrx_word' id='word_1_492' title='bbox 3351 2328 3591 2394; x_wconf 85' lang='lat' dir='ltr'><strong>Quorum</strong></span> <span class='ocrx_word' id='word_1_493' title='bbox 3615 2332 3785 2386; x_wconf 83' lang='lat' dir='ltr'><strong>virtus</strong></span> 
     </span>
    </p>
   </div>
   <div class='ocr_carea' id='block_1_70' title="bbox 2194 2412 3786 2482">
    <p class='ocr_par' dir='ltr' id='par_1_70' title="bbox 2194 2412 3786 2482">
     <span class='ocr_line' id='line_1_70' title="bbox 2194 2412 3786 2482; baseline 0.006 -17"><span class='ocrx_word' id='word_1_494' title='bbox 2194 2427 2362 2482; x_wconf 92' lang='lat' dir='ltr'><strong>usque</strong></span> <span class='ocrx_word' id='word_1_495' title='bbox 2387 2412 2520 2467; x_wconf 85' lang='lat' dir='ltr'><strong>adeo</strong></span> <span class='ocrx_word' id='word_1_496' title='bbox 2550 2415 2802 2479; x_wconf 86' lang='lat' dir='ltr'><strong>emicuit,</strong></span> <span class='ocrx_word' id='word_1_497' title='bbox 2840 2425 2896 2467; x_wconf 94' lang='lat' dir='ltr'><strong>ut</strong></span> <span class='ocrx_word' id='word_1_498' title='bbox 2927 2414 2976 2468; x_wconf 93' lang='lat' dir='ltr'><strong>in</strong></span> <span class='ocrx_word' id='word_1_499' title='bbox 3008 2431 3220 2470; x_wconf 87' lang='lat' dir='ltr'><strong>omnem</strong></span> <span class='ocrx_word' id='word_1_500' title='bbox 3256 2425 3452 2472; x_wconf 86' lang='lat' dir='ltr'><strong>terram</strong></span> <span class='ocrx_word' id='word_1_501' title='bbox 3481 2435 3665 2474; x_wconf 90' lang='lat' dir='ltr'><strong>eorum</strong></span> <span class='ocrx_word' id='word_1_502' title='bbox 3694 2437 3786 2474; x_wconf 87' lang='lat' dir='ltr'><strong>so-</strong></span> 
     </span>
    </p>
   </div>
   <div class='ocr_carea' id='block_1_71' title="bbox 2195 2503 3784 2578">
    <p class='ocr_par' dir='ltr' id='par_1_71' title="bbox 2195 2503 3784 2578">
     <span class='ocr_line' id='line_1_71' title="bbox 2195 2503 3784 2578; baseline 0.008 -24"><span class='ocrx_word' id='word_1_503' title='bbox 2195 2518 2294 2554; x_wconf 90' lang='lat' dir='ltr'><strong>nns</strong></span> <span class='ocrx_word' id='word_1_504' title='bbox 2337 2503 2554 2570; x_wconf 75' lang='lat' dir='ltr'><strong>exierit,</strong></span> <span class='ocrx_word' id='word_1_505' title='bbox 2589 2515 2643 2558; x_wconf 90' lang='lat' dir='ltr'><strong>et</strong></span> <span class='ocrx_word' id='word_1_506' title='bbox 2691 2505 2742 2557; x_wconf 94' lang='lat' dir='ltr'><strong>in</strong></span> <span class='ocrx_word' id='word_1_507' title='bbox 2797 2505 2930 2559; x_wconf 78' lang='lat' dir='ltr'><strong>fines</strong></span> <span class='ocrx_word' id='word_1_508' title='bbox 2979 2507 3124 2560; x_wconf 81' lang='lat' dir='ltr'><strong>orbis</strong></span> <span class='ocrx_word' id='word_1_509' title='bbox 3174 2516 3332 2562; x_wconf 71' lang='lat' dir='ltr'><strong>terra:</strong></span> <span class='ocrx_word' id='word_1_510' title='bbox 3382 2510 3552 2578; x_wconf 85' lang='lat' dir='ltr'><strong>fulgor</strong></span> <span class='ocrx_word' id='word_1_511' title='bbox 3595 2527 3784 2566; x_wconf 88' lang='lat' dir='ltr'><strong>eorum</strong></span> 
     </span>
    </p>
   </div>
   <div class='ocr_carea' id='block_1_72' title="bbox 2195 2591 3787 2670">
    <p class='ocr_par' dir='ltr' id='par_1_72' title="bbox 2195 2591 3787 2670">
     <span class='ocr_line' id='line_1_72' title="bbox 2195 2591 3787 2670; baseline 0.009 -29"><span class='ocrx_word' id='word_1_512' title='bbox 2195 2591 2363 2662; x_wconf 83' lang='lat' dir='ltr'><strong>(Psal.</strong></span> <span class='ocrx_word' id='word_1_513' title='bbox 2399 2596 2570 2660; x_wconf 80' lang='lat' dir='ltr'><strong>xvtn),</strong></span> <span class='ocrx_word' id='word_1_514' title='bbox 2603 2610 2720 2663; x_wconf 59' lang='lat' dir='ltr'><strong>quae</strong></span> <span class='ocrx_word' id='word_1_515' title='bbox 2765 2608 2909 2650; x_wconf 77' lang='lat' dir='ltr'><strong>recte</strong></span> <span class='ocrx_word' id='word_1_516' title='bbox 2947 2610 3065 2650; x_wconf 90' lang='lat' dir='ltr'><strong>cum</strong></span> <span class='ocrx_word' id='word_1_517' title='bbox 3095 2599 3289 2653; x_wconf 86' lang='lat' dir='ltr'><strong>virtute</strong></span> <span class='ocrx_word' id='word_1_518' title='bbox 3318 2615 3617 2670; x_wconf 68' lang='lat' dir='ltr'><strong>gesserunt,</strong></span> <span class='ocrx_word' id='word_1_519' title='bbox 3653 2605 3787 2656; x_wconf 34' lang='lat' dir='ltr'><strong>rutis</strong></span> 
     </span>
    </p>
   </div>
   <div class='ocr_carea' id='block_1_73' title="bbox 2194 2683 3785 2763">
    <p class='ocr_par' dir='ltr' id='par_1_73' title="bbox 2194 2683 3785 2763">
     <span class='ocr_line' id='line_1_73' title="bbox 2194 2683 3785 2763; baseline 0.008 -27"><span class='ocrx_word' id='word_1_520' title='bbox 2194 2683 2336 2737; x_wconf 92' lang='lat' dir='ltr'><strong>larit.</strong></span> <span class='ocrx_word' id='word_1_521' title='bbox 2382 2684 2580 2738; x_wconf 90' lang='lat' dir='ltr'><strong>llorum</strong></span> <span class='ocrx_word' id='word_1_522' title='bbox 2609 2701 2712 2738; x_wconf 87' lang='lat' dir='ltr'><strong>non</strong></span> <span class='ocrx_word' id='word_1_523' title='bbox 2741 2691 2897 2741; x_wconf 85' lang='lat' dir='ltr'><strong>verba</strong></span> <span class='ocrx_word' id='word_1_524' title='bbox 2929 2688 3186 2744; x_wconf 81' lang='lat' dir='ltr'><strong>duntaxat</strong></span> <span class='ocrx_word' id='word_1_525' title='bbox 3213 2701 3266 2745; x_wconf 91' lang='lat' dir='ltr'><strong>et</strong></span> <span class='ocrx_word' id='word_1_526' title='bbox 3309 2707 3495 2760; x_wconf 82' lang='lat' dir='ltr'><strong>Opera,</strong></span> <span class='ocrx_word' id='word_1_527' title='bbox 3526 2695 3618 2748; x_wconf 90' lang='lat' dir='ltr'><strong>sed</strong></span> <span class='ocrx_word' id='word_1_528' title='bbox 3665 2696 3785 2763; x_wconf 84' lang='lat' dir='ltr'><strong>ipse</strong></span> 
     </span>
    </p>
   </div>
   <div class='ocr_carea' id='block_1_74' title="bbox 2193 2780 3783 2853">
    <p class='ocr_par' dir='ltr' id='par_1_74' title="bbox 2193 2780 3783 2853">
     <span class='ocr_line' id='line_1_74' title="bbox 2193 2780 3783 2853; baseline 0.012 -32"><span class='ocrx_word' id='word_1_529' title='bbox 2193 2789 2403 2842; x_wconf 87' lang='lat' dir='ltr'><strong>quoque</strong></span> <span class='ocrx_word' id='word_1_530' title='bbox 2451 2789 2610 2829; x_wconf 90' lang='lat' dir='ltr'><strong>cruor</strong></span> <span class='ocrx_word' id='word_1_531' title='bbox 2654 2785 2708 2830; x_wconf 89' lang='lat' dir='ltr'><strong>et</strong></span> <span class='ocrx_word' id='word_1_532' title='bbox 2754 2791 2896 2842; x_wconf 87' lang='lat' dir='ltr'><strong>ossa,</strong></span> <span class='ocrx_word' id='word_1_533' title='bbox 2925 2780 3068 2832; x_wconf 90' lang='lat' dir='ltr'><strong>omni</strong></span> <span class='ocrx_word' id='word_1_534' title='bbox 3115 2784 3397 2837; x_wconf 68' lang='lat' dir='ltr'><strong>sanctitate</strong></span> <span class='ocrx_word' id='word_1_535' title='bbox 3445 2784 3600 2853; x_wconf 90' lang='lat' dir='ltr'><strong>plena</strong></span> <span class='ocrx_word' id='word_1_536' title='bbox 3633 2795 3783 2840; x_wconf 91' lang='lat' dir='ltr'><strong>sunt.</strong></span> 
     </span>
    </p>
   </div>
   <div class='ocr_carea' id='block_1_75' title="bbox 2195 2865 3782 2946">
    <p class='ocr_par' dir='ltr' id='par_1_75' title="bbox 2195 2865 3782 2946">
     <span class='ocr_line' id='line_1_75' title="bbox 2195 2865 3782 2946; baseline 0.009 -29"><span class='ocrx_word' id='word_1_537' title='bbox 2195 2865 2475 2921; x_wconf 80' lang='lat' dir='ltr'><strong>Daemones</strong></span> <span class='ocrx_word' id='word_1_538' title='bbox 2508 2883 2736 2937; x_wconf 90' lang='lat' dir='ltr'><strong>namque</strong></span> <span class='ocrx_word' id='word_1_539' title='bbox 2766 2883 2860 2935; x_wconf 86' lang='lat' dir='ltr'><strong>per</strong></span> <span class='ocrx_word' id='word_1_540' title='bbox 2905 2871 3013 2923; x_wconf 87' lang='lat' dir='ltr'><strong>vim</strong></span> <span class='ocrx_word' id='word_1_541' title='bbox 3044 2870 3095 2924; x_wconf 89' lang='lat' dir='ltr'><strong>in</strong></span> <span class='ocrx_word' id='word_1_542' title='bbox 3129 2872 3303 2942; x_wconf 87' lang='lat' dir='ltr'><strong>fugam</strong></span> <span class='ocrx_word' id='word_1_543' title='bbox 3337 2885 3573 2939; x_wconf 88' lang='lat' dir='ltr'><strong>vertunt;</strong></span> <span class='ocrx_word' id='word_1_544' title='bbox 3617 2885 3782 2946; x_wconf 84' lang='lat' dir='ltr'><strong>atque</strong></span> 
     </span>
    </p>
   </div>
   <div class='ocr_carea' id='block_1_76' title="bbox 2195 2957 3786 3036">
    <p class='ocr_par' dir='ltr' id='par_1_76' title="bbox 2195 2957 3786 3036">
     <span class='ocr_line' id='line_1_76' title="bbox 2195 2957 3786 3036; baseline 0.009 -27"><span class='ocrx_word' id='word_1_545' title='bbox 2195 2957 2255 3010; x_wconf 85' lang='lat' dir='ltr'><strong>iis</strong></span> <span class='ocrx_word' id='word_1_546' title='bbox 2283 2958 2370 3026; x_wconf 91' lang='lat' dir='ltr'><strong>qui</strong></span> <span class='ocrx_word' id='word_1_547' title='bbox 2395 2973 2512 3012; x_wconf 90' lang='lat' dir='ltr'><strong>cum</strong></span> <span class='ocrx_word' id='word_1_548' title='bbox 2546 2959 2650 3013; x_wconf 80' lang='lat' dir='ltr'><strong>fide</strong></span> <span class='ocrx_word' id='word_1_549' title='bbox 2674 2960 2956 3026; x_wconf 85' lang='lat' dir='ltr'><strong>accedunt,</strong></span> <span class='ocrx_word' id='word_1_550' title='bbox 2987 2962 3306 3019; x_wconf 69' lang='lat' dir='ltr'><strong>incnrabdes</strong></span> <span class='ocrx_word' id='word_1_551' title='bbox 3335 2967 3532 3036; x_wconf 88' lang='lat' dir='ltr'><strong>alioqui</strong></span> <span class='ocrx_word' id='word_1_552' title='bbox 3565 2972 3724 3024; x_wconf 86' lang='lat' dir='ltr'><strong>morb</strong></span> <span class='ocrx_word' id='word_1_553' title='bbox 3761 2986 3786 3023; x_wconf 89' lang='lat' dir='ltr'><strong>s</strong></span> 
     </span>
    </p>
   </div>
   <div class='ocr_carea' id='block_1_77' title="bbox 2197 3049 3785 3128">
    <p class='ocr_par' dir='ltr' id='par_1_77' title="bbox 2197 3049 3785 3128">
     <span class='ocr_line' id='line_1_77' title="bbox 2197 3049 3785 3128; baseline 0.01 -29"><span class='ocrx_word' id='word_1_554' title='bbox 2197 3049 2492 3118; x_wconf 86' lang='lat' dir='ltr'><strong>profligant.</strong></span> <span class='ocrx_word' id='word_1_555' title='bbox 2524 3051 2661 3116; x_wconf 87' lang='lat' dir='ltr'><strong>Quin</strong></span> <span class='ocrx_word' id='word_1_556' title='bbox 2693 3061 2869 3105; x_wconf 81' lang='lat' dir='ltr'><strong>vestes</strong></span> <span class='ocrx_word' id='word_1_557' title='bbox 2898 3068 3108 3122; x_wconf 84' lang='lat' dir='ltr'><strong>quoque</strong></span> <span class='ocrx_word' id='word_1_558' title='bbox 3145 3057 3274 3122; x_wconf 70' lang='lat' dir='ltr'><strong>ipsae</strong></span> <span class='ocrx_word' id='word_1_559' title='bbox 3324 3069 3374 3112; x_wconf 90' lang='grc' dir='ltr'><strong>ει</strong></span> <span class='ocrx_word' id='word_1_560' title='bbox 3398 3059 3442 3112; x_wconf 85' lang='lat' dir='ltr'><strong>si</strong></span> <span class='ocrx_word' id='word_1_561' title='bbox 3471 3061 3598 3128; x_wconf 89' lang='lat' dir='ltr'><strong>quid</strong></span> <span class='ocrx_word' id='word_1_562' title='bbox 3635 3061 3785 3115; x_wconf 90' lang='lat' dir='ltr'><strong>aliud</strong></span> 
     </span>
    </p>
   </div>
   <div class='ocr_carea' id='block_1_78' title="bbox 2119 3142 3785 3215">
    <p class='ocr_par' dir='ltr' id='par_1_78' title="bbox 2119 3142 3785 3215">
     <span class='ocr_line' id='line_1_78' title="bbox 2119 3142 3785 3215; baseline 0.011 -25"><span class='ocrx_word' id='word_1_563' title='bbox 2119 3153 2162 3213; x_wconf 66' lang='grc' dir='ltr'>ο</span> <span class='ocrx_word' id='word_1_564' title='bbox 2197 3142 2259 3192; x_wconf 88' lang='lat' dir='ltr'><strong>ad</strong></span> <span class='ocrx_word' id='word_1_565' title='bbox 2289 3144 2522 3207; x_wconf 84' lang='lat' dir='ltr'><strong>pretiosa</strong></span> <span class='ocrx_word' id='word_1_566' title='bbox 2545 3157 2729 3198; x_wconf 90' lang='lat' dir='ltr'><strong>eorum</strong></span> <span class='ocrx_word' id='word_1_567' title='bbox 2759 3157 2984 3212; x_wconf 82' lang='lat' dir='ltr'><strong>corpora</strong></span> <span class='ocrx_word' id='word_1_568' title='bbox 3013 3147 3233 3215; x_wconf 90' lang='lat' dir='ltr'><strong>propius</strong></span> <span class='ocrx_word' id='word_1_569' title='bbox 3257 3151 3500 3215; x_wconf 86' lang='lat' dir='ltr'><strong>accessit,</strong></span> <span class='ocrx_word' id='word_1_570' title='bbox 3527 3155 3785 3208; x_wconf 72' lang='lat' dir='ltr'><strong>omnibus</strong></span> 
     </span>
    </p>
   </div>
   <div class='ocr_carea' id='block_1_79' title="bbox 2199 3235 2696 3290">
    <p class='ocr_par' dir='ltr' id='par_1_79' title="bbox 2199 3235 2696 3290">
     <span class='ocr_line' id='line_1_79' title="bbox 2199 3235 2696 3290; baseline 0.006 -5"><span class='ocrx_word' id='word_1_571' title='bbox 2199 3235 2528 3288; x_wconf 87' lang='lat' dir='ltr'><strong>venerationi</strong></span> <span class='ocrx_word' id='word_1_572' title='bbox 2556 3245 2696 3290; x_wconf 93' lang='lat' dir='ltr'><strong>sunt.</strong></span> 
     </span>
    </p>
   </div>
   <div class='ocr_carea' id='block_1_80' title="bbox 2268 3325 3770 3405">
    <p class='ocr_par' dir='ltr' id='par_1_80' title="bbox 2268 3325 3770 3405">
     <span class='ocr_line' id='line_1_80' title="bbox 2268 3325 3770 3405; baseline 0.01 -28"><span class='ocrx_word' id='word_1_573' title='bbox 2268 3325 2342 3379; x_wconf 88' lang='lat' dir='ltr'><strong>De</strong></span> <span class='ocrx_word' id='word_1_574' title='bbox 2369 3329 2560 3394; x_wconf 89' lang='lat' dir='ltr'><strong>quibus</strong></span> <span class='ocrx_word' id='word_1_575' title='bbox 2594 3327 2747 3399; x_wconf 86' lang='lat' dir='ltr'><strong>longa</strong></span> <span class='ocrx_word' id='word_1_576' title='bbox 2769 3329 3015 3385; x_wconf 86' lang='lat' dir='ltr'><strong>oratione</strong></span> <span class='ocrx_word' id='word_1_577' title='bbox 3043 3331 3171 3385; x_wconf 89' lang='lat' dir='ltr'><strong>mihi</strong></span> <span class='ocrx_word' id='word_1_578' title='bbox 3195 3347 3327 3402; x_wconf 89' lang='lat' dir='ltr'><strong>opus</strong></span> <span class='ocrx_word' id='word_1_579' title='bbox 3356 3349 3517 3402; x_wconf 66' lang='lat' dir='ltr'><strong>essm,</strong></span> <span class='ocrx_word' id='word_1_580' title='bbox 3552 3339 3593 3390; x_wconf 93' lang='lat' dir='ltr'><strong>si</strong></span> <span class='ocrx_word' id='word_1_581' title='bbox 3624 3354 3770 3405; x_wconf 78' lang='lat' dir='ltr'><strong>prae-</strong></span> 
     </span>
    </p>
   </div>
   <div class='ocr_carea' id='block_1_81' title="bbox 2191 3418 3780 3492">
    <p class='ocr_par' dir='ltr' id='par_1_81' title="bbox 2191 3418 3780 3492">
     <span class='ocr_line' id='line_1_81' title="bbox 2191 3418 3780 3492; baseline 0.009 -23"><span class='ocrx_word' id='word_1_582' title='bbox 2191 3418 2335 3469; x_wconf 84' lang='lat' dir='ltr'><strong>clara</strong></span> <span class='ocrx_word' id='word_1_583' title='bbox 2390 3432 2575 3470; x_wconf 90' lang='lat' dir='ltr'><strong>eorum</strong></span> <span class='ocrx_word' id='word_1_584' title='bbox 2631 3419 2863 3473; x_wconf 89' lang='lat' dir='ltr'><strong>facinora</strong></span> <span class='ocrx_word' id='word_1_585' title='bbox 2912 3422 3184 3491; x_wconf 85' lang='lat' dir='ltr'><strong>sigillatim</strong></span> <span class='ocrx_word' id='word_1_586' title='bbox 3236 3440 3506 3492; x_wconf 82' lang='lat' dir='ltr'><strong>exponere</strong></span> <span class='ocrx_word' id='word_1_587' title='bbox 3557 3430 3780 3483; x_wconf 86' lang='lat' dir='ltr'><strong>vellem.</strong></span> 
     </span>
    </p>
   </div>
   <div class='ocr_carea' id='block_1_82' title="bbox 2195 3507 3784 3589">
    <p class='ocr_par' dir='ltr' id='par_1_82' title="bbox 2195 3507 3784 3589">
     <span class='ocr_line' id='line_1_82' title="bbox 2195 3507 3784 3589; baseline 0.008 -29"><span class='ocrx_word' id='word_1_588' title='bbox 2195 3507 2546 3576; x_wconf 79' lang='lat' dir='ltr'><strong>Posteaquam</strong></span> <span class='ocrx_word' id='word_1_589' title='bbox 2579 3516 2756 3563; x_wconf 87' lang='lat' dir='ltr'><strong>autem</strong></span> <span class='ocrx_word' id='word_1_590' title='bbox 2788 3526 2880 3564; x_wconf 91' lang='lat' dir='ltr'><strong>cru</strong></span> <span class='ocrx_word' id='word_1_591' title='bbox 2904 3513 3030 3567; x_wconf 71' lang='lat' dir='ltr'><strong>feles</strong></span> <span class='ocrx_word' id='word_1_592' title='bbox 3072 3514 3146 3568; x_wconf 88' lang='lat' dir='ltr'><strong>illi</strong></span> <span class='ocrx_word' id='word_1_593' title='bbox 3189 3530 3252 3569; x_wconf 88' lang='lat' dir='ltr'><strong>ac</strong></span> <span class='ocrx_word' id='word_1_594' title='bbox 3294 3517 3511 3570; x_wconf 86' lang='lat' dir='ltr'><strong>belluini</strong></span> <span class='ocrx_word' id='word_1_595' title='bbox 3565 3521 3784 3589; x_wconf 83' lang='lat' dir='ltr'><strong>tyranni</strong></span> 
     </span>
    </p>
   </div>
   <div class='ocr_carea' id='block_1_83' title="bbox 2191 3601 3783 3675">
    <p class='ocr_par' dir='ltr' id='par_1_83' title="bbox 2191 3601 3783 3675">
     <span class='ocr_line' id='line_1_83' title="bbox 2191 3601 3783 3675; baseline 0.008 -24"><span class='ocrx_word' id='word_1_596' title='bbox 2191 3601 2406 3663; x_wconf 77' lang='lat' dir='ltr'><strong>misere,</strong></span> <span class='ocrx_word' id='word_1_597' title='bbox 2441 3610 2497 3652; x_wconf 79' lang='grc' dir='ltr'><strong>ιιι</strong></span> <span class='ocrx_word' id='word_1_598' title='bbox 2525 3615 2712 3654; x_wconf 90' lang='lat' dir='ltr'><strong>eorum</strong></span> <span class='ocrx_word' id='word_1_599' title='bbox 2761 3601 3075 3670; x_wconf 82' lang='lat' dir='ltr'><strong>improbitas</strong></span> <span class='ocrx_word' id='word_1_600' title='bbox 3120 3607 3446 3672; x_wconf 82' lang='lat' dir='ltr'><strong>merebatur,</strong></span> <span class='ocrx_word' id='word_1_601' title='bbox 3483 3610 3783 3675; x_wconf 75' lang='lat' dir='ltr'><strong>perierunt,</strong></span> 
     </span>
    </p>
   </div>
   <div class='ocr_carea' id='block_1_84' title="bbox 2193 3693 3784 3767">
    <p class='ocr_par' dir='ltr' id='par_1_84' title="bbox 2193 3693 3784 3767">
     <span class='ocr_line' id='line_1_84' title="bbox 2193 3693 3784 3767; baseline 0.009 -24"><span class='ocrx_word' id='word_1_602' title='bbox 2193 3693 2594 3760; x_wconf 88' lang='lat' dir='ltr'><strong>perseeutioque</strong></span> <span class='ocrx_word' id='word_1_603' title='bbox 2628 3694 2784 3746; x_wconf 77' lang='lat' dir='ltr'><strong>linem</strong></span> <span class='ocrx_word' id='word_1_604' title='bbox 2837 3698 3062 3763; x_wconf 87' lang='lat' dir='ltr'><strong>accepit,</strong></span> <span class='ocrx_word' id='word_1_605' title='bbox 3098 3713 3160 3752; x_wconf 84' lang='lat' dir='ltr'><strong>ac</strong></span> <span class='ocrx_word' id='word_1_606' title='bbox 3208 3699 3276 3766; x_wconf 90' lang='lat' dir='ltr'><strong>pii</strong></span> <span class='ocrx_word' id='word_1_607' title='bbox 3312 3699 3658 3767; x_wconf 85' lang='lat' dir='ltr'><strong>imperatores</strong></span> <span class='ocrx_word' id='word_1_608' title='bbox 3702 3717 3784 3758; x_wconf 78' lang='lat' dir='ltr'><strong>to-</strong></span> 
     </span>
    </p>
   </div>
   <div class='ocr_carea' id='block_1_85' title="bbox 2191 3783 3782 3857">
    <p class='ocr_par' dir='ltr' id='par_1_85' title="bbox 2191 3783 3782 3857">
     <span class='ocr_line' id='line_1_85' title="bbox 2191 3783 3782 3857; baseline 0.01 -23"><span class='ocrx_word' id='word_1_609' title='bbox 2191 3783 2293 3836; x_wconf 89' lang='lat' dir='ltr'><strong>tius</strong></span> <span class='ocrx_word' id='word_1_610' title='bbox 2321 3784 2468 3837; x_wconf 82' lang='lat' dir='ltr'><strong>orb:s</strong></span> <span class='ocrx_word' id='word_1_611' title='bbox 2490 3784 2712 3852; x_wconf 88' lang='lat' dir='ltr'><strong>imperio</strong></span> <span class='ocrx_word' id='word_1_612' title='bbox 2741 3787 2889 3852; x_wconf 81' lang='lat' dir='ltr'><strong>potiti</strong></span> <span class='ocrx_word' id='word_1_613' title='bbox 2913 3797 3055 3856; x_wconf 90' lang='lat' dir='ltr'><strong>sunt,</strong></span> <span class='ocrx_word' id='word_1_614' title='bbox 3081 3790 3430 3846; x_wconf 83' lang='lat' dir='ltr'><strong>succedentes</strong></span> <span class='ocrx_word' id='word_1_615' title='bbox 3452 3793 3572 3857; x_wconf 89' lang='lat' dir='ltr'><strong>alii,</strong></span> <span class='ocrx_word' id='word_1_616' title='bbox 3600 3811 3664 3848; x_wconf 91' lang='lat' dir='ltr'><strong>ac</strong></span> <span class='ocrx_word' id='word_1_617' title='bbox 3692 3812 3782 3850; x_wconf 82' lang='lat' dir='ltr'><strong>ze-</strong></span> 
     </span>
    </p>
   </div>
   <div class='ocr_carea' id='block_1_86' title="bbox 2191 3874 3780 3947">
    <p class='ocr_par' dir='ltr' id='par_1_86' title="bbox 2191 3874 3780 3947">
     <span class='ocr_line' id='line_1_86' title="bbox 2191 3874 3780 3947; baseline 0.011 -23"><span class='ocrx_word' id='word_1_618' title='bbox 2191 3877 2296 3925; x_wconf 92' lang='lat' dir='ltr'><strong>lum</strong></span> <span class='ocrx_word' id='word_1_619' title='bbox 2350 3874 2498 3927; x_wconf 87' lang='lat' dir='ltr'><strong>illurn</strong></span> <span class='ocrx_word' id='word_1_620' title='bbox 2537 3875 2877 3946; x_wconf 84' lang='lat' dir='ltr'><strong>divinamque</strong></span> <span class='ocrx_word' id='word_1_621' title='bbox 2917 3880 3264 3947; x_wconf 88' lang='lat' dir='ltr'><strong>cupiditatem</strong></span> <span class='ocrx_word' id='word_1_622' title='bbox 3317 3883 3417 3937; x_wconf 88' lang='lat' dir='ltr'><strong>sibi</strong></span> <span class='ocrx_word' id='word_1_623' title='bbox 3464 3886 3780 3942; x_wconf 84' lang='lat' dir='ltr'><strong>imitandam</strong></span> 
     </span>
    </p>
   </div>
   <div class='ocr_carea' id='block_1_87' title="bbox 2192 3968 3779 4038">
    <p class='ocr_par' dir='ltr' id='par_1_87' title="bbox 2192 3968 3779 4038">
     <span class='ocr_line' id='line_1_87' title="bbox 2192 3968 3779 4038; baseline 0.011 -25"><span class='ocrx_word' id='word_1_624' title='bbox 2192 3974 2572 4032; x_wconf 88' lang='lat' dir='ltr'><strong>proponentes,</strong></span> <span class='ocrx_word' id='word_1_625' title='bbox 2600 3968 2896 4038; x_wconf 86' lang='lat' dir='ltr'><strong>eodemque</strong></span> <span class='ocrx_word' id='word_1_626' title='bbox 2926 3974 3116 4024; x_wconf 89' lang='lat' dir='ltr'><strong>timore</strong></span> <span class='ocrx_word' id='word_1_627' title='bbox 3145 3974 3380 4026; x_wconf 87' lang='lat' dir='ltr'><strong>sanciam</strong></span> <span class='ocrx_word' id='word_1_628' title='bbox 3413 3975 3646 4030; x_wconf 88' lang='lat' dir='ltr'><strong>animam</strong></span> <span class='ocrx_word' id='word_1_629' title='bbox 3675 3979 3779 4030; x_wconf 85' lang='lat' dir='ltr'><strong>ha-</strong></span> 
     </span>
    </p>
   </div>
   <div class='ocr_carea' id='block_1_88' title="bbox 2191 4056 3781 4139">
    <p class='ocr_par' dir='ltr' id='par_1_88' title="bbox 2191 4056 3781 4139">
     <span class='ocr_line' id='line_1_88' title="bbox 2191 4056 3781 4139; baseline 0.011 -32"><span class='ocrx_word' id='word_1_630' title='bbox 2191 4056 2396 4119; x_wconf 86' lang='lat' dir='ltr'><strong>bentes,</strong></span> <span class='ocrx_word' id='word_1_631' title='bbox 2427 4057 2554 4110; x_wconf 90' lang='lat' dir='ltr'><strong>illud</strong></span> <span class='ocrx_word' id='word_1_632' title='bbox 2583 4059 2784 4124; x_wconf 89' lang='lat' dir='ltr'><strong>optime</strong></span> <span class='ocrx_word' id='word_1_633' title='bbox 2813 4075 2999 4114; x_wconf 88' lang='lat' dir='ltr'><strong>secum</strong></span> <span class='ocrx_word' id='word_1_634' title='bbox 3026 4063 3441 4120; x_wconf 85' lang='lat' dir='ltr'><strong>considerabant</strong></span> <span class='ocrx_word' id='word_1_635' title='bbox 3464 4077 3623 4134; x_wconf 80' lang='lat' dir='ltr'><strong>atque</strong></span> <span class='ocrx_word' id='word_1_636' title='bbox 3652 4085 3781 4139; x_wconf 78' lang='lat' dir='ltr'><strong>spe-</strong></span> 
     </span>
    </p>
   </div>
   <div class='ocr_carea' id='block_1_89' title="bbox 2188 4148 3780 4224">
    <p class='ocr_par' dir='ltr' id='par_1_89' title="bbox 2188 4148 3780 4224">
     <span class='ocr_line' id='line_1_89' title="bbox 2188 4148 3780 4224; baseline 0.01 -24"><span class='ocrx_word' id='word_1_637' title='bbox 2188 4148 2422 4212; x_wconf 87' lang='lat' dir='ltr'><strong>etabant,</strong></span> <span class='ocrx_word' id='word_1_638' title='bbox 2446 4159 2503 4204; x_wconf 89' lang='lat' dir='ltr'><strong>ut</strong></span> <span class='ocrx_word' id='word_1_639' title='bbox 2532 4152 2598 4204; x_wconf 85' lang='lat' dir='ltr'><strong>ab</strong></span> <span class='ocrx_word' id='word_1_640' title='bbox 2620 4151 2764 4205; x_wconf 87' lang='lat' dir='ltr'><strong>omni</strong></span> <span class='ocrx_word' id='word_1_641' title='bbox 2787 4155 3042 4222; x_wconf 85' lang='lat' dir='ltr'><strong>spurcitie</strong></span> <span class='ocrx_word' id='word_1_642' title='bbox 3077 4173 3258 4224; x_wconf 83' lang='lat' dir='ltr'><strong>puram</strong></span> <span class='ocrx_word' id='word_1_643' title='bbox 3288 4160 3519 4213; x_wconf 77' lang='lat' dir='ltr'><strong>animam</strong></span> <span class='ocrx_word' id='word_1_644' title='bbox 3551 4177 3613 4214; x_wconf 89' lang='lat' dir='ltr'><strong>ac</strong></span> <span class='ocrx_word' id='word_1_645' title='bbox 3649 4179 3780 4216; x_wconf 85' lang='lat' dir='ltr'><strong>cor-</strong></span> 
     </span>
    </p>
   </div>
   <div class='ocr_carea' id='block_1_90' title="bbox 2189 4244 3778 4322">
    <p class='ocr_par' dir='ltr' id='par_1_90' title="bbox 2189 4244 3778 4322">
     <span class='ocr_line' id='line_1_90' title="bbox 2189 4244 3778 4322; baseline 0.01 -27"><span class='ocrx_word' id='word_1_646' title='bbox 2189 4256 2290 4311; x_wconf 91' lang='lat' dir='ltr'><strong>pus</strong></span> <span class='ocrx_word' id='word_1_647' title='bbox 2323 4244 2431 4298; x_wconf 88' lang='lat' dir='ltr'><strong>Deo</strong></span> <span class='ocrx_word' id='word_1_648' title='bbox 2457 4245 2810 4300; x_wconf 77' lang='lat' dir='ltr'><strong>eshiberent:</strong></span> <span class='ocrx_word' id='word_1_649' title='bbox 2862 4248 2943 4302; x_wconf 88' lang='lat' dir='ltr'><strong>sic</strong></span> <span class='ocrx_word' id='word_1_650' title='bbox 2973 4249 3222 4306; x_wconf 90' lang='lat' dir='ltr'><strong>nimirum</strong></span> <span class='ocrx_word' id='word_1_651' title='bbox 3271 4267 3329 4306; x_wconf 89' lang='lat' dir='ltr'><strong>se</strong></span> <span class='ocrx_word' id='word_1_652' title='bbox 3374 4267 3778 4322; x_wconf 88' lang='lat' dir='ltr'><strong>comparantes,</strong></span> 
     </span>
    </p>
   </div>
   <div class='ocr_carea' id='block_1_91' title="bbox 2189 4337 3780 4414">
    <p class='ocr_par' dir='ltr' id='par_1_91' title="bbox 2189 4337 3780 4414">
     <span class='ocr_line' id='line_1_91' title="bbox 2189 4337 3780 4414; baseline 0.008 -26"><span class='ocrx_word' id='word_1_653' title='bbox 2189 4343 2246 4389; x_wconf 88' lang='lat' dir='ltr'><strong>ut</strong></span> <span class='ocrx_word' id='word_1_654' title='bbox 2275 4352 2464 4392; x_wconf 86' lang='lat' dir='ltr'><strong>omnes</strong></span> <span class='ocrx_word' id='word_1_655' title='bbox 2505 4337 2816 4392; x_wconf 87' lang='lat' dir='ltr'><strong>vitiosarum</strong></span> <span class='ocrx_word' id='word_1_656' title='bbox 2860 4339 3195 4396; x_wconf 83' lang='lat' dir='ltr'><strong>all&#39;ectionum</strong></span> <span class='ocrx_word' id='word_1_657' title='bbox 3250 4346 3488 4399; x_wconf 80' lang='lat' dir='ltr'><strong>actiones</strong></span> <span class='ocrx_word' id='word_1_658' title='bbox 3533 4358 3780 4414; x_wconf 85' lang='lat' dir='ltr'><strong>amputa-</strong></span> 
     </span>
    </p>
   </div>
   <div class='ocr_carea' id='block_1_92' title="bbox 2190 4431 3771 4505">
    <p class='ocr_par' dir='ltr' id='par_1_92' title="bbox 2190 4431 3771 4505">
     <span class='ocr_line' id='line_1_92' title="bbox 2190 4431 3771 4505; baseline 0.006 -25"><span class='ocrx_word' id='word_1_659' title='bbox 2190 4438 2325 4495; x_wconf 89' lang='lat' dir='ltr'><strong>rent,</strong></span> <span class='ocrx_word' id='word_1_660' title='bbox 2360 4431 2670 4500; x_wconf 78' lang='lat' dir='ltr'><strong>seipsosqne</strong></span> <span class='ocrx_word' id='word_1_661' title='bbox 2692 4433 2760 4486; x_wconf 87' lang='lat' dir='ltr'><strong>ab</strong></span> <span class='ocrx_word' id='word_1_662' title='bbox 2789 4434 2935 4486; x_wconf 89' lang='lat' dir='ltr'><strong>omni</strong></span> <span class='ocrx_word' id='word_1_663' title='bbox 2975 4436 3151 4490; x_wconf 83' lang='lat' dir='ltr'><strong>carnis</strong></span> <span class='ocrx_word' id='word_1_664' title='bbox 3181 4445 3236 4490; x_wconf 88' lang='lat' dir='ltr'><strong>et</strong></span> <span class='ocrx_word' id='word_1_665' title='bbox 3269 4436 3480 4505; x_wconf 70' lang='lat' dir='ltr'><strong>spiritus</strong></span> <span class='ocrx_word' id='word_1_666' title='bbox 3519 4437 3771 4504; x_wconf 84' lang='lat' dir='ltr'><strong>inquina-</strong></span> 
     </span>
    </p>
   </div>
   <div class='ocr_carea' id='block_1_93' title="bbox 501 4507 3772 4590">
    <p class='ocr_par' dir='ltr' id='par_1_93' title="bbox 501 4507 3772 4590">
     <span class='ocr_line' id='line_1_93' title="bbox 501 4507 3772 4590; baseline 0.005 -27"><span class='ocrx_word' id='word_1_667' title='bbox 501 4510 755 4564; x_wconf 89' lang='lat' dir='ltr'><strong>Dominus</strong></span> <span class='ocrx_word' id='word_1_668' title='bbox 784 4507 999 4579; x_wconf 84' lang='lat' dir='ltr'><strong>(Matth.</strong></span> <span class='ocrx_word' id='word_1_669' title='bbox 1031 4510 1101 4579; x_wconf 86' lang='lat' dir='ltr'><strong>vt)</strong></span> <span class='ocrx_word' id='word_1_670' title='bbox 1134 4526 1148 4565; x_wconf 89' lang='lat'><strong>:</strong></span> <span class='ocrx_word' id='word_1_671' title='bbox 1181 4510 1350 4564; x_wconf 84' lang='lat' dir='ltr'><strong>Nemo</strong></span> <span class='ocrx_word' id='word_1_672' title='bbox 1375 4523 1550 4581; x_wconf 88' lang='lat' dir='ltr'><strong>potest</strong></span> <span class='ocrx_word' id='word_1_673' title='bbox 1596 4513 1804 4570; x_wconf 89' lang='lat' dir='ltr'><strong>duobus</strong></span> <span class='ocrx_word' id='word_1_674' title='bbox 1849 4519 2083 4573; x_wconf 91' lang='lat' dir='ltr'><strong>dominis</strong></span> <span class='ocrx_word' id='word_1_675' title='bbox 2119 4523 2166 4580; x_wconf 84' lang='grc' dir='ltr'><strong>Ι)</strong></span> <span class='ocrx_word' id='word_1_676' title='bbox 2192 4530 2372 4573; x_wconf 87' lang='lat' dir='ltr'><strong>mento</strong></span> <span class='ocrx_word' id='word_1_677' title='bbox 2403 4531 2770 4590; x_wconf 76' lang='lat' dir='ltr'><strong>repurgarent.</strong></span> <span class='ocrx_word' id='word_1_678' title='bbox 2801 4523 3060 4590; x_wconf 84' lang='lat' dir='ltr'><strong>Quoniam</strong></span> <span class='ocrx_word' id='word_1_679' title='bbox 3093 4534 3266 4578; x_wconf 88' lang='lat' dir='ltr'><strong>autem</strong></span> <span class='ocrx_word' id='word_1_680' title='bbox 3293 4527 3388 4578; x_wconf 91' lang='lat' dir='ltr'><strong>hoc</strong></span> <span class='ocrx_word' id='word_1_681' title='bbox 3409 4543 3512 4578; x_wconf 89' lang='lat' dir='ltr'><strong>non</strong></span> <span class='ocrx_word' id='word_1_682' title='bbox 3551 4527 3654 4579; x_wconf 89' lang='lat' dir='ltr'><strong>alia</strong></span> <span class='ocrx_word' id='word_1_683' title='bbox 3684 4544 3772 4580; x_wconf 76' lang='lat' dir='ltr'><strong>ra-</strong></span> 
     </span>
    </p>
   </div>
   <div class='ocr_carea' id='block_1_94' title="bbox 497 4591 2076 4666">
    <p class='ocr_par' dir='ltr' id='par_1_94' title="bbox 497 4591 2076 4666">
     <span class='ocr_line' id='line_1_94' title="bbox 497 4591 2076 4666; baseline 0.007 -12"><span class='ocrx_word' id='word_1_684' title='bbox 497 4601 722 4656; x_wconf 86' lang='lat' dir='ltr'><strong>servire.</strong></span> <span class='ocrx_word' id='word_1_685' title='bbox 761 4601 857 4655; x_wconf 78' lang='lat' dir='ltr'><strong>Aut</strong></span> <span class='ocrx_word' id='word_1_686' title='bbox 878 4602 1018 4655; x_wconf 89' lang='lat' dir='ltr'><strong>enim</strong></span> <span class='ocrx_word' id='word_1_687' title='bbox 1046 4591 1210 4655; x_wconf 88' lang='lat' dir='ltr'><strong>unum</strong></span> <span class='ocrx_word' id='word_1_688' title='bbox 1242 4602 1367 4654; x_wconf 88' lang='lat' dir='ltr'><strong>odio</strong></span> <span class='ocrx_word' id='word_1_689' title='bbox 1395 4605 1629 4666; x_wconf 88' lang='lat' dir='ltr'><strong>habebit,</strong></span> <span class='ocrx_word' id='word_1_690' title='bbox 1653 4615 1707 4659; x_wconf 90' lang='lat' dir='ltr'><strong>et</strong></span> <span class='ocrx_word' id='word_1_691' title='bbox 1737 4609 1962 4663; x_wconf 89' lang='lat' dir='ltr'><strong>alterum</strong></span> <span class='ocrx_word' id='word_1_692' title='bbox 1993 4612 2076 4665; x_wconf 89' lang='lat' dir='ltr'><strong>di-</strong></span> 
     </span>
    </p>
   </div>
   <div class='ocr_carea' id='block_1_95' title="bbox 499 4693 2075 4764">
    <p class='ocr_par' dir='ltr' id='par_1_95' title="bbox 499 4693 2075 4764">
     <span class='ocr_line' id='line_1_95' title="bbox 499 4693 2075 4764; baseline 0.008 -18"><span class='ocrx_word' id='word_1_693' title='bbox 499 4693 664 4764; x_wconf 86' lang='lat' dir='ltr'><strong>liget;</strong></span> <span class='ocrx_word' id='word_1_694' title='bbox 697 4703 789 4748; x_wconf 92' lang='lat' dir='ltr'><strong>aut</strong></span> <span class='ocrx_word' id='word_1_695' title='bbox 815 4694 902 4747; x_wconf 89' lang='lat' dir='ltr'><strong>uni</strong></span> <span class='ocrx_word' id='word_1_696' title='bbox 936 4694 1247 4761; x_wconf 71' lang='lat' dir='ltr'><strong>adhazrebit,</strong></span> <span class='ocrx_word' id='word_1_697' title='bbox 1274 4704 1328 4751; x_wconf 89' lang='lat' dir='ltr'><strong>et</strong></span> <span class='ocrx_word' id='word_1_698' title='bbox 1349 4697 1573 4752; x_wconf 88' lang='lat' dir='ltr'><strong>alterum</strong></span> <span class='ocrx_word' id='word_1_699' title='bbox 1602 4708 1928 4755; x_wconf 90' lang='lat' dir='ltr'><strong>contemnet.</strong></span> <span class='ocrx_word' id='word_1_700' title='bbox 1961 4704 2075 4758; x_wconf 82' lang='lat' dir='ltr'><strong>Non</strong></span> 
     </span>
    </p>
   </div>
   <div class='ocr_carea' id='block_1_96' title="bbox 497 4785 2080 4858">
    <p class='ocr_par' dir='ltr' id='par_1_96' title="bbox 497 4785 2080 4858">
     <span class='ocr_line' id='line_1_96' title="bbox 497 4785 2080 4858; baseline 0.008 -21"><span class='ocrx_word' id='word_1_701' title='bbox 497 4785 720 4855; x_wconf 85' lang='lat' dir='ltr'><strong>potestis</strong></span> <span class='ocrx_word' id='word_1_702' title='bbox 751 4785 858 4840; x_wconf 90' lang='lat' dir='ltr'><strong>Deo</strong></span> <span class='ocrx_word' id='word_1_703' title='bbox 885 4789 1088 4841; x_wconf 88' lang='lat' dir='ltr'><strong>servire</strong></span> <span class='ocrx_word' id='word_1_704' title='bbox 1117 4797 1172 4842; x_wconf 90' lang='lat' dir='ltr'><strong>et</strong></span> <span class='ocrx_word' id='word_1_705' title='bbox 1214 4803 1552 4844; x_wconf 80' lang='lat' dir='ltr'><strong>mammonae.</strong></span> <span class='ocrx_word' id='word_1_706' title='bbox 1585 4792 1720 4858; x_wconf 83' lang='lat' dir='ltr'><strong>Quin</strong></span> <span class='ocrx_word' id='word_1_707' title='bbox 1746 4795 1906 4848; x_wconf 89' lang='lat' dir='ltr'><strong>etiam</strong></span> <span class='ocrx_word' id='word_1_708' title='bbox 1948 4797 2080 4850; x_wconf 88' lang='lat' dir='ltr'><strong>cha-</strong></span> 
     </span>
    </p>
   </div>
   <div class='ocr_carea' id='block_1_97' title="bbox 495 4880 2077 4956">
    <p class='ocr_par' dir='ltr' id='par_1_97' title="bbox 495 4880 2077 4956">
     <span class='ocr_line' id='line_1_97' title="bbox 495 4880 2077 4956; baseline 0.006 -22"><span class='ocrx_word' id='word_1_709' title='bbox 495 4894 586 4934; x_wconf 89' lang='lat' dir='ltr'><strong>rus</strong></span> <span class='ocrx_word' id='word_1_710' title='bbox 618 4881 782 4947; x_wconf 87' lang='lat' dir='ltr'><strong>ipsius</strong></span> <span class='ocrx_word' id='word_1_711' title='bbox 827 4880 1117 4950; x_wconf 81' lang='lat' dir='ltr'><strong>discipulus</strong></span> <span class='ocrx_word' id='word_1_712' title='bbox 1142 4881 1375 4938; x_wconf 83' lang='lat' dir='ltr'><strong>Joannes</strong></span> <span class='ocrx_word' id='word_1_713' title='bbox 1404 4886 1727 4956; x_wconf 87' lang='lat' dir='ltr'><strong>evangelista</strong></span> <span class='ocrx_word' id='word_1_714' title='bbox 1755 4900 1804 4943; x_wconf 92' lang='lat' dir='ltr'><strong>et</strong></span> <span class='ocrx_word' id='word_1_715' title='bbox 1847 4890 2077 4945; x_wconf 85' lang='lat' dir='ltr'><strong>Theolo-</strong></span> 
     </span>
    </p>
   </div>
   <div class='ocr_carea' id='block_1_98' title="bbox 493 4971 2072 5048">
    <p class='ocr_par' dir='ltr' id='par_1_98' title="bbox 493 4971 2072 5048">
     <span class='ocr_line' id='line_1_98' title="bbox 493 4971 2072 5048; baseline 0.008 -24"><span class='ocrx_word' id='word_1_716' title='bbox 493 4985 590 5040; x_wconf 76' lang='lat' dir='ltr'><strong>gus</strong></span> <span class='ocrx_word' id='word_1_717' title='bbox 640 4971 692 5025; x_wconf 94' lang='lat' dir='ltr'><strong>in</strong></span> <span class='ocrx_word' id='word_1_718' title='bbox 737 4972 959 5040; x_wconf 83' lang='lat' dir='ltr'><strong>epistola</strong></span> <span class='ocrx_word' id='word_1_719' title='bbox 1011 4987 1105 5026; x_wconf 89' lang='lat' dir='ltr'><strong>sua</strong></span> <span class='ocrx_word' id='word_1_720' title='bbox 1153 4973 1272 5028; x_wconf 86' lang='lat' dir='ltr'><strong>ait:</strong></span> <span class='ocrx_word' id='word_1_721' title='bbox 1305 4974 1480 5031; x_wconf 82' lang='lat' dir='ltr'><strong>Nolite</strong></span> <span class='ocrx_word' id='word_1_722' title='bbox 1525 4977 1750 5041; x_wconf 76' lang='lat' dir='ltr'><strong>diligere</strong></span> <span class='ocrx_word' id='word_1_723' title='bbox 1796 4982 2072 5048; x_wconf 89' lang='lat' dir='ltr'><strong>mundum,</strong></span> 
     </span>
    </p>
   </div>
   <div class='ocr_carea' id='block_1_99' title="bbox 495 5065 2073 5141">
    <p class='ocr_par' dir='ltr' id='par_1_99' title="bbox 495 5065 2073 5141">
     <span class='ocr_line' id='line_1_99' title="bbox 495 5065 2073 5141; baseline 0.01 -27"><span class='ocrx_word' id='word_1_724' title='bbox 495 5076 669 5130; x_wconf 89' lang='lat' dir='ltr'><strong>neque</strong></span> <span class='ocrx_word' id='word_1_725' title='bbox 693 5076 756 5116; x_wconf 87' lang='lat' dir='ltr'><strong>ea</strong></span> <span class='ocrx_word' id='word_1_726' title='bbox 795 5077 914 5131; x_wconf 60' lang='lat' dir='ltr'><strong>quae</strong></span> <span class='ocrx_word' id='word_1_727' title='bbox 945 5065 995 5117; x_wconf 92' lang='lat' dir='ltr'><strong>in</strong></span> <span class='ocrx_word' id='word_1_728' title='bbox 1022 5065 1218 5119; x_wconf 91' lang='lat' dir='ltr'><strong>mundo</strong></span> <span class='ocrx_word' id='word_1_729' title='bbox 1245 5077 1388 5121; x_wconf 90' lang='lat' dir='ltr'><strong>sunt.</strong></span> <span class='ocrx_word' id='word_1_730' title='bbox 1421 5068 1680 5134; x_wconf 87' lang='lat' dir='ltr'><strong>Quoniam</strong></span> <span class='ocrx_word' id='word_1_731' title='bbox 1725 5085 1883 5126; x_wconf 88' lang='lat' dir='ltr'><strong>omne</strong></span> <span class='ocrx_word' id='word_1_732' title='bbox 1930 5075 2073 5141; x_wconf 91' lang='lat' dir='ltr'><strong>quod</strong></span> 
     </span>
    </p>
   </div>
   <div class='ocr_carea' id='block_1_100' title="bbox 495 5151 2077 5225">
    <p class='ocr_par' dir='ltr' id='par_1_100' title="bbox 495 5151 2077 5225">
     <span class='ocr_line' id='line_1_100' title="bbox 495 5151 2077 5225; baseline 0.008 -21"><span class='ocrx_word' id='word_1_733' title='bbox 495 5158 578 5204; x_wconf 88' lang='lat' dir='ltr'><strong>est</strong></span> <span class='ocrx_word' id='word_1_734' title='bbox 606 5151 658 5203; x_wconf 94' lang='lat' dir='ltr'><strong>in</strong></span> <span class='ocrx_word' id='word_1_735' title='bbox 687 5153 906 5217; x_wconf 90' lang='lat' dir='ltr'><strong>mundo,</strong></span> <span class='ocrx_word' id='word_1_736' title='bbox 930 5163 1021 5207; x_wconf 87' lang='lat' dir='ltr'><strong>aut</strong></span> <span class='ocrx_word' id='word_1_737' title='bbox 1053 5157 1483 5223; x_wconf 90' lang='lat' dir='ltr'><strong>concupiscentia</strong></span> <span class='ocrx_word' id='word_1_738' title='bbox 1509 5160 1684 5213; x_wconf 85' lang='lat' dir='ltr'><strong>carnis</strong></span> <span class='ocrx_word' id='word_1_739' title='bbox 1707 5170 1810 5225; x_wconf 91' lang='lat' dir='ltr'><strong>est,</strong></span> <span class='ocrx_word' id='word_1_740' title='bbox 1833 5173 1923 5215; x_wconf 84' lang='lat' dir='ltr'><strong>aut</strong></span> <span class='ocrx_word' id='word_1_741' title='bbox 1947 5178 2077 5219; x_wconf 89' lang='lat' dir='ltr'><strong>con-</strong></span> 
     </span>
    </p>
   </div>
   <div class='ocr_carea' id='block_1_101' title="bbox 493 5240 2070 5320">
    <p class='ocr_par' dir='ltr' id='par_1_101' title="bbox 493 5240 2070 5320">
     <span class='ocr_line' id='line_1_101' title="bbox 493 5240 2070 5320; baseline 0.009 -26"><span class='ocrx_word' id='word_1_742' title='bbox 493 5240 820 5308; x_wconf 76' lang='lat' dir='ltr'><strong>cupiscentia</strong></span> <span class='ocrx_word' id='word_1_743' title='bbox 846 5244 1147 5312; x_wconf 91' lang='lat' dir='ltr'><strong>oculorum,</strong></span> <span class='ocrx_word' id='word_1_744' title='bbox 1173 5256 1266 5301; x_wconf 89' lang='lat' dir='ltr'><strong>aut</strong></span> <span class='ocrx_word' id='word_1_745' title='bbox 1307 5249 1555 5317; x_wconf 84' lang='lat' dir='ltr'><strong>superbia</strong></span> <span class='ocrx_word' id='word_1_746' title='bbox 1599 5251 1743 5317; x_wconf 63' lang='lat' dir='ltr'><strong>vitae,</strong></span> <span class='ocrx_word' id='word_1_747' title='bbox 1794 5267 1916 5320; x_wconf 75' lang='lat' dir='ltr'><strong>qua:</strong></span> <span class='ocrx_word' id='word_1_748' title='bbox 1963 5271 2070 5308; x_wconf 92' lang='lat' dir='ltr'><strong>non</strong></span> 
     </span>
    </p>
   </div>
   <div class='ocr_carea' id='block_1_102' title="bbox 493 5331 2074 5402">
    <p class='ocr_par' dir='ltr' id='par_1_102' title="bbox 493 5331 2074 5402">
     <span class='ocr_line' id='line_1_102' title="bbox 493 5331 2074 5402; baseline 0.01 -17"><span class='ocrx_word' id='word_1_749' title='bbox 493 5342 577 5386; x_wconf 89' lang='lat' dir='ltr'><strong>est</strong></span> <span class='ocrx_word' id='word_1_750' title='bbox 603 5346 671 5386; x_wconf 76' lang='lat' dir='ltr'><strong>es</strong></span> <span class='ocrx_word' id='word_1_751' title='bbox 703 5331 880 5398; x_wconf 81' lang='lat' dir='ltr'><strong>Patre,</strong></span> <span class='ocrx_word' id='word_1_752' title='bbox 909 5335 1003 5390; x_wconf 89' lang='lat' dir='ltr'><strong>sed</strong></span> <span class='ocrx_word' id='word_1_753' title='bbox 1032 5351 1098 5390; x_wconf 79' lang='lat' dir='ltr'><strong>ex</strong></span> <span class='ocrx_word' id='word_1_754' title='bbox 1133 5339 1335 5394; x_wconf 91' lang='lat' dir='ltr'><strong>mundo</strong></span> <span class='ocrx_word' id='word_1_755' title='bbox 1359 5349 1463 5394; x_wconf 90' lang='lat' dir='ltr'><strong>est.</strong></span> <span class='ocrx_word' id='word_1_756' title='bbox 1499 5341 1566 5394; x_wconf 86' lang='lat' dir='ltr'><strong>Et</strong></span> <span class='ocrx_word' id='word_1_757' title='bbox 1610 5342 1840 5397; x_wconf 90' lang='lat' dir='ltr'><strong>mundus</strong></span> <span class='ocrx_word' id='word_1_758' title='bbox 1887 5347 2074 5402; x_wconf 87' lang='lat' dir='ltr'><strong>transit</strong></span> 
     </span>
    </p>
   </div>
   <div class='ocr_carea' id='block_1_103' title="bbox 493 5423 2072 5496">
    <p class='ocr_par' dir='ltr' id='par_1_103' title="bbox 493 5423 2072 5496">
     <span class='ocr_line' id='line_1_103' title="bbox 493 5423 2072 5496; baseline 0.009 -19"><span class='ocrx_word' id='word_1_759' title='bbox 493 5433 549 5478; x_wconf 90' lang='lat' dir='ltr'><strong>et</strong></span> <span class='ocrx_word' id='word_1_760' title='bbox 585 5423 1012 5492; x_wconf 85' lang='lat' dir='ltr'><strong>concupiscentia</strong></span> <span class='ocrx_word' id='word_1_761' title='bbox 1043 5425 1180 5496; x_wconf 81' lang='lat' dir='ltr'><strong>ejus.</strong></span> <span class='ocrx_word' id='word_1_762' title='bbox 1229 5430 1328 5496; x_wconf 84' lang='lat' dir='ltr'><strong>Qui</strong></span> <span class='ocrx_word' id='word_1_763' title='bbox 1359 5441 1538 5486; x_wconf 88' lang='lat' dir='ltr'><strong>autem</strong></span> <span class='ocrx_word' id='word_1_764' title='bbox 1590 5433 1716 5488; x_wconf 89' lang='lat' dir='ltr'><strong>facit</strong></span> <span class='ocrx_word' id='word_1_765' title='bbox 1745 5434 2072 5492; x_wconf 87' lang='lat' dir='ltr'><strong>voluntatem</strong></span> 
     </span>
    </p>
   </div>
   <div class='ocr_carea' id='block_1_104' title="bbox 495 5515 1580 5596">
    <p class='ocr_par' dir='ltr' id='par_1_104' title="bbox 495 5515 1580 5596">
     <span class='ocr_line' id='line_1_104' title="bbox 495 5515 1580 5596; baseline 0.009 -28"><span class='ocrx_word' id='word_1_766' title='bbox 495 5515 613 5574; x_wconf 87' lang='lat' dir='ltr'><strong>Dei.</strong></span> <span class='ocrx_word' id='word_1_767' title='bbox 643 5524 822 5569; x_wconf 87' lang='lat' dir='ltr'><strong>manet</strong></span> <span class='ocrx_word' id='word_1_768' title='bbox 853 5515 906 5570; x_wconf 93' lang='lat' dir='ltr'><strong>in</strong></span> <span class='ocrx_word' id='word_1_769' title='bbox 935 5528 1191 5574; x_wconf 69' lang='lat' dir='ltr'><strong>aeternum</strong></span> <span class='ocrx_word' id='word_1_770' title='bbox 1223 5520 1271 5574; x_wconf 83' lang='grc'><strong><em>(1</em></strong></span> <span class='ocrx_word' id='word_1_771' title='bbox 1305 5519 1459 5576; x_wconf 83' lang='lat' dir='ltr'><strong>Joan.</strong></span> <span class='ocrx_word' id='word_1_772' title='bbox 1492 5527 1580 5596; x_wconf 83' lang='lat' dir='ltr'><strong>ll).</strong></span> 
     </span>
    </p>
   </div>
   <div class='ocr_carea' id='block_1_105' title="bbox 566 5606 2075 5688">
    <p class='ocr_par' dir='ltr' id='par_1_105' title="bbox 566 5606 2075 5688">
     <span class='ocr_line' id='line_1_105' title="bbox 566 5606 2075 5688; baseline 0.011 -27"><span class='ocrx_word' id='word_1_773' title='bbox 566 5606 692 5662; x_wconf 68' lang='lat' dir='ltr'><strong>llaec</strong></span> <span class='ocrx_word' id='word_1_774' title='bbox 720 5608 877 5679; x_wconf 81' lang='lat' dir='ltr'><strong>igitur</strong></span> <span class='ocrx_word' id='word_1_775' title='bbox 904 5624 1024 5665; x_wconf 91' lang='lat' dir='ltr'><strong>cum</strong></span> <span class='ocrx_word' id='word_1_776' title='bbox 1055 5611 1219 5667; x_wconf 87' lang='lat' dir='ltr'><strong>divini</strong></span> <span class='ocrx_word' id='word_1_777' title='bbox 1250 5625 1313 5668; x_wconf 84' lang='lat' dir='ltr'><strong>ae</strong></span> <span class='ocrx_word' id='word_1_778' title='bbox 1340 5615 1597 5674; x_wconf 89' lang='lat' dir='ltr'><strong>divinitus</strong></span> <span class='ocrx_word' id='word_1_779' title='bbox 1626 5619 1866 5688; x_wconf 86' lang='lat' dir='ltr'><strong>Inspirati</strong></span> <span class='ocrx_word' id='word_1_780' title='bbox 1899 5629 2075 5688; x_wconf 87' lang='lat' dir='ltr'><strong>patres</strong></span> 
     </span>
    </p>
   </div>
   <div class='ocr_carea' id='block_1_106' title="bbox 491 5700 2069 5780">
    <p class='ocr_par' dir='ltr' id='par_1_106' title="bbox 491 5700 2069 5780">
     <span class='ocr_line' id='line_1_106' title="bbox 491 5700 2069 5780; baseline 0.011 -27"><span class='ocrx_word' id='word_1_781' title='bbox 491 5700 657 5756; x_wconf 76' lang='lat' dir='ltr'><strong>nostri</strong></span> <span class='ocrx_word' id='word_1_782' title='bbox 677 5701 1192 5773; x_wconf 76' lang='lat' dir='ltr'><strong>animadvertissent,</strong></span> <span class='ocrx_word' id='word_1_783' title='bbox 1215 5715 1374 5778; x_wconf 84' lang='lat' dir='ltr'><strong>atque</strong></span> <span class='ocrx_word' id='word_1_784' title='bbox 1395 5707 1526 5765; x_wconf 90' lang='lat' dir='ltr'><strong>illud</strong></span> <span class='ocrx_word' id='word_1_785' title='bbox 1540 5712 1764 5780; x_wconf 85' lang='lat' dir='ltr'><strong>apostoli</strong></span> <span class='ocrx_word' id='word_1_786' title='bbox 1777 5713 2069 5780; x_wconf 83' lang='lat' dir='ltr'><strong>audissent,</strong></span> 
     </span>
    </p>
   </div>
   <div class='ocr_carea' id='block_1_107' title="bbox 2131 4611 3773 4684">
    <p class='ocr_par' dir='ltr' id='par_1_107' title="bbox 2131 4611 3773 4684">
     <span class='ocr_line' id='line_1_107' title="bbox 2131 4611 3773 4684; baseline 0.005 -21"><span class='ocrx_word' id='word_1_787' title='bbox 2131 4646 2140 4648; x_wconf 93' lang='lat'><em>-</em></span> <span class='ocrx_word' id='word_1_788' title='bbox 2190 4611 2357 4677; x_wconf 79' lang='lat' dir='ltr'><strong>tione,</strong></span> <span class='ocrx_word' id='word_1_789' title='bbox 2390 4628 2548 4679; x_wconf 88' lang='lat' dir='ltr'><strong>quam</strong></span> <span class='ocrx_word' id='word_1_790' title='bbox 2579 4628 2674 4682; x_wconf 90' lang='lat' dir='ltr'><strong>per</strong></span> <span class='ocrx_word' id='word_1_791' title='bbox 2701 4618 3068 4669; x_wconf 82' lang='lat' dir='ltr'><strong>mandatorum</strong></span> <span class='ocrx_word' id='word_1_792' title='bbox 3091 4615 3286 4670; x_wconf 82' lang='lat' dir='ltr'><strong>Christi</strong></span> <span class='ocrx_word' id='word_1_793' title='bbox 3311 4615 3773 4684; x_wconf 81' lang='lat' dir='ltr'><strong>observationem,</strong></span> 
     </span>
    </p>
   </div>
   <div class='ocr_carea' id='block_1_108' title="bbox 2189 4707 3776 4779">
    <p class='ocr_par' dir='ltr' id='par_1_108' title="bbox 2189 4707 3776 4779">
     <span class='ocr_line' id='line_1_108' title="bbox 2189 4707 3776 4779; baseline 0.007 -24"><span class='ocrx_word' id='word_1_794' title='bbox 2189 4716 2218 4755; x_wconf 87' lang='lat' dir='ltr'><strong>a</strong></span> <span class='ocrx_word' id='word_1_795' title='bbox 2251 4719 2310 4756; x_wconf 89' lang='lat' dir='ltr'><strong>se</strong></span> <span class='ocrx_word' id='word_1_796' title='bbox 2341 4708 2579 4771; x_wconf 60' lang='lat' dir='ltr'><strong>praastari</strong></span> <span class='ocrx_word' id='word_1_797' title='bbox 2605 4719 2762 4773; x_wconf 87' lang='lat' dir='ltr'><strong>posse</strong></span> <span class='ocrx_word' id='word_1_798' title='bbox 2796 4707 3180 4776; x_wconf 87' lang='lat' dir='ltr'><strong>intelligebant,</strong></span> <span class='ocrx_word' id='word_1_799' title='bbox 3213 4710 3580 4763; x_wconf 81' lang='lat' dir='ltr'><strong>mandatorum</strong></span> <span class='ocrx_word' id='word_1_800' title='bbox 3609 4726 3776 4779; x_wconf 88' lang='lat' dir='ltr'><strong>porro</strong></span> 
     </span>
    </p>
   </div>
   <div class='ocr_carea' id='block_1_109' title="bbox 2187 4795 3770 4856">
    <p class='ocr_par' dir='ltr' id='par_1_109' title="bbox 2187 4795 3770 4856">
     <span class='ocr_line' id='line_1_109' title="bbox 2187 4795 3770 4856; baseline 0.004 -8"><span class='ocrx_word' id='word_1_801' title='bbox 2187 4795 2616 4851; x_wconf 86' lang='lat' dir='ltr'><strong>observationem</strong></span> <span class='ocrx_word' id='word_1_802' title='bbox 2647 4813 2707 4849; x_wconf 89' lang='lat' dir='ltr'><strong>ac</strong></span> <span class='ocrx_word' id='word_1_803' title='bbox 2736 4798 2989 4851; x_wconf 85' lang='lat' dir='ltr'><strong>virtutum</strong></span> <span class='ocrx_word' id='word_1_804' title='bbox 3021 4801 3221 4852; x_wconf 88' lang='lat' dir='ltr'><strong>cultum</strong></span> <span class='ocrx_word' id='word_1_805' title='bbox 3254 4802 3303 4853; x_wconf 92' lang='lat' dir='ltr'><strong>in</strong></span> <span class='ocrx_word' id='word_1_806' title='bbox 3348 4800 3538 4854; x_wconf 83' lang='lat' dir='ltr'><strong>mediis</strong></span> <span class='ocrx_word' id='word_1_807' title='bbox 3587 4804 3770 4856; x_wconf 87' lang='lat' dir='ltr'><strong>tnttttdi</strong></span> 
     </span>
    </p>
   </div>
   <div class='ocr_carea' id='block_1_110' title="bbox 2188 4890 3769 4962">
    <p class='ocr_par' dir='ltr' id='par_1_110' title="bbox 2188 4890 3769 4962">
     <span class='ocr_line' id='line_1_110' title="bbox 2188 4890 3769 4962; baseline 0.004 -20"><span class='ocrx_word' id='word_1_808' title='bbox 2188 4890 2504 4944; x_wconf 90' lang='lat' dir='ltr'><strong>tumultibus</strong></span> <span class='ocrx_word' id='word_1_809' title='bbox 2549 4906 2690 4960; x_wconf 76' lang='lat' dir='ltr'><strong>a&#39;gre</strong></span> <span class='ocrx_word' id='word_1_810' title='bbox 2743 4892 2999 4962; x_wconf 89' lang='lat' dir='ltr'><strong>consequi</strong></span> <span class='ocrx_word' id='word_1_811' title='bbox 3050 4908 3109 4946; x_wconf 89' lang='lat' dir='ltr'><strong>se</strong></span> <span class='ocrx_word' id='word_1_812' title='bbox 3160 4908 3315 4957; x_wconf 80' lang='lat' dir='ltr'><strong>posse</strong></span> <span class='ocrx_word' id='word_1_813' title='bbox 3356 4897 3769 4961; x_wconf 80' lang='lat' dir='ltr'><strong>perSpieiehant,</strong></span> 
     </span>
    </p>
   </div>
   <div class='ocr_carea' id='block_1_111' title="bbox 2188 4982 3769 5056">
    <p class='ocr_par' dir='ltr' id='par_1_111' title="bbox 2188 4982 3769 5056">
     <span class='ocr_line' id='line_1_111' title="bbox 2188 4982 3769 5056; baseline 0.006 -22"><span class='ocrx_word' id='word_1_814' title='bbox 2188 4997 2382 5036; x_wconf 90' lang='lat' dir='ltr'><strong>novum</strong></span> <span class='ocrx_word' id='word_1_815' title='bbox 2413 4982 2679 5050; x_wconf 85' lang='lat' dir='ltr'><strong>quoddam</strong></span> <span class='ocrx_word' id='word_1_816' title='bbox 2712 4992 2874 5052; x_wconf 82' lang='lat' dir='ltr'><strong>atque</strong></span> <span class='ocrx_word' id='word_1_817' title='bbox 2901 4986 2968 5038; x_wconf 84' lang='lat' dir='ltr'><strong>ab</strong></span> <span class='ocrx_word' id='word_1_818' title='bbox 2988 4986 3108 5040; x_wconf 91' lang='lat' dir='ltr'><strong>aliis</strong></span> <span class='ocrx_word' id='word_1_819' title='bbox 3136 4986 3406 5040; x_wconf 60' lang='lat' dir='ltr'><strong>diversum</strong></span> <span class='ocrx_word' id='word_1_820' title='bbox 3437 4989 3558 5040; x_wconf 66' lang='lat' dir='ltr'><strong>vitae</strong></span> <span class='ocrx_word' id='word_1_821' title='bbox 3600 5004 3769 5056; x_wconf 84' lang='lat' dir='ltr'><strong>genus</strong></span> 
     </span>
    </p>
   </div>
   <div class='ocr_carea' id='block_1_112' title="bbox 2183 5073 3797 5146">
    <p class='ocr_par' dir='ltr' id='par_1_112' title="bbox 2183 5073 3797 5146">
     <span class='ocr_line' id='line_1_112' title="bbox 2183 5073 3797 5146; baseline 0.004 -19"><span class='ocrx_word' id='word_1_822' title='bbox 2183 5073 2419 5143; x_wconf 88' lang='lat' dir='ltr'><strong>sibiipsis</strong></span> <span class='ocrx_word' id='word_1_823' title='bbox 2444 5076 2805 5140; x_wconf 88' lang='lat' dir='ltr'><strong>instituerunt,</strong></span> <span class='ocrx_word' id='word_1_824' title='bbox 2827 5091 2890 5131; x_wconf 86' lang='lat' dir='ltr'><strong>ac</strong></span> <span class='ocrx_word' id='word_1_825' title='bbox 2905 5078 3056 5146; x_wconf 75' lang='lat' dir='ltr'><strong>juxta</strong></span> <span class='ocrx_word' id='word_1_826' title='bbox 3081 5079 3312 5132; x_wconf 79' lang='lat' dir='ltr'><strong>divinam</strong></span> <span class='ocrx_word' id='word_1_827' title='bbox 3333 5095 3541 5146; x_wconf 88' lang='lat' dir='ltr'><strong>vocem,</strong></span> <span class='ocrx_word' id='word_1_828' title='bbox 3566 5081 3772 5135; x_wconf 81' lang='lat' dir='ltr'><strong>relictis</strong></span> <span class='ocrx_word' id='word_1_829' title='bbox 3795 5080 3797 5082; x_wconf 71' lang='grc'><em>’</em></span> 
     </span>
    </p>
   </div>
   <div class='ocr_carea' id='block_1_113' title="bbox 2183 5164 3767 5237">
    <p class='ocr_par' dir='ltr' id='par_1_113' title="bbox 2183 5164 3767 5237">
     <span class='ocr_line' id='line_1_113' title="bbox 2183 5164 3767 5237; baseline 0.007 -22"><span class='ocrx_word' id='word_1_830' title='bbox 2183 5164 2432 5219; x_wconf 85' lang='lat' dir='ltr'><strong>omnibus</strong></span> <span class='ocrx_word' id='word_1_831' title='bbox 2456 5165 2639 5232; x_wconf 80' lang='lat' dir='ltr'><strong>rebus,</strong></span> <span class='ocrx_word' id='word_1_832' title='bbox 2663 5165 2765 5220; x_wconf 89' lang='lat' dir='ltr'><strong>hoc</strong></span> <span class='ocrx_word' id='word_1_833' title='bbox 2809 5177 2891 5222; x_wconf 85' lang='lat' dir='ltr'><strong>est</strong></span> <span class='ocrx_word' id='word_1_834' title='bbox 2932 5168 3261 5235; x_wconf 90' lang='lat' dir='ltr'><strong>parentibus,</strong></span> <span class='ocrx_word' id='word_1_835' title='bbox 3312 5169 3512 5234; x_wconf 87' lang='lat' dir='ltr'><strong>liberis,</strong></span> <span class='ocrx_word' id='word_1_836' title='bbox 3555 5171 3767 5237; x_wconf 88' lang='lat' dir='ltr'><strong>amicis,</strong></span> 
     </span>
    </p>
   </div>
   <div class='ocr_carea' id='block_1_114' title="bbox 2183 5257 3773 5330">
    <p class='ocr_par' dir='ltr' id='par_1_114' title="bbox 2183 5257 3773 5330">
     <span class='ocr_line' id='line_1_114' title="bbox 2183 5257 3773 5330; baseline 0.005 -20"><span class='ocrx_word' id='word_1_837' title='bbox 2183 5257 2440 5326; x_wconf 89' lang='lat' dir='ltr'><strong>cognatis,</strong></span> <span class='ocrx_word' id='word_1_838' title='bbox 2468 5259 2678 5326; x_wconf 87' lang='lat' dir='ltr'><strong>opibus,</strong></span> <span class='ocrx_word' id='word_1_839' title='bbox 2713 5258 2938 5324; x_wconf 83' lang='lat' dir='ltr'><strong>deliciis,</strong></span> <span class='ocrx_word' id='word_1_840' title='bbox 2971 5261 3284 5330; x_wconf 77' lang='lat' dir='ltr'><strong>cunctisque</strong></span> <span class='ocrx_word' id='word_1_841' title='bbox 3313 5261 3496 5315; x_wconf 83' lang='lat' dir='ltr'><strong>mundi</strong></span> <span class='ocrx_word' id='word_1_842' title='bbox 3527 5276 3773 5317; x_wconf 87' lang='lat' dir='ltr'><strong>commo-</strong></span> 
     </span>
    </p>
   </div>
   <div class='ocr_carea' id='block_1_115' title="bbox 2185 5347 3770 5424">
    <p class='ocr_par' dir='ltr' id='par_1_115' title="bbox 2185 5347 3770 5424">
     <span class='ocr_line' id='line_1_115' title="bbox 2185 5347 3770 5424; baseline 0.004 -23"><span class='ocrx_word' id='word_1_843' title='bbox 2185 5347 2269 5401; x_wconf 87' lang='lat' dir='ltr'><strong>dis</strong></span> <span class='ocrx_word' id='word_1_844' title='bbox 2290 5351 2633 5418; x_wconf 87' lang='lat' dir='ltr'><strong>eontcmptis,</strong></span> <span class='ocrx_word' id='word_1_845' title='bbox 2667 5349 2720 5404; x_wconf 90' lang='lat' dir='ltr'><strong>in</strong></span> <span class='ocrx_word' id='word_1_846' title='bbox 2748 5351 3086 5415; x_wconf 70' lang='lat' dir='ltr'><strong>stilitudines,</strong></span> <span class='ocrx_word' id='word_1_847' title='bbox 3121 5361 3369 5422; x_wconf 84' lang='lat' dir='ltr'><strong>tanquam</strong></span> <span class='ocrx_word' id='word_1_848' title='bbox 3402 5356 3614 5407; x_wconf 73' lang='lat' dir='ltr'><strong>exsules</strong></span> <span class='ocrx_word' id='word_1_849' title='bbox 3643 5355 3770 5424; x_wconf 89' lang='lat' dir='ltr'><strong>qni-</strong></span> 
     </span>
    </p>
   </div>
   <div class='ocr_carea' id='block_1_116' title="bbox 2170 5441 3765 5515">
    <p class='ocr_par' dir='ltr' id='par_1_116' title="bbox 2170 5441 3765 5515">
     <span class='ocr_line' id='line_1_116' title="bbox 2170 5441 3765 5515; baseline 0.004 -22"><span class='ocrx_word' id='word_1_850' title='bbox 2170 5441 2328 5506; x_wconf 85' lang='lat' dir='ltr'><strong>dam,</strong></span> <span class='ocrx_word' id='word_1_851' title='bbox 2358 5453 2479 5494; x_wconf 88' lang='lat' dir='ltr'><strong>sese</strong></span> <span class='ocrx_word' id='word_1_852' title='bbox 2505 5441 2869 5506; x_wconf 84' lang='lat' dir='ltr'><strong>contulerunt,</strong></span> <span class='ocrx_word' id='word_1_853' title='bbox 2913 5452 3158 5511; x_wconf 82' lang='lat' dir='ltr'><strong>egentes,</strong></span> <span class='ocrx_word' id='word_1_854' title='bbox 3208 5445 3516 5515; x_wconf 77' lang='lat' dir='ltr'><strong>angustiati,</strong></span> <span class='ocrx_word' id='word_1_855' title='bbox 3555 5446 3765 5510; x_wconf 80' lang='lat' dir='ltr'><strong>alﬂicti,</strong></span> 
     </span>
    </p>
   </div>
   <div class='ocr_carea' id='block_1_117' title="bbox 2179 5530 3766 5608">
    <p class='ocr_par' dir='ltr' id='par_1_117' title="bbox 2179 5530 3766 5608">
     <span class='ocr_line' id='line_1_117' title="bbox 2179 5530 3766 5608; baseline 0.006 -25"><span class='ocrx_word' id='word_1_856' title='bbox 2179 5531 2376 5598; x_wconf 85' lang='lat' dir='ltr'><strong>quibus</strong></span> <span class='ocrx_word' id='word_1_857' title='bbox 2403 5530 2597 5601; x_wconf 84' lang='lat' dir='ltr'><strong>dignus</strong></span> <span class='ocrx_word' id='word_1_858' title='bbox 2619 5548 2724 5586; x_wconf 88' lang='lat' dir='ltr'><strong>non</strong></span> <span class='ocrx_word' id='word_1_859' title='bbox 2755 5542 2872 5589; x_wconf 87' lang='lat' dir='ltr'><strong>erat</strong></span> <span class='ocrx_word' id='word_1_860' title='bbox 2910 5535 3138 5589; x_wconf 87' lang='lat' dir='ltr'><strong>mundus</strong></span> <span class='ocrx_word' id='word_1_861' title='bbox 3169 5535 3358 5605; x_wconf 81' lang='lat' dir='ltr'><strong>(Hebr.</strong></span> <span class='ocrx_word' id='word_1_862' title='bbox 3390 5538 3464 5608; x_wconf 73' lang='lat' dir='ltr'><strong>xi)</strong></span> <span class='ocrx_word' id='word_1_863' title='bbox 3498 5553 3514 5591; x_wconf 89' lang='lat'><strong>:</strong></span> <span class='ocrx_word' id='word_1_864' title='bbox 3545 5538 3597 5591; x_wconf 91' lang='lat' dir='ltr'><strong>in</strong></span> <span class='ocrx_word' id='word_1_865' title='bbox 3627 5539 3766 5592; x_wconf 84' lang='lat' dir='ltr'><strong>soli-</strong></span> 
     </span>
    </p>
   </div>
   <div class='ocr_carea' id='block_1_118' title="bbox 2181 5621 3766 5699">
    <p class='ocr_par' dir='ltr' id='par_1_118' title="bbox 2181 5621 3766 5699">
     <span class='ocr_line' id='line_1_118' title="bbox 2181 5621 3766 5699; baseline 0.006 -25"><span class='ocrx_word' id='word_1_866' title='bbox 2181 5621 2452 5678; x_wconf 88' lang='lat' dir='ltr'><strong>tudinibus</strong></span> <span class='ocrx_word' id='word_1_867' title='bbox 2477 5633 2741 5690; x_wconf 87' lang='lat' dir='ltr'><strong>errantes,</strong></span> <span class='ocrx_word' id='word_1_868' title='bbox 2785 5625 2836 5679; x_wconf 91' lang='lat' dir='ltr'><strong>in</strong></span> <span class='ocrx_word' id='word_1_869' title='bbox 2880 5626 3175 5695; x_wconf 86' lang='lat' dir='ltr'><strong>montibus,</strong></span> <span class='ocrx_word' id='word_1_870' title='bbox 3205 5635 3260 5682; x_wconf 85' lang='lat' dir='ltr'><strong>et</strong></span> <span class='ocrx_word' id='word_1_871' title='bbox 3285 5627 3590 5699; x_wconf 89' lang='lat' dir='ltr'><strong>speluncis,</strong></span> <span class='ocrx_word' id='word_1_872' title='bbox 3623 5641 3680 5686; x_wconf 89' lang='lat' dir='ltr'><strong>et</strong></span> <span class='ocrx_word' id='word_1_873' title='bbox 3711 5633 3766 5685; x_wconf 89' lang='lat' dir='ltr'><strong>in</strong></span> 
     </span>
    </p>
   </div>
   <div class='ocr_carea' id='block_1_119' title="bbox 2176 5717 3766 5794">
    <p class='ocr_par' dir='ltr' id='par_1_119' title="bbox 2176 5717 3766 5794">
     <span class='ocr_line' id='line_1_119' title="bbox 2176 5717 3766 5794; baseline 0.004 -25"><span class='ocrx_word' id='word_1_874' title='bbox 2176 5717 2422 5770; x_wconf 88' lang='lat' dir='ltr'><strong>cavernis</strong></span> <span class='ocrx_word' id='word_1_875' title='bbox 2444 5723 2622 5781; x_wconf 85' lang='lat' dir='ltr'><strong>terrae,</strong></span> <span class='ocrx_word' id='word_1_876' title='bbox 2653 5729 2716 5771; x_wconf 84' lang='lat' dir='ltr'><strong>ac</strong></span> <span class='ocrx_word' id='word_1_877' title='bbox 2736 5717 2942 5787; x_wconf 87' lang='lat' dir='ltr'><strong>seipsos</strong></span> <span class='ocrx_word' id='word_1_878' title='bbox 2964 5717 3032 5774; x_wconf 84' lang='lat' dir='ltr'><strong>ab</strong></span> <span class='ocrx_word' id='word_1_879' title='bbox 3052 5719 3302 5777; x_wconf 85' lang='lat' dir='ltr'><strong>omnibus</strong></span> <span class='ocrx_word' id='word_1_880' title='bbox 3327 5721 3554 5779; x_wconf 85' lang='lat' dir='ltr'><strong>terrenis</strong></span> <span class='ocrx_word' id='word_1_881' title='bbox 3569 5720 3766 5794; x_wconf 83' lang='lat' dir='ltr'><strong>jucun-</strong></span> 
     </span>
    </p>
   </div>
  </div>
