4010 6252
259 354 358 408 .589

689 354 850 412 VITA
895 356 1308 414 SANCTORUM
1353 358 1681 413 BARLAAM
1726 360 2059 415 ΕΠΕΜΙΤᾸΞ
2104 362 2190 415 ET
2230 361 2580 418 JOSAPHAT
2632 362 2837 417 INDIA‘J
2880 365 3101 423 REGIS.

3427 368 3531 423 £90

253 463 507 520 ditatibus
555 474 609 520 ct
652 466 1007 534 voluptatibus
1039 469 1218 533 procul
1263 479 1620 534 removentes,
1681 482 1837 539 atque
1868 475 1914 530 A
1946 470 2101 523 modo
2133 471 2345 531 fecisse,
2396 487 2513 539 qua:
2545 471 2671 541 ipsis
2719 488 2748 525 a
2783 473 2891 528 Deo
2921 483 3184 545 praecepta
3213 492 3410 544 essent,
3445 494 3535 534 ve-

254 555 385 610 adeo
415 556 568 623 panis
592 556 752 610 etiam
778 564 829 610 ct
858 556 1291 611 vestimentorum
1320 558 1473 627 gravi
1506 559 1724 629 penuria
1758 562 1838 614 la-

252 646 524 702 borantes.

321 744 475 810 Quod
524 754 580 798 ut
613 745 870 809 facerent,
924 745 1118 813 duplex
1150 760 1244 801 eos
1285 759 1444 800 causa
1485 743 1836 812 impellebat:

258 837 451 902 altera,
497 845 553 890 ut
602 836 913 890 vitiosarum
946 837 1289 891 alfeetionuin
1322 836 1574 891 materias
1623 834 1843 889 minime

250 938 560 993 cernentes,
587 943 769 983 earum
799 928 1119 996 cupiditates
1150 929 1404 983 radicitus
1427 943 1491 983 ex
1522 926 1714 981 animis
1732 926 1843 979 suis

252 1023 567 1087 evellereat,
595 1037 883 1091 earmnque
911 1022 1222 1076 memoriam
1255 1020 1645 1084 oblitterarent,
1674 1033 1737 1072 ac
1762 1019 1845 1073 di-

254 1129 494 1167 ranarum
524 1122 578 1166 et
606 1113 904 1168 cmlestium
937 1128 1112 1167 rerum
1143 1128 1381 1167 amorem
1420 1122 1476 1167 et
1518 1111 1841 1165 desiderium

255 1206 305 1259 in
357 1204 548 1272 seipsis
602 1205 939 1269 insererent;
995 1205 1195 1270 altera,
1249 1213 1307 1259 ut
1353 1219 1448 1274 per
1498 1201 1843 1257 afﬂictioncm

255 1312 449 1365 corpus
481 1298 829 1363 conficerent,
862 1298 1147 1367 animoque
1192 1311 1254 1353 ac
1283 1298 1555 1350 voluntate
1582 1304 1844 1365 martyres

256 1387 451 1453 effecti,
478 1402 539 1441 ea
588 1389 776 1457 g'oria,
811 1404 968 1458 quam
1021 1389 1054 1442 ii
1100 1389 1190 1458 qui
1258 1387 1513 1458 martyrio
1579 1385 1844 1457 perfuncti

259 1490 401 1543 sunt,
434 1480 697 1545 obtinent,
727 1481 945 1537 minime
991 1490 1269 1545 carerent;
1329 1494 1515 1534 verum
1567 1493 1688 1532 cum
1739 1477 1842 1546 ipsi

260 1589 481 1643 quoque,
513 1584 767 1642 quantum
804 1573 856 1627 in
884 1587 943 1627 se
987 1580 1146 1639 esset,
1190 1570 1384 1625 Christi
1418 1570 1722 1639 pas~ionem
1751 1583 1839 1621 ex-

259 1663 593 1732 pressissent,
649 1662 818 1732 ipsius
845 1678 1058 1733 quoque
1114 1665 1265 1732 regni
1309 1661 1594 1731 participes
1638 1667 1838 1713 essent.

259 1755 335 1809 Ad
369 1755 509 1811 hunc
532 1744 690 1825 igitur
721 1755 937 1809 modum
986 1754 1183 1825 optima
1231 1754 1661 1809 consideratione
1690 1750 1841 1804 adhi-

1943 578 2059 615 rum
2095 564 2260 616 multo
2288 564 2438 631 plura
2465 579 2585 619 esse
2612 581 2730 634 qua:
2758 567 2857 620 sibi
2890 566 3156 633 deessent,
3209 583 3367 638 quam
3413 586 3532 639 qua:

1939 654 2047 721 jam
2080 655 2474 722 praestitissent.
2506 655 2735 711 Rursum
2766 657 2809 711 is
2834 658 2922 727 qui
2972 658 3021 711 in
3044 658 3291 728 religiosa
3321 664 3531 715 excrci-

1948 744 2170 811 tatione,
2204 745 2272 800 ob
2294 748 2534 815 corporis
2580 746 2807 802 fortasse
2850 748 3265 804 imbecillitatem
3315 751 3535 807 inferior

1945 847 2081 904 erat,
2107 836 2346 903 seipsum
2392 838 2543 893 nihili
2585 840 2872 909 pendebat,
2900 856 2962 895 ac
2993 842 3245 895 miserum
3299 842 3536 911 diccbat,

1946 928 2113 982 animi
2138 927 2339 983 scilicet
2388 930 2635 999 ignavim,
2693 946 2754 985 ac
2785 946 2889 987 non
2939 943 3143 987 natura:
3184 932 3533 990 imbecillitati

1946 1016 2214 1073 defectum
2245 1035 2396 1075 suum
2425 1024 2725 1092 assignans.
2755 1023 2831 1077 lta
2859 1024 2945 1077 alii
2989 1023 3129 1089 aliis,
3155 1033 3314 1095 atque
3343 1041 3533 1082 omnes

1948 1109 2194 1165 omnibus
2226 1111 2575 1169 modestiores
2603 1128 2662 1168 se
2687 1114 3012 1183 przebebant.
3045 1115 3218 1169 Inanis
3243 1130 3402 1184 porro
3423 1118 3535 1186 gloo

1949 1199 2044 1254 rize
2073 1200 2318 1275 allectus,
2353 1212 2446 1256 aut
2494 1204 2798 1259 hominibus
2828 1205 3071 1274 placendi
3108 1207 3363 1274 studium,
3401 1222 3537 1278 quo-

1950 1306 2071 1345 nam
2104 1293 2317 1347 tandem
2352 1303 2504 1361 pacto
2533 1295 2584 1348 in
2618 1296 2721 1349 illis
2752 1296 2973 1361 inesset,
2993 1296 3191 1366 quippe
3221 1297 3309 1367 qui
3340 1297 3436 1351 hac
3467 1297 3535 1353 de

1948 1396 2108 1437 causa
2139 1386 2323 1439 orbem
2357 1385 2475 1455 fuga
2511 1386 2863 1454 reliquerant,
2899 1388 3132 1456 atquein
3164 1388 3391 1443 desertis
3420 1404 3535 1444 mo-

1948 1477 2225 1541 rabantur,
2274 1488 2331 1531 ut
2359 1478 2578 1534 virtutes
2604 1494 2729 1535 suas
2759 1495 2865 1534 non
2897 1481 3223 1546 hominibus,
3254 1484 3347 1538 sed
3399 1484 3530 1546 Deo.

1948 1582 1977 1620 a
2006 1582 2111 1636 quo
2152 1569 2429 1622 virttitum-
2454 1586 2666 1639 quoque
2714 1572 2929 1639 prmmia
2961 1574 3267 1641 sperabant,
3307 1573 3536 1629 demon-

1947 1670 2200 1716 SIrarent.
2236 1662 2367 1716 Illud
2398 1663 2593 1732 quippe
2623 1666 2788 1731 probe
2835 1674 3045 1733 norant,
3093 1665 3343 1737 religiosa
3383 1682 3537 1721 exer-

1947 1752 2095 1811 citia,
2149 1768 2268 1822 qua:
2317 1752 2493 1808 inanis
2536 1754 2718 1823 gloriae
2766 1769 2925 1809 causa
2968 1755 3253 1823 obeuutur,
3289 1760 3539 1813 mercede

255 1846 393 1913 bita,
450 1847 800 1901 monasticam
851 1861 914 1902 ac
960 1846 1255 1901 solitariam
1305 1845 1469 1901 vitam
1542 1844 1838 1900 consectati
1874 1833 1918 1892 Β
1947 1858 2158 1907 carere.
2188 1854 2245 1898 ut
2287 1860 2407 1915 quze
2439 1860 2544 1900 non
2593 1846 2711 1911 Dei,
2746 1846 2837 1901 sed
2877 1847 3121 1901 humanae
3164 1847 3332 1902 laudis
3381 1864 3538 1903 causa

253 1946 395 1990 Slllll.

324 2029 500 2097 Atque
529 2028 617 2082 alii
645 2027 855 2098 quidem
887 2028 984 2081 sub
1009 2028 1095 2082 dio
1123 2027 1400 2097 durantes,
1428 2027 1558 2082 solis
1580 2034 1734 2090 aestu,
1766 2034 1845 2078 at-

251 2134 360 2186 que
399 2120 709 2188 asperrimis
758 2119 1047 2187 frigoribus
1096 2134 1159 2173 ac
1199 2118 1414 2188 pluviis,
1463 2127 1515 2171 et
1564 2126 1845 2172 ventorum

262 2210 573 2265 turbinibus
603 2196 1013 2265 afflictabantur.
1064 2212 1167 2265 Alii
1225 2211 1546 2266 constructis
1599 2206 1843 2278 tuguriis,

262 2310 356 2353 aut
385 2302 437 2353 in
463 2301 733 2370 speluncis
756 2312 811 2356 et
837 2302 1006 2356 antris
1028 2316 1145 2357 sese
1165 2301 1514 2366 occultantes,
1544 2300 1703 2353 vitam
1727 2312 1850 2366 age—

255 2392 401 2445 bant.
427 2391 623 2458 Sicque
647 2392 893 2446 virtutem
917 2392 1171 2457 colentes,
1191 2406 1406 2446 onmem
1431 2392 1700 2444 carnalem
1729 2402 1850 2442 con-

259 2482 577 2537 solutionem
608 2492 662 2537 et
686 2483 918 2552 quietem
948 2483 1015 2537 ad
1060 2493 1362 2538 extremum
1405 2497 1573 2550 usque
1601 2480 1850 2550 repudia-

258 2583 403 2639 runt,
433 2573 614 2628 crudis
645 2573 881 2628 oleribus
909 2584 963 2628 et
992 2574 1197 2641 herbis,
1229 2582 1321 2627 aut
1344 2574 1538 2643 pomis,
1570 2582 1663 2627 aut
1688 2572 1849 2627 etiam

261 2664 404 2719 sicco
434 2679 497 2717 ac
518 2664 804 2719 durissimo
836 2679 972 2733 pane
1003 2665 1166 2718 vitam
1214 2664 1532 2728 tolerantes;
1578 2677 1678 2718 nec
1723 2677 1849 2716 sua-

264 2756 410 2808 vium
435 2754 676 2809 ciborum
708 2754 948 2824 qualitati
991 2754 1251 2808 duntaxat
1298 2754 1540 2808 nuntium
1570 2754 1849 2808 remitten-

262 2856 363 2913 tes,
396 2847 489 2900 sed
524 2862 631 2914 prae
658 2845 978 2900 exuberanti
1002 2845 1232 2912 quadam
1283 2845 1614 2900 continentia
1645 2844 1852 2914 magni—

264 2938 500 2991 tudinem
530 2935 690 2990 animi
718 2937 801 2991 sui
827 2935 891 2989 ad
926 2936 1094 3004 ipsam
1122 2950 1334 3006 quoque
1362 2935 1711 3005 quantitatem
1754 2950 1850 2987 ex-

262 3028 565 3083 tendentes.
600 3026 888 3082 Tantulum
920 3027 1060 3081 enim
1093 3026 1371 3092 duntaxat,
1417 3026 1578 3081 etiam
1605 3040 1670 3080 ex
1721 3024 1852 3093 ipsis

264 3119 457 3174 vilibus
514 3118 853 3186 maximeque
901 3116 1218 3171 necessariis
1256 3115 1388 3171 cibis
1441 3115 1849 3184 percipiebant,

1954 1934 2099 1987 fiant.
2136 1935 2213 1989 Ac
2244 1936 2468 2004 proinde
2519 1936 2821 2005 huiusmodi
2856 1937 3100 1991 homines
3146 1937 3341 2006 duplici
3373 1940 3536 1993 detri-

1951 2033 2133 2079 mento
2159 2025 2487 2088 afficiuntur,
2515 2025 2641 2079 dum
2694 2024 2946 2080 nimirum
2977 2041 3171 2094 corpus
3223 2027 3535 2095 conficiunt,

1953 2131 2050 2171 tzec
2084 2126 2261 2170 tamen
2296 2117 2596 2172 mercedem
2629 2116 2791 2170 ullam
2822 2118 3018 2171 ferunt.
3043 2117 3142 2184 Qui
3172 2129 3351 2174 autem
3378 2121 3540 2175 cmic-

1953 2208 2050 2263 stis
2074 2208 2254 2278 glorise
2279 2207 2547 2263 desiderio
2600 2208 2844 2278 flagrant,
2896 2218 3056 2278 atque
3108 2208 3175 2262 ad
3224 2224 3340 2263 eam
3393 2214 3539 2265 omni

1954 2299 2232 2353 celeritate
2261 2297 2615 2365 contendunt,
2646 2306 2909 2353 terrenam
2932 2311 3145 2354 omnem
3171 2308 3224 2352 et
3251 2300 3537 2356 humanam

1900 2422 1907 2427 ι
1954 2399 2329 2458 aspernantur.

2024 2478 2100 2531 Ex
2137 2477 2438 2547 bujusmodi
2479 2493 2640 2547 porro
2670 2478 2971 2535 hominibus
2997 2480 3084 2534 alii
3125 2481 3204 2536 sic
3227 2481 3448 2553 degunt,
3483 2494 3540 2538 ut

1956 2569 2007 2622 in
2038 2583 2256 2623 secessu
2281 2584 2344 2623 ac
2370 2568 2657 2624 solitudine
2688 2570 2901 2639 pietatis
2929 2579 3199 2626 certamen
3238 2574 3455 2639 obeant,
3487 2585 3542 2628 et

1953 2660 2020 2715 ab
2045 2660 2315 2714 hominum
2342 2661 2694 2715 contubernio
2725 2676 2819 2730 per
2847 2663 3158 2740 omnevitae
3188 2673 3399 2733 tempus
3418 2677 3542 2718 sese

1955 2761 2292 2818 removeant,
2320 2763 2485 2821 atque
2516 2751 2581 2805 ad
2617 2752 2783 2807 Deum
2812 2753 3261 2824 apprOpinquent.
3298 2756 3401 2810 Alii
3423 2771 3543 2825 pro-

1955 2840 2039 2894 cul
2071 2838 2210 2893 inter
2229 2854 2288 2894 se
2318 2842 2643 2896 constructis
2685 2842 2949 2910 acdiculis,
3006 2844 3297 2901 Dominicis
3354 2846 3545 2903 diebus

1955 2932 2020 2986 ad
2053 2947 2210 2986 unam
2239 2944 2293 2987 et
2339 2934 2585 2987 eamdem
2633 2934 2917 2989 ecclesiam
2963 2946 3209 3006 pergunt,
3253 2952 3315 2993 ac
3368 2938 3543 2993 divina

1956 3022 2235 3092 mysteria,
2266 3022 2366 3077 hoc
2388 3032 2469 3077 est
2497 3024 2831 3078 incruentum
2878 3024 2997 3095 puri
3026 3028 3266 3096 corporis
3310 3043 3371 3084 ac
3425 3045 3545 3097 prc-

1958 3114 2079 3170 tiosi
2110 3116 2384 3185 sanguinis
2431 3116 2630 3171 Christi
2675 3117 2998 3173 sacrificium
3047 3121 3390 3189 percipiunt:
3426 3138 3543 3191 qua:

264 3220 517 3281 quantum
543 3211 607 3262 ad
638 3208 970 3263 tolerandam
1012 3206 1205 3262 famem
1254 3207 1385 3261 satis
1415 3214 1579 3261 esset.
1626 3204 1851 3272 Quidam
1882 3199 1928 3262 C
1959 3208 2172 3277 quidem
2205 3209 2459 3263 Dominus
2484 3210 2584 3279 piis
2614 3209 2665 3262 iu
2692 3220 3030 3279 peccatorum
3060 3212 3456 3278 remissionem,
3484 3229 3547 3267 ac

264 3305 407 3357 enim
465 3316 650 3357 eorum
714 3301 975 3370 integram
1031 3297 1421 3353 hebdomadam
1473 3312 1568 3366 per
1620 3296 1851 3350 inediam

265 3393 645 3463 transigentes,
684 3391 960 3444 Dominico
1001 3389 1214 3443 demum
1261 3388 1350 3443 die
1378 3386 1556 3443 cibum
1602 3386 1854 3440 admitte-

266 3484 413 3541 bant.
449 3483 672 3551 Quidam
717 3482 797 3537 bis
845 3490 1045 3534 tantum
1078 3478 1409 3534 hebdomade
1452 3492 1660 3548 quaque
1692 3475 1856 3546 ip:ius

267 3579 653 3643 meminerant;
685 3576 775 3630 alii
798 3563 1018 3630 alternis
1054 3573 1242 3629 diebus
1272 3573 1370 3627 sub
1409 3587 1688 3641 vesperam
1733 3569 1856 3624 ede-

269 3673 419 3738 bant,
454 3672 541 3726 sic
586 3680 641 3724 ut
670 3670 847 3725 cibum
879 3668 1136 3722 duntaxat
1165 3665 1543 3737 dcgustareut;
1586 3661 1859 3734 precibus-

268 3779 372 3833 que
423 3779 487 3817 ac
536 3762 724 3833 vigiliis
786 3759 1169 3832 propemodum
1225 3774 1344 3814 cum
1398 3758 1599 3829 angelis
1649 3770 1859 3826 quoque

269 3862 562 3918 certantes,
588 3864 746 3922 atque
777 3853 887 3904 auri
918 3859 973 3904 et
1000 3850 1205 3919 argenti
1235 3848 1596 3919 possessione,
1630 3847 1861 3915 emptio-

271 3946 535 4015 tribusque
566 3957 617 4000 et
646 3944 1040 4000 venditionibus
1070 3957 1288 4011 prorsus
1317 3942 1491 3996 valere
1509 3940 1692 4011 jussis,
1724 3940 1862 3994 inter

273 4037 518 4090 homines
549 4036 765 4089 omnino
792 4050 850 4089 se
873 4049 993 4089 esse
1023 4033 1503 4088 obliviscebantur.

341 4126 565 4181 Invidia:
591 4135 768 4180 autem
802 4134 856 4179 et
896 4125 1057 4178 animi
1089 4123 1326 4190 elationi,
1381 4138 1498 4192 qute
1530 4121 1861 4191 potissimum

275 4219 543 4273 bonorum
587 4231 809 4286 operum
855 4215 1079 4270 comites
1108 4229 1227 4269 esse
1279 4213 1472 4279 solent,
1527 4214 1674 4267 locus
1725 4214 1864 4267 inter

270 4322 365 4363 eos
395 4308 574 4361 nullus
603 4315 738 4361 erat.
770 4306 951 4375 Neque
980 4307 1121 4360 enim
1153 4306 1197 4359 is
1217 4304 1307 4374 qui
1354 4304 1403 4357 iu
1450 4303 1569 4358 vita:
1603 4305 1861 4359 mouaSti-

270 4413 347 4452 ea:
377 4395 855 4453 exercitationibus
884 4395 1186 4451 inferiorem
1217 4395 1392 4449 locum
1415 4395 1649 4460 tenebat,
1676 4395 1865 4449 adver-

270 4505 365 4545 sus
385 4505 509 4545 eum
536 4489 689 4559 cujus
717 4488 974 4543 illustrior
1008 4489 1178 4541 virtus
1206 4498 1345 4553 erat,
1376 4487 1559 4541 livoris
1583 4488 1862 4556 cogitatio-

1962 3311 2071 3355 tum
2099 3301 2264 3355 animi
2295 3311 2403 3355 tum
2431 3302 2672 3370 corporis
2704 3303 3146 3359 illuminationem
3174 3315 3228 3360 et
3249 3304 3546 3360 sanctiﬁca-

1961 3392 2157 3445 tionem
2184 3390 2425 3445 donavit.
2451 3395 2624 3457 Atque
2653 3391 2954 3447 divinorum
2981 3395 3318 3449 oraculorum
3340 3398 3549 3450 exerci-

1961 3483 2185 3548 tatione,
2212 3483 2652 3551 mirabilibusque
2699 3483 2940 3541 consiliis
2991 3494 3046 3539 et
3091 3486 3548 3543 cohortationibus

1963 3585 2148 3630 mutuo
2181 3590 2302 3631 sese
2332 3586 2630 3644 pascentes,
2663 3586 2719 3631 et
2741 3576 2949 3632 occulta
2983 3577 3216 3633 hostium
3250 3579 3385 3635 bella
3415 3592 3561 3649 patr-

1964 3669 2221 3725 facientes
2253 3672 2344 3741 (ue
2364 3671 2484 3740 quis
2517 3669 2767 3726 videlicet
2789 3669 3025 3723 luctandi
3055 3669 3463 3740 adhuciguarus
3485 3674 3550 3726 ab

1964 3762 2030 3818 iis
2043 3761 2372 3833 superetur),
2399 3761 2617 3816 domum
2646 3776 2829 3815 rursus
2852 3760 3042 3830 singuli
3072 3760 3319 3829 redeunt,
3338 3760 3551 3816 virtutis

1967 3853 2075 3909 mel
2099 3853 2152 3906 in
2180 3863 2453 3921 pectorum
2495 3866 2715 3905 suorum
2744 3850 2876 3904 favis
2905 3849 3145 3905 studiose
3175 3850 3551 3913 recondcntes.

1965 3944 2449 4011 suavissimumque
2495 3942 2721 3995 fructum
2773 3955 2837 3995 ac
2885 3940 3091 3996 caelesti
3124 3954 3308 3995 mensa
3334 3939 3552 4010 dignum

1968 4034 2326 4099 cxcolentcs;
2372 4031 2463 4085 alii
2510 4038 2687 4086 autem
2734 4028 3099 4085 cmnabiacam
3147 4030 3310 4083 vitam
3358 4042 3552 4084 conse-

1966 4137 2197 4181 ctantur.

2038 4242 2139 4309 Qui
2194 4240 2409 4311 quidem
2456 4240 2692 4296 maximo
2748 4254 2971 4295 numero
3021 4237 3073 4292 in
3124 4252 3288 4293 unum
3343 4238 3551 4301 coacti.

1969 4335 2127 4389 unius
2157 4333 2395 4403 praefecti
2425 4339 2585 4402 atque
2613 4332 2863 4387 antistitis
2913 4331 3027 4400 (qui
3078 4330 3325 4385 onmibus
3357 4330 3556 4385 virtute

1970 4427 2214 4495 przestat)
2268 4424 2492 4493 imperio
2516 4438 2576 4478 se
2606 4424 2749 4493 ipsos
2804 4422 3080 4477 subdunt:
3135 4435 3199 4475 ac
3230 4421 3555 4476 voluntatem

1967 4530 2118 4569 suam
2148 4514 2463 4570 obedientia:
2495 4527 2748 4567 mucrone
2784 4526 3000 4580 prorsus
3038 4520 3367 4575 truncantes,
3394 4525 3558 4580 seque

271 4597 393 4636 "em
420 4584 473 4637 in
504 4582 743 4673 animum
776 4579 1127 4673 mmmam“
1157 4593 1258 4673 “cf:
1283 4594 1469 4673 ""595
1492 4593 1614 4633 eum
1643 4579 1732 4673 qui
1760 4578 1862 4631 "ir‘
1894 4575 1942 4635 D
1971 4604 2117 4659 velut
2143 4604 2385 4673 emptitia
2438 4604 2698 4671 mancipia
2751 4603 2892 4657 ultro
2928 4612 3257 4672 reputantes,
3290 4617 3396 4658 non
3447 4604 3557 4670 jun
3604 4610 3607 4611 '

272 4676 473 4729 tatibus
505 4672 738 4743 pollebat
766 4671 1066 4740 arrogantia
1095 4672 1257 4742 27o
1295 4680 1351 4725 et
1395 4672 1561 4725 fastus
1606 4671 1864 4726 adversus

270 4765 653 4821 imbecilliores
680 4764 968 4833 elferebat,
1010 4773 1172 4834 atque
1203 4766 1253 4819 in
1290 4764 1426 4819 hanc
1473 4764 1714 4820 fraudem
1757 4765 1861 4819 im-

268 4856 503 4926 pellebat
534 4863 592 4909 ut
635 4855 939 4925 proximum
980 4854 1131 4909 nihili
1181 4856 1456 4924 penderet,
1490 4865 1583 4910 aut
1621 4856 1690 4912 de
1742 4855 1866 4910 reli-

270 4950 418 5017 giosa
467 4948 855 5003 exercitatione
903 4947 1245 5018 gloriaretur,
1275 4949 1346 5004 ob
1375 4964 1545 5019 eaque
1576 4965 1693 5019 qure
1740 4964 1861 5003 cum

272 5041 429 5094 laude
460 5039 821 5108 praestitisset,
854 5038 1132 5108 magnifice
1161 5048 1319 5107 atque
1364 5052 1678 5110 arroganter
1705 5040 1773 5096 de
1802 5053 1863 5094 se

265 5131 517 5186 sentiret.
552 5130 684 5183 Nam
738 5130 826 5198 qui
876 5131 1073 5185 virtute
1109 5130 1335 5185 alterum
1380 5132 1751 5198 antecellebat,
1808 5132 1861 5185 id

268 5231 439 5276 totum
470 5236 578 5277 non
602 5222 712 5275 suis
757 5220 1051 5287 laboribus,
1083 5221 1177 5275 sed
1230 5220 1323 5276 Dei
1352 5221 1532 5276 virtuti
1564 5223 1860 5288 ascribens,

265 5313 457 5367 humili
490 5320 670 5366 mente
699 5310 800 5379 hoc
842 5311 944 5366 sibi
984 5312 1361 5382 persuadebat,
1391 5327 1450 5368 se
1481 5314 1612 5368 nihil
1643 5317 1862 5369 omnino

263 5405 507 5472 efticere,
532 5419 717 5459 verum
741 5404 909 5459 multo
930 5404 1080 5473 plura
1108 5406 1207 5459 sibi
1229 5406 1529 5474 prmstanda
1550 5422 1689 5473 esse,
1708 5409 1861 5477 juxta

265 5497 399 5552 illud
427 5495 573 5567 quod
623 5497 696 5550 ait
748 5495 1044 5550 Dominus:
1097 5494 1227 5550 Cum
1258 5496 1488 5551 feceritis
1533 5497 1712 5553 omnia
1740 5514 1860 5569 quae

265 5597 538 5660 praecepta
569 5596 696 5643 sunt
748 5588 920 5655 vobis,
974 5588 1173 5642 dicite:
1207 5588 1359 5644 Servi
1406 5590 1620 5645 inutiles
1647 5604 1854 5659 sumus,

262 5696 385 5752 quae
416 5680 703 5735 debuimus
732 5679 908 5734 facere
930 5679 1149 5735 fecimus
1178 5680 1329 5737 (Luc.
1360 5680 1523 5753 XV”).
1555 5690 1625 5737 Ac
1641 5683 1856 5753 quidam

266 5776 431 5831 etiam
464 5772 566 5828 hoc
594 5771 698 5826 sibi
741 5771 1153 5840 persuadebaut,
1200 5786 1258 5828 se
1290 5790 1355 5830 ne
1398 5788 1459 5829 ea
1500 5774 1715 5845 quidem
1748 5775 1857 5832 ullo

596 5884 870 5943 Ρλτιιυι..
934 5883 1225 5945 LXXIII.

1976 4696 2077 4752 sibi
2111 4697 2242 4763 ipsis
2270 4698 2473 4763 vivunt,
2514 4696 2607 4750 sed
2636 4696 2687 4750 ei
2718 4697 2801 4749 cui
2832 4695 2903 4749 ob
2930 4695 3124 4751 Christi
3155 4711 3395 4751 amorem
3440 4712 3560 4752 sese

1968 4787 2359 4851 submiserunt,
2390 4786 2477 4841 vel
2501 4796 2560 4839 ut
2598 4787 2775 4855 aptius
2817 4787 3025 4857 loquar,
3073 4788 3260 4843 vivunt
3310 4804 3422 4858 iam
3456 4807 3560 4845 non

1970 4879 2074 4936 sibi
2104 4879 2253 4948 ipsis,
2284 4880 2413 4934 vivit
2434 4887 2610 4934 autem
2638 4881 2692 4934 in
2725 4880 2807 4934 his
2834 4881 3080 4936 Christus
3112 4882 3254 4952 (Gal.
3284 4885 3366 4953 ll),
3400 4900 3560 4954 quem

1971 4969 2133 5025 rebus
2178 4968 2427 5023 omnibus
2470 4968 2731 5040 ahjuratis
2763 4972 2931 5025 secuti
2981 4980 3125 5027 sunt.
3171 4972 3306 5027 Nam
3352 4974 3405 5030 in
3461 4976 3564 5032 hoc

1972 5059 2190 5115 demum
2240 5074 2487 5115 secessus
2514 5074 2546 5115 a
2576 5060 2775 5114 mundo
2806 5062 3079 5127 consistit,
3113 5072 3170 5117 ut
3207 5073 3426 5135 propter
3474 5083 3563 5123 ea~

1970 5167 2089 5207 rum
2124 5166 2303 5206 rerum
2335 5166 2452 5221 qum
2475 5161 2662 5206 natura
2691 5151 3029 5209 sublimiores
3060 5163 3182 5209 sunt
3210 5156 3559 5225 cupiditatem

1968 5242 2329 5298 voluntarium
2359 5243 2439 5296 sui
2471 5242 2636 5311 ipsius
2665 5243 2845 5298 odium
2876 5245 3139 5315 quispiam
3168 5249 3458 5319 concipiat,
3495 5267 3560 5305 ac

1969 5344 2214 5389 naturam
2246 5332 2479 5402 abjuret.
2516 5333 2581 5387 lli
2611 5335 2772 5403 igitur
2801 5335 3113 5405 angelorum
3146 5338 3317 5397 instar
3365 5340 3416 5394 in
3448 5343 3554 5396 vita

1968 5436 2271 5489 versantur,
2311 5424 2546 5492 psalmos
2585 5424 2835 5481 videlicet
2862 5434 2917 5480 et
2948 5427 3175 5497 hymnos
3200 5431 3556 5485 concordibus

1966 5518 2163 5573 animis
2221 5516 2447 5572 Domino
2493 5527 2787 5588 canentes,
2830 5529 2885 5574 et
2935 5520 3304 5577 confessorum
3354 5539 3549 5578 nomen

1966 5620 2183 5681 propter
2211 5609 2532 5664 obedientize
2577 5611 2867 5667 certamina
2899 5614 3220 5668 obtinentes.
3272 5614 3327 5667 lu
3357 5615 3550 5681 quibus

1966 5702 2128 5756 etiam
2168 5699 2499 5756 Dominicum
2532 5702 2661 5777 illud
2699 5704 2973 5759 oraculum
3015 5705 3297 5774 expletur:
3329 5704 3549 5758 ubicun-

1965 5812 2066 5865 quc
2097 5795 2288 5851 fuerint
2322 5795 2539 5865 duovel
2571 5807 2675 5854 tres
2706 5798 3008 5868 congregati
3044 5798 3096 5850 in
3143 5795 3355 5849 noaiinc
3401 5807 3545 5854 meo,
