4010 6234
492 346 591 440 tot

1536 381 1623 436 DE
1666 378 1839 435 VITIS
1886 374 2165 432 PATRUM
2207 374 2412 431 LIBER
2454 376 2726 433 PRIMUS.

3662 374 3759 431 ιτη

494 501 601 554 illic
627 512 742 553 sum
761 488 822 556 in
853 497 1029 553 inedio
1050 482 1257 551 illorum
1282 494 1494 564 (Matth.
1526 500 1696 564 xvttt).
1723 492 1922 557 Quibus
1950 505 2068 543 vcr-
2096 488 2139 547 Λ
2176 498 2281 543 tam
2314 504 2431 544 eam
2464 505 2581 558 qua:
2602 502 2869 557 nunquam
2901 486 3123 553 occidit,
3161 500 3256 540 nec
3286 494 3456 541 morte
3481 485 3764 540 iltlct't'um-

494 590 577 644 bis
607 603 712 643 non
743 591 842 641 hoc
887 586 1149 641 duntaxat
1192 600 1412 638 numero
1441 600 1534 638 eos
1564 587 1651 653 qui
1686 586 1735 635 in
1780 583 1945 650 ipsius
1976 595 2077 633 no-

416 674 435 757 ξ
494 679 639 733 mine
668 685 1058 747 congregantur
1107 675 1566 743 circumscripsit,
1598 690 1782 729 verum
1815 690 1909 741 per
1946 673 2080 726 duos

421 770 429 789 ‘
494 778 588 824 aut
615 778 725 825 tres
756 769 1084 822 indefinitum
1128 782 1406 821 numerum
1437 767 1771 835 signiﬁcavit.
1804 766 1937 819 Nam
1969 767 2080 818 sive

500 862 654 930 pauci
685 860 796 914 sive
826 858 980 912 multi
1009 859 1078 912 ob
1120 869 1362 912 sanctum
1413 858 1578 925 ipsius
1609 874 1802 912 nomen
1836 858 1886 910 in
1918 872 2077 910 unum

492 952 839 1018 conveniant,
867 951 1023 1018 eique
1051 950 1257 1004 ardenti
1305 964 1489 1005 amore
1519 951 1720 1005 cultum
1768 949 2077 1013 adhibeant,

496 1042 604 1095 illic
635 1057 758 1097 eum
792 1043 843 1094 in
876 1040 1052 1095 medio
1082 1052 1360 1095 servorum
1396 1056 1616 1095 suorum
1644 1041 1833 1096 adesse
1863 1041 2081 1095 minime

494 1135 817 1188 dubitamus.
1462 1174 1465 1175 ν

565 1224 665 1277 Per
691 1223 805 1277 haec
835 1222 1103 1292 exempla,
1144 1229 1198 1277 et
1227 1236 1322 1291 per
1363 1220 1670 1290 hujusmodi
1718 1221 1979 1276 coitiones
2027 1230 2081 1274 et

490 1314 748 1375 actiones,
780 1312 979 1367 terreni
1004 1314 1241 1366 caelitum
1290 1311 1450 1365 vitam
1493 1312 1687 1365 imitati
1715 1321 1857 1376 sunt,
1891 1323 1946 1364 ut
1991 1310 2079 1380 qui

491 1403 542 1457 iti
569 1402 809 1472 jejuniis,
838 1410 891 1455 et
940 1402 1186 1471 precibus
1227 1417 1289 1455 ac
1331 1399 1544 1469 vigiliis,
1578 1402 1633 1455 in
1661 1400 1959 1455 calentibus
1998 1402 2079 1454 la-

491 1495 690 1566 crymis
718 1503 772 1548 et
802 1494 945 1547 luctu
976 1494 1043 1548 ab
1072 1493 1219 1548 omni
1243 1494 1409 1547 animi
1439 1493 1784 1547 distractione
1815 1493 1984 1546 libero
2027 1493 2078 1545 in

492 1584 923 1653 peregrinatione
951 1598 1014 1636 ac
1043 1583 1229 1635 mortis
1276 1582 1560 1648 memoria,
1609 1584 1664 1637 in
1694 1584 1908 1637 lenitate
1960 1582 2074 1636 ani-

494 1677 673 1744 tuique
701 1675 892 1729 aﬂ‘ectu
923 1677 990 1729 ab
1019 1676 1289 1729 iracundia
1339 1685 1570 1740 remoto,
1607 1676 1661 1730 in
1714 1676 1975 1730 labiorum
2005 1676 2079 1731 si-

492 1767 674 1830 lentio,
708 1766 760 1819 in
791 1774 1105 1835 paupertate
1132 1775 1291 1835 atque
1315 1767 1516 1835 in0pia,
1547 1768 1599 1820 in
1631 1767 1874 1821 castitate
1902 1782 1964 1820 ac
1994 1785 2077 1831 pu-

2184 584 2344 652 pitttr,
2379 582 2738 648 arripuerunt.

2256 674 2363 726 Hos
2388 673 2545 741 igitur
2569 668 2914 724 admirandus
2943 676 2997 722 et
3026 676 3242 721 sanctos
3270 666 3412 719 viros
3438 680 3538 719 nos
3560 680 3765 736 quoilue

2181 763 2385 833 ittdigni
2413 779 2475 816 ac
2505 757 2860 829 despicabiles
2903 758 3100 813 imitari
3137 758 3442 822 studemus;
3473 762 3661 811 ‘verum
3684 773 3761 811 co-

2182 871 2301 909 rum
2331 853 2454 907 vita:
2478 852 2716 908 caelestis
2746 852 3014 917 fastigium
3049 849 3267 902 minime
3296 849 3658 915 assequimiir,
3681 849 3764 901 sed

2182 963 2280 1017 pro
2308 926 2631 1000 infirmitatis
2672 954 2868 998 nostrae
2892 958 2955 998 ac
2994 942 3207 996 misera:
3255 941 3527 995 facultatis
3559 941 3764 995 moduli

2182 1054 2367 1095 eorum
2398 1040 2559 1092 vitam
2604 1036 2978 1106 exprimimus.
3030 1037 3205 1101 Atque
3256 1034 3496 1101 ipsorum
3532 1028 3776 1086 habituzn‘

2181 1129 2438 1198 gerimus,
2470 1128 2678 1182 etiamsi
2706 1142 2868 1195 opera
2912 1141 3017 1179 non
3048 1139 3425 1193 assequamur.
3461 1122 3670 1180 Etenim
3693 1126 3767 1177 di-

2185 1220 2359 1272 vinam
2383 1218 2519 1272 hanc
2542 1217 2928 1286 professionem
2962 1226 3238 1285 peccatum
3261 1215 3598 1283 prapulsare,
3618 1224 3766 1285 atque

2182 1309 2594 1379 incorruptionis
2625 1324 2719 1377 per
2748 1309 2987 1362 divinum
3018 1309 3282 1375 baptisma
3313 1304 3472 1362 nobis
3505 1323 3765 1364 concessa:

2182 1403 2383 1457 sociam
2430 1410 2485 1457 et
2511 1401 2911 1469 cpitulatricem
2966 1406 3089 1454 esse
3122 1412 3463 1468 perspectum
3494 1399 3761 1455 habemus.

2184 1492 2260 1547 Ac
2289 1494 2566 1548 beatorum
2617 1492 2827 1548 illorum
2874 1492 3109 1544 virorum
3141 1492 3486 1545 sermonibus
3518 1493 3759 1558 adducti,

2183 1587 2411 1640 caducas
2450 1594 2609 1654 atque
2656 1584 2895 1638 interitui
2943 1584 3204 1638 obnoxias
3254 1584 3476 1653 hujusce
3504 1585 3641 1639 Vita:
3683 1600 3764 1640 res

2184 1679 2507 1745 magnopere
2536 1675 2977 1741 condemnamus,
3011 1673 3063 1726 in
3095 1674 3289 1742 quibus
3320 1674 3451 1726 niltil
3484 1673 3765 1728 firmuntet

2183 1763 2466 1830 aquabile,
2499 1762 2747 1830 quodque
2768 1762 3018 1816 eumdem
3050 1768 3266 1828 semper
3291 1770 3487 1814 statum
3516 1764 3764 1824 retineat,

492 1856 692 1920 dicitia,
724 1856 778 1909 in
801 1856 1098 1910 humilitate
1123 1866 1178 1910 et
1206 1858 1402 1925 quiete,
1435 1873 1498 1912 ac
1546 1857 1777 1926 denique
1825 1857 1875 1909 in
1906 1858 2079 1925 perfe-
2106 1854 2155 1914 B
2181 1851 2409 1906 inveniri
2440 1860 2646 1919 potest:
2681 1868 2865 1906 verum
2920 1852 3097 1905 omnia
3147 1853 3355 1906 vanitas
3395 1862 3517 1905 sunt
3544 1862 3598 1906 'et
3619 1855 3764 1907 affli-

490 1953 577 1999 cta
609 1959 733 2013 erga
756 1944 921 1999 Deum
958 1953 1007 1999 ct
1040 1946 1347 2015 proximum
1373 1946 1631 2000 charitate
1656 1949 1932 2015 prmsentis
1959 1950 2078 2003 vita:

488 2034 807 2092 curriculum
842 2035 1189 2103 confecerint,
1214 2038 1541 2108 angelosque
1582 2040 1819 2093 moribus
1850 2055 2072 2109 expres-

494 2128 682 2181 serint.
709 2126 790 2182 οι)
812 2141 1038 2198 eamque
1060 2143 1277 2183 causam
1314 2130 1451 2184 Deus
1482 2129 1754 2184 miraculis
1793 2146 1855 2185 ac
1907 2132 2075 2200 signis

491 2218 762 2288 variisque
788 2219 1072 2273 virtutibus
1112 2235 1207 2274 eos
1236 2222 1535 2289 exornavit,
1587 2221 1871 2291 eﬂ‘ecitque
1899 2233 1955 2277 ut
1977 2226 2076 2276 αα-

489 2309 747 2363 mirandae
769 2324 957 2363 eorum
985 2310 1105 2363 vita:
1130 2312 1351 2365 rationis
1376 2328 1533 2377 sono,
1571 2314 1667 2380 ipsi
1696 2330 1906 2384 quoque
1929 2316 2075 2371 orbis

488 2408 751 2473 terrarum
779 2398 913 2455 fines
940 2411 1250 2470 personent.
1287 2405 1363 2456 At:
1395 2405 1437 2456 si
1483 2405 1639 2459 unius
1684 2407 1939 2474 ipsorum,
1974 2407 2075 2461 hoc

490 2499 577 2546 est
620 2491 857 2556 Antonii,
909 2493 999 2561 qui
1044 2494 1203 2547 etiam
1247 2497 1556 2550 monasticae
1598 2497 1721 2552 vita:
1768 2514 1972 2567 auspex
2013 2514 2075 2554 ac

491 2582 740 2652 princeps
779 2584 1054 2638 exstitisse
1084 2584 1298 2652 dicitur,
1329 2587 1490 2640 vitam
1533 2588 1627 2642 tibi
1673 2589 1940 2658 sigillatim
1970 2607 2071 2647 ex-

489 2690 767 2745 ponerem,
801 2676 1048 2730 nimirum
1072 2693 1135 2732 ex
1161 2693 1261 2730 una
1289 2680 1482 2734 arbore
1504 2678 1730 2734 fructum
1760 2697 1945 2737 eorum
1980 2684 2071 2753 qui

489 2767 731 2837 ejusdem
772 2769 982 2837 generis
1025 2784 1087 2824 ac
1115 2771 1309 2839 speciei
1348 2774 1507 2843 271
1558 2775 1683 2837 sint,
1735 2774 2071 2829 dulcedinem

478 2870 705 2929 prorsus
736 2861 1067 2931 intelligercs
1089 2901 1104 2927 ,
1148 2863 1522 2933 quodnatnque
1547 2864 1639 2918 ille
1671 2867 2071 2922 exercitationis

477 2950 750 3020 religiosae
780 2952 1182 3007 fundamentum
1209 2954 1361 3022 jecit,
1406 2965 1462 3009 et
1501 2956 1769 3025 quodnam
1803 2958 2069 3028 fastigium

475 3043 698 3109 struxit,
731 3051 784 3099 et
814 3054 1040 3113 quantas
1087 3058 1117 3098 a
1167 3045 1448 3101 Salvatore
1503 3049 1703 3115 gratias
1752 3062 2072 3106 consecmus

484 3142 587 3189 est.
618 3133 866 3204 Plerique
890 3136 1050 3189 etiam
1079 3136 1170 3189 alii
1222 3147 1341 3204 post
1369 3153 1489 3192 eum
1538 3140 1727 3194 eodem
1775 3142 2068 3196 certamine

2181 1944 2286 1997 ctio
2313 1943 2531 2011 spiritus
2562 1942 2757 2013 (Eccle.
2791 1944 2887 2010 tt);
2918 1943 3116 1996 multas
3150 1944 3402 2011 temporis
3432 1954 3626 2012 puncto
3653 1960 3765 1999 mu-

2176 2035 2422 2102 ,tationes
2446 2038 2660 2090 ferens:
2693 2035 2958 2103 siquidem
2986 2036 3038 2088 in
3063 2035 3311 2098 somniis,
3355 2046 3405 2089 et
3433 2036 3660 2101 umbris,
3702 2051 3766 2091 ac

2182 2129 2357 2183 ventis
2386 2144 2566 2183 aerem
2600 2127 2948 2198 perflantibus
2975 2128 3497 2182 imbecilliorasunt.
3527 2130 3765 2194 Quorum

2179 2236 2349 2291 parva
2382 2230 2436 2274 et
2453 2220 2634 2274 brevis
2659 2219 2927 2288 voluptas,
2954 2218 3061 2272 imo
3087 2235 3188 2272 non
3210 2220 3479 2288 voluptas,
3499 2219 3765 2274 sed’fraus

2180 2311 2425 2382 quaedam
2442 2321 2495 2365 et
2511 2313 2805 2379 impostura
2824 2308 3194 2379 perversitatis
3211 2307 3393 2362 tnundl
3411 2347 3426 2371 ,
3448 2319 3605 2376 quem
3621 2308 3766 2361 nullo

2174 2403 2335 2457 modo
2350 2403 2776 2472 diligere,verum
2793 2403 2969 2471 potius
2982 2416 3044 2454 ex
3060 2402 3240 2455 animo
3259 2402 3439 2455 odisse
3454 2412 3617 2469 atque
3632 2403 3763 2456 insc-

2173 2495 2307 2549 ctari
2325 2495 2579 2548 docemur
2601 2492 2649 2555 (Ι
2663 2493 2824 2546 Joau.
2840 2494 2923 2561 tt).
2942 2496 3016 2546 Ac
3029 2508 3159 2546 sane
3180 2492 3303 2545 odio
3319 2507 3381 2545 ac
3402 2491 3763 2546 detestatiOne

2173 2586 2365 2655 dignus
2390 2593 2501 2639 est:
2525 2584 2916 2654 namquidquid
2944 2585 3129 2638 amicis
3175 2584 3284 2637 suis
3310 2570 3453 2638 dono
3483 2583 3596 2649 dat,
3622 2586 3759 2637 idem

2172 2691 2355 2731 rursus
2377 2678 2555 2731 animo
2581 2677 2717 2731 irato
2743 2676 2920 2745 e:ipit,
2951 2687 3109 2745 atque
3131 2675 3274 2729 omni
3308 2677 3449 2729 bono
3478 2676 3761 2744 spoliatos,

2174 2768 2572 2839 ignominiaque
2598 2768 2835 2836 indutus,
2867 2769 3223 2838 gravibusque
3271 2768 3498 2822 sarcinis
3541 2780 3764 2822 onustos

2172 2859 2242 2913 ad
2271 2860 2651 2927 sempiternam
2683 2861 3036 2914 calamitatem
3068 2862 3399 2914 transmittit.
3435 2860 3501 2913 Et
3549 2875 3681 2929 quos
3707 2860 3761 2914 in

2174 2949 2402 3004 sublime
2429 2951 2647 3015 attollit,
2679 2962 2936 3005 extrema:
2988 2951 3272 3005 humilitati
3299 2961 3461 3021 atque
3490 2951 3765 3006 afﬂictioni

2173 3044 2433 3097 obnoxios
2473 3045 2866 3114 quamprimum
2915 3046 3113 3109 reddit,
3164 3047 3503 3115 hostiumque
3544 3061 3763 3101 suorum

2173 3130 2399 3185 ludibrio
2428 3147 2491 3187 ex
2505 3133 2674 3201 ponit.
2722 3134 3038 3199 l-lujusmodi
3068 3134 3209 3187 enim
3240 3145 3363 3188 sunt
3411 3138 3444 3201 ἱ,
3465 3135 3576 3190 sius
3604 3139 3766 3191 bene-

482 3226 773 3296 Pel‘funCli,
807 3227 874 3282 ad
896 3228 1113 3283 eanem
1144 3241 1371 3283 coronas
1399 3241 1453 3284 el
1478 3230 1662 3285 eadem
1695 3233 1911 3303 praemia
1943 3248 2069 3303 per-
2098 3220 2145 3283 C
2180 3223 2319 3290 ﬁcia,
2372 3224 2675 3294 hujusmodi
2736 3225 2904 3294 ipsius
2961 3242 3203 3280 munera.
3263 3230 3572 3282 Amiciirum
3621 3234 3765 3283 enim

483 3326 766 3374 venerunt.

557 3411 703 3465 Beati
733 3398 881 3467 certe
926 3411 999 3466 illi
1029 3426 1093 3468 ac
1123 3412 1393 3478 ter‘beati,
1425 3422 1480 3470 ut
1507 3417 1595 3486 qui
1623 3416 1718 3472 Dei
1748 3433 1932 3473 amore
1972 3419 2070 3475 fla-

476 3509 721 3570 grarunt,
746 3510 908 3567 atque
930 3502 1000 3557 ob
1030 3503 1196 3573 ipsius
1225 3506 1543 3561 charitatem
1562 3511 1740 3562 omnia
1774 3525 1871 3578 pro
1902 3512 2072 3566 nihilo

480 3590 765 3645 duxerunt.
817 3589 1096 3659 Siquidem
1146 3593 1410 3665 lacrymas
1455 3594 1838 3664 profuderunt,
1871 3598 2072 3670 diuque

483 3698 546 3737 ac
581 3690 738 3737 noctu
789 3682 844 3736 in
878 3684 1022 3739 luctu
1053 3686 1249 3740 versati
1278 3697 1419 3751 sunt,
1450 3697 1509 3741 ut
1539 3674 1851 3756 perpetuam
1880 3704 2074 3743 conso-

482 3771 735 3827 lationem
790 3772 1248 3842 adipiscerentur;
1302 3789 1361 3830 se
1408 3776 1555 3845 ipsos
1605 3779 1744 3832 ultro
1794 3778 2074 3846 depresse-

479 3874 628 3932 runt,
652 3874 712 3921 ut
732 3865 839 3920 illic
862 3868 913 3920 in
944 3866 1107 3921 altum
1128 3868 1533 3931 attollerentur;
1560 3887 1753 3926 carnes
1780 3870 2073 3928 suas‘fame

480 3968 545 4009 ac
573 3955 662 4009 siti
702 3964 757 4009 et
785 3956 981 4023 vigiliis
1010 3958 1395 4022 confecerunt,
1430 3969 1487 4012 ut
1517 3960 1627 4015 illic
1662 3963 1899 4030 paradisi
1939 3962 2075 4017 deli-

482 4046 583 4099 ciae
608 4055 664 4101 et
688 4047 982 4100 exsultatio
1011 4048 1157 4115 ipsos
1189 4052 1523 4119 exciperent.
1555 4050 1785 4120 Spiritus
1806 4055 1975 4109 sancti
1997 4065 2076 4110 ta-

483 4140 827 4195 bernaculum
858 4156 954 4210 per
978 4141 1156 4196 cordis
1186 4143 1471 4211 puritatem
1506 4145 1849 4211 exstiterunt,
1888 4160 2073 4215 quenp

483 4227 771 4283 admodum
805 4230 1063 4299 scriptum
1090 4240 1169 4285 est
1204 4248 1217 4283 :
1250 4231 1562 4287 inhabitabo
1594 4235 1645 4288 in
1676 4236 1804 4305 ipsis
1825 4245 1877 4290 et
1906 4237 2077 4291 inam-

483 4318 678 4374 bulabo
725 4318 810 4389 (11
850 4320 970 4376 Cor.
1020 4323 1117 4391 Vl).
1166 4321 1389 4390 Seipsos
1434 4325 1633 4378 mundo
1688 4327 2074 4383 crucilixerum

485 4407 703 4481 (Ep/tes.
733 4411 832 4482 vt),
864 4422 923 4469 ut
951 4413 1015 4469 ad
1046 4413 1243 4469 Christi
1277 4413 1559 4469 dexteram
1589 4425 1831 4483 starent;
1858 4418 2073 4475 lumbos

482 4513 611 4553 suos
658 4499 711 4553 in
765 4503 992 4559 veritate
1038 4504 1459 4571 succinxerunt,
1511 4514 1670 4575 atque
1718 4506 1772 4562 in
1825 4519 2071 4577 promptu

2175 3333 2393 3373 suorum
2425 3318 2592 3372 ltOStis
2620 3327 2719 3382 est,
2753 3318 3106 3387 omnibusque
3136 3321 3224 3388 qui
3272 3321 3439 3387 ipsius
3472 3320 3768 3375 voluntati-

2177 3409 2275 3464 bus
2304 3410 2685 3478 obsequuntur,
2719 3407 2940 3463 insidias
2976 3411 3135 3463 struit
3167 3427 3180 3462 :
3215 3411 3536 3463 horrendum
3572 3413 3763 3464 videti-

2175 3512 2261 3558 cet
2287 3505 2336 3557 itt
2368 3503 2582 3556 modum
2612 3517 2704 3556 eos
2730 3502 2816 3570 qui
2848 3503 2949 3571 ipsi
2981 3490 3299 3563 innituntur,
3338 3503 3691 3567 conturbaus,
3714 3508 3771 3557 et

2176 3610 2361 3649 eorum
2407 3594 2493 3663 qui
2548 3592 2796 3646 ﬁduciam
2850 3607 3000 3646 suam
3058 3594 3201 3647 ineo
3256 3593 3522 3646 collocant
3574 3606 3771 3647 nervos

2176 3701 2361 3740 omnes
2393 3687 2617 3740 elidens.
2650 3684 2779 3738 Cum
2822 3686 3001 3738 stultis
3031 3682 3205 3739 fmdus
3250 3687 3445 3745 sancit,
3497 3684 3773 3753 falsaSque

2177 3780 2588 3849 pollicitationes
2617 3781 2735 3845 init,
2782 3779 2882 3833 hoc
2912 3787 3115 3831 tantum
3158 3778 3370 3839 animo.
3407 3788 3461 3831 ut
3498 3794 3589 3832 eos
3616 3778 3680 3831 ad
3710 3793 3776 3831 se

2177 3878 2469 3944 pertrahat.
2501 3876 2609 3930 lliis
2638 3884 2814 3929 autem
2865 3879 3076 3929 sincero
3116 3873 3296 3926 animo
3328 3888 3447 3927 sese
3487 3872 3552 3924 ad
3597 3873 3775 3939 ipsum

2177 3967 2609 4036 adjungenlibtts,
2658 3967 2935 4036 improbus
2978 3966 3094 4035 ipse
3126 3980 3187 4018 ac
3215 3966 3443 4019 mendax
3467 3980 3588 4018 esse
3631 3974 3780 4017 cum-

2177 4057 2401 4127 peritur,
2434 4058 2564 4111 nihil
2594 4073 2780 4112 eorum
2813 4073 2933 4125 qua:
2967 4057 3243 4125 pepigerat
3274 4066 3554 4120 praestans.

2248 4148 2381 4205 Nam
2425 4166 2546 4204 cum
2585 4150 2836 4220 jucundis
2863 4151 2998 4204 cibis
3025 4164 3208 4203 eorum
3245 4147 3424 4200 fauces
3456 4145 3614 4199 hodie
3641 4144 3782 4197 deli-

2178 4241 2330 4308 nivit,
2366 4256 2484 4296 cras
2510 4242 2728 4296 eosdem
2762 4241 3003 4295 hostibus
3053 4240 3165 4294 suis
3192 4238 3530 4292 devorandos
3560 4235 3778 4305 objicit.

2178 4332 2347 4387 Hodie
2360 4345 2537 4403 regem
2554 4332 2781 4401 aliquem
2797 4339 3029 4397 creat,et
3043 4344 3164 4384 cras
3189 4331 3434 4382 eumilem
3451 4328 3500 4379 in
3523 4331 3786 4381 miseram

2178 4424 2491 4479 servitutem
2509 4424 2738 4485 addicit;
2768 4423 2927 4476 hodie
2958 4421 3252 4476 innumeris
3286 4417 3438 4472 bonis
3479 4415 3787 4471 ﬂorentem

2179 4514 2371 4581 reddit,
2386 4530 2506 4569 cras
2522 4515 2823 4569 mendicum
2837 4523 2891 4568 et
2906 4514 3289 4582 mancipiorum
3311 4511 3661 4575 mancipium;
3693 4509 3792 4561 ho-

426 4591 434 4599 ’
479 4604 700 4659 θεωρεῖ
732 4593 1009 4663 lampades
1040 4596 1364 4663 habuerunt,
1404 4597 1728 4653 immortalis
1763 4599 1945 4668 sponsi
1972 4600 2069 4655 ad-
2099 4578 2157 4642 Β
2180 4604 2267 4659 die
2289 4578 2549 4672 insignem
2572 4618 2823 4657 coronam
2846 4604 3012 4670 ipsius
3035 4578 3791 4671 capitiimpoiiit,crasipsius

476 4689 699 4737 ventum
729 4694 1101 4753 exspectantes
1124 4689 1339 4759 (Matth.
1369 4692 1523 4763 xxv).
1552 4690 1682 4745 Nam
1715 4706 1835 4745 cum
1873 4692 2070 4748 mentis

481 4773 652 4827 oculis
676 4775 882 4842 praediti
913 4788 1112 4843 essent,
1147 4779 1472 4837 horrendum
1505 4783 1655 4838 illum
1685 4782 1827 4838 diem
1857 4797 2070 4856 semper

438 4866 449 4967 ἒ
481 4863 919 4967 prosiiiciebant:
953 4879 1114 4939 atque
1157 4881 1267 4926 tum
1302 4874 1602 4930 futurorum
1636 4878 1925 4944 bonorum,
1955 4888 2066 4935 tum

440 4953 647 5009 Ffuturi
689 4959 938 5027 supplicii
984 4963 1494 5032 contemplationem
1530 4968 1604 5021 ita
1634 4968 1685 5022 in
1714 4984 1940 5037 corpore
1970 4973 2066 5027 de-

486 5047 643 5101 fixam
690 5052 968 5117 gerebant,
998 5064 1058 5107 ut
1086 5055 1156 5108 ab
1184 5057 1294 5124 ipsa
1340 5073 1612 5127 nunquam
1659 5060 2067 5119 divellerentur.

482 5137 657 5206 Atque
689 5139 775 5203 hic
802 5142 1049 5198 laborare
1078 5146 1431 5212 studuerunt,
1479 5159 1537 5203 ut
1586 5152 1929 5220 sempiternae
1958 5154 2070 5219 glo-

483 5242 579 5281 riae
603 5239 880 5297 compotes
906 5246 1109 5289 essent.
1144 5235 1610 5293 Perturbationum
1639 5251 1915 5310 expertes,
1962 5261 2068 5298 non

452 5376 457 5379 _
483 5332 640 5373 secus
671 5329 847 5389 atque.
878 5324 1070 5390 angeli,
1102 5326 1347 5394 fuerunt;
1383 5343 1446 5384 ac
1486 5344 1627 5384 nunc
1654 5344 1775 5384 cum
1806 5332 1912 5385 illis
1938 5348 2070 5399 quo-

482 5426 605 5465 rum
633 5412 795 5464 vitam
830 5412 1021 5466 imitati
1053 5425 1201 5482 sunt,
1246 5419 1474 5474 choreas
1501 5430 1684 5490 agunt.
1720 5421 1869 5475 Beati
1898 5420 1975 5476 illi
2007 5439 2069 5478 ac

483 5514 568 5559 ter
594 5502 757 5565 beati,
791 5505 1041 5571 quoniam
1087 5507 1255 5562 firmis
1286 5512 1481 5565 mentis
1509 5513 1677 5566 oculis
1724 5516 2065 5580 prmsentium

482 5609 662 5653 rerum
694 5594 1008 5664 vanitatem,
1033 5606 1194 5667 atque
1223 5599 1470 5655 humana:
1502 5605 1874 5671 prosperitatis
1902 5604 2071 5659 incer-

482 5687 761 5743 titudinem
792 5696 850 5742 et
877 5688 1291 5745 inconstantiam
1329 5705 1737 5765 perspexerunt,
1776 5710 1944 5766 eaque
1986 5713 2072 5751 rc-

480 5774 643 5849 jecta,
672 5778 997 5848 sempiterna
1026 5779 1164 5837 bona
1195 5782 1295 5837 sibi
1329 5785 1456 5853 ipsis
1489 5787 1872 5858 condiderunt,
1898 5806 1959 5845 ac
1986 5795 2066 5846 vi-

2182 4695 2370 4750 faciem
2385 4704 2543 4749 terra:
2560 4693 2760 4759 allidit;
2788 4695 2945 4750 hodie
2964 4692 3131 4763 ipsius
3151 4694 3344 4748 collum
3370 4693 3663 4759 Splenilidis
3690 4691 3785 4743 di-

2183 4788 2442 4857 gnitatum
2462 4787 2756 4842 honoribus
2777 4796 3020 4851 exornat,
3038 4783 3417 4840 craseumdcm
3438 4784 3625 4837 ferreis
3636 4792 3791 4836 cate-

2182 4881 2266 4935 nis
2307 4878 2545 4932 vinctum
2575 4878 2779 4947 dejicit.
2817 4877 2901 4931 Ad
2933 4877 3096 4931 breve
3126 4886 3335 4946 tempus
3359 4871 3596 4929 omnium
3628 4889 3796 4928 amo-

2181 4985 2294 5027 rem
2309 4984 2370 5023 ac
2385 4968 2810 5023 benevolentiam
2829 4967 2931 5036 ipsi
2949 4968 3221 5032 conciliat;
3244 4968 3518 5032 aliquanto
3541 4977 3657 5032 post
3686 4981 3797 5019 au-

2188 5072 2293 5117 tem
2319 5061 2494 5117 eidem
2524 5059 2763 5113 omnium
2795 5059 2978 5113 odium
3009 5068 3063 5112 et
3085 5060 3524 5113 exsecrationem
3558 5058 3795 5111 confiat.

2184 5154 2359 5211 Hodie
2406 5153 2581 5221 ipsum
2630 5150 2905 5220 voluptate
2937 5146 3137 5215 afficit,
3181 5159 3235 5203 et
3256 5164 3376 5203 cras
3409 5147 3665 5203 eumdem
3712 5150 3799 5200 lu-

2184 5248 2359 5303 ctibus
2392 5260 2454 5299 ac
2499 5246 2747 5299 lamentis
2780 5243 3019 5299 coniicit.
3050 5244 3353 5307 Quemnam
3407 5251 3585 5296 autem
3623 5240 3804 5295 etiam

2185 5337 2315 5403 ipsis
2347 5336 2507 5390 finem
2544 5338 2817 5407 imponat,
2869 5335 3015 5389 audi.
3068 5334 3277 5388 lucolas
3324 5335 3466 5387 enim
3524 5333 3809 5402 gehennae

2188 5442 2336 5482 eusa
2369 5428 2559 5495 quibus
2606 5428 2885 5481 adamatus
2927 5434 3011 5479 est
3055 5425 3419 5480 miserandum
3465 5424 3517 5477 in
3565 5426 3808 5477 modum

2187 5520 2369 5576 effluit.
2406 5519 2530 5573 llaec
2559 5533 2773 5589 semper
2804 5518 2969 5587 ipsius
2995 5533 3148 5572 mens
3178 5534 3238 5572 ac
3261 5518 3526 5573 sententia
3548 5527 3654 5583 est,
3687 5517 3812 5572 hoc

2188 5612 2511 5665 institutum.
2545 5611 2654 5665 Nec
2689 5626 2785 5665 eos
2816 5613 2902 5679 qui
2947 5613 3321 5677 ttrmteriertittt
3364 5611 3528 5679 luget,
3564 5624 3671 5665 nec
3701 5625 3817 5663 eo-

2189 5719 2305 5757 rum
2351 5705 2439 5771 qui
2494 5704 2665 5757 relicti
2712 5714 2833 5757 sunt
2860 5704 3327 5757 commiseratione
3374 5703 3635 5756 afﬁcitur.
3685 5699 3818 5757 Illis

2191 5794 2332 5848 enim
2354 5809 2502 5863 gravi
2527 5795 2848 5850 detrimento
2868 5795 3156 5862 mulctatis,
3179 5793 3819 5865 rctibusquesuisinciu'
