4010 6220
288 290 401 345 ’(95

733 287 891 342 \‘ITA
934 284 1346 342 SANCTORUM
1394 284 1723 339 BARLAAM
1766 282 2094 337 EREMITE
2136 286 2223 339 ΕΤ
2264 285 2617 342 JOSAPIIAT
2658 287 2863 342 INDle
2905 288 3127 343 REGIS.

3428 287 3521 341 '69

288 405 385 471 sis,
418 403 486 457 ad
536 403 630 457 hos
661 418 846 457 rursus
896 413 1063 457 artem
1114 416 1261 455 suam
1307 400 1596 455 transferre
1646 402 1867 464 nititur,
1900 400 2573 469 Amundijucunditatem
2624 412 2678 455 et
2730 400 3067 454 dulcedinem
3115 399 3398 468 signiﬁcat,
3461 416 3549 470 per

289 492 558 548 neminem
609 494 875 549 videlicet.
928 493 1014 561 qui
1059 492 1386 560 periculosos
1438 490 1604 559 ipsius
1653 490 1870 558 laqueos

289 584 505 651 eﬂ'ugiat
534 599 654 637 esse
677 584 917 651 cupiens.

360 675 718 742 Quamobrem
747 690 839 727 eos
886 674 971 741 qui
1019 685 1122 726 tam
1157 672 1410 743 pestifero
1442 687 1502 727 ac
1549 673 1708 742 272
1746 686 1870 724 cru-

290 768 396 821 deli
420 767 637 819 domino
667 766 924 828 serviunt,
957 766 1151 832 quique
1183 780 1211 817 a
1251 766 1391 818 bono
1420 780 1483 818 ac
1507 764 1735 833 benigno
1781 778 1873 831 per

289 873 551 911 solumam
583 856 902 909 dementiam
931 857 1137 922 scipsos
1166 863 1521 920 removentes,
1549 854 1711 908 rebus
1732 868 1872 922 pra:-

294 950 530 1002 sentibns
561 948 766 999 inhiant
787 956 839 998 et
867 946 1225 1010 intabescuut,
1257 960 1355 999 nec
1380 946 1553 998 futura
1585 944 1692 996 ullo
1716 942 1873 996 modo
1906 978 1909 979 ν

291 1040 548 1105 cogitant,
583 1051 763 1087 verum
796 1034 859 1086 ad
884 1049 1173 1102 corporeas
1197 1036 1409 1103 quidem
1436 1035 1735 1101 voluptates
1757 1034 1875 1086 sine

295 1131 400 1182 ulla
455 1126 858 1181 intermissione
907 1142 1025 1179 sese
1074 1125 1392 1188 eonl'erunt,
1440 1127 1641 1178 animas
1694 1134 1873 1177 autem

291 1238 414 1278 suas
447 1221 586 1274 fame
615 1220 827 1283 conﬁci,
859 1228 913 1271 et
959 1219 1253 1273 innumeris
1298 1220 1452 1271 malis
1481 1218 1774 1271 conﬂictari
1802 1218 1874 1270 si-

292 1321 445 1371 nunt,
480 1310 679 1362 homini
714 1324 743 1360 a
775 1309 999 1362 furentis
1018 1308 1290 1361 unicornis
1317 1308 1452 1361 facie
1482 1307 1698 1376 fugienti
1728 1306 1875 1359 simi-

292 1403 370 1459 les
400 1418 520 1457 esse
547 1417 772 1461 censeo,
805 1402 891 1468 qui
922 1412 1042 1454 cum
1076 1402 1325 1454 clamoris
1355 1401 1521 1467 ipsius
1562 1415 1752 1453 sonum
1795 1409 1876 1452 at-

291 1495 707 1564 quehorrendos
731 1495 960 1561 mugitus
979 1493 1118 1547 ferre
1139 1503 1387 1561 nequeat,
1417 1507 1613 1561 magno
1652 1493 1873 1558 impetu,

294 1603 361 1640 ne
389 1588 485 1654 ipsi
513 1589 561 1638 in
595 1584 829 1653 prrdam
859 1585 1038 1648 cedat,
1064 1585 1287 1652 aufugit.
1327 1586 1459 1637 Dum
1491 1592 1669 1637 autem
1691 1583 1875 1637 celeri-

293 1688 374 1731 ter
422 1680 612 1742 currit,
646 1678 697 1729 in
744 1674 1013 1742 ingentem
1046 1676 1326 1742 quamdam
1370 1676 1615 1729 serobem
1648 1675 1774 1737 ruit,
1815 1689 1876 1727 ac

1977 506 2135 557 quam
2169 492 2260 545 ille
2308 494 2513 546 amicos
2561 506 2687 546 suos
2740 490 3047 556 ludiﬁcans,
3109 504 3204 544 eos
3237 491 3398 544 saluti
3443 504 3554 548 sua:

1979 583 2289 650 prOSpicere
2315 583 2534 636 minime
2565 583 2711 635 sinit.

2045 676 2172 729 Car.
2213 674 2350 729 XIII.
2390 705 2459 714 —
2502 676 2648 729 lianc
2698 674 3002 743 parabolam
3053 674 3311 743 majorem
3360 676 3413 729 in
3445 691 3556 729 mo-

1976 764 2101 818 dum
2145 765 2503 834 comprobans
2532 767 2811 833 Josaphat,
2848 766 2983 819 dixit
3013 782 3025 818 :
3057 765 3227 831 Quam
3258 781 3421 819 verus
3470 766 3557 821 hic

1975 870 2153 911 sermo
2198 866 2304 923 est,
2351 870 2415 911 ac
2458 856 2838 911 concinnitatis
2874 857 3049 911 omnis
3080 856 3309 926 plenus!
3360 856 3558 923 Quam-

1975 950 2160 1003 obrem
2188 963 2256 1003 ne
2283 957 2354 1014 te,
2385 963 2589 1018 quaeso,
2618 949 2925 1017 hujusmodi
2954 949 3151 1019 ﬁguras
3183 949 3311 1002 mihi
3344 949 3559 1002 assidue

1976 1040 2344 1095 demonstrare
2374 1042 2571 1111 pigeat,
2622 1056 2727 1108 quo
2755 1050 2904 1095 certo
2932 1040 3222 1110 intelligam
3262 1042 3435 1110 qualis
3466 1056 3562 1094 no-

1977 1140 2089 1184 stra
2115 1132 2220 1185 vita
2252 1130 2342 1199 sit,
2370 1144 2423 1186 et
2466 1147 2600 1200 quas
2631 1147 2717 1185 res
2762 1132 2950 1187 amicis
2978 1133 3089 1186 suis
3117 1140 3378 1187 accersat.
3427 1131 3563 1184 Dixit

1976 1232 2151 1277 autem
2183 1238 2348 1277 senex
2395 1241 2408 1277 :
2439 1224 2654 1278 Similes
2701 1239 2916 1278 rursum
2949 1233 3071 1277 sunt
3115 1224 3150 1277 ii
3181 1225 3268 1293 qui
3309 1225 3558 1292 volupta-

1977 1322 2087 1366 tum
2119 1313 2273 1382 hujus
2301 1306 2422 1367 vitze
2449 1328 2632 1368 amore
2661 1315 2800 1381 capti
2824 1357 2836 1379 ,
2868 1328 3160 1383 earumque
3187 1314 3448 1367 suavitate
3470 1313 3565 1367 de-

1976 1406 2135 1470 liniti,
2184 1421 2273 1460 res
2302 1406 2470 1459 ﬂuxas
2496 1418 2549 1460 et
2579 1406 2877 1460 imbecilles
2921 1406 3111 1459 futuris
3140 1416 3299 1473 atque
3328 1421 3354 1456 a
3392 1406 3564 1473 jacta-

1978 1498 2121 1551 tione
2163 1495 2353 1549 alienis
2399 1496 2730 1564 antiquiores
2787 1496 3119 1559 habuerunt,
3172 1495 3413 1559 homini,
3472 1497 3565 1564 qui

1978 1594 2091 1641 tres
2117 1587 2319 1639 amicos
2367 1586 2569 1649 habuit,
2601 1600 2667 1640 ex
2699 1587 2891 1654 quibus
2928 1586 3064 1639 duos
3095 1585 3309 1653 quidem
3352 1585 3558 1653 ingenti

1981 1680 2144 1733 animi
2189 1677 2381 1733 aﬂ'ectu
2407 1679 2636 1743 colebat,
2664 1694 2726 1732 ac
2752 1680 3100 1731 vehementer
3142 1676 3375 1741 amabit,
3421 1677 3558 1730 adeo

295 1770 497 1823 ruendo
523 1784 711 1822 manus
739 1766 1052 1826 exmndens,
1080 1767 1324 1820 arborem
1349 1769 1635 1834 quamdam
1665 1766 1871 1833 arripit,
1908 1758 1950 1815 Β
1979 1777 2038 1823 ut
2066 1770 2131 1822 ad
2163 1778 2391 1823 mortem
2422 1785 2592 1837 usque
2622 1785 2718 1839 pro
2757 1768 2889 1837 ipsis
2921 1767 3178 1821 dimicare
3227 1781 3288 1819 ac
3328 1766 3567 1833 pericula

293 1876 519 1929 eantque
556 1860 852 1912 arctissimc
887 1859 1099 1923 retinet,
1141 1866 1302 1924 atque
1329 1859 1496 1926 gradu
1527 1858 1755 1925 quodam
1804 1858 1881 1908 ai-

292 1954 519 2007 ﬁrmatis
569 1952 825 2020 pedibus,
861 1962 1047 2018 pacata
1096 1949 1345 2016 deinceps
1374 1950 1576 2009 omnia,
1625 1957 1785 2016 atque
1815 1946 1881 1999 ab

292 2044 437 2096 omni
469 2044 704 2109 periculo
731 2042 903 2094 aliena
938 2056 1059 2093 e556
1102 2040 1413 2093 arbitratur.
1447 2040 1761 2106 Respiciens
1789 2054 1883 2091 au-

293 2143 426 2198 tem,
452 2134 589 2185 duos
621 2146 796 2184 mures
828 2131 1020 2193 cernit,
1048 2131 1272 2185 alterum
1310 2130 1620 2196 candidum,
1653 2130 1881 2183 alterum

295 2237 497 2287 atrum,
531 2224 740 2276 arboris
787 2223 930 2276 illius
961 2238 1116 2290 quam
1146 2224 1450 2292 arripuerat
1486 2222 1720 2275 radicem
1766 2236 1885 2289 per-

296 2325 461 2381 petuo
512 2314 879 2375 corradentes,
920 2313 1138 2381 jamque
1181 2328 1314 2382 pene
1358 2328 1475 2367 eam
1524 2321 1882 2379 auiputantes.

299 2408 476 2471 Atque
521 2404 764 2471 insuper,
817 2404 1074 2470 coitject‘s
1105 2404 1157 2455 in
1201 2405 1361 2456 imam
1395 2404 1640 2458 scrobem
1691 2403 1882 2466 oculis,

300 2494 629 2549 horrendum
662 2495 951 2547 draucuem
999 2492 1279 2559 conspicit,
1326 2503 1543 2561 aspectu
1572 2494 1687 2561 ipso
1711 2493 1885 2561 ignem

303 2586 615 2656 spirantem,
648 2599 709 2638 ac
738 2584 902 2637 torvis
949 2582 1118 2636 oculis
1167 2584 1343 2651 ipsum
1378 2584 1694 2648 intuentem,
1756 2583 1885 2637 hor-

303 2678 575 2746 rendcque
606 2677 703 2745 ipsi
754 2674 1059 2730 devorando
1096 2673 1413 2728 inhiantem.
1460 2674 1539 2729 Ac
1580 2690 1789 2730 rursum
1828 2674 1885 2728 in

301 2772 469 2841 gradu
498 2771 611 2835 illo,
645 2771 730 2825 cui
786 2770 947 2838 pedes
983 2771 1152 2839 ipsius
1181 2771 1562 2835 innitebantur,
1608 2772 1884 2826 oculorum

302 2866 419 2918 acie
448 2865 644 2929 dutixa,
675 2874 901 2931 quatuor
930 2864 1172 2931 aspidum
1200 2867 1372 2931 capita
1405 2865 1567 2929 videt,
1605 2880 1634 2919 e
1663 2867 1884 2933 pariete,

302 2957 358 3011 in
384 2972 489 3023 quo
516 2956 861 3021 consistebat,
902 2956 1277 3022 prominentia.
1313 2957 1533 3011 Sursum
1564 2968 1737 3011 autem
1762 2972 1890 3010 ocu-

306 3050 387 3101 los
415 3058 739 3102 convertens
759 3087 773 3109 ,
802 3047 1044 3100 nonnihil
1076 3048 1247 3101 mellis
1283 3064 1345 3101 ex
1390 3049 1597 3101 arboris
1633 3049 1775 3101 illius
1803 3064 1889 3102 ra-

310 3139 412 3192 mis
445 3139 652 3191 stillans
697 3138 963 3204 perSpicit.
993 3138 1251 3203 Quocirca
1297 3140 1655 3192 calamitatum
1703 3154 1888 3193 earum
1919 3122 1964 3183 (ἶ

317 3232 510 3297 quibus
566 3230 797 3298 undique
841 3231 1187 3284 obsidebatur
1232 3241 1287 3286 et
1336 3234 1639 3301 urgebatur,
1692 3234 1892 3287 omissa

306 3322 763 3387 consideratione,
802 3323 1049 3376 nimirum
1081 3338 1309 3391 quonam
1344 3333 1497 3392 pacto
1525 3332 1745 3378 externe
1778 3325 1893 3393 qui-

309 3415 430 3467 dem
468 3415 740 3467 unicoruis
769 3414 1068 3467 vehementi
1113 3417 1291 3469 lurore
1324 3416 1559 3479 percitus
1583 3430 1700 3469 eum
1726 3415 1891 3469 devo-

308 3518 431 3557 rare
482 3510 764 3569 quaereret,
816 3503 882 3555 ab
935 3502 1187 3557 inferiore
1235 3514 1411 3558 autem
1471 3515 1621 3573 parte
1667 3508 1896 3561 acerbus

309 3594 474 3647 draco
507 3609 626 3645 cum
660 3592 922 3660 deglutire
972 3592 1318 3648 vehementer
1345 3606 1643 3664 expeteret,
1686 3612 1747 3652 ac
1780 3614 1928 3657 rnr-.

304 3699 403 3737 sus
453 3683 613 3737 arbor
641 3698 703 3737 ea
749 3699 906 3749 quam
957 3686 1257 3752 arripuerat
1299 3686 1409 3753 jam
1448 3688 1663 3758 jamque
1712 3704 1899 3756 ampu-

318 3775 474 3828 tanda
507 3783 671 3838 esset,
723 3775 886 3843 pedes
914 3774 1147 3844 denique
1195 3777 1362 3844 ipsius
1392 3779 1600 3833 lubrico
1631 3788 1686 3832 et
1732 3780 1897 3833 inﬁdo

310 3863 496 3933 gradui
532 3865 924 3927 inniterentur;
961 3866 1168 3933 horum,
1198 3867 1709 3934 inquamdantortmt
1757 3872 1897 3938 peri-

313 3956 557 4008 culorum
607 3956 825 4018 oblitus,
883 3955 934 4008 in
980 3957 1154 4025 exigui
1207 3956 1347 4010 illius
1396 3958 1572 4011 mellis
1619 3958 1900 4014 dulcedine

315 4046 660 4113 percipienda
688 4046 920 4113 seipsuin
951 4046 1254 4115 occupavit.

386 4137 511 4189 Haec
554 4152 738 4189 eorum
784 4137 874 4205 qui
928 4141 1208 4205 prmsentis
1244 4152 1367 4194 vite
1407 4142 1649 4197 ludibriis
1691 4145 1905 4199 intabe-

316 4237 471 4282 scunt
504 4228 671 4296 ﬁgura
700 4239 785 4281 est
820 4246 830 4278 :
864 4228 1017 4297 cujus
1066 4231 1283 4299 quidem
1316 4233 1751 4298 explanationem
1784 4250 1906 4302 pro-

317 4326 460 4379 tinus
493 4326 583 4378 tihi
629 4340 921 4393 exponam.
956 4326 1245 4381 Unicornis
1288 4328 1449 4395 igitur
1502 4330 1691 4382 mortis
1724 4341 1904 4399 typum

316 4420 473 4487 gerit,
504 4434 620 4485 quae
650 4434 862 4485 semper
893 4420 1197 4471 mortalium
1225 4436 1393 4487 genus
1416 4422 1790 4489 persequitur,
1820 4431 1905 4474 at-

1983 1860 2182 1927 quzcvis
2211 1859 2359 1912 adire
2406 1859 2625 1913 minime
2660 1866 2956 1922 recusaret,
2990 1858 3205 1910 tertium
3238 1866 3415 1909 autem
3464 1856 3566 1909 ad-

1983 1951 2199 2004 modum
2246 1952 2653 2017 aspernabatur,
2687 1951 2758 2003 ita
2810 1960 2865 2003 ut
2894 1966 2993 2004 nee
3022 1951 3280 2003 honorem
3306 1963 3562 2018 unquam,

1985 2057 2085 2096 nec
2112 2058 2270 2111 quam
2300 2057 2395 2108 par
2423 2053 2535 2096 erat
2565 2043 2995 2097 benevolentiam
3022 2043 3119 2110 ipsi
3148 2050 3445 2110 praestaret,
3470 2043 3565 2097 sed

1986 2132 2232 2198 exiguam
2278 2133 2561 2206 quamdam
2594 2133 2877 2199 duntaxat,
2907 2148 3132 2201 eamque
3177 2134 3351 2187 ﬁctam
3393 2147 3455 2187 ac
3496 2134 3569 2186 si-

1987 2224 2244 2277 mulatam
2274 2225 2560 2278 amicitiam
2594 2225 2893 2278 exhiberet.
2926 2224 3200 2278 Venerunt
3231 2234 3407 2277 autem
3431 2238 3566 2291 quo-

1988 2314 2110 2368 dam
2141 2315 2230 2368 die
2277 2316 2541 2370 immanes
2590 2325 2750 2384 atque
2780 2314 3029 2369 horrendi
3061 2315 3276 2378 milites,
3315 2314 3406 2382 qui
3446 2329 3568 2367 eum

1988 2422 2193 2460 summa
2221 2423 2341 2461 cum
2374 2408 2713 2463 festinatione
2742 2407 2807 2461 ad
2840 2423 3015 2477 regem
3048 2408 3343 2469 traherent,
3387 2415 3444 2460 ut
3471 2406 3569 2461 dc-

1989 2515 2104 2555 cem
2128 2502 2351 2555 millium
2379 2503 2720 2565 talentorum,
2750 2519 2867 2571 qua:
2892 2503 3139 2566 debebat,
3168 2502 3427 2557 rationem
3450 2503 3573 2557 red-

1987 2596 2159 2650 deret.
2195 2595 2285 2648 llle
2324 2594 2482 2663 igitur
2540 2596 2589 2648 in
2642 2609 2906 2648 summam
2959 2594 3257 2662 angustiam
3302 2594 3569 2659 redactus,

1989 2684 2224 2752 aliquem
2278 2686 2569 2755 quaerebat,
2612 2685 2701 2754 qui
2746 2686 2810 2738 in.
2847 2683 3131 2737 metuenda
3165 2684 3254 2738 illa
3288 2678 3574 2737 rationum

1989 2777 2128 2845 apud
2158 2792 2337 2844 regem
2372 2776 2671 2831 redditione
2698 2791 2851 2844 opem
2884 2775 2981 2841 ipsi
3013 2774 3194 2829 ferret.
3228 2774 3460 2829 Currcns
3483 2773 3576 2828 ita-

1990 2883 2095 2937 que
2141 2868 2207 2921 ad
2266 2867 2529 2935 primum,
2562 2866 2909 2935 omniumque
2937 2866 3160 2919 aliorum
3202 2864 3577 2918 charissimum

1990 2962 2242 3023 amicum,
2272 2948 2337 3013 ad
2385 2974 2508 3013 eum
2539 2961 2612 3012 ait
2650 2977 2662 3012 :
2698 2960 2811 3013 Non
2846 2968 2896 3013 te
2922 2960 3071 3028 fugit,
3104 2974 3136 3011 ο
3165 2960 3355 3022 amice,
3386 2974 3578 3025 quem-

1994 3050 2282 3104 admodum
2317 3058 2403 3102 tua
2434 3064 2593 3104 causa
2624 3052 2786 3103 vitam
2826 3064 2998 3103 meam
3046 3062 3260 3116 semper
3300 3049 3354 3100 in
3393 3047 3581 3101 discri-

1996 3156 2117 3193 men
2148 3140 2490 3206 adduxerim;
2525 3156 2666 3195 nunc
2699 3150 2875 3195 autem
2909 3140 3170 3193 hodierno
3206 3138 3312 3203 die,
3359 3147 3582 3206 urgente

1996 3235 2341 3296 necessitate,
2372 3250 2473 3302 ope
2504 3244 2587 3289 tua
2630 3247 2787 3303 atque
2838 3235 3037 3288 auxilio
3088 3233 3323 3305 indigeo.
3376 3234 3583 3301 Ecquid

1997 3341 2125 3396 ergo
2158 3336 2209 3379 te
2239 3327 2367 3379 mihi
2399 3328 2607 3383 auxilio
2636 3327 2752 3384 fore
2818 3326 3123 3392 polliceris?
3157 3338 3208 3379 et
3239 3340 3485 3393 quaenam
3530 3322 3583 3377 in

1998 3428 2071 3485 te,
2094 3420 2175 3470 vir
2205 3419 2542 3479 charissime.
2579 3434 2701 3488 spes
2725 3417 2856 3472 mihi
2881 3418 3167 3472 constituta
3202 3416 3323 3470 est?
3346 3415 3586 3483 RcSpon~

1999 3512 2135 3566 dens
2161 3523 2338 3565 autem
2365 3513 2471 3573 ille,
2498 3512 2572 3564 ait
2603 3530 2616 3564 :
2651 3512 2870 3565 Amicus
2894 3521 3015 3564 tuus
3046 3525 3150 3563 non
3181 3524 3321 3572 sum,
3347 3523 3380 3563 ο
3405 3508 3585 3570 homo,

2000 3621 2097 3659 nec
2135 3606 2222 3673 qui
2255 3606 2328 3659 sis
2361 3605 2507 3658 novi.
2540 3605 2678 3659 Sunt
2717 3606 2857 3657 enim
2893 3603 3023 3655 mihi
3056 3603 3142 3655 alii
3176 3602 3353 3663 amici,
3380 3599 3588 3669 quibus-

2002 3713 2121 3750 cum
2158 3696 2317 3749 hodie
2345 3694 2602 3749 obiectari
2634 3710 2720 3748 me
2772 3702 3005 3761 oportet,
3035 3707 3276 3759 quosque
3309 3678 3383 3744 in.
3410 3698 3592 3759 poste.

2001 3802 2119 3839 rum
2155 3801 2248 3852 pro
2278 3786 2467 3838 amicis
2518 3784 2795 3837 habiturus
2840 3799 2983 3837 sum.
3027 3784 3203 3849 Quare
3251 3781 3355 3833 duo
3387 3789 3591 3834 tantum

2003 3879 2174 3933 cilicia
2203 3877 2303 3937 tibi
2328 3877 2563 3945 porrigo,
2598 3886 2737 3929 utea
2782 3877 2831 3928 in
2887 3876 2973 3928 via
3021 3890 3121 3942 qua
3152 3874 3327 3942 pergis
3358 3873 3592 3935 habeas,

2005 3987 2124 4040 qua:
2152 3971 2311 4024 etiam
2343 3969 2455 4036 ipsa
2498 3969 2627 4021 nihil
2660 3968 2755 4021 tibi
2786 3968 3132 4021 emolumenti
3163 3968 3388 4020 allatura
3435 3976 3590 4031 sunt;

2008 4078 2105 4117 nec
2145 4061 2391 4130 estquod
2421 4076 2449 4114 a
2483 4076 2569 4115 me
2600 4060 2887 4130 quidquam
2931 4060 3091 4130 273
3133 4069 3432 4127 exspectes.
3470 4060 3594 4112 llmc

2010 4154 2100 4207 ille
2125 4153 2366 4213 audiens,
2403 4168 2464 4205 ac
2493 4154 2560 4207 de
2588 4154 2811 4216 auxilio,
2847 4153 2988 4221 quod
3022 4152 3088 4205 ab
3130 4167 3193 4204 eo
3225 4152 3591 4220 exspectabat,

2011 4259 2160 4312 spem
2184 4260 2399 4298 omnem
2427 4245 2710 4313 abjiciens,
2739 4245 2802 4297 ad
2828 4245 3122 4298 secundum
3148 4244 3373 4298 amicum
3397 4259 3454 4298 se
3475 4259 3594 4297 eon-

2012 4332 2135 4398 fert,
2169 4334 2231 4387 ad
2264 4349 2491 4402 eumque
2536 4335 2649 4387 ait:
2686 4334 3009 4399 Recordare,
3056 4334 3246 4397 amice,
3286 4344 3539 4402 quantum
3568 4350 3596 4386 a

2013 4439 2100 4477 me
2130 4424 2350 4477 honoris
2374 4436 2427 4479 et
2462 4424 2846 4478 beneﬁciorum
2873 4424 3165 4490 acceperis.
3202 4424 3472 4477 ilodierno
3502 4438 3597 4478 au-

317 4521 422 4574 que
447 4508 683 4575 arripere
712 4509 1005 4563 contendit.
1053 4510 1252 4563 Scrobs
1280 4521 1456 4562 autem
1509 4510 1739 4564 mundus
1786 4519 1900 4577 est,
1933 4493 1980 4551 ι)
2008 4524 2115 4569 tem
2141 4517 2223 4568 die
2252 4518 2301 4568 in
2333 4518 2620 4569 maximam
2648 4516 3005 4569 calamitatem
3032 4514 3444 4568 etal‘ﬂictionem
3473 4529 3625 4581 pro:

318 4602 408 4670 qui
454 4599 630 4653 omnis
668 4602 880 4668 generis
912 4601 1065 4654 malis
1101 4617 1163 4655 ac
1195 4602 1485 4655 mortiferis
1536 4603 1740 4670 laqueis
1783 4616 1904 4654 sca-

322 4700 415 4747 tet.
446 4692 618 4744 Arbor
643 4706 705 4743 ea
734 4707 888 4757 quam
920 4693 1239 4758 compressis
1270 4693 1513 4746 manibus
1541 4701 1806 4755 tenemus,
1849 4700 1904 4744 et

320 4799 438 4851 quae
460 4797 489 4834 a
517 4782 727 4835 duobus
752 4782 992 4836 muribus
1020 4782 1384 4837 indesinenter
1409 4784 1696 4847 arroditnr,
1723 4783 1904 4851 cujus-

321 4890 424 4941 que
454 4874 687 4926 hominis
717 4874 837 4927 vita:
867 4874 1186 4925 curriculum
1217 4886 1297 4927 est
1332 4893 1342 4927 :
1393 4876 1532 4942 quod
1566 4876 1775 4942 quidem
1810 4889 1903 4942 per

323 4964 427 5018 diei
478 4979 541 5016 ac
592 4965 762 5015 [κινεῖς
816 4964 975 5015 horas
1016 4965 1310 5017 absumitur
1369 4976 1423 5018 et
1477 4968 1793 5028 conﬁcitur,
1845 4982 1907 5019 ac

326 5057 583 5125 paulatim
613 5055 676 5107 ad
701 5054 1029 5108 excisionem
1055 5056 1278 5108 accedit.
1311 5057 1551 5121 Quatuor
1571 5066 1746 5109 autem
1776 5060 1909 5123 aspi-

324 5148 443 5207 des,
484 5146 700 5198 humani
730 5145 974 5213 corporis
1020 5159 1179 5210 super
1208 5156 1435 5213 quatu'tr
1467 5146 1675 5200 lubrica
1723 5160 1776 5200 et
1820 5148 1909 5200 in-

325 5238 534 5289 Stabilia
566 5239 824 5290 elementa
858 5236 1295 5288 constitutionem
1325 5237 1605 5305 designant
1636 5254 1647 5288 :
1682 5239 1908 5305 quicum

304 5325 680 5379 .jtrunoderate
737 5341 795 5379 se
842 5328 1039 5379 habent
1098 5343 1159 5380 ac
1204 5329 1615 5395 perturbantur,
1670 5331 1937 5399 corporis’

328 5433 616 5487 compages
647 5419 975 5470 dissolvitur.
1019 5420 1097 5473 Ad
1132 5420 1246 5474 hmc
1306 5422 1489 5490 igneus
1522 5424 1609 5476 ille
1646 5440 1708 5477 ac
1734 5436 1911 5477 trucu-

332 5508 508 5562 lentus
532 5510 715 5571 draco,
749 5509 1069 5563 horrendum
1102 5512 1290 5565 inferni
1323 5524 1559 5568 ventrem
1600 5516 1908 5581 adumbrat,

332 5602 422 5667 qui
451 5615 545 5654 eos
576 5600 849 5666 suscipere
876 5604 1036 5671 gestit
1067 5604 1153 5670 qui
1182 5614 1475 5670 przescntes
1507 5608 1810 5671 voluptates
1836 5606 1913 5657 fu-

335 5693 469 5746 turis
494 5693 650 5747 bonis
673 5701 1021 5763 anteponunt.
1051 5693 1222 5748 Mellis
1251 5710 1373 5750 vero
1390 5697 1592 5765 guttula
1627 5695 1910 5763 distillans,

2008 4608 2224 4673 lapsus,
2282 4607 2603 4673 opitulatore
2672 4607 2848 4674 aliquo
2890 4620 3024 4671 opus
3076 4605 3266 4657 habeo.
3323 4605 3591 4671 Quidnam

2007 4697 2165 4765 igitur
2195 4696 2486 4765 a‘ljumenti
2519 4712 2659 4750 nunc
2689 4698 2815 4749 mihi
2847 4696 3041 4750 afferre
3062 4711 3243 4765 queas.
3289 4696 3371 4749 fac
3400 4696 3591 4750 sciam.

2005 4788 2099 4841 Ille
2122 4798 2294 4841 autem
2317 4788 2415 4839 ait:
2442 4788 2610 4841 Hodie
2631 4788 2759 4840 mihi
2784 4804 2876 4856 per
2900 4789 3108 4857 negotia
3126 4795 3297 4839 tecum
3316 4795 3590 4839 certamen

2008 4880 2188 4933 sobire
2228 4879 2449 4932 minime
2484 4880 2627 4932 licet.
2681 4880 2836 4933 Curis
2868 4880 3010 4931 enim
3049 4888 3101 4931 et
3144 4877 3595 4931 sollicitudinibus

2018 4968 2249 5034 undique
2290 4984 2502 5035 urgeor,
2537 4978 2696 5037 atque
2750 4970 2800 5022 in
2843 4970 3135 5023 afﬂictione
3190 4983 3329 5021 sum.
3366 4968 3589 5023 Paulum

2019 5068 2194 5110 tamen
2226 5066 2398 5110 tecum
2442 5073 2681 5126 pergam,
2722 5059 2964 5125 quamvis
2993 5059 3121 5109 nihil
3163 5057 3284 5112 hinc
3321 5059 3591 5113 commodi

2018 5148 2082 5199 ad
2109 5158 2158 5199 te
2179 5148 2468 5200 rediturum
2505 5149 2602 5212 sit,
2637 5163 2699 5201 ac
2724 5150 3042 5213 piststatim
3075 5148 3289 5203 domum
3314 5164 3591 5221 reversus,

2018 5238 2249 5305 negotiis
2275 5239 2407 5291 meis
2430 5253 2641 5305 operam
2667 5237 2824 5290 dabo.

2090 5327 2337 5384 lnanibus
2370 5331 2533 5399 igitur
2560 5330 2799 5384 manibus
2832 5330 2989 5383 homo
3040 5333 3163 5388 inde
3211 5348 3482 5402 reversus,
3510 5345 3597 5394 at-

2019 5437 2122 5488 que
2145 5425 2288 5473 onmi
2317 5436 2383 5474 ex
2414 5432 2562 5489 parte
2603 5423 2805 5476 auxilio
2848 5423 3154 5489 destitutus,
3190 5425 3256 5480 de
3298 5444 3431 5481 vana
3481 5445 3596 5499 spe,

2021 5526 2177 5577 quam
2209 5512 2259 5563 in
2295 5512 2511 5575 perﬁdis
2542 5522 2595 5566 et
2621 5514 2838 5581 ingratis
2860 5515 3046 5568 amicis
3073 5517 3182 5569 suis
3212 5518 3517 5583 collocarat,
3547 5527 3598 5570 et

2021 5602 2087 5655 de
2118 5602 2390 5655 inutilibus
2422 5603 2693 5658 laboribus
2715 5646 2728 5670 ,
2758 5622 2902 5675 ques.
2922 5623 3017 5675 pro
3047 5623 3144 5661 suo
3173 5624 3296 5677 erga
3328 5624 3420 5661 eos
3450 5621 3597 5659 ame-

2021 5707 2079 5747 re
2127 5702 2478 5763 susceperat,
2520 5696 2748 5766 seipsum
2804 5697 3136 5767 deplorabat.
3184 5698 3362 5764 Pergit
3416 5701 3593 5747 autem
