4010 6258
452 316 555 373 495

1441 311 1526 364 DE
1571 309 1742 364 VITIS
1784 307 2065 363 PATRUM
2108 306 2307 360 LIBER
2350 306 2619 362 PRIMUS.

3595 297 3697 353 ωδ

454 434 614 488 etiam
655 430 722 484 ad
759 427 970 484 tertium
1013 425 1260 489 amicum,
1306 439 1461 492 quem
1506 439 1602 478 nec
1638 424 1751 477 ullo
1791 435 2021 490 unquam
2055 423 2100 477 A
2131 420 2371 487 aptisque
2393 417 2728 474 sermonibus
2751 414 2984 468 animum
3011 425 3183 466 meum
3208 408 3530 467 cxhilarasti.
3555 406 3696 480 Quo-

457 525 573 578 loco
597 521 872 585 habuerat,
897 533 994 574 nec
1017 519 1212 572 lmtitia:
1237 531 1349 569 sua:
1371 517 1571 569 socium
1608 514 1891 568 asciverat.
1933 516 2026 566 At-

453 627 558 679 que
579 611 645 664 ad
666 625 785 664 eum
808 607 1115 677 pudibundo
1137 616 1191 660 et
1214 606 1266 659 in
1291 614 1486 659 terram
1519 605 1727 672 dejeeto
1749 604 1898 657 vultu
1941 603 2022 656 his

453 700 629 754 verbis
650 712 774 752 usus
795 707 912 751 est:
940 697 1038 750 Vix
1066 696 1196 749 mihi
1230 695 1294 748 ad
1335 705 1387 748 te
1427 694 1676 762 loquendi
1716 695 2021 748 facultatem

455 805 516 844 os
535 788 796 846 concedit.
821 788 1030 842 Etenim
1054 785 1181 841 illud
1206 786 1698 854 perspectissimum
1724 785 1914 850 habeo,
1942 800 2026 839 me

458 897 725 950 nunquam
750 881 842 936 tibi
869 879 1097 947 benigne
1122 878 1333 943 fecisse,
1358 893 1456 932 nec
1477 880 1649 933 amico
1672 893 1796 947 erga
1837 888 1888 932 te
1912 878 2028 931 ani-

456 987 545 1028 mo
568 972 748 1026 fuisse.
774 970 1055 1035 Cteterum,
1082 968 1329 1036 quoniam
1369 969 1683 1037 gravissima
1725 969 2028 1022 calamitate

456 1075 739 1130 Oppressus
759 1060 812 1113 in
834 1059 1046 1127 reliquis
1069 1058 1202 1112 meis
1222 1058 1406 1111 amicis
1428 1058 1625 1111 nullam
1650 1058 1839 1112 salutis
1873 1073 2026 1126 spem

458 1155 654 1218 inveni,
677 1151 740 1205 ad
765 1159 815 1205 te
837 1150 1054 1214 accedo,
1078 1157 1233 1217 teque
1255 1163 1384 1216 rogo
1422 1157 1582 1217 atque
1618 1149 1859 1212 obsecro,
1885 1157 1946 1201 ut
1982 1148 2028 1201 si

456 1244 696 1310 exiguam
718 1241 945 1309 aliquam
968 1253 1122 1306 apem
1145 1237 1274 1291 mihi
1316 1237 1505 1290 afferre
1527 1252 1709 1305 queas,
1738 1252 1804 1291 ne
1847 1237 1921 1304 id,
1949 1238 2028 1290 in-

455 1329 785 1399 gratitudiuis
820 1343 952 1383 mea:
992 1341 1216 1390 memor,
1242 1325 1413 1381 facere
1453 1339 1689 1380 recuses.
1718 1326 1813 1380 Ille
1849 1335 2026 1379 autem

455 1423 608 1476 hilari
631 1431 683 1475 et
701 1433 912 1474 amoeno
930 1419 1078 1473 vultu
1111 1419 1219 1472 ait:
1247 1419 1386 1472 Sane
1425 1416 1844 1471 sincerissimum
1888 1416 2026 1469 ami-

455 1525 574 1564 cum
598 1525 772 1563 meum
797 1518 850 1562 te
873 1522 992 1563 esse
1017 1508 1288 1575 profiteor,
1311 1516 1467 1575 atque
1490 1520 1695 1575 extgum
1737 1505 1882 1560 illius
1923 1515 2028 1560 tua:

455 1615 580 1670 erga
601 1615 686 1654 me
711 1597 1073 1653 beneficentiae
1098 1612 1320 1660 memor,
1341 1612 1456 1651 eam
1499 1596 1593 1650 tibi
1635 1596 1897 1650 hodierno
1943 1595 2029 1649 die

457 1707 578 1747 cum
601 1690 787 1745 fenore
807 1689 1114 1757 rependam.
1140 1689 1399 1754 Quocirca
1435 1702 1502 1742 ne
1525 1696 1730 1742 metuas
1768 1691 1830 1740 a'c
1868 1686 2030 1754 perti-

2126 512 2263 563 cirea
2305 508 2747 585 vatt‘latishujus
2786 505 2967 560 mundi
3005 519 3215 559 rursum
3256 503 3538 574 imaginem
3573 502 3701 556 tnibi

2125 600 2384 667 exprime,
2420 609 2472 652 et
2500 614 2599 667 qua
2629 598 2834 652 ratione
2863 597 2998 650 hanc
3026 595 3187 649 vitam
3213 593 3268 646 in
3300 606 3429 661 pace
3458 606 3522 646 ac
3549 607 3701 648 secu-

2127 691 2283 745 ritate
2313 703 2598 759 peragrare
2626 702 2838 758 queam.

2200 779 2485 846 Excipiens
2508 776 2678 846 igitur
2705 789 3003 831 sermonem
3035 769 3306 838 Barlaam,
3331 770 3444 828 ait:
3469 768 3730 839 Hujusce’

2135 883 2346 938 quoque
2374 868 2687 937 qumstionis
2718 866 3116 920 similitudinem
3142 861 3502 918 audi.Urbem
3521 877 3621 929 qua
3635 879 3706 915 m-

2129 957 2248 1011 dam
2279 972 2522 1027 magnam
2553 957 2818 1012 exstitisse
2856 957 3062 1025 accepi,
3095 957 3150 1010 in
3187 969 3290 1024 qua
3329 954 3474 1010 cives
3514 953 3616 1008 hoc
3659 953 3706 1005 in

2130 1064 2279 1104 more
2317 1058 2475 1117 atque
2514 1050 2757 1102 instituto
2787 1049 3013 1116 positum
3058 1046 3344 1112 habebant,
3378 1053 3435 1098 ut
3471 1043 3704 1113 peregri-

2130 1155 2254 1193 num
2285 1139 2567 1209 quemdam
2607 1147 2660 1195 et
2696 1139 2935 1208 ignotum
2977 1137 3167 1205 virum,
3197 1151 3258 1191 ac
3289 1139 3464 1205 legum
3494 1145 3550 1190 et
3577 1150 3702 1190 con-

2131 1230 2473 1284 suetudinum
2506 1231 2735 1284 civitatis
2760 1230 2977 1284 omnino
3003 1229 3190 1282 rudem
3219 1236 3270 1281 et
3296 1227 3538 1296 ignarum
3567 1227 3702 1280 acci-

2135 1330 2341 1391 perent,
2373 1335 2602 1389 eumque
2630 1321 2730 1374 sibi
2762 1321 2892 1388 ipsis
2913 1334 3090 1388 regem
3115 1318 3517 1381 constituerent,
3545 1330 3705 1384 penes

2131 1425 2288 1480 quem
2319 1425 2415 1479 per
2443 1411 2598 1464 unius
2628 1411 2753 1464 anni
2779 1409 3104 1463 curriculum
3139 1422 3316 1461 rerum
3343 1407 3583 1460 omnium
3612 1421 3704 1475 po-

2133 1513 2299 1558 testas
2325 1512 2488 1568 esset,
2520 1501 2713 1571 quique
2742 1501 2908 1556 libere
2939 1510 2991 1555 et
3027 1500 3140 1554 sine
3180 1499 3288 1553 ullo
3327 1499 3704 1568 impedimento

2133 1594 2386 1663 quidquid
2418 1594 2598 1659 vellet,
2630 1595 2848 1649 faceret.
2877 1593 3002 1646 Post
3035 1601 3232 1656 autem,
3265 1593 3390 1646 dunt
3432 1591 3522 1646 ille
3561 1594 3703 1647 omni

2133 1701 2351 1757 prorsus
2377 1701 2504 1742 cura
2536 1700 2732 1742 vacuus
2770 1686 3006 1754 degeret,
3037 1693 3196 1755 atque
3227 1685 3280 1737 in
3318 1685 3442 1738 luxu
3481 1693 3534 1739 et
3569 1683 3654 1738 del
3677 1711 3704 1724 -

460 1794 686 1835 mescas.
709 1779 838 1833 Nam
860 1791 958 1847 ego
975 1787 1098 1832 ante
1118 1786 1168 1831 te
1190 1778 1512 1845 proiieiscar,
1527 1791 1812 1846 regemque
1834 1783 1922 1829 tuo
1939 1789 2032 1829 no-
2062 1783 2109 1844 Β
2136 1778 2232 1832 eiis
2269 1777 2387 1831 sine
2431 1777 2538 1831 ullo
2578 1784 2722 1830 metu
2760 1785 3062 1830 versaretur
3087 1814 3102 1840 ,
3144 1783 3568 1842 perpetuumque
3605 1774 3704 1826 sibi

460 1869 602 1922 mine
625 1866 937 1930 obsecrabo,
963 1880 1028 1920 ne
1050 1874 1101 1920 te
1121 1866 1352 1920 hostium
1381 1866 1626 1921 manibus
1647 1866 1826 1920 dedat.
1854 1863 2030 1931 Quare

457 1960 543 2015 fac
567 1961 706 2013 bono
742 1958 920 2013 animo
940 1958 1035 2020 sis,
1059 1958 1141 2012 vir
1185 1958 1527 2022 amicissime,
1572 1972 1671 2012 nec
1711 1967 1761 2013 te
1800 1972 2030 2014 maerore

457 2051 752 2105 excrucies.
779 2049 910 2102 Tum
937 2049 1024 2104 ille
1047 2050 1456 2117 compunctione
1497 2048 1739 2114 affectus,
1759 2057 1812 2102 et
1852 2048 2026 2117 lacry-

456 2143 558 2196 mis
599 2141 864 2207 perfusus,
887 2140 1098 2193 diccbat
1142 2156 1155 2192 :
1201 2139 1312 2193 Heu
1354 2154 1439 2193 me
1479 2137 2028 2207 miserum,quidnam

456 2231 599 2300 prius
621 2229 826 2284 deflebo
852 2243 913 2282 ac
935 2229 1307 2282 lamentabor?
1334 2229 1604 2284 Vanamne
1626 2243 1798 2284 meam
1841 2230 1891 2282 in
1932 2228 2030 2282 im-

460 2336 725 2375 memores
749 2328 803 2374 et
826 2320 1061 2388 ingratos
1109 2319 1270 2374 falsos
1311 2320 1429 2374 illos
1467 2322 1670 2377 amicos
1711 2321 2030 2376 benevolen-

462 2419 584 2471 tiam
609 2415 1013 2470 condemnabo?
1035 2429 1100 2469 an
1126 2415 1299 2483 potius
1322 2416 1559 2469 insanam
1587 2429 1703 2470 eam
1746 2415 2028 2484 ingratitu-

456 2509 659 2574 dinem,
682 2521 781 2576 qua
826 2506 874 2558 in
919 2506 1060 2559 hunc
1099 2520 1277 2559 verum
1300 2515 1351 2560 et
1372 2506 1634 2560 sincerum
1655 2505 1882 2560 amicum
1907 2518 2031 2560 usus

459 2612 601 2665 sum,
625 2596 959 2652 insectabor?

527 2687 1141 2755 Josaphatautemhunc
1161 2699 1457 2741 sermonem
1500 2701 1605 2741 non
1647 2686 1762 2743 sine
1800 2686 2030 2742 admira-

461 2778 603 2831 tione
625 2776 940 2844 suscipiens,
963 2775 1079 2845 ejus
1103 2776 1509 2844 explicationem
1531 2777 1858 2846 requirebat.
1884 2777 2030 2831 Dixit

461 2868 635 2933 itaque
656 2865 895 2919 Barlaam
926 2882 937 2916 :
965 2865 1171 2919 Primus
1193 2868 1414 2931 amicus,
1437 2882 1598 2937 opum
1633 2869 1784 2936 c0pia
1823 2876 1929 2933 est,
1977 2876 2031 2922 et

458 2956 762 3009 divitiarum
785 2969 957 3019 amor,
981 2955 1050 3009 ob
1073 2970 1227 3024 quem
1255 2955 1413 3012 homo
1437 2957 1489 3011 in
1519 2966 1771 3013 sexcenta
1793 2960 2028 3028 pericula

460 3045 663 3110 incidit,
687 3059 748 3099 ac
769 3044 962 3099 multas
984 3060 1247 3099 aerumnas
1285 3047 1502 3115 perfert.
1546 3047 1676 3102 Cum
1715 3057 1890 3103 autem
1931 3063 2027 3104 ex-

2132 1885 2351 1941 regnum
2382 1871 2492 1925 fore
2519 1870 2876 1933 existimaret,
2903 1878 3124 1938 repente
3152 1870 3406 1923 adversus
3448 1883 3568 1922 eum
3619 1868 3702 1920 in-

2133 1971 2430 2029 surgentes,
2454 1961 2760 2030 regiamque
2788 1960 2885 2029 ipsi
2909 1971 3110 2016 vestem
3139 1959 3492 2024 detrahentes,
3517 1973 3580 2012 ac
3604 1973 3700 2010 uu-

2133 2051 2258 2105 dutn
2293 2066 2387 2120 per
2415 2061 2580 2105 totam
2613 2051 2798 2106 urbem
2831 2063 3080 2120 tanquam
3109 2051 3160 2105 in
3193 2051 3512 2119 triumphum
3542 2065 3705 2118 agen-

2137 2152 2236 2208 tes,
2269 2144 2322 2198 in
2350 2157 2590 2212 magnam
2633 2141 2917 2212 quamdam
2955 2157 3016 2196 ac
3055 2145 3208 2210 longe
3247 2140 3410 2212 274
3444 2150 3705 2196 remotam

2132 2238 2358 2291 insulam
2387 2250 2506 2290 eum
2540 2234 2866 2304 relegabant,
2899 2234 2951 2288 in
2983 2248 3086 2304 qua
3124 2247 3222 2288 nec
3251 2239 3392 2288 victu
3423 2247 3523 2287 nec
3551 2232 3705 2285 indu-

2132 2324 2326 2380 mentis
2367 2324 2808 2393 suppetentibus,
2851 2322 2993 2377 fame
3029 2337 3092 2376 ac
3131 2321 3370 2376 nuditate
3406 2321 3706 2374 miserrimo

2134 2414 2494 2483 premebatur,
2525 2414 2798 2481 voluptate
2815 2412 3020 2467 scilicet
3039 2421 3198 2481 atque
3225 2411 3388 2466 animi
3419 2410 3686 2464 hilaritate

2133 2521 2249 2577 quae
2278 2515 2474 2576 praeter
2493 2521 2640 2575 spem
2666 2507 2766 2575 ipsi
2793 2519 3044 2560 concessa
3073 2505 3264 2568 fuerat,
3314 2504 3369 2557 in
3420 2517 3705 2558 maerorem

2133 2612 2318 2654 rursus
2347 2606 2536 2667 praeter
2560 2611 2710 2667 spem
2741 2611 2953 2653 omnem
2983 2606 3037 2653 et
3061 2595 3524 2666 exSpectationem
3553 2609 3705 2650 com-

2133 2696 2351 2745 mutata.

2202 2776 2434 2846 Contigit
2461 2791 2589 2846 ergo
2618 2786 2675 2832 ut
2703 2792 2798 2848 pro
2825 2778 3039 2848 antiquo
3068 2778 3260 2833 civium
3290 2778 3500 2833 illorum
3549 2794 3700 2833 more

2132 2876 2293 2938 atque
2318 2869 2577 2935 instituto,
2608 2869 2689 2922 vir
2718 2869 2932 2939 quidam
2981 2883 3171 2939 magno
3219 2868 3415 2938 ingenii
3460 2871 3706 2923 acumine

2131 2959 2382 3030 praeditus
2413 2959 2479 3014 ad
2506 2975 2726 3030 regnum
2755 2963 3128 3015 ascisceretur.
3157 2960 3256 3025 Qui
3301 2964 3481 3015 statim
3527 2962 3705 3016 subita

2133 3065 2195 3105 ea
2222 3049 2495 3112 felicitate,
2525 3065 2642 3120 quae
2671 3050 2769 3119 ipsi
2797 3050 3076 3119 obtigerat,
3107 3050 3246 3104 haud
3275 3065 3535 3119 quaquam
3569 3067 3704 3119 prte~

459 3147 657 3190 tretnus
678 3135 799 3189 vitae
819 3136 932 3190 dies
953 3136 1163 3190 clausus
1186 3145 1288 3199 est,
1310 3151 1374 3189 ex
1399 3137 1505 3190 illis
1527 3138 1772 3193 omnibus
1813 3138 2022 3207 opibus,
2056 3141 2102 3205 C.
2131 3153 2257 3208 ceps
2285 3140 2560 3206 abreptus,
2591 3154 2690 3195 nec
2712 3154 2894 3194 eorum
2932 3139 3023 3209 qui
3054 3147 3175 3193 ante
3203 3153 3260 3193 se
3289 3139 3489 3208 regiam
3522 3139 3706 3209 digni-

456 3237 651 3295 praeter
675 3227 887 3281 inutiles
909 3227 1163 3295 quosdam
1188 3241 1414 3295 pannos,
1437 3228 1529 3296 qui
1565 3229 1633 3282 ad
1677 3229 1835 3283 funus
1876 3229 2028 3283 adhi-

460 3316 673 3380 bentur,
698 3315 830 3369 nihil
852 3316 1072 3369 omnino
1094 3330 1278 3369 secum
1300 3317 1513 3383 aceipit.
1539 3317 1813 3371 Secundus
1852 3327 2028 3374 autem

458 3407 681 3470 amicus,
709 3420 844 3461 uxor
862 3419 929 3459 ac
951 3404 1102 3459 liberi
1125 3415 1279 3470 sunt,
1307 3407 1589 3475 caeterique
1610 3407 1817 3475 cognati
1858 3418 1912 3462 et
1954 3408 2030 3462 fa-

460 3497 692 3551 miliares
711 3537 726 3562 ,
751 3511 976 3564 quorum
1002 3495 1280 3550 affectione
1302 3511 1364 3550 ac
1401 3496 1766 3552 benevolentia
1807 3500 2032 3553 constri-

457 3590 526 3644 cti
551 3601 813 3656 tenemur,
836 3601 892 3643 ut
913 3588 980 3643 ab
1023 3588 1105 3643 his
1146 3589 1325 3643 divelli
1367 3590 1452 3643 vix
1494 3604 1772 3659 queamus,
1813 3605 1876 3644 ac
1923 3605 2031 3660 prae

456 3694 639 3734 eorum
665 3693 848 3732 amore
873 3692 1066 3745 corpus
1088 3679 1247 3733 etiam
1287 3688 1340 3732 et
1380 3680 1614 3733 animam
1656 3688 1890 3734 nostram
1932 3696 2024 3736 ne-

455 3769 738 3839 gligamus.
772 3770 848 3823 Ex
870 3769 999 3838 ipsis
1024 3785 1184 3838 porro
1208 3785 1363 3823 nemo
1387 3771 1440 3824 itt
1470 3771 1656 3824 mortis
1679 3771 1806 3824 liora
1833 3773 2031 3825 utilita-

457 3861 522 3914 tis
564 3859 762 3927 aliquid
801 3858 1046 3928 percipit,
1076 3861 1176 3912 nisi
1227 3860 1368 3927 quod
1408 3859 1475 3913 ad
1518 3861 1818 3928 sepulcrum
1866 3875 2031 3928 usque

457 3951 716 4004 duntaxat
759 3951 990 4004 cadaver
1031 3950 1370 4016 comitantur,
1432 3965 1495 4004 ac
1535 3951 1776 4019 protinus
1815 3953 2028 4007 domum

459 4041 712 4102 reversis,
743 4039 852 4093 suis
882 4038 1026 4093 curis
1047 4055 1108 4093 ac
1135 4040 1360 4110 negotiis
1402 4055 1621 4108 operam
1650 4043 1796 4108 dant,
1827 4058 2030 4096 mento-

455 4131 590 4185 riam
617 4130 751 4197 ejus,
781 4130 868 4197 qui
897 4130 1159 4198 quondam
1193 4132 1319 4199 ipsis
1347 4131 1539 4185 charus
1563 4142 1697 4198 erat,
1724 4148 1828 4187 non
1852 4133 2027 4188 minus

454 4220 750 4288 oblivioni,
809 4234 963 4287 quam
1011 4235 1203 4290 corpus
1249 4224 1493 4291 sepulcro
1536 4224 1914 4291 relinquentes.
1961 4224 2030 4278 At

455 4326 584 4365 vero
615 4311 802 4365 tertius
831 4313 1060 4378 amicus,
1093 4314 1182 4381 qui
1215 4315 1540 4383 contemptui
1567 4330 1628 4370 ac
1656 4315 1866 4369 fastidio
1891 4324 2023 4378 erat,

454 4403 706 4470 cujusque
735 4400 935 4454 aditum
964 4402 1244 4457 horremus
1270 4413 1323 4458 et
1353 4419 1680 4471 aversamur,
1705 4405 2024 4473 optimorum

2136 3243 2294 3289 tatem
2316 3234 2675 3298 obtinuerant,
2699 3234 3000 3303 misereque
3019 3233 3172 3302 ejecti
3199 3231 3425 3296 fuerant,
3446 3233 3703 3287 incuriam

2134 3325 2390 3392 imitatus,
2423 3326 2600 3381 animo
2629 3326 2787 3380 anxio
2816 3340 2880 3379 ac
2904 3326 3130 3380 sollicito
3174 3325 3225 3378 id
3273 3325 3537 3394 agitabat,
3569 3340 3706 3394 quo-

2139 3431 2262 3471 nam
2290 3427 2444 3486 pacto
2470 3418 2631 3472 rebus
2668 3418 2780 3473 suis
2818 3418 3017 3485 optime
3058 3416 3381 3472 consuleret.
3416 3418 3546 3470 Dum
3575 3432 3706 3485 ergo

2132 3508 2317 3562 crebra
2349 3508 2691 3562 meditatione
2733 3507 2845 3560 haec
2871 3522 3051 3562 secum
3082 3517 3336 3572 versaret,
3368 3521 3464 3576 per
3489 3509 3705 3576 sapien-

2133 3599 2396 3653 tissimum
2423 3599 2705 3668 quemdam
2736 3599 3117 3665 consiliarium,
3149 3601 3216 3653 de
3254 3599 3446 3653 civium
3478 3614 3703 3654 consue-

2137 3689 2318 3744 tudine
2343 3705 2402 3744 ac
2416 3689 2655 3759 perpetui
2686 3689 2854 3744 exsilii
2881 3691 2998 3745 loco
3027 3691 3222 3745 certior
3242 3692 3409 3745 factus
3437 3700 3535 3756 est,
3565 3707 3705 3760 quo-

2133 3796 2252 3834 nam
2281 3790 2435 3848 pacto
2463 3783 2578 3836 sine
2607 3782 2713 3836 ullo
2751 3797 2931 3836 errore
2969 3783 3082 3851 ipse
3119 3783 3218 3839 sibi
3257 3796 3447 3837 cavere
3483 3783 3706 3836 deberet

2133 3870 2416 3926 intellexit.
2455 3872 2589 3925 Cum
2627 3873 2785 3942 igitur
2826 3874 2927 3927 hoc
2964 3873 3314 3942 cognovisset,
3358 3874 3701 3942 futurumque

2133 3974 2298 4028 prope
2333 3960 2473 4014 diem
2498 3973 2554 4015 ut
2591 3961 2657 4014 ad
2697 3963 2842 4016 illam
2883 3963 3105 4017 insulam
3144 3965 3508 4032 ablegaretur,
3547 3976 3708 4033 atque

2131 4050 2477 4104 adventitium
2508 4053 2631 4105 illud
2665 4065 2717 4106 et
2747 4053 2980 4108 alienum
3017 4069 3236 4123 regnum
3265 4056 3384 4110 aliis
3433 4056 3706 4124 relinque-

2131 4147 2233 4203 ret,
2269 4139 2544 4207 patefactis
2572 4140 2832 4195 thesauris
2854 4143 2985 4207 suis,
3005 4158 3225 4211 quorum
3253 4154 3376 4198 tunc
3401 4157 3706 4213 promptum

2131 4241 2193 4281 ac
2231 4228 2452 4283 liberum
2475 4245 2628 4284 usum
2655 4230 2901 4296 habebat,
2927 4231 3144 4300 aurique
3181 4240 3340 4297 atque
3377 4235 3601 4303 argenti,
3643 4249 3710 4288 ac

2131 4321 2487 4388 pretiosorum
2528 4322 2761 4390 lapidum
2800 4323 2999 4391 ingenti
3041 4323 3180 4376 mole
3219 4323 3428 4378 famulis
3477 4324 3704 4393 quibus-

2130 4411 2274 4479 dam,
2305 4425 2437 4478 quos
2466 4411 2751 4465 fidissimos
2793 4412 3038 4481 habebat,
3070 4415 3281 4478 tradita,
3314 4414 3379 4467 ad
3408 4427 3524 4468 eam
3555 4414 3707 4468 insu—

453 4491 2036 4564 operumehorusest,hocest,ﬁdes,spes.Charitas,miseri-
2063 4504 2116 4563 Ι)
2140 4500 2245 4554 lam
2305 4501 2371 4554 ad
2409 4515 2567 4569 quam
2605 4501 2944 4557 abducendus
2981 4512 3097 4557 erat
3133 4505 3402 4572 praemisit.
3446 4503 3709 4561 Vertente

381 4593 383 4596 ‘
453 4581 632 4634 cordia
654 4620 669 4646 ,
719 4580 1038 4649 benignitas,
1067 4583 1413 4653 reliquusque
1439 4584 1688 4638 virtutum
1712 4594 1880 4640 cretus
1900 4602 1913 4639 :
1937 4586 2029 4654 qui

448 4673 662 4740 quidem
698 4680 822 4726 ante
860 4686 978 4738 nos,
1007 4687 1125 4727 cum
1164 4689 1194 4728 e
1232 4689 1456 4743 corpore
1495 4675 1822 4739 exeedimus,
1858 4676 2024 4744 profi-

449 4762 611 4827 cisci,
669 4776 733 4815 ac
790 4770 968 4815 nostra
1025 4776 1182 4816 causa
1235 4764 1399 4818 Deum
1441 4765 1682 4831 precibus
1720 4764 2024 4832 inflectere,

452 4861 610 4921 atque
637 4853 705 4907 ab
740 4853 982 4908 hostibus
1021 4855 1219 4909 nostris
1257 4864 1311 4910 et
1349 4858 1627 4911 horrendis
1663 4858 2021 4923 exactoribus,

452 4946 542 5014 qui
567 4944 634 5000 de
661 4944 956 5001 referendis
985 4947 1279 5001 rationibus
1308 4949 1553 5003 acerbam
1604 4950 1756 5003 uobis
1799 4949 1854 5003 in
1900 4965 2024 5005 aere

453 5035 596 5089 litem
625 5048 860 5101 movent,
890 5053 950 5093 ac
979 5038 1265 5093 crudeliter
1294 5055 1390 5093 nos
1415 5041 1649 5110 arripere
1675 5041 2002 5096 contendunt

454 5126 684 5181 liberare
726 5138 916 5196 potest.
964 5130 1058 5185 Hic
1097 5132 1348 5185 nimirum
1386 5141 1470 5186 est
1507 5133 1763 5187 candidus
1818 5133 1910 5187 ille
1961 5147 2025 5187 ac

456 5216 653 5282 probus
691 5224 745 5271 et
780 5229 959 5287 gratus
995 5222 1216 5285 amicus,
1257 5222 1344 5290 qui
1382 5224 1676 5290 quamlibet
1711 5224 1871 5278 etiam
1909 5226 2021 5278 exi-

453 5322 612 5374 guum
651 5307 846 5364 bonum
887 5319 1124 5365 nostrum
1164 5328 1296 5381 opus
1326 5316 1581 5370 memoria
1615 5323 1774 5382 tenet,
1803 5330 1867 5371 ac
1895 5330 2018 5370 cum

451 5401 636 5456 fenore
665 5400 817 5456 nobis
840 5401 964 5456 illud
998 5404 1255 5473 rependit.

523 5491 653 5546 Car.
686 5489 822 5545 XIV.
853 5520 922 5532 -—
950 5491 1175 5548 Rursum
1205 5496 1362 5564 igitur
1387 5497 1644 5566 Josaphat
1672 5496 1806 5552 dixit
1847 5514 1862 5552 :
1905 5497 2019 5554 Uti-

450 5597 572 5643 nam
603 5583 695 5636 tibi
722 5597 753 5637 a
785 5582 1006 5638 Domino
1033 5585 1140 5640 Deo
1171 5594 1258 5639 tuo
1285 5587 1460 5640 omnia
1492 5588 1663 5642 fausta
1699 5596 1752 5642 et
1786 5587 2019 5657 jucunda

444 5675 576 5736 sint,
609 5673 880 5730 hominum
911 5674 1322 5741 sapientissime.
1356 5677 1629 5741 Siquidem
1659 5679 1872 5746 optimis
1918 5680 2018 5734 tuis

2137 4598 2315 4644 autem
2344 4604 2485 4644 anno
2507 4591 2670 4654 cives,
2699 4601 2964 4645 commota
2991 4593 3272 4657 seditione,
3305 4592 3502 4646 nudum
3553 4609 3704 4662 eum,

2136 4680 2582 4747 quemadmodum
2610 4683 2913 4750 superiores
2941 4699 3114 4754 reges,
3166 4683 3217 4738 in
3249 4685 3488 4738 exsilium
3543 4686 3710 4740 mise-

2135 4778 2279 4824 runt.
2308 4770 2384 4824 Ac
2412 4771 2594 4825 caeteri
2623 4773 2834 4839 quidem
2863 4782 3123 4838 amentes,
3158 4786 3210 4830 et
3240 4776 3416 4831 brevis
3445 4780 3706 4847 temporis

2136 4874 2318 4930 reges,
2350 4862 2658 4930 gravissima
2683 4863 2822 4917 fame
2864 4864 3174 4919 laborabant
3204 4882 3216 4916 :
3250 4865 3342 4922 ille
3382 4877 3567 4922 contra
3616 4871 3710 4938 qui

2133 4962 2262 5016 opes
2288 4963 2414 5003 suas
2451 4951 2801 5017 praemiserat,
2832 4953 2885 5005 in
2924 4962 3178 5021 perpetua
3220 4970 3397 5010 rerum
3439 4958 3590 5026 copia
3640 4961 3725 5015 vi-

2131 5048 2236 5093 tam
2265 5040 2488 5108 ducens,
2519 5050 2678 5111 atque
2707 5041 2907 5095 infinita
2942 5045 3208 5113 voluptate
3237 5046 3440 5116 fruens,
3471 5051 3602 5117 perii
3619 5050 3723 5105 do-

2131 5145 2248 5183 rum
2276 5146 2341 5185 ac
2377 5131 2756 5187 sceleratorum
2796 5133 2988 5187 civium
3029 5145 3172 5191 metu
3212 5152 3434 5206 prorsus
3471 5141 3590 5208 abje
3609 5151 3722 5206 eto,

2128 5221 2506 5289 sapientissimi
2529 5223 2737 5278 consilii
2765 5223 2849 5280 sui
2877 5226 3094 5281 nomine
3115 5227 3328 5282 beatum
3349 5244 3409 5285 se
3432 5231 3600 5302 prtedi
3619 5247 3718 5287 ea-

2127 5309 2234 5366 bat.

2198 5401 2297 5456 llic
2324 5417 2484 5471 porro
2524 5419 2621 5474 per
2649 5405 2916 5461 civitatem
2940 5422 3128 5464 vanum
3155 5409 3296 5465 hunc
3330 5420 3488 5483 atque
3527 5415 3700 5484 impo-

2130 5499 2328 5547 storem
2353 5493 2876 5565 mundumintellige.
2909 5497 3011 5552 Per
3035 5500 3181 5554 cives
3210 5509 3406 5568 autem,
3442 5503 3714 5572 principav

2131 5590 2215 5637 tus
2242 5593 2296 5639 et
2321 5592 2610 5652 potestates
2633 5585 2955 5656 daemonum,
2985 5602 3046 5644 ac
3071 5591 3254 5646 mundi
3285 5602 3520 5649 rectores
3553 5604 3712 5650 tene-

2131 5675 2343 5733 hrarum
2375 5677 2532 5748 hujus
2561 5680 2759 5747 saeculi,
2793 5682 2881 5750 qui
2912 5697 3010 5738 nos
3060 5699 3154 5751 per
3200 5686 3485 5756 voluptatis
3525 5690 3706 5744 molli-
