4010 6220
270 364 373 420 49]

705 368 861 424 VITA
904 368 1319 425 SANCTORUM
1361 369 1689 426 BARLAAM
1732 366 2063 426 EltEMll‘xE
2105 363 2192 419 ET
2232 357 2589 417 JOSAPHAT
2631 354 2836 410 lNDlrE
2876 356 3094 411 REGIS.

3434 346 3532 404 198

269 479 395 534 tiem
430 480 674 536 inescant
693 520 708 547 ,
736 489 896 549 atque
923 480 974 534 in
1004 481 1238 535 animum
1290 482 1443 538 nobis
1491 482 1745 538 inducunt
1796 492 1852 536 ut
1879 484 1931 543 Α
1958 479 2000 534 ri
2027 484 2208 543 erant,
2241 475 2311 529 ita
2340 471 2596 537 evebeus,
2627 478 2686 526 ut
2716 468 2846 539 ipsis
2876 468 2943 523 ab
2969 467 3215 522 omnibus
3243 466 3411 521 honor
3440 474 3531 519 trr-

267 574 337 629 de
365 574 532 629 rebus
560 575 776 629 caducis
802 584 855 629 et
882 574 1197 642 interituris,
1210 575 1358 631 velut
1377 575 1444 631 de
1462 575 1854 630 immortalibus

271 665 612 734 cogitemus,
666 673 913 734 tanquam
961 664 1166 721 scilicet
1209 682 1391 722 earum
1430 665 1633 723 fruetus
1701 669 1855 723 nobis

274 764 561 824 perpetuus
585 770 648 811 ac
671 756 1032 825 sempiternus
1062 756 1268 813 futurus
1295 758 1382 813 sit.
1423 756 1557 814 Cum
1591 757 1755 828 igitur
1785 759 1852 814 ad

272 847 417 904 hunc
444 848 660 904 modum
685 848 893 920 decepti
924 859 1083 922 atque
1112 854 1166 907 in
1219 851 1456 908 fraudem
1504 852 1720 923 impulsi
1763 866 1854 907 su-

278 956 422 1006 mus,
455 956 554 998 nec
584 943 652 998 de
673 943 835 998 certis
860 943 965 998 illis
990 959 1051 999 ac
1073 942 1410 1013 sempiternis
1434 944 1601 999 ullum
1624 958 1855 1013 unquam

276 1032 559 1088 consilium
589 1032 824 1099 iniimus,
851 1048 949 1089 nec
978 1035 1131 1090 nobis
1162 1035 1214 1088 iu
1243 1036 1477 1090 futurum
1506 1048 1679 1091 tevum
1707 1034 1855 1105 quid-

274 1140 433 1195 quam
464 1125 880 1191 recondidimus,
910 1129 1218 1194 repentinus
1243 1127 1396 1183 nobis
1423 1128 1615 1183 mortis
1661 1128 1852 1183 interi.

272 1226 353 1272 tus
381 1218 580 1288 ingruit
606 1217 784 1289 (Prov.
820 1219 881 1290 ι).
918 1223 985 1274 At
1014 1230 1123 1275 tum
1152 1220 1365 1276 demum
1396 1221 1565 1277 nudos
1612 1236 1733 1288 nos,
1766 1228 1852 1275 at-

269 1325 370 1379 que
392 1312 643 1367 omnibus
688 1312 845 1381 hujus
879 1314 1004 1368 vita:
1035 1314 1196 1369 rebus
1227 1314 1485 1383 spoliatos
1513 1312 1742 1382 improbi
1778 1312 1855 1369 illi

271 1415 331 1454 ac
355 1402 481 1457 saevi
510 1402 851 1458 tenebrarum
880 1405 1022 1460 cives
1050 1404 1397 1475 accipientes,
1425 1412 1483 1459 ut
1523 1402 1613 1475 qui
1646 1412 1856 1473 tempus

270 1490 369 1545 illis
395 1508 556 1548 omne
585 1492 1029 1562 impenderimus,
1052 1494 1107 1548 in
1156 1503 1351 1550 terram
1402 1496 1741 1553 tenebrosam
1796 1502 1854 1550 et

269 1582 548 1637 obscuram
576 1584 877 1651 abducunt,
908 1586 961 1640 in
987 1594 1180 1641 terram
1210 1586 1554 1654 sempiterna:
1582 1584 1849 1657 caliginis,

270 1672 355 1726 ubi
385 1673 473 1727 lux
518 1688 623 1728 non
656 1683 754 1741 est,
788 1690 886 1731 nec
927 1675 1228 1731 mortalium
1275 1678 1436 1731 vitam
1484 1677 1678 1732 intueri
1729 1677 1856 1732 licet

270 1760 407 1831 (Job.
441 1763 526 1832 x).
558 1762 663 1819 Per
704 1764 929 1834 probum
975 1780 1107 1821 vero
1151 1766 1538 1834 consiliarium,
1586 1765 1677 1835 qui
1730 1780 1852 1835 pru-

1958 573 2169 625 buatur.

2031 662 2105 714 Ac
2133 671 2355 713 cernere
2382 663 2495 721 est,
2537 650 2812 707 hominum
2845 663 3013 720 genus
3053 648 3123 702 ita
3167 653 3532 715 comparatum

1958 765 2096 817 esse,
2128 759 2184 805 ut
2209 758 2333 804 ante
2362 746 2636 803 crudelem
2658 742 2829 812 ipsius
2851 738 3185 812 tyrannidem
3211 736 3341 790 nihil
3362 736 3538 790 omni-

1960 860 2030 900 no
2060 844 2273 899 firmum
2302 856 2364 897 ac
2404 839 2595 896 stabile
2625 838 2840 893 habeat.
2885 830 3352 902 Quemadmodum
3392 828 3537 883 enim

1958 934 2205 990 columba
2232 931 2463 1004 aquiiam
2486 938 2580 985 aut
2607 928 2916 998 accipitrem
2946 924 3175 993 fugiens,
3211 922 3384 976 locum
3412 918 3537 972 sub-

1959 1026 2082 1081 inde
2109 1032 2421 1087 commutat,
2451 1036 2515 1077 ac
2536 1036 2678 1076 nunc
2703 1018 2914 1090 quidem
2941 1019 2994 1072 in
3020 1017 3121 1071 hac
3143 1013 3361 1077 arbore,
3394 1026 3535 1066 nunc

1959 1124 2136 1172 autem
2182 1115 2236 1169 in
2268 1114 2360 1169 illo
2391 1113 2580 1168 frutice
2600 1155 2616 1182 ,
2647 1126 2709 1166 ac
2730 1110 2923 1165 deinde
2948 1109 2999 1163 in
3029 1107 3238 1178 rupium
3264 1104 3540 1163 cavernis,

1965 1223 2028 1264 ac
2060 1209 2223 1263 variis
2267 1207 2437 1277 spinis
2467 1206 2659 1275 pedem
2690 1203 2947 1274 afﬁgens,
2992 1216 3091 1256 nec
3120 1209 3287 1254 tutum
3317 1211 3543 1267 usquam

1961 1300 2263 1370 perfugium
2312 1299 2611 1362 inveniens,
2665 1296 2718 1350 in
2748 1302 3005 1363 perpetua
3047 1291 3340 1362 jactatione
3383 1297 3545 1357 atque

1960 1405 2197 1447 aerumna
2227 1399 2469 1445 versatur
2497 1407 2508 1441 :
2536 1387 2724 1443 eodem
2756 1385 2916 1441 modo
2944 1399 3005 1440 se
3054 1384 3272 1446 habent,
3317 1382 3409 1451 qui
3456 1395 3545 1435 res

1959 1492 2263 1555 praesentes
2295 1483 2361 1537 ad
2390 1492 2662 1551 stuporem
2710 1493 2879 1548 usque
2910 1477 3192 1541 mirantur,
3227 1474 3423 1544 quippe
3456 1474 3544 1542 qui

1959 1576 2360 1633 inconsiderato
2391 1573 2621 1643 quodam
2651 1572 2854 1640 impetu
2883 1570 3076 1623 misere
3122 1566 3387 1628 laborent,
3440 1579 3541 1618 nec

1959 1672 2248 1741 quidquam
2279 1670 2497 1724 omnino
2535 1667 2745 1721 firmum
2790 1672 2881 1719 aut
2910 1661 3113 1717 stabile
3144 1658 3404 1724 habeant,
3439 1670 3543 1710 nec

1960 1762 2026 1816 ad
2074 1775 2235 1830 quem
2289 1759 2445 1814 linem
2506 1754 2815 1827 perventuri
2863 1753 3000 1816 sint,
3061 1750 3387 1818 intelligant,
3442 1762 3547 1803 nec

272 1852 415 1908 denti
442 1868 506 1908 ac
537 1869 791 1925 perquam
822 1857 1049 1925 sapienti
1079 1855 1158 1910 illi
1189 1857 1300 1923 regi
1331 1856 1509 1910 omnia
1542 1869 1668 1911 vere
1718 1870 1849 1924 ape-
1885 1855 1932 1915 B
1962 1867 2067 1921 quo
2111 1851 2327 1906 tandem
2356 1863 2487 1903 vana
2529 1849 2664 1914 vita,
2697 1848 2815 1912 cui,
2860 1856 3117 1915 perquam
3150 1838 3437 1893 infeliciter
3481 1852 3544 1889 ac

271 1944 398 2008 ruit,
428 1958 491 1998 ac
513 1945 725 2000 sublata
753 1946 974 2000 consilia
1006 1946 1243 2011 tradidit,
1277 1961 1363 2002 me
1391 1947 1550 2002 vilem
1578 1956 1634 2003 et
1680 1947 1855 2003 Immi-

268 2033 375 2089 letn
403 2035 787 2091 homunculum
819 2036 1075 2106 intellige,
1108 2038 1196 2106 qui
1227 2037 1331 2091 huc
1362 2037 1562 2093 idcirco
1592 2040 1771 2106 venio,
1801 2050 1857 2095 ut

269 2125 368 2178 tibi
401 2125 542 2179 viam
569 2126 760 2180 bonam
793 2137 847 2181 et
874 2127 941 2180 ab
963 2127 1107 2180 omni
1130 2142 1315 2182 errore
1336 2127 1555 2182 liberam
1582 2143 1859 2185 common-

272 2227 467 2281 strem,
520 2227 675 2287 teque
725 2218 790 2272 ad
840 2220 1166 2287 sempiterna
1214 2229 1269 2274 et
1310 2235 1580 2289 nunquam
1628 2223 1858 2278 finienda

272 2307 414 2360 bona
443 2308 739 2373 traducum,
772 2310 1001 2378 illucque
1028 2311 1208 2364 omnia
1260 2319 1345 2364 tua
1395 2311 1687 2366 recondere
1730 2327 1859 2366 sua-

272 2398 452 2464 deam,
483 2409 778 2471 contraque
809 2410 858 2455 te
884 2401 953 2455 ab
978 2401 1268 2471 impnstore
1298 2405 1399 2456 hoc
1446 2403 1644 2457 mundo
1688 2403 1856 2460 abdu-

275 2507 410 2545 cam.
442 2492 611 2559 Quem
661 2495 873 2564 quidem
920 2495 1035 2564 ipse
1080 2509 1291 2565 quoque
1331 2496 1617 2563 aliquando
1664 2498 1861 2551 misere

277 2585 542 2650 amabam,
573 2586 799 2654 ejusque
826 2587 1129 2654 voluptates
1175 2597 1227 2639 et
1271 2586 1661 2641 oblectamenta
1714 2602 1860 2641 com-

275 2676 563 2745 plectebar.
608 2677 874 2733 Cmterum
926 2690 1047 2731 cum
1080 2676 1240 2731 rectis
1287 2678 1481 2732 mentis
1525 2677 1696 2733 oculis
1745 2678 1859 2732 ani-

275 2770 707 2835 madvertissem,
739 2769 1190 2840 quemadmodum
1222 2769 1273 2824 in
1306 2769 1390 2824 his
1418 2770 1581 2825 rebus
1612 2769 1859 2825 universa

272 2858 571 2914 mortalium
595 2860 699 2914 vita
722 2860 1039 2927 conteritur,
1056 2859 1173 2915 aliis
1192 2859 1441 2913 nimirum
1457 2860 1857 2927 accedenthus,

270 2953 392 3007 aliis
420 2953 823 3023 decedentibus,
856 2969 957 3010 nec
983 2955 1093 3010 ullo
1138 2954 1358 3010 omnino
1387 2953 1539 3007 firma
1586 2960 1640 3007 et
1680 2953 1860 3007 stabili

268 3048 399 3104 sede
423 3051 733 3116 constituto,
765 3049 866 3104 hoc
915 3057 1018 3115 est,
1068 3063 1170 3105 nec
1220 3047 1472 3103 divitibus
1521 3055 1576 3101 et
1624 3045 1855 3116 copiosis

269 3142 323 3195 in
351 3140 575 3209 Opibus,
622 3154 721 3195 nec
751 3140 1055 3211 potentibus
1097 3142 1149 3194 in
1191 3138 1427 3210 potentia
1454 3179 1469 3204 ,
1502 3152 1601 3194 nec
1647 3138 1857 3209 sapien-

1961 1944 2160 1998 misere
2209 1942 2349 1996 mala
2390 1940 2549 1994 bonis
2594 1938 2960 2007 prmferentes,
2991 1948 3053 1988 ac
3086 1930 3367 2001 probitatis
3419 1930 3539 1983 loco

1960 2036 2148 2089 vitium
2170 2040 2541 2089 consectantes
2560 2072 2573 2097 ,
2595 2044 2714 2086 sese
2735 2029 3096 2097 subjecerunt,
3119 2039 3213 2080 eos
3235 2025 3423 2088 ducat;
3448 2036 3545 2077 nec

1962 2127 2210 2195 quisnam
2243 2124 2463 2193 frigidos
2496 2122 2781 2176 multorum
2825 2135 2886 2175 ac
2934 2119 3257 2174 miserorum
3296 2116 3551 2171 laborum.

1963 2230 2183 2271 suorum
2214 2216 2419 2269 fructus
2448 2221 2769 2281 excepturus
2795 2211 2887 2278 sit,
2918 2210 3032 2266 hoc
3049 2216 3150 2272 est,
3184 2206 3540 2278 propinquus-

1966 2323 2033 2362 ne
2076 2322 2141 2360 an
2187 2306 2429 2369 alienus,
2481 2319 2543 2359 ac
2573 2317 2812 2373 persmpe
2842 2317 2909 2357 ne
2950 2302 3154 2356 amicus
3192 2298 3405 2369 quidem
3456 2304 3546 2351 aut

1965 2408 2144 2466 notus,
2175 2411 2357 2451 verum
2386 2395 2635 2449 inimicus
2664 2404 2718 2450 et
2748 2392 2934 2449 hostis.

2035 2487 2183 2551 llaec,
2211 2486 2453 2555 inquam,
2484 2485 2683 2549 omnia,
2704 2490 2759 2538 et
2774 2497 2891 2551 qua:
2909 2482 2992 2537 his
3012 2490 3371 2538 consentanea
3392 2486 3542 2545 sunt,

1961 2592 2081 2633 cum
2126 2576 2243 2646 ipse
2274 2577 2327 2631 in
2357 2575 2550 2630 animm
2595 2589 2729 2630 mea:
2757 2573 2875 2628 foro
2922 2573 3332 2643 disceptassem,
3382 2571 3547 2625 totius

1964 2668 2086 2722 vita:
2116 2682 2273 2733 meae,
2292 2681 2462 2736 quam
2483 2666 2536 2720 in
2561 2665 2722 2721 rebus
2747 2664 2899 2720 vanis
2920 2664 3247 2732 consumpsi,
3280 2677 3343 2716 ac
3368 2669 3535 2717 terre-

1964 2758 2048 2812 nis
2097 2758 2367 2813 laboribus
2413 2756 2660 2811 addictus
2712 2755 2967 2825 transegi,
3018 2754 3196 2808 odium
3249 2767 3335 2807 me
3381 2751 3545 2819 cepit;

1966 2850 2207 2920 Cumque
2257 2838 2443 2906 eorum
2493 2863 2732 2903 amorem
2771 2862 2837 2903 ex
2887 2846 3065 2901 animo
3106 2844 3460 2900 excussissem
3490 2850 3545 2895 et

1966 2942 2290 3013 ejecissem,
2344 2956 2407 2997 ea
2454 2955 2576 2995 sese
2628 2941 2799 2995 oculis
2848 2939 2982 2994 meis
3030 2938 3374 3001 obtulerunt,
3424 2949 3545 3005 qua:

1965 3049 2093 3090 vere
2120 3034 2259 3089 bona
2290 3042 2439 3098 sunt,
2472 3032 2574 3085 hoc
2620 3040 2724 3097 est,
2758 3031 2856 3086 Dei
2901 3040 3045 3085 metu
3078 3028 3354 3099 prteditum
3400 3041 3541 3091 esse,

1966 3134 2127 3195 atque
2167 3125 2333 3195 ipsius
2373 3122 2639 3179 voluntati
2684 3122 2930 3192 obsequi.
2962 3121 3093 3174 Nam
3146 3120 3245 3173 hoc
3282 3119 3542 3173 bonorum

268 3232 411 3286 ttbus
437 3231 491 3285 in
517 3209 800 3301 sapientia,
826 3247 925 3288 nec
954 3231 1021 3287 iis
1064 3209 1257 3303 quibus
1310 3244 1565 3301 prospere
1612 3244 1699 3285 res
1738 3243 1855 3285 suc.
1882 3221 1929 3283 C
1964 3219 2204 3273 omnium
2235 3225 2394 3286 caput
2422 3229 2542 3271 esse
2571 3220 2900 3283 compertum
2934 3211 3110 3267 habui.
3145 3209 3255 3264 Hoc
3282 3209 3427 3264 enim
3458 3221 3546 3262 sa—

265 3322 489 3389 cedunt,
520 3324 572 3377 in
601 3325 975 3394 prosperitate,
1004 3337 1106 3378 nec
1132 3322 1287 3377 luxui
1317 3322 1513 3378 deditis
1546 3321 1600 3375 in
1647 3324 1773 3377 luxu
1803 3329 1859 3376 et

266 3414 534 3481 cupediis,
561 3427 659 3469 nec
695 3414 759 3468 iis
802 3415 890 3483 qui
932 3428 1121 3471 secure
1162 3414 1262 3469 sibi
1291 3414 1478 3469 vivere
1511 3411 1777 3479 videntur,
1805 3412 1857 3466 in

266 3505 409 3559 inani
441 3518 539 3559 sua
566 3512 622 3560 et
650 3504 1069 3560 imbecillissima
1097 3505 1403 3570 securitate,
1426 3518 1525 3559 nec
1550 3503 1603 3558 in
1628 3502 1733 3558 ulla
1759 3502 1856 3557 alia

267 3610 327 3651 re
358 3610 424 3651 ex
452 3596 517 3652 iis
544 3610 663 3666 qua:
686 3595 927 3652 laudibus
945 3596 1258 3652 efferuntur.
1285 3595 1479 3650 Verum
1500 3596 1613 3650 haec
1638 3609 1726 3650 res
1750 3602 1860 3649 tor-

266 3687 501 3741 rentium
556 3702 811 3758 aquarum
871 3688 923 3765 in
979 3686 1296 3755 profundum
1356 3699 1504 3740 mare
1563 3684 1856 3740 labentium

268 3780 519 3836 transilui
546 3781 744 3837 similis
769 3789 851 3836 est
876 3795 891 3846 ;
920 3780 1108 3835 eodem
1135 3779 1278 3833 enim
1305 3778 1462 3833 modo
1490 3778 1631 3833 ﬂuxa
1658 3779 1781 3832 sint
1806 3786 1861 3832 et

270 3869 479 3943 fragilia
508 3875 690 3930 omnia
730 3873 1034 3944 praesentia.
1089 3872 1225 3927 llinc
1269 3870 1473 3926 scilicet
1520 3870 1633 3925 lucc
1681 3870 1859 3924 omnia

269 3977 405 4019 vana
435 3979 578 4031 esse,
626 3980 798 4036 neque
840 3964 1124 4035 quidquam
1178 3961 1418 4017 utilitatis
1465 3960 1663 4017 habere
1701 3959 1860 4015 intel-

269 4055 400 4112 lexi.
424 4056 563 4124 Quin
590 4057 769 4127 potius
793 4056 1233 4127 quemadmodum
1269 4056 1445 4125 priora
1494 4055 1675 4110 omnia
1722 4054 1856 4109 obli-

269 4146 429 4203 vione
454 4148 645 4203 obruta
665 4159 789 4204 sunt
817 4149 955 4219 (sive
978 4148 1200 4218 gloriam
1224 4146 1444 4214 dixeris,
1466 4147 1582 4202 sive
1607 4160 1855 4216 regnum,

269 4237 386 4292 sive
416 4236 735 4308 dignitatum
765 4237 1133 4308 splendorem,
1164 4238 1279 4292 sive
1306 4237 1561 4307 potentia:
1604 4237 1857 4305 amplitu-

271 4328 475 4395 dinem,
505 4331 619 4387 sive
646 4340 993 4409 tyrannorum
1021 4329 1321 4393 audaciam,
1373 4329 1489 4383 sive
1537 4327 1665 4398 quid
1712 4328 1857 4382 aliud

271 4423 514 4492 ejusdem
564 4424 822 4495 generis),
847 4422 1033 4479 eodem
1087 4420 1246 4475 modo
1296 4420 1580 4490 prmsentia
1645 4433 1859 4489 quoque

272 4519 489 4572 tandem
516 4526 755 4573 vetustas
782 4517 1109 4574 obscurabit.
1135 4516 1371 4584 Quorum
1402 4517 1454 4570 in
1484 4530 1708 4570 numero
1736 4530 1858 4569 cum

271 4606 390 4674 ipse
414 4622 627 4677 qucque
653 4608 778 4674 sim,
808 4616 1074 4663 consueta}
1105 4571 1462 4662 ifgmulaﬁoni
1490 4619 1710 4675 prorsus
1731 4604 1860 4660 sub-
1887 4583 1942 4643 Β
1966 4586 2171 4644 stolida:
2202 4586 2401 4641 fraudis
2444 4583 2658 4638 nomine
2687 4580 2942 4635 miserum
2987 4571 3313 4635 existimavi,

273 4698 451 4769 jicior.
501 4700 571 4755 Ut
595 4700 736 4755 enim
766 4700 830 4755 iis
857 4700 949 4768 qui
970 4706 1095 4754 ante
1120 4714 1204 4753 me
1234 4697 1590 4765 exstiterunt,
1621 4709 1861 4764 prasen-

272 4791 405 4845 timn
429 4804 610 4845 rerum
640 4789 997 4858 voluptatibus
1029 4797 1287 4857 perpetuo
1330 4788 1434 4842 frui
1477 4786 1701 4841 minimo
1728 4800 1861 4841 con-

273 4895 487 4936 cessum
513 4889 618 4947 est,
644 4880 723 4934 sic
773 4894 839 4934 ne
889 4876 1021 4932 mihi
1067 4878 1286 4947 quidem
1335 4876 1686 4932 concedetur.
1731 4875 1864 4930 Ani-

275 4972 539 5027 madverti
568 4971 732 5035 enim,
756 4967 1202 5034 quemadmodum
1237 4978 1495 5039 tyrannus
1525 4966 1612 5020 hic
1639 4979 1703 5019 ac
1746 4972 1861 5019 tur-

274 5064 526 5120 bulentus
554 5062 783 5118 mundus
814 5061 1059 5115 homines
1084 5069 1295 5122 tractet,
1328 5074 1425 5113 eos
1469 5057 1721 5112 nimirum
1754 5058 1858 5110 huc

275 5167 435 5228 atque
464 5156 591 5211 illuc
619 5156 917 5218 invertens,
947 5152 1046 5209 hos
1073 5150 1283 5205 scilicet
1306 5165 1371 5205 ex
1426 5149 1617 5219 opibus
1643 5147 1708 5202 ad
1736 5161 1861 5218 ege-

275 5261 495 5317 statem,
545 5248 667 5304 illos
714 5261 901 5303 rursus
948 5260 1014 5299 ex
1062 5241 1380 5314 gravissima
1428 5247 1748 5310 paupertate
1793 5239 1861 5292 ad

274 5343 523 5413 gloriam,
550 5340 647 5394 hos
669 5354 699 5395 e
728 5340 834 5393 vita
865 5337 1086 5403 ducens,
1120 5334 1238 5389 illos
1276 5348 1486 5387 rursum
1516 5346 1704 5389 eorum
1737 5331 1856 5385 loco

276 5433 328 5487 in
360 5433 523 5485 vitam
544 5430 850 5485 inducens:
880 5427 1152 5495 sapientes
1181 5422 1439 5492 quosdam
1472 5431 1526 5478 et
1554 5421 1860 5491 ingeniosos

279 5523 423 5579 viros
447 5522 755 5591 improbans
780 5535 842 5574 ac
871 5518 1143 5588 rejicieus,
1173 5530 1373 5584 eosque
1418 5514 1506 5583 qui
1555 5514 1608 5568 in
1657 5512 1860 5566 honore

277 5632 339 5670 ac
360 5616 649 5684 splendore
676 5624 847 5679 erant,
874 5618 1213 5680 contemptus
1237 5616 1291 5664 et
1334 5603 1691 5677 despicabiles
1739 5602 1859 5658 red-

278 5708 450 5775 dens;
482 5705 614 5761 alios
642 5713 827 5761 contra
857 5702 1168 5773 insipientes
1196 5715 1259 5755 ac
1303 5699 1526 5755 stolidos
1574 5696 1625 5751 in
1675 5693 1860 5762 gloriae

281 5802 476 5857 throno
506 5799 793 5865 collocans,
825 5795 983 5867 275
1011 5808 1212 5866 eosque
1242 5792 1330 5865 qui
1359 5790 1555 5862 abjecti
1587 5795 1640 5846 et
1668 5786 1860 5843 obscu~

1966 3308 2181 3378 pientiae
2210 3305 2419 3363 initium
2451 3321 2572 3362 esse
2600 3306 2815 3368 dieitur,
2843 3312 3002 3373 atque
3030 3302 3164 3357 adeo
3194 3295 3429 3371 perfecta
3462 3313 3546 3353 sa-

1964 3401 2185 3471 pientia.
2242 3400 2455 3455 Etenim
2488 3412 2737 3454 mmrons
2766 3409 2960 3465 expers
3007 3394 3112 3448 vita
3162 3400 3263 3456 est,
3295 3400 3453 3459 atque
3481 3390 3545 3442 ab

1962 3492 2110 3546 omni
2153 3489 2445 3546 offensione
2474 3488 2642 3543 libera
2672 3487 2737 3540 iis
2765 3486 2855 3555 qui
2884 3496 3001 3539 eam
3032 3484 3445 3550 amplectuntur,
3479 3488 3535 3532 et

1964 3581 2055 3652 qui
2085 3582 2134 3637 ei
2166 3588 2419 3648 tanquam
2450 3576 2679 3631 Domino
2710 3575 3025 3638 innituntur,
3078 3579 3190 3625 tuta
3221 3579 3275 3624 et
3303 3569 3370 3622 ab
3399 3564 3546 3621 omni

1966 3672 2204 3744 periculo
2247 3669 2520 3725 immunis.
2571 3670 2704 3722 Cum
2755 3667 2933 3734 itaque
2981 3662 3215 3717 animum
3254 3673 3429 3714 meum
3481 3659 3546 3711 ad

1962 3762 2164 3820 erroris
2206 3761 2381 3817 omnis
2412 3768 2683 3827 expertem
2731 3755 3107 3811 mandatorum
3155 3750 3365 3805 Domini
3408 3749 3573 3801 viam.

1963 3859 2299 3930 adjecissem,
2333 3854 2570 3920 nihilque
2599 3852 2651 3907 in
2691 3850 2824 3919 ipsis
2854 3849 3129 3918 obliquum
3159 3853 3214 3900 et
3242 3843 3545 3897 anfractuo~

1962 3964 2105 4015 sum,
2134 3963 2201 4003 ac
2246 3943 2593 4016 voraginibus
2642 3950 2697 3998 et
2726 3939 2959 4009 scopulis
3006 3948 3061 3994 et
3101 3936 3344 3993 sentibus
3373 3943 3428 3989 et
3457 3933 3549 3991 tri.-

1962 4043 2102 4098 bulis
2132 4041 2347 4111 plenum
2397 4051 2516 4093 esse
2559 4044 2709 4093 certo
2753 4032 3163 4102 comperissem,
3210 4040 3557 4095 verumearn

1963 4134 2184 4189 omnino
2229 4131 2440 4200 planam
2486 4137 2542 4183 et
2582 4123 2901 4195 mquabilem
2934 4135 3087 4184 esse;
3118 4134 3304 4175 eorum
3332 4116 3548 4186 quidem

1963 4226 2051 4296 qui
2082 4224 2221 4279 hanc
2264 4220 2636 4291 ingrediuntur
2665 4231 2760 4285 per
2787 4213 3117 4270 clarissimas
3144 4208 3549 4278 contemplatio-

1966 4330 2063 4372 nes
2092 4314 2278 4369 oculos
2303 4311 2665 4368 obiectantem
2687 4349 2703 4376 ,
2735 4304 3067 4375 pedibusque
3098 4298 3549 4371 pulchritudinem

1963 4407 2364 4470 conciliantem,
2392 4411 2555 4473 atque
2584 4413 2678 4455 eos
2703 4399 2767 4454 ad
2798 4394 3242 4465 praeparationem
3270 4390 3549 4459 Evangelii

1964 4494 2109 4565 pacis
2147 4496 2497 4558 calceantem,
2548 4504 2637 4545 me
2680 4489 2853 4557 ipsum
2902 4483 3098 4555 prioris
3130 4483 3438 4550 impostum
3487 4493 3551 4532 ac

3361 4584 3423 4624 ac
3453 4582 3552 4637 per

1970 4687 2171 4735 rectam
2200 4678 2340 4731 illam
2385 4674 2637 4731 incedere
2666 4682 2951 4741 aggressus
2997 4676 3341 4733 sum:quam
3388 4660 3549 4715 etiam

1970 4771 2174 4841 optimo
2195 4766 2329 4839 jure.
2346 4766 2509 4821 rebus
2533 4763 2782 4819 omnibus
2800 4759 3049 4824 antetuli,
3072 4766 3232 4825 atque
3259 4752 3548 4821 collapsam

1971 4873 2026 4917 et
2053 4860 2283 4915 dirutam
2314 4856 2510 4912 animae
2532 4868 2667 4911 meae
2695 4853 2912 4909 domum
2941 4851 3237 4906 instaurare
3262 4846 3421 4915 carpi.

2044 4954 2175 5008 Cum
2195 4965 2322 5021 ergo
2340 4949 2407 5005 ad
2428 4948 2571 5003 hunc
2596 4947 2810 5001 modum
2835 4942 2998 4999 rebus
3022 4942 3155 4996 meis
3177 4938 3541 5002 consulerem,

1970 5059 2033 5101 ac
2054 5044 2251 5099 mentis
2270 5040 2531 5097 lubricum
2555 5037 2828 5105 corrigere
2853 5033 3149 5096 studerem,
3178 5028 3435 5099 sapientis
3455 5042 3549 5085 cu-

1967 5136 2179 5206 jusdam
2202 5132 2438 5201 magistri
2461 5143 2649 5185 vocem
2670 5125 2867 5191 audivi,
2894 5125 3008 5177 hzec
3026 5122 3153 5175 mihi
3177 5120 3546 5177 inclamamls:

1949 5223 2320 5297 ‘Egredimini,
2371 5220 2562 5291 inquit,
2608 5231 2831 5283 omnes,
2863 5228 2999 5285 quos
3049 5212 3238 5268 salutis
3283 5211 3547 5280 cupiditas

1970 5327 2146 5381 tenet,
2176 5324 2335 5379 atque
2360 5326 2389 5366 a
2422 5305 2603 5365 mundi
2633 5310 2865 5363 vanitate
2889 5319 2985 5361 vos
3015 5312 3288 5360 removete
3307 5343 3321 5368 ,
3356 5303 3548 5357 transit

1970 5413 2113 5468 enim
2143 5408 2310 5478 ipsius
2340 5406 2507 5474 ﬁgura
2535 5401 2598 5474 (Ι
2634 5398 2751 5456 Car.
2784 5400 2901 5471 vn).
2928 5398 3046 5454 Jam
3073 5397 3314 5467 jamque,
3341 5403 3396 5449 et
3422 5407 3549 5449 ecce

1969 5517 2073 5557 non
2103 5497 2225 5555 erit.
2258 5494 2526 5550 lrretortis
2555 5491 2727 5547 oculis
2752 5490 3040 5554 excedite;
3073 5502 3177 5543 nec
3204 5495 3383 5542 tamen
3429 5483 3546 5539 ina-

1971 5609 2067 5650 nes
2089 5602 2142 5649 et
2162 5589 2338 5656 vacui,
2364 5601 2550 5643 verum
2570 5584 2911 5655 sempiterna:
2933 5581 3056 5637 vitae
3075 5580 3268 5636 viatica
3291 5579 3544 5632 ferentes.

1970 5685 2176 5743 Etenim
2206 5683 2420 5751 longum
2468 5679 2570 5733 iter
2597 5677 2748 5732 vobis
2794 5673 3085 5729 ineundum
3132 5678 3238 5735 est,
3291 5665 3544 5735 quodque

1970 5780 2134 5836 multo
2181 5774 2402 5848 hujusce
2446 5771 2569 5828 vitae
2618 5768 2811 5824 viatico
2843 5778 2974 5836 opus
3017 5764 3239 5826 habeat;
3273 5768 3430 5828 atque
3477 5756 3543 5811 ad

3589 1634 3604 1658 \
