4010 6250
474 404 579 458 £99

1477 397 1563 454 DE
1605 395 1782 453 VITIS
1826 389 2109 450 PATRUM
2152 388 2355 445 LlBER
2397 383 2666 442 PRIMUS.

3630 360 3728 418 50f)

475 521 860 591 sempiternum
905 520 1102 586 locum,
1134 517 1266 572 duas
1297 514 1574 584 regiones,
1605 513 1656 565 in
1688 509 1878 579 quibus
1909 522 2058 561 man-
2087 507 2137 565 Α
2165 505 2215 558 in
2271 499 2588 569 Evangelico
2631 496 2905 553 volumine
2955 494 3184 548 inculcat
3235 489 3447 559 fMaUh.
3479 494 3630 555 xxv).
3666 486 3745 540 Ad

476 615 659 668 siones
685 613 868 666 multze
895 614 1001 665 sint
1032 607 1082 678 (I
1113 608 1230 661 Cor.
1264 607 1345 670 tt),
1377 604 1681 665 habcn'em,
1717 596 2058 666 pervenietis.

477 704 712 771 Quarum
755 704 976 756 alteram
1025 699 1237 767 quidem
1271 697 1410 749 Dens
1460 695 1524 746 iis
1553 695 1642 761 qui
1677 692 1845 760 ipsius
1875 703 2059 741 amore

478 798 724 868 ﬂagrant,
749 796 966 865 ejusque
992 791 1257 845 mandatis
1285 789 1682 855 obtemperant,
1708 782 2052 851 praeparavit,

479 893 726 949 omnibus
753 891 906 944 bonis
937 889 1212 942 florentem
1246 892 1301 935 et
1330 880 1818 935 eireurufluentem.

549 984 629 1039 Ad
662 998 818 1052 quam
863 981 948 1048 qui
997 977 1177 1031 divino
1207 974 1474 1028 beneficio
1523 971 1872 1023 admittuntur
1923 965 2059 1035 (Isa.

479 1074 673 1141 xxxv),
693 1073 743 1125 in
763 1069 1080 1136 sempiterna
1101 1063 1500 1132 incorruptione
1520 1061 1737 1127 degunt,
1763 1068 1818 1111 ut
1847 1059 1936 1127 qui
1966 1059 2065 1110 im-

484 1163 808 1217 mortalitate
858 1158 1105 1213 interitus
1148 1155 1323 1209 omnis
1355 1162 1581 1222 experte
1616 1153 1880 1214 fruantur,
1925 1150 2066 1204 unde

483 1253 665 1320 effugit
683 1252 858 1314 dolor,
884 1249 1096 1302 tristitia
1122 1256 1173 1301 et
1188 1245 1436 1314 gemitus.
1461 1243 1638 1296 Altera
1656 1251 1831 1297 autem
1856 1257 1973 1308 quae
1999 1252 2067 1294 te-

482 1345 660 1398 nebris
685 1353 736 1396 et
758 1340 1060 1394 calami-tate
1081 1380 1094 1402 ,
1122 1353 1184 1390 ac
1219 1337 1406 1390 dolore
1425 1335 1664 1388 conferta
1691 1342 1771 1387 est
1799 1372 1815 1398 ,
1854 1331 2066 1386 diabolo

482 1444 537 1490 et
565 1434 767 1505 angelis
806 1431 920 1500 ej'u's
958 1438 1139 1499 parata
1170 1437 1270 1482 est.
1303 1427 1358 1481 In
1392 1441 1550 1495 quam
1579 1425 1742 1478 etiam
1774 1422 2070 1488 conjicien-

482 1537 588 1590 tur,
621 1526 708 1594 qui
739 1540 832 1594 per
861 1523 1155 1590 flagitiosas
1186 1519 1426 1573 actiones
1455 1532 1572 1570 eam
1605 1515 1706 1569 sibi
1740 1515 2068 1568 conciliave-

484 1617 611 1684 rint,
644 1625 801 1683 atque
829 1614 898 1666 ab
922 1611 1140 1665 interitu
1163 1610 1336 1662 aliena
1360 1616 1415 1660 et
1440 1607 1764 1674 sempiterna
1790 1605 1924 1658 bona
1948 1620 2068 1658 cum

485 1710 842 1779 prmsentibus
870 1705 1292 1771 commutarint,
1328 1711 1574 1772 totosque
1603 1715 1722 1755 sese
1752 1700 1888 1769 ignis
1917 1709 2070 1754 aeter-

488 1803 542 1856 ni
577 1802 824 1870 pabulum
855 1800 1158 1854 effecerint.

2166 593 2306 646 hunc
2380 591 2591 644 scilicet
2659 586 2874 640 modum
2934 599 3096 655 quant
3171 582 3438 635 tutissime
3507 577 3746 631 fortunas

2165 694 2282 738 tuas
2327 699 2513 738 omnes
2547 698 2639 746 rer
2685 684 2952 749 egentium
2987 693 3177 732 manus
3221 679 3349 731 illuc
3399 674 3724 744 prtemiseris

2164 776 2297 830 Nam
2345 775 2595 842 quidquid
2643 773 2694 826 in
2739 787 2805 825 eo
2837 769 3081 824 beneficii
3125 769 3439 831 contuleris,
3493 764 3748 818 Dominus

2165 869 2265 922 sibi
2295 870 2586 932 asciscens,
2611 881 2802 933 magno
2823 881 2942 920 cum
2970 862 3178 918 ftenore
3225 862 3316 914 tibi
3349 859 3628 928 rependet.
3664 857 3748 910 Et-

2167 960 2309 1013 enim
2361 973 2455 1011 eos
2484 961 2570 1025 qui
2604 958 2772 1025 ipsius
2801 971 2986 1009 amore
3023 953 3227 1021 ιιι-ωᾱὶιί
3281 961 3427 1013 sunt,
3460 948 3749 1006 beneficio-

2168 1066 2286 1104 rum
2342 1048 2864 1103 remnneratiouibus
2911 1061 3125 1114 semper
3155 1053 3391 1111 superat.
3446 1041 3527 1095 Ad
3574 1041 3745 1107 hunc,

2168 1129 2415 1209 inquam,
2447 1140 2661 1193 modum
2697 1139 2852 1206 hujus
2874 1138 3077 1202 satcnli,
3111 1136 3197 1188 cui
3215 1130 3316 1189 diu
3356 1135 3466 1202 jam
3505 1149 3609 1185 non
3641 1132 3751 1187 sine

2173 1232 2372 1301 ingenti
2423 1232 2714 1285 afflictione
2753 1231 2998 1292 servisti,
3051 1229 3315 1294 surreptis
3358 1225 3660 1290 thesauris,
3689 1241 3751 1281 ex

2173 1324 2257 1378 his
2304 1325 2559 1392 praeclare
2592 1323 2847 1376 viaticum
2889 1321 2982 1374 tibi
3017 1320 3072 1373 in
3107 1319 3342 1372 futurum
3384 1317 3748 1386 comparabis,

2173 1429 2331 1488 atque
2371 1421 2548 1472 alieno
2595 1433 2688 1472 eos
2717 1418 2977 1486 eripiens,
3012 1416 3106 1469 tibi
3156 1415 3252 1483 ipsi
3304 1413 3452 1483 prius
3475 1410 3750 1476 recuttdes,

2175 1532 2271 1586 per
2301 1515 2438 1569 fluxa
2473 1526 2665 1578 nempe
2691 1521 2744 1565 et
2777 1509 2976 1563 caduca
3022 1508 3134 1560 ltzec
3164 1507 3299 1559 bona
3320 1547 3333 1566 .
3365 1519 3427 1558 ea
3456 1517 3578 1571 qua:
3610 1503 3753 1554 firma

2175 1617 2226 1661 et
2258 1605 2470 1659 stabilia
2503 1613 2625 1656 sunt
2647 1617 2852 1656 emeris.
2882 1599 3081 1654 Deinde
3102 1607 3306 1661 autem,
3339 1596 3448 1649 Deo
3475 1593 3572 1647 tibi
3596 1607 3751 1658 opem

2176 1699 2403 1761 ferente,
2439 1697 2597 1766 hujus
2646 1695 2828 1749 mundi
2867 1679 3306 1747 incertitudinem
3344 1698 3398 1742 et
3447 1687 3755 1741 inconstan-

2180 1795 2305 1846 tiam
2339 1791 2630 1862 perSpicies
2661 1806 2674 1842 :
2704 1788 3059 1856 omnibusque
3083 1787 3243 1841 rebus
3271 1784 3450 1838 valere
3470 1781 3658 1850 jussis,
3693 1779 3758 1834 ad

560 1892 669 1946 Hac
689 1906 787 1962 ego
808 1905 942 1945 voce
963 1883 2073 1958 audita,atqueipsiusvcritateintellecta,
2108 1876 2151 1936 B
2182 1887 2412 1941 futurum
2465 1895 2517 1938 te
2565 1881 2887 1945 transferes,
2946 1890 3107 1946 atque
3152 1893 3214 1932 ea
3263 1892 3379 1946 quae
3435 1878 3757 1944 pratereunt

488 1983 540 2037 in
565 1983 836 2037 hocunutn
855 1997 987 2050 opus
1005 1981 1245 2044 incubui,
1273 1988 1331 2033 ut
1348 1979 1414 2032 ad
1437 1979 1565 2032 illud
1590 1977 1880 2044 hospitium
1898 1988 2072 2042 perve-

491 2074 658 2128 nirem
696 2073 834 2143 quod
866 2073 1010 2127 omni
1041 2073 1226 2126 dolore
1253 2081 1307 2126 et
1333 2070 1585 2126 mtestitia
1618 2078 1788 2136 vacat,
1828 2077 2074 2137 tantaque

490 2174 674 2218 contra
721 2164 1005 2219 securitate
1055 2179 1116 2216 ac
1139 2164 1299 2217 tantis
1330 2162 1482 2216 bouis
1504 2171 1670 2216 scatet
1695 2178 1708 2214 :
1733 2175 1956 2229 quorum
1986 2173 2077 2212 co-

491 2256 658 2325 gnitio
703 2272 843 2310 nunc
889 2256 1016 2311 mihi
1061 2256 1316 2309 duntaxat
1339 2270 1401 2309 ex
1439 2263 1587 2323 parte
1618 2263 1693 2309 est
1716 2294 1731 2319 ,
1763 2261 1821 2307 ut
1850 2253 1935 2321 qui
1969 2252 2079 2320 spi-

494 2351 702 2404 ritual-is
745 2351 915 2403 artatis
992 2351 1198 2403 ratione
1249 2365 1379 2415 puer
1427 2349 1526 2403 sint
1560 2389 1575 2411 ,
1643 2362 1721 2399 .ae
1774 2346 1920 2398 velut
1986 2360 2079 2413 per

493 2443 707 2510 specula
764 2444 1021 2496 dnu'axat
1081 2450 1138 2496 et
1202 2443 1478 2508 mnigtnata
1548 2454 1633 2492 res
1700 2439 1891 2492 futurm
1954 2438 2078 2491 vita:

496 2533 835 2614 perspiciam.
868 2533 997 2586 Cum
1026 2541 1207 2586 autem
1237 2532 1444 2586 venerit
1469 2530 1611 2599 quod
1645 2529 1938 2598 perfectum
1973 2539 2076 2595 est,

495 2642 559 2681 ac
587 2626 726 2681 facie
753 2626 818 2679 ad
850 2626 1038 2679 faciem
1069 2637 1389 2693 cognoscam
1415 2667 1428 2690 ,
1463 2631 1571 2675 tum
1605 2621 1817 2675 demunt
1845 2635 2079 2674 evacua-

496 2719 639 2773 bitur
662 2718 800 2786 quod
847 2731 914 2769 ex
947 2724 1097 2784 parte
1128 2724 1211 2770 est
1243 2713 1290 2785 (ι
1321 2713 1441 2768 Cor.
1467 2711 1612 2781 xm).
1645 2713 1762 2777 Quo
1790 2712 1928 2765 eirea
1959 2724 2080 2779 gra-

497 2810 604 2880 tias
634 2804 731 2877 ago
755 2807 863 2886 Deo
886 2823 981 2876 per
1009 2806 1188 2862 Jesum
1213 2804 1486 2859 Christum
1511 2804 1794 2856 Dominum
1817 2812 2077 2855 nostrum.

499 2902 713 2955 Etenim
746 2900 826 2954 lex
869 2900 1086 2969 spiritus
1119 2899 1242 2953 vita:
1289 2898 1342 2952 in
1375 2897 1589 2950 Christo
1615 2897 1766 2958 Jesu,
1801 2911 1835 2961 τι¹
1877 2893 2080 2961 peccati

499 3002 554 3046 et
583 2992 765 3046 mortis
793 2993 909 3060 lege
941 3007 1026 3046 me
1056 2991 1320 3054 liberavit,
1360 2990 1653 3060 oculosque
1679 3001 1827 3042 mens
1849 2985 2078 3054 aperuit,

503 3097 562 3139 ut
591 3086 767 3140 carnis
797 3085 1042 3139 affectum
1076 3091 1303 3137 mortem
1336 3095 1478 3144 esse,
1528 3079 1749 3149 Spiritus
1797 3087 1974 3131 autent
2005 3076 2083 3129 af.

501 3176 699 3230 fectum
722 3178 885 3230 vitam
910 3184 962 3228 et
986 3189 1189 3241 pacem,
1215 3171 1417 3241 liquido
1437 3184 1711 3224 cernerem
1737 3168 1914 3236 (flant.
1941 3167 2079 3234 vnt).

2181 1982 2294 2048 ipse
2326 1979 2664 2048 prmterietts,
2698 1976 2868 2044 iisque
2900 1975 3059 2027 rebus
3104 1987 3222 2040 quae
3269 1971 3317 2023 in
3359 1985 3450 2037 spe
3480 1968 3666 2036 posita:
3697 1979 3759 2016 ac

2181 2067 2347 2120 firmae
2378 2073 2522 2133 sunt,
2572 2074 2623 2118 te
2672 2063 2947 2124 addicens,
3003 2061 3356 2125 tenebrasque
3397 2071 3517 2110 eum
3570 2053 3761 2107 mortis

2180 2158 2368 2211 umbra
2394 2158 2720 2223 relinquens,
2754 2152 2985 2221 odioque
3017 2160 3128 2203 tum
3162 2149 3415 2202 mundum
3443 2157 3551 2199 tum
3579 2141 3762 2198 mundi

2181 2250 2477 2318 prittcipt'm
2508 2248 2798 2304 insectans,
2842 2256 3165 2309 carnemque
3208 2239 3446 2294 interitui
3479 2236 3765 2291 obnoxiam

2182 2341 2391 2396 hostem
2424 2340 2516 2394 tibi
2567 2353 2686 2391 esse
2715 2337 2949 2401 ducens,
2999 2336 3065 2388 ad
3118 2334 3290 2387 lucem
3339 2328 3764 2384 inaccessibilth

2181 2448 2430 2489 accurres
2481 2429 2548 2502 (1
2582 2431 2715 2483 Tim.
2763 2429 2875 2498 vt),
2931 2442 3198 2496 cruceque
3248 2423 3486 2481 humeris
3531 2420 3762 2482 sublata.

2181 2527 2450 2581 Christum
2505 2523 2770 2578 irretortis
2813 2521 2985 2573 oculis
3015 2519 3282 2586 sequeris,
3333 2525 3390 2568 ut
3436 2515 3600 2568 etiam
3645 2528 3766 2565 cum

2184 2619 2300 2686 ipso
2330 2617 2463 2686 glori
2476 2615 2664 2678 ticeris,
2702 2614 2953 2682 vitmque,
2981 2625 3084 2664 non
3107 2608 3217 2678 jam
3241 2606 3459 2663 caduca:
3485 2615 3541 2660 et
3560 2602 3768 2658 fallacia

2185 2713 2357 2765 haeres
2387 2706 2665 2762 efficiaris.
3368 2685 3372 2688 ’

2254 2801 2511 2870 Josapbat
2540 2800 2718 2865 itaque
2747 2799 2812 2852 ad
2843 2813 2964 2853 eum
2995 2798 3069 2851 ait
3098 2815 3110 2851 :
3137 2795 3284 2851 Istud
3329 2794 3502 2861 ipsum
3525 2833 3539 2858 ,
3575 2803 3769 2856 nempe

2185 2892 2368 2946 omnia
2401 2906 2497 2959 pro
2525 2889 2691 2944 nihilo
2723 2898 2932 2958 putare,
2967 2897 3128 2955 atque
3160 2899 3332 2954 usque
3363 2883 3499 2936 adeo
3521 2892 3766 2948 asperum

2184 2984 2308 3036 vitae
2339 2983 2506 3051 genus
2555 2979 2866 3049 suscipere,
2918 2975 3371 3047 quemadmodum
3414 2971 3664 3039 superius
3693 2968 3768 3022 di-

2186 3076 2330 3138 xisti,
2363 3082 2586 3129 vetusne
2615 3072 2917 3126 institutum
2942 3079 3046 3136 est,
3073 3072 3140 3124 ab
3167 3068 3533 3139 apostolorum
3562 3063 3766 3118 doctri-

2188 3186 2252 3225 na
2286 3183 2540 3235 mauans,
2571 3183 2640 3222 an
2683 3181 2876 3221 recens
2903 3165 3097 3220 mentis
3123 3171 3316 3218 vestrae
3360 3160 3582 3214 solertia
3609 3170 3774 3212 exco-

503 3268 964 3346 QuemadmOdum
998 3267 1156 3346 ῖὲίῑυτ
1184 3281 1284 3332 €30
1311 3262 1654 3331 Pm’semium
1689 3275 1866 3313 rerum
1899 3258 2078 3327 οοεηί·
2108 3261 2155 3320 C
2189 3266 2443 3336 gitatum;
2479 3274 2726 3332 tanquam
2759 3261 2962 3315 scilicet
2987 3260 3184 3324 hoc,ut
3212 3256 3398 3310 melius
3427 3268 3491 3308 ac
3519 3259 3775 3321 praestat»

592 3361 842 3427 vanitate,
877 3342 1112 3427 perfecto
1161 3356 1285 3408 odio
1336 3369 1429 3407 eas
1458 3353 1642 3417 habui,
1673 3352 1862 3406 eodem
1903 3350 2081 3417 modo,

511 3465 567 3506 ut
596 3452 661 3504 de
687 3451 818 3518 ipsis
844 3439 1148 3510 existimes,
1183 3457 1232 3501 te
1255 3460 1467 3507 moneo,
1496 3454 1657 3512 atque
1683 3459 1809 3513 erga
1834 3457 1945 3502 eas,
1981 3456 2084 3494 non

510 3556 666 3596 secus
694 3555 756 3593 ac
779 3538 1002 3604 alienas,
1037 3546 1089 3590 et
1111 3552 1268 3603 quant
1297 3536 1524 3600 primunt
1550 3535 1862 3588 diffluxuras
1883 3532 2088 3586 afﬁcia-

509 3636 606 3699 ris;
626 3641 785 3701 atque
804 3632 924 3685 hinc
941 3630 1140 3698 ereptis
1160 3627 1408 3681 omnibus
1423 3626 1788 3690 facultatibus,
1807 3627 1858 3676 in
1880 3626 2091 3678 immor-

508 3725 602 3778 tali
632 3739 768 3787 aevo,
819 3722 885 3775 ad
933 3720 1074 3790 quod
1109 3717 1196 3772 tibi
1230 3719 1347 3772 sine
1375 3717 1481 3771 ulla
1517 3732 1662 3770 mora
1696 3716 1963 3784 proficisci
1997 3732 2092 3770 ne-

509 3833 660 3873 cessc.
686 3825 790 3884 est,
821 3814 1129 3867 thesaurum
1163 3811 1248 3879 qui
1281 3809 1424 3862 furto
1448 3807 1725 3876 compilari
1755 3817 2006 3875 nequeat,
2037 3815 2092 3860 et

512 3910 678 3981 276
703 3923 832 3973 epes
879 3919 995 3973 qum
1042 3902 1313 3958 exhauriri
1347 3900 1497 3953 nullo
1532 3899 1692 3952 modo
1723 3901 1947 3968 possint,
1998 3899 2092 3951 tibi

512 3996 771 4070 recondas
804 3995 956 4066 (Luc.
984 4010 1053 4047 xu
1077 4010 1090 4059 ;
1125 3991 1314 4045 Matth.
1344 3991 1447 4060 vt),
1472 3998 1528 4042 ttt
1547 4003 1665 4041 cum
1690 4003 1754 4042 eo
1776 3987 2086 4051 accesseris,

516 4073 922 4156 haudquaquam
949 4083 1164 4152 penuria
1184 4084 1415 4146 labores,
1443 4095 1627 4133 verum
1652 4079 1840 4147 Opibus
1864 4077 2096 4132 circum-

519 4186 682 4257 tluas,
714 4177 1160 4248 quemadmodum
1195 4176 1289 4230 tibi
1320 4173 1656 4240 aptissimam
1691 4171 1972 4240 imaginem
2005 4183 2095 4223 su-

516 4277 694 4347 perius
717 4273 988 4343 proposui.
1813 4259 1816 4262 ⁴

538 4355 541 4358 ’
587 4369 715 4423 CAP.
741 4367 856 4422 XV.
878 4395 946 4404 —
966 4363 1109 4418 Dixit
1133 4373 1310 4416 autem
1335 4359 1591 4430 Josaphat
1613 4359 1678 4412 ad
1701 4371 1883 4411 senem
1914 4375 1926 4408 :
1955 4355 2097 4422 Qua-

523 4475 645 4513 nam
679 4447 843 4528 igitur
874 4466 1080 4514 ratione
1115 4454 1462 4524 pecuniarum
1498 4449 1777 4504 thesauros
1807 4447 1934 4499 illuc
1960 4459 2098 4514 pra:-

521 4553 734 4606 mittere
764 4564 977 4620 queam,
1008 4557 1064 4601 ut
1098 4560 1308 4603 eorum.
1343 4559 1460 4597 cum
1495 4541 1617 4594 hinc
1648 4539 1952 4601 abcessero,
1992 4538 2102 4590 fru-

2191 3358 2315 3415 tius.
2345 3357 2499 3412 vobis
2528 3354 2940 3424 amplexandum
2972 3350 3276 3404 duxeritis.’

2262 3450 2443 3504 Senex
2477 3457 2652 3500 autem
2677 3447 2784 3502 ait:
2810 3443 2922 3497 Non
2955 3457 3146 3497 recens
3177 3441 3447 3494 inductam
3473 3437 3643 3505 legem
3677 3437 3775 3490 tibi

2193 3540 2356 3593 affero
2383 3535 2753 3606 (absitistud),
2787 3551 2970 3589 verum
3004 3533 3296 3598 antiquitus
3321 3529 3472 3582 nobis
3500 3528 3776 3584 traditam.

2194 3632 2330 3686 Dixit
2353 3631 2494 3686 enim
2522 3628 2777 3683 Dominus
2799 3627 2861 3679 ad
2883 3627 3097 3679 divite'n
3126 3623 3431 3692 quemdam,
3457 3622 3543 3690 qui
3567 3637 3628 3673 ex
3661 3620 3773 3686 ipsa

2194 3720 2614 3792 percontabatur
2638 3719 2888 3787 quidnam
2915 3717 3013 3769 sibi
3045 3691 3341 3769 faciendum
3364 3691 3507 3766 esset
3528 3719 3581 3763 ut
3611 3711 3767 3762 vitam

2196 3799 2394 3867 aztet‘na
2405 3827 2452 3864 ιιι
2472 3819 2911 3879 consequeretur,
2931 3807 3273 3874 jactabalque
3291 3819 3349 3858 se
3365 3813 3550 3857 cuncta
3582 3815 3695 3870 qute
3719 3798 3773 3852 itt

2195 3909 2314 3973 lege
2343 3909 2540 3976 scripta
2572 3915 2723 3960 erant
2753 3919 3018 3959 servasse.
3074 3901 3246 3956 Unum
3280 3901 3373 3954 tibi
3398 3900 3571 3959 deest,
3604 3894 3740 3948 vade
3763 3936 3778 3956 ,

2196 3999 2369 4054 vende
2400 3997 2579 4051 omnia
2604 4012 2720 4064 qua:
2754 3994 2938 4056 habes,
2973 4002 3027 4046 et
3053 3993 3116 4045 da
3148 3990 3491 4057 pauperibus,
3537 3996 3592 4041 et
3616 3985 3778 4039 habes

2197 4091 2279 4144 bis
2319 4091 2630 4144 thesaurum
2666 4089 2716 4139 in
2748 4087 2906 4150 coelo,
2957 4093 3009 4137 et
3036 4083 3178 4147 veni,
3215 4097 3294 4144 ac,
3327 4081 3536 4133 sublata
3585 4091 3767 4138 cruce,

2199 4197 2285 4236 me
2311 4194 2556 4247 sequi-re.
2593 4177 2797 4239 Atille,
2852 4176 2934 4228 his
2983 4174 3198 4232 auditis.
3247 4171 3499 4226 maestitia
3551 4168 3782 4221 affectus

2201 4281 2305 4330 est.
2359 4273 2489 4325 Erat
2515 4271 2658 4324 enim
2707 4267 2996 4322 admodum
3044 4266 3216 4318 dives.
3249 4263 3379 4316 Cum
3425 4261 3585 4326 igitur
3631 4259 3785 4312 Jesus

2201 4380 2324 4420 eum
2358 4377 2587 4418 maerore
2618 4359 2865 4414 affectum
2899 4356 3138 4419 vidisset,
3167 4353 3302 4408 dixit
3327 4371 3340 4407 :
3365 4352 3533 4416 Quam
3564 4348 3787 4402 difficile

2203 4458 2238 4510 ii
2269 4455 2355 4524 qui
2378 4453 2635 4524 pecunias
2668 4451 2862 4504 habent
2909 4446 3184 4500 intrabunt
3213 4444 3266 4496 in
3298 4457 3515 4508 regnum
3547 4440 3678 4501 Dei;
3714 4440 3788 4490 fa-

2203 4545 2358 4600 cilius
2387 4544 2532 4597 enim
2565 4549 2646 4594 est
2674 4539 2937 4594 camelum
2966 4550 3058 4603 per
3087 4535 3319 4586 foramen
3350 4529 3476 4583 ae‘us
3528 4531 3788 4584 transire.

518 4654 662 4699 ctum
693 4644 761 4694 3b
805 4640 946 4692 omni
1001 4637 1137 4691 furto
1169 4648 1218 4692 et
1254 4636 1468 4690 interitu
1501 4635 1735 4686 alienum
1781 4630 2092 4692 nanciscar;
2133 4643 2178 4698 D
2205 4652 2364 4706 quam
2398 4633 2615 4689 divitem
2646 4631 2849 4684 intrare
2880 4629 2930 4681 in
2965 4642 3184 4692 regnum
3219 4624 3308 4677 Dei
3335 4621 3525 4690 (Marc.
3560 4635 3590 4672 Χ
3616 4635 3630 4682 ;
3661 4617 3785 4670 Luc.

519 4749 859 4807 quonamque
908 4732 1031 4786 item
1083 4739 1237 4798 pacto
1311 4743 1488 4781 meum
1561 4727 1614 4780 in
1671 4739 1754 4778 res
1807 4731 2098 4791 praesentes

518 4815 699 4884 odium
748 4829 1150 4884 demonstrare,
1203 4838 1396 4891 resque
1441 4821 1794 4889 sempiternas
1841 4817 2099 4886 consequi

516 4921 738 4990 possim,
771 4930 955 4991 aperte
987 4917 1116 4970 mihi
1153 4915 1312 4969 velim
1339 4913 1594 4982 explices.
1631 4913 1720 4965 Ait
1767 4911 1930 4979 igitur
1964 4911 2097 4963 Bar-

518 5015 654 5078 laam
684 5031 696 5066 :
725 5012 933 5066 Divitiae
966 5011 1030 5064 ad
1064 5009 1442 5081 sempiternam
1477 5007 1746 5074 regionem
1777 5019 1871 5071 per
1905 5019 2102 5072 paupe-

519 5121 638 5158 rum
670 5117 861 5156 mauus
892 5101 1310 5170 praemittuntur.
1345 5099 1430 5151 Ait
1461 5096 1602 5149 enim
1635 5095 1850 5162 quidam
1884 5096 2104 5160 sapien-

521 5195 759 5250 tissimus
791 5195 1068 5262 propheta,
1103 5192 1285 5247 Daniel
1319 5192 1570 5251 nom’ne,
1605 5188 1669 5240 ad
1704 5203 1881 5254 regem
1933 5187 2105 5257 Baby-

520 5287 661 5350 lonis
694 5303 710 5340 :
739 5287 965 5352 PrOpter
998 5285 1118 5348 huc,
1176 5300 1291 5346 rex,
1325 5282 1608 5342 consilium
1652 5295 1832 5332 meum
1867 5279 1959 5330 tibi
1995 5279 2108 5344 pla-

522 5385 659 5439 ceat,
697 5385 748 5428 et
781 5382 994 5441 peccata
1037 5384 1120 5425 tua
1169 5373 1524 5441 eleetnosynis
1557 5372 1783 5432 redime,
1831 5378 1994 5435 atque
2024 5366 2108 5419 in-

521 5466 762 5538 justitias
783 5475 896 5518 tuas
915 5464 1414 5517 inmiscrationibus
1439 5476 1728 5530 pauperum
1754 5459 1985 5527 (Daniel.
2011 5458 2105 5528 tv).

529 5557 668 5625 Quin
700 5557 860 5611 etiam
889 5555 1137 5624 salvator
1168 5554 1248 5606 his
1295 5554 1475 5608 verbis
1505 5553 1668 5605 utitur
1698 5569 1710 5604 :
1736 5550 1912 5604 Facite
1955 5549 2107 5603 vobis

527 5650 734 5706 amicos
767 5649 834 5703 de
865 5662 1166 5702 mammona
1196 5647 1509 5715 iniquitatis,
1543 5654 1601 5698 ut
1631 5660 1750 5700 cum
1779 5643 2105 5712 defeceritis.

529 5744 792 5811 recipiant
842 5741 992 5795 vobis
1043 5742 1095 5794 in
1147 5748 1342 5795 {eterna
1378 5737 1720 5791 tabernacula
1763 5735 1924 5804 (an.
1958 5735 2102 5797 xvi).

531 5830 797 5906 Sibilaque
830 5834 896 5890 de
926 5835 1266 5904 elcemosyno
1299 5840 1350 5887 ct
1383 5830 1662 5899 largitione
1694 5843 1816 5897 erga
1848 5841 2107 5896 pauperes

2207 4730 2387 4792 xvtn).
2421 4727 2529 4779 lloc
2554 4724 2716 4793 igitur
2744 4721 2994 4774 mandato
3029 4717 3235 4777 audito,
3287 4712 3456 4766 sancti
3509 4726 3704 4764 omnes
3738 4709 3788 4762 id

2205 4820 2546 4881 studuerunt,
2581 4824 2632 4867 ιιι
2667 4813 2732 4867 ab
2781 4808 3083 4878 huiusmodi
3128 4820 3288 4873 opum
3331 4802 3646 4856 difficultate
3673 4815 3790 4853 sese

2208 4908 2602 4970 abstrahereut,
2634 4917 2697 4956 ac
2730 4916 2824 4970 per
2854 4899 3192 4967 largitionem
3219 4908 3346 4962 erga
3381 4907 3668 4961 pauperes,
3711 4892 3791 4942 di-

2206 5002 2408 5071 spersis
2437 4997 2688 5052 omnibus
2721 4991 3087 5052 facultatibus,
3121 4986 3572 5054 sempiternisque
3594 4983 3793 5035 divitiis

2208 5098 2309 5152 sibi
2343 5094 2470 5163 ipsis
2503 5074 2814 5150 reconditis,
2861 5097 3074 5138 crucem
3108 5081 3460 5139 sustulerunt,
3492 5076 3795 5130 Christum~

2209 5203 2312 5256 que
2342 5183 2508 5240 secuti
2555 5189 2714 5242 sunt;
2745 5177 2821 5230 sic
2870 5174 3122 5229 nimirum
3154 5181 3211 5224 ut
3241 5170 3480 5238 quidam,
3514 5168 3660 5220 velut
3689 5167 3794 5227 jam

2211 5295 2240 5332 a
2270 5293 2354 5332 me
2383 5276 2583 5330 dictum
2617 5279 2721 5335 est,
2756 5265 3015 5335 martyrio
3060 5262 3530 5332 perfungereutnr,
3581 5257 3794 5325 quidam

2211 5381 2386 5423 autem
2421 5367 2684 5436 religiosa:
2713 5363 2836 5414 vita:
2868 5355 3254 5413 exercitatione
3286 5360 3688 5414 concertarent,
3721 5359 3796 5400 at-

2214 5476 2340 5530 que.
2373 5470 2627 5527 quantum
2655 5455 2719 5508 ad
2747 5468 2887 5506 verre
2913 5449 3130 5514 hujusce
3154 5444 3511 5516 philosophiae
3533 5444 3795 5494 rationein

2215 5551 2424 5612 attinet,
2459 5547 2626 5600 nihilo
2659 5545 2763 5598 illis
2791 5540 3077 5596 inferiores
3124 5546 3326 5592 essent.
3377 5534 3639 5601 Quocirca
3671 5530 3796 5585 illud

2216 5644 2352 5695 scias
2380 5641 2561 5703 velint,
2595 5639 2751 5706 Regis
2783 5635 2956 5690 nostri
2980 5648 3042 5687 ac
3071 5631 3164 5686 Dei
3194 5628 3502 5682 mandatum
3532 5625 3637 5680 hoc
3657 5638 3796 5687 esse,

2219 5751 2312 5803 per
2342 5734 2481 5803 quod
2517 5732 2763 5787 homines
2792 5730 3243 5801 sempiternorum
3275 5726 3542 5780 bonorum
3585 5715 3799 5790 partiob

2220 5843 2312 5896 pes
2342 5825 2653 5882 redduntur.
