4010 6246
286 294 380 347 501

716 292 878 348 ἮΤΑ
920 292 1339 349 SANCTORUM
1388 290 1713 347 DARLAMI
1760 289 1882 345 ERE

1990 291 2085 346 DE
2127 294 2213 348 ET
2250 292 2596 349 JOSAPHAT
2640 296 2841 350 lNDle
2879 299 3100 354 REGIS.

3447 300 3549 355 50']

352 384 482 437 Cum
526 383 704 452 igitur,
755 384 928 452 inquit
976 383 1257 451 Josapltat,
1291 392 1397 436 tam
1430 386 1647 451 antiqua
1680 390 1733 435 et
1766 395 1860 435 ne-
1889 382 1939 443 A
1966 382 2144 436 lumen
2177 383 2388 438 dcteCIa
2421 384 2552 438 facie
2581 395 2940 441 contuentur:
2970 389 3033 440 ad
3065 389 3311 443 eumdem
3340 406 3551 462 quoque

282 476 517 531 cessaria
567 476 876 545 hujusmodi
910 476 1247 549 philoSOpliia
1279 476 1367 541 sit,
1398 475 1523 541 quid
1565 488 1737 527 causa:
1783 481 1863 526 est.

280 567 632 636 quamobrem
660 569 918 624 hodierna
950 568 1037 623 die
1066 569 1213 637 pauci
1244 576 1351 620 smt
1381 566 1471 636 qui
1502 550 1659 619 hanc
1695 565 1859 618 vitam

281 658 598 711 imitentur?
1276 714 1279 717 _

353 750 656 819 Respondit
686 765 849 806 senex
878 748 1067 805 :Multi
1098 749 1312 819 quidem
1342 764 1458 803 eam
1493 747 1683 803 imitati
1717 755 1863 812 sunt,

280 852 334 898 ct
359 845 651 898 etiamnum
682 844 980 899 imitantur.
1011 844 1080 897 At
1112 845 1278 896 multo
1310 843 1488 911 plures
1521 849 1863 906 cunctantur,

281 952 343 992 ac
372 952 553 991 moras
582 946 817 991 nectunt.
853 936 1013 989 Pauci
1045 935 1187 988 enim
1212 943 1356 999 sunt,
1389 943 1444 986 ut
1474 933 1549 985 ait
1581 932 1863 997 Dominus,

281 1029 370 1095 qui
401 1043 498 1096 per
531 1036 733 1081 arctam
756 1032 811 1081 et
833 1033 1113 1095 angustam
1156 1024 1299 1077 viam
1333 1022 1616 1085 incedant;
1648 1008 1735 1091 qui
1768 1035 1868 1074 au-

242 1110 246 1131 ⁸
284 1132 388 1174 tem
417 1136 514 1191 per
541 1119 753 1174 facilem
783 1128 836 1174 et
864 1119 1048 1183 latam,
1081 1133 1238 1185 quam
1266 1116 1482 1186 plurimi
1507 1116 1721 1186 (Matth.
1756 1131 1864 1179 vtt;

284 1211 413 1265 Luc.
440 1212 615 1280 χχιιι).
641 1212 774 1265 Nam
803 1212 893 1280 qui
916 1210 1082 1265 semel
1107 1209 1454 1279 pecuniarum
1478 1208 1790 1276 cupiditate,
1817 1216 1871 1261 et

284 1308 536 1360 vitiorum
578 1322 697 1375 quae.
727 1322 793 1360 ex
836 1304 1197 1373 voluptatibus
1226 1303 1495 1368 oriuntur,
1532 1316 1719 1356 amore
1750 1315 1869 1354 cor-

284 1398 446 1467 repti,
479 1412 736 1466 vanusque
762 1406 815 1450 et
839 1395 983 1449 inani
1024 1394 1207 1463 glori:e
1239 1392 1435 1447 addicti
1481 1400 1625 1458 sunt,
1681 1390 1771 1443 vix
1802 1390 1871 1443 ab

286 1489 422 1559 ipsis
467 1489 649 1542 divelli
686 1496 930 1556 possunt,
968 1495 1023 1539 ut
1056 1483 1143 1554 qui
1192 1484 1367 1540 alieno
1399 1482 1641 1549 domino,
1672 1480 1872 1549 quique

285 1582 494 1649 omnia,
527 1590 713 1635 contra
756 1595 819 1633 ac
847 1581 1014 1644 Deus,
1040 1579 1297 1647 imperat,
1352 1585 1511 1644 atque
1559 1576 1706 1642 ipsos
1757 1584 1873 1626 tan-

286 1689 447 1741 quam
478 1670 679 1725 catcnis
709 1671 1025 1741 quibusdam
1060 1670 1267 1723 vinctos
1294 1676 1461 1732 tenet,
1497 1666 1632 1720 ultra
1664 1665 1869 1733 seipsos

1968 474 2185 527 modum
2212 476 2412 530 Christi
2443 477 2618 529 lumen
2646 466 2889 531 omnibus
2915 478 3127 545 quidem
3158 480 3358 545 illucet,
3385 484 3551 550 Splen-

1967 569 2255 637 doremque
2299 585 2454 623 suum
2486 570 2636 623 nobis
2668 569 2865 624 affatim
2901 571 3162 639 impertit;
3195 582 3248 625 at
3279 588 3404 626 vero
3456 589 3552 642 pro

1969 675 2063 714 sua
2113 664 2339 731 quisque
2388 662 2680 727 cupiditate
2735 662 3002 731 animique
3051 662 3327 717 alacritate
3376 664 3551 733 ipsum

1969 755 2220 825 percipit.
2248 754 2381 809 Nam
2412 769 2515 808 nec
2555 755 2655 809 ille
2689 754 2911 823 justitire
2954 755 3034 810 sol
3067 754 3229 808 ullum
3259 770 3321 809 ex
3353 754 3434 809 his
3462 758 3552 824 qui

1971 848 2244 902 oculorum
2267 849 2436 902 aciem
2466 847 2517 900 in
2548 847 2722 915 ipsum
2748 847 3021 902 intendere
3046 849 3264 915 cupiunt
3290 848 3551 903 beneficio

1972 953 2035 993 eo
2080 938 2283 1007 privat,
2330 953 2426 992 nec
2476 952 2688 991 rursum
2739 936 2821 991 his
2865 938 2971 990 vim
3017 936 3177 991 infert
3226 953 3313 1005 qni
3368 946 3555 1003 suapte

1972 1038 2163 1097 sponte
2193 1029 2438 1084 tenebras
2464 1028 2692 1097 eligunt;
2731 1043 2910 1081 verum
2943 1043 3055 1081 suae
3104 1029 3327 1097 quisque
3373 1028 3556 1082 liberae

1972 1118 2233 1172 Voluntati
2262 1126 2317 1172 et
2344 1117 2624 1182 electioni,
2656 1116 2888 1185 quandiu
2937 1117 2993 1169 in
3038 1114 3138 1171 hac
3167 1118 3273 1171 vita
3315 1126 3426 1185 est,
3467 1132 3557 1174 rc-

1972 1207 2251 1277 linquitur.

2044 1295 2176 1350 Cum
2208 1306 2384 1351 autem
2416 1296 2671 1364 Josaphat
2698 1296 2947 1366 quidnam
2981 1297 3183 1351 arbitrii
3226 1298 3443 1353 libertas
3470 1306 3557 1352 at-

1975 1404 2077 1456 que
2102 1389 2293 1443 electio
2317 1397 2459 1443 esset
2485 1399 2779 1457 quaereret,
2805 1389 3078 1457 reSpondit
3109 1405 3275 1452 senex
3297 1407 3313 1445 :
3340 1391 3557 1447 Arbitrii

1976 1481 2195 1535 libertas
2223 1488 2305 1534 est
2335 1481 2524 1533 anima:
2556 1480 2760 1535 ratione
2790 1479 2985 1534 utentis
3014 1481 3279 1545 voluntas,
3304 1481 3419 1542 sine
3448 1480 3563 1535 ullo.

1976 1572 2359 1640 impedimento
2387 1571 2451 1624 ad
2483 1572 2533 1623 id
2566 1572 2706 1640 quod
2735 1574 2877 1634 vult,
2913 1572 3017 1626 hoc
3061 1580 3144 1625 est
3180 1573 3299 1626 sive
3336 1572 3403 1625 ad
3444 1571 3560 1625 vir-

1977 1670 2171 1725 tutem,
2207 1663 2320 1716 sive
2363 1661 2430 1715 ad
2461 1662 2674 1727 vitium,
2707 1660 2944 1727 incitata,
2978 1668 3135 1730 atque
3166 1677 3195 1713 a
3231 1674 3440 1716 summo
3468 1660 3560 1712 illo

290 1762 669 1831 mancipariut.
706 1762 928 1814 Animus
950 1760 1177 1830 quippe,
1209 1773 1329 1811 cum
1361 1757 1526 1811 semel
1550 1756 1740 1811 salutis
1762 1770 1871 1810 suae
1902 1742 1952 1803 B
1979 1762 2197 1821 parente
2238 1760 2293 1807 et
2331 1752 2624 1805 architecto
2663 1751 2732 1804 ita
2779 1750 2984 1805 effecta.
3041 1752 3300 1815 Rursum,
3334 1746 3558 1805 Arbitrii

292 1866 445 1920 spem
476 1850 753 1919 abiecerit,
784 1849 1019 1918 habenas
1049 1862 1173 1900 suas
1203 1845 1406 1901 aversis
1435 1861 1465 1899 a
1498 1847 1707 1898 ratione
1735 1846 1881 1914 cupi-

292 1943 554 1995 ditatibus
584 1945 923 2010 permittens,
968 1954 1397 2009 quaquaversum
1430 1939 1612 1993 fertur.
1648 1938 1724 1992 Ac
1752 1953 1877 2006 pro-

290 2032 421 2087 inde
452 2034 713 2100 Propheta
738 2032 956 2086 ofi‘usam
981 2033 1135 2102 277
1159 2032 1461 2100 huju<modi
1489 2032 1679 2085 animis
1694 2046 1880 2086 amen-

295 2127 425 2179 tiam
456 2126 767 2192 deplorans,
791 2126 1133 2194 caliginisque
1155 2127 1299 2195 ipsos
1323 2126 1558 2193 urgentis
1580 2125 1877 2181 crassitiem

293 2216 508 2284 lugens,
537 2215 618 2268 his
647 2216 819 2269 verbis
859 2217 1106 2270 utebatur
1135 2232 1149 2270 z
1178 2216 1297 2270 Filii
1330 2216 1630 2283 hominum,
1680 2232 1880 2285 usque-

292 2319 405 2368 quo
432 2304 579 2371 gravi
604 2304 809 2357 corde?
842 2314 894 2356 ιιι
922 2304 1046 2374 quid
1076 2304 1299 2372 diligitis
1330 2306 1644 2368 vanitatem,
1669 2313 1721 2359 et
1746 2321 1882 2374 quae-

295 2398 419 2458 ritis
458 2398 833 2451 mendacium?
863 2397 1326 2465 Quemadmodum
1352 2399 1516 2452 etiam
1547 2397 1761 2466 quidam
1794 2414 1880 2453 sa-

302 2490 539 2555 pientum
573 2490 948 2556 magistrorum
981 2498 1319 2552 nostrorum,
1352 2490 1435 2541 vir
1464 2503 1642 2540 rerum
1672 2487 1880 2540 divina-

297 2593 416 2632 rum
440 2577 822 2645 peritissimus,
847 2577 1087 2630 eamdem
1116 2592 1234 2630 cum
1263 2578 1526 2643 Propheta
1552 2578 1878 2631 cantilenam

296 2682 517 2730 canens,
552 2680 615 2719 ac
635 2666 884 2734 'qtttedam
913 2680 941 2718 a
974 2667 1152 2734 seipso
1179 2665 1500 2734 adjungeos,
1536 2674 1785 2735 tanquam
1811 2682 1878 2721 ex

297 2762 404 2811 alta
430 2757 656 2827 quadam
680 2768 735 2812 et
756 2757 1050 2811 editissima
1074 2758 1287 2823 Specula
1311 2758 1560 2811 omnibus
1583 2758 1836 2813 inclamat
1862 2778 1875 2813 :

300 2847 421 2901 Filii
452 2847 756 2914 hominum,
794 2862 1068 2916 usquequo
1097 2848 1243 2916 gravi
1276 2849 1472 2903 corde?
1504 2856 1561 2901 ut
1601 2850 1726 2916 quid
1755 2850 1879 2903 dili-

298 2938 423 3003 gitis
446 2939 758 3001 vanitatem,
788 2947 843 2991 et
875 2937 1115 3003 quteritis
1142 2938 1475 2991 mendacium
1510 2938 1683 3009 (Psal.
1709 2939 1873 3005 xuv);

299 3042 547 3095 magnum
578 3027 825 3080 nimirum
854 3026 1052 3092 aliquid
1086 3027 1220 3079 hanc
1247 3028 1430 3085 vitam.
1463 3038 1516 3081 et
1543 3026 1794 3095 delicias,
1824 3040 1879 3082 et

1982 1841 2198 1895 libertas
2226 1852 2308 1896 est
2356 1841 2730 1899 intellectualis
2774 1841 2969 1895 animus
3016 1856 3112 1909 pro
3154 1856 3252 1895 suo
3298 1841 3559 1903 arbitratu

1982 1932 2222 2001 agitatio.
2255 1932 2461 1985 Electio
2496 1941 2671 1985 autem
2703 1938 2784 1985 est
2811 1946 2994 1985 earnm
3033 1946 3208 2006 rerum
3240 1946 3358 1999 qua:
3387 1931 3439 1985 in
3469 1945 3555 1983 ar-

1983 2025 2144 2078 bitrio
2173 2035 2355 2077 nostro
2386 2026 2499 2077 sita:
2530 2031 2684 2089 sunt,
2718 2039 2838 2077 cum
2871 2024 3094 2077 consilio
3143 2024 3422 2091 conjuncta
3462 2037 3560 2090 ap-

1984 2114 2191 2184 petitio.
2225 2114 2497 2184 Siquidem
2526 2128 2637 2166 rem
2667 2128 2783 2167 eam
2813 2129 2930 2180 qua:
2962 2113 3091 2165 inito
3115 2112 3345 2166 consilio
3370 2111 3562 2167 melior

1981 2206 2215 2275 iudicata
2246 2218 2355 2271 est,
2386 2207 2645 2276 eligentes
2694 2206 3012 2273 appetimus.
3042 2202 3334 2258 Consilium
3367 2213 3451 2259 est
3480 2206 3562 2257 in-

1985 2297 2295 2365 vestigatrix
2348 2296 2604 2362 appetitio
2657 2294 2725 2348 de
2787 2294 2947 2347 rebus
3002 2295 3284 2362 gerendis,
3335 2308 3560 2359 quarum

1986 2404 2148 2459 penes
2174 2403 2270 2443 nos
2299 2397 2536 2456 potestas
2566 2395 2662 2440 est.
2696 2386 2963 2440 Deliberat
2993 2385 3136 2438 enim
3168 2386 3430 2455 quispiam
3463 2399 3564 2439 ex-

1984 2478 2230 2547 pediatne
2271 2478 2468 2546 aliqttid
2515 2492 2702 2546 agere,
2740 2491 2926 2530 necne.
2970 2475 3187 2542 Deinde,
3231 2476 3373 2544 quod
3422 2490 3562 2544 prte-

1984 2569 2210 2623 stantins
2240 2576 2357 2631 est,
2386 2568 2586 2636 judicat
2608 2607 2621 2629 ,
2655 2581 2717 2619 ac
2745 2566 2997 2633 judicium
3039 2567 3285 2622 efficitur.
3322 2568 3439 2621 Mox
3473 2580 3563 2618 au-

1984 2670 2089 2713 tem
2133 2659 2383 2725 afficitur,
2430 2666 2587 2726 atque
2633 2658 2685 2711 id
2730 2657 2870 2729 quod
2900 2674 2966 2713 ex
3003 2660 3226 2714 consilio
3267 2658 3595 2727 judicatum.

1984 2760 2093 2814 est,
2127 2758 2301 2815 amat,
2333 2764 2395 2803 ac
2419 2748 2683 2806 sententia
2710 2752 2921 2807 dicitur.
2950 2751 3081 2806 Nam
3111 2752 3155 2806 si
3186 2752 3254 2805 ita
3278 2750 3478 2819 judicet
3506 2758 3562 2803 ut

1984 2850 2160 2896 tamen
2188 2857 2312 2911 erga
2338 2842 2391 2896 id
2418 2844 2559 2913 quod
2583 2844 2873 2913 iudicatum
2901 2853 3010 2908 est,
3040 2843 3259 2897 minime
3279 2841 3562 2904 afficiatur,

1984 2936 2087 2990 hoc
2130 2946 2246 3002 est,
2280 2935 2332 2992 id
2380 2938 2600 2994 minime
2644 2946 2810 3003 amet,
2844 2937 3106 3007 sententia
3156 2935 3565 3004 haudquaquam

1987 3028 2302 3099 appellatur.
2334 3030 2467 3083 'l‘utn
2523 3039 2642 3099 post.
2685 3028 3022 3083 affectionem
3069 3029 3122 3081 fit
3170 3026 3381 3081 electio.
3430 3024 3563 3079 Nam

298 3116 546 3185 exiguam
578 3117 883 3184 gloriolam,
911 3124 965 3171 et
991 3118 1302 3171 mendacem
1333 3120 1738 3186 prositeritatetn
1760 3137 1880 3177 esse
1909 3107 1957 3170 C
1988 3121 2177 3176 e'ectio
2206 3123 2339 3178 nihil
2383 3123 2524 3177 aliud
2565 3131 2648 3177 est
2691 3137 2848 3192 quam
2879 3137 2909 3175 e
2939 3120 3144 3174 duabus
3176 3118 3335 3173 rebus
3364 3131 3572 3187 propo-_

303 3211 680 3262 existimantes
726 3208 913 3276 (Naz.,
950 3225 1060 3264 ora.
1102 3210 1164 3261 de
1190 3210 1297 3262 suis
1340 3225 1441 3264 rer.
1491 3221 1537 3263 et
1582 3212 1649 3263 ad
1679 3211 1882 3268 Julium

298 3298 567 3355 Exisofen.
590 3301 651 3369 )?
682 3299 809 3365 Qua:
837 3300 1050 3368 quidem
1084 3316 1187 3354 non
1221 3302 1390 3370 magis
1419 3317 1602 3354 eorum
1629 3313 1755 3358 sunt
1785 3310 1876 3375 qui

300 3390 554 3448 fruuntur
580 3406 739 3458 quam
766 3390 853 3460 qui
880 3406 941 3444 ea
975 3392 1025 3443 in
1058 3405 1153 3459 spe
1202 3390 1535 3457 habuerunt;
1569 3410 1668 3451 nec
1698 3415 1886 3455 rursus

303 3480 497 3538 horum
528 3482 695 3547 magis
720 3496 877 3549 qttam
902 3496 1090 3535 eorum
1119 3480 1208 3549 qui
1238 3498 1304 3536 ne
1328 3497 1389 3537 ea
1413 3487 1629 3553 quidem
1653 3506 1883 3561 unquam

296 3578 703 3634 ex5peclarnnt,
724 3578 779 3624 et
799 3586 915 3635 quae
938 3584 1043 3624 non
1070 3586 1225 3625 secus
1246 3587 1307 3627 ac
1332 3575 1503 3641 pulvis
1520 3593 1547 3630 a
1573 3581 1785 3636 turbine
1819 3584 1885 3635 ad

299 3662 437 3715 alios
454 3663 759 3729 atquealios
773 3662 996 3716 subinde
1017 3664 1327 3733 perflantur,
1345 3682 1405 3721 ac
1423 3670 1660 3725 vicissim
1685 3673 1883 3740 jactan-

299 3761 409 3808 tur.
462 3761 554 3804 aut
594 3751 723 3804 fumi
764 3751 933 3806 instar
975 3751 1247 3819 defluunt,
1280 3771 1343 3812 ac
1387 3760 1535 3814 velut
1564 3761 1888 3819 insomnium

299 3844 552 3897 homines
577 3842 936 3909 ludificantur,
965 3855 1016 3900 et
1047 3856 1103 3900 ut
1126 3848 1311 3901 umbra
1336 3850 1556 3904 retineri
1594 3866 1886 3923 nequeunt,

299 3950 365 3991 ac
386 3935 618 4005 denique
636 3937 706 3989 ita
732 3947 917 3992 natura
941 3954 1246 4008 comparata
1276 3953 1420 4006 sunt,
1450 3952 1506 3997 ιιι
1533 3961 1630 3999 nec
1659 3962 1776 4001 cum
1797 3949 1891 4001 ab-

303 4035 450 4089 sunt,
484 4041 549 4081 ea
577 4040 636 4081 se
666 4028 940 4082 habituros
967 4044 1087 4085 esse
1132 4031 1373 4087 homines
1427 4034 1741 4104 desperent,
1794 4054 1893 4094 nec

302 4131 426 4170 cum
450 4116 664 4179 adsunt,
691 4118 1086 4183 possidentibus
1122 4131 1264 4174 certa
1292 4132 1344 4176 et
1372 4123 1580 4188 stabilia
1610 4127 1733 4181 sint.

376 4207 510 4261 Cum
553 4207 709 4275 igitur
734 4208 798 4259 ad
841 4209 979 4262 hunc
1028 4212 1240 4265 modum
1288 4213 1532 4267 Salvator
1581 4217 1887 4285 przecipiat,

309 4297 591 4364 prephettn
616 4306 670 4351 et
698 4300 926 4367 apostoli
952 4300 1239 4368 praeditam
1260 4346 1274 4370 ,
1302 4317 1365 4357 ac
1389 4306 1557 4358 sancti
1584 4321 1767 4363 omnes
1795 4311 1893 4369 viri

309 4401 423 4443 tum
454 4404 513 4443 re
543 4389 678 4456 ipsa,
705 4399 813 4443 tum
850 4406 1098 4457 sermone
1128 4395 1191 4447 ad
1231 4396 1442 4450 virtutis
1472 4398 1609 4451 viam
1650 4400 1717 4453 ab
1746 4404 1891 4464 omni

1988 3215 2103 3272 sitis
2132 3217 2350 3273 alteram
2404 3232 2512 3285 pra:
2549 3216 2711 3281 altera
2758 3213 3005 3283 amplecti
3051 3221 3104 3266 et
3144 3212 3362 3280 eligere.
3395 3198 3577 3279 Atque,

1989 3308 2113 3362 illud
2143 3308 2225 3362 vel
2253 3322 2315 3362 ex
2345 3308 2456 3376 ipsa
2486 3306 2804 3377 etymologia
2838 3305 3172 3372 perspicuum
3202 3311 3317 3365 est,
3349 3299 3566 3369 electio-

1991 3413 2109 3450 nem
2144 3411 2262 3451 esse
2291 3397 2570 3450 consilium
2610 3410 2731 3449 cum
2774 3392 3149 3462 dijudicatione
3192 3392 3583 3459 conjunctum-

1990 3489 2286 3563 Πρεαιριτὸν
2338 3490 2478 3542 enim
2529 3495 2611 3540 est
2659 3486 2882 3539 alterum
2941 3499 3049 3552 prae
3097 3485 3264 3537 altero
3311 3482 3561 3534 electum.

1991 3580 2159 3632 Nemo
2204 3595 2365 3648 porro
2403 3578 2687 3644 quidquam
2733 3573 3204 3643 adhibito'judicio
3234 3573 3383 3626 alteri
3424 3586 3562 3639 prte-

1993 3670 2125 3733 fert,
2158 3670 2258 3723 nisi
2292 3668 2440 3737 ptius
2470 3666 2749 3719 consilium
2778 3664 2989 3728 inierit;
3021 3677 3119 3716 nec
3149 3676 3356 3716 rursum
3386 3661 3564 3732 eligit,

1992 3762 2091 3815 nisi
2125 3761 2267 3829 prius
2294 3759 2562 3825 iudicarit.
2588 3758 2715 3811 Nam
2745 3756 2992 3826 quoniam
3026 3769 3130 3809 non
3160 3769 3221 3809 ea
3245 3754 3419 3808 omnia
3447 3769 3567 3822 qua:

1994 3852 2149 3907 nobis
2179 3861 2320 3907 recta
2350 3861 2403 3906 et
2433 3851 2683 3921 prteclara
2711 3863 2830 3903 esse
2859 3848 3104 3902 videntur
3128 3846 3179 3899 in
3208 3860 3342 3916 Opus
3376 3844 3565 3913 perdu«

1991 3960 2116 4000 cere
2163 3945 2475 4010 studemus,
2525 3953 2634 3997 tum
2681 3942 2907 4009 denique
2945 3940 3136 3995 electio
3175 3950 3228 3993 et
3269 3937 3569 4007 eligendum

1994 4037 2227 4092 efficitur
2270 4036 2323 4088 id
2367 4034 2508 4104 quod
2548 4049 2613 4087 ex
2654 4032 2876 4085 consilio
2923 4033 3253 4100 prepositum
3297 4037 3414 4083 est.
3452 4042 3576 4082 cum

1997 4126 2373 4196 appetitionem
2401 4124 2648 4179 comitem
2678 4121 2945 4177 asciverit.

2070 4219 2148 4271 Ex
2176 4233 2280 4286 quo
2308 4215 2665 4280 concluditur,
2694 4213 3007 4267 electionem
3038 4226 3158 4267 esse
3187 4212 3569 4280 appetitionem

1997 4324 2115 4367 cum
2145 4309 2529 4363 deliberatione
2569 4306 2907 4373 conjunctam
2951 4318 3134 4358 earum
3168 4318 3345 4357 rerum
3374 4316 3492 4370 quae
3526 4301 3576 4353 in

2000 4410 2177 4456 nostra
2208 4408 2469 4470 potestate
2491 4400 2605 4453 situ:
2634 4397 2760 4452 sint.
2790 4397 2995 4449 Etenim
3020 4395 3072 4448 id
3100 4396 3237 4465 quod
3259 4411 3323 4449 ex
3349 4393 3575 4455 consilio
3606 4438 3617 4453 ν.

310 4496 495 4537 errore
548 4482 781 4551 maxime
830 4484 1120 4538 immunem
1177 4501 1274 4540 nos
1328 4488 1631 4557 impellant,
1682 4493 1892 4551 etiamsi
1918 4503 1973 4562 ι)
2000 4496 2341 4565 praepositum
2384 4502 2495 4558 est.
2525 4494 2781 4562 eligentes
2816 4491 3134 4560 appetimus.
3165 4489 3334 4543 Omne
3373 4488 3579 4556 Quippa.

316 4574 465 4641 pauci
497 4571 633 4628 hanc
665 4582 910 4638 teneant,
937 4585 1120 4629 contra
1152 4588 1327 4632 autem
1363 4580 1511 4635 multi
1540 4581 1699 4636 latam
1728 4594 1889 4654 atque

314 4666 367 4718 in
396 4665 617 4719 exitium
659 4665 941 4719 ducentem
981 4666 1081 4719 sibi
1125 4668 1387 4737 deligant,
1418 4686 1520 4725 non
1556 4683 1730 4731 tamen
1764 4693 1891 4746 pro-

315 4766 496 4822 pterea
523 4754 713 4808 divinae
744 4756 899 4821 hujus
930 4757 1281 4828 philosophize
1329 4762 1626 4819 institutum
1667 4770 1893 4825 minoris

313 4845 682 4919 restituendum
705 4856 805 4899 est.
833 4845 901 4900 Ut
925 4848 1063 4913 enim
1088 4850 1202 4914 sol,
1230 4867 1349 4906 cum
1381 4854 1708 4919 illuminandi
1733 4874 1894 4915 causa

316 4940 571 5009 exoriens
614 4937 793 4990 radios
837 4952 964 4991 suos
1005 4938 1286 5001 affluenter
1320 4946 1560 5011 emittat,
1600 4964 1893 5021 omnesque

273 5051 284 5099 ι
316 5030 381 5083 ad
411 5026 781 5097 excipiendum
812 5028 989 5081 lumen
1019 5031 1349 5098 cohortetur,
1380 5035 1423 5089 si
1452 5038 1665 5105 quidam
1696 5041 1896 5097 clausis

275 5121 283 5137 '
316 5121 487 5185 oculis
512 5117 851 5187 splendorem
880 5118 1043 5193 ipsius
1075 5121 1267 5176 intueri
1292 5124 1487 5191 nolint,
1521 5143 1625 5181 non
1657 5141 1899 5197 promer-

316 5228 377 5265 ra
425 5208 896 5280 reprehensionem
936 5218 1194 5273 meretur,
1224 5222 1315 5265 aut
1364 5228 1392 5266 a
1442 5216 1661 5286 reliquis
1704 5222 1900 5291 negligi

321 5302 510 5365 debet,
544 5314 643 5352 nec
671 5297 976 5365 splendoris
1009 5299 1175 5364 ipsius
1200 5302 1361 5368 gloria
1391 5305 1458 5358 ob
1482 5305 1693 5363 illorum
1724 5312 1901 5372 stulti.

319 5394 447 5444 tiatu
481 5391 532 5442 in
563 5395 867 5454 contemptu
914 5397 1185 5453 versatur;
1221 5394 1344 5459 quin
1376 5395 1549 5459 potius
1576 5397 1651 5451 illi
1682 5401 1896 5467 quidem

320 5482 527 5561 seipsos
576 5478 777 5532 lumine
820 5477 1101 5543 orbantes,
1153 5491 1402 5551 tanquam
1452 5489 1615 5553 circi,
1669 5493 1902 5559 parietes

322 5573 567 5645 palpant,
598 5577 754 5637 atque
784 5568 837 5621 in
867 5568 1062 5622 multas
1105 5572 1323 5637 scrobes
1372 5580 1674 5651 praecipites
1703 5593 1899 5649 ruunt,

326 5663 615 5730 multisque
643 5660 813 5729 spinis
842 5673 1026 5715 eorum
1059 5665 1198 5718 oculi
1241 5682 1541 5737 punguntur
1560 5690 1584 5739 ς,
1605 5674 1684 5727 sol
1712 5684 1898 5729 contra

331 5755 667 5828 “uenderem
698 5755 1161 5828 suutnlretincns,
1198 5774 1290 5815 cos
1334 5761 1566 5819 illustrat
1609 5768 1696 5835 qui
1746 5768 1911 5835 ipsius

1997 4587 2276 4642 consilium
2303 4584 2529 4639 actionis
2553 4601 2710 4640 causa
2733 4595 2785 4640 et
2814 4595 3027 4653 propter
3057 4582 3317 4636 actionem
3349 4578 3578 4645 suscipi-

2000 4688 2105 4733 tur.
2136 4679 2211 4732 lta
2238 4676 2516 4731 consilium
2544 4677 2759 4745 quidem
2792 4676 3106 4731 electionem
3138 4668 3434 4736 antecedit,
3466 4667 3580 4720 cle-

2000 4771 2105 4824 ctio
2147 4779 2321 4822 autem
2363 4780 2575 4821 omnem
2620 4767 2904 4822 actionem.
2956 4764 3223 4830 Quocirca
3262 4775 3366 4813 non
3420 4757 3581 4821 modo

2003 4860 2259 4923 actiones,
2294 4859 2386 4912 sed
2438 4873 2501 4913 ea
2542 4858 2700 4912 etiam
2744 4874 2864 4927 quae
2908 4856 3087 4911 animo
3130 4854 3395 4922 agitantur
3440 4852 3586 4920 (qua)

2005 4950 2217 5021 quidem
2245 4950 2533 5005 electiones
2559 4949 2857 5018 exhibent),
2878 4958 2985 5002 tum
3014 4952 3382 5009 coronas,tum
3400 4957 3587 5011 ptenas

2005 5046 2307 5092 accersunt.
2334 5039 2542 5094 Etenim
2571 5039 2761 5094 electio
2784 5039 2835 5090 in
2860 5038 2939 5099 his
2962 5037 3119 5091 rebus
3142 5050 3259 5105 qute
3286 5036 3334 5091 itt
3361 5035 3584 5103 arbitrio

2008 5138 2192 5183 nostro
2217 5129 2334 5183 sita:
2361 5140 2484 5185 sunt
2511 5144 2748 5195 versans,
2779 5139 2885 5183 tum
2920 5130 3138 5197 peccati,
3165 5139 3275 5183 tum
3299 5129 3426 5198 justi
3457 5144 3590 5198 ope-

2009 5220 2083 5273 ris
2111 5220 2260 5288 origo
2299 5230 2400 5274 eSt.
2446 5220 2576 5273 Nam
2619 5236 2839 5289 quarum
2887 5235 3062 5275 rerum
3103 5220 3382 5276 facultates
3423 5234 3587 5289 penes

2012 5325 2111 5364 nos
2136 5321 2288 5375 sunt,
2324 5311 2509 5364 harum
2541 5311 2698 5366 etiam
2728 5312 2959 5366 actiones
2991 5310 3327 5368 facultatibus
3355 5327 3589 5377 (ῑοιιειξιιρ⁴

2014 5410 2187 5457 tanese
2226 5417 2389 5470 penes
2429 5417 2527 5456 nos
2572 5411 2714 5457 sunt.
2747 5403 3097 5470 Quamobrem
3142 5419 3259 5458 cum
3309 5404 3613 5471 facultates-

2014 5496 2197 5550 virtuti
2224 5504 2598 5551 consentanea:
2623 5497 2676 5551 in
2720 5506 2901 5551 nostra
2932 5505 3195 5567 potestate
3220 5499 3358 5564 sint,
3396 5499 3446 5551 in
3495 5514 3593 5557 uo-.

2017 5592 2127 5638 stra
2154 5600 2362 5655 quoque
2396 5595 2657 5654 potestate
2681 5589 2842 5658 278
2865 5588 3082 5643 virtutes
3108 5588 3215 5641 sint
3242 5600 3459 5642 necesse
3485 5594 3587 5643 εει,

2019 5675 2235 5745 Pmprie
2263 5677 2403 5731 enim
2436 5678 2486 5732 in
2515 5679 2733 5732 arbitrio
2766 5668 2946 5743 nostro
2986 5682 3282 5736 consistunt
3322 5692 3383 5732 ea
3412 5676 3588 5739 omnia

2020 5784 2136 5849 qua:
2186 5772 2415 5827 animam
2468 5772 2758 5841 attingunt,
2792 5780 2841 5825 ct
2885 5772 2950 5825 de
2989 5773 3178 5844 quibus
3210 5770 3587 5825 deliberamus.

2884 6240 2927 6243 __
2968 6237 3327 6246 -οκμτ-ῌμ
3354 6240 3407 6246 ---
