4010 6224
496 312 599 364 505

1538 311 1624 368 DE
1667 312 1842 368 \‘lTlS
1882 312 2164 369 PA'I‘RUM
2204 310 2405 367 LIBER
2450 312 2721 371 PRIMUS.

3650 318 3752 375 594

495 427 573 479 Ad
625 425 767 480 hunc
810 425 967 492 igitur
997 425 1209 479 modum
1243 424 1407 479 libere
1451 410 1876 479 consultantibus
1906 424 2077 479 homi-
2108 426 2156 485 Α
2187 424 2445 478 idolorum
2476 426 2621 479 cultu
2654 425 2975 479 cons:rictus
3004 433 3293 483 teneretur.
3330 429 3460 484 Erat
3495 438 3675 486 autem
3703 434 3754 489 ei

496 515 676 580 nibus,
707 530 771 569 ac
797 514 964 569 libera
995 514 1119 569 item
1153 514 1425 568 voluntate
1448 514 1787 583 eligentibus,
1811 524 2071 583 quatenus

494 608 755 674 quispiam
803 607 979 676 eligit,
1034 607 1290 660 hactenus
1343 620 1556 674 quoque
1606 606 1843 659 divinam
1901 606 2071 660 lucem

496 698 751 765 percipit,
782 707 941 766 atque
974 697 1025 750 in
1058 696 1408 777 philosophiae
1436 696 1627 750 studiis
1659 711 1970 767 progressus
1999 697 2073 749 ta-

493 792 586 844 cit.
617 787 773 843 Varia
804 789 945 843 enim
971 788 1289 842 electionum
1320 796 1443 840 sunt
1471 802 1688 857 genera.
1724 789 1789 842 Et
1818 790 2073 855 quemad-

496 879 712 935 modum
756 879 968 948 quidam
1022 893 1278 946 aquarum
1321 878 1492 931 fontes
1521 893 1552 931 e
1583 888 1740 932 terra:
1782 877 2074 932 visceribus

496 971 886 1035 scaturientes,
941 971 1128 1038 partim
1179 986 1209 1024 e
1257 970 1537 1038 superﬁcie
1592 978 1753 1024 terrae
1802 969 2070 1036 oriuntur,

494 1061 685 1129 partim
714 1063 985 1130 aliquanto
1023 1059 1356 1128 profundius,
1396 1061 1586 1129 partim
1631 1060 2072 1129 profundissime;

492 1161 652 1215 atque
700 1151 887 1204 harum
936 1164 1191 1219 aquarum
1236 1149 1354 1204 alia
1394 1166 1424 1205 e
1474 1151 1775 1220 propinquo
1822 1160 2075 1206 emanant

491 1252 754 1311 gustuque
782 1242 963 1296 dulces
988 1250 1140 1308 sunt,
1173 1243 1289 1296 alia;
1318 1258 1384 1297 ex
1427 1243 1534 1297 imo
1575 1251 1771 1297 exeunt
1809 1259 1871 1298 ac
1916 1243 2073 1298 salsa:

490 1340 581 1383 aut
621 1331 924 1399 sulphurete
955 1340 1111 1394 sunt,
1146 1339 1304 1399 atque
1348 1333 1476 1386 item
1508 1332 1626 1387 alia:
1657 1332 1924 1387 uberrime
1953 1348 2074 1400 pro-

491 1418 690 1484 ﬂuunt,
720 1420 840 1473 aliae
876 1420 1130 1488 paulatitn
1161 1420 1399 1487 stillant;
1426 1421 1617 1476 eodem
1662 1423 1821 1477 modo
1866 1423 1919 1477 in
1962 1423 2072 1477 elc-

490 1508 758 1563 etionibus
784 1524 995 1578 quoque
1042 1511 1235 1579 cogita,
1284 1511 1416 1564 alias
1461 1512 1662 1566 celeres
1706 1528 1770 1567 ac
1818 1528 2071 1582 perquam

493 1599 725 1653 fervidas
770 1616 907 1665 esse,
956 1601 1086 1656 alias
1132 1616 1321 1673 svgnes
1364 1612 1418 1657 et
1465 1604 1705 1674 frigidas,
1748 1619 1811 1658 ac
1857 1620 2071 1660 rursum

492 1691 621 1745 alias
649 1691 716 1745 ad
748 1692 993 1746 virtutem
1033 1695 1251 1748 omnino
1282 1708 1599 1763 pr0pensas,
1627 1696 1759 1750 alias
1788 1696 1852 1751 ad
1886 1698 2069 1752 vitium

2178 513 2375 582 probus
2403 515 2617 582 quidam
2662 515 3016 583 consiliarius,
3047 532 3111 571 ac
3156 529 3266 573 tum
3295 534 3417 587 erga
3450 519 3617 576 Deum
3650 523 3760 588 pie-

2179 612 2306 669 tate,
2340 615 2449 660 tum
2481 608 2693 663 caeteris
2736 609 3021 665 virtutibus
3067 612 3459 679 ornatissimus,
3498 615 3590 685 qui
3637 630 3755 673 cum

2174 696 2317 763 regis
2346 710 2530 750 errore
2557 708 2861 766 angeretur,
2908 715 3136 770 eumque
3181 702 3505 770 permoleste
3552 703 3755 775 ferret,

2176 793 2335 853 atque
2364 786 2539 853 ipsum
2572 787 2676 842 hoc
2705 790 2922 843 nomine
2949 805 3239 861 coarguere
3270 794 3323 846 in
3362 794 3543 849 animo
3592 796 3755 853 habe-

2175 882 2295 939 ret,
2329 883 2506 930 tamen
2538 875 2637 930 hac
2662 877 2730 931 de
2767 892 2922 932 causa
2952 893 3073 935 sese
3114 882 3466 951 reprimebat,
3496 885 3639 953 quod
3667 903 3758 941 ve-

2175 973 2403 1029 reretur,
2430 982 2496 1020 ne
2518 976 2572 1021 et
2595 969 2694 1023 sibi
2720 978 2773 1024 et
2799 969 2957 1025 sociis
2979 971 3093 1025 suis
3117 974 3409 1041 perniciem
3432 989 3751 1046 accerseret,

2175 1068 2403 1124 eamque
2435 1056 2715 1112 utilitatem
2744 1074 2861 1128 quae
2889 1075 2955 1115 ex
2994 1061 3113 1131 ipso
3139 1063 3204 1116 ad
3241 1065 3376 1119 alios
3414 1069 3759 1135 promanabat

2175 1154 2493 1213 amputaret.
2520 1147 2866 1204 Occasionem
2891 1163 3067 1208 autem
3094 1154 3441 1212 nihilominus
3462 1162 3756 1229 quaerebat,

2175 1246 2277 1300 qua
2325 1236 2606 1291 commode
2650 1238 2821 1307 ipsum
2868 1241 2934 1294 ad
2976 1240 3172 1297 bonum
3223 1248 3581 1313 pertraheret.
3618 1250 3750 1308 Dixit

2175 1323 2336 1392 igitur
2377 1333 2535 1381 nocte
2562 1330 2788 1397 quadam
2820 1330 2887 1385 ad
2931 1345 3051 1386 eum
3084 1348 3177 1388 rex
3211 1352 3223 1387 :
3261 1336 3560 1404 Adesdum,
3603 1356 3750 1411 egre-

2177 1416 2407 1487 diamur,
2434 1433 2498 1473 ae
2522 1422 2787 1476 civitatem
2811 1424 3225 1492 eireumeamus,
3251 1444 3378 1483 num
3405 1429 3539 1486 forte
3560 1433 3755 1504 aliquid

2175 1508 2320 1577 quod
2350 1509 2402 1563 in
2436 1526 2548 1565 rem
2589 1513 2824 1568 futurum
2858 1515 2925 1570 sit
2965 1518 3372 1587 perspiciamus.
3408 1522 3541 1576 Cum
3582 1535 3754 1580 autem
3788 1585 3801 1595 ,

2177 1598 2254 1652 illi
2285 1615 2377 1667 per
2409 1602 2592 1657 urbem
2635 1604 3073 1673 obambularent,
3116 1609 3249 1665 lucis
3292 1612 3634 1680 splendorem
3669 1631 3757 1682 per

2181 1692 2419 1747 foramen
2473 1695 2740 1764 quoddam
2796 1699 3090 1755 radiantem
3148 1716 3420 1757 cernunt:
3464 1719 3587 1771 cui,
3636 1722 3754 1761 eum

489 1782 735 1838 omnibus
768 1786 965 1839 viribus
1012 1787 1311 1842 inclinatas,
1343 1788 1503 1858 ιεῖιυι-
1532 1790 1717 1858 quales
1760 1806 1943 1846 earum
1986 1792 2068 1846 ar.
2102 1779 2144 1837 Β
2174 1780 2357 1834 oculos
2384 1782 2738 1853 adjecissent,
2768 1787 3175 1845 subterraneum
3201 1793 3462 1862 quoddam
3490 1806 3545 1850 et
3572 1810 3757 1852 caver-

490 1872 749 1929 fcctiones
797 1886 951 1940 sunt,
1000 1879 1129 1933 tales
1172 1895 1382 1950 quoque
1422 1880 1489 1935 ad
1534 1882 1795 1950 agendum
1843 1885 2072 1952 impetus

492 1975 909 2034 consequuntur.

562 2079 689 2134 CAP.
716 2080 858 2135 XVI.
901 2112 969 2121 —
1011 2080 1160 2136 Dixit
1206 2092 1382 2139 autem
1428 2084 1494 2138 ad
1538 2097 1719 2140 senem
1769 2084 2067 2154 Josaphat:

493 2173 701 2229 Suntne
730 2174 887 2228 etiam
928 2175 1017 2228 alii
1062 2176 1335 2243 nonnulli,
1366 2176 1454 2245 qui
1484 2178 1671 2232 eadem
1702 2193 1820 2245 quae
1850 2186 1903 2232 tu
1935 2193 2074 2247 prte-

494 2264 706 2329 dieent,
737 2280 801 2318 an
848 2280 976 2319 vero
1011 2273 1070 2318 tu
1117 2265 1376 2321 hodierno
1404 2265 1492 2321 die
1539 2270 1683 2324 solus
1720 2283 1779 2323 es
1816 2268 1907 2337 qui
1954 2267 2072 2322 haec

491 2354 675 2419 doces,
702 2369 765 2409 ac
795 2365 1113 2423 praesentem
1143 2357 1305 2411 vitam
1335 2373 1507 2427 usque
1545 2360 1681 2416 adeo
1720 2361 2068 2417 aversandam

491 2453 650 2513 atque
677 2444 801 2499 odio
832 2446 1191 2501 insectandam
1216 2461 1335 2503 esse
1365 2451 1587 2505 mones?

566 2532 658 2586 llle
687 2542 864 2588 autem
895 2534 959 2589 ad
990 2535 1127 2591 hunc
1158 2539 1373 2592 modum
1416 2542 1732 2609 respondit:
1763 2544 1818 2598 ln
1851 2544 1950 2599 hac
1976 2560 2068 2601 ve-

490 2630 598 2675 stra
629 2622 986 2678 infelicissima
1014 2627 1234 2696 regione
1266 2630 1535 2685 neminem
1564 2634 1707 2687 novi.
1737 2634 1870 2690 Nam
1904 2637 2066 2703 patris

492 2712 566 2764 tni
598 2714 840 2781 tyrannis
871 2715 1164 2770 innumeris
1195 2721 1382 2773 mortis
1407 2721 1695 2788 generibus
1724 2739 1817 2779 eos
1845 2727 2068 2780 mulcta-

495 2806 597 2866 vit,
630 2801 880 2872 deditque
908 2819 1125 2872 operam
1174 2821 1241 2861 ne
1289 2822 1504 2876 prorsus
1548 2811 1688 2867 inter
1731 2828 1829 2870 vos
1874 2814 2068 2870 divinat

489 2894 808 2964 cognitionis
833 2897 1146 2967 prtedicatio
1169 2899 1467 2955 audiretur.
1509 2902 1665 2971 Apud
1701 2907 1932 2977 reliquas
1971 2923 2067 2961 au—

492 2994 599 3037 tem
634 2984 877 3039 nationes
912 2985 1028 3041 haec
1058 2995 1342 3043 cantantur
1370 3004 1433 3045 ac
1460 2992 1819 3062 celebrantur,
1852 2997 1919 3051 ab
1948 2997 2067 3053 aliis

484 3074 699 3141 quidem
729 3076 1025 3131 rectissima
1056 3079 1280 3146 ratione,
1310 3079 1379 3134 ab
1419 3082 1537 3137 aliis
1566 3092 1745 3139 autem
1792 3102 2063 3154 perverse,

2174 1875 2364 1926 nosuin
2391 1874 2718 1931 domicilium
2752 1881 3152 1949 conspicantur,
3184 1887 3235 1940 in
3286 1902 3385 1957 quo
3427 1891 3748 1959 prtesidebat

2174 1962 2255 2016 vir
2285 1963 2499 2032 quidam
2530 1976 2769 2023 extrema
2800 1971 2979 2040 inepia
3008 1973 3280 2044 laborans,
3320 1992 3379 2032 ac
3405 1979 3596 2035 vilibus
3627 1984 3751 2051 qui-

2175 2054 2397 2111 busdam
2440 2068 2496 2114 et
2547 2060 2739 2118 laceris
2783 2065 2973 2132 pannis
3019 2068 3257 2124 indutus.
3304 2072 3526 2129 Astabat
3571 2086 3754 2131 autem

2173 2145 2341 2217 ipsius
2370 2164 2523 2213 uxor,
2549 2152 2728 2207 vinum
2759 2155 2857 2224 ipsi
2891 2165 3216 2226 temperans.
3250 2160 3488 2233 Curaque
3520 2165 3633 2234 ipse
3663 2181 3759 2237 po-

2174 2239 2349 2292 culum
2383 2241 2631 2296 manibus
2652 2245 2979 2313 accepisset,
3011 2250 3098 2303 illa
3138 2264 3301 2307 suave
3343 2254 3611 2321 quoddam
3640 2273 3758 2312 car-

2174 2341 2297 2382 men
2326 2343 2542 2397 eanens,
2574 2333 2897 2403 voluptatem
2927 2337 3027 2406 ipsi
3053 2339 3340 2407 afferebat,
3369 2344 3571 2401 saltans
3599 2348 3759 2402 nimi-

2173 2434 2331 2485 rum,
2380 2436 2444 2475 ae
2500 2424 2747 2478 maritum
2796 2426 3040 2482 laudibus
3091 2430 3373 2487 deliniens.
3428 2435 3543 2491 Rex
3597 2440 3757 2510 igitur

2172 2516 2552 2587 aliquantisper
2586 2520 2698 2576 haec
2739 2524 3087 2596 perspiciens,
3119 2528 3413 2585 mirabatur
3441 2532 3584 2600 quod
3630 2547 3757 2588 cum

2174 2614 2318 2660 tanta
2346 2619 2584 2679 egestate
2611 2624 2996 2683 premerentur,
3027 2626 3084 2672 ut
3131 2635 3229 2674 nec
3250 2620 3441 2677 domus
3466 2638 3564 2677 nec
3589 2625 3760 2679 vestis

2174 2695 2305 2765 ipsis
2329 2709 2665 2768 suppeteret,
2695 2710 2873 2758 tamen
2897 2720 3063 2775 usque
3085 2707 3219 2763 adeo
3250 2710 3423 2764 laetam
3451 2720 3505 2766 et
3529 2711 3757 2768 hilarem

2174 2788 2337 2842 vitam
2365 2788 2641 2849 ducerent.
2674 2792 2848 2864 Atque
2888 2797 2953 2851 ad
2984 2798 3292 2868 primarium
3319 2816 3472 2855 suum
3505 2803 3759 2856 consilia-

2172 2880 2309 2935 rium
2358 2882 2442 2937 bis
2482 2886 2659 2941 verbis
2704 2889 2904 2943 utitur:
2937 2890 2981 2945 O
3028 2907 3139 2945 rem
3190 2894 3415 2958 miram,
3464 2910 3500 2949 o
3546 2896 3754 2950 amice!

2173 2972 2313 3039 quod
2338 2974 2572 3041 scilicet,
2602 2993 2702 3033 nee
2728 2980 2889 3049 mihi,
2920 2997 3017 3037 nec
3042 2983 3166 3050 tibi,
3200 2985 3304 3038 vita
3332 2995 3535 3051 nostra,
3565 3003 3759 3057 quani-

2175 3063 2255 3116 vis
2285 3065 2483 3134 alioqui
2523 3076 2665 3122 tanta
2696 3070 2862 3138 gloria
2904 3082 2957 3126 et
2983 3072 3189 3128 deliciis
3216 3082 3272 3129 et
3302 3076 3570 3144 voluptate
3596 3078 3758 3130 undi-

483 3165 680 3234 quippe
709 3181 828 3221 eum
855 3168 1151 3223 animarum
1182 3179 1483 3226 nostrarum
1516 3173 1685 3229 hostis
1726 3191 1817 3232 eos
1846 3193 1876 3231 a
1918 3190 2063 3235 recta
2096 3155 2142 3218 C
2173 3168 2278 3221 que
2323 3155 2619 3223 conucens’
2665 3176 2833 3230 usque
2881 3163 3017 3217 adeo
3073 3180 3304 3234 "nquam
3360 3166 3650 3235 Ρ¹³⁰¹¹⁰Γίίν
3700 3181 3759 3222 ⁸η

488 3255 571 3307 via
622 3266 952 3311 transversos
998 3261 1195 3328 egerit,
1246 3269 1405 3330 atque
1443 3263 1494 3316 in
1546 3264 1748 3320 alienas
1786 3268 2065 3335 opiniones

484 3345 757 3414 diviserit,
786 3362 986 3417 eosque
1014 3350 1127 3404 loca
1156 3351 1399 3419 quaedam
1425 3354 1617 3410 divinas
1655 3355 1944 3426 Scriptura:
1973 3362 2066 3415 ali-

484 3446 567 3489 ter
607 3451 766 3506 quam
814 3453 1099 3509 germanus
1143 3456 1333 3498 sensus
1374 3442 1540 3511 ferat,
1584 3447 1923 3517 interpretari
1969 3451 2063 3505 do-

482 3526 673 3581 cuerit.
701 3526 966 3582 Carterum
1000 3543 1103 3584 una
1145 3540 1229 3585 est
1273 3533 1488 3598 veritas,
1523 3550 1643 3603 quae
1671 3538 1739 3591 ab
1769 3538 2063 3595 illustribus

490 3618 748 3685 apostolis
775 3630 829 3674 et
853 3622 1048 3677 divinis
1072 3623 1310 3691 patribus
1340 3626 1623 3693 praedicata
1654 3637 1737 3684 est
1756 3670 1771 3694 ,
1810 3640 1864 3685 et
1895 3648 1945 3685 m
1976 3647 2066 3687 ea-

486 3708 704 3775 tholiea,
732 3720 891 3783 atque
920 3714 987 3768 ab
1016 3716 1270 3772 extremis
1296 3718 1440 3774 orbis
1478 3719 1672 3775 ﬁnibus
1699 3723 1765 3776 ad
1793 3730 2063 3781 extremos

479 3806 648 3873 usque
682 3805 814 3862 fines
857 3807 1047 3862 diﬂ‘usa
1089 3808 1325 3864 Ecclesia
1370 3810 1484 3866 sole
1521 3812 1852 3882 splendidius
1899 3817 2059 3874 lueet.

479 3894 648 3958 Quam
670 3896 883 3965 quidem
907 3911 1005 3967 ego
1026 3905 1086 3951 ut
1111 3898 1204 3953 tibi
1229 3900 1574 3967 prtedicarem
1596 3918 1659 3958 ac
1682 3905 1968 3973 traderem,
1989 3909 2057 3963 ad

481 3995 534 4038 te
561 3986 757 4041 missus
779 4002 919 4042 sum.

551 4094 696 4149 Dixit
721 4105 895 4151 autetn
925 4099 990 4152 ad
1020 4115 1141 4155 eum
1171 4102 1461 4173 Josaphat:
1497 4104 1712 4163 Nihilne
1745 4108 1933 4163 horum
1967 4125 2059 4181 pa-

479 4192 562 4238 ter
590 4200 738 4241 meus
764 4203 997 4258 unquam
1028 4190 1252 4247 didicit?

557 4299 846 4369 Respondit
876 4316 1040 4359 senex
1065 4321 1077 4356 ε
1102 4304 1389 4375 Perspieue
1418 4309 1663 4377 quidem,
1693 4319 1852 4382 atque
1879 4322 1936 4367 ut
1966 4329 2058 4383 par

478 4402 621 4460 erat,
655 4393 788 4448 nihil
833 4394 1037 4451 didicit.
1082 4398 1322 4453 Occlusis
1368 4402 1511 4455 enim
1559 4405 1824 4468 sensibus,
1858 4406 2054 4462 bonum

481 4488 548 4542 de
579 4488 837 4544 industria
869 4490 1149 4559 repudiat,
1179 4501 1342 4562 atque
1387 4495 1440 4547 in
1470 4496 1667 4549 malum
1697 4497 1859 4551 libera
1891 4499 2054 4553 animi
2083 4515 2135 4573 D
2162 4488 2363 4583 ωεξηε,

479 4579 785 4635 inductione
814 4582 1131 4650 propendet,

543 4692 610 4744 At
639 4691 861 4758 vellem,
908 4695 1080 4762 inquit
1107 4695 1400 4766 Josaphat,
1434 4699 1521 4754 ille
1560 4714 1770 4770 quoque
1816 4702 1916 4758 hac
1958 4705 2054 4760 do-

471 4781 638 4834 ctrina
664 4781 1011 4837 imbueretur.

543 4876 837 4948 Respondit
866 4895 1030 4937 senex
1058 4898 1073 4936 :
1103 4885 1229 4939 Haec
1258 4886 1395 4956 apud
1427 4886 1675 4945 homines
1700 4899 1825 4945 sunt
1851 4893 2049 4961 impos-

469 4968 677 5035 sibilia;
708 4971 847 5038 apud
879 4972 1045 5027 Deum
1078 4985 1256 5030 autem
1309 4977 1437 5031 nihil
1466 4988 1548 5033 est
1586 4980 1729 5045 quod
1777 4981 1893 5037 ﬁeri
1942 4997 2046 5037 non

473 5061 640 5126 possit
665 5060 887 5129 (Matth.
914 5066 1048 5133 xix).
1079 5066 1281 5135 Ecquid
1328 5068 1470 5123 enim
1510 5071 1616 5124 scis
1643 5068 1954 5128 futurumne
1980 5076 2049 5127 sit

470 5156 523 5199 nt
553 5148 687 5214 patri
720 5156 809 5202 tuo
836 5151 1059 5205 salutem
1092 5152 1303 5222 aﬂ'eras,
1332 5164 1494 5222 atque
1537 5157 1851 5215 admirando
1890 5163 2049 5217 modo

470 5240 634 5306 patris
659 5238 729 5292 tui
762 5248 909 5307 pater
934 5242 1143 5297 tandem
1171 5245 1411 5301 voceris?
1438 5247 1718 5303 Narratum
1744 5252 1885 5305 enim
1916 5252 2046 5307 mihi

466 5340 549 5384 est
578 5346 755 5399 regem
799 5336 1081 5401 quemdam
1110 5340 1404 5405 exstitisse,
1439 5341 1529 5410 qui
1573 5343 1827 5411 praeclare
1855 5345 2043 5401 admo-

462 5421 591 5475 dum
624 5422 819 5491 regiam
849 5439 999 5479 suam
1024 5425 1331 5494 dignitatem
1357 5431 1793 5499 administrabat,
1827 5435 2043 5490 leniter-

463 5527 569 5576 que
598 5526 660 5566 ac
693 5511 899 5577 placide
929 5517 1179 5584 p0pulum
1206 5534 1294 5587 qui
1328 5522 1493 5590 ipsius
1520 5521 1705 5576 ditioni
1743 5532 1903 5591 atque
1944 5526 2042 5579 im-

464 5603 614 5667 perio
643 5600 859 5655 suberat
889 5605 1173 5669 tractabat,
1218 5608 1268 5661 in
1305 5610 1402 5663 hac
1446 5619 1619 5666 autem
1662 5627 1765 5667 una
1804 5630 1861 5669 re
1893 5616 2037 5670 labe-

464 5694 636 5762 batur,
662 5693 798 5763 quod
832 5693 1021 5752 divina,-
1054 5700 1367 5768 cognitionis
1391 5702 1587 5759 lumine
1612 5714 1813 5761 careret
1834 5745 1847 5772 ,
1880 5718 2036 5777 atque

2170 3244 2289 3298 vilis
2321 3243 2435 3300 haec
2470 3257 2525 3301 et
2564 3263 2865 3306 terumnosa
2903 3252 3009 3306 vita
3055 3256 3313 3311 vecordes
3360 3256 3492 3311 istos
3521 3258 3759 3312 oblectat

2171 3344 2224 3388 et
2247 3336 2535 3405 exhilarat,
2567 3349 2624 3393 ut
2651 3356 2791 3409 quae,
2824 3345 3036 3398 tametsi
3064 3346 3259 3415 alioqui
3290 3362 3478 3417 aspera
3517 3357 3571 3402 et
3596 3363 3755 3403 aver-

2171 3425 2357 3494 sanda,
2388 3424 2558 3483 facilis
2589 3430 2722 3499 ipsis
2750 3447 2814 3488 ae
2856 3433 3051 3489 blanda
3082 3436 3347 3492 videatur.
3380 3438 3752 3507 Opportunatn

2167 3526 2346 3571 autem
2380 3518 2563 3575 horam
2607 3532 2796 3579 nactus
2842 3528 3093 3596 princeps
3138 3528 3228 3583 ille
3248 3529 3627 3609 consiliarius,
3671 3530 3756 3583 in-

2169 3610 2318 3679 quit:
2354 3613 2431 3666 Tu
2460 3630 2611 3681 vero,
2642 3631 2674 3670 o
2703 3633 2818 3687 rex,
2862 3621 3160 3689 enjusmodi
3193 3623 3402 3677 tandem
3445 3623 3634 3677 horum
3665 3622 3755 3675 vi-

2169 3708 2275 3753 tam
2302 3715 2425 3757 esse
2452 3705 2764 3779 existimas?
2803 3711 3080 3776 Omnium,
3128 3712 3301 3782 inquit
3346 3712 3456 3778 ille,
3489 3727 3620 3783 quas
3650 3729 3753 3769 un-

2166 3804 2324 3858 quam
2352 3791 2617 3860 viderim,
2666 3797 3090 3855 insuavissimam
3124 3810 3177 3857 et
3214 3802 3604 3870 miserrimam,
3649 3819 3751 3859 ex-

2165 3881 2567 3952 secrationeque
2606 3884 2818 3955 dignam
2860 3898 2914 3944 et
2955 3893 3327 3947 aversandam.
3373 3895 3524 3949 Tune
3559 3896 3633 3949 ait
3678 3896 3752 3952 ad

2164 3985 2284 4027 eum
2326 3975 2490 4046 279
2528 3978 2809 4043 primarius
2856 3982 2947 4038 ille
2977 3976 3354 4040 consiliarius:
3391 3987 3471 4042 Ad
3501 3988 3749 4045 eumdem

2165 4064 2235 4117 ita
2267 4066 2646 4134 modum,mihi
2692 4072 2877 4138 crede,
2903 4088 2935 4127 ο
2965 4090 3080 4141 rex,
3112 4091 3175 4130 ae
3205 4078 3369 4133 multo
3399 4081 3557 4134 etiam
3590 4096 3749 4136 acer-

2162 4154 2279 4209 bior
2317 4157 2425 4211 vita
2474 4168 2655 4214 nostra
2693 4161 2758 4215 iis
2806 4177 2925 4218 esse
2963 4164 3191 4231 videtur,
3220 4169 3309 4236 qui
3357 4173 3749 4239 sempiternam

2162 4245 2305 4299 illam
2337 4248 2596 4320 gloriam,
2632 4266 2697 4306 ac
2725 4253 2863 4308 bona
2892 4255 2981 4308 illa
3013 4272 3131 4323 quae
3173 4272 3387 4314 omnem
3430 4263 3623 4317 mentis
3648 4277 3745 4319 can

2162 4346 2308 4406 ptum
2362 4352 2654 4409 superant,
2702 4346 3136 4414 contemplantur
3181 4358 3341 4419 atque
3394 4364 3742 4421 cognoscunt.

2161 4426 2334 4495 Atque
2357 4443 2489 4482 auro
2517 4432 2799 4488 rutilantes
2840 4435 3004 4501 tedes,
3046 4450 3109 4491 ae
3141 4439 3397 4507 praeclara
3431 4442 3543 4495 haec
3582 4443 3745 4497 indu-

2405 4531 2719 4591 cteteraeque
2764 4525 2886 4580 vitae
2930 4526 3166 4597 deliciae,
3200 4531 3264 4586 iis
3309 4532 3393 4601 qui
3439 4518 3741 4590 emlestium

2166 4609 2631 4692 tabernaculorum
2676 4629 2780 4669 non
2821 4631 2983 4670 manu
3026 4617 3317 4686 factorum,
3352 4623 3616 4692 vestiSque
3652 4626 3741 4679 di-

2164 4697 2358 4754 vinitus
2383 4682 2668 4770 contextae,
2697 4720 2759 4760 ac
2792 4707 3153 4764 diadematum
3181 4714 3536 4782 corruptionis
3562 4718 3740 4773 omnis

2160 4791 2488 4857 expertium,
2528 4809 2645 4861 qua:
2689 4811 2865 4851 rerum
2905 4801 3144 4855 omnium
3186 4804 3508 4860 architectus
3538 4822 3599 4861 ac
3628 4808 3735 4862 Do-

2158 4879 2332 4932 minus
2353 4881 2688 4952 diligentibus
2709 4902 2768 4941 se
2797 4892 3137 4958 praeparavit,
3163 4896 3486 4952 stercoribus
3508 4908 3560 4953 et
3582 4914 3736 4955 coeno

2157 4966 2426 5027 fetidiures
2458 4975 2721 5031 videntur.
2749 4979 2799 5050 (1
2831 4981 2951 5035 Cor.
2977 4983 3059 5054 tt).
3092 4985 3549 5051 Quemadmodum
3590 4994 3734 5048 enim

2155 5058 2241 5113 isti
2265 5060 2464 5127 judicio
2493 5075 2674 5120 nostro
2700 5084 2764 5123 ac
2801 5075 3064 5129 sententia
3105 5077 3402 5146 desipiunt,
3438 5081 3504 5134 ita
3533 5084 3691 5137 etiam
3712 5125 3731 5151 ,

2153 5164 2217 5205 ac
2248 5154 2415 5208 multo
2441 5159 2628 5226 magis,
2659 5175 2758 5215 nos
2785 5164 2873 5232 qui
2904 5164 2955 5218 in
2986 5168 3184 5223 mundo
3207 5172 3540 5240 oberramns,
3574 5188 3733 5245 atque

2155 5240 2206 5294 in
2237 5246 2477 5301 mendaci
2512 5251 2607 5303 hac
2651 5253 2841 5321 gloria,
2874 5258 3157 5327 stultisque
3186 5260 3394 5317 deliciis
3424 5266 3578 5321 nobis
3621 5240 3731 5332 pla-

2154 5348 2358 5401 cemus,
2398 5338 2450 5391 in
2477 5355 2660 5396 eorum
2698 5346 2870 5403 oculis
2899 5350 2987 5418 qui
3018 5350 3280 5407 bonorum
3308 5353 3519 5411 illorum
3550 5358 3730 5415 dulce-

2146 5424 2327 5482 dinem
2350 5430 2694 5500 degustarunt
2717 5437 2862 5492 luctu
2888 5450 2942 5495 et
2971 5441 3220 5513 lacrymis
3243 5446 3385 5516 digni
3416 5464 3620 5504 sumus.

2216 5520 2309 5574 llis
2338 5530 2515 5578 autem
2544 5527 2720 5583 verbis
2761 5532 3036 5598 perculsus
3081 5549 3173 5588 rex
3196 5576 3210 5601 ,
3251 5535 3463 5607 inquit:
3495 5542 3720 5607 Quinam

2143 5613 2301 5680 igitur
2328 5615 2404 5669 illi
2432 5626 2557 5672 sunt
2583 5624 2670 5689 qui
2698 5625 3117 5690 prznstantiorem
3149 5629 3302 5684 nobis
3333 5633 3491 5686 vitam
3519 5634 3717 5700 agunt?

2142 5704 2357 5775 Omnes,
2391 5708 2558 5779 inquit
2589 5712 2693 5781 ille,
2728 5714 2817 5783 qui
2847 5718 3168 5787 sempiterna
3200 5723 3412 5779 caducis
3443 5734 3495 5779 ct
3523 5723 3717 5796 fragili-
