4010 6274
315 324 421 379 505

745 327 903 384 VITA
942 328 1361 387 SANCTORUM
1404 331 1736 388 BARL~\AM
1779 332 2111 389 EREMITIE
2156 335 2242 391 ET
2280 336 2629 394 JOSAPRAT
2672 339 2879 396 lNDl/E
2922 343 3148 402 REGIS.

3479 349 3583 406 506

306 437 407 492 bus
438 443 805 508 praetulerunt.
835 442 1075 514 Cumque
1105 461 1197 500 rex
1228 461 1439 501 rursum
1469 463 1718 517 quamam
1747 462 1889 504 sem-
1918 452 1966 509 A
1993 451 2201 504 cuidam
2224 450 2429 521 iuveni,
2452 468 2609 522 quem
2639 453 2871 521 c0piosis
2891 464 3050 524 atque
3073 458 3456 516 illustrissimis
3481 476 3577 531 pa-

305 532 521 600 piterna
554 532 647 587 illa
693 544 873 588 essent
902 537 1266 606 quaesivisset;
1301 538 1575 607 respondit
1622 540 1751 594 ille:
1780 540 1887 595 Re-

300 638 468 694 gnum
507 624 576 681 ab
615 628 760 680 omni
805 630 1148 686 successione
1195 631 1461 699 alienum,
1494 647 1557 688 ac
1586 633 1691 689 vita
1731 634 1892 690 morti

301 716 527 771 minime
554 716 807 783 obnoxia,
840 727 894 772 et
924 734 1053 786 opes
1078 728 1369 788 egestatem
1416 738 1521 777 non
1555 733 1887 791 metuentes,

299 807 487 863 ltetitia
516 810 641 865 item
672 818 725 865 et
753 811 1036 867 oblectatio
1063 812 1132 867 ab
1162 815 1308 868 omni
1340 815 1595 871 maestitia
1618 824 1676 871 et
1705 817 1888 872 dolore

293 898 566 966 Seiuncta,
601 914 806 970 paxque
834 912 1089 970 perpetua
1118 944 1131 967 ,
1165 913 1221 960 et
1250 904 1319 960 ab
1346 907 1491 960 omni
1525 907 1806 962 inimicitia
1836 918 1890 963 et

295 990 641 1044 contentione
682 990 867 1047 libera.
900 992 991 1047 llis
1020 993 1176 1048 bonis
1201 1037 1214 1060 ,
1266 996 1456 1065 quibus
1501 998 1756 1053 divinitus
1784 998 1887 1053 fini

294 1080 600 1149 contigerit,
619 1081 758 1135 beati
791 1082 865 1136 illi
889 1096 951 1139 ac
981 1099 1125 1154 smpe
1162 1084 1335 1151 beati;
1371 1090 1538 1141 vitam
1565 1088 1706 1143 enim
1736 1090 1884 1143 omni

296 1170 489 1226 labore
518 1181 572 1227 et
603 1174 855 1228 mmstitia
896 1190 1117 1230 vacuam
1151 1179 1203 1231 in
1254 1193 1414 1235 omne
1438 1194 1609 1235 aevum
1645 1181 1844 1236 ducent
1869 1220 1883 1245 ,

293 1262 549 1317 omnibus
592 1264 738 1334 regni
770 1264 865 1321 Dei
903 1265 1331 1336 iucunditatibus
1375 1279 1431 1324 et
1477 1270 1888 1327 oblectamentis

291 1353 410 1409 sine
439 1354 548 1409 uLlo
569 1356 753 1412 labore
782 1358 1041 1424 fruentes,
1090 1374 1154 1414 ac
1183 1376 1303 1415 cum
1332 1361 1547 1418 Christo
1593 1363 1645 1418 in
1696 1378 1887 1434 perpe-

289 1454 446 1499 tuum
498 1456 801 1514 regnantes.
859 1446 1103 1519 Cumque
1153 1465 1248 1506 rex
1296 1450 1521 1509 dixisset
1562 1470 1577 1508 :
1626 1453 1882 1521 Quisnam

238 1528 243 1565 ⁵
290 1537 510 1593 tandem
542 1538 656 1593 haec
684 1541 939 1611 consequi
970 1543 1405 1612 promerebitur?
1431 1545 1708 1614 respondit
1750 1546 1840 1602 ille
1867 1567 1879 1602 :

287 1628 493 1686 Omnes
521 1632 610 1702 qui
643 1634 807 1688 vitam
840 1635 965 1690 illuc
995 1636 1281 1694 ducentem
1326 1639 1681 1709 arripuerint;
1735 1641 1881 1696 aditu

288 1721 433 1776 enim
462 1737 621 1780 nemo
644 1724 973 1794 prohibetur,
995 1729 1085 1797 qui
1114 1729 1274 1784 modo
1300 1731 1550 1787 voluerit.
1581 1732 1716 1787 Tum
1741 1749 1834 1787 rex
1862 1750 1877 1788 :

1996 539 2235 594 rentibus
2263 550 2442 594 natum
2474 556 2597 595 esse
2628 540 2901 610 intellexi,
2940 543 3176 599 similem
3209 555 3261 601 te
3288 550 3580 616 praebebis.

1994 627 2091 682 Cui
2119 643 2240 684 eum
2272 640 2425 699 pater
2452 630 2645 687 nobilis
2675 631 2951 702 cujusdam
2996 642 3154 705 atque
3182 636 3235 691 in
3266 640 3453 705 primis
3486 655 3582 695 co-

1995 720 2129 787 piosi
2190 721 2294 775 viri
2359 722 2521 777 filiam
2587 723 2781 794 insigni
2842 725 3237 793 pulchritudine
3295 733 3577 799 prteditam

1992 806 2384 876 despondisset,
2418 826 2483 866 ac
2512 811 2580 867 de
2612 812 2919 883 huiusmodi
2949 820 3290 874 matrimonio
3318 835 3438 877 cum
3464 822 3577 880 lilio

1992 911 2297 954 sermonem
2326 903 2732 971 conseruisset,
2764 906 2997 978 quidque
3043 909 3100 965 in
3140 912 3321 966 animo
3352 913 3579 970 haberet

1991 993 2347 1062 exposuisset,
2376 995 2495 1051 haec
2521 1004 2580 1051 ut
2600 997 2691 1053 ille
2713 999 2935 1068 audivit,
2958 1003 3111 1071 quasi
3132 1002 3391 1060 absonum
3414 1005 3574 1077 quid-

1991 1083 2113 1138 dam
2140 1100 2205 1140 ac
2233 1098 2642 1159 praeposterum,
2675 1089 2977 1161 huiusmodi
2998 1108 3112 1150 rem
3146 1098 3445 1164 excutiens,
3477 1114 3566 1155 re-

1991 1174 2119 1230 licto
2149 1187 2296 1246 patre
2319 1180 2565 1250 profugit.
2590 1180 2832 1254 Cumque
2861 1184 2964 1241 iter
2984 1183 3202 1252 faceret,
3226 1190 3365 1257 apud
3384 1205 3570 1246 senem

1994 1268 2279 1335 quemdam
2313 1284 2640 1341 pauperem,
2666 1281 2781 1329 uta
2811 1275 2914 1331 diei
2942 1284 3075 1331 aestu
3114 1291 3235 1332 sese
3271 1290 3570 1348 recrearet,

1993 1356 2226 1414 divertit.

2060 1446 2192 1501 Filia
2238 1463 2398 1517 porro
2440 1450 2586 1507 senis
2619 1453 2764 1507 illius
2791 1469 2909 1523 qua:
2940 1456 3095 1511 unica
3138 1456 3212 1511 illi
3238 1458 3385 1530 virgo
3414 1468 3562 1525 erat,

1989 1552 2087 1605 pro
2116 1538 2321 1597 foribus
2348 1542 2569 1613 sedens,
2600 1544 2845 1599 manibus
2874 1547 3217 1617 operabatur,
3262 1564 3358 1605 ore
3394 1558 3572 1605 autem

1988 1629 2155 1685 Deum
2203 1631 2321 1687 sine
2366 1632 2475 1688 ulla
2523 1634 2930 1691 intermissione
2972 1637 3256 1702 laudabat,
3287 1654 3354 1693 ex
3386 1640 3574 1694 intimo

1988 1732 2212 1791 pectore
2240 1725 2451 1793 gratias
2483 1726 2584 1795 ipsi
2612 1743 2800 1799 agens.
2834 1728 3005 1797 Ipsius
3037 1738 3213 1785 autem
3254 1730 3464 1786 laudem
3489 1732 3574 1799 ju-

290 1811 361 1865 Et
388 1827 655 1883 quamam,
687 1816 877 1886 inquit,
902 1829 984 1872 est
1006 1820 1087 1873 via
1115 1835 1216 1890 qua
1245 1821 1370 1876 illuc
1410 1823 1552 1878 itur?
1578 1824 1874 1893 Respondit

1986 1814 2136 1868 venis
2158 1815 2408 1883 audiens,
2434 1821 2507 1872 ait
2532 1834 2546 1878 ;
2571 1818 2870 1885 Quodnam,
2905 1835 2939 1875 ο
2973 1821 3167 1889 puella,
3193 1829 3340 1876 tuum
3362 1822 3573 1876 institu-

285 1901 382 1957 ille
433 1905 675 1972 praeclari
718 1907 880 1961 animi
915 1907 1035 1964 vir:
1069 1910 1408 1980 Cognoscere
1460 1914 1632 1969 solum
1690 1932 1877 1972 verum

285 1994 483 2062 Deum,
511 2006 564 2051 et
592 1995 771 2052 Jesum
802 1999 1079 2055 Christum
1112 2002 1443 2072 unigenitum
1476 2005 1645 2074 ipsius
1673 2006 1837 2061 filium
1861 2048 1876 2074 ,

283 2094 342 2139 et
372 2096 612 2141 sanctum
645 2103 708 2143 ac
740 2090 1007 2145 vivificutn
1032 2078 1290 2163 Spiritum
1319 2094 1503 2164 (Joau.
1536 2097 1694 2168 xvu).
1814 2096 1831 2101 "

367 2178 479 2232 Rex
506 2179 684 2249 igitur,
717 2181 860 2251 regia
891 2198 1020 2238 sane
1042 2185 1321 2253 prudentia
1353 2188 1629 2256 praeditus,
1660 2189 1727 2243 ad
1750 2204 1874 2245 eum

262 2257 468 2334 ‘inquit
496 2285 510 2323 :
536 2269 599 2323 Et
625 2271 876 2339 quidnam
908 2273 1231 2331 hactenuste
1258 2277 1548 2347 prohibuit,
1591 2283 1880 2349 quominus

284 2357 418 2409 mihi
445 2358 557 2412 hmo
578 2365 916 2428 exponeres?
939 2364 1123 2434 Neque
1143 2367 1286 2421 enim
1311 2369 1426 2424 haec
1448 2375 1793 2427 cunctatione
1816 2388 1880 2429 ac

286 2449 541 2503 dilatione
587 2441 907 2521 mihi'digna
938 2469 1057 2509 esse
1084 2456 1356 2524 videntur,
1404 2460 1450 2514 si
1493 2461 1711 2529 quidem
1750 2477 1877 2516 vera

286 2549 431 2592 sunt.
463 2540 614 2606 Quod
641 2541 686 2594 si
718 2542 875 2597 dubia
908 2545 1262 2608 sunt,sedulo
1295 2554 1348 2601 et
1369 2556 1617 2602 accurate
1647 2549 1878 2604 inveSti-

190 2664 195 2671 .
284 2630 514 2700 gandum
530 2644 631 2695 est,
652 2634 997 2705 quoadusque
1024 2650 1085 2690 ea
1117 2637 1250 2691 citra
1275 2638 1435 2693 ullam
1457 2639 1870 2709 ambiguitatem

286 2740 346 2779 ac
376 2724 761 2782 dubitationem
790 2729 1149 2785 inveniamus.
1184 2730 1300 2787 Non
1343 2732 1665 2803 negligentia
1696 2743 1751 2789 et
1780 2749 1874 2790 so-

288 2816 467 2870 cordia
516 2815 714 2871 factum
764 2826 874 2885 est,
922 2820 994 2874 ait
1037 2821 1163 2888 ille,
1197 2830 1254 2876 ut
1303 2822 1401 2878 tibi
1445 2823 1560 2879 hznc
1606 2838 1876 2894 exponere

285 2916 585 2974 cunctarer,
617 2923 738 2964 cum
781 2924 905 2965 vera
935 2913 1047 2966 sint
1075 2921 1236 2981 atque
1262 2913 1331 2968 ab
1361 2915 1507 2969 omni
1538 2913 1873 2972 dubitatione

286 3010 520 3065 remota;
544 3015 733 3055 verum
761 3002 903 3072 quod
929 3004 1284 3059 excellentem
1312 3007 1497 3075 gloria:
1526 3012 1633 3061 tua:
1654 3008 1869 3078 magni-

287 3093 524 3148 tudinem
550 3108 789 3163 vererer,
818 3109 978 3166 atque
1008 3098 1137 3153 illud
1170 3114 1488 3165 metuerem,
1523 3116 1591 3157 ne
1622 3102 1715 3157 tibi
1745 3118 1868 3173 gra-

1988 1912 2095 1956 tum
2124 1905 2251 1958 est?
2280 1907 2349 1960 Et
2378 1922 2541 1976 quam
2574 1908 2644 1963 ob
2670 1923 2885 1964 causam
2912 1951 2929 1975 ,
2960 1926 3081 1966 cum
3114 1913 3166 1967 in
3198 1921 3341 1966 tanta
3368 1913 3573 1969 vilitate

1981 2000 2035 2046 et
2082 1993 2263 2062 inopia
2316 1997 2577 2062 versaris,
2624 2007 2873 2066 tanquam
2921 2001 2992 2055 ob
3038 2001 3270 2071 ingentia
3313 2003 3571 2061 beneficia

1982 2092 2231 2152 accepta,
2264 2083 2458 2140 borum
2490 2096 2767 2143 auctorem
2797 2088 2954 2144 laude
2983 2091 3187 2147 efficis?
3222 2092 3341 2160 ipsa
3385 2103 3567 2148 autem

1981 2175 2048 2231 ad
2078 2191 2200 2232 eum
2232 2180 2547 2247 respondit:
2577 2183 2667 2235 An.
2708 2182 2883 2237 nescis
2930 2184 3068 2253 quod
3122 2185 3568 2253 quemadmodum

1981 2269 2229 2338 ex'guum
2252 2269 2597 2338 pbarmacum
2615 2287 2647 2327 e
2669 2274 2878 2343 magnis
2902 2275 3212 2345 plerumque
3239 2278 3401 2347 280
3425 2293 3567 2332 tuor-

1982 2355 2066 2411 bis
2098 2359 2380 2414 =bominetn
2413 2361 2603 2429 eripit,
2635 2363 2827 2418 eodem
2859 2364 3022 2419 modo
3052 2365 3215 2420 etiam
3267 2367 3337 2421 ob
3379 2382 3569 2435 parvas

1981 2461 2069 2501 res
2098 2446 2210 2503 Deo
2237 2450 2436 2517 gratias
2463 2464 2623 2520 agere
2647 2492 2665 2516 ,
2699 2453 2933 2522 ingentia
2965 2455 3105 2510 bona
3135 2457 3427 2511 conciliat?
3456 2458 3568 2528 Ego

1980 2537 2140 2605 igitur
2162 2544 2410 2609 pauperis
2439 2544 2586 2598 senis
2614 2545 2749 2608 filia,
2781 2546 2851 2601 ob
2882 2546 3072 2616 exigua
3103 2547 3217 2602 haec
3241 2549 3439 2617 gratias
3464 2565 3566 2618 ago

1978 2640 2042 2682 ac
2068 2628 2352 2684 Dominum
2382 2633 2623 2689 laudibus
2653 2634 2849 2701 afticio,
2884 2636 3019 2691 illud
3065 2638 3319 2693 nimirum
3366 2639 3562 2708 explo-

1978 2729 2155 2775 ratum
2190 2723 2394 2779 habens
2419 2765 2434 2791 ,
2465 2728 2608 2796 quod
2639 2728 2730 2798 qui
2761 2729 2877 2784 haec
2906 2729 3091 2796 dedit,
3125 2732 3327 2800 majora
3353 2746 3565 2802 quoque

1977 2811 2109 2869 dare
2137 2823 2328 2882 potest.
2369 2819 2544 2888 Atque
2571 2821 2686 2876 haec
2716 2822 2930 2891 quidem
2956 2822 3025 2877 de
3046 2823 3206 2879 rebus
3230 2824 3469 2879 externis
3496 2839 3560 2880 ac

1979 2905 2200 2961 minime
2229 2910 2426 2964 nostris
2446 2951 2461 2976 ,
2491 2926 2557 2966 ex
2584 2913 2777 2981 quibus
2809 2928 2909 2969 nec
2940 2915 3024 2970 his
3068 2916 3157 2984 qui
3192 2916 3359 2969 multa
3393 2917 3564 2985 possi-

1982 2999 2112 3055 dent
2139 3001 2340 3058 fructus
2372 3004 2510 3059 ullus
2530 3044 2547 3071 ,
2586 3006 2692 3059 imo
2727 3007 2884 3061 etiam
2915 3022 3062 3077 saepe
3087 3009 3340 3063 damnum
3370 3011 3561 3076 oritur,

1978 3104 2078 3147 nec
2106 3092 2187 3146 his
2208 3093 2299 3163 qui
2329 3095 2576 3162 pauciora
2599 3105 2939 3166 acceperunt,
2968 3099 3364 3154 incommodum
3391 3100 3556 3155 ullum

288 3185 360 3237 vis
391 3199 454 3239 ac
484 3186 742 3241 molestus
770 3202 969 3261 essent.
1008 3189 1272 3258 Quocirca
1305 3192 1351 3246 si
1387 3191 1519 3247 mihi
1544 3192 1745 3248 famulo
1776 3204 1866 3250 tuo

1982 3195 2037 3236 ac
2061 3182 2444 3239 detrimentum
2476 3185 2679 3253 existit,
2707 3189 2904 3258 quippe
2932 3203 3054 3243 cum
3088 3190 3295 3261 utrique
3316 3191 3563 3247 eamdem

285 3275 385 3330 hoc
415 3277 663 3346 imperas,
688 3287 747 3333 ut
778 3287 829 3335 te
855 3280 923 3335 de
955 3279 1041 3336 bis
1073 3283 1235 3338 rebus
1260 3281 1315 3337 in
1350 3292 1621 3353 posterum
1647 3286 1871 3342 submo-

288 3385 436 3422 nvam
462 3410 477 3435 ,
511 3370 735 3439 imperio
763 3381 856 3428 tuo
880 3374 1168 3444 obsequar.
1198 3375 1364 3438 Sane,
1400 3375 1570 3446 inquit
1599 3391 1694 3431 rex
1723 3416 1739 3442 ,
1763 3392 1871 3433 non

284 3463 512 3517 interdiu
536 3465 731 3530 solum,
763 3466 858 3520 sed
887 3465 1045 3523 etiam
1069 3467 1304 3537 qualibet
1335 3468 1467 3523 hora
1499 3469 1629 3523 mihi
1677 3469 1870 3524 harum

287 3569 461 3608 rerum
494 3555 805 3611 memoriam
836 3572 1053 3613 renova.
1079 3558 1264 3629 Neque
1284 3560 1427 3614 enim
1452 3560 1785 3630 negligenter
1806 3575 1871 3616 ac

286 3645 642 3713 perfunctorie
668 3692 681 3717 ,
718 3662 906 3703 verum
956 3664 1170 3705 summo
1214 3649 1392 3707 studio
1421 3666 1484 3706 ac
1532 3654 1747 3708 fervore
1788 3654 1871 3709 bis

285 3737 442 3791 rebus
474 3738 713 3794 animum
758 3740 1040 3795 intendere
1089 3752 1323 3811 opor:et.
1352 3742 1545 3799 Audivi
1588 3744 1766 3813 igitur,
1798 3746 1873 3799 ait

285 3829 548 3899 liarlaam,
577 3830 716 3885 hunc
739 3847 916 3901 regem
944 3831 1202 3902 deinceps
1232 3835 1317 3903 pie
1346 3848 1407 3889 ac
1430 3834 1684 3906 religiose
1704 3836 1868 3890 vitam

286 3918 601 3986 instituisse,
618 3923 1004 3993 praesentisque
1019 3925 1140 3978 vitae
1160 3923 1427 3979 curriculo
1439 3925 1643 3994 placide
1658 3938 1722 3981 ac
1736 3934 1873 3979 trana

286 4012 445 4080 quille
474 4012 741 4079 confecto,
770 4016 1152 4083 sempiternam
1184 4015 1574 4071 beatitudinem
1606 4030 1869 4071 consecu-

286 4114 395 4161 tum
426 4117 567 4163 eSse.
600 4108 958 4174 Quamobrem
988 4110 1033 4165 si
1073 4110 1190 4179 quis
1237 4112 1399 4166 etiam
1453 4121 1662 4181 patrem
1718 4120 1868 4166 tuum

285 4198 349 4252 de
373 4197 457 4252 bis
479 4197 639 4253 rebus
666 4200 979 4268 tempestive
1001 4200 1308 4267 admoneat,
1343 4200 1587 4256 fortassis
1611 4202 1871 4271 intelliget

284 4299 446 4358 atque
486 4289 821 4359 exploratum
857 4290 1074 4346 habebit
1119 4293 1333 4360 quantis
1384 4291 1536 4345 malis
1573 4291 1869 4360 implicitus

284 4388 549 4447 teneatur,
584 4391 741 4451 atque
769 4382 835 4437 ab
864 4383 927 4436 iis
974 4397 1097 4438 sese
1140 4392 1431 4449 avertens,
1482 4384 1624 4453 quod
1670 4384 1868 4439 bonum

284 4481 391 4537 est,
440 4472 790 4542 amplectetur
819 4473 907 4545 (ll
930 4473 1058 4535 Pet.
1094 4475 1159 4546 ι).
1186 4475 1320 4530 Nam
1347 4476 1400 4530 in
1430 4477 1712 4546 praesentia
1741 4479 1865 4548 qui-

1975 3274 2115 3329 viam
2147 3275 2380 3345 obeant,
2410 3284 2571 3347 atque
2599 3278 2666 3333 ad
2711 3278 2957 3334 eumdem
3008 3279 3169 3335 ﬁnem
3215 3283 3561 3338 contendant.

1974 3363 2046 3419 At
2075 3366 2125 3419 in
2155 3366 2218 3420 iis
2247 3382 2367 3437 qua:
2398 3372 2568 3438 magis
2600 3370 2901 3426 necessaria
2936 3370 3263 3442 maiorisque
3304 3376 3562 3429 momenti

1975 3465 2120 3524 sunt,
2144 3459 2324 3516 multis
2349 3462 2704 3534 maximisque
2724 3504 2739 3528 ,
2766 3470 2927 3535 atque
2958 3464 3094 3520 adeo
3130 3466 3427 3521 innumeris
3470 3467 3562 3521 be-

1978 3548 2181 3604 neficiis
2209 3565 2240 3606 a
2268 3550 2381 3607 Deo
2408 3551 2601 3607 affecta
2633 3567 2749 3607 smn
2772 3570 2788 3620 ;
2814 3555 3013 3610 etenim
3044 3556 3112 3610 ad
3148 3556 3236 3611 Dei
3276 3557 3560 3627 imaginem

1974 3641 2210 3711 condita,
2242 3642 2514 3714 ipsiusque
2537 3646 2843 3715 cognitione
2862 3646 3086 3713 imbuta,
3109 3656 3162 3701 et
3189 3648 3393 3702 ratione
3417 3662 3559 3715 pra:-

1980 3742 2060 3788 ter
2107 3736 2286 3791 omnia
2330 3737 2622 3792 animantia
2675 3747 2957 3805 exornata,
3012 3748 3067 3793 et
3111 3754 3179 3794 ex
3229 3748 3423 3804 morte,
3467 3754 3563 3809 per

1975 3828 2183 3882 viscera
2228 3827 2617 3884 misericordia:
2664 3829 2761 3885 Dei
2812 3830 2977 3885 nostri
3024 3829 3090 3884 ad
3120 3831 3283 3885 vitam
3314 3840 3563 3885 revocata

1976 3932 2094 3972 sum
2121 3959 2137 3985 ,
2170 3932 2232 3974 ac
2261 3918 2729 3989 percipiendorum
2762 3920 2929 3989 ipsius
2973 3930 3429 3975 sacramentorum
3475 3936 3565 3990 po.

1977 4019 2221 4065 testatem
2274 4011 2479 4082 accepi.
2529 4013 2769 4082 Denique
2816 4012 3048 4081 paradisi
3102 4022 3254 4082 porta
3302 4012 3563 4082 patefacta

1975 4111 2077 4165 est,
2112 4101 2335 4156 liberum
2368 4101 2526 4169 mihi,
2554 4103 2598 4157 si
2628 4103 2848 4173 quidem
2875 4103 3094 4159 voluero
3120 4144 3136 4169 ,
3167 4103 3373 4158 aditum
3423 4118 3564 4172 pra:-

1976 4196 2130 4251 bens.
2167 4196 2242 4251 De
2268 4203 2345 4249 tot
2375 4195 2536 4265 igitur
2559 4212 2622 4251 ac
2655 4196 2817 4252 tantis
2848 4196 3144 4263 beneficiis,
3176 4211 3404 4268 quorum
3434 4211 3563 4264 pau-

1975 4301 2131 4356 peres
2178 4301 2328 4358 teque
2378 4302 2441 4342 ac
2488 4288 2679 4343 divites
2731 4288 3022 4358 participes
3051 4298 3207 4354 sunt,
3238 4288 3425 4357 dignas
3454 4287 3563 4341 Deo

1974 4380 2173 4449 gratias
2201 4394 2362 4450 agere
2394 4393 2615 4449 prorsus
2638 4372 2868 4450 nequeo‘.
2900 4379 3051 4446 Quod
3075 4381 3118 4434 si
3147 4379 3393 4445 exiguam
3422 4377 3561 4430 hanc

1978 4485 2193 4541 quoque
2245 4471 2458 4527 Iaudem
2486 4471 2536 4526 ei
2566 4472 2654 4540 qui
2682 4487 2767 4526 me
2796 4480 2876 4525 tot
2925 4470 3233 4525 muneribus
3274 4467 3562 4523 cumulavit

283 4566 399 4624 dem
432 4583 606 4624 caecus
632 4577 733 4637 est,
772 4578 824 4624 et
855 4584 1013 4625 manu
1048 4579 1257 4625 tentans
1278 4612 1292 4636 ,
1322 4580 1379 4626 ut
1401 4572 1487 4640 qui
1517 4586 1646 4627 vero
1672 4572 1871 4627 lumine
1899 4561 1952 4619 D
1979 4565 2199 4619 minime
2228 4564 2504 4631 obtulero,
2535 4578 2693 4634 quam
2725 4564 2936 4619 tandem
2974 4562 3371 4618 excusationem
3405 4561 3556 4616 babi-

284 4675 403 4715 sese
447 4660 642 4716 orbarit
672 4702 687 4729 ,
717 4669 876 4732 atque
906 4661 973 4715 ad
1003 4662 1294 4731 impietatis
1338 4661 1586 4717 tenebras
1639 4660 1873 4716 transfu-

286 4751 446 4820 gerit.

354 4842 496 4896 Dixit
518 4851 693 4897 autem
718 4842 782 4896 ad
812 4858 933 4898 eum
960 4841 1252 4912 Josaphat:
1286 4843 1360 4898 De
1389 4852 1537 4911 patre
1561 4859 1704 4908 meo,
1726 4843 1870 4913 quod

280 4936 539 4989 Dominus
563 4934 806 5004 iusserit,
841 4936 952 4990 ﬁat.
978 4935 1112 4989 Nam
1144 4936 1282 5003 ipsi,
1313 4936 1457 4990 velut
1485 4937 1645 4990 etiam
1689 4935 1786 4990 abs
1819 4943 1871 4990 te

279 5027 480 5081 dictum
512 5035 614 5094 est,
646 5040 708 5082 ea
738 5026 917 5081 omnia
952 5028 1227 5096 possibilia
1257 5036 1417 5095 sunt,
1455 5043 1575 5098 quae
1598 5027 1740 5098 apud
1772 5027 1871 5082 ho-

280 5120 458 5173 mines
486 5118 842 5185 impossibilia
872 5132 994 5172 esse
1018 5117 1287 5173 videntur.
1327 5119 1436 5186 Ego
1466 5134 1597 5174 vero
1626 5133 1725 5186 per
1750 5119 1870 5173 exi-

281 5210 416 5264 mios
443 5222 507 5264 ac
533 5208 831 5278 singulares
860 5217 981 5263 tuos
1009 5222 1295 5263 sermones
1315 5247 1329 5271 ,
1355 5208 1608 5262 vanitatis
1631 5221 1870 5276 praesen-

281 5305 411 5357 tium
445 5319 625 5357 rerum
649 5312 931 5373 pertaesus,
956 5302 1024 5355 ab
1044 5301 1128 5354 his
1154 5299 1369 5369 quidem
1395 5300 1613 5354 omnino
1628 5299 1868 5356 animum

281 5396 551 5451 abducere
590 5396 873 5463 constitui,
907 5408 971 5450 ac
1024 5402 1238 5460 tecum,
1264 5392 1532 5462 quidquid
1581 5392 1715 5447 mihi
1747 5395 1869 5450 vita:

281 5496 563 5555 superest,
596 5488 904 5553 traducere,
954 5501 1022 5542 ne
1052 5499 1147 5553 per
1176 5484 1316 5539 ﬂuxa
1348 5493 1401 5539 et
1430 5483 1635 5553 fragilia
1662 5485 1865 5552 sempi-

284 5587 558 5633 ternorum
584 5578 846 5635 bonorum
871 5586 925 5633 et
948 5578 1092 5633 omni
1117 5575 1336 5631 interitu
1365 5576 1663 5632 alienorum
1691 5575 1865 5630 fructu

287 5672 554 5727 excidam.

355 5762 653 5833 Respondit
698 5781 894 5824 senex:
932 5766 988 5822 Si
1039 5768 1138 5825 hoc
1190 5768 1412 5835 feceris,
1448 5766 1863 5838 prudentissimo

1980 4663 2094 4708 tura
2122 4654 2277 4708 sum?

2049 4744 2267 4800 Juvenis
2304 4753 2482 4798 autem
2524 4744 2793 4814 ingentem
2826 4743 2962 4799 hanc
3001 4743 3340 4813 prudentiam
3387 4741 3563 4795 admi-

1976 4849 2132 4899 rans,
2182 4834 2354 4889 accito
2391 4835 2559 4904 ipsius
2610 4844 2803 4904 patre:
2836 4835 2911 4888 Da
2964 4834 3118 4900 mihi,
3152 4835 3360 4903 inquit,
3395 4833 3558 4886 filiam

1978 4937 2121 4982 tuam
2146 4925 2430 4998 (siquidem
2452 4926 2620 4994 ipsius
2649 4925 2986 4995 prudentiam
3014 4940 3076 4979 ac
3099 4924 3349 4992 pietatem
3377 4935 3563 4976 amore

1981 5016 2358 5087 complector).
2392 5016 2573 5072 Senex
2620 5025 2797 5071 autem
2848 5016 2922 5069 ait
2948 5033 2960 5067 :
2986 5014 3101 5068 Non
3136 5014 3260 5067 licet
3299 5012 3425 5076 tibi,
3470 5013 3561 5082 qui

1980 5108 2234 5163 divitibus
2261 5118 2316 5162 et
2344 5108 2578 5177 copiosis
2623 5107 2938 5176 parentibus
2968 5114 3120 5160 ortus
3146 5118 3204 5158 es
3222 5142 3238 5167 ,
3267 5104 3408 5159 hanc
3429 5118 3559 5172 pau-

1980 5202 2122 5271 peris
2144 5200 2243 5255 viri
2273 5200 2435 5255 filiam
2466 5199 2728 5269 accipere.
2752 5200 2984 5252 Rursum
3015 5206 3191 5253 autem
3212 5195 3425 5265 iuvenis
3452 5197 3560 5249 ait:

1977 5295 2133 5351 Certe
2160 5293 2298 5347 hanc
2327 5291 2606 5360 accipiam,
2642 5290 2745 5345 nisi
2777 5299 2832 5344 tu
2864 5288 3170 5358 prohibeas.
3206 5288 3414 5343 Etenim
3446 5286 3553 5340 filia

1977 5385 2220 5456 quaedam
2252 5382 2445 5437 nobilis
2471 5398 2532 5437 ac
2558 5383 2708 5439 dives
2738 5382 2869 5436 mihi
2910 5381 3177 5451 desponsa
3223 5381 3434 5444 fuerat;
3469 5394 3557 5434 ve-

1976 5494 2093 5533 rum
2126 5492 2187 5532 ea
2218 5474 2491 5543 repudiata
2520 5483 2678 5543 atque
2705 5474 2911 5544 abiecta
2943 5518 2958 5543 ,
2992 5475 3044 5529 in
3076 5474 3251 5545 fugam
3282 5490 3368 5529 me
3406 5470 3556 5526 dedi.

1973 5568 2170 5625 Contra
2202 5567 2320 5622 filia:
2366 5574 2500 5633 tute,
2532 5565 2601 5622 ob
2628 5565 2796 5635 ipsius
2824 5580 2950 5636 erga
2996 5567 3158 5622 Deum
3204 5567 3461 5635 pietatem
3491 5574 3555 5616 ac

1975 5662 2308 5732 prudentiam
2358 5677 2541 5717 amurc
2586 5668 2865 5729 correptus
2890 5700 2904 5726 ,
2961 5658 3300 5713 matrimonio
3339 5668 3459 5710 cum
3488 5666 3552 5707 ea

1970 5756 2117 5832 iungi
2152 5768 2364 5827 paratus
2395 5772 2534 5814 sum.
2565 5755 2736 5812 Senex
2771 5760 2949 5809 autem
2980 5751 3044 5806 ad
3074 5752 3244 5821 ipsum
3268 5748 3342 5803 ait
3374 5763 3383 5796 :
3413 5743 3547 5799 Eam
