4010 6238
479 306 584 361 51.7

1516 307 1602 362 DE
1644 307 1814 363 V'lllS
1858 306 2133 361 PATRUM
2177 305 2375 359 LIBER
2420 305 2689 361 Ριιιιιιῖδ.

3645 308 3740 365 5υῦ

487 418 577 471 tibi
628 416 756 470 dare
805 430 1031 485 nequeo,
1067 427 1121 470 nt
1149 417 1199 469 in
1230 426 1506 486 paternam
1538 419 1750 473 domum
1781 418 2012 473 abducas
2038 459 2052 481 ,
2086 430 2130 481 Α
2165 417 2281 469 lisla
2306 425 2359 469 et
2382 417 2660 484 theologus
2677 415 2855 483 (Joan.
2881 416 2943 485 t),
2967 431 3123 472 nemo
3144 420 3302 490 281
3329 420 3459 475 vidit
3486 437 3737 492 unquam.

483 518 640 577 atque
669 522 697 560 a
729 507 863 561 meis
892 508 1032 561 ulnis
1055 508 1339 560 abstrahas
1362 548 1377 573 ,
1424 511 1575 561 unica
1619 512 1761 563 enim
1798 510 1927 563 mihi
1959 520 2059 563 est.

486 603 554 653 At
581 615 701 666 ego,
727 600 898 667 inquit
923 599 1135 666 juvenis
1160 641 1175 662 ,
1206 599 1345 664 apud
1383 614 1473 651 vos
1502 601 1730 652 manebo
1752 642 1764 663 ,
1796 608 2059 655 vestram-

484 707 590 757 que
620 692 737 745 vitre
768 692 1025 745 rationem
1060 692 1380 757 suscipiam:
1426 706 1489 744 ac
1533 702 1716 759 postea
1745 732 1759 756 ,
1793 693 2061 747 luculenta

486 792 633 838 veste
658 784 889 849 objecta,
920 784 1063 837 senis
1106 783 1247 836 illius
1278 792 1455 837 vestes
1488 786 1662 850 petiit,
1696 784 1865 853 iisque
1890 801 1951 840 se
1981 786 2062 839 in-

483 876 619 929 duit.
642 874 883 943 Cumque
913 875 998 927 ille
1028 875 1198 942 ipsum
1245 873 1333 927 diu
1386 876 1713 944 multumque
1766 885 2055 944 tentasset,

486 967 749 1035 variisque
779 965 950 1019 modis
981 966 1146 1033 ipsius
1179 965 1428 1018 animum
1446 966 1814 1033 explorasset,
1857 976 1909 1019 ut
1934 982 2059 1019 eum

483 1058 677 1110 mentis
700 1059 957 1125 gravitate
990 1055 1271 1123 prteditum
1301 1071 1421 1110 esse
1442 1058 1725 1127 cognovit,
1757 1071 1856 1110 nec
1891 1058 2057 1111 stulto

482 1151 709 1220 quodam
739 1166 922 1205 amore
948 1152 1228 1205 obsessum
1277 1152 1437 1205 ﬁliam
1470 1167 1633 1225 suam
1682 1151 2060 1228 immatrimo-

482 1244 625 1295 nium
659 1254 838 1311 petere
862 1282 877 1307 ,
909 1259 1092 1297 verum
1125 1244 1338 1311 pietatis
1368 1245 1544 1315 studio
1575 1259 1864 1319 pauperem
1892 1244 2057 1297 vitam

479 1331 795 1399 amplexari,
826 1348 1051 1402 eamque
1077 1333 1261 1400 gloria:
1289 1349 1398 1389 sua}
1426 1350 1489 1389 ac
1519 1336 1782 1389 nobilitati
1819 1336 2056 1391 antefer-

478 1434 558 1487 te,
587 1431 793 1489 arrepta
824 1421 994 1490 ipsius
1028 1439 1185 1477 manu
1217 1424 1268 1477 in
1300 1425 1923 1501 conclave;suum,eum
1976 1430 2061 1480 in~

480 1511 750 1578 troduxit,
780 1523 834 1567 et
872 1516 1117 1584 iungentes
1164 1531 1294 1585 opes
1344 1518 1454 1572 illic
1505 1520 1806 1574 reconditas
1835 1560 1849 1583 ,
1897 1530 2057 1589 atque

479 1601 922 1657 innumerabilem
983 1607 1323 1673 pecuniarum
1390 1610 1585 1664 molem
1620 1651 1636 1675 ,
1689 1622 2054 1681 quantamque

477 1692 689 1761 juvenis
731 1693 822 1750 ille
868 1712 1139 1765 nunquam
1183 1698 1422 1767 viderat,
1451 1700 1551 1770 ipsi
1582 1706 2049 1759 commonstravit.

2181 506 2491 575 Unigenitus
2524 505 2707 574 Filius,
2740 507 2828 576 qui
2859 517 2941 562 est
2970 508 3022 562 in
3047 510 3165 563 sinu
3197 512 3403 575 Patris,
3440 513 3556 580 ipse
3588 531 3742 569 enar-

2164 596 2319 649 ravit.
2349 596 2474 663 Ejus
2504 612 2665 664 porro
2695 597 2785 667 qui
2813 600 3090 654 oculorum
3125 600 3367 655 obtutum
3398 598 3554 671 fugit,
3585 616 3740 674 atque

2164 688 2456 741 immensus
2487 699 2599 755 est,
2633 689 2859 757 gloriam
2889 699 2944 743 et
2974 690 3343 759 majestatem,
3377 694 3495 761 quis
3529 697 3739 752 tandem

2161 792 2345 832 eorum
2388 780 2477 848 qui
2527 794 2557 833 e
2608 789 2746 833 terra
2796 783 3032 836 concreti
3076 791 3240 847 sunt,
3287 782 3733 854 comprehensam

2165 871 2360 926 habere
2389 882 2577 942 queat,
2612 875 2709 928 nisi
2741 874 2853 941 ipse
2879 877 3134 928 arbitratu
3163 891 3265 929 suo
3311 891 3431 931 eam
3481 879 3739 946 patefece-

2163 963 2268 1027 rit,
2309 965 2756 1032 quemadmodum
2807 966 3011 1019 scilicet
3040 968 3310 1035 prophetis
3359 971 3469 1022 suis
3516 980 3570 1024 et
3618 958 3739 1039 apo-

2162 1057 2311 1110 stolis
2362 1060 2641 1126 patefecit?
2690 1060 2797 1113 Nos
2851 1068 3027 1113 autem
3084 1069 3192 1115 tum
3242 1077 3307 1115 ex
3368 1077 3555 1117 eorum
3613 1080 3738 1131 prte-

2163 1148 2465 1215 dicatione,
2517 1160 2626 1203 tum
2676 1165 2740 1203 ex
2793 1151 2906 1218 ipsa
2968 1167 3145 1205 rerum
3211 1165 3427 1220 natura,
3485 1165 3734 1222 quantam

2161 1242 2370 1310 assequi
2419 1241 2570 1295 nobis
2612 1242 2790 1307 datur,
2828 1257 2945 1295 eam
2987 1242 3262 1297 discimus.
3290 1247 3376 1297 Ait
3416 1245 3561 1299 cnim
3592 1247 3735 1301 Scri-

2163 1340 2315 1400 ptura
2346 1331 2517 1385 :lei
2573 1341 2827 1403 enarrant
2881 1333 3105 1401 gloriam
3162 1333 3277 1399 Det,
3322 1343 3377 1387 et
3415 1350 3577 1403 opera
3632 1353 3732 1390 ma-

2160 1437 2322 1475 nuum
2350 1421 2468 1490 ejus
2493 1422 2772 1475 annuntiat
2802 1422 3191 1477 ﬁrmamentum
3233 1422 3405 1495 (Psal.
3437 1426 3613 1497 xvttt).
3660 1430 3734 1482 Ac

2160 1528 2378 1569 rursus:
2412 1513 2699 1567 lnvisibilia
2752 1514 2918 1577 ipsius
2959 1530 2988 1567 a
3020 1525 3263 1569 creatura
3313 1517 3521 1581 mundi,
3556 1533 3649 1585 per
3672 1534 3730 1572 ea

2158 1618 2277 1671 qua:
2306 1602 2437 1656 facta
2460 1613 2585 1655 sunt
2613 1643 2629 1667 ,
2664 1602 2932 1657 intellecta
2961 1605 3382 1671 conspiciuntur,
3414 1608 3733 1675 sempiterna

2158 1707 2369 1761 quoque
2398 1692 2562 1761 ipsius
2590 1694 2823 1760 potentia
2850 1702 2905 1747 et
2933 1696 3182 1750 divinitas
3209 1696 3384 1767 (Rom.
3422 1698 3489 1768 t).

482 1783 679 1850 Aitque
714 1784 779 1837 ad
811 1800 930 1840 eum
966 1803 979 1839 ;
1013 1788 1134 1851 Fili,
1169 1788 1283 1842 tunc
1311 1791 1486 1844 omnia
1516 1792 1608 1845 tibi
1638 1791 1780 1846 dono
1807 1793 1899 1858 do,
1932 1811 2059 1863 pro.
2090 1787 2137 1846 B
2234 1784 2694 1850 Quemadmodum
2749 1785 2888 1838 enim
2920 1787 3181 1855 quispiam
3220 1790 3435 1842 domum
3486 1790 3736 1855 prmelare

485 1887 663 1940 pterea
711 1879 849 1945 quod
898 1895 1135 1934 mearum
1172 1896 1330 1945 opum
1366 1883 1537 1938 haeres
1585 1899 1705 1940 esse
1738 1888 1791 1938 in
1822 1887 2058 1941 animum

481 1966 755 2021 imluxisti.
780 1970 890 2035 Qua
918 1970 1227 2026 haereditate
1260 1986 1507 2042 percepta
1530 2020 1542 2039 ,
1574 1977 1664 2031 ille
1692 1993 1878 2033 omnes
1904 1989 2059 2034 terra:

477 2054 667 2110 divites
694 2068 746 2111 et
771 2061 939 2115 claros
965 2062 1208 2116 homines
1234 2069 1528 2133 superavit.
1800 2122 1801 2125 η

548 2142 675 2200 Cxp.
712 2147 871 2202 XVll.
901 2180 971 2190 —
999 2151 1139 2205 Dixit
1182 2155 1646 2226 autemJosaphat
1676 2159 1741 2229 ad
1772 2161 2011 2216 Barlaam
2040 2180 2053 2214 :

477 2237 615 2305 Apte
644 2255 773 2295 sane
805 2241 919 2297 hrec
937 2244 1095 2297 etiam
1128 2248 1361 2301 narratio
1394 2265 1571 2305 rerum
1599 2242 1836 2319 mearum
1860 2263 2057 2323 statum

477 2330 747 2396 exprimit,
780 2346 842 2386 ac
873 2336 1093 2401 proinde
1121 2336 1188 2390 de
1218 2353 1303 2391 tne
1334 2354 1545 2408 quoque
1575 2342 1691 2395 hinc
1718 2344 1814 2398 abs
1839 2354 1891 2399 te
1914 2347 2057 2400 dicta

476 2434 598 2472 esse
644 2422 921 2476 existimo.
967 2424 1162 2479 Verum
1212 2430 1476 2496 quodnam
1526 2433 1741 2488 tandem
1792 2444 1876 2489 est
1925 2438 2058 2492 illud

479 2510 902 2578 experimentum
935 2530 1028 2583 per
1058 2517 1197 2584 quod
1223 2520 1386 2573 animi
1417 2522 1522 2575 mei
1564 2526 1923 2581 constantiam
1965 2543 2060 2582 ex-

478 2603 737 2669 ploratam
767 2606 963 2661 habere
991 2610 1176 2678 cupis?

555 2691 848 2761 Respondit
874 2710 1040 2751 senex
1068 2714 1083 2751 :
1115 2699 1380 2769 Equidem
1413 2702 1527 2772 ipse
1554 2706 1717 2760 etiam
1754 2708 2052 2775 periculum

483 2780 603 2846 feci,
632 2790 687 2835 et
711 2782 946 2839 intellexi
972 2798 1171 2853 quanta
1203 2791 1255 2844 in
1287 2800 1337 2845 te
1367 2794 1563 2847 mentis
1591 2798 1865 2861 prudentia
1897 2786 2057 2868 atque

477 2872 776 2928 constantia
800 2914 816 2940 ,
850 2889 1118 2946 quamque
1149 2890 1324 2933 rectus
1353 2890 1407 2936 et
1449 2883 1656 2954 integer
1702 2885 1797 2941 tibi
1846 2888 2057 2943 animus

476 2960 578 3025 sit;
610 2976 796 3016 verum
826 2965 1052 3021 actionis
1082 2976 1185 3024 tua:
1212 2969 1333 3024 ﬁnis
1362 2973 1476 3028 hazc
1497 2976 1857 3033 conﬁrmabit.
1884 2979 2057 3049 Hujus

475 3052 553 3104 rei
603 3053 771 3121 gratia
822 3054 978 3110 flecto
1033 3073 1206 3127 genua
1264 3078 1381 3117 mea
1450 3066 1516 3119 ad
1572 3066 1741 3122 Deum
1812 3084 2053 3128 nostrum

2162 1891 2225 1929 ac
2251 1891 2458 1930 summa
2489 1888 2604 1930 arte
2630 1886 3013 1941 constructam,
3043 1890 3136 1933 aut
3172 1882 3438 1935 vasculum
3465 1884 3733 1951 eleganter

2163 1970 2541 2023 concinnatum
2590 1970 2951 2039 perspiciens,
2996 1971 3344 2026 architectum
3393 1983 3481 2027 aut
3524 1974 3734 2028 fabrum

2163 2059 2341 2112 89ml!“
2379 2059 2447 2112 ob
2488 2060 2725 2113 animum
2775 2061 2878 2115 sibi
2934 2064 3211 2131 proponit,
3254 2066 3331 2117 sic
3358 2064 3514 2118 etiam
3544 2080 3643 2133 ego
3667 2079 3737 2119 ex

2165 2148 2334 2202 nihilo
2383 2149 2614 2215 efﬁctus,
2659 2160 2818 2219 atque
2861 2152 2912 2204 itt
2961 2163 3136 2206 ortum
3188 2153 3497 2222 producms,
3530 2155 3736 2208 etiamsi

2163 2227 2901 2319 lictofegihac'productorem
2955 2258 3130 2296 meum
3182 2259 3402 2319 cernere
3448 2260 3737 2313 nequeam,

2164 2308 2439 2402 tameq'e'x“
2461 2316 2733 2401 aptissima
2754 2322 3098 2403 maximeque
3124 2336 3437 2391 admiranda
3468 2338 3572 2391 tnei
3601 2347 3735 2391 stru-

2163 2408 2313 2477 ctura
2325 2406 2685 2491 ad'sapientia:
2712 2424 2879 2492 ipsius
2894 2428 3249 2493 cognitionem
3265 2429 3408 2491 veni,
3428 2445 3535 2482 non
3557 2440 3737 2499 quate-

2146 2528 2259 2577 Vnus
2278 2523 2379 2576 est,
2394 2514 2486 2567 sed
2501 2524 2765 2583 quatenus
2782 2516 3077 2586 intelligere
3092 2534 3229 2587 queo
3247 2536 3258 2571 :
3276 2535 3470 2589 nempe
3494 2524 3616 2589 quia
3634 2538 3735 2574 non

2152 2622 2290 2687 ocasu
2315 2623 2377 2662 ac
2403 2608 2619 2662 fortuito
2644 2610 2931 2677 productus
2950 2627 3089 2677 sum,
3108 2629 3209 2669 nec
3230 2629 3261 2669 a
3279 2631 3363 2670 me
3386 2616 3503 2684 ipso
3533 2617 3736 2679 exstiti,

2148 2714 2348 2763 verum
2381 2700 2496 2769 ipse
2517 2701 2776 2756 arbitratu
2798 2717 2896 2758 suo
2919 2721 3005 2760 me
3026 2706 3232 2762 efﬁnxit
3259 2710 3374 2763 :sic
3403 2709 3651 2764 nimirum
3684 2720 3739 2766 ut

2162 2805 2249 2845 me
2263 2806 2440 2845 rerum
2456 2792 2692 2846 omnium
2714 2796 3048 2849 conditarum
3067 2799 3357 2868 principem
3380 2800 3737 2866 constituerit,

2162 2882 2477 2950 quibusdam
2526 2892 2705 2940 autem
2752 2887 3057 2941 inferiorem
3106 2889 3320 2957 fecerit,
3354 2905 3416 2946 ac
3447 2892 3737 2946 contritum

2148 2972 2321 3041 etiam
2351 2973 2533 3029 divino
2555 2992 2655 3031 suo
2683 2979 2908 3055 imperio
2936 2996 3021 3034 me
3046 2995 3119 3052 ex
3141 2981 3240 3035 bac
3262 2982 3367 3037 vita
3395 2983 3647 3047 edocens,
3676 2986 3740 3038 ad

2162 3063 2387 3148 alteram
2416 3066 2576 3121 vitam
2612 3069 2731 3121 linis
2760 3081 3036 3128 expertem
3067 3087 3128 3126 ac
3156 3063 3535 3143 sempiternam
3570 3087 3741 3129 trans-

479 3139 698 3213 (Epltes.
746 3145 856 3215 tu),
889 3149 980 3216 qui
1010 3149 1060 3202 in
1093 3151 1355 3208 Trinitate
1401 3156 1728 3224 celebratur,
1775 3162 1840 3214 ad
1891 3179 2012 3218 eum
2038 3206 2051 3230 ,
2086 3144 2130 3207 C
2163 3142 2318 3210 ferat.
2372 3139 2858 3239 Quibusomnibus
2894 3161 2946 3215 in
2977 3164 3139 3219 rebus
3178 3139 3529 3234 providentia:
3575 3169 3740 3236 ipsius

476 3232 713 3303 inquam,
768 3240 855 3306 qui
906 3243 1105 3305 omnia,
1159 3251 1264 3297 tam
1316 3261 1434 3313 qua:
1481 3258 1701 3316 aspectu
1751 3252 2056 3309 sentiuntur

477 3340 635 3393 quam
668 3342 786 3396 quae
813 3331 1088 3385 oculorum
1122 3348 1340 3388 sensum
1371 3336 1580 3405 fugiunt
1603 3346 1935 3408 procreavit;
1966 3348 2054 3415 qui

476 3429 601 3471 vere
628 3431 691 3471 ac
718 3422 1042 3488 sempiterne
1092 3434 1173 3476 est
1198 3469 1213 3491 ,
1266 3442 1365 3479 nec
1411 3427 1625 3497 gloriosi
1655 3440 1824 3486 status
1853 3436 1934 3488 sui
1964 3445 2056 3491 aut

474 3507 791 3578 principium
826 3527 1054 3581 unquam
1083 3514 1285 3583 habuit,
1317 3528 1409 3573 aut
1436 3522 1595 3576 finem
1621 3522 1898 3582 habiturus
1927 3540 2008 3583 est
2037 3546 2051 3582 :

474 3600 539 3653 ad
570 3603 738 3668 illum,
769 3606 1005 3675 inquam,
1040 3612 1381 3667 metuendum
1413 3624 1573 3685 atque
1602 3619 1838 3673 omnium
1869 3637 2052 3677 rerum

476 3703 855 3760 praepetentem
884 3737 898 3762 ,
929 3696 1235 3771 bonumque
1275 3712 1331 3757 et
1368 3706 1434 3759 ad
1482 3707 1881 3764 miserationem
1925 3729 2054 3781 pro~

473 3800 719 3854 pensum,
753 3798 809 3844 ut
834 3794 1008 3849 cord's
1040 3797 1113 3849 tui
1144 3797 1325 3852 oculos
1356 3799 1619 3857 illuminet
1647 3844 1663 3868 ,
1714 3803 1912 3874 detque
1959 3808 2053 3862 tibi

474 3878 719 3945 spiritum
750 3884 1025 3951 sapientia:
1055 3896 1103 3939 et
1134 3890 1475 3946 revelationis
1504 3893 1572 3946 ad
1609 3894 1777 3962 ipsius
1820 3898 2055 3966 agnitio-

476 3985 620 4034 nem,
654 3982 707 4024 ut
737 3986 1030 4041 cognoscas
1079 3993 1197 4046 quae
1248 3981 1316 4033 sit
1341 3997 1466 4050 spes
1496 3986 1791 4040 vocationis
1823 3996 1929 4042 tua:
1950 4031 1964 4053 ,
1998 4001 2053 4045 et

476 4076 593 4128 qua:
622 4063 818 4117 divitia:
847 4067 1026 4133 gloria:
1074 4069 1398 4127 haereditatis
1430 4075 1596 4143 ipsius
1646 4077 1699 4131 in
1728 4081 1929 4134 sanctis
1950 4122 1964 4144 ,
1999 4091 2055 4136 et

477 4165 595 4217 qua:
617 4155 1021 4218 supereminens
1053 4158 1139 4211 illa
1171 4162 1481 4231 magnitudo
1514 4168 1769 4234 potentiae
1799 4168 1965 4238 ipsius
1997 4173 2047 4224 in

477 4256 575 4293 nos
602 4242 691 4310 qui
721 4244 1065 4313 credidimus,
1101 4257 1156 4300 ut
1183 4250 1290 4319 jam
1320 4268 1425 4306 non
1455 4256 1530 4309 sis
1554 4256 1751 4323 hospes
1781 4269 1835 4313 et
1878 4261 2048 4315 adve-

477 4347 565 4397 na,
589 4334 680 4388 sed
708 4334 838 4389 civis
863 4349 1168 4394 sanctorum
1195 4352 1249 4396 et
1271 4346 1594 4403 domesticus
1622 4350 1711 4404 Dei
1741 4351 1955 4421 (Ephes.
1984 4356 2047 4419 ι),

474 4428 932 4493 supermdiﬁcatus
977 4445 1141 4500 super
1171 4434 1573 4493 fundamentum
1604 4445 1965 4508 apostolorum
1995 4456 2048 4500 et

475 4516 899 4586 prophetarum,
947 4537 1065 4591 tpso
1130 4540 1343 4581 summo
1396 4530 1632 4599 angulari
1696 4533 1869 4601 lapide
1923 4536 2051 4591 Jesu

473 4604 705 4672 Christo,
754 4610 805 4662 in
836 4625 937 4679 quo
963 4616 1138 4668 omnis
1167 4617 1451 4673 aediﬁcatio
1501 4631 1808 4678 constructa
1857 4629 2052 4684 crescit

472 4694 525 4748 in
556 4696 811 4765 templum
840 4710 1080 4757 sanctum
1113 4706 1163 4758 in
1197 4706 1420 4761 Domino
1445 4710 1661 4781 (Ep/tes.
1694 4714 1779 4784 tt).

543 4794 800 4865 Josapltat
831 4810 1006 4857 autem
1038 4804 1238 4872 ingenti
1268 4806 1428 4861 animi
1461 4814 1874 4878 compunctione
1916 4815 2051 4870 aﬁ‘e-

460 4900 606 4950 ctus,
638 4890 809 4946 dixit:
840 4894 964 4949 llazc
1003 4897 1206 4951 scilicet
1259 4900 1435 4952 omnia
1492 4900 1605 4968 ipse
1652 4918 1865 4972 quoque
1911 4907 2050 4960 scire

458 4980 723 5046 gestiens,
753 4983 849 5038 abs
879 4994 929 5040 te
959 4997 1102 5055 peto,
1135 4998 1189 5041 ut
1216 4998 1269 5043 et
1298 4989 1491 5044 divinae
1515 4992 1701 5059 gloria:
1729 4993 1961 5061 divitias,
1995 5007 2052 5052 et

463 5073 638 5138 ipsius
668 5080 914 5143 potentia:
941 5083 1307 5137 excellentiam
1340 5085 1469 5138 mihi
1500 5086 1765 5141 declares.

551 5164 689 5218 Dixit
735 5178 909 5222 autem
959 5172 1023 5224 ad
1072 5174 1247 5240 ipsum
1282 5154 1576 5229 harlaam:
1609 5177 1772 5230 Deum
1828 5180 2052 5247 supplex

477 5270 608 5325 rogo
639 5265 694 5310 ut
728 5258 841 5312 hmc
868 5270 919 5314 te
945 5262 1153 5328 doceat,
1185 5275 1349 5335 atque
1397 5267 1697 5335 huiusmodi
1741 5286 1917 5324 rerum
1964 5288 2054 5327 co-

478 5350 767 5413 gnitionem
802 5351 980 5403 animo
1029 5361 1119 5405 tuo
1166 5355 1386 5411 inserat.
1424 5359 1865 5429 Quandoquidem
1912 5363 2050 5429 apud

486 5436 729 5492 homines
754 5438 919 5507 ipsius
942 5442 1107 5509 gloria
1135 5459 1199 5500 ac
1226 5449 1458 5513 potentia
1475 5448 1617 5502 nullo
1638 5450 1796 5502 modo
1812 5465 2050 5505 comme-

485 5530 682 5583 tnorari
709 5542 912 5599 potest,
948 5540 1191 5603 quamvis
1213 5537 1371 5593 etiam
1404 5556 1589 5595 omnes
1619 5543 1857 5596 omnium
1883 5544 2054 5597 homi-

479 5636 633 5684 num,
655 5630 758 5675 tam
777 5628 864 5687 qui
895 5640 1035 5680 nunc
1056 5638 1179 5681 sunt
1205 5644 1362 5696 quam
1386 5631 1473 5701 qui
1502 5632 1786 5701 aliquando
1818 5633 2049 5700 fuerun',

484 5715 673 5784 lingua:
698 5715 746 5770 itt
776 5731 936 5772 unum
969 5729 1176 5774 coeant.
1218 5721 1381 5776 Deum
1412 5723 1583 5791 enim,
1626 5724 1793 5797 inquit
1822 5740 2050 5801 evange-

2159 3254 2359 3309 \'iribus
2408 3256 2667 3310 obluctari
2713 3271 2957 3326 nequeo,
2988 3271 3089 3310 nec
3132 3257 3263 3309 mihi
3310 3257 3623 3326 quidquam,
3659 3258 3739 3311 vel

2156 3354 2411 3414 quantum
2433 3346 2498 3398 ad
2520 3348 2899 3414 staturam,vel
2923 3356 3181 3417 quantum
3211 3347 3277 3401 ad
3305 3348 3487 3401 forma:
3517 3349 3738 3415 ﬁguram

2155 3437 2366 3502 attinet,
2400 3438 2634 3504 adjicere
2676 3448 2767 3492 attt
2816 3438 3131 3493 subtrahere
3156 3482 3171 3507 ,
3211 3454 3309 3493 nec
3335 3454 3399 3493 ea
3426 3455 3545 3507 qua:
3573 3440 3623 3492 in
3654 3455 3742 3494 me

2142 3539 2419 3599 vetustate
2451 3529 2691 3585 confecta
2730 3542 2875 3598 sunt,
2908 3546 3190 3597 renovare,
3237 3546 3335 3586 nec
3378 3547 3497 3601 qua:
3540 3532 3739 3586 labefa-

2156 3628 2297 3674 ctata
2325 3632 2379 3675 et
2403 3632 2651 3691 corrupta
2682 3633 2825 3685 sunt,
2854 3624 2903 3677 in
2934 3624 3201 3693 integrum
3224 3623 3532 3680 restituere.
3552 3625 3737 3693 Neque

2156 3712 2296 3765 enim
2328 3713 2633 3775 mortalium
2664 3713 2803 3767 ullus
2844 3729 3073 3782 unquam
3100 3714 3217 3779 fuit,
3244 3715 3333 3782 qui
3367 3715 3552 3769 horum
3585 3716 3740 3784 quid-

2156 3817 2312 3870 quam
2340 3802 2550 3857 efﬁcere
2573 3813 2770 3871 posset,
2788 3820 2889 3858 non
2908 3820 3030 3868 rex,
3047 3820 3148 3859 non
3176 3806 3407 3872 sapiens,
3432 3820 3536 3858 nun
3559 3806 3736 3871 dives,

2163 3907 2271 3945 non
2304 3902 2514 3962 potens,
2539 3908 2644 3947 non
2667 3894 2898 3961 denique
2926 3896 3060 3948 alius
3088 3895 3350 3963 quispiam
3382 3895 3609 3948 humana
3633 3904 3741 3948 stu-

2156 3984 2239 4038 dia
2272 3993 2613 4040 consectans.
2662 3986 2851 4040 Nullus
2880 3987 3046 4054 enim,
3082 3987 3255 4055 inquit
3286 3988 3393 4053 ille,
3420 4002 3627 4055 regum,
3653 3998 3743 4042 aut

2156 4096 2341 4135 eorum
2363 4081 2450 4150 qui
2477 4080 2530 4135 in
2550 4080 2878 4134 sublimitate
2902 4090 3049 4143 sunt,
3066 4080 3206 4133 aliud
3232 4080 3414 4135 habuit
3442 4079 3739 4135 nativitatis

2157 4174 2385 4228 initium.
2406 4172 2554 4228 Unus
2582 4172 2724 4225 enim
2747 4182 2829 4226 est
2850 4174 3088 4227 omnium
3114 4172 3364 4226 introitus
3388 4172 3453 4225 ad
3478 4171 3664 4237 vitam,
3687 4180 3744 4226 et

2160 4264 2299 4318 idem
2328 4264 2509 4318 exitus
2536 4262 2690 4332 (Sap.
2720 4263 2843 4331 vtt).

2228 4354 2582 4421 Quamobrem
2612 4370 2678 4408 ex
2709 4353 2775 4407 iis
2818 4370 2935 4421 qua:
2974 4354 3040 4407 ad
3073 4369 3157 4408 me
3190 4354 3479 4422 pertinent,
3507 4354 3574 4407 ad
3622 4369 3736 4406 mae

2156 4444 2474 4514 gniﬁcentiae
2498 4446 2691 4498 summi
2720 4445 2862 4498 illius
2884 4444 3155 4500 architecti
3182 4445 3566 4515 cognitionem,
3594 4446 3737 4500 velut

2161 4544 2403 4603 porrecta
2450 4549 2610 4588 manu
2648 4534 2832 4588 ducor.
2885 4534 3147 4589 Przeterea
3187 4548 3364 4590 autem
3408 4537 3736 4602 aptissimam

2156 4641 2334 4680 rerum
2364 4629 2599 4679 omnium
2627 4624 2957 4679 conditarum
2986 4634 3305 4679 structuram
3333 4633 3492 4694 atque
3519 4640 3738 4679 conser-

2157 4717 2420 4770 vationem
2468 4715 2838 4779 consideravi,
2869 4732 3059 4782 nempe
3102 4717 3244 4784 quod
3291 4725 3483 4784 suapte
3522 4715 3732 4785 quidem

2158 4816 2345 4862 natura
2372 4817 2560 4861 cuncta
2586 4805 2863 4861 mutationi
2910 4819 3067 4876 atque
3113 4807 3450 4861 conversioni
3498 4807 3738 4872 subjecta

2157 4910 2301 4965 sunt,
2333 4902 2580 4954 nimirum
2621 4916 2681 4956 ea
2713 4916 2828 4969 qua:
2857 4913 3036 4956 mente
3065 4902 3283 4969 praedita
3332 4911 3483 4966 sunt,
3526 4903 3734 4956 ratione

2155 4991 2487 5053 voluntatis,
2536 5006 2951 5060 progressusque
2995 4991 3047 5045 in
3095 4994 3236 5046 bono
3285 5001 3376 5046 aut
3418 5008 3662 5047 recessus
3707 5009 3739 5049 ιι

2157 5081 2331 5146 bono;
2364 5097 2425 5136 ea
2450 5092 2626 5135 autem
2657 5098 2775 5151 quae
2800 5083 2851 5135 in
2875 5097 3089 5137 sensum
3117 5084 3333 5147 cadunt,
3359 5085 3567 5137 ratione
3589 5095 3737 5137 ortus

2156 5182 2209 5227 et
2237 5173 2504 5236 interitus,
2539 5172 2985 5240 accretionisque,
3016 5180 3071 5225 et
3101 5172 3510 5237 imminutionis,
3542 5182 3599 5227 et
3629 5191 3739 5228 mu-

2159 5264 2372 5318 tationis
2404 5262 2521 5332 ejus
2550 5278 2669 5331 qua:
2698 5264 2747 5315 in
2789 5263 3046 5331 qualitate
3076 5263 3247 5328 posita
3277 5274 3380 5327 est,
3412 5279 3477 5318 ac
3507 5264 3738 5331 denique

2157 5355 2339 5410 localis
2372 5364 2566 5410 motus.
2611 5359 2686 5409 Ac
2732 5370 2823 5422 per
2852 5370 2912 5408 ea
2955 5356 3129 5409 tacitis
3172 5355 3486 5423 quibusdam
3515 5357 3736 5409 vocihus

2159 5450 2451 5518 praedicant
2479 5464 2536 5503 se
2563 5463 2592 5502 a
2624 5449 2735 5502 Deo
2763 5458 3005 5502 creatore
3035 5463 3095 5502 ac
3127 5448 3434 5502 mutationis
3465 5449 3643 5501 omnis
3682 5458 3735 5502 et

2157 5542 2520 5595 conversionis
2550 5549 2776 5608 experte
2804 5550 3078 5608 procreata
3105 5554 3247 5607 esse,
3279 5549 3438 5609 atque
3466 5542 3734 5594 contineri

2156 5642 2209 5687 et
2250 5634 2574 5699 conservari,
2616 5647 2929 5701 semperque
2972 5633 3278 5702 gubernari.
3319 5634 3558 5699 Quonam
3593 5642 3734 5685 eutm

2158 5726 2355 5795 alioqui
2406 5726 2562 5797 modo
2609 5733 2812 5787 natura:
2858 5724 2995 5780 inter
3025 5740 3084 5780 se
3124 5734 3417 5797 pugnantes
3465 5723 3529 5779 ad
3581 5724 3737 5798 unius
