4010 6322
301 370 413 427 509
748 369 903 424 VlT-.\
943 368 1356 424 SANCTOIIUM
1401 368 1729 423 BARLAA.“
1772 367 1861 421 Eli

1989 367 2098 420 TxE
2141 369 2226 421 ET
2260 368 2607 425 .IOS.\PilAT
2649 372 2854 426 INDIIE
2894 374 3120 433 REGIS.

299 484 490 539 mundi
540 490 785 536 ornatum
839 481 1086 535 omnibus
1130 482 1368 535 numeris
1408 482 1786 535 absolvendum
1832 481 1886 533 in
1922 480 1962 536 Α
1996 488 2112 543 pter
2137 480 2524 548 paenitentiam.
2555 480 2834 535 Neminem
2858 483 2998 536 enim
3025 500 3088 539 ex
3116 487 3291 555 iisqui
3314 490 3377 543 ad
3405 490 3575 560 ipsum

295 590 464 629 unum
496 572 771 631 coiissent,
806 587 866 625 ac
896 570 1259 625 dissolutionis
1286 578 1534 636 expertes
1564 570 1890 638 permansis-

292 675 441 730 sent,
469 666 571 718 nisi
603 678 683 716 Vls
710 663 949 731 qttmdam
981 663 1319 729 omnipotens
1344 663 1457 715 haec
1478 670 1532 714 et
1557 661 1883 729 cepnlasset,

292 768 353 812 ct
382 772 595 825 semper
620 771 650 808 a
673 755 1019 809 dissolutione
1044 754 1216 807 aliena
1248 762 1611 809 conservaret.
1645 753 1887 820 Quonam

291 852 441 904 enim
472 854 651 916 pacto,
693 846 789 899 nisi
823 846 1067 899 voluntas
1116 844 1282 912 ipsius
1313 846 1381 898 ita
1428 845 1656 909 tulisset,
1689 843 1888 912 aliquid

293 938 625 994 mansisset?
668 945 757 991 aut
796 951 1025 1006 quonam
1078 947 1263 1003 pacto,
1294 946 1351 989 ut
1393 936 1681 1004 Scripturrc
1711 935 1886 988 verbis

292 1042 440 1097 utar,
467 1030 609 1101 quod
659 1030 728 1084 ab
777 1046 843 1084 eo
893 1028 1115 1083 minime
1162 1038 1405 1083 vocatum
1454 1030 1883 1094 est,conservari

291 1125 591 1195 potuisset?

372 1216 504 1271 Nam
558 1230 678 1269 cum
728 1229 878 1268 navrs
928 1222 1136 1267 remoto
1181 1213 1541 1282 gubernatore
1586 1209 1882 1264 consistere

292 1316 548 1375 nequeat,
577 1320 760 1358 verum
813 1305 993 1357 statim
1039 1319 1250 1373 pessum
1279 1313 1393 1367 eat;
1427 1317 1527 1356 nec
1556 1300 1679 1365 ulla,
1713 1316 1881 1369 quan-

294 1398 541 1451 tumlibet
580 1396 792 1464 exigua,
824 1396 1017 1449 domus
1059 1405 1203 1449 stare
1235 1394 1421 1463 possit,
1459 1393 1565 1447 nisi
1593 1392 1665 1444 sit
1690 1391 1880 1460 aliquis

289 1488 382 1555 qui
406 1488 573 1557 ipsius
601 1502 784 1541 curam
815 1496 988 1555 gerat,
1018 1500 1248 1554 quonam
1282 1485 1493 1538 tandem
1536 1493 1692 1551 pacto
1724 1498 1880 1535 mun-

291 1581 415 1645 dus,
449 1595 582 1647 Opus
613 1594 781 1649 usque
810 1579 944 1632 adeo
969 1580 1174 1647 ingens,
1200 1588 1358 1648 atque
1388 1579 1457 1631 ita
1486 1576 1799 1645 prtcclarum
1823 1586 1880 1631 et

289 1670 689 1732 admirandum,
713 1672 828 1724 sine
860 1671 1054 1724 eximia
1084 1671 1255 1739 aliqua
1287 1680 1341 1725 et
1366 1669 1567 1739 ingenti
1591 1678 1752 1737 atque
1781 1669 1877 1722 ad-

291 1761 534 1814 miranda
565 1761 949 1829 gubernatione
978 1759 1480 1827 sapientissimaque
1516 1757 1869 1825 providentia,

1996 578 2282 623 accurrunt
2304 613 2316 633 ,
2347 582 2676 639 exsecratur,
2727 587 2825 626 nec
2855 585 3130 628 aversatur
3160 579 3309 632 solus
3363 583 3453 636 ille
3483 583 3579 637 bo-

1995 676 2115 726 nus,
2146 671 2305 729 atque
2332 664 2631 717 animorum
2660 677 2848 717 amans
2868 664 3123 719 Dominus
3155 667 3307 738 (Sap.
3340 671 3437 739 xi).
3474 673 3575 728 Βο-

1995 759 2264 813 nedictum
2293 759 2361 813 sit
2388 776 2582 813 nomen
2613 760 2798 830 gloria:
2821 761 2984 827 ipsius
3014 773 3278 827 sanctum,
3304 774 3357 817 et
3387 766 3575 819 lauda-

1993 849 2116 912 bile,
2150 858 2203 902 et
2231 851 2687 913 superexaltatum
2734 852 2783 904 in
2832 851 3046 904 smcula.
3078 854 3247 906 Amen
3279 853 3440 919 (Dan.
3472 857 3577 925 tu).

2062 938 2189 993 CAP.
2224 939 2407 993 XVIII.
2432 969 2502 979 —
2547 940 2687 993 Dixit
2717 950 2893 994 autern
2931 941 2995 994 ad
3030 958 3149 995 eum
3196 942 3490 1011 Josapbat:
3518 947 3573 999 Si

1996 1024 2242 1085 diu‘urno
2283 1040 2523 1099 tempore
2577 1040 2751 1086 tecum
2786 1045 3132 1100 reputasses,
3161 1036 3245 1088 vir
3292 1036 3580 1104 sapientis-

1990 1125 2146 1190 sime,
2176 1140 2405 1195 quouam
2432 1136 2587 1195 pacto
2618 1128 3009 1195 propositarum
3043 1129 3395 1198 quaestionum
3427 1130 3571 1185 solu-

1991 1217 2187 1270 tionem
2213 1217 2341 1270 mihi
2363 1218 2695 1285 perspicuam
2720 1218 2992 1283 redderes,
3010 1234 3128 1272 meo
3143 1219 3351 1288 quidem
3370 1222 3571 1288 judicio

1987 1310 2036 1364 id
2060 1308 2250 1363 melius
2279 1317 2533 1378 praestare
2564 1324 2668 1363 non
2694 1311 2982 1377 potuisses,
3003 1325 3157 1377 quam
3189 1326 3250 1365 ea
3274 1312 3427 1378 mihi,
3449 1329 3569 1381 qua:

1986 1414 2128 1453 nunc
2174 1401 2465 1468 exposuisti
2490 1414 2919 1453 commemorans
2945 1417 2957 1452 :
2986 1402 3181 1469 quippe
3206 1404 3295 1471 qui
3327 1406 3564 1458 omnium

1984 1491 2198 1560 quidem
2240 1506 2418 1544 rerum
2459 1490 2762 1545 elrcctorem
2810 1501 2865 1544 et
2911 1503 3338 1547 conservatorem
3400 1495 3566 1548 Deum

1982 1596 2104 1636 esse
2134 1582 2399 1644 docueris,
2435 1581 2834 1650 majestatisque
2890 1581 3054 1648 ipsius
3084 1582 3306 1651 gloriam
3348 1600 3564 1639 omnem

1982 1673 2174 1728 mentis
2205 1675 2448 1727 humana:
2474 1683 2684 1743 captum
2715 1673 2994 1739 excedere,
3042 1675 3352 1729 clarissimis
3395 1677 3555 1731 ratio-

1981 1765 2138 1820 nibus
2166 1765 2584 1831 demonstraris;
2616 1782 2790 1834 neque
2842 1766 2941 1819 ulla
3000 1766 3099 1820 alia
3151 1769 3355 1821 ratione
3386 1784 3565 1837 quem-

288 1862 397 1906 tatn
427 1854 680 1907 diuturno
701 1853 952 1921 temporis
978 1853 1147 1918 spatio
1170 1853 1530 1905 constitisset?
1558 1852 1693 1905 Ecce
1722 1851 1868 1904 enim
1906 1858 1949 1917 Β
1976 1874 2133 1928 quam
2163 1874 2281 1913 eam
2308 1860 2565 1928 consequi
2597 1874 2771 1928 posse,
2799 1860 2899 1913 nisi
2921 1860 3002 1912 cui
3028 1862 3142 1927 ipse
3168 1861 3426 1913 arbitratu
3453 1877 3561 1916 suo

284 1956 547 2011 quantum
573 1946 679 2012 jam
711 1944 964 2013 temporis
993 1943 1161 2005 ﬂuxit,
1186 1958 1252 1997 ex
1281 1957 1384 2010 quo
1416 1943 1613 1995 cmlum
1642 1948 1744 2007 est,
1778 1956 1875 1995 nec

287 2043 473 2086 tamen
502 2032 881 2086 obscuritatem
929 2032 1212 2095 contraxit,
1242 2046 1341 2085 nec
1386 2040 1545 2084 terrae
1580 2030 1660 2083 vis
1692 2029 1873 2083 tandiu

286 2140 493 2194 parcns
522 2125 777 2191 elanguit,
811 2140 907 2177 nec
934 2124 1125 2190 fontes,
1166 2140 1231 2178 ex
1261 2139 1367 2191 quo
1396 2126 1495 2175 orti
1523 2130 1667 2184 Sunt,
1697 2129 1871 2175 scatu-

284 2216 401 2268 rire
432 2215 772 2277 destiterunt,
803 2229 901 2268 nec
933 2229 1078 2266 mare
1106 2222 1180 2265 tot
1208 2213 1395 2264 ﬂuvios
1426 2212 1698 2280 excipiens
1728 2225 1877 2263 men-

283 2320 469 2358 suram
503 2322 653 2359 snam
684 2307 930 2372 excessit,
956 2322 1053 2358 uec
1076 2304 1202 2357 solis
1228 2318 1289 2356 ac
1308 2306 1445 2357 luna:
1474 2319 1659 2357 cursus
1685 2305 1875 2355 immu-

285 2394 545 2448 tationem
580 2396 737 2448 ullazu
765 2396 1066 2457 subierunt,
1094 2410 1196 2448 nec
1228 2396 1331 2447 diei
1360 2408 1422 2447 ac
1452 2394 1625 2446 noctis
1655 2392 1874 2446 ordines

285 2485 487 2539 inversi
532 2493 676 2537 sunt.
711 2485 784 2537 Ex
817 2484 901 2537 his
941 2485 1188 2537 nimirum
1231 2484 1479 2537 omnibus
1514 2483 1605 2535 Dei
1639 2481 1872 2549 potentia

284 2587 338 2630 et
386 2573 805 2643 magnificentia,
836 2589 955 2641 qutc
999 2587 1213 2626 omnem
1265 2573 1521 2627 orationis
1562 2570 1870 2626 facultatem

284 2678 525 2737 superat,
559 2667 712 2721 nobis
758 2666 1077 2729 declaratur,
1116 2665 1492 2734 prophetarum
1547 2676 1707 2733 atque
1743 2679 1874 2732 apo-

284 2762 543 2813 stolorum
566 2756 867 2811 testimonio
883 2755 1218 2816 confirmata,
1242 2755 1433 2809 Verum
1459 2754 1623 2823 ipsius
1643 2754 1868 2825 gloriam

286 2865 445 2906 nemo
473 2864 705 2917 unquam
754 2863 848 2916 pro
894 2848 1155 2919 dignitate
1185 2849 1421 2918 cogitare
1449 2856 1541 2901 aut
1566 2846 1870 2902 collaudare

286 2944 497 3013 poterit.
553 2942 826 3011 Siquidem
873 2941 1086 2995 divinus
1129 2942 1438 3010 Apostolus,
1469 2941 1578 3005 ille,
1628 2942 1866 3010 inquam,

285 3039 372 3109 qui
398 3039 668 3093 Christum
702 3041 752 3092 in
807 3038 983 3107 seipso
1035 3041 1335 3107 loquentem
1370 3039 1595 3093 habebat
1625 3037 1713 3110 (II
1748 3038 1865 3094 Cor.

284 3136 384 3200 xi),
412 3146 533 3184 cum
565 3145 625 3185 ea
657 3130 860 3197 omnia,
893 3139 1000 3183 tam
1030 3144 1147 3197 qua:
1180 3129 1450 3185 intellectu
1477 3130 1866 3198 percipiuntur,

1980 1966 2099 2006 eam
2128 1952 2429 2020 patefaciat.
2448 1952 2563 2017 Quo
2585 1951 2799 2019 quidem
2829 1953 3046 2005 nomine
3069 1952 3562 2018 eloquentissimum

1981 2050 2124 2096 tuam
2152 2042 2469 2109 sapientiam
2503 2043 2758 2110 majorem
2792 2043 2844 2095 in
2877 2042 3092 2095 modum
3122 2043 3378 2100 admiror.

2050 2135 2154 2189 Sed
2202 2133 2333 2187 illud
2379 2134 2534 2187 velim
2585 2134 2713 2187 mihi
2745 2132 2913 2198 dicas,
2957 2135 3041 2186 vir
3071 2135 3401 2199 beatissime,
3431 2155 3562 2205 qua-

1981 2240 2103 2279 nam
2131 2225 2243 2292 ipse
2275 2232 2433 2277 aetate
2468 2224 2566 2287 sis,
2599 2234 2653 2278 et
2680 2224 2872 2292 quibus
2916 2225 2969 2277 in
3014 2223 3145 2278 locis
3188 2230 3555 2296 commnreris,

1980 2329 2221 2382 quosque
2254 2313 2603 2379 μΙιίΙοεορΙιὶω
2635 2314 2812 2367 socios
2844 2313 3065 2378 habeas,
3093 2315 3352 2383 siquidem
3383 2320 3558 2373 anima

1979 2419 2096 2456 mea
2150 2412 2252 2456 tua:
2296 2402 2593 2457 aretissime
2643 2403 2843 2467 haeret,
2878 2414 3039 2472 atque
3087 2421 3179 2467 per
3228 2422 3388 2462 omne
3436 2411 3560 2464 vita:

1979 2502 2188 2563 tempus
2220 2509 2287 2549 ne
2316 2495 2478 2548 latum
2526 2493 2738 2564 quidem
2769 2510 2996 2564 unguem
3025 2512 3055 2549 a
3087 2506 3136 2551 te
3162 2498 3441 2555 discedere
3468 2517 3560 2557 cu-

1974 2587 2084 2653 pio.

2050 2674 2139 2730 Ait
2190 2684 2367 2731 autem
2416 2674 2869 2740 senesznnos,
2905 2677 2957 2729 ni
3008 2676 3194 2743 fallor,
3225 2681 3457 2750 quinque
3504 2690 3561 2738 et

1975 2768 2322 2838 quadraginta
2356 2778 2510 2821 natus
2536 2782 2679 2831 sum,
2709 2776 2868 2836 atque
2894 2766 2949 2821 in
2997 2777 3155 2823 terrte
3186 2770 3429 2825 Sennaar
3455 2773 3555 2828 de-

1974 2856 2132 2911 sertis
2172 2858 2332 2911 vitam
2382 2857 2538 2927 dego.
2593 2857 3003 2911 Commilitones
3054 2874 3212 2925 porro
3242 2876 3334 2914 eos
3367 2863 3559 2929 habeo,

1975 2950 2063 3019 qui
2094 2948 2161 3003 ad
2190 2950 2408 3017 superni
2450 2949 2657 3003 itineris
2701 2962 2916 3003 cursum
2966 2965 3175 3005 mecum
3225 2951 3470 3010 laborant
3495 2970 3560 3011 ac

1975 3049 2207 3095 certant.

2051 3132 2187 3200 Quid
2216 3132 2331 3185 ais?
2360 3131 2531 3201 inquit
2571 3130 2847 3199 Josapbat.
2895 3131 3025 3186 Mihi
3051 3132 3191 3187 enim
3225 3136 3559 3203 septuaginta

283 3238 442 3291 quam
476 3237 594 3291 qua:
636 3221 881 3275 sensibus
931 3221 1171 3289 subjecta
1214 3229 1359 3285 sunt,
1391 3235 1511 3274 cum
1561 3220 1743 3274 animo
1772 3235 1867 3274 suo
1896 3215 1941 3278 C
1974 3239 2143 3278 annos
2174 3223 2435 3278 excedere
2461 3222 2682 3277 videris.
2713 3223 2849 3289 Quid
2878 3225 3034 3293 igitur
3063 3234 3165 3288 est,
3207 3228 3553 3295 quamobrem

284 3313 717 3376 considerasset,
750 3312 881 3365 dixit
910 3329 921 3363 :
952 3314 1028 3365 Ex
1079 3322 1233 3380 parte
1282 3311 1675 3391 cognoscimus,
1709 3320 1758 3363 et
1801 3326 1867 3364 ex

286 3417 437 3473 parte
464 3408 850 3474 prophetamus
875 3421 889 3458 :
915 3419 1034 3458 cum
1084 3414 1258 3457 autem
1289 3404 1495 3457 venerit
1524 3403 1662 3471 quod
1697 3401 1870 3470 perfe-

284 3512 431 3554 ctum
462 3508 564 3565 est,
585 3481 927 3551 evacuabitur
958 3496 1096 3565 quod
1120 3513 1183 3550 ex
1217 3506 1371 3564 parte
1395 3505 1474 3549 est
1494 3495 1545 3563 (I
1576 3495 1693 3549 Cor.
1723 3494 1867 3561 xm).

284 3594 361 3643 Ac
406 3602 687 3657 prop'erea
738 3603 803 3639 ex
852 3586 1129 3640 immensis
1162 3586 1439 3654 sapientia:
1481 3586 1650 3653 ipsius
1680 3585 1869 3653 opibus

282 3681 637 3734 admiratione
665 3695 727 3732 ac
756 3688 974 3747 stupore
996 3682 1272 3747 perculsus
1298 3689 1479 3748 aperte
1506 3678 1825 3734 exclamavit
1851 3696 1865 3733 :

284 3772 326 3825 0
347 3770 572 3825 altitudo
593 3770 895 3823 divitiarum
920 3770 1196 3837 sapientiae
1221 3777 1275 3823 et
1294 3771 1530 3823 scientiae
1556 3770 1679 3824 Dei!
1707 3786 1867 3839 quam

285 3861 842 3926 incomprehensibifia
870 3859 1207 3927 suntjudicia
1234 3859 1371 3929 ejus,
1391 3870 1445 3916 et
1468 3862 1867 3932 investigabiles

286 3954 383 4010 vite
411 3954 529 4023 ejus
561 3954 734 4021 (liam.
774 3955 879 4022 xx)!

352 4048 517 4117 282
543 4046 689 4110 Quod
722 4046 765 4099 si
800 4046 888 4100 ille
916 4048 1003 4115 qui
1062 4047 1127 4100 ad
1184 4046 1399 4102 tertium
1454 4061 1623 4115 usque
1674 4046 1868 4100 malum

288 4147 622 4208 pervenerat,
647 4148 807 4208 atque
830 4153 1023 4194 arcana
1048 4140 1205 4194 verba
1228 4140 1469 4193 audierat
1492 4139 1574 4209 (11
1600 4140 1717 4193 Cor.
1747 4138 1866 4207 xu),

287 4229 592 4299 bttjusmodi
628 4243 786 4283 voces
808 4229 1013 4291 emisit;
1048 4230 1233 4296 ecquis
1263 4230 1364 4282 mei
1388 4228 1643 4282 similium
1670 4229 1721 4282 in
1748 4238 1866 4282 tan-

286 4332 459 4377 torum
495 4323 869 4393 mysteriorum
894 4322 1144 4391 abyssum
1169 4323 1352 4376 oculos
1382 4322 1685 4387 advertere,
1710 4332 1869 4390 atque

285 4413 478 4481 aliquid
510 4429 603 4481 pro
627 4414 907 4481 dignitate,
940 4429 1045 4466 non
1076 4413 1248 4466 dicam
1292 4413 1495 4479 dicere,
1532 4414 1626 4468 sed
1657 4429 1723 4468 ne
1755 4414 1871 4483 qui-

287 4505 401 4559 dem
424 4506 660 4569 cugitare
683 4505 897 4572 poterit,
924 4506 1025 4559 nisi
1052 4506 1166 4573 ipse
1190 4507 1463 4575 sapientiae
1494 4507 1870 4561 subministra-

1978 3322 2027 3367 te
2052 3314 2398 3383 quadraginta
2429 3314 2664 3381 quinque
2696 3323 2897 3367 tantum
2925 3329 3093 3368 annos
3127 3317 3323 3371 habere
3356 3318 3500 3373 dicas
3527 3320 3550 3372 ?

1975 3418 2149 3472 neque
2176 3405 2319 3458 enim
2351 3405 2450 3458 bac
2482 3404 2531 3457 in
2566 3418 2623 3459 re
2647 3403 2775 3458 mihi
2809 3420 2929 3458 vera
2964 3406 3105 3475 loqui
3132 3407 3344 3461 videris.

2050 3495 2191 3550 Dixit
2238 3506 2413 3550 autem
2446 3497 2510 3548 ad
2556 3511 2678 3550 eum
2713 3496 2956 3550 Barlaam
2987 3515 2999 3549 :
3026 3498 3079 3550 Si
3110 3514 3279 3553 annos
3312 3515 3463 3554 meos
3493 3502 3559 3555 ab

1973 3587 2090 3656 ipso
2119 3588 2241 3640 vitae
2268 3598 2386 3640 ortu
2408 3601 2563 3641 nosse
2585 3591 2802 3657 quaeris,
2827 3597 2969 3641 recte
2995 3602 3127 3641 sane
3158 3604 3251 3643 eos
3283 3591 3558 3659 plusquam

1972 3679 2306 3747 septuaginta
2353 3692 2473 3731 esse
2522 3678 2821 3745 conjecisti.
2857 3681 2925 3731 At
2968 3678 3094 3729 mihi
3151 3679 3363 3745 quidem
3413 3681 3559 3733 nullo

1973 3771 2192 3825 omnino
2220 3769 2375 3823 modo
2405 3770 2543 3822 inter
2570 3770 2688 3821 vita:
2719 3782 2889 3820 annos
2919 3776 3225 3829 censentur,
3253 3770 3340 3837 qui
3366 3769 3417 3822 in
3454 3771 3556 3823 Int-

1969 3865 2056 3932 jus
2084 3862 2265 3917 mundi
2297 3862 2529 3915 vanitate
2556 3861 2858 3927 cotisumpti
2908 3870 3052 3912 sunt.
3090 3860 3219 3913 Nam
3254 3876 3395 3923 cum,
3428 3877 3551 3930 pec-

1974 3956 2106 4009 catis
2136 3954 2187 4007 in
2218 3953 2527 4006 servitutem
2560 3951 2822 4016 addictus,
2847 3951 2994 4004 carni
3028 3951 3283 4018 viverent,
3303 3964 3558 4022 quantum

1972 4050 2039 4102 ad
2094 4048 2405 4101 interiorem
2463 4044 2737 4097 hominem
2796 4044 3024 4107 attinet,
3087 4056 3328 4100 mortuus
3384 4061 3556 4100 eram.

1972 4138 2329 4207 Quamobrem
2360 4138 2546 4189 mortis
2574 4150 2765 4198 annos,
2799 4137 2921 4189 vitae
2948 4150 3120 4189 annos
3164 4152 3431 4206 nunquam
3464 4154 3558 4206 ap—

1972 4230 2347 4301 pellarim..Ex
2380 4244 2484 4295 quo
2510 4240 2688 4283 autem
2724 4229 2957 4283 mundus
2983 4228 3112 4282 mihi
3137 4230 3425 4283 erucilixus
3452 4240 3556 4294 est,

1972 4331 2026 4375 et
2055 4336 2155 4390 ego
2184 4319 2382 4373 mundo
2426 4318 2571 4389 (Gal.
2608 4319 2712 4386 vr),
2745 4328 2905 4387 atque
2930 4330 3090 4372 exuto
3120 4330 3287 4375 vetert
3317 4320 3556 4382 homine,

1972 4414 2061 4483 qui
2115 4413 2407 4467 secundum
2454 4413 2651 4464 erroris
2702 4412 2969 4465 desideria
3020 4415 3413 4480 corrumpitur,
3449 4429 3554 4467 non

1969 4504 2077 4573 jam
2106 4504 2249 4557 carni
2282 4503 2423 4567 vivo,
2448 4502 2540 4557 sed
2570 4503 2698 4554 vivit
2721 4502 2772 4555 in
2802 4519 2885 4554 me
2913 4502 3185 4562 Christus;
3216 4503 3353 4571 quod
3378 4515 3555 4558 autem

288 4606 365 4651 tor
393 4607 551 4665 atque
582 4598 946 4665 insipientium
978 4606 1251 4653 corrector
1284 4600 1534 4656 dederit?
1569 4601 1777 4654 Etenim
1811 4602 1864 4655 in
1895 4583 1943 4641 D
1972 4597 2114 4659 Vivo.
2148 4596 2198 4647 in
2234 4595 2336 4646 “de
2364 4595 2488 4646 Vivo
2516 4592 2634 4645 Filii
2673 4591 2787 4655 Dei.
2812 4593 2897 4660 qui
2928 4592 3111 4644 dilexil
3141 4608 3246 4652 "te.
3275 4601 3328 4644 ει
3357 4608 3449 4660 pro
3472 4611 3557 4647 Ino

287 4689 445 4754 ipsius
475 4704 634 4741 manu
659 4696 712 4741 et
743 4703 839 4742 nos
865 4698 917 4742 et
945 4705 1226 4745 sermones
1255 4691 1420 4745 nostri
1444 4699 1589 4755 sunt,
1609 4700 1665 4746 et
1692 4692 1867 4745 omnis

288 4783 559 4845 prudentia
592 4798 653 4835 ac
684 4782 918 4836 solertia:
943 4784 1187 4836 scientia.
1211 4784 1385 4850 Atque
1410 4783 1575 4851 ipsius
1606 4782 1866 4837 beneficio

286 4886 460 4929 veram
494 4887 677 4925 earum
710 4888 884 4927 rerum
909 4888 1027 4941 qua:
1052 4882 1173 4931 sunt
1199 4872 1557 4941 cognitionem
1583 4873 1861 4940 habemus,

285 4965 570 5030 mundique
619 4966 1015 5017 concretionem
1064 4964 1444 5032 intelligimus,
1472 4965 1861 5018 elementorum

286 5058 455 5120 vires,
492 5067 792 5120 temporum
845 5056 1047 5108 initium
1096 5066 1151 5110 et
1201 5055 1539 5114 medietatem
1578 5066 1633 5110 et
1679 5055 1859 5118 linem,

287 5149 506 5216 partium
559 5147 683 5199 anni
737 5146 1150 5207 vicissitudines,
1179 5159 1247 5199 ac,
1272 5154 1645 5212 tempestatum
1691 5154 1863 5198 muta-

287 5243 494 5295 tiones:
520 5239 768 5309 quoniam
795 5236 972 5290 omnia
1005 5251 1055 5287 ιιι
1090 5236 1249 5288 modo
1280 5244 1329 5287 et
1375 5250 1624 5287 mensura
1660 5236 1863 5287 consti-

289 5335 402 5391 tuit.
452 5332 725 5401 Siquidem
780 5330 1000 5383 multum
1053 5341 1247 5394 posse,
1276 5327 1376 5395 ipsi
1408 5341 1623 5394 semper
1669 5333 1863 5393 praasto

285 5436 387 5490 est;
420 5437 474 5479 et
522 5423 728 5481 brachii
779 5422 942 5484 ipsius
987 5418 1169 5474 robori
1214 5419 1332 5486 quis
1373 5417 1624 5471 resistet?
1654 5418 1860 5471 Etenim

287 5527 529 5583 tauquam
563 5524 891 5568 momentum
926 5508 1140 5571 statera
1160 5549 1175 5573 ,
1208 5510 1284 5563 sic
1315 5518 1397 5562 est
1425 5517 1546 5569 ante
1573 5523 1694 5561 eum
1723 5509 1867 5560 orbis

288 5614 571 5668 terrarum,
617 5613 671 5657 et
727 5614 979 5669 tanquam
1039 5608 1185 5667 gutta
1235 5599 1371 5657 roris
1429 5599 1698 5664 matutini,
1749 5614 1868 5666 (pta:

288 5695 559 5757 descendit
605 5694 658 5746 in
706 5702 922 5747 terram.
970 5691 1074 5745 Sed
1124 5689 1409 5744 miseretur
1454 5690 1713 5755 omnium,
1743 5692 1864 5756 quia

289 5782 456 5839 oumia
501 5790 697 5853 potest,
727 5762 780 5837 et
812 5780 1111 5836 dissimulat
1157 5790 1373 5847 peccata
1424 5780 1697 5835 hominum
1745 5796 1865 5849 pro-

1974 4685 2207 4754 seipsum
2239 4683 2456 4738 tradidit
2481 4682 2696 4752 (Ep/tes.
2724 4682 2799 4752 ιν)
2824 4698 2838 4735 :
2866 4682 2962 4736 hos
2986 4682 3106 4734 vita:
3135 4696 3303 4734 annos
3330 4690 3386 4735 et
3413 4684 3555 4735 salu-

1975 4778 2042 4830 tis
2081 4777 2197 4830 dies
2226 4775 2429 4842 OplIIIIO
2455 4773 2575 4841 jure
2616 4774 2936 4827 vocaverim.
2988 4773 3130 4839 Quos
3160 4772 3372 4839 quidem
3405 4774 3558 4841 quin-

1972 4884 2077 4937 que
2119 4877 2173 4920 et
2218 4867 2567 4935 quadraginta
2619 4880 2740 4920 esse
2771 4880 3015 4919 asserens
3039 4905 3054 4927 ,
3085 4871 3438 4917 consentanea
3474 4881 3557 4917 ra-

1974 4959 2141 5025 tione,
2186 4972 2248 5010 ac
2290 4973 2394 5011 non
2441 4957 2692 5023 absurde,
2720 4958 2906 5008 borum
2956 4970 3237 5009 numerum
3289 4954 3381 5007 tibi
3422 4956 3553 5008 dixi.

1972 5048 2109 5116 Quin
2159 5059 2211 5102 tu
2255 5063 2467 5117 quoque
2504 5064 2567 5102 ea
2602 5063 2820 5115 Semper
2862 5057 3041 5101 mente
3070 5063 3133 5100 ac
3161 5050 3426 5101 sententia
3480 5050 3556 5102 sis

1972 5140 2155 5204 velim,
2174 5140 2422 5193 nimirum
2446 5150 2501 5191 ut
2527 5153 2619 5192 eos
2648 5138 2738 5205 qui
2761 5148 3015 5205 quantum
3045 5138 3110 5190 ad
3142 5153 3301 5191 omne
3329 5138 3553 5204 probum

1973 5246 2107 5297 opus
2139 5232 2331 5283 mortui
2363 5240 2505 5291 sunt,
2554 5230 2783 5295 peccatis
2829 5236 3005 5281 autem
3037 5228 3245 5293 vivunt,
3277 5238 3435 5298 atque
3464 5246 3558 5282 eo-

1973 5339 2091 5377 rum
2133 5322 2222 5388 qui
2271 5321 2415 5372 hutni
2455 5319 2717 5388 provoluti
2748 5326 2873 5372 sunt
2905 5320 3125 5389 principi
3158 5320 3549 5388 obsequuntur,

1973 5425 2026 5469 ct
2056 5416 2107 5467 in
2140 5414 2499 5481 voluptatibus
2540 5426 2602 5465 ac
2651 5411 2917 5482 pestiferis
2963 5413 3347 5479 cupiditatibus
3390 5414 3550 5465 vitam

1969 5509 2287 5570 absumunt,
2325 5507 2470 5558 nullo
2501 5507 2660 5559 modo
2692 5507 2873 5561 vivere
2899 5507 3211 5566 existimes,
3242 5520 3425 5558 Verum
3458 5518 3553 5557 eos

1968 5598 2263 5651 exstinctos
2309 5612 2428 5651 esse
2476 5597 2567 5650 tibi
2614 5598 2976 5666 persuadeas,
3011 5600 3243 5665 vitasque
3290 5591 3551 5648 functioni

1969 5699 2227 5743 mortuus.
2269 5688 2399 5741 Nam
2449 5698 2726 5756 peccatum
2760 5689 3076 5743 immortalis
3106 5688 3296 5741 anima:
3323 5692 3548 5737 mortem

1968 5794 2087 5836 esse
2122 5780 2332 5849 sapiens
2363 5780 2575 5855 quidam
2609 5796 2711 5835 non
2755 5780 3022 5836 immerito
3050 5770 3425 5848 pronuntiavit.
3456 5773 3548 5824 At-

3480 379 3582 434 5l0
