4010 6224
506 316 595 370 {ill

1544 330 1630 384 DE
1675 333 1848 390 V'lTlS
1891 336 2175 395 PATRUM
2215 341 2420 400 LIBER
2463 348 2738 411 PRIMUS.

3675 380 3771 433 διε

504 443 606 495 que
656 432 814 484 etiam
860 429 941 486 his
995 437 1172 490 verbis
1223 439 1508 506 Apostolus
1540 445 1704 498 utitur
1730 464 1742 498 :
1767 447 1897 500 Cum
1946 450 2088 504 servi
2118 455 2164 511 Λ
2197 453 2318 520 mis,
2354 467 2407 511 et
2432 461 2861 535 stirpibus,quas
2885 471 3138 541 solitudo,
3159 476 3364 534 cmlesti
3393 496 3516 540 rore
3544 489 3772 562 perfusa,

505 524 696 562 ncsnﬁc
737 529 937 562 nnnnqﬁ
999 529 1337 562 "Lor:nhnﬁn
1369 535 1577 562 huu:n~.
1635 543 1907 562 [ι--μ,-η,
1985 546 2006 562 ρ
2497 560 2507 562 4
2578 561 2582 562 ,

505 524 696 577 essetis
737 529 962 593 peccati,
998 529 1149 585 liberi
1179 535 1340 589 eratis
1361 535 1599 604 juSIiliaa.
1634 543 1799 609 Quem
1829 559 1954 614 ergo
1983 546 2091 600 fru-

503 624 644 666 ctum
692 616 952 673 habuistis
984 621 1035 674 in
1084 623 1166 678 his
1203 624 1254 678 in
1295 629 1485 696 quibus
1536 648 1675 688 nunc
1721 637 2087 695 erubescitis?

506 706 650 761 Finis
693 709 834 762 enim
861 711 1069 768 illorum
1102 731 1246 771 mors
1277 731 1376 774 est.
1409 722 1559 778 Nunc
1604 738 1782 781 autem
1817 729 2025 785 liberati
2056 749 2085 787 a

503 812 744 866 peccato,
778 803 916 856 servi
947 815 1122 860 autem
1156 808 1277 864 facti
1306 812 1560 881 justitite,
1595 817 1804 876 habetis
1851 821 2083 878 fructum

503 899 738 944 vestrum
767 895 816 947 in
842 898 1519 969 sanetificationem,tinem
1542 921 1718 966 autem
1745 914 1906 969 vitam
1930 926 2086 972 aeter-

500 995 646 1035 nam.
698 983 972 1055 Stipendia
1025 993 1168 1048 enim
1219 1001 1445 1065 peccati,
1469 1017 1647 1070 mors;
1689 1008 1856 1076 gratia
1906 1021 2082 1067 autem

502 1070 617 1136 Dei,
652 1074 756 1128 vita
809 1087 1042 1148 aeterna,
1076 1082 1129 1138 in
1179 1086 1390 1146 Christo
1432 1091 1558 1150 Jesu
1614 1097 1842 1155 Domino
1898 1114 2082 1160 nostro

500 1161 673 1231 (Itoni.
699 1166 793 1236 vt).

570 1254 706 1308 Dixit
734 1267 910 1313 autem
943 1262 1009 1317 ad
1041 1279 1162 1320 eum
1208 1270 1467 1342 Josaphat
1496 1278 1972 1353 :Quandoquidem
1999 1289 2077 1342 vi-

497 1355 602 1398 tam
625 1361 745 1416 qua:
770 1350 821 1405 in
845 1367 1005 1411 carne
1032 1358 1264 1430 ducitur,
1287 1367 1450 1422 vitam
1472 1385 1590 1426 esse
1617 1373 1837 1432 minime
1866 1394 2075 1446 censes,

493 1451 591 1505 par
620 1452 699 1495 est
730 1443 890 1511 igitur
918 1457 976 1502 ut
1007 1465 1074 1506 ne
1104 1467 1330 1511 mortem
1363 1462 1580 1529 quidem
1611 1467 1746 1523 hanc
1775 1486 1931 1540 quam
1963 1489 2077 1530 om-

493 1541 588 1580 nes
615 1530 845 1587 subeunt
873 1547 1099 1595 mortem
1123 1558 1244 1600 esse
1273 1562 1515 1608 censeas.

564 1621 859 1693 Respondit
875 1644 1036 1688 senex
1056 1653 1066 1687 :
1087 1636 1214 1694 Sine
1229 1641 1330 1696 ulla
1346 1644 1675 1706 dubitatione
1690 1653 1754 1709 de
1769 1654 1849 1710 his
1866 1673 2076 1729 quoque

491 1711 560 1765 ita
585 1723 1011 1793 censeo,quippe
1039 1730 1129 1796 qui
1160 1740 1536 1804 temporariam
1564 1743 1700 1801 hanc
1720 1761 1944 1806 mortem
1975 1754 2076 1808 mi-

492 1804 636 1858 nime
670 1809 1063 1885 pertimescam,
1087 1819 1193 1874 imo
1216 1838 1314 1878 nec
1343 1830 1559 1885 omnino
1584 1844 1810 1892 mortem
1835 1854 1950 1894 eam
1978 1857 2072 1912 ap-

488 1894 700 1963 pellem,
744 1901 788 1952 si
836 1905 1049 1970 quidem
1076 1925 1278 1981 meper
1320 1916 1624 1977 divinorum
1676 1941 2067 1999 praceptorum

488 1985 626 2039 viam
660 1989 992 2050 incedentem
1045 2002 1348 2076 arripuerit,
1384 2011 1508 2078 quin
1533 2017 1706 2082 potius
1735 2023 2011 2078 transitum
2039 2041 2068 2079 a

484 2090 655 2133 morte
677 2082 741 2135 ad
760 2091 1184 2152 praestantiorem
1199 2106 1253 2151 et
1275 2103 1644 2167 perfectiorem
1665 2110 1826 2166 vitam
1841 2123 1999 2184 atque
2015 2118 2066 2172 in

484 2170 643 2240 283
665 2171 879 2231 Christo
899 2180 1265 2242 absconditam
1293 2191 1512 2262 (Coloss.
1539 2197 1640 2268 ιιι).
1665 2202 1828 2271 Cujus
1851 2170 2064 2276 quidem

481 2267 870 2330 consequendae
910 2274 1199 2340 cupiditate
1230 2279 1514 2349 flagrantes
1541 2267 1728 2357 optimi
1764 2296 1897 2360 viri,
1930 2314 2065 2366 prce-

478 2361 684 2405 sentem
716 2354 850 2410 hanc
881 2360 1040 2414 vitam
1071 2371 1394 2432 permoleste
1425 2375 1682 2434 ferebant.
1719 2383 1870 2441 Unde
1902 2392 2060 2445 etiam

477 2440 550 2492 ait
593 2442 1158 2511 Apostolus:Scimus
1209 2462 1349 2516 enim
1399 2470 1647 2534 quoniam
1699 2475 1744 2528 si
1794 2484 2061 2538 terrestris

1943 2703 2053 2735 ιΙΙΙ,

473 2724 729 2776 aternam
781 2724 834 2779 in
878 2730 1048 2786 cmlis.
1108 2736 1238 2790 Nam
1287 2750 1338 2794 et
1377 2743 1428 2796 in
1477 2745 1577 2802 hoc
1633 2749 2051 2827 ingemiscimus,

473 2805 690 2827 I,-_L"s.'

1689 2805 2051 2827 υρη-τ---υυυς

470 2805 849 2870 habitationem
883 2831 1139 2891 nostram,
1175 2843 1292 2896 quae
1320 2833 1387 2888 de
1432 2838 1569 2892 cmlo
1607 2850 1709 2908 est,
1741 2849 2053 2915 superindui

469 2901 766 2973 cupientes,
795 2909 839 2963 si
890 2920 1071 2970 tamen
1117 2922 1292 2976 vestiti
1331 2933 1384 2980 et
1422 2943 1527 2983 non
1559 2934 1686 2990 nudi
1717 2936 2052 2999 inveniamur

474 2989 566 3057 (ΙΙ
594 2992 708 3048 Cor.
747 2995 821 3068 ν).

531 3082 662 3137 Nam
693 3093 850 3159 etqui
900 3108 1083 3155 sumus
1115 3102 1165 3157 in
1220 3104 1321 3164 hoc
1362 3112 1722 3186 tabernaculo,
1747 3121 2048 3194 ingemisci-

462 3189 581 3229 mus
611 3183 839 3248 gravati,
871 3199 935 3240 eo
960 3191 1100 3256 quod
1132 3196 1376 3254 nolumus
1396 3207 1704 3273 exspoliari,
1733 3214 1827 3268 sed
1859 3231 2047 3285 super-
2075 3186 2120 3248 Ο

461 3266 662 3330 vestiri,
695 3278 752 3322 ut
780 3272 1130 3335 absorbeatur
1157 3287 1298 3353 quod
1345 3296 1570 3351 mortale
1614 3309 1697 3353 est
1725 3316 1754 3354 a
1783 3305 1912 3359 vita.
1967 3313 2045 3364 Ac

459 3370 669 3412 rursum
697 3378 709 3413 :
733 3362 939 3434 Infelix,
964 3369 1154 3442 inquit,
1177 3392 1277 3447 ego
1307 3382 1487 3449 homo,
1532 3391 1650 3458 quis
1682 3408 1766 3448 me
1796 3396 2043 3456 liberabit

456 3445 522 3499 de
550 3462 776 3520 corpore
806 3459 992 3514 mortis
1037 3462 1194 3531 hujus
1216 3445 1431 3540 _(Rom.
1467 3445 1595 3545 νιίῖι
1636 3481 1701 3535 Ει
1743 3484 1849 3540 alio
1881 3487 1996 3545 loco
2023 3509 2036 3544 :

454 3537 620 3608 Cupio
659 3544 897 3616 dissolvi,
957 3563 1010 3608 et
1049 3570 1168 3614 esse
1193 3537 1313 3617 cum
1358 3537 1572 3624 Christo
1602 3537 1919 3650 (Ριιιιίρξι).
1971 3583 2040 3638 Et

453 3631 717 3698 propheta
749 3637 913 3695 David
947 3659 959 3698 :
993 3649 1216 3712 Quando
1242 3657 1475 3727 veniam,
1530 3673 1583 3717 et
1615 3631 1883 3737 apparebo
1914 3687 2037 3733 ante

450 3722 639 3778 faciem
674 3725 765 3782 Dei
795 3729 966 3802 (Psal.
993 3739 1140 3808 xu)?
1169 3743 1318 3811 Quod
1350 3722 1527 3807 autem
1547 3722 1890 3832 ego-quoque
1919 3781 2035 3821 om-

1580 3813 1608 3824 ι-
1693 3813 1708 3829 ι
1760 3813 1889 3832 ~1—'
1923 3813 2006 3821 ""'

448 3813 593 3867 nium
621 3817 867 3914 infirmus
893 3840 1205 3895 corpoream
1238 3850 1465 3896 mortem
1519 3849 1666 3904 nullo
1704 3855 1866 3910 modo
1893 3859 2032 3914 exti-

450 3919 703 3976 mescam,
740 3899 867 3967 hinc
891 3917 1047 3974 facile
1079 3923 1169 3978 tibi
1193 3925 1489 4000 intelligere
1520 3935 1662 4005 licet,
1694 3945 1834 4011 quod
1867 3950 2033 4015 patris

1364 3994 1388 4000 -
1648 3994 1660 4005 .
1702 3994 1834 4011 τη-
1867 3994 2031 4015 νη..-

447 3994 520 4045 tui
551 3999 710 4052 minis
737 4010 1061 4076 contemptis
1094 4027 1155 4067 ac
1185 4031 1280 4085 pro
1319 4021 1488 4079 nihilo
1519 4026 1738 4099 habitis,
1764 4035 2031 4108 intrepide

447 4085 509 4108 ιιι..
539 4093 587 4108 ι..
623 4102 824 4108 -A--_,,
869 4095 880 4106 ο
1137 4104 1149 4108 -
1217 4107 1253 4108 κγ

1701 4085 1737 4099 ν,
1764 4085 2030 4108 __--_-,,.....

443 4085 509 4135 ad
539 4093 590 4139 te
620 4095 959 4160 accesserim,
989 4109 1046 4155 ut
1075 4104 1396 4164 salutiferam
1423 4113 1718 4177 doctrinam
1752 4125 1842 4180 tibi
1865 4143 2030 4200 expo-

443 4188 662 4242 nerem;
720 4187 932 4240 tametsi
981 4191 1178 4262 alioqui
1228 4207 1714 4272 compertissimum
1771 4217 2024 4280 haberem

443 4264 558 4321 fore
589 4277 644 4323 ut
673 4270 718 4324 si
753 4273 868 4330 lucc
890 4283 1224 4352 rescisceret,
1255 4299 1522 4354 sexcentis
1547 4317 1651 4370 me,
1690 4307 1734 4361 si
1766 4311 1879 4366 fieri
1904 4329 2027 4383 pos-

443 4366 516 4383 η..
573 4362 829 4383 ...ηηιω
869 4367 948 4383 Α...
1184 4379 1226 4383 --

1637 4362 1650 4370 ,
1769 4362 1772 4363 ν
1905 4362 1999 4383 ρ-

437 4366 540 4423 set,
572 4362 832 4419 mortibus
862 4367 1120 4428 afﬁceret.
1184 4379 1378 4437 Verum
1435 4402 1532 4457 ego
1575 4390 1668 4448 Dei
1717 4411 2023 4461 sermonem

435 4450 684 4507 omnibus
708 4456 867 4513 rebus
896 4473 1245 4538 anteponens,
1280 4473 1500 4546 ipsoque
1530 4481 1629 4539 frui
1651 4491 1890 4559 cupiens,
1919 4511 2020 4553 nec

435 4551 812 4612 temporariam
865 4553 1001 4612 hanc
1043 4571 1273 4622 mortem
1331 4572 1701 4649 perhorresco,
1757 4599 1855 4641 nec
1896 4602 2012 4645 eam

431 4635 735 4704 hujusmodi
758 4648 974 4704 nomine
997 4635 1364 4721 appellandam
1391 4664 1550 4733 duco,
1579 4635 2013 4738 Domini‘scilicct

429 4727 683 4784 mandato
733 4734 1115 4807 obtemperans
1171 4746 1397 4808 dicentis
1431 4773 1442 4808 :
1498 4758 1672 4816 Nolite
1704 4766 1894 4824 timere
1920 4786 2013 4827 eos

429 4820 516 4886 qui
542 4823 788 4880 occidunt
820 4842 1032 4900 corpus,
1060 4838 1297 4896 animum
1331 4855 1506 4902 autem
1536 4867 1640 4908 non
1664 4870 1889 4925 possunt
1918 4878 2012 4918 oc-

425 4912 631 4980 cidere;
657 4920 751 4973 sed
784 4924 961 4988 potius
1003 4930 1184 4986 timete
1215 4948 1335 4989 eum
1359 4939 1450 5006 qui
1481 4953 1657 5010 potest
1687 4950 1919 5007 animam
1953 4966 2007 5012 et

421 5016 616 5070 corpus
641 5012 863 5075 perdere
889 5016 940 5070 in
963 5020 1259 5088 gehennam
1292 5029 1504 5098 (Matth.
1530 5037 1608 5106 κ).

497 5093 641 5161 "me,
695 5099 862 5167 inquit
913 5107 1188 5181 Josaphat,
1235 5133 1375 5174 verm
1408 5135 1600 5181 vestrae
1647 5131 2003 5206 philosophia:

497 5184 670 5206 __A,__A
702 5188 726 5206 ,η
770 5193 803 5206 κ.

1647 5184 1660 5199 ι
1723 5184 1756 5187 "
1771 5184 2001 5206 ""I""'w

419 5184 676 5248 pra-clara
699 5188 959 5262 facinora,
1016 5212 1351 5266 terrenorum
1384 5212 1659 5274 hominum
1685 5225 1773 5290 qui
1804 5241 1832 5280 a
1863 5244 2001 5297 pra:-

419 5276 555 5297 ..,....:
580 5277 670 5297 ι.--
742 5283 772 5297 ο-
877 5287 890 5297 ο
1059 5296 1062 5297 ν

1694 5276 1773 5290 ν,
1805 5276 1832 5280 _
1863 5276 1969 5297 τ...

417 5276 555 5328 senti
580 5277 678 5334 hac
704 5283 810 5338 vita
842 5287 927 5343 vix
955 5296 1112 5350 avelli
1135 5314 1374 5374 possunt,
1411 5318 1651 5368 naturam
1683 5316 1842 5389 longe
1863 5325 1996 5379 mul-

417 5373 634 5435 tumque
660 5385 932 5441 superant.
966 5383 1044 5438 Ac
1071 5403 1162 5444 vos
1181 5391 1344 5464 beati,
1391 5401 1476 5470 qui
1499 5403 1597 5459 hac
1626 5413 1994 5473 strenuissima

416 5467 595 5512 mente
625 5465 832 5530 praediti
864 5473 1014 5528 estis.
1055 5477 1280 5544 Quinam
1307 5502 1466 5554 porro
1496 5494 1590 5550 tibi
1617 5512 1680 5552 ac
1703 5502 1864 5558 sociis
1895 5508 1999 5564 mis

410 5546 463 5600 in
494 5548 797 5620 hujusmodi
823 5562 1107 5624 solitudine
1133 5573 1305 5631 victus
1329 5581 1592 5654 sit,atque
1616 5587 1740 5644 item
1765 5595 1924 5664 unde,
1945 5608 2000 5655 et

1405 5639 1414 5645 ν
1504 5639 1520 5654 ,
1573 5639 1589 5640 κ
1618 5639 1739 5644 ην-ν-
1770 5639 1924 5664 --·ν·νι
1946 5639 1993 5655 ν·

408 5639 707 5709 cojusniodi
735 5651 887 5706 vobis
920 5668 1095 5714 vestes
1136 5676 1586 5737 suppetant,vere
1609 5678 1738 5735 mihi
1767 5698 1993 5752 expone.

480 5739 724 5798 Barlaam
755 5755 929 5805 autem
958 5752 1084 5810 dixit
1114 5775 1124 5811 :
1178 5759 1356 5816 Victus
1387 5767 1600 5834 quidem
1628 5776 1779 5833 nobis
1811 5795 1873 5837 cx
1905 5796 1994 5851 po-

2196 562 2249 606 et
2279 560 2540 614 creatoris
2572 561 2797 631 imperio
2829 582 3044 641 parens,
3076 573 3191 637 alit,
3217 576 3372 634 nobis
3403 586 3661 653 suppetit.
3699 594 3772 650 0b

2194 659 2314 713 qum
2345 663 2502 704 nemo
2533 665 2614 708 est
2636 656 2727 723 qui
2759 658 3042 716 adversum
3072 679 3169 720 nos
3199 680 3430 738 pugnam
3459 674 3772 752 ineatatque

2193 740 2505 808 contendat,
2539 746 2908 821 maioremque
2937 765 3167 825 partem,
3187 769 3246 815 ut
3270 766 3514 823 avaritia:
3542 769 3627 827 lex
3653 790 3770 843 prae-

2190 831 2392 900 scribit,
2449 837 2690 906 arripere
2733 855 2962 913 quaerat;
2998 862 3178 905 verum
3227 854 3499 916 uberrime
3528 866 3771 926 omnibus

2191 921 2503 982 illaboratus
2534 930 2709 998 cibus,
2738 943 2794 989 et
2823 945 3201 1008 extemporalis
3229 962 3412 1005 mensa
3439 959 3764 1023 proponitur.

2187 1010 2338 1077 Quod
2367 1015 2414 1069 si
2458 1021 2671 1087 quando
2717 1026 2924 1093 piorum
2981 1031 3224 1104 fratrum,
3272 1041 3363 1109 qui
3416 1010 3571 1100 tiobi

2185 1116 2328 1174 sunt,
2364 1111 2557 1182 aliquis
2598 1118 2750 1184 panis
2781 1119 3209 1184 benedictionem
3239 1133 3450 1201 afferat,
3481 1138 3629 1194 hunc
3657 1152 3767 1198 tan-

2183 1212 2342 1266 quam
2367 1203 2431 1256 ad
2451 1219 2636 1262 eorum
2660 1209 2748 1279 qui
2777 1228 2896 1267 cum
2927 1216 3032 1273 fide
3059 1218 3390 1291 obtulerunt,
3443 1228 3765 1291 benedictio-

2184 1306 2307 1346 nem
2332 1309 2363 1348 a
2394 1295 2572 1352 divina
2605 1303 2934 1370 providentia
2965 1311 3186 1367 missum
3216 1318 3564 1387 suscipimus.
3587 1324 3767 1384 Vestes

2182 1392 2359 1438 autem
2385 1387 2537 1444 nobis
2557 1404 2622 1444 ex
2648 1396 2856 1464 asperis
2884 1397 3074 1455 ciliciis
3102 1413 3155 1458 et
3181 1405 3357 1461 ovium
3379 1411 3610 1478 pellibus
3629 1429 3764 1486 sunt,

2180 1485 2407 1533 vetustae
2437 1496 2648 1551 omnes,
2681 1496 2842 1557 atque
2872 1505 2936 1546 ex
2977 1493 3136 1549 variis
3157 1500 3348 1564 pannis
3379 1514 3643 1572 consulas,
3673 1509 3763 1562 ini-

2180 1562 2428 1622 becillam
2462 1581 2698 1628 nostram
2729 1591 2947 1635 carnem
2977 1591 3290 1641 atterentes.
3331 1589 3543 1647 Etenim
3575 1598 3760 1654 eadem

2179 1655 2334 1710 nobis
2364 1668 2446 1713 est
2477 1671 2586 1716 tum
2612 1668 2814 1722 aestatis
2839 1679 2945 1725 tum
2980 1671 3171 1730 hiemis
3190 1680 3370 1734 ve5tis.
3405 1683 3575 1749 Quam
3602 1691 3758 1746 etiam

2183 1751 2430 1806 utsemel
2462 1753 2753 1826 induimus,
2813 1777 3012 1820 exuere
3064 1779 3248 1838 postea
3302 1776 3455 1833 nobis
3486 1797 3592 1837 non
3618 1783 3758 1854 licet,

2743 1821 2750 1826 ,
3064 1821 3081 1838 ,
3107 1821 3122 1824 -
3141 1821 3248 1827 ---_
3302 1821 3455 1833 πη...
3618 1821 3758 1854 ......,

2102 1821 2151 1880 Β
2179 1853 2456 1912 quousque
2512 1858 2775 1907 vetustate
2804 1856 3048 1914 confecta
3095 1877 3314 1930 prorsus
3364 1870 3625 1930 deleatur.
3677 1878 3760 1935 Ad

2175 1928 2317 1986 hunc
2337 1935 2481 1989 enim
2514 1941 2729 1995 modum
2760 1954 2812 1999 et
2835 1946 3046 2016 frigoris
3069 1962 3122 2007 et
3164 1967 3323 2012 aestus
3350 1963 3607 2021 molestiis
3633 1983 3758 2023 cor-

2173 2036 2272 2088 pus
2300 2024 2637 2097 afﬂictantes,
2689 2034 2876 2093 futui-te
2907 2040 3325 2106 immortalitatis
3356 2064 3555 2112 vestem
3603 2061 3756 2118 nobis

2171 2126 2573 2182 comparamus.

2240 2199 2482 2276 Cumque
2510 2209 2594 2264 hic
2623 2211 3232 2289 Josaphatqumsivisset
3259 2234 3526 2291 undenam
3551 2250 3752 2297 vestem

2169 2289 2314 2346 illam
2347 2311 2450 2364 qua
2481 2299 2700 2358 indutus
2730 2317 2843 2361 erat
2870 2312 2971 2367 sibi
3026 2330 3411 2391 comparasset,
3471 2336 3754 2401 respondit

2167 2396 2328 2441 senex
2364 2404 2378 2441 :
2412 2391 2456 2443 A
2484 2395 2714 2461 quodam
2749 2401 2956 2467 piorum
2988 2407 3209 2466 fratrum
3261 2431 3401 2483 eam,
3457 2437 3579 2476 cum
3611 2429 3676 2481 ad
3711 2438 3752 2484 te

2167 2475 2500 2541 profecturus
2523 2497 2722 2554 essent,
2745 2494 2994 2549 utendam
3025 2503 3238 2572 accepi;
3280 2521 3452 2580 neque
3482 2514 3625 2568 enim
3656 2533 3751 2586 par

2171 2576 2288 2621 erat
2319 2579 2376 2623 ut
2401 2586 2521 2627 eum
2551 2590 2610 2630 ea
2639 2595 2797 2649 quam
2844 2587 2984 2644 ferre
3034 2597 3183 2650 soleo
3235 2610 3383 2658 veste
3413 2609 3748 2666 accederem.

2162 2655 2620 2724 Quemadmodum
2653 2674 2794 2728 enim
2836 2679 3095 2750 quispiam
3141 2690 3518 2752 eharissimum
3554 2717 3743 2769 quem-

2164 2746 2278 2769 ΔΜ
2489 2768 2494 2769 ί
2624 2761 2636 2769 ,
2741 2764 2772 2769 __

2852 2746 2865 2747 ,
2958 2746 2972 2750 _
3555 2746 3716 2769 Ὶ-ν--ι

2160 2746 2282 2802 dam
2311 2766 2591 2822 cognatum
2621 2761 2675 2815 in
2705 2764 2933 2825 alienam
2964 2776 3235 2844 regionem
3286 2787 3554 2853 captivum
3583 2792 3746 2847 abdo.

2159 2851 2328 2910 ctum,
2364 2848 2509 2907 illinc
2537 2856 2766 2916 educere
2793 2866 3040 2934 cupiens,
3089 2872 3293 2942 abjecta
3326 2889 3475 2936 veste
3505 2897 3622 2948 sua,
3669 2899 3746 2942 at—

2157 2949 2262 3003 que
2289 2937 2520 2999 hostium
2542 2960 2789 3022 suscepta
2821 2971 3046 3024 persona
3066 3002 3081 3029 ,
3133 2967 3198 3019 ad
3229 2983 3414 3024 eorum
3469 2977 3745 3043 regionem

2154 3038 2273 3080 sese
2301 3031 2529 3101 confert,
2560 3040 2828 3112 variisque
2855 3049 3057 3105 artibus
3097 3057 3451 3129 prepinquum
3483 3080 3637 3120 suum
3670 3085 3740 3124 ex

2158 3120 2348 3175 acerba
2380 3131 2661 3194 tyrannide
2691 3133 2744 3188 in
2775 3137 3070 3197 libertatem
3103 3151 3324 3218 asserit;
3356 3155 3545 3211 eodem
3579 3163 3742 3217 modo

2155 3221 2255 3277 ego
2283 3225 2497 3283 quoque
2528 3219 2592 3275 de
2617 3223 2720 3278 tuis
2740 3227 2900 3285 rebus
2926 3235 3122 3290 certior
3161 3240 3352 3314 factus,
3407 3246 3510 3303 hoc
3556 3250 3740 3312 habitu

2149 3314 2403 3373 suscepto
2429 3312 2575 3380 veni,
2623 3323 2678 3368 ut
2709 3316 2885 3375 divina
2935 3328 3315 3393 praedicatione
3340 3312 3532 3406 pectus
3584 3352 3737 3403 tuum

2149 3405 2515 3470 censererem,
2534 3411 2692 3474 atque
2717 3422 2749 3462 a
2776 3415 3058 3473 truculenti
3083 3423 3338 3495 principis
3361 3433 3543 3488 mundi
3562 3439 3737 3493 servi-

2145 3490 2260 3538 tute
2291 3495 2341 3542 te
2372 3491 2719 3552 vindicarem.
2763 3503 2841 3558 Ac
2871 3520 3012 3564 nunc
3039 3525 3135 3580 per
3179 3517 3429 3576 virtutem
3463 3524 3727 3597 divinam,

2147 3587 2405 3644 quantum
2439 3587 2652 3652 quidem
2684 3592 2737 3646 in
2767 3609 2854 3652 me
2881 3597 3000 3665 fuit,
3032 3605 3333 3666 ministerio
3363 3629 3482 3671 meo
3511 3623 3732 3688 perfun-

2142 3673 2259 3721 ctus
2286 3684 2427 3729 sum.
2458 3676 2666 3736 Etenim
2691 3683 2858 3752 ipsius
2881 3693 3240 3760 cognitionem
3275 3703 3726 3783 tibiannuntiavi,

2142 3767 2202 3783 ﬂ
2226 3762 2390 3783 “ML
2683 3780 2691 3783 Α
2920 3780 2932 3783 -

3509 3762 3726 3783 τμη-αι

2140 3767 2202 3811 ac
2226 3762 2608 3829 prophetarum
2640 3780 2696 3826 et
2726 3780 3093 3844 apostolorum
3140 3793 3576 3857 praedicationem
3631 3821 3728 3861 ex-

2141 3852 2312 3920 posui,
2340 3868 2571 3925 vereque
2595 3876 2658 3917 ac
2679 3866 2798 3922 sine
2826 3869 2933 3927 ullo
2962 3890 3149 3934 errore
3170 3889 3515 3950 praesentium
3544 3909 3722 3953 rerum

2137 3943 2428 4001 vanitatem
2455 3949 2845 4031 demonstravi,
2875 3970 3194 4042 quantisque
3216 3979 3370 4035 malis
3390 3984 3476 4038 hic
3493 3991 3724 4046 numdus

2133 4043 2354 4101 scateat,
2410 4055 2504 4098 eos
2549 4049 2636 4116 qui
2665 4050 2762 4118 ipsi
2791 4055 3164 4130 obtemperant
3209 4069 3259 4123 in
3294 4072 3534 4133 fraudem
3565 4082 3720 4138 indu-

2133 4136 2283 4192 cens,
2315 4131 2585 4202 variisque
2611 4142 2784 4197 modis
2812 4147 3076 4206 irretiens.
3131 4156 3393 4231 Deinceps
3423 4167 3605 4239 igitur,
3651 4188 3720 4230 eo

2133 4219 2266 4239 .-..-1-
2323 4222 2334 4239 ³
2579 4230 2590 4239 ³

3332 4219 3345 4231 ι
3376 4219 3384 4220 ί
3426 4219 3605 4239 νση-’1
3654 4219 3717 4230 ""

2131 4219 2272 4274 unde
2321 4222 2424 4279 huc
2469 4230 2614 4299 veni,
2671 4242 3050 4299 revertendum
3096 4259 3208 4317 est,
3269 4267 3332 4310 ac
3384 4264 3496 4313 tum
3536 4263 3717 4323 alieno

2129 4308 2310 4367 habitu
2343 4315 2608 4388 deposito,
2642 4340 2816 4383 meum
2841 4332 3076 4393 induam.

2198 4403 2513 4466 Obsecravit
2541 4424 2716 4472 autem
2741 4434 2924 4480 senem
2955 4427 3235 4502 Josaphat,
3287 4447 3337 4493 ut
3364 4454 3422 4496 se
3452 4442 3554 4512 ipsi
3583 4463 3708 4505 cum

2131 4506 2386 4552 consueta
2413 4512 2561 4560 veste
2591 4513 2919 4571 os1enderet.
2952 4520 3082 4576 Cum
3121 4526 3298 4597 itaque
3321 4531 3561 4592 Barlaam
3609 4555 3706 4596 ve-

2119 4593 2254 4640 stem
2268 4604 2385 4645 eam
2407 4609 2564 4664 quam
2587 4603 2805 4669 gerebat
2825 4611 3076 4680 exuisset,
3104 4617 3426 4680 horrendum
3447 4627 3708 4701 Josaphat

2119 4683 2482 4744 spectaculum
2514 4701 2634 4745 sese
2663 4695 2873 4752 obtulit.
2929 4702 3138 4762 Etenim
3179 4719 3286 4766 tota
3316 4719 3492 4774 carnis
3538 4722 3704 4790 ipsius

2117 4779 2344 4845 qualitas
2366 4782 2569 4854 [πιότης
2593 4792 2815 4860 fortasse
2839 4798 3135 4873 legendum,
3186 4812 3358 4880 idest,
3415 4779 3702 4895 pinguedo]

2121 4870 2397 4895 Λὶψ-μ.-
2536 4891 2546 4895 _

3121 4870 3131 4873 -
3345 4870 3357 4880 ι
3416 4870 3434 4885 ι
3474 4870 3700 4895 ρο---νι

2119 4870 2403 4943 absumpta
2436 4891 2572 4949 erat,
2603 4900 2665 4940 ac
2689 4891 2840 4956 pellis
2868 4909 2933 4948 ex
2963 4898 3095 4954 solis
3139 4914 3271 4958 testu
3305 4916 3465 4977 atque
3509 4915 3701 4971 ardore

2115 4962 2314 5021 circum
2344 4984 2465 5026 ossa
2493 4983 2640 5032 tensa
2665 4993 2801 5048 erat,
2849 5002 2951 5040 non
2983 5004 3140 5048 secus
3184 5011 3245 5052 ac
3273 5001 3318 5055 si
3352 5005 3474 5071 quis
3506 5007 3694 5075 pellem

2116 5055 2313 5075 ---ι-ενι
2514 5064 2524 5075 ¹
2624 5069 2634 5075 ⁸

2114 5055 2398 5114 subtilibus
2445 5064 2664 5122 calamis
2725 5077 3058 5136 tetendisset.
3118 5085 3363 5146 Pannoso
3418 5109 3579 5162 porro
3635 5115 3697 5156 ac

2113 5162 2367 5218 perquam
2394 5169 2584 5224 aspero
2616 5162 2791 5220 cilicio
2819 5185 2849 5224 e
2878 5172 3069 5230 lumbis
3091 5193 3258 5250 usque
3280 5187 3345 5239 ad
3372 5203 3540 5258 genua
3583 5195 3694 5249 cin-

2109 5239 2355 5310 gebatur,
2389 5246 2632 5320 idemque
2661 5257 2877 5323 pallium
2912 5263 3147 5324 humeris
3167 5239 3406 5341 gerebat}.

2181 5335 2493 5396 Admiratus
2550 5343 2725 5415 itaque
2757 5350 3018 5423 Josaphat
3047 5335 3355 5432 litijusmodi
3388 5373 3510 5428 vita:
3551 5376 3693 5431 duri-

2111 5422 2237 5477 tiam
2262 5434 2314 5480 et
2346 5431 2709 5502 asperitatem,
2741 5422 2904 5510 atque
2929 5460 2992 5500 ex
3024 5448 3225 5520 ingenti
3253 5471 3315 5512 ea
3342 5469 3396 5514 et
3433 5463 3690 5534 singulari

2110 5516 2386 5572 tolerantia
2416 5533 2635 5593 stupore
2662 5529 2884 5590 affectus
2919 5516 3177 5610 iugem-uit
3200 5588 3215 5610 ,
3249 5553 3583 5624 profusisqne
3613 5559 3690 5612 la-

2107 5609 2303 5677 erymis
2325 5611 2391 5665 ad
2422 5628 2604 5670 senem
2633 5620 2742 5674 ait:
2777 5609 3037 5689 Quoniam
3086 5649 3148 5688 ea
3183 5638 3278 5692 tibi
3310 5640 3411 5696 huc
3439 5647 3686 5705 veniendi

2106 5709 2264 5752 causa
2295 5702 2409 5769 fuit,
2457 5716 2512 5758 ut
2542 5723 2624 5763 me
2654 5725 2715 5764 ex
2748 5718 2935 5772 acerba
2968 5721 3166 5781 diaboli
3193 5737 3452 5790 servitute
3506 5750 3685 5795 extra-

2105 5788 2279 5860 heres,
2314 5793 2572 5854 beneﬁcio
2607 5807 2696 5857 tuo
2737 5815 3029 5870 extremam
3079 5821 3238 5894 284
3266 5840 3482 5887 manum
3505 5831 3679 5904 impo~
