4010 6276
248 301 354 356 513

687 307 840 360 VITA
885 305 1297 362 SANCTORUM
1338 305 1667 359 BARLAAM
1710 302 2044 359 EREMIT/E
2088 302 2174 355 ET
2214 303 2567 359 JOSAPllAT
2606 304 2815 358 lNDl£
2857 306 3079 362 REGIS.

3410 314 3516 370 5H

247 432 342 483 ne,
376 426 540 484 atque
570 391 800 472 animari]
847 432 1016 471 meam
1057 416 1124 470 de
1171 416 1411 470 custodia
1466 415 1603 470 educ
1657 415 1828 484 (Paul.
1862 418 1911 471 A
1937 411 2244 474 antecellat,
2269 410 2405 479 {cum
2454 411 2610 477 paulo
2658 421 2781 464 ante
2812 419 2864 464 tu
2893 429 2986 466 eos
3004 399 3064 467 in
3117 431 3304 488 magna
3336 421 3514 490 inopia

250 510 420 579 cxu),
453 525 517 563 ac
542 526 629 564 me
659 509 864 564 itineris
889 510 960 562 tui
988 509 1188 563 socium
1206 507 1420 574 adhibe,
1453 515 1506 560 ut
1533 506 1712 560 mundi
1738 506 1837 558 im-

250 609 477 667 postura
539 613 760 668 prorsus
809 599 1082 661 liberatus,
1139 592 1250 650 tum
1307 597 1538 666 denique
1590 597 1838 650 salutaris

247 689 508 758 baptismi
540 690 772 757 sigillum
803 687 1085 756 accipiam,
1137 687 1449 752 sociumque
1484 700 1569 740 me
1609 687 1700 740 tibi
1745 687 1840 739 ad-

248 778 520 833 mirandae
567 778 718 846 hujus
753 775 1100 847 philosophiae
1149 787 1309 846 atque
1337 778 1548 832 eximia:
1573 779 1840 832 exercita-

250 869 417 922 tionis
455 869 741 936 praebeam.

324 961 470 1014 Dixit
502 969 677 1014 autem
707 960 774 1013 ad
804 973 924 1013 eum
949 959 1188 1012 Barlaam
1221 951 1263 1014 ε’
1297 959 1518 1028 Caprea:
1561 959 1838 1014 hinnulum

249 1050 407 1104 dives
439 1050 694 1121 quispiam
736 1050 863 1104 olim
887 1051 1063 1105 alebat
1093 1068 1105 1103 :
1155 1065 1274 1104 cum
1301 1060 1476 1106 autem
1506 1053 1618 1120 ipse
1641 1055 1842 1108 crevis-

249 1149 359 1206 ενι,
387 1141 612 1196 naturali
642 1141 832 1196 affectu
859 1151 1156 1210 pertractus
1187 1144 1505 1198 solitudines
1535 1145 1838 1212 expett-bit.

250 1232 522 1301 Egressus
546 1231 700 1300 igitur
748 1233 975 1301 quodam
1008 1233 1116 1298 die,
1166 1248 1481 1301 caprearum
1513 1250 1725 1303 gregem
1751 1250 1842 1303 pa-

250 1324 362 1376 stui
392 1338 608 1392 operam
642 1323 856 1376 dantem
883 1323 1104 1387 invenit,
1159 1332 1320 1392 atque
1372 1324 1437 1377 ad
1469 1339 1561 1377 eas
1605 1338 1725 1379 sese
1748 1325 1843 1378 ad-

247 1414 505 1482 iungens,
559 1429 654 1481 per
707 1427 866 1480 agros
918 1423 970 1466 et
1006 1429 1223 1481 campos
1273 1414 1574 1481 oberrabat,
1609 1430 1672 1468 ac
1717 1430 1842 1469 sero

249 1507 476 1572 quidem
507 1504 728 1558 domum
772 1519 830 1558 se
879 1505 1148 1558 referebat
1175 1522 1188 1569 ;
1222 1519 1380 1559 mane
1411 1514 1583 1559 autem
1615 1505 1843 1560 famulo-

248 1612 376 1650 rum
408 1597 725 1666 negligentia
759 1596 902 1650 foras
933 1596 1329 1665 egrediebatur,
1381 1606 1540 1661 atque
1595 1613 1715 1650 cum
1744 1598 1841 1650 sil-

247 1689 526 1742 vestribus
552 1690 728 1756 capris
751 1704 808 1743 se
833 1689 1169 1758 aggregabat.
1205 1689 1371 1742 Porro
1400 1705 1519 1742 cum
1548 1690 1651 1743 illa:
1677 1691 1840 1757 pabu-

1939 501 2117 556 vivere
2147 512 2305 570 atque
2335 510 2572 554 extrema
2596 510 2910 570 paupertate
2948 505 3244 560 conflictari
3292 510 3512 566 dixeris.

1941 591 2205 658 Quidnam
2231 595 2358 648 item
2399 596 2486 661 sit,
2517 597 2864 665 quamobrem
2906 614 3044 652 nunc
3099 615 3187 654 me
3225 617 3512 671 pauperem

1942 681 2204 750 appelles,
2259 699 2380 738 cum
2419 697 2595 739 autem
2647 687 2987 756 amplissimis
3032 689 3220 758 Opibus
3262 695 3517 759 praditus

1940 771 2116 838 fuero,
2148 775 2369 830 minime
2392 775 2667 831 liberalem
2699 778 2813 832 fore
2847 779 3013 845 dicas,
3044 781 3131 849 qui
3154 796 3294 836 nunc
3320 783 3387 836 ad
3411 783 3516 838 lar-

1942 865 2189 934 giendum
2221 876 2500 936 promptus
2529 883 2592 922 ac
2621 883 2914 938 prepensus
2944 885 3085 925 sum.

2013 959 2309 1025 Respondit
2337 959 2579 1012 Barlaam
2625 978 2638 1013 :
2693 960 2805 1016 Non
2837 977 2928 1016 eos
2969 973 3279 1032 paupertate
3329 969 3520 1022 conﬂi-

1943 1049 2078 1103 ctari
2107 1047 2240 1113 dixi,
2270 1049 2363 1102 sed
2382 1049 2713 1105 inexhaustis
2731 1053 2908 1120 potius
2925 1054 3114 1120 Opibus
3144 1055 3355 1111 florere.
3382 1057 3512 1111 Nam

1944 1138 2132 1206 opibus
2159 1153 2288 1206 opes
2314 1153 2528 1208 semper
2556 1140 2868 1210 adjungere,
2893 1157 2992 1197 nec.
3025 1145 3369 1212 cupiditatem
3402 1157 3517 1200 tan-

1943 1245 2100 1296 quam
2134 1229 2286 1285 freno
2312 1245 2586 1296 coercere,
2632 1248 2816 1287 verum
2845 1234 2960 1288 sine
2973 1235 3076 1288 ulla
3095 1236 3337 1292 satietate
3365 1238 3518 1306 plura

1944 1330 2234 1389 appetere,
2309 1333 2562 1377 extrema:
2607 1326 2936 1394 paupertatis
2985 1338 3356 1396 argumentum
3415 1342 3517 1383 est.

1944 1413 2160 1477 Contra,
2193 1415 2282 1483 qui
2311 1414 2753 1483 s'empiternarum
2773 1432 2949 1471 rerum
2975 1418 3262 1485 cupiditate
3285 1435 3519 1487 praesen-

1945 1505 2018 1557 tia
2040 1506 2217 1558 omnia
2237 1515 2601 1569 contemnunt,
2626 1522 2796 1574 eaque
2821 1523 2914 1572 pro
2943 1510 3270 1563 stercoribus
3296 1511 3518 1573 ducunt,

1945 1602 2004 1646 ut
2032 1594 2305 1647 Christum
2336 1595 2506 1648 solum
2535 1595 2807 1649 lucrentur
2833 1597 3058 1665 (Philip.
3092 1598 3210 1667 ιιι),
3267 1603 3520 1668 omnique

1947 1685 2188 1738 ciborum
2222 1695 2278 1738 et
2330 1685 2763 1739 indumentorum
2812 1699 3212 1758 exeussaatque
3259 1690 3312 1744 in
3353 1691 3521 1746 Deum

249 1779 428 1833 latum
459 1780 669 1849 longius
705 1781 1103 1848 processissent,
1159 1781 1274 1847 ipse
1304 1796 1516 1848 quoque
1554 1796 1645 1834 cas
1673 1783 1840 1834 cumi-
1875 1767 1916 1823 Β
1947 1773 2180 1842 ρτοὶεοιει
2234 1790 2384 1838 cura.
2433 1775 2690 1844 majorem
2737 1791 2803 1830 ex
2848 1777 3022 1845 inopia
3072 1781 3395 1848 voluptatem
3426 1797 3518 1834 ca-

251 1877 404 1922 tatus
431 1879 534 1924 est.
561 1873 627 1924 At
650 1886 776 1924 vero
795 1871 974 1924 divitis
992 1871 1132 1924 illius
1155 1872 1251 1924 viri
1283 1871 1488 1934 famuli,
1513 1887 1570 1926 re
1599 1874 1834 1941 cognita,

251 1962 581 2014 conscensis
611 1962 759 2028 cquis
782 1977 872 2014 eas
893 1977 919 2013 a
955 1972 1104 2027 tergo
1133 1962 1360 2014 insecuti
1384 1971 1525 2026 sunt,
1576 1977 1639 2014 ac
1686 1977 1836 2016 suam

245 2050 479 2116 quidem
501 2065 746 2118 capream
769 2052 942 2106 vivam
967 2061 1198 2120 captam,
1221 2052 1542 2119 domumque
1566 2052 1836 2120 reductam

248 2143 489 2209 posthac
513 2144 584 2195 ita
615 2153 914 2209 tenuerunt,
943 2155 997 2198 ut
1022 2145 1147 2197 nulli
1175 2145 1240 2198 ad
1261 2159 1377 2197 eam
1402 2145 1574 2198 aditus
1604 2154 1836 2213 pateret;

247 2231 527 2299 reliquum
559 2243 735 2287 autem
767 2250 978 2304 gregem
1028 2237 1220 2304 partim
1263 2237 1615 2301 trucidarunt,
1647 2239 1838 2305 partim

248 2323 401 2374 male
431 2323 745 2378 multarunt.
795 2326 994 2379 Eodem
1027 2325 1186 2379 modo
1211 2341 1278 2381 ne
1323 2327 1474 2381 nobis
1503 2327 1707 2382 accidat
1731 2343 1842 2380 meo

251 2419 372 2476 tuo,
401 2413 446 2466 si
481 2414 608 2467 mihi
639 2422 688 2467 te
719 2418 965 2471 comitem
998 2417 1276 2487 adjungas.
1311 2417 1423 2472 lloe
1447 2429 1544 2484 est,
1570 2433 1637 2472 ne
1666 2428 1718 2472 et
1748 2429 1839 2472 tuo

252 2503 611 2558 contubernio
650 2506 846 2573 priver,
901 2515 956 2561 et
986 2507 1227 2576 ingentes
1268 2508 1429 2561 sociis
1461 2510 1595 2562 meis
1621 2510 1838 2563 calami-

255 2603 420 2660 tates,
447 2612 508 2651 ac
537 2599 915 2665 sempiternam
941 2601 1074 2667 patri
1107 2610 1196 2654 tuo
1222 2601 1718 2656 condemnationem
1743 2617 1835 2656 ac-

257 2702 486 2742 cersam.
519 2688 640 2741 Vult
663 2689 840 2758 itaque
887 2701 938 2745 te
967 2692 1219 2745 Dominus
1252 2707 1394 2746 nunc
1423 2692 1638 2762 quidem
1670 2695 1833 2748 divini

257 2777 511 2847 baptismi
533 2779 1038 2849 sigilloconsignari,
1059 2791 1219 2852 atque
1239 2784 1324 2837 hic
1353 2792 1660 2838 manentem
1690 2787 1835 2840 omni

257 2869 472 2936 pietatis
501 2872 682 2940 generi
734 2876 970 2936 studere,
1018 2873 1407 2941 praeceptisque
1464 2873 1575 2928 suis
1614 2888 1834 2942 operam

261 2961 402 3015 dare.
455 2963 804 3032 Posteaquam
859 2973 1034 3018 autem
1087 2964 1228 3018 illius
1279 2965 1538 3019 bonorum
1587 2967 1830 3021 omnium

261 3052 462 3107 datoris
487 3069 706 3108 munere
737 3055 947 3109 occasio
996 3070 1113 3111 sese
1141 3057 1410 3121 obtulerit,
1459 3066 1571 3112 tum
1617 3059 1830 3115 demum

259 3151 315 3196 et
339 3143 405 3196 ad
437 3158 533 3198 nos
560 3146 762 3210 venies,
796 3155 850 3200 et
879 3161 970 3214 per
1003 3148 1261 3215 reliquum
1279 3163 1438 3202 omne
1459 3149 1680 3217 hujusce
1710 3151 1836 3203 vita:

262 3242 475 3302 tempus
498 3235 770 3290 nobiscum
799 3238 982 3305 deges.
1015 3241 1089 3291 Ac
1130 3239 1336 3292 Domini
1378 3239 1700 3308 benignitate
1728 3242 1837 3296 fre—

263 3336 366 3392 tus,
401 3327 803 3398 haudquaquam
833 3330 1019 3383 dubito
1044 3330 1242 3396 quinin
1269 3331 1439 3384 futura
1469 3333 1582 3386 vita
1607 3333 1676 3388 ita
1708 3349 1838 3388 con-

261 3419 576 3488 iungamur,
612 3432 667 3475 ut
697 3437 962 3489 nunquam
991 3423 1166 3477 divelli
1199 3425 1478 3491 possimus.

334 3511 589 3576 Josaphat
617 3523 791 3566 autem
819 3514 1071 3581 lacrymis
1099 3529 1303 3568 rursum
1329 3515 1593 3583 perfusus,
1625 3516 1690 3569 ad
1713 3531 1836 3571 eum

263 3587 338 3657 ait
365 3621 379 3658 :
410 3605 464 3659 Si
497 3605 722 3659 Domino
748 3607 816 3657 ita
851 3606 1045 3674 placet,
1072 3607 1234 3674 ipsius
1263 3608 1506 3662 voluntas
1533 3609 1643 3664 fiat.
1690 3612 1836 3677 Quo-

263 3694 401 3748 circa
435 3710 554 3748 cum
585 3696 764 3748 divino
815 3696 1135 3765 baptismate
1183 3712 1268 3750 me
1298 3698 1588 3753 initiaveris
1616 3741 1630 3763 ,
1677 3716 1839 3769 pecu-

262 3784 484 3852 niasque
511 3800 540 3838 a
570 3800 652 3838 me
677 3795 730 3840 et
761 3797 953 3853 vestes,
1010 3795 1117 3839 tam
1148 3787 1212 3840 ad
1241 3796 1384 3841 tuum
1409 3805 1564 3858 quam
1589 3793 1653 3844 ad
1682 3791 1840 3845 soda-

264 3876 389 3928 lium
426 3885 633 3930 tuorum
677 3879 867 3931 \icunn
901 3893 965 3931 ac
995 3878 1241 3931 vestitum
1282 3881 1570 3948 acceperis,
1614 3882 1664 3935 iu
1711 3882 1839 3936 reli-
1917 3913 1926 3920 ι

263 3964 425 4033 ςῑυεω
465 3968 861 4023 exercitationis
918 3969 1115 4033 locum,
1169 3968 1362 4023 divina:
1406 3971 1550 4038 pacis
1593 3972 1838 4037 pricsidio

264 4066 468 4124 septus,
517 4059 772 4124 abscede;
824 4076 1048 4130 meaque
1078 4075 1237 4114 causa
1269 4062 1386 4115 sine
1426 4062 1530 4115 ulla
1579 4063 1842 4116 intermis-

265 4148 414 4201 sione
435 4149 601 4202 Deum
628 4165 776 4219 roga,
805 4159 862 4203 ut
894 4167 958 4204 ne
984 4166 1077 4217 spe
1106 4166 1221 4205 mea
1252 4152 1496 4219 l'rustrer,
1523 4167 1704 4206 verum
1733 4153 1838 4220 pri-

269 4255 356 4292 mo
409 4255 623 4309 quoque
681 4251 920 4310 tempore
951 4241 1015 4292 ad
1047 4251 1098 4295 te
1135 4243 1432 4309 pervenire,
1461 4251 1618 4309 atque
1649 4243 1700 4296 in
1731 4243 1838 4296 alta

267 4334 442 4401 quiete
463 4335 744 4387 utilitatem
777 4349 839 4387 ex
871 4342 921 4386 te
953 4333 1228 4401 percipere
1263 4335 1480 4402 possim.

336 4424 580 4478 Barlaam
605 4433 780 4478 autem
804 4425 876 4476 ait
906 4444 919 4478 :
981 4424 1117 4489 Quin
1145 4423 1338 4477 Christi
1362 4424 1576 4493 quidem
1609 4425 1837 4494 sigillum

1943 1865 2097 1935 piunt
2124 1881 2281 1934 quam
2324 1868 2602 1936 quisquam
2656 1882 2841 1922 eorum
2893 1871 2982 1937 qui
3009 1872 3192 1924 mundi
3223 1887 3406 1927 amore
3429 1874 3520 1929 lla-

1941 1965 2119 2025 graut,
2149 1973 2214 2011 ex
2243 1973 2403 2025 opum
2447 1968 2499 2012 et
2555 1959 2902 2026 pecuniarum
2949 1962 3269 2017 abundantia
3302 1966 3517 2033 capiat;

1943 2048 2145 2117 quique
2194 2050 2556 2117 amplissimas
2582 2052 2836 2104 virtutum
2883 2053 3092 2108 divitias
3134 2054 3234 2108 sibi
3271 2070 3519 2125 aggesse-

1945 2149 2091 2208 runt,
2141 2149 2304 2210 atque
2352 2141 2730 2196 immortalium
2773 2143 3028 2197 bonorum
3063 2159 3173 2214 spe
3201 2160 3320 2200 sese
3349 2146 3516 2216 alunt,

1943 2231 2042 2285 hos
2068 2247 2169 2302 ego
2197 2234 2399 2301 optimo
2450 2234 2570 2302 jure
2623 2242 2675 2288 te
2720 2243 2879 2304 atque
2905 2236 3042 2289 adeo
3068 2237 3259 2304 quovis
3309 2246 3520 2293 terreno

1943 2330 2454 2397 regelocupletiores
2476 2329 2728 2383 dixerim.
2766 2330 2917 2396 Quod
2941 2331 3006 2394 si,
3033 2330 3141 2384 Deo
3171 2332 3263 2386 tibi
3287 2332 3518 2396 favente,

1943 2427 1999 2471 tu
2021 2433 2233 2486 quoque
2263 2419 2568 2487 Spirituales
2616 2419 2921 2486 hujusmodi
2961 2420 3171 2475 divitias
3199 2423 3515 2492 arripueris,

1945 2519 2038 2560 eas
2065 2521 2278 2559 summo
2308 2507 2483 2561 studio
2503 2521 2567 2561 ac
2595 2507 2866 2575 diligentia
2891 2509 3155 2576 servabis,
3185 2525 3247 2564 ac
3276 2526 3514 2582 semper,

1942 2603 1996 2650 et
2021 2595 2234 2664 quidem
2266 2595 2476 2660 merito,
2519 2610 2713 2665 augere
2750 2598 2951 2664 cupies,
2983 2613 3080 2652 nec
3109 2600 3265 2652 ullam
3295 2603 3518 2656 omnino

1938 2701 2123 2741 earum
2151 2697 2353 2755 partem
2381 2687 2653 2740 effundere
2678 2688 2985 2741 sustinebis.
3036 2687 3165 2742 Nam
3215 2691 3268 2744 in
3300 2692 3398 2745 hoc
3423 2692 3519 2746 de-

1938 2791 2080 2829 mum
2107 2791 2245 2830 vera:
2268 2777 2464 2831 divitia:
2483 2779 2599 2831 sita:
2624 2787 2767 2832 sunt.
2796 2778 2987 2832 Earum
3010 2789 3185 2834 autem
3211 2796 3369 2850 opum
3397 2797 3516 2851 quas

1939 2868 1991 2922 in
2015 2884 2227 2924 sensum
2275 2869 2488 2934 cadunt,
2535 2869 2705 2922 moles
2764 2869 3083 2923 detrimento
3131 2872 3305 2938 potius
3354 2887 3512 2938 quam

1936 2960 2218 3014 commodo
2249 2959 2447 3014 amicos
2479 2975 2604 3013 suos
2637 2959 2895 3013 affecerit.
2949 2960 3121 3026 Quare
3173 2976 3276 3014 non
3307 2962 3402 3015 abs
3453 2978 3511 3016 re

1939 3069 2029 3109 eas
2060 3065 2353 3110 extremam
2383 3063 2747 3123 paupertatem
2773 3055 3059 3125 appellavi,
3077 3069 3205 3121 quas
3220 3054 3514 3109 cmlestium

1865 3122 1911 3185 (ἶ
1944 3147 2200 3200 bonorum
2253 3157 2540 3209 amatores,
2587 3145 2749 3199 rebus
2777 3144 3022 3197 omnibus
3051 3145 3277 3199 remisso
3308 3147 3514 3210 nuntio,

1941 3235 2013 3288 ita
2048 3235 2273 3304 fugiunt,
2334 3244 2390 3288 ut
2431 3236 2693 3304 quispiam
2745 3242 3050 3302 serpentem
3103 3235 3252 3304 fugit.
3295 3236 3352 3289 Si
3385 3251 3513 3290 vero

1942 3339 2064 3378 eum
2093 3325 2319 3386 hostem,
2370 3339 2527 3393 quem
2578 3326 2681 3378 mei
2715 3327 2815 3392 pia:
2866 3325 3264 3379 exercitationis
3304 3327 3434 3380 socii
3463 3330 3516 3379 et

1942 3417 2333 3472 commilitones
2358 3417 2467 3486 jam
2497 3417 2906 3484 obtruncarunt,
2959 3433 3023 3471 ac
3056 3417 3274 3484 pedibus
3301 3419 3515 3486 procul-

1941 3515 2149 3569 carunt,
2211 3510 2386 3560 vivum
2418 3523 2602 3562 rursus
2643 3507 2739 3562 abs
2772 3517 2823 3562 te
2847 3518 3122 3575 acceptum
3153 3507 3218 3560 ad
3249 3507 3392 3573 ipsos
3420 3509 3515 3562 dc-

1944 3600 2134 3666 tulero,
2185 3599 2556 3668 bellorumque
2581 3613 2644 3652 ac
2689 3599 3143 3667 perturbationum
3184 3613 3341 3651 causa
3386 3598 3514 3664 ipsis

1943 3689 2118 3751 fuero,
2149 3703 2367 3756 prorsus
2399 3690 2526 3756 ipsis
2553 3689 2808 3743 exitiosus
2837 3691 3050 3742 nuntius
3073 3704 3183 3742 ero.
3209 3689 3360 3755 Quod
3391 3688 3484 3757 qui
3512 3722 3517 3729 -

1941 3780 2062 3834 dem
2093 3779 2230 3832 absit
2259 3787 2314 3831 ut
2339 3779 2544 3833 faciam.

2016 3871 2175 3940 235
2211 3870 2354 3924 idem
2387 3882 2565 3924 autem
2596 3869 2663 3924 de
2701 3869 3020 3926 indumentis
3047 3871 3205 3926 etiarn
3252 3871 3514 3939 intelligas

1942 3963 2127 4015 velim.
2153 3962 2281 4014 Nam
2303 3975 2404 4018 ,eos
2458 3961 2544 4028 qui
2576 3961 2856 4015 vetustatis
2877 3960 3047 4013 labem
3080 3971 3132 4015 et
3157 3962 3515 4030 corruptelam

1943 4059 2231 4116 exuerunt,
2261 4061 2419 4119 atque
2470 4050 2843 4104 inobedientia:
2897 4059 3406 4117 vestem,quantum
3455 4051 3508 4104 in

1945 4141 2074 4208 ipsis
2127 4140 2656 4209 fuit,deposucrunt,
2686 4139 2955 4193 Christum
3014 4147 3191 4194 autem
3253 4149 3505 4208 tanquam

1944 4232 2318 4286 vestimentum
2342 4230 2609 4296 salutaris,
2639 4238 2693 4283 et
2721 4229 2935 4298 pallium
2961 4229 3158 4283 laetitiae
3188 4230 3509 4294 induerunt;

1947 4338 2175 4392 quonam
2202 4323 2407 4376 tandem
2449 4323 2605 4376 modo
2628 4338 2812 4376 rursus
2840 4323 3073 4390 pelliceis
3103 4325 3295 4376 tunicis
3325 4323 3514 4376 indue-

1950 4428 2083 4479 rem,
2114 4413 2346 4481 ipsisque
2375 4413 2677 4482 ignominiae
2706 4414 2955 4467 amictum
2991 4413 3356 4480 imponerem?
3377 4412 3515 4478 Quin

266 4517 518 4584 accipias,
542 4517 673 4570 nihil
715 4525 796 4570 est
821 4516 959 4582 quod
978 4517 1274 4585 prohibeat.
1293 4515 1465 4580 Quare
1496 4517 1838 4586 teipsumjatn

1949 4506 2145 4574 potius,
2177 4520 2296 4558 cum
2355 4505 2566 4559 sodales
2623 4520 2792 4569 meos,
2820 4515 2874 4558 ut
2904 4505 2991 4571 qui
3053 4504 3134 4570 pia
3169 4513 3223 4557 et
3272 4504 3518 4573 religiosa

264 4608 487 4674 adorna,
539 4622 600 4660 ac
635 4607 741 4660 Deo
781 4607 1000 4675 juvante
1049 4607 1363 4661 Christiana:
1395 4607 1511 4661 ﬁdei
1536 4608 1703 4663 sacris
1735 4608 1841 4662 iui-

268 4697 506 4751 tiaberis.
556 4697 632 4750 De
654 4699 716 4750 iis
742 4708 918 4751 autem
951 4699 1211 4766 pecuniis,
1247 4713 1378 4767 quas
1432 4707 1482 4752 te
1535 4709 1643 4752 tum
1685 4700 1837 4762 mihi,

269 4798 378 4840 tum
415 4787 688 4840 sodalibus
720 4788 854 4841 meis
883 4788 1128 4841 daturum
1152 4788 1348 4853 dixisti,
1376 4790 1464 4856 qui
1490 4789 1700 4843 tandem
1726 4789 1840 4844 fieri

265 4887 447 4946 posset
478 4886 534 4930 ut
582 4887 635 4930 tu
683 4881 770 4946 qui
803 4894 1001 4946 pauper
1024 4893 1103 4942 es,
1158 4878 1410 4933 divitibus
1437 4881 1836 4951 eleemosynarn

266 4969 589 5037 impertias?
661 4969 934 5037 Siquidem
1005 4969 1225 5022 divitum
1279 4977 1361 5022 est
1407 4970 1472 5024 de
1519 4973 1842 5039 pauperibus

264 5060 405 5114 bene
436 5061 663 5120 mereri,
716 5076 820 5113 non
852 5068 1029 5113 autem
1059 5069 1241 5112 contra
1286 5073 1577 5128 pauperum
1609 5063 1672 5116 de
1696 5064 1846 5117 locu-

266 5151 504 5218 pletibus
527 5163 576 5204 et
606 5151 858 5218 copiosis.
891 5151 1018 5204 Nam
1050 5149 1310 5206 sodalium
1335 5153 1570 5206 omnium
1602 5169 1844 5209 meorum

269 5253 574 5311 postremus
593 5243 783 5310 opibus
814 5241 1029 5294 omnino
1060 5251 1111 5296 te
1133 5251 1368 5307 superat.
1420 5243 1615 5298 Verum
1648 5246 1846 5301 divinis

267 5330 703 5385 miserationibus
738 5331 925 5395 fretus,
970 5330 1072 5384 hoc
1103 5330 1228 5384 mihi
1260 5333 1580 5398 persuadeo,
1634 5344 1685 5388 te
1724 5351 1846 5404 pro-

267 5425 478 5492 pediem
513 5425 984 5493 loeupletissimum
1010 5423 1146 5479 fore.
1209 5424 1360 5489 Quod
1383 5439 1502 5479 cum
1535 5429 1842 5498 contigerit,

269 5519 492 5572 minime
520 5518 584 5571 ad
613 5518 941 5586 largiendum
995 5527 1272 5587 promptus
1303 5534 1365 5573 ac
1414 5521 1665 5588 proclivis
1711 5523 1840 5576 eris.

271 5607 414 5662 Dixit
442 5619 618 5662 autem
650 5609 713 5663 ad
743 5624 864 5663 eum
892 5609 1145 5678 Josaphat
1175 5626 1186 5667 :
1223 5611 1439 5679 Expone
1458 5613 1607 5678 mihi,
1637 5630 1842 5683 quaaso,

271 5715 505 5768 quonam
531 5707 688 5768 pacto
711 5699 968 5756 sodalium
994 5711 1203 5757 tuorum
1227 5711 1498 5759 extremus
1547 5705 1731 5766 opibus
1760 5722 1839 5761 mc

1947 4595 2248 4650 solitudinis
2289 4595 2669 4650 exercitatione
2692 4593 2927 4649 contenti
2983 4595 3117 4659 sint,
3153 4609 3375 4662 eamque
3419 4609 3519 4662 pro

1947 4689 2241 4741 verissimis
2292 4688 2498 4742 deliciis
2550 4687 2764 4751 ducant,
2799 4688 2960 4741 nullis
3007 4689 3227 4744 omnino
3255 4686 3517 4757 ejusmodi

1907 4813 1919 4824 .
1947 4778 2107 4831 rebus
2138 4778 2374 4846 indigere
2412 4788 2743 4846 compcrtmn
2774 4779 3018 4843 habeam,
3060 4779 3300 4848 pecuniis
3345 4787 3397 4831 et
3427 4791 3520 4831 ve-

1947 4867 2142 4933 stibus,
2170 4884 2301 4937 quas
2352 4879 2400 4920 te
2449 4869 2576 4936 ipsis
2605 4869 2850 4922 daturum
2891 4870 3130 4933 dicebas,
3157 4869 3211 4921 in
3258 4882 3520 4936 pauperes

1949 4958 2268 5022 distributis,
2302 4959 2384 5013 fac
2416 4960 2508 5012 tibi
2537 4960 2796 5027 ejusmodi
2847 4962 3155 5012 thesaurum
3202 4958 3254 5012 in
3284 4959 3518 5011 futurum

1950 5049 2230 5115 recondas,
2262 5050 2353 5118 qui
2380 5051 2523 5103 nullo
2553 5050 2709 5104 modo
2761 5051 2955 5118 surripi
3009 5052 3198 5118 possit,
3224 5051 3387 5105 Deum
3417 5051 3521 5104 sci-

1951 5141 2075 5194 licet
2105 5141 2157 5193 in
2214 5141 2328 5208 ipso
2362 5155 2454 5209 per
2506 5141 2721 5194 illorum
2763 5155 2949 5209 preces
2999 5141 3373 5210 Opitulatorem
3429 5140 3521 5194 tibi

1951 5232 2266 5301 adjungens.
2298 5233 2386 5287 Sic
2407 5233 2548 5286 enim
2581 5233 2681 5287 hoc
2704 5233 3067 5300 consequeris,
3098 5243 3158 5287 ut
3178 5248 3305 5304 opes
3334 5233 3399 5288 ad
3426 5249 3522 5303 op-

1953 5326 2079 5377 tima
2111 5338 2333 5392 quaeque
2384 5323 2475 5377 tibi
2530 5324 2839 5393 adjumento
2887 5324 3016 5379 sint.
3047 5327 3123 5378 Ac
3157 5324 3373 5389 deinde,
3402 5341 3522 5378 cum

1953 5415 2182 5482 Spiritus
2208 5427 2528 5470 armaturam
2560 5419 2863 5486 acceperis,
2897 5429 2950 5473 et
2982 5417 3191 5473 lumbos
3222 5421 3271 5472 in
3300 5418 3526 5472 veritate

1953 5507 2302 5565 succinxeris.
2331 5523 2391 5562 ac
2427 5509 2648 5576 justitia:
2705 5510 2920 5565 loricam
2966 5511 3222 5576 indueris,
3256 5519 3310 5564 et
3338 5509 3526 5563 salutis

1954 5597 2162 5665 galeam
2193 5598 2349 5666 capiti
2387 5607 2475 5652 tuo
2521 5600 2870 5668 imposueris,
2899 5611 2950 5654 et
2983 5601 3141 5669 pedes
3172 5600 3223 5654 in
3255 5597 3522 5662 Evangci‘i

1956 5686 2097 5756 pacis
2148 5690 2590 5758 prmparationcm
2641 5691 3170 5760 calccaris,fideiquc
3221 5698 3426 5743 scutum
3459 5699 3524 5736 ac

2957 6248 2986 6251 __
2999 6243 3154 6251 .ι’-...-
3185 6241 3342 6252 ..Δ-⁵,..
