4010 6230
483 267 589 322 {iiii

1527 268 1613 321 DE
1658 267 1829 322 ‘(iTlS
1869 269 2155 321 PATllUM
2202 270 2405 321 LIBER
2451 270 2725 327 PRIMUS.

3647 291 3761 347 3:16

487 372 716 441 Spiritus
765 374 1021 445 gladium,
1050 376 1190 445 quod
1232 386 1312 431 est
1371 376 1590 431 Verbum
1649 379 1737 432 Dei
1768 419 1780 442 ,
1813 378 2061 432 manibus
2090 379 2138 438 Α
2170 378 2336 433 sionis
2364 380 2582 435 modum
2626 386 3092 453 comprehendere
3135 384 3358 448 minﬂne
3385 394 3601 450 studeas
3632 398 3754 469 (ne-

490 466 782 532 sumpseris
814 466 1026 534 (Ephes.
1063 469 1164 535 vt),
1197 478 1355 536 atque
1387 468 1621 537 undique
1651 478 1701 523 te
1726 471 2063 537 praestantis-

489 555 636 609 simis
658 560 822 610 armis
845 559 1163 611 instruxeris
1205 575 1267 613 ac
1300 562 1622 627 muniveris,
1649 562 1718 615 ita
1750 563 1963 616 demum
2007 563 2067 615 ﬁ-

487 647 630 700 denti
664 650 843 700 animo
871 650 935 702 ad
962 650 1156 704 bellum
1180 667 1300 703 cum
1330 653 1606 719 impietate
1624 656 2065 709 connnittentlnm

487 736 765 805 egredere,
784 749 835 789 ut
863 754 922 791 ea
948 740 997 790 in
1026 740 1197 809 fugam
1230 756 1404 806 versa,
1428 750 1585 809 atque
1614 742 1779 810 ipsius
1800 744 1934 798 duce
1951 745 2068 798 dia-

485 822 611 876 bolo
641 826 691 878 in
746 837 940 880 terram
1001 829 1175 893 alliso,
1207 845 1235 882 a
1260 831 1447 885 dextra
1492 833 1700 887 Domini
1734 850 1893 889 manu
1943 852 2065 904 qute

485 914 609 967 vita:
660 916 974 984 principium
1031 919 1205 977 allert.
1239 920 1513 975 victricem
1560 937 1812 977 coronam
1869 939 2064 980 conse-

483 1020 688 1073 quorts.

550 1116 679 1171 Car.
707 1118 921 1173 XIX.—-
946 1118 1078 1174 Cum
1113 1123 1353 1177 Barlaam
1382 1125 1684 1194 hnjusmodi
1723 1128 1984 1182 doctrinis
2004 1144 2066 1183 ac

478 1206 769 1260 salutiferis
792 1212 1131 1266 sermonibus
1182 1215 1321 1284 regis
1353 1216 1520 1269 ﬁlium
1573 1218 1877 1281 imbuisset,
1906 1232 2065 1290 atque

479 1296 543 1347 ad
569 1297 806 1351 divinum
838 1300 1163 1368 baptismum
1222 1318 1596 1373 prscparasset,
1632 1309 1819 1377 eique,
1854 1320 1909 1363 ut
1935 1326 2066 1365 con-

479 1390 704 1442 suetudo
757 1391 879 1455 fert,
913 1392 979 1445 ad
1038 1395 1243 1461 aliquot
1300 1398 1414 1451 dies
1442 1388 1776 1467 jejitnare'ac
1816 1404 2063 1470 precibus

484 1477 794 1533 incumbere
856 1484 1334 1550 prarcepisset,atl
1390 1502 1512 1539 eum
1565 1492 1753 1545 crebro
1803 1498 2065 1546 ventitare

478 1584 584 1622 non
634 1572 944 1637 desinebat,
988 1584 1148 1641 atque
1204 1577 1383 1629 omnia
1438 1582 1753 1636 orthodoxa:
1798 1586 1919 1639 ﬁdei
1968 1586 2064 1639 do-

480 1674 658 1727 gmata
716 1662 814 1726 ipsi
875 1666 1137 1730 tradebat,
1187 1668 1533 1738 divinumque
1586 1674 1931 1743 Evangelium
1962 1693 2055 1731 ex-

479 1754 730 1819 ponebat,
763 1770 826 1808 ac
876 1768 1135 1823 praeterea
1194 1763 1517 1828 apostolicus
1580 1766 1982 1824 cohortationes
2009 1783 2063 1825 et

479 1844 863 1910 prophetarum
898 1846 1010 1899 loca
1041 1848 1153 1914 ipsa
1178 1851 1517 1918 explanahat.
1551 1854 1682 1908 Nam
1709 1872 1826 1911 cum
1852 1859 1933 1911 vir
1974 1861 2062 1916 illc

479 1932 734 1985 divinitus
767 1934 958 1987 tradita
993 1936 1232 1990 doctrina
1269 1941 1508 2007 polleret,
1550 1959 1765 1999 omnem
1787 1958 1890 2001 tam
1916 1959 2062 2004 vete-

479 2024 553 2076 ris
578 2040 737 2092 quam
771 2026 898 2080 n0vi
928 2027 1258 2085 Testamenti
1290 2035 1607 2102 seripturam
1637 2042 1949 2097 memoriter
1977 2058 2062 2098 re-

474 2118 692 2170 citabat.
737 2116 977 2189 Cumque
1018 2122 1199 2177 divino
1244 2124 1447 2191 Spiritu
1499 2128 1752 2185 incitatus
1805 2132 2056 2201 ferretur,

474 2210 869 2265 adolescentem
902 2229 1043 2268 verte
1074 2216 1163 2270 Dci
1200 2218 1398 2272 notitia:
1439 2221 1559 2275 luce
1589 2224 1945 2282 collustravit.
1980 2227 2060 2283 Eo

472 2309 650 2356 autem
682 2302 766 2357 die
797 2320 900 2372 quo
930 2307 1283 2375 baptizandus
1336 2322 1475 2377 erat,
1502 2315 1729 2371 docendi
1761 2334 1920 2375 causa
1973 2322 2057 2376 bis

471 2390 536 2443 ad
586 2406 708 2445 eum
758 2394 933 2447 verbis
988 2399 1364 2455 utebatur:En
1404 2404 1606 2459 ChriSti
1654 2409 1885 2478 sigillum
1910 2413 2055 2466 acci-

471 2493 619 2545 pere,
644 2492 802 2552 atque
825 2486 1077 2539 dominici
1105 2490 1282 2544 vultus
1307 2493 1508 2549 lumine
1543 2496 1847 2569 consignari
1877 2501 2051 2571 (Paul.

471 2572 570 2640 iv),
596 2573 795 2643 Deique
837 2575 995 2645 ﬁlius,
1030 2593 1092 2633 ac
1113 2583 1315 2638 viviﬁci
1339 2585 1568 2655 Spiritus
1601 2594 1863 2662 templum
1910 2596 2054 2653 efﬁci

470 2676 749 2730 properas.

537 2775 792 2841 Quocirca
823 2780 873 2834 in
897 2781 1106 2837 Patrem
1130 2795 1179 2838 et
1212 2786 1398 2841 Filium
1428 2799 1480 2844 et
1509 2790 1773 2861 Spiritum
1800 2809 2048 2855 sanetum

466 2869 647 2935 crede,
679 2882 937 2937 sanctam,
970 2874 1208 2945 inquam,
1236 2895 1300 2933 ex
1356 2896 1458 2950 qua
1489 2886 1591 2938 vita
1619 2888 1827 2943 initium
1868 2892 2048 2959 duxit,

465 2957 801 3025 Trinitatem,
830 2978 948 3031 qute
978 2963 1029 3018 in
1059 2969 1225 3021 tribus
1257 2975 1501 3037 personis
1533 2986 1587 3029 et
1631 2994 1735 3032 una
1764 2981 2050 3039 divinitate

468 3048 795 3115 celebratur,
821 3067 904 3116 ac,
936 3066 1191 3123 quantum
1216 3059 1429 3127 quidem
1461 3063 1526 3116 ad
1554 3080 1812 3131 personas
1839 3080 1895 3124 et
1919 3088 2044 3140 per-

469 3140 683 3194 sonales
735 3147 1090 3210 proririetates
1121 3150 1329 3218 attinet,
1364 3152 1613 3209 distincta
1656 3168 1758 3224 est,
1784 3172 2043 3230 quantum

463 3236 641 3283 autem
697 3232 761 3285 ad
802 3238 1088 3289 essentiam
1113 3279 1126 3303 ,
1160 3240 1450 3309 conjuncta
1481 3257 1534 3299 et
1560 3251 1802 3317 capulata
1836 3270 1847 3303 :
1880 3270 2043 3310 unum

462 3316 628 3371 Deum
654 3321 946 3389 ingenitum
975 3342 1290 3396 agnoscens,
1318 3342 1477 3403 atque
1502 3353 1661 3391 unum
1695 3338 1889 3397 Filium
1928 3347 2044 3400 uni-

460 3409 715 3476 genitum,
753 3412 1032 3471 Dominum
1063 3431 1301 3476 nostrum
1326 3425 1505 3481 Jesum
1537 3428 1829 3501 Christum,
1862 3437 2040 3495 lumen

458 3504 526 3557 de
572 3504 789 3573 lumine,
821 3510 984 3565 Deum
1014 3530 1199 3570 verum
1249 3519 1315 3572 de
1344 3523 1450 3578 Deo
1477 3539 1624 3591 vero,
1648 3530 1884 3595 genitum
1917 3542 2041 3587 ante

457 3597 634 3649 omnia
664 3601 881 3655 saecula.
915 3604 1151 3671 (Etenim
1184 3624 1245 3663 ex
1278 3611 1420 3667 bono
1453 3615 1609 3669 Patre
1661 3618 1834 3674 bonus
1867 3622 2039 3678 Filius

458 3686 665 3753 genitus
695 3700 797 3754 est,
827 3702 880 3745 et
903 3708 966 3747 ex
995 3697 1267 3765 unigenito
1300 3701 1503 3758 lumine
1535 3710 1927 3774 sempiternum
1953 3716 2035 3768 lu-

466 3792 588 3831 men
632 3781 849 3847 elTulsit,
878 3792 932 3838 et
979 3802 1041 3840 cx
1070 3803 1190 3842 vera
1233 3793 1339 3846 vita
1398 3795 1639 3853 viviticns
1669 3801 1786 3857 fons
1815 3807 2034 3877 prodiit,

456 3876 508 3919 et
528 3885 591 3921 ex
615 3870 840 3937 ipsumet
871 3879 1122 3943 potentia,
1159 3881 1269 3934 Filii
1306 3890 1536 3951 potentia
1564 3870 1919 3967 emicuit,rqui
1955 3912 2039 3956 est

460 3960 714 4025 Splendor
742 3964 924 4029 gloria:
956 3965 1138 4037 [Ilebr.
1162 3971 1221 4043 i],
1242 3984 1294 4026 et
1315 3976 1541 4032 Verbum
1562 3997 1689 4037 vere
1714 3960 2034 4059 subsistens,

460 4048 549 4114 qui
602 4049 653 4101 in
711 4054 970 4123 principio
999 4070 1133 4124 erat,
1161 4076 1214 4116 et
1256 4070 1394 4134 apud
1446 4071 1610 4127 Deum
1643 4089 1782 4145 erat,
1812 4088 1866 4134 et
1897 4048 2036 4139 Deus

456 4151 569 4194 erat
612 4139 797 4216 [Jaan.
826 4146 885 4219 t],
914 4153 1155 4220 principii
1187 4174 1380 4229 expers
1429 4176 1482 4219 et
1527 4173 1916 4241 sempiternus;
1943 4194 2037 4246 per

456 4248 614 4299 quem
649 4238 825 4291 omnia
858 4240 992 4295 facta
1012 4254 1156 4310 sunt,
1187 4259 1290 4305 tam
1346 4270 1463 4319 quae
1521 4262 1692 4315 oculis
1743 4279 2037 4325 cernuntur

455 4340 609 4389 quant
644 4344 762 4395 qua:
794 4333 939 4385 cerni
973 4343 1288 4411 nequeunt.)
1331 4344 1395 4397 Et
1427 4363 1585 4403 unum
1622 4352 1876 4421 Spiritum
1908 4374 2031 4413 san-

453 4419 618 4477 ctum,
648 4429 711 4467 ex
746 4415 899 4471 Patre
927 4424 1325 4493 procedentem,
1359 4415 1678 4504 agnoscens,
1713 4441 1877 4498 Deum
1911 4462 2031 4515 per-

455 4503 674 4573 fectum,
702 4518 753 4561 et
780 4512 937 4565 vitam
972 4514 1303 4584 all'crentem,
1328 4536 1389 4575 ac
1418 4528 1753 4582 sanctitatem
1785 4503 2031 4602 prteben-

453 4604 596 4665 tctu,
639 4600 823 4654 eadem
876 4604 1148 4661 voluntate
1196 4612 1477 4678 prmditum
1514 4656 1527 4681 ,
1582 4600 2027 4697 omnipotentem,

450 4688 693 4742 eamdem
750 4696 1103 4751 aeternitatem
1138 4700 1445 4772 habentem,
1479 4722 1604 4764 vere
1625 4714 2023 4778 subsistentem.

444 4778 524 4829 Ad
554 4780 692 4834 hunc
713 4781 872 4851 igitur
901 4791 1116 4843 modum
1151 4791 1360 4850 Patrem
1388 4805 1443 4851 et
1472 4797 1661 4857 Filium
1693 4815 1745 4860 et
1770 4810 2024 4880 Spiritum

445 4885 687 4927 sanctum
720 4877 905 4946 adora,
938 4882 990 4935 in
1017 4884 1183 4938 tribus
1206 4893 1450 4955 personis
1474 4910 1569 4950 seu
1585 4903 2017 4973 proprieJatibus,

448 4974 605 5031 atque
647 4964 700 5019 in
753 4985 853 5022 una
881 4972 1181 5031 divinitate.
1212 4981 1519 5040 Communis
1564 4990 1705 5044 enim
1738 4994 1819 5049 his
1852 5001 2020 5054 tribus

442 5064 526 5108 est
553 5058 822 5125 divinitas,
850 5077 1007 5135 atque
1032 5085 1133 5122 una
1160 5072 1393 5138 ipStll'Uﬂl
1428 5089 1615 5135 natura
1645 5094 1746 5150 est,
1772 5103 1872 5142 una
1896 5092 2022 5146 sub-

440 5148 656 5209 stantia,
691 5166 789 5202 una
848 5156 1013 5223 gloria
1038 5200 1052 5223 ,
1084 5177 1245 5216 unum
1304 5182 1523 5236 regnum
1552 5214 1568 5237 ,
1598 5190 1703 5229 una
1758 5185 2018 5250 potentia,

447 5250 545 5286 una
578 5243 889 5295 auctoritas.
918 5245 1213 5307 Commune
1234 5266 1409 5311 autem
1439 5273 1521 5314 est
1551 5264 1687 5318 Filio
1715 5243 1771 5323 et
1798 5243 2017 5340 Spiritui

438 5334 642 5391 sancto,
677 5330 816 5395 quod
837 5347 899 5386 ex
930 5335 1083 5393 Patre
1116 5356 1273 5397 sunt:
1299 5355 1354 5400 at
1385 5365 1509 5405 vero
1561 5354 1701 5410 Patri
1742 5330 2017 5428 propritim

438 5423 521 5467 (νει
571 5418 859 5482 ingenitum
912 5442 1063 5497 esse,
1110 5433 1245 5491 Filio
1293 5444 1531 5509 genitum
1589 5463 1749 5519 csse,
1800 5454 2019 5523 Spiritui

441 5506 676 5577 denique
710 5520 1056 5579 processisse.

511 5623 602 5678 Sic
640 5626 797 5696 igitur
828 5631 940 5690 haec
985 5640 1245 5698 crederat
1275 5649 1635 5714 genrrationis
1682 5666 1769 5729 aut
1799 5674 2014 5730 proces-

2057 4468 2111 4529 Ι)

2173 490 2277 543 que
2301 478 2442 531 enim
2473 483 2853 548 comprehendi
2883 484 3105 553 potest),
3140 503 3325 543 verum
3353 492 3564 561 integro
3592 501 3765 559 corde

2171 580 2232 619 ac
2253 567 2369 622 sine
2397 569 2503 621 ulla
2546 580 2939 638 supervacanea
2990 576 3400 647 investigatione
3429 583 3557 636 illud
3611 596 3763 658 tene,

2172 657 2425 711 nimirum
2453 660 2663 715 Patrem
2693 674 2742 715 et
2779 664 2970 717 Filium
3006 678 3058 720 cl
3086 667 3347 735 Spiritum
3371 684 3613 729 sanctum
3639 657 3770 732 om.

2170 748 2327 802 nibus
2352 750 2528 803 modis
2559 767 2719 806 unum
2744 768 2883 815 esse,
2908 768 3138 828 excepta
3166 761 3387 830 ingeniti
3409 768 3767 834 proprietate,

2171 846 2224 890 et
2249 840 2618 905 generatione,
2647 852 2700 896 et
2730 845 3108 913 processione;
3160 850 3400 915 illudque
3449 854 3599 921 item,
3634 861 3759 913 uni-

2168 928 2405 995 genitum
2464 931 2652 985 Filium
2704 948 2768 987 ac
2811 936 2900 988 Dei
2958 937 3209 1004 Verbum,
3252 951 3306 995 ct
3348 943 3539 1012 Deum,
3570 951 3758 1006 salutis

2171 1031 2371 1075 nOstrze
2419 1038 2579 1077 causa
2613 1026 2787 1080 Patris
2808 1028 3044 1095 decreto,
3078 1046 3139 1085 ac
3173 1033 3404 1099 Spiritus
3434 1040 3606 1093 sancti
3660 1045 3755 1095 ad-

2165 1111 2347 1178 juncta
2396 1129 2576 1182 opera,
2609 1116 2660 1169 in
2714 1127 2912 1172 terram
2965 1122 3342 1191 descendisse;
3393 1130 3510 1184 sine
3546 1134 3755 1188 semine

2173 1208 2226 1260 in
2257 1220 2455 1263 sancta:
2485 1211 2711 1280 Virginis
2739 1230 2800 1267 ac
2825 1216 2914 1268 Dei
2946 1220 3221 1285 genitricis
3257 1220 3440 1277 Marite
3470 1234 3623 1281 utero
3658 1245 3755 1296 per

2176 1299 2431 1367 Spiritum
2486 1315 2726 1358 sanctum
2759 1319 3099 1376 conceptum,
3132 1326 3194 1364 ac
3219 1314 3337 1368 sine
3372 1316 3475 1368 ulla
3508 1317 3625 1371 labe
3653 1335 3747 1387 ge-

2168 1390 2360 1454 nitum,
2390 1392 2795 1466 perfectumque
2847 1398 3118 1455 hominem
3177 1403 3464 1471 enectum;
3516 1409 3752 1479 illudque

2171 1492 2430 1549 prteterea
2458 1525 2473 1551 ,
2509 1488 2681 1555 ipsum
2745 1490 3039 1559 perlectum
3083 1494 3249 1549 Deum
3283 1540 3297 1562 ,
3346 1514 3408 1553 ac
3457 1501 3749 1569 perlectum

2167 1572 2437 1630 hominem
2491 1593 2632 1644 esse,
2653 1596 2717 1634 ex
2748 1582 2955 1638 duabus
2980 1587 3202 1649 naturis,
3230 1591 3331 1643 hoc
3356 1601 3434 1643 est
3472 1592 3752 1650 divinitate

2167 1675 2221 1718 et
2252 1667 2607 1736 humanitate,
2641 1688 2705 1725 ac
2737 1676 2787 1726 in
2814 1675 3020 1730 duabus
3049 1682 3253 1735 naturis
3303 1683 3652 1755 intelligentia
3696 1699 3753 1744 et

2096 1745 2140 1803 Β
2170 1758 2440 1813 voluntate
2464 1770 2517 1814 et
2542 1764 2856 1831 operatione
2879 1776 2932 1819 et
2960 1768 3166 1824 arbitrii
3209 1770 3451 1827 libertate
3473 1745 3749 1845 przeditis,

2167 1856 2328 1915 atque
2351 1851 2499 1903 omni
2556 1854 2764 1907 ratione
2814 1857 3084 1924 perfectis,
3116 1861 3271 1927 juxta
3304 1879 3536 1920 normam
3565 1884 3627 1922 ac
3655 1885 3748 1923 ra-

2168 1935 2365 1990 tionem
2426 1941 2665 2010 utrique,
2694 1954 2918 2011 natum,
2954 1950 3055 2001 hoc
3084 1962 3167 2004 est
3189 1954 3379 2009 divinae
3408 1966 3462 2011 et
3489 1957 3748 2014 humanm

2164 2041 2603 2099 consentaneam,
2629 2052 2729 2089 una
2761 2049 2938 2093 autem
2970 2044 3132 2114 286
3157 2050 3448 2114 composita
3489 2067 3748 2119 persona.

2166 2117 2313 2183 llzcc,
2359 2123 2594 2191 inquam,
2650 2129 2965 2197 simpliciter
3013 2145 3170 2202 atque
3217 2137 3332 2193 sine
3381 2140 3485 2195 ulla
3533 2145 3751 2199 curiosa

2165 2211 2575 2284 invesﬁgatione
2622 2221 2848 2286 accipe:
2884 2239 2982 2278 nec
3027 2226 3155 2280 illud
3212 2229 3515 2301 intelligere
3564 2237 3747 2305 stude,

2160 2318 2394 2373 quonam
2427 2319 2586 2377 pacto
2609 2311 2703 2367 Dei
2734 2314 2898 2370 Filius
2924 2317 3157 2387 seipsum
3183 2324 3563 2393 exinaniverit,
3585 2340 3751 2400 atque

2160 2408 2228 2449 ex
2254 2399 2505 2467 virgineis
2559 2405 2909 2479 Sanguinibus
2952 2408 3114 2464 bonto
3172 2416 3288 2468 sine
3337 2418 3544 2472 semine
3582 2433 3750 2489 atque
3830 2488 3837 2494 ,

2159 2490 2506 2557 corruptione
2556 2493 2727 2550 factus
2782 2497 2971 2562 fuerit;
3023 2514 3113 2555 aut
3170 2521 3401 2573 quonam
3446 2522 3599 2578 pacto
3621 2514 3746 2567 dum

2157 2586 2362 2632 natura:
2408 2579 2460 2633 in
2514 2597 2672 2636 unam
2717 2599 3000 2652 personam
3050 2597 3580 2654 convenerint.Nam
3624 2600 3747 2658 lucc

2156 2684 2276 2737 qua:
2305 2670 2560 2726 divinitus
2611 2676 2765 2731 nobis
2801 2692 2832 2730 a
2880 2679 3153 2747 Scriptura
3205 2697 3390 2741 sancta
3420 2689 3557 2743 dicta
3589 2703 3742 2759 sunt,

2157 2759 2264 2815 ﬁde
2295 2770 2479 2818 tenere
2505 2764 2795 2824 docemur:
2857 2771 3073 2827 modum
3105 2786 3282 2831 autem
3316 2782 3608 2850 nescimus,
3639 2799 3747 2840 nec

2155 2864 2431 2918 exponere
2460 2872 2757 2923 possumus.

2226 2942 2397 2999 Crede
2428 2946 2619 3002 Filium
2669 2950 2785 3017 Dei,
2816 2953 2909 3020 qui
2958 2970 3052 3024 per
3082 2959 3286 3015 viscera
3349 2966 3746 3023 misericordiae

2155 3050 2264 3091 suae
2295 3038 2454 3093 homo
2477 3038 2646 3096 factus
2669 3053 2771 3108 est,
2796 3062 2983 3102 omnes
3000 3064 3091 3104 eas
3123 3053 3381 3109 humanas
3402 3057 3740 3127 affectiones,

2153 3145 2271 3193 qua:
2301 3134 2568 3203 naturales
2622 3145 2771 3201 sunt,
2804 3152 2901 3191 nec
2950 3140 3082 3193 vitio
3136 3143 3350 3209 dantur,
3401 3151 3745 3217 suscepisse.

2150 3219 2315 3275 Fame
2341 3223 2506 3289 cnim,
2535 3237 2791 3293 quantum
2822 3229 2887 3283 ad
2916 3229 3199 3287 humanam
3242 3245 3482 3293 naturam
3517 3244 3739 3309 attinet,

2149 3326 2212 3365 ac
2233 3312 2319 3366 siti
2344 3314 2605 3369 laboravit
2629 3359 2642 3381 ,
2680 3327 2736 3371 et
2785 3320 3058 3387 dormivit,
3091 3334 3144 3378 et
3166 3324 3218 3378 in
3243 3341 3440 3396 angore
3486 3344 3741 3388 versatus

2148 3413 2251 3468 est,
2280 3412 2336 3458 et
2373 3422 2470 3474 pro
2503 3409 2701 3463 nostris
2734 3411 3099 3479 iniquitatibus
3152 3417 3215 3469 ad
3258 3429 3483 3473 mortem
3516 3422 3737 3489 ductus,

2147 3498 2398 3566 crucique
2426 3501 2638 3568 alﬁxus,
2665 3518 2726 3556 ac
2756 3505 3034 3571 degustata
3068 3520 3241 3566 morte
3280 3516 3555 3582 sepultura
3601 3518 3739 3572 aﬁ'e-

2145 3596 2263 3641 ctus
2282 3598 2385 3654 est,
2410 3591 2585 3644 divina
2624 3594 2837 3648 interim
2884 3608 3071 3651 natura
3103 3602 3171 3653 ab
3200 3605 3343 3657 omni
3379 3610 3733 3675 perpe:sione

2144 3694 2207 3732 ac
2239 3685 2532 3737 mutatione
2559 3686 2723 3740 libera
2749 3702 3018 3744 manente.
3051 3693 3260 3748 Nullam
3312 3698 3453 3752 enim
3506 3703 3733 3756 omnino

2146 3774 2541 3839 perpessionem
2601 3778 2766 3843 ipsius
2820 3793 3022 3836 natura:
3066 3786 3134 3838 ab
3182 3790 3327 3841 omni
3380 3794 3732 3858 perpessione

2143 3861 2333 3914 alienae
2380 3864 2755 3932 attribnimus;
2808 3885 2991 3924 verum
3044 3874 3095 3926 in
3126 3890 3185 3928 ea
3221 3889 3405 3932 natura
3439 3897 3598 3949 quam
3635 3899 3731 3937 as-

2149 3955 2379 4020 sumpsit
2409 3971 2529 4008 eum
2563 3972 2773 4024 passum
2803 3972 2853 4015 et
2885 3966 3150 4032 sepultum
3184 3985 3305 4023 esse
3352 3976 3728 4042 agnoscimus,

2142 4058 2207 4095 ac
2249 4044 2429 4099 divina
2461 4048 2629 4115 gloria
2654 4065 2682 4102 a
2714 4063 2885 4107 morte
2912 4057 2976 4107 ad
3004 4058 3162 4113 vitam
3193 4074 3248 4115 et
3270 4063 3728 4123 immortalitatem

2144 4135 2432 4189 excitatum
2462 4152 2605 4203 esse,
2631 4149 2792 4209 atque
2834 4146 2886 4197 in
2929 4150 3094 4201 caelos
3124 4156 3454 4222 ascendiSse,
3481 4162 3731 4213 tandem-

2140 4240 2244 4291 que
2273 4242 2482 4281 rursum
2508 4245 2628 4283 cum
2649 4234 2813 4300 gloria
2848 4248 3128 4293 venturum
3158 4258 3296 4309 esse,
3336 4249 3473 4302 utde
3506 4251 3639 4304 vivis
3660 4268 3729 4306 ac

2140 4320 2366 4373 mortuis
2413 4323 2735 4378 sententiam
2796 4326 2950 4392 ferat,
2983 4342 3142 4400 atque
3194 4336 3478 4406 unicuique
3529 4357 3625 4407 pro
3655 4358 3729 4396 eo

2138 4420 2201 4461 ac
2231 4409 2453 4463 meritus
2483 4422 2563 4467 est
2585 4416 2841 4482 rependat
2867 4417 3080 4488 (Matth.
3104 4438 3189 4476 xvi
3212 4440 3225 4485 ;
3251 4425 3406 4494 Apoc.
3441 4429 3594 4495 xxii).
3623 4430 3729 4485 lle-

2140 4510 2363 4568 surgent
2384 4504 2525 4557 enim
2560 4509 2774 4571 mortui,
2807 4519 2860 4562 et
2887 4513 3265 4569 excitabuntur
3295 4519 3380 4585 qui
3412 4519 3463 4573 in
3521 4536 3722 4577 monu-

2140 4594 2334 4645 mentis
2361 4605 2504 4649 sunt.
2532 4599 2709 4666 Atque
2736 4600 2809 4653 illi
2837 4602 3051 4670 quidem
3079 4608 3170 4675 qui
3215 4608 3409 4665 Christi
3466 4614 3723 4671 mandata

2138 4682 2563 4753 observaverint,
2586 4702 2640 4744 et
2664 4693 2713 4744 in
2742 4703 2882 4749 recta
2912 4697 3013 4752 ﬁde
3029 4714 3093 4752 ex
3118 4701 3217 4754 hac
3238 4702 3339 4755 vita
3363 4708 3717 4773 excesserint,

2136 4780 2518 4847 sempiternam
2545 4783 2707 4839 vitam
2738 4787 3075 4846 baereditario
3095 4795 3481 4863 possidebunt;
3510 4799 3601 4868 qni
3623 4817 3722 4854 au-

2139 4876 2246 4920 tem
2279 4869 2331 4922 in
2373 4876 2605 4937 peccatis
2632 4891 2753 4931 sese
2800 4885 3156 4949 corruperint,
3184 4896 3343 4954 atque
3370 4904 3399 4941 a
3428 4904 3569 4945 recta
3605 4893 3714 4947 ﬁde

2139 4957 2484 5026 deﬁexerint,
2517 4966 2582 5017 ad
2610 4970 2990 5034 sempiternum
3023 4978 3344 5043 suppiicium
3366 4982 3559 5036 abituri
3587 4994 3719 5039 sunt

2137 5048 2404 5120 (Joan.v).
2428 5055 2599 5108 Crede
2621 5073 2719 5111 nec
2733 5060 2889 5113 ullam
2907 5064 3030 5115 mali
3047 5071 3358 5134 essentiam,
3377 5087 3475 5127 nec
3495 5090 3716 5141 regnum

2134 5140 2301 5192 ullum
2351 5157 2503 5208 esse;
2552 5160 2652 5198 nec
2706 5150 2946 5218 principii
2977 5170 3169 5222 expers
3196 5158 3324 5212 illud
3370 5178 3489 5217 esse
3514 5175 3713 5233 statue,

2134 5239 2225 5283 aut
2275 5230 2331 5283 in
2386 5234 2563 5301 seipso
2616 5240 2909 5306 exstitisse,
2941 5244 3024 5296 vel
3072 5246 3234 5300 etiam
3293 5264 3324 5303 a
3377 5252 3485 5307 Deo
3533 5267 3709 5310 ortum

2134 5324 2360 5377 traxisse
2386 5326 2588 5394 (procul
2613 5343 2642 5381 a
2677 5339 2727 5383 te
2756 5334 2823 5383 sit
2847 5334 2959 5388 haec
2988 5338 3334 5407 absurditasl,
3358 5361 3543 5401 verum
3574 5363 3714 5417 opus

2136 5425 2375 5468 nostrum
2406 5432 2467 5471 ac
2499 5420 2693 5476 diaboli
2738 5425 2835 5478 hoc
2860 5418 3002 5492 esse,
3036 5435 3175 5500 quod
3203 5448 3381 5491 nostra
3416 5441 3615 5494 incuria
3656 5452 3712 5496 ct

2079 5517 2083 5519 λ
2128 5507 2450 5574 negligentia
2507 5513 2738 5580 obrepit,
2773 5531 3047 5585 propterea
3105 5526 3244 5593 quod
3300 5529 3464 5583 libero
3490 5533 3709 5587 arbitrio

2129 5599 2338 5663 praediti
2367 5617 2570 5669 sumus,
2603 5622 2663 5661 ac
2708 5620 2899 5674 sponte
2938 5623 3119 5667 nostra
3170 5630 3275 5672 tam
3309 5622 3504 5677 bonttm
3548 5642 3705 5693 quam

2127 5692 2321 5747 malum
2371 5696 2631 5766 eligimus.
2669 5699 2745 5753 Ad
2772 5701 2882 5757 bmc
2920 5720 3082 5761 unum
3130 5709 3385 5783 baptisma
3450 5727 3513 5771 ex
3574 5732 3706 5787 aqua
