4010 6290
311 352 407 415 :.t't
744 360 907 414 VITA
947 358 1366 415 SANCTonUtt
1410 345 1737 412 BARLAAil
1783 354 2112 412 tinctum:
2154 357 2239 411 ET
2281 355 2633 412 JOSAPHAT
2676 346 2885 413 tivam:
2928 362 3149 417 REGIS.
3182 409 3212 438 ,

3480 362 3583 421 δῖε

307 485 358 525 ‹-ι
398 472 599 540 Spiritu
630 484 820 526 saneto
852 473 901 524 in
928 481 1265 540 peccatorum
1318 471 1691 525 remissionem
1724 469 1893 525 conﬁ-
1923 473 1971 527 A
2004 468 2237 534 Spiritus
2291 466 2480 531 sancti,
2506 482 2629 522 eum
2676 468 2726 521 in
2759 464 2959 535 ptscina
3012 484 3128 537 quae
3153 472 3203 524 in
3233 472 3399 541 ipsius
3424 474 3581 531 horto

311 577 439 617 tere.

377 660 555 727 Atque
586 657 806 724 insuper
834 656 902 709 ab
931 656 1074 710 omni
1101 654 1219 709 labe
1250 670 1377 724 pura
1405 653 1603 708 Christi
1638 653 1891 723 mySteria

303 751 492 817 accipe
519 792 535 816 ,
573 748 871 807 certissime
918 748 1150 802 credens
1176 790 1189 813 ,
1226 748 1315 802 Dei
1368 749 1533 802 nostri
1590 762 1785 816 corpus
1838 758 1891 801 et

303 842 619 911 Sanguinem
661 856 801 905 esse,
833 855 952 909 quae
1005 839 1308 893 horninibus
1358 840 1461 893 ﬁde
1518 840 1793 907 prteditis,
1824 838 1893 892 ad

305 943 648 1001 peccatorum
697 932 903 985 veniam
963 929 1105 982 dono
1149 929 1316 985 dedit.
1344 928 1588 983 Christus
1636 928 1775 982 enim
1827 942 1889 981 ea

308 1032 468 1080 nocte
504 1038 609 1093 qua
657 1022 988 1089 tradebatur,
1021 1029 1400 1075 testamentum
1433 1036 1629 1075 novum
1657 1020 1893 1089 discipu-

304 1119 367 1171 lis
384 1116 498 1169 suis
525 1129 578 1169 et
609 1115 886 1183 3p05l0lls,
916 1128 977 1166 ac
1007 1127 1100 1179 per
1124 1128 1217 1166 eos
1247 1113 1492 1166 omnibus
1527 1113 1615 1181 qui
1637 1112 1688 1167 in
1716 1112 1888 1181 ipsum

305 1208 555 1265 credituri
578 1216 732 1261 erant
761 1205 808 1276 (l
838 1203 958 1257 Cor.
981 1206 1089 1271 xi),
1122 1205 1174 1257 in
1208 1204 1323 1257 htec
1348 1203 1511 1257 verba
1544 1202 1759 1256 sanxit:
1786 1205 1891 1256 Ac-

305 1300 464 1369 cipite
486 1307 541 1354 et
563 1298 899 1359 mandocate,
932 1294 1035 1348 hoc
1075 1304 1158 1348 est
1181 1308 1378 1360 corpus
1410 1308 1587 1348 meum
1617 1293 1758 1362 quod
1792 1307 1889 1361 pro

312 1392 466 1445 vobis
496 1389 757 1458 frangitur
780 1388 831 1440 in
861 1386 1232 1440 remissionem
1258 1395 1619 1454 peccatorum.
1657 1385 1892 1440 Eodem-

305 1500 410 1554 que
440 1483 601 1537 modo
649 1488 917 1547 sumptum
949 1478 1170 1532 calicem
1198 1478 1323 1545 ipsis
1354 1476 1617 1544 porrexit,
1651 1477 1837 1531 dicens
1874 1494 1886 1528 :

309 1576 406 1630 Hic
427 1584 512 1630 est
540 1573 757 1642 sanguis
808 1585 959 1624 meus
990 1569 1112 1624 novi
1150 1569 1475 1632 testamenti,
1506 1568 1592 1636 qui
1620 1582 1715 1637 pro
1738 1567 1889 1623 vobis

305 1667 594 1722 effunditur
634 1666 687 1718 in
736 1664 1106 1718 remissionem
1150 1669 1513 1730 peccatorum.
1545 1662 1656 1715 lloc
1731 1659 1890 1715 facite

306 1765 358 1817 in
400 1774 572 1816 meam
618 1759 1205 1815 commemorationem.
1233 1758 1349 1825 Ipse
1386 1756 1547 1825 igitur
1593 1757 1684 1809 Dei
1709 1771 1886 1811 sermo

1998 566 2117 610 erat
2146 556 2457 622 baptizavit,
2491 571 2553 610 ac
2602 572 2766 625 super
2792 571 2912 611 eum
2942 559 3167 625 Spiritus
3191 562 3361 615 sancti
3408 568 3577 631 gratia

1997 647 2161 707 venit.
2188 645 2429 716 Cumque
2472 647 2539 700 ad
2583 648 2748 716 ipsius
2773 648 3081 703 cubiculum
3134 649 3400 714 rediisset,
3424 665 3583 723 atque

2000 736 2262 790 incruenti
2309 736 2559 790 sacriﬁcii
2622 752 2831 791 sacrum
2878 739 3209 807 peregisset,
3242 739 3582 796 innnaculata

1997 824 2192 879 Christi
2246 826 2504 895 mysteria
2536 826 2639 894 ipsi
2683 826 2995 894 impertivit.
3028 828 3321 898 Posteaque
3344 830 3434 884 ille
3466 832 3580 899 spi-

1996 917 2099 969 ritu
2153 917 2477 981 exsultabat,
2501 916 2773 971 Christum
2836 919 3000 972 Deum
3045 920 3198 976 laude
3222 931 3383 991 atque
3413 922 3583 992 gloria

1995 1008 2257 1061 afficiens.

2066 1120 2206 1173 Dixit
2235 1130 2412 1173 autem
2441 1120 2506 1174 ad
2537 1135 2658 1174 eum
2688 1120 2929 1175 Barlaam
2977 1137 2992 1175 :
3038 1122 3355 1177 Benedictus
3409 1124 3582 1189 Deus,

1996 1220 2050 1264 et
2078 1210 2236 1264 Pater
2272 1211 2478 1264 Domini
2510 1213 2683 1266 nostri
2730 1213 2855 1267 Jesu
2897 1213 3111 1280 Christi,
3145 1216 3233 1284 qui
3262 1231 3356 1285 pro
3385 1218 3586 1286 ingenti

1995 1315 2091 1354 sua
2137 1301 2504 1354 misericordia
2538 1305 2875 1369 regeneravit
2916 1304 2965 1356 in
3012 1313 3062 1357 te
3101 1319 3248 1371 spem
3300 1307 3499 1371 vivam,
3532 1308 3584 1361 in

1996 1391 2364 1446 [nereditatem
2392 1394 2877 1461 incorruptibilem,
2911 1404 2964 1448 et
3007 1397 3500 1462 incontarninatam,
3532 1409 3589 1451 et

1996 1484 2524 1551 immarcescibilem,
2574 1497 2943 1539 conservatam
2995 1488 3047 1540 in
3091 1491 3241 1543 etelis
3284 1490 3336 1543 in
3376 1491 3611 1544 Christo-

1995 1575 2120 1630 Jesu
2155 1577 2380 1631 Domino
2412 1588 2597 1631 nostro
2628 1591 2721 1646 per
2749 1576 3006 1644 Spiritum
3030 1586 3272 1632 sanetum
3304 1578 3355 1648 (Ι
3380 1578 3495 1633 Pet.
3523 1580 3586 1651 ι).

1996 1666 2267 1721 llodierno
2297 1667 2439 1721 enim
2469 1668 2554 1721 die
2582 1683 2613 1723 a
2654 1677 2871 1737 peccato
2898 1668 3173 1735 liberatus,
3206 1680 3426 1739 accepto
3449 1686 3590 1724 srm-

1999 1756 2223 1827 piternaa
2256 1762 2380 1811 vitze
2410 1759 2657 1828 pignore,
2687 1761 2798 1814 Deo
2828 1760 3165 1828 mancipatus
3188 1775 3267 1828 es;
3301 1776 3362 1815 ac
3385 1762 3589 1817 relictis

312 1859 463 1910 vivus
485 1864 540 1909 et
560 1853 749 1909 efﬁcax
777 1852 962 1924 (Hebr.
984 1848 1078 1919 tv),
1105 1858 1262 1920 atque
1289 1865 1385 1904 sua
1408 1850 1602 1904 virtute
1626 1849 1758 1903 nihil
1782 1865 1886 1903 non
1924 1845 1966 1902 Β
2003 1850 2244 1904 tenebris
2266 1850 2446 1905 lumen
2472 1852 2689 1906 induisti
2750 1852 3032 1916 adoptatus
3061 1854 3112 1906 in
3142 1852 3444 1908 libertatem
3474 1854 3590 1923 glo-

305 1946 571 2008 efliciens,
607 1959 699 2013 per
723 1942 960 1997 divinum
1007 1956 1069 1994 ac
1100 1953 1501 1994 sacrosanctum
1559 1955 1888 2005 sermonem,

309 2054 374 2093 ac
417 2037 655 2105 Spiritus
702 2033 871 2087 sancti
903 2031 1212 2099 adventum,
1250 2046 1318 2086 ex
1347 2030 1637 2088 oblationis
1679 2047 1815 2100 pane
1840 2043 1896 2086 et

312 2131 443 2183 vino
474 2122 842 2193 corpns'suum
873 2138 936 2177 ac
966 2126 1278 2191 sanguinem
1308 2122 1494 2185 efﬁcit,
1518 2132 1675 2192 atque
1699 2123 1894 2175 immu-

314 2228 411 2285 tat,
441 2227 495 2272 et
524 2218 589 2271 iis
618 2232 645 2267 a
676 2217 868 2284 quibus
894 2214 1087 2283 cupido
1122 2214 1304 2270 animo
1334 2212 1622 2284 percipitur
1644 2215 1898 2268 sanctita-

311 2319 417 2362 tt~m
452 2318 506 2361 et
538 2309 709 2360 lucem
741 2306 917 2359 affert.

387 2398 757 2452 Venerandam
806 2394 1131 2449 characteris
1190 2396 1439 2462 Domini,
1484 2396 1587 2450 hoc
1642 2405 1769 2460 est,
1802 2396 1896 2461 Dei

311 2490 495 2554 Verbi,
514 2488 844 2542 humanitate
868 2498 1045 2539 nostra
1069 2501 1225 2541 causa
1250 2488 1439 2552 induti,
1456 2487 1689 2556 effigiem
1708 2487 1891 2550 adora,

310 2599 429 2639 cum
459 2580 563 2635 ﬁde
592 2579 929 2642 exosculans,
956 2584 1115 2646 atque
1161 2579 1232 2632 ita
1265 2578 1579 2632 existimans
1614 2588 1667 2633 te
1694 2579 1896 2646 ipsum-

314 2684 423 2731 met
446 2683 749 2731 creatorem
783 2672 837 2725 in
879 2670 1109 2739 imagine
1138 2671 1402 2726 contueri.
1438 2672 1715 2740 Siquidem
1764 2674 1897 2725 ima-

312 2767 449 2840 ginis
480 2765 671 2830 honor,
705 2774 761 2819 ut
805 2775 835 2814 a
884 2773 1072 2819 sancto
1098 2766 1217 2819 viro
1266 2762 1538 2832 proditum
1566 2772 1651 2819 est
1674 2760 1892 2833 (Basil.,

313 2861 404 2914 lib.
434 2862 498 2915 de
526 2860 728 2925 Spiritu
750 2870 922 2915 sancto
947 2876 1064 2925 cap.
1093 2858 1203 2927 18),
1236 2856 1302 2912 ad
1333 2856 1607 2925 exemplar
1637 2855 1892 2911 refertur.
1922 2916 1936 2931 .

315 2942 609 3022 Exemplar
628 2967 788 3021 porro
811 2959 896 3006 est
920 2950 973 3005 id
1001 2949 1153 3018 cujus
1201 2949 1377 3014 imago
1417 2947 1709 3017 efﬁngitur,
1737 2956 1895 3015 atque

314 3045 379 3099 ab
406 3060 472 3100 eo
515 3045 804 3100 derivatur.
836 3043 1045 3098 Etenim
1094 3056 1215 3094 cum
1257 3040 1518 3109 picturam
1559 3040 1612 3094 in
1664 3038 1897 3110 imagine

316 3136 605 3200 cernimus,
629 3135 693 3189 ad
719 3149 899 3189 veram
926 3135 1169 3194 formam,
1193 3131 1345 3200 cujus
1368 3131 1541 3200 imago
1568 3140 1672 3196 est,
1701 3131 1895 3185 mentis

2000 1956 2094 1995 ηαξ
2124 1936 2356 1995 ﬁliorum
2389 1941 2485 1995 Dei
2521 1960 2533 1994 :
2562 1944 2831 2010 Quotquot
2862 1946 3028 2009 enim,
3078 1944 3248 2013 inquit
3285 1944 3396 2010 ille,
3434 1960 3591 2000 rece-

1999 2041 2193 2100 perunt
2220 2048 2364 2097 eum,
2399 2034 2544 2086 dedit
2565 2034 2643 2086 eis
2674 2042 2990 2101 potestatem
3023 2034 3161 2088 ﬁlios
3213 2035 3305 2089 Dei
3335 2035 3469 2100 ﬁeri,
3506 2037 3590 2091 his

1999 2120 2088 2187 qui
2118 2120 2339 2174 credunt
2370 2121 2420 2173 in
2453 2122 2671 2174 nomine
2698 2121 2813 2189 ejus
2838 2122 3019 2190 (Joan.
3045 2121 3107 2190 ι).
3141 2122 3323 2191 Itaque
3351 2138 3455 2175 non
3477 2125 3587 2191 jam

2005 2223 2192 2263 servus
2238 2224 2320 2273 es,
2372 2209 2468 2264 sed
2518 2211 2657 2263 ﬁlius
2685 2220 2739 2264 et
2771 2211 2943 2266 haeres
2973 2212 3089 2276 Dei,
3121 2228 3215 2280 per
3239 2210 3509 2267 Christum
3538 2215 3590 2268 in

2000 2301 2203 2369 Spiritu
2260 2311 2445 2356 sancto
2502 2301 2769 2372 (ὅσων).
2826 2304 3110 2371 Quocirca,
3162 2304 3495 2371 charissima,
3539 2305 3590 2359 id

2000 2392 2154 2447 stude
2186 2401 2243 2445 ut
2271 2393 2502 2446 mundus
2530 2392 2974 2447 etimmaculatus
3022 2395 3124 2461 ipsi
3159 2395 3468 2461 inveniaris,
3499 2409 3591 2449 su-

2000 2498 2092 2553 pra
2120 2482 2241 2537 ﬁdei
2280 2480 2687 2537 fundamentum
2715 2483 2877 2548 proba
2910 2498 3070 2552 opera
3101 2493 3404 2538 exstructis.
3430 2481 3591 2537 Fides

1997 2573 2141 2628 enim
2189 2573 2309 2627 sine
2348 2572 2605 2642 operibus
2648 2582 2853 2627 mortua
2906 2583 3009 2639 est,
3058 2572 3506 2640 quemadmodum
3536 2585 3592 2629 et

1998 2677 2161 2732 opera
2191 2664 2310 2718 sine
2333 2662 2437 2718 ﬁde
2467 2660 2555 2735 (II
2587 2661 2731 2717 Petr.
2764 2678 2852 2728 nt;
2882 2662 2998 2717 Jac.
3030 2664 3113 2733 tt).

2071 2776 2265 2845 Atque,
2296 2783 2355 2828 ut
2377 2774 2488 2845 jam
2532 2776 2676 2844 prius
2704 2789 2789 2830 me
2819 2774 2883 2828 ad
2918 2785 2969 2829 te
2992 2774 3170 2830 dicere
3217 2774 3455 2839 memini,
3498 2775 3592 2831 de~

2000 2869 2171 2939 posita
2199 2869 2307 2938 jam
2336 2869 2481 2923 omni
2510 2869 2732 2933 malitia,
2762 2869 3065 2937 ve'erisque
3094 2867 3348 2933 hominis,
3377 2867 3468 2937 qui
3497 2881 3589 2922 se-

1999 2962 2232 3016 cundum
2281 2960 2483 3016 erroris
2523 2960 2786 3015 desideria
2830 2962 3189 3028 corrumpitur
3232 2958 3449 3030 (Epltes.
3494 2960 3594 3029 tv),

2007 3052 2262 3120 operibus
2291 3050 2540 3105 omnibus
2579 3050 2706 3103 odio
2734 3050 2951 3114 habitis,
2984 3057 3231 3118 tanquam
3265 3050 3423 3103 modo
3447 3050 3595 3119 geni-

2005 3152 2089 3196 tus
2115 3141 2313 3207 infans,
2346 3140 2665 3195 rationabile
2692 3150 2744 3194 et
2770 3141 2887 3194 sine
2915 3140 3038 3194 dolo
3069 3140 3323 3193 virtutum
3374 3141 3453 3193 lac
3502 3156 3597 3195 sn-

317 3228 486 3281 OCllllS
500 3226 808 3292 transimus,
823 3239 942 3279 eum
966 3223 1054 3292 qni
1076 3230 1252 3276 nostra
1279 3236 1437 3275 causa
1457 3235 1669 3275 carnem
1809 3220 1904 3274 ad-
1929 3209 1976 3270 ϐ
2009 3246 2135 3302 gere
2165 3234 2483 3298 concupisce
2598 3228 2716 3284 Ρει,
2750 3228 2831 3298 ιι),
2866 3239 2924 3282 ut
2952 3230 3002 3282 in
3042 3244 3107 3283 eo
3157 3243 3389 3288 (gl-escas.
3436 3237 3596 3299 alque

317 3321 494 3388 junxit
525 3319 607 3388 pie
635 3319 955 3381 adorantes;
1014 3330 1118 3368 non
1152 3315 1251 3382 ipsi
1300 3313 1513 3381 quidem
1557 3314 1774 3382 pictura:
1821 3314 1902 3365 di-

319 3412 593 3464 vinitatem
646 3410 1017 3472 attribuentes,
1046 3421 1227 3459 verum
1255 3414 1312 3459 ut
1339 3404 1596 3458 incarnati
1639 3403 1732 3457 Dei
1764 3402 1899 3456 ima-

320 3506 521 3573 ginem,
556 3518 651 3571 pro
684 3511 867 3555 nostro
893 3515 1018 3567 erga
1042 3514 1187 3559 eum.
1216 3499 1303 3566 qui
1337 3505 1515 3550 nostra
1547 3511 1708 3551 causa
1738 3498 1899 3551 etiam

320 3612 491 3663 usque
513 3596 578 3648 ad
605 3597 742 3649 servi
771 3594 991 3648 formam
1023 3605 1143 3645 sese
1165 3591 1477 3656 exinanivit,
1508 3605 1688 3643 amore
1716 3605 1779 3642 ac
1807 3590 1899 3643 be-

320 3686 617 3740 nevolentia
673 3685 1112 3752 Complectentes.
1154 3681 1461 3750 Eodemque
1535 3681 1692 3735 modo
1739 3681 1899 3734 etiam

320 3794 468 3845 pura:
522 3779 689 3846 ipsius
744 3777 1134 3844 Matris,atque
1181 3775 1418 3828 omnium
1467 3782 1774 3827 sanctorum
1825 3773 1904 3845 t-f-

321 3868 495 3940 ﬁgies,
520 3868 703 3922 eadem
729 3868 937 3921 ratione
985 3867 1369 3935 complectens,
1401 3874 1559 3929 atque
1616 3865 1739 3916 item
1773 3862 1904 3915 vivi-

321 3960 438 4014 ficae
484 3974 547 4013 ac
577 3940 892 4013 venerandae
944 3959 1117 4010 crucis
1148 3965 1328 4027 typum
1364 3955 1466 4007 ﬁde
1489 3954 1742 4015 adorans,
1772 3968 1901 4005 exo-

321 4051 567 4116 sculare,
596 4049 663 4103 ob
704 4048 973 4102 Christum
1019 4047 1265 4100 videlicet
1313 4059 1375 4098 ac
1420 4044 1585 4098 Deum
1628 4054 1683 4097 et
1714 4042 1902 4097 tnundi

322 4142 683 4204 Servatorem,
714 4139 802 4207 qui
852 4137 1039 4191 salutis
1093 4147 1287 4190 nostra:
1321 4150 1483 4189 causa
1513 4149 1675 4189 carne
1705 4135 1757 4187 in
1789 4137 1904 4202 ipsa

323 4244 618 4298 suspensus
669 4237 772 4293 est,
807 4229 1065 4297 nobisque
1106 4229 1170 4281 ad
1204 4229 1476 4280 victoriam
1509 4228 1771 4282 adversus
1793 4227 1908 4280 dia-

325 4324 505 4379 bolum
558 4322 902 4376 obtinendam
957 4323 1056 4376 hoc
1106 4322 1314 4389 signum
1365 4320 1529 4375 dedit.
1569 4321 1910 4376 Cohorrcscit

327 4419 471 4473 cnim
522 4417 611 4471 ille
653 4432 716 4470 ac
770 4427 999 4469 tremore
1046 4414 1294 4478 afﬁcitur,
1350 4415 1514 4482 ipsius
1566 4415 1673 4467 vim
1714 4413 1905 4467 intueri

328 4510 564 4575 minime
596 4510 886 4562 sustinens.
931 4507 985 4560 In
1011 4506 1094 4561 his
1147 4507 1501 4575 dogmatibus,
1525 4517 1683 4575 atque
1713 4506 1897 4575 hujus-

2006 3321 2073 3375 ad
2102 3321 2474 3374 mandatorum
2508 3320 2601 3374 Dei
2640 3320 2996 3388 cognitionem
3030 3323 3309 3389 petvenias
3341 3319 3393 3372 in
3422 3321 3595 3373 virum

2005 3412 2321 3479 perfectum,
2355 3410 2407 3463 itt
2456 3424 2760 3462 mensuram
2808 3411 2982 3463 anatis
3026 3410 3370 3479 plenitudinis
3398 3408 3597 3466 Christi

2006 3502 2223 3572 (Ep/tes.
2251 3503 2324 3570 iv)
2352 3519 2366 3567 ;
2400 3510 2455 3554 ut
2482 3515 2584 3555 nan
2612 3501 2721 3570 jam
2754 3502 2828 3555 sis
2860 3502 3107 3570 parvulus
3139 3503 3405 3565 sensibus,
3443 3500 3599 3553 vitio-

2010 3614 2191 3653 sarum
2223 3596 2561 3651 aﬁectionum
2588 3595 2836 3648 fluctibus
2859 3610 2921 3648 ac
2948 3603 3264 3663 tempestate
3290 3594 3521 3661 jactatus
3543 3604 3599 3646 et

2006 3693 2386 3755 cireumactus,
2424 3703 2607 3740 verum
2636 3687 2833 3739 malitia
2863 3686 3081 3755 quidem
3116 3685 3366 3754 parvulus
3394 3686 3489 3750 sis,
3524 3684 3589 3736 ad

2008 3783 2205 3836 bonum
2263 3787 2439 3830 autern
2489 3776 2693 3829 ﬁrmam
2738 3790 2801 3830 ac
2850 3775 3071 3828 solidam
3107 3783 3339 3828 mentem
3376 3774 3597 3838 habeas,

2008 3881 2165 3938 atque
2197 3876 2253 3920 ut
2280 3866 2496 3936 dignum
2526 3875 2609 3919 est
2637 3880 2696 3918 ca
2731 3866 3005 3918 vocatione
3035 3880 3137 3933 qua
3168 3872 3389 3919 vocatus
3428 3877 3510 3927 es,
3544 3867 3595 3916 in

2009 3959 2381 4013 mandatorum
2430 3956 2637 4010 Domini
2681 3956 3053 4009 observatione
3084 3954 3330 4024 verseris,
3375 3968 3599 4008 excussa

2009 4054 2259 4105 nimirum
2275 4061 2472 4121 atquea
2489 4059 2541 4104 te
2562 4059 2765 4105 remota
2789 4052 2982 4118 prioris
3007 4050 3122 4102 vitae
3147 4048 3398 4113 vanitate,
3415 4063 3601 4117 quem-

2008 4140 2295 4194 admodum
2328 4150 2514 4212 gentes
2544 4139 2818 4192 ambulant
2864 4140 2913 4191 iu
2964 4139 3197 4192 vanitate
3245 4152 3435 4192 sensus
3486 4138 3597 4202 sui,

2011 4233 2353 4287 obscuratum
2390 4233 2651 4286 habentes
2682 4232 3033 4296 intellectum,
3091 4231 3302 4285 alienati
3352 4246 3379 4282 a
3426 4229 3601 4298 gloria

2014 4323 2131 4387 Dei,
2164 4322 2650 4391 cupiditatibusque
2674 4321 2785 4376 suis
2814 4332 2866 4375 et
2902 4322 3132 4374 motibus
3158 4336 3187 4374 a
3218 4322 3424 4375 ratione
3446 4335 3603 4374 aver-

2012 4418 2089 4471 sis
2118 4416 2363 4484 subjecti.
2397 4416 2474 4469 Tu
2500 4430 2625 4468 vero
2653 4414 3102 4483 quemadmodum
3134 4414 3197 4465 ad
3233 4414 3395 4466 Deum
3427 4414 3601 4466 vivum

2012 4514 2067 4559 et
2101 4520 2284 4560 verum
2335 4506 2632 4568 accessiSti,
2661 4505 2738 4557 sic
2767 4505 2925 4558 etiam
2958 4516 3011 4557 ut
3041 4505 3183 4555 ﬁlius
3215 4505 3345 4557 lucis
3368 4504 3602 4556 ambula.

328 4599 472 4654 modi
503 4598 608 4652 ﬁde
629 4597 1006 4667 baptizaberis,
1030 4611 1146 4650 eam
1179 4597 1493 4650 mutationis
1518 4596 1696 4650 omnis
1716 4610 1909 4663 exper-
1938 4576 1987 4636 D
2018 4599 2243 4651 Fructus
2264 4596 2404 4650 enim
2428 4596 2659 4666 Spiritus
2679 4604 2761 4649 est
2785 4595 2835 4647 in
2862 4596 3004 4648 omni
3025 4596 3281 4657 bonitate,
3304 4606 3354 4648 et
3374 4595 3603 4661 justitia,

331 4707 462 4757 :.em,
490 4700 651 4761 atque
701 4691 767 4743 ab
794 4688 938 4745 omni
970 4689 1161 4743 brcresi
1207 4704 1391 4757 puram
1425 4703 1593 4754 usque
1644 4687 1708 4740 ad
1732 4696 1944 4745 extrn-.

329 4798 473 4837 mum
502 4782 627 4836 vitae
658 4781 902 4849 spiritum
933 4781 1171 4834 retinens
1197 4797 1209 4831 :
1239 4794 1451 4833 omnem
1493 4789 1669 4833 autem
1711 4779 1911 4831 doctri-

330 4885 648 4941 nam,atque
662 4871 841 4925 omnia
860 4871 1127 4939 dogmata,
1148 4885 1265 4938 quae
1296 4870 1416 4923 huic
1441 4885 1469 4922 a
1495 4871 1910 4935 reprehensione

329 4963 522 5018 aliena:
551 4961 673 5016 fidei
697 4961 1065 5025 adversantur,
1092 4975 1393 5023 exset'rare,
1425 4968 1585 5022 atque
1640 4960 1910 5011 abaliena-

332 5058 531 5111 tionem
563 5069 591 5107 a
623 5053 733 5109 Deo
787 5067 907 5107 esse
960 5053 1228 5104 existima.
1258 5051 1345 5103 Ait
1394 5051 1535 5104 enim
1582 5049 1908 5116 Apostolus:

332 5149 555 5204 Etiamsi
585 5146 820 5215 Angelus
850 5144 919 5198 de
950 5145 1087 5197 cmlo
1132 5141 1461 5209 evangelizet
1484 5140 1634 5192 vobis
1686 5148 1912 5207 praster-

331 5254 492 5307 quam
544 5236 685 5307 quod
750 5234 1230 5302 evangelizavrmns
1282 5232 1472 5293 vobis,
1515 5229 1798 5281 anathema
1844 5228 1914 5280 sit

332 5328 476 5400 (Gal.
506 5330 566 5398 I).
602 5328 782 5396 Neque
811 5328 953 5380 enim
1001 5322 1146 5377 aliud
1192 5332 1273 5375 est
1306 5319 1673 5388 Evangelium,
1698 5328 1787 5372 aut
1812 5319 1912 5372 alia

334 5422 487 5487 ﬁdes,
514 5431 709 5490 przcter
736 5435 854 5473 eam
886 5434 1002 5487 qum
1030 5417 1097 5470 ab
1126 5414 1385 5485 apostolis
1416 5414 1700 5482 praedicata
1720 5452 1735 5477 ,
1755 5421 1915 5481 atque

333 5529 359 5564 a
393 5512 588 5565 divinis
633 5511 879 5563 Patrihus
923 5508 975 5560 in
1010 5507 1170 5560 variis
1200 5503 1442 5558 conciliis
1464 5502 1776 5556 conﬁrmata
1809 5513 1911 5556 e5t.

406 5605 530 5657 llaec
550 5618 672 5656 eum
706 5603 928 5656 dixisset
958 5602 1221 5664 Barlaam,
1254 5610 1412 5666 atque
1453 5597 1581 5650 illud
1617 5596 1740 5651 fidei
1766 5611 1916 5664 sym-

336 5695 538 5755 bolum,
568 5695 707 5761 quod
762 5696 812 5748 in
860 5694 1076 5747 Niczno
1129 5693 1356 5747 concilio
1385 5690 1587 5753 editum
1637 5699 1741 5755 est,
1774 5689 1917 5759 regis

338 5787 448 5840 filio
476 5785 843 5851 exposuisset,
886 5786 938 5840 in
991 5785 1211 5841 nomine
1251 5784 1405 5853 287
1437 5783 1607 5837 Patris
1638 5793 1689 5837 et
1718 5781 1832 5836 Filii
1865 5790 1918 5835 cl

2012 4700 2066 4744 et
2087 4692 2315 4744 veritate
2334 4688 2479 4759 (Gal.
2503 4689 2581 4757 v).
2606 4691 2779 4758 Atque
2802 4687 2929 4741 illud
2957 4703 3174 4756 Operam
3202 4688 3290 4753 da,
3324 4702 3389 4741 ne
3410 4701 3603 4739 novum

2014 4797 2135 4836 eum
2168 4781 2458 4843 hominem,
2502 4798 2608 4849 quo
2640 4781 2798 4835 hodie
2828 4780 3042 4833 indutus
3070 4795 3148 4845 es,
3187 4782 3347 4847 priori
3380 4779 3604 4846 posthac

2017 4879 2287 4926 vetustate
2336 4871 2651 4935 labefactes,
2685 4887 2871 4924 verum
2917 4871 3153 4939 quotidie
3205 4871 3255 4923 in
3295 4869 3501 4938 justitia
3552 4880 3607 4923 et

2016 4960 2301 5015 sanctitate
2340 4969 2393 5013 et
2432 4962 2653 5014 veritate
2696 4962 2986 5013 renoveris.
3022 4960 3150 5011 Nam
3184 4958 3282 5012 hoc
3312 4974 3469 5012 nemo
3500 4975 3607 5013 non

2021 5059 2214 5120 potest,
2240 5052 2282 5104 si
2315 5052 2459 5111 velit.
2482 5051 2931 5119 quemadmodum
2960 5048 3174 5111 audisti,
3205 5049 3342 5115 quod
3376 5060 3609 5117 potesta~

2020 5153 2126 5197 tem
2153 5142 2361 5197 dederit
2392 5144 2525 5196 filios
2554 5142 2647 5197 Dei
2676 5143 2811 5207 ﬁeri,
2844 5142 2925 5196 his
2949 5141 3038 5210 qui
3060 5141 3286 5195 credunt
3317 5142 3367 5194 in
3390 5146 3607 5196 nomine

2020 5238 2135 5306 ejus
2161 5235 2337 5308 (Joan.
2374 5235 2435 5305 1).
2460 5236 2795 5303 Quapropter
2818 5252 2923 5288 non
2950 5235 3058 5301 jam
3088 5234 3186 5287 hoc
3211 5235 3389 5288 dicere
3423 5250 3610 5303 possu-

2023 5345 2162 5392 rnus,
2217 5342 2313 5381 nos
2352 5329 2574 5381 virtutes
2603 5325 2823 5394 adipisci
2875 5329 3092 5380 minime
3124 5342 3299 5396 posse.
3352 5326 3610 5380 Proclivis

2027 5421 2172 5475 enim
2203 5435 2263 5473 ac
2296 5417 2464 5472 facilis
2496 5418 2577 5470 via
2606 5426 2719 5480 est;
2782 5428 2943 5486 atque
2990 5418 3195 5471 etiamsi
3240 5417 3310 5471 ob
3373 5419 3610 5486 corporis

2026 5509 2367 5563 afflictionem
2399 5517 2542 5560 arcta
2572 5506 2962 5574 quodammodo
2990 5516 3043 5560 et
3072 5518 3297 5577 augusza
3334 5507 3473 5560 dicta
3529 5515 3612 5560 est

2029 5598 2244 5670 (Matth.
2269 5600 2369 5668 XI),
2403 5608 2575 5652 tamen
2604 5598 2671 5652 ob
2696 5597 2992 5652 futurorum
3018 5613 3233 5650 suorum
3260 5611 3410 5664 spem
3437 5595 3501 5646 iis
3528 5609 3612 5645 re-

2028 5699 2111 5743 cta
2140 5698 2193 5743 et
2220 5689 2363 5743 clara
2397 5699 2501 5753 est,
2529 5689 2615 5757 qui
2648 5705 2751 5743 non
2784 5688 2947 5742 stulte
2977 5687 3267 5748 ambulant,
3306 5698 3484 5737 verum
3515 5682 3608 5733 Dei

2028 5783 2353 5837 voluntatem
2388 5792 2575 5838 exacte
2607 5782 2926 5852 intelligunt,
2961 5788 3119 5849 atque
3149 5777 3213 5830 ad
3244 5770 3608 5828 dimicandum
