  <div class='ocr_page' id='page_1' title='image "/cluster/home/n/w/nwhite01/storage/ocr_20150623/73/uva.x000827085/267.png"; bbox 0 0 4010 6248; ppageno 0'>
   <div class='ocr_carea' id='block_1_1' title="bbox 452 282 549 335">
    <p class='ocr_par' dir='ltr' id='par_1_1' title="bbox 452 282 549 335">
     <span class='ocr_line' id='line_1_1' title="bbox 452 282 549 335; baseline 0.021 -2"><span class='ocrx_word' id='word_1_1' title='bbox 452 282 549 335; x_wconf 74' lang='grc'><strong>519</strong></span> 
     </span>
    </p>
   </div>
   <div class='ocr_carea' id='block_1_2' title="bbox 1484 295 2667 372">
    <p class='ocr_par' dir='ltr' id='par_1_2' title="bbox 1484 295 2667 372">
     <span class='ocr_line' id='line_1_2' title="bbox 1484 295 2667 372; baseline 0.017 -23"><span class='ocrx_word' id='word_1_2' title='bbox 1484 295 1570 351; x_wconf 85' lang='lat' dir='ltr'><strong>DE</strong></span> <span class='ocrx_word' id='word_1_3' title='bbox 1611 296 1786 352; x_wconf 71' lang='lat' dir='ltr'><strong>V&#39;lTlS</strong></span> <span class='ocrx_word' id='word_1_4' title='bbox 1827 298 2112 359; x_wconf 78' lang='lat' dir='ltr'><strong>PATRUM</strong></span> <span class='ocrx_word' id='word_1_5' title='bbox 2152 305 2355 363; x_wconf 80' lang='lat' dir='ltr'><strong>LIBER</strong></span> <span class='ocrx_word' id='word_1_6' title='bbox 2398 310 2667 372; x_wconf 76' lang='lat' dir='ltr'><strong>PRIMUS.</strong></span> 
     </span>
    </p>
   </div>
   <div class='ocr_carea' id='block_1_3' title="bbox 3624 340 3733 395">
    <p class='ocr_par' dir='ltr' id='par_1_3' title="bbox 3624 340 3733 395">
     <span class='ocr_line' id='line_1_3' title="bbox 3624 340 3733 395; baseline -0.009 -1"><span class='ocrx_word' id='word_1_7' title='bbox 3624 340 3733 395; x_wconf 69' lang='lat'><strong>520</strong></span> 
     </span>
    </p>
   </div>
   <div class='ocr_carea' id='block_1_4' title="bbox 450 395 3732 520">
    <p class='ocr_par' dir='ltr' id='par_1_4' title="bbox 450 395 3732 520">
     <span class='ocr_line' id='line_1_4' title="bbox 450 395 3732 520; baseline 0.016 -72"><span class='ocrx_word' id='word_1_8' title='bbox 450 395 707 451; x_wconf 84' lang='lat' dir='ltr'><strong>adversus</strong></span> <span class='ocrx_word' id='word_1_9' title='bbox 753 396 947 455; x_wconf 91' lang='lat' dir='ltr'><strong>diaboli</strong></span> <span class='ocrx_word' id='word_1_10' title='bbox 998 401 1162 459; x_wconf 92' lang='lat' dir='ltr'><strong>hostis</strong></span> <span class='ocrx_word' id='word_1_11' title='bbox 1205 410 1465 464; x_wconf 87' lang='lat' dir='ltr'><strong>vcrsutias</strong></span> <span class='ocrx_word' id='word_1_12' title='bbox 1506 412 1671 481; x_wconf 82' lang='lat' dir='ltr'><strong>ipsius</strong></span> <span class='ocrx_word' id='word_1_13' title='bbox 1700 426 2025 473; x_wconf 76' lang='lat' dir='ltr'><strong>armaturam</strong></span> <span class='ocrx_word' id='word_1_14' title='bbox 2053 420 2103 479; x_wconf 81' lang='grc' dir='ltr'>Α</span> <span class='ocrx_word' id='word_1_15' title='bbox 2134 430 2291 491; x_wconf 85' lang='lat' dir='ltr'><strong>atque</strong></span> <span class='ocrx_word' id='word_1_16' title='bbox 2313 427 2459 480; x_wconf 92' lang='lat' dir='ltr'><strong>omni</strong></span> <span class='ocrx_word' id='word_1_17' title='bbox 2483 429 2669 485; x_wconf 89' lang='lat' dir='ltr'><strong>vitiosa</strong></span> <span class='ocrx_word' id='word_1_18' title='bbox 2691 437 3081 497; x_wconf 86' lang='lat' dir='ltr'><strong>consuetudine</strong></span> <span class='ocrx_word' id='word_1_19' title='bbox 3112 448 3164 498; x_wconf 89' lang='lat' dir='ltr'><strong>te</strong></span> <span class='ocrx_word' id='word_1_20' title='bbox 3194 457 3432 514; x_wconf 83' lang='lat' dir='ltr'><strong>remove,</strong></span> <span class='ocrx_word' id='word_1_21' title='bbox 3457 461 3521 503; x_wconf 91' lang='lat' dir='ltr'><strong>ac</strong></span> <span class='ocrx_word' id='word_1_22' title='bbox 3547 451 3732 520; x_wconf 80' lang='lat' dir='ltr'><strong>potius</strong></span> 
     </span>
     <span class='ocr_line' id='line_1_5' title="bbox 450 484 2332 520; baseline 0 0"><span class='ocrx_word' id='word_1_23' title='bbox 450 484 670 520; x_wconf 75' lang='grc' dir='ltr'><strong>ἰηιιιηιηι</strong></span> <span class='ocrx_word' id='word_1_24' title='bbox 728 497 777 520; x_wconf 81' lang='lat' dir='ltr'><strong>nl</strong></span> <span class='ocrx_word' id='word_1_25' title='bbox 821 490 870 520; x_wconf 71' lang='grc' dir='ltr'><strong>ς..</strong></span> <span class='ocrx_word' id='word_1_26' title='bbox 902 493 1144 520; x_wconf 67' lang='grc' dir='ltr'><strong>,πη-σει.--</strong></span> <span class='ocrx_word' id='word_1_27' title='bbox 1183 507 1335 520; x_wconf 75' lang='grc'><strong>-.---..</strong></span> <span class='ocrx_word' id='word_1_28' title='bbox 1374 500 1523 520; x_wconf 44' lang='grc' dir='ltr'><strong>-ι,-μ</strong></span> <span class='ocrx_word' id='word_1_29' title='bbox 2172 514 2180 520; x_wconf 93' lang='grc'><em>.</em></span> <span class='ocrx_word' id='word_1_30' title='bbox 2300 514 2332 520; x_wconf 91' lang='grc'><strong>..</strong></span> 
     </span>
    </p>
   </div>
   <div class='ocr_carea' id='block_1_5' title="bbox 446 484 2029 577">
    <p class='ocr_par' dir='ltr' id='par_1_5' title="bbox 446 484 2029 577">
     <span class='ocr_line' id='line_1_6' title="bbox 446 484 2029 577; baseline 0.016 -40"><span class='ocrx_word' id='word_1_31' title='bbox 446 484 694 553; x_wconf 90' lang='lat' dir='ltr'><strong>induunt,</strong></span> <span class='ocrx_word' id='word_1_32' title='bbox 727 497 781 543; x_wconf 92' lang='lat' dir='ltr'><strong>et</strong></span> <span class='ocrx_word' id='word_1_33' title='bbox 820 490 871 544; x_wconf 91' lang='lat' dir='ltr'><strong>in</strong></span> <span class='ocrx_word' id='word_1_34' title='bbox 901 493 1147 550; x_wconf 89' lang='lat' dir='ltr'><strong>oratione</strong></span> <span class='ocrx_word' id='word_1_35' title='bbox 1181 507 1340 565; x_wconf 87' lang='lat' dir='ltr'><strong>atque</strong></span> <span class='ocrx_word' id='word_1_36' title='bbox 1368 500 1758 571; x_wconf 89' lang='lat' dir='ltr'><strong>obsecratione,</strong></span> <span class='ocrx_word' id='word_1_37' title='bbox 1790 521 1909 560; x_wconf 93' lang='lat' dir='ltr'><strong>cum</strong></span> <span class='ocrx_word' id='word_1_38' title='bbox 1940 525 2029 577; x_wconf 90' lang='lat' dir='ltr'><strong>pa-</strong></span> 
     </span>
    </p>
   </div>
   <div class='ocr_carea' id='block_1_6' title="bbox 444 577 1919 668">
    <p class='ocr_par' dir='ltr' id='par_1_6' title="bbox 444 577 1919 668">
     <span class='ocr_line' id='line_1_7' title="bbox 444 577 1919 668; baseline 0.014 -37"><span class='ocrx_word' id='word_1_39' title='bbox 444 577 625 632; x_wconf 76' lang='lat' dir='ltr'><strong>tientia</strong></span> <span class='ocrx_word' id='word_1_40' title='bbox 647 589 702 633; x_wconf 89' lang='lat' dir='ltr'><strong>et</strong></span> <span class='ocrx_word' id='word_1_41' title='bbox 728 595 823 650; x_wconf 86' lang='lat' dir='ltr'><strong>spe</strong></span> <span class='ocrx_word' id='word_1_42' title='bbox 850 582 902 637; x_wconf 93' lang='lat' dir='ltr'><strong>in</strong></span> <span class='ocrx_word' id='word_1_43' title='bbox 934 584 1032 639; x_wconf 91' lang='lat' dir='ltr'><strong>hoc</strong></span> <span class='ocrx_word' id='word_1_44' title='bbox 1062 585 1234 654; x_wconf 88' lang='lat' dir='ltr'><strong>ipsum</strong></span> <span class='ocrx_word' id='word_1_45' title='bbox 1267 588 1545 660; x_wconf 79' lang='lat' dir='ltr'><strong>invigilant</strong></span> <span class='ocrx_word' id='word_1_46' title='bbox 1574 594 1792 666; x_wconf 77' lang='lat' dir='ltr'><strong>(Ep/tes.</strong></span> <span class='ocrx_word' id='word_1_47' title='bbox 1824 600 1919 668; x_wconf 84' lang='lat' dir='ltr'><strong>vi).</strong></span> 
     </span>
    </p>
   </div>
   <div class='ocr_carea' id='block_1_7' title="bbox 516 670 2027 748">
    <p class='ocr_par' dir='ltr' id='par_1_7' title="bbox 516 670 2027 748">
     <span class='ocr_line' id='line_1_8' title="bbox 516 670 2027 748; baseline 0.017 -25"><span class='ocrx_word' id='word_1_48' title='bbox 516 671 595 725; x_wconf 86' lang='lat' dir='ltr'><strong>Ae</strong></span> <span class='ocrx_word' id='word_1_49' title='bbox 622 670 847 738; x_wconf 86' lang='lat' dir='ltr'><strong>proinde</strong></span> <span class='ocrx_word' id='word_1_50' title='bbox 877 673 1037 729; x_wconf 90' lang='lat' dir='ltr'><strong>facito</strong></span> <span class='ocrx_word' id='word_1_51' title='bbox 1068 687 1126 731; x_wconf 93' lang='lat' dir='ltr'><strong>ut</strong></span> <span class='ocrx_word' id='word_1_52' title='bbox 1151 682 1600 744; x_wconf 82' lang='lat' dir='ltr'><strong>quemadmodum</strong></span> <span class='ocrx_word' id='word_1_53' title='bbox 1631 702 1661 742; x_wconf 90' lang='lat' dir='ltr'><strong>a</strong></span> <span class='ocrx_word' id='word_1_54' title='bbox 1704 705 1790 745; x_wconf 90' lang='lat' dir='ltr'><strong>me</strong></span> <span class='ocrx_word' id='word_1_55' title='bbox 1834 693 2027 748; x_wconf 85' lang='lat' dir='ltr'><strong>audisti</strong></span> 
     </span>
    </p>
   </div>
   <div class='ocr_carea' id='block_1_8' title="bbox 440 762 2024 851">
    <p class='ocr_par' dir='ltr' id='par_1_8' title="bbox 440 762 2024 851">
     <span class='ocr_line' id='line_1_9' title="bbox 440 762 2024 851; baseline 0.018 -38"><span class='ocrx_word' id='word_1_56' title='bbox 440 770 494 814; x_wconf 90' lang='lat' dir='ltr'><strong>et</strong></span> <span class='ocrx_word' id='word_1_57' title='bbox 534 762 775 818; x_wconf 89' lang='lat' dir='ltr'><strong>eruditus</strong></span> <span class='ocrx_word' id='word_1_58' title='bbox 824 779 906 832; x_wconf 94' lang='lat' dir='ltr'><strong>cs,</strong></span> <span class='ocrx_word' id='word_1_59' title='bbox 960 766 1279 834; x_wconf 90' lang='lat' dir='ltr'><strong>ﬁrmumque</strong></span> <span class='ocrx_word' id='word_1_60' title='bbox 1314 774 1714 834; x_wconf 92' lang='lat' dir='ltr'><strong>fundamentum</strong></span> <span class='ocrx_word' id='word_1_61' title='bbox 1740 782 1936 851; x_wconf 87' lang='lat' dir='ltr'><strong>jecisti,</strong></span> <span class='ocrx_word' id='word_1_62' title='bbox 1971 786 2024 840; x_wconf 90' lang='lat' dir='ltr'><strong>in</strong></span> 
     </span>
    </p>
   </div>
   <div class='ocr_carea' id='block_1_9' title="bbox 440 851 2023 935">
    <p class='ocr_par' dir='ltr' id='par_1_9' title="bbox 440 851 2023 935">
     <span class='ocr_line' id='line_1_10' title="bbox 440 851 2023 935; baseline 0.017 -32"><span class='ocrx_word' id='word_1_63' title='bbox 440 851 557 918; x_wconf 92' lang='lat' dir='ltr'><strong>ipso</strong></span> <span class='ocrx_word' id='word_1_64' title='bbox 586 852 854 922; x_wconf 87' lang='lat' dir='ltr'><strong>abundes,</strong></span> <span class='ocrx_word' id='word_1_65' title='bbox 878 871 1127 914; x_wconf 88' lang='lat' dir='ltr'><strong>crescens</strong></span> <span class='ocrx_word' id='word_1_66' title='bbox 1145 852 1393 919; x_wconf 69' lang='lat' dir='ltr'><strong>videlicet</strong></span> <span class='ocrx_word' id='word_1_67' title='bbox 1412 875 1465 921; x_wconf 91' lang='lat' dir='ltr'><strong>et</strong></span> <span class='ocrx_word' id='word_1_68' title='bbox 1484 870 1787 935; x_wconf 72' lang='lat' dir='ltr'><strong>proficiens,</strong></span> <span class='ocrx_word' id='word_1_69' title='bbox 1813 889 1876 929; x_wconf 87' lang='lat' dir='ltr'><strong>ac</strong></span> <span class='ocrx_word' id='word_1_70' title='bbox 1898 874 2023 930; x_wconf 84' lang='lat' dir='ltr'><strong>boni</strong></span> 
     </span>
    </p>
   </div>
   <div class='ocr_carea' id='block_1_10' title="bbox 443 941 2024 1023">
    <p class='ocr_par' dir='ltr' id='par_1_10' title="bbox 443 941 2024 1023">
     <span class='ocr_line' id='line_1_11' title="bbox 443 941 2024 1023; baseline 0.018 -31"><span class='ocrx_word' id='word_1_71' title='bbox 443 941 627 996; x_wconf 80' lang='lat' dir='ltr'><strong>militis</strong></span> <span class='ocrx_word' id='word_1_72' title='bbox 667 942 846 999; x_wconf 89' lang='lat' dir='ltr'><strong>ofﬁcio</strong></span> <span class='ocrx_word' id='word_1_73' title='bbox 872 944 1122 1015; x_wconf 86' lang='lat' dir='ltr'><strong>fungens,</strong></span> <span class='ocrx_word' id='word_1_74' title='bbox 1154 951 1310 1007; x_wconf 91' lang='lat' dir='ltr'><strong>ﬁdem</strong></span> <span class='ocrx_word' id='word_1_75' title='bbox 1338 954 1560 1023; x_wconf 84' lang='lat' dir='ltr'><strong>habens,</strong></span> <span class='ocrx_word' id='word_1_76' title='bbox 1592 970 1645 1014; x_wconf 92' lang='lat' dir='ltr'><strong>et</strong></span> <span class='ocrx_word' id='word_1_77' title='bbox 1674 956 1866 1017; x_wconf 81' lang='lat' dir='ltr'><strong>bonam</strong></span> <span class='ocrx_word' id='word_1_78' title='bbox 1892 980 2024 1019; x_wconf 80' lang='lat' dir='ltr'><strong>cou-</strong></span> 
     </span>
    </p>
   </div>
   <div class='ocr_carea' id='block_1_11' title="bbox 438 1032 2018 1112">
    <p class='ocr_par' dir='ltr' id='par_1_11' title="bbox 438 1032 2018 1112">
     <span class='ocr_line' id='line_1_12' title="bbox 438 1032 2018 1112; baseline 0.019 -30"><span class='ocrx_word' id='word_1_79' title='bbox 438 1032 711 1087; x_wconf 83' lang='lat' dir='ltr'><strong>scientiam</strong></span> <span class='ocrx_word' id='word_1_80' title='bbox 746 1036 1031 1102; x_wconf 91' lang='lat' dir='ltr'><strong>prohorum</strong></span> <span class='ocrx_word' id='word_1_81' title='bbox 1064 1054 1284 1110; x_wconf 91' lang='lat' dir='ltr'><strong>operum</strong></span> <span class='ocrx_word' id='word_1_82' title='bbox 1314 1047 1619 1103; x_wconf 90' lang='lat' dir='ltr'><strong>testimonio</strong></span> <span class='ocrx_word' id='word_1_83' title='bbox 1649 1054 2018 1112; x_wconf 89' lang='lat' dir='ltr'><strong>confirmatam</strong></span> 
     </span>
    </p>
   </div>
   <div class='ocr_carea' id='block_1_12' title="bbox 438 1121 2020 1212">
    <p class='ocr_par' dir='ltr' id='par_1_12' title="bbox 438 1121 2020 1212">
     <span class='ocr_line' id='line_1_13' title="bbox 438 1121 2020 1212; baseline 0.018 -39"><span class='ocrx_word' id='word_1_84' title='bbox 438 1122 491 1193; x_wconf 93' lang='lat' dir='ltr'><strong>(l</strong></span> <span class='ocrx_word' id='word_1_85' title='bbox 519 1121 655 1177; x_wconf 82' lang='lat' dir='ltr'><strong>Tim.</strong></span> <span class='ocrx_word' id='word_1_86' title='bbox 688 1123 784 1195; x_wconf 86' lang='lat' dir='ltr'><strong>vt);</strong></span> <span class='ocrx_word' id='word_1_87' title='bbox 811 1126 1070 1195; x_wconf 83' lang='lat' dir='ltr'><strong>justitiam</strong></span> <span class='ocrx_word' id='word_1_88' title='bbox 1101 1133 1303 1200; x_wconf 90' lang='lat' dir='ltr'><strong>colens,</strong></span> <span class='ocrx_word' id='word_1_89' title='bbox 1335 1138 1606 1207; x_wconf 87' lang='lat' dir='ltr'><strong>pietatem,</strong></span> <span class='ocrx_word' id='word_1_90' title='bbox 1640 1142 1819 1212; x_wconf 90' lang='lat' dir='ltr'><strong>ﬁdem,</strong></span> <span class='ocrx_word' id='word_1_91' title='bbox 1846 1147 2020 1201; x_wconf 88' lang='lat' dir='ltr'><strong>chari-</strong></span> 
     </span>
    </p>
   </div>
   <div class='ocr_carea' id='block_1_13' title="bbox 434 1217 2015 1304">
    <p class='ocr_par' dir='ltr' id='par_1_13' title="bbox 434 1217 2015 1304">
     <span class='ocr_line' id='line_1_14' title="bbox 434 1217 2015 1304; baseline 0.018 -39"><span class='ocrx_word' id='word_1_92' title='bbox 434 1223 619 1278; x_wconf 89' lang='lat' dir='ltr'><strong>tatcm,</strong></span> <span class='ocrx_word' id='word_1_93' title='bbox 650 1217 980 1289; x_wconf 85' lang='lat' dir='ltr'><strong>patientiam,</strong></span> <span class='ocrx_word' id='word_1_94' title='bbox 1007 1220 1309 1292; x_wconf 91' lang='lat' dir='ltr'><strong>lenitatem;</strong></span> <span class='ocrx_word' id='word_1_95' title='bbox 1334 1229 1493 1282; x_wconf 90' lang='lat' dir='ltr'><strong>vitam</strong></span> <span class='ocrx_word' id='word_1_96' title='bbox 1525 1234 1925 1304; x_wconf 88' lang='lat' dir='ltr'><strong>sempiternam,</strong></span> <span class='ocrx_word' id='word_1_97' title='bbox 1948 1240 2015 1293; x_wconf 89' lang='lat' dir='ltr'><strong>ad</strong></span> 
     </span>
    </p>
   </div>
   <div class='ocr_carea' id='block_1_14' title="bbox 428 1316 2013 1385">
    <p class='ocr_par' dir='ltr' id='par_1_14' title="bbox 428 1316 2013 1385">
     <span class='ocr_line' id='line_1_15' title="bbox 428 1316 2013 1385; baseline 0.02 -31"><span class='ocrx_word' id='word_1_98' title='bbox 428 1322 588 1370; x_wconf 83' lang='lat' dir='ltr'><strong>quam</strong></span> <span class='ocrx_word' id='word_1_99' title='bbox 622 1318 841 1364; x_wconf 88' lang='lat' dir='ltr'><strong>vocatus</strong></span> <span class='ocrx_word' id='word_1_100' title='bbox 869 1326 948 1371; x_wconf 87' lang='lat' dir='ltr'><strong>es.</strong></span> <span class='ocrx_word' id='word_1_101' title='bbox 982 1316 1423 1385; x_wconf 85' lang='lat' dir='ltr'><strong>apprehendens;</strong></span> <span class='ocrx_word' id='word_1_102' title='bbox 1470 1338 1681 1379; x_wconf 90' lang='lat' dir='ltr'><strong>omnem</strong></span> <span class='ocrx_word' id='word_1_103' title='bbox 1709 1336 1886 1382; x_wconf 87' lang='lat' dir='ltr'><strong>autem</strong></span> <span class='ocrx_word' id='word_1_104' title='bbox 1919 1347 2013 1384; x_wconf 91' lang='lat' dir='ltr'><strong>vo-</strong></span> 
     </span>
    </p>
   </div>
   <div class='ocr_carea' id='block_1_15' title="bbox 428 1394 2009 1488">
    <p class='ocr_par' dir='ltr' id='par_1_15' title="bbox 428 1394 2009 1488">
     <span class='ocr_line' id='line_1_16' title="bbox 428 1394 2009 1488; baseline 0.02 -42"><span class='ocrx_word' id='word_1_105' title='bbox 428 1394 691 1463; x_wconf 91' lang='lat' dir='ltr'><strong>luptatum</strong></span> <span class='ocrx_word' id='word_1_106' title='bbox 733 1414 795 1453; x_wconf 92' lang='lat' dir='ltr'><strong>ac</strong></span> <span class='ocrx_word' id='word_1_107' title='bbox 840 1400 1155 1459; x_wconf 76' lang='lat' dir='ltr'><strong>vitiosarum</strong></span> <span class='ocrx_word' id='word_1_108' title='bbox 1228 1408 1567 1467; x_wconf 76' lang='lat' dir='ltr'><strong>affectionum</strong></span> <span class='ocrx_word' id='word_1_109' title='bbox 1625 1417 1967 1485; x_wconf 88' lang='lat' dir='ltr'><strong>cupiditatem</strong></span> <span class='ocrx_word' id='word_1_110' title='bbox 1995 1466 2009 1488; x_wconf 93' lang='lat'><strong>,</strong></span> 
     </span>
    </p>
   </div>
   <div class='ocr_carea' id='block_1_16' title="bbox 429 1489 2009 1580">
    <p class='ocr_par' dir='ltr' id='par_1_16' title="bbox 429 1489 2009 1580">
     <span class='ocr_line' id='line_1_17' title="bbox 429 1489 2009 1580; baseline 0.019 -42"><span class='ocrx_word' id='word_1_111' title='bbox 429 1500 534 1540; x_wconf 89' lang='lat' dir='ltr'><strong>non</strong></span> <span class='ocrx_word' id='word_1_112' title='bbox 565 1489 726 1542; x_wconf 90' lang='lat' dir='ltr'><strong>modo</strong></span> <span class='ocrx_word' id='word_1_113' title='bbox 749 1501 1007 1557; x_wconf 91' lang='lat' dir='ltr'><strong>quantum</strong></span> <span class='ocrx_word' id='word_1_114' title='bbox 1035 1500 1102 1548; x_wconf 91' lang='lat' dir='ltr'><strong>ad</strong></span> <span class='ocrx_word' id='word_1_115' title='bbox 1133 1499 1417 1565; x_wconf 88' lang='lat' dir='ltr'><strong>actionem,</strong></span> <span class='ocrx_word' id='word_1_116' title='bbox 1444 1504 1536 1557; x_wconf 92' lang='lat' dir='ltr'><strong>sed</strong></span> <span class='ocrx_word' id='word_1_117' title='bbox 1564 1506 1723 1562; x_wconf 81' lang='lat' dir='ltr'><strong>etiam</strong></span> <span class='ocrx_word' id='word_1_118' title='bbox 1752 1522 2009 1580; x_wconf 91' lang='lat' dir='ltr'><strong>quantum</strong></span> 
     </span>
    </p>
   </div>
   <div class='ocr_carea' id='block_1_17' title="bbox 425 1579 2007 1663">
    <p class='ocr_par' dir='ltr' id='par_1_17' title="bbox 425 1579 2007 1663">
     <span class='ocr_line' id='line_1_18' title="bbox 425 1579 2007 1663; baseline 0.02 -33"><span class='ocrx_word' id='word_1_119' title='bbox 425 1579 491 1633; x_wconf 90' lang='lat' dir='ltr'><strong>ad</strong></span> <span class='ocrx_word' id='word_1_120' title='bbox 522 1580 920 1648; x_wconf 83' lang='lat' dir='ltr'><strong>cogitationem,</strong></span> <span class='ocrx_word' id='word_1_121' title='bbox 958 1588 1141 1651; x_wconf 88' lang='lat' dir='ltr'><strong>procul</strong></span> <span class='ocrx_word' id='word_1_122' title='bbox 1184 1605 1213 1643; x_wconf 93' lang='lat' dir='ltr'><strong>a</strong></span> <span class='ocrx_word' id='word_1_123' title='bbox 1260 1601 1310 1644; x_wconf 93' lang='lat' dir='ltr'><strong>te</strong></span> <span class='ocrx_word' id='word_1_124' title='bbox 1352 1608 1655 1663; x_wconf 85' lang='lat' dir='ltr'><strong>removens,</strong></span> <span class='ocrx_word' id='word_1_125' title='bbox 1691 1609 1748 1653; x_wconf 93' lang='lat' dir='ltr'><strong>ut</strong></span> <span class='ocrx_word' id='word_1_126' title='bbox 1774 1602 2007 1660; x_wconf 86' lang='lat' dir='ltr'><strong>animam</strong></span> 
     </span>
    </p>
   </div>
   <div class='ocr_carea' id='block_1_18' title="bbox 421 1671 2003 1751">
    <p class='ocr_par' dir='ltr' id='par_1_18' title="bbox 421 1671 2003 1751">
     <span class='ocr_line' id='line_1_19' title="bbox 421 1671 2003 1751; baseline 0.02 -31"><span class='ocrx_word' id='word_1_127' title='bbox 421 1678 566 1723; x_wconf 86' lang='lat' dir='ltr'><strong>tuam</strong></span> <span class='ocrx_word' id='word_1_128' title='bbox 600 1671 667 1724; x_wconf 92' lang='lat' dir='ltr'><strong>ab</strong></span> <span class='ocrx_word' id='word_1_129' title='bbox 694 1672 841 1725; x_wconf 89' lang='lat' dir='ltr'><strong>omni</strong></span> <span class='ocrx_word' id='word_1_130' title='bbox 880 1677 1136 1742; x_wconf 89' lang='lat' dir='ltr'><strong>spurcitie</strong></span> <span class='ocrx_word' id='word_1_131' title='bbox 1166 1694 1348 1748; x_wconf 87' lang='lat' dir='ltr'><strong>puram</strong></span> <span class='ocrx_word' id='word_1_132' title='bbox 1400 1684 1508 1740; x_wconf 92' lang='lat' dir='ltr'><strong>Deo</strong></span> <span class='ocrx_word' id='word_1_133' title='bbox 1562 1689 1837 1746; x_wconf 68' lang='lat' dir='ltr'><strong>exhibeas.</strong></span> <span class='ocrx_word' id='word_1_134' title='bbox 1890 1696 2003 1751; x_wconf 87' lang='lat' dir='ltr'><strong>Non</strong></span> 
     </span>
    </p>
   </div>
   <div class='ocr_carea' id='block_1_19' title="bbox 420 1760 2332 1853">
    <p class='ocr_par' dir='ltr' id='par_1_19' title="bbox 420 1760 2332 1853">
     <span class='ocr_line' id='line_1_20' title="bbox 420 1760 2332 1853; baseline 0.019 -40"><span class='ocrx_word' id='word_1_135' title='bbox 420 1760 562 1813; x_wconf 92' lang='lat' dir='ltr'><strong>enim</strong></span> <span class='ocrx_word' id='word_1_136' title='bbox 612 1763 853 1818; x_wconf 89' lang='lat' dir='ltr'><strong>actiones</strong></span> <span class='ocrx_word' id='word_1_137' title='bbox 899 1765 1175 1836; x_wconf 74' lang='lat' dir='ltr'><strong>duntaxat,</strong></span> <span class='ocrx_word' id='word_1_138' title='bbox 1217 1786 1399 1826; x_wconf 90' lang='lat' dir='ltr'><strong>verum</strong></span> <span class='ocrx_word' id='word_1_139' title='bbox 1451 1776 1610 1831; x_wconf 90' lang='lat' dir='ltr'><strong>etiam</strong></span> <span class='ocrx_word' id='word_1_140' title='bbox 1663 1782 2009 1853; x_wconf 81' lang='lat' dir='ltr'><strong>cogitationes</strong></span> <span class='ocrx_word' id='word_1_141' title='bbox 2042 1788 2083 1846; x_wconf 85' lang='grc' dir='ltr'><strong>Β</strong></span> <span class='ocrx_word' id='word_1_142' title='bbox 2112 1794 2332 1850; x_wconf 90' lang='lat' dir='ltr'><strong>omnino</strong></span> 
     </span>
    </p>
   </div>
   <div class='ocr_carea' id='block_1_20' title="bbox 420 1853 2009 1944">
    <p class='ocr_par' dir='ltr' id='par_1_20' title="bbox 420 1853 2009 1944">
     <span class='ocr_line' id='line_1_21' title="bbox 420 1853 2009 1944; baseline 0.018 -41"><span class='ocrx_word' id='word_1_143' title='bbox 420 1860 617 1903; x_wconf 74' lang='lat' dir='ltr'><strong>nostrtc</strong></span> <span class='ocrx_word' id='word_1_144' title='bbox 643 1853 783 1921; x_wconf 90' lang='lat' dir='ltr'><strong>apud</strong></span> <span class='ocrx_word' id='word_1_145' title='bbox 815 1854 978 1910; x_wconf 90' lang='lat' dir='ltr'><strong>Deum</strong></span> <span class='ocrx_word' id='word_1_146' title='bbox 1012 1859 1062 1911; x_wconf 91' lang='lat' dir='ltr'><strong>in</strong></span> <span class='ocrx_word' id='word_1_147' title='bbox 1097 1873 1375 1916; x_wconf 86' lang='lat' dir='ltr'><strong>numerato</strong></span> <span class='ocrx_word' id='word_1_148' title='bbox 1395 1877 1541 1932; x_wconf 88' lang='lat' dir='ltr'><strong>sunt,</strong></span> <span class='ocrx_word' id='word_1_149' title='bbox 1567 1883 1899 1944; x_wconf 90' lang='lat' dir='ltr'><strong>coronasque</strong></span> <span class='ocrx_word' id='word_1_150' title='bbox 1917 1888 2009 1933; x_wconf 90' lang='lat' dir='ltr'><strong>aut</strong></span> 
     </span>
    </p>
   </div>
   <div class='ocr_carea' id='block_1_21' title="bbox 415 1938 2007 2026">
    <p class='ocr_par' dir='ltr' id='par_1_21' title="bbox 415 1938 2007 2026">
     <span class='ocr_line' id='line_1_22' title="bbox 415 1938 2007 2026; baseline 0.022 -36"><span class='ocrx_word' id='word_1_151' title='bbox 415 1938 674 2008; x_wconf 90' lang='lat' dir='ltr'><strong>supplicia</strong></span> <span class='ocrx_word' id='word_1_152' title='bbox 717 1943 871 1997; x_wconf 89' lang='lat' dir='ltr'><strong>nobis</strong></span> <span class='ocrx_word' id='word_1_153' title='bbox 900 1948 1207 2003; x_wconf 90' lang='lat' dir='ltr'><strong>conciliant.</strong></span> <span class='ocrx_word' id='word_1_154' title='bbox 1241 1951 1514 2021; x_wconf 72' lang='lat' dir='ltr'><strong>Siquidem</strong></span> <span class='ocrx_word' id='word_1_155' title='bbox 1547 1938 1827 2019; x_wconf 79' lang='lat' dir='ltr'><strong>Christum</strong></span> <span class='ocrx_word' id='word_1_156' title='bbox 1848 1968 2007 2026; x_wconf 88' lang='lat' dir='ltr'><strong>simul</strong></span> 
     </span>
    </p>
   </div>
   <div class='ocr_carea' id='block_1_22' title="bbox 413 2033 2003 2117">
    <p class='ocr_par' dir='ltr' id='par_1_22' title="bbox 413 2033 2003 2117">
     <span class='ocr_line' id='line_1_23' title="bbox 413 2033 2003 2117; baseline 0.02 -33"><span class='ocrx_word' id='word_1_157' title='bbox 413 2046 531 2085; x_wconf 87' lang='lat' dir='ltr'><strong>cum</strong></span> <span class='ocrx_word' id='word_1_158' title='bbox 562 2033 721 2088; x_wconf 90' lang='lat' dir='ltr'><strong>Patre</strong></span> <span class='ocrx_word' id='word_1_159' title='bbox 751 2049 813 2090; x_wconf 91' lang='lat' dir='ltr'><strong>ac</strong></span> <span class='ocrx_word' id='word_1_160' title='bbox 838 2037 1041 2107; x_wconf 89' lang='lat' dir='ltr'><strong>Spiritu</strong></span> <span class='ocrx_word' id='word_1_161' title='bbox 1066 2052 1256 2099; x_wconf 89' lang='lat' dir='ltr'><strong>sancto</strong></span> <span class='ocrx_word' id='word_1_162' title='bbox 1299 2047 1351 2100; x_wconf 90' lang='lat' dir='ltr'><strong>in</strong></span> <span class='ocrx_word' id='word_1_163' title='bbox 1391 2050 1537 2117; x_wconf 91' lang='lat' dir='ltr'><strong>puris</strong></span> <span class='ocrx_word' id='word_1_164' title='bbox 1566 2056 1818 2111; x_wconf 90' lang='lat' dir='ltr'><strong>cordibus</strong></span> <span class='ocrx_word' id='word_1_165' title='bbox 1846 2059 2003 2117; x_wconf 92' lang='lat' dir='ltr'><strong>habi-</strong></span> 
     </span>
    </p>
   </div>
   <div class='ocr_carea' id='block_1_23' title="bbox 411 2130 2001 2208">
    <p class='ocr_par' dir='ltr' id='par_1_23' title="bbox 411 2130 2001 2208">
     <span class='ocr_line' id='line_1_24' title="bbox 411 2130 2001 2208; baseline 0.021 -34"><span class='ocrx_word' id='word_1_166' title='bbox 411 2130 527 2177; x_wconf 91' lang='lat' dir='ltr'><strong>tare</strong></span> <span class='ocrx_word' id='word_1_167' title='bbox 583 2136 921 2194; x_wconf 91' lang='lat' dir='ltr'><strong>perspectum</strong></span> <span class='ocrx_word' id='word_1_168' title='bbox 973 2131 1253 2189; x_wconf 90' lang='lat' dir='ltr'><strong>habemus.</strong></span> <span class='ocrx_word' id='word_1_169' title='bbox 1306 2139 1386 2194; x_wconf 86' lang='lat' dir='ltr'><strong>Ac</strong></span> <span class='ocrx_word' id='word_1_170' title='bbox 1435 2156 1647 2199; x_wconf 86' lang='lat' dir='ltr'><strong>rursum</strong></span> <span class='ocrx_word' id='word_1_171' title='bbox 1705 2146 1835 2204; x_wconf 90' lang='lat' dir='ltr'><strong>illud</strong></span> <span class='ocrx_word' id='word_1_172' title='bbox 1895 2168 2001 2208; x_wconf 93' lang='lat' dir='ltr'><strong>non</strong></span> 
     </span>
    </p>
   </div>
   <div class='ocr_carea' id='block_1_24' title="bbox 409 2211 1998 2303">
    <p class='ocr_par' dir='ltr' id='par_1_24' title="bbox 409 2211 1998 2303">
     <span class='ocr_line' id='line_1_25' title="bbox 409 2211 1998 2303; baseline 0.021 -39"><span class='ocrx_word' id='word_1_173' title='bbox 409 2211 735 2280; x_wconf 82' lang='lat' dir='ltr'><strong>ignoramus,</strong></span> <span class='ocrx_word' id='word_1_174' title='bbox 768 2219 908 2285; x_wconf 92' lang='lat' dir='ltr'><strong>quod</strong></span> <span class='ocrx_word' id='word_1_175' title='bbox 938 2224 1386 2290; x_wconf 83' lang='lat' dir='ltr'><strong>quemadmodum</strong></span> <span class='ocrx_word' id='word_1_176' title='bbox 1408 2229 1583 2287; x_wconf 88' lang='lat' dir='ltr'><strong>fumus</strong></span> <span class='ocrx_word' id='word_1_177' title='bbox 1609 2250 1738 2303; x_wconf 89' lang='lat' dir='ltr'><strong>apes</strong></span> <span class='ocrx_word' id='word_1_178' title='bbox 1759 2279 1775 2303; x_wconf 96' lang='lat'><strong>,</strong></span> <span class='ocrx_word' id='word_1_179' title='bbox 1808 2241 1998 2299; x_wconf 83' lang='lat' dir='ltr'><strong>eodem</strong></span> 
     </span>
    </p>
   </div>
   <div class='ocr_carea' id='block_1_25' title="bbox 409 2302 1998 2396">
    <p class='ocr_par' dir='ltr' id='par_1_25' title="bbox 409 2302 1998 2396">
     <span class='ocr_line' id='line_1_26' title="bbox 409 2302 1998 2396; baseline 0.021 -43"><span class='ocrx_word' id='word_1_180' title='bbox 409 2302 569 2356; x_wconf 91' lang='lat' dir='ltr'><strong>modo</strong></span> <span class='ocrx_word' id='word_1_181' title='bbox 613 2318 798 2367; x_wconf 77' lang='lat' dir='ltr'><strong>prava:</strong></span> <span class='ocrx_word' id='word_1_182' title='bbox 826 2309 1174 2377; x_wconf 81' lang='lat' dir='ltr'><strong>cogitationes</strong></span> <span class='ocrx_word' id='word_1_183' title='bbox 1202 2314 1367 2371; x_wconf 88' lang='lat' dir='ltr'><strong>divini</strong></span> <span class='ocrx_word' id='word_1_184' title='bbox 1417 2302 1655 2388; x_wconf 86' lang='lat' dir='ltr'><strong>Spiritus</strong></span> <span class='ocrx_word' id='word_1_185' title='bbox 1691 2328 1917 2396; x_wconf 81' lang='lat' dir='ltr'><strong>gratiam</strong></span> <span class='ocrx_word' id='word_1_186' title='bbox 1967 2348 1998 2387; x_wconf 89' lang='lat' dir='ltr'><strong>a</strong></span> 
     </span>
    </p>
   </div>
   <div class='ocr_carea' id='block_1_26' title="bbox 407 2396 908 2463">
    <p class='ocr_par' dir='ltr' id='par_1_26' title="bbox 407 2396 908 2463">
     <span class='ocr_line' id='line_1_27' title="bbox 407 2396 908 2463; baseline 0.012 -18"><span class='ocrx_word' id='word_1_187' title='bbox 407 2396 559 2446; x_wconf 86' lang='lat' dir='ltr'><strong>nobis</strong></span> <span class='ocrx_word' id='word_1_188' title='bbox 588 2396 908 2463; x_wconf 90' lang='lat' dir='ltr'><strong>propellunt.</strong></span> 
     </span>
    </p>
   </div>
   <div class='ocr_carea' id='block_1_27' title="bbox 476 2482 1990 2575">
    <p class='ocr_par' dir='ltr' id='par_1_27' title="bbox 476 2482 1990 2575">
     <span class='ocr_line' id='line_1_28' title="bbox 476 2482 1990 2575; baseline 0.024 -42"><span class='ocrx_word' id='word_1_189' title='bbox 476 2482 841 2548; x_wconf 86' lang='lat' dir='ltr'><strong>Quamobrem</strong></span> <span class='ocrx_word' id='word_1_190' title='bbox 868 2503 1080 2545; x_wconf 90' lang='lat' dir='ltr'><strong>summo</strong></span> <span class='ocrx_word' id='word_1_191' title='bbox 1100 2493 1276 2549; x_wconf 92' lang='lat' dir='ltr'><strong>studio</strong></span> <span class='ocrx_word' id='word_1_192' title='bbox 1302 2496 1355 2552; x_wconf 94' lang='lat' dir='ltr'><strong>in</strong></span> <span class='ocrx_word' id='word_1_193' title='bbox 1386 2499 1488 2557; x_wconf 91' lang='lat' dir='ltr'><strong>hoc</strong></span> <span class='ocrx_word' id='word_1_194' title='bbox 1509 2504 1734 2575; x_wconf 90' lang='lat' dir='ltr'><strong>enitere,</strong></span> <span class='ocrx_word' id='word_1_195' title='bbox 1760 2518 1817 2564; x_wconf 92' lang='lat' dir='ltr'><strong>ut</strong></span> <span class='ocrx_word' id='word_1_196' title='bbox 1839 2518 1990 2570; x_wconf 89' lang='lat' dir='ltr'><strong>omni</strong></span> 
     </span>
    </p>
   </div>
   <div class='ocr_carea' id='block_1_28' title="bbox 405 2572 1987 2670">
    <p class='ocr_par' dir='ltr' id='par_1_28' title="bbox 405 2572 1987 2670">
     <span class='ocr_line' id='line_1_29' title="bbox 405 2572 1987 2670; baseline 0.022 -46"><span class='ocrx_word' id='word_1_197' title='bbox 405 2572 595 2628; x_wconf 88' lang='lat' dir='ltr'><strong>vitiosa</strong></span> <span class='ocrx_word' id='word_1_198' title='bbox 628 2575 951 2645; x_wconf 84' lang='lat' dir='ltr'><strong>cogitatione</strong></span> <span class='ocrx_word' id='word_1_199' title='bbox 979 2596 1047 2636; x_wconf 81' lang='lat' dir='ltr'><strong>ex</strong></span> <span class='ocrx_word' id='word_1_200' title='bbox 1080 2585 1261 2641; x_wconf 89' lang='lat' dir='ltr'><strong>animo</strong></span> <span class='ocrx_word' id='word_1_201' title='bbox 1301 2598 1391 2644; x_wconf 92' lang='lat' dir='ltr'><strong>tuo</strong></span> <span class='ocrx_word' id='word_1_202' title='bbox 1420 2594 1686 2651; x_wconf 82' lang='lat' dir='ltr'><strong>exstincta</strong></span> <span class='ocrx_word' id='word_1_203' title='bbox 1713 2608 1768 2653; x_wconf 89' lang='lat' dir='ltr'><strong>et</strong></span> <span class='ocrx_word' id='word_1_204' title='bbox 1789 2600 1987 2670; x_wconf 90' lang='lat' dir='ltr'><strong>deleta,</strong></span> 
     </span>
    </p>
   </div>
   <div class='ocr_carea' id='block_1_29' title="bbox 403 2664 1986 2761">
    <p class='ocr_par' dir='ltr' id='par_1_29' title="bbox 403 2664 1986 2761">
     <span class='ocr_line' id='line_1_30' title="bbox 403 2664 1986 2761; baseline 0.021 -44"><span class='ocrx_word' id='word_1_205' title='bbox 403 2664 630 2732; x_wconf 91' lang='lat' dir='ltr'><strong>optimas</strong></span> <span class='ocrx_word' id='word_1_206' title='bbox 652 2682 889 2737; x_wconf 91' lang='lat' dir='ltr'><strong>quasque</strong></span> <span class='ocrx_word' id='word_1_207' title='bbox 909 2672 1256 2741; x_wconf 83' lang='lat' dir='ltr'><strong>cogitationes</strong></span> <span class='ocrx_word' id='word_1_208' title='bbox 1279 2678 1330 2733; x_wconf 94' lang='lat' dir='ltr'><strong>in</strong></span> <span class='ocrx_word' id='word_1_209' title='bbox 1351 2696 1412 2735; x_wconf 91' lang='lat' dir='ltr'><strong>ea</strong></span> <span class='ocrx_word' id='word_1_210' title='bbox 1437 2684 1662 2754; x_wconf 88' lang='lat' dir='ltr'><strong>inseras,</strong></span> <span class='ocrx_word' id='word_1_211' title='bbox 1698 2693 1986 2761; x_wconf 82' lang='lat' dir='ltr'><strong>templum-</strong></span> 
     </span>
    </p>
   </div>
   <div class='ocr_carea' id='block_1_30' title="bbox 401 2755 1987 2856">
    <p class='ocr_par' dir='ltr' id='par_1_30' title="bbox 401 2755 1987 2856">
     <span class='ocr_line' id='line_1_31' title="bbox 401 2755 1987 2856; baseline 0.023 -49"><span class='ocrx_word' id='word_1_212' title='bbox 401 2770 504 2824; x_wconf 86' lang='lat' dir='ltr'><strong>que</strong></span> <span class='ocrx_word' id='word_1_213' title='bbox 535 2755 763 2821; x_wconf 91' lang='lat' dir='ltr'><strong>Spiritus</strong></span> <span class='ocrx_word' id='word_1_214' title='bbox 803 2762 975 2817; x_wconf 88' lang='lat' dir='ltr'><strong>sancti</strong></span> <span class='ocrx_word' id='word_1_215' title='bbox 1027 2766 1251 2835; x_wconf 92' lang='lat' dir='ltr'><strong>teipsum</strong></span> <span class='ocrx_word' id='word_1_216' title='bbox 1298 2771 1520 2829; x_wconf 87' lang='lat' dir='ltr'><strong>efﬁcias.</strong></span> <span class='ocrx_word' id='word_1_217' title='bbox 1573 2755 1846 2850; x_wconf 77' lang='lat' dir='ltr'><strong>Siquidem</strong></span> <span class='ocrx_word' id='word_1_218' title='bbox 1892 2802 1987 2856; x_wconf 92' lang='lat' dir='ltr'><strong>per</strong></span> 
     </span>
    </p>
   </div>
   <div class='ocr_carea' id='block_1_31' title="bbox 399 2848 1984 2942">
    <p class='ocr_par' dir='ltr' id='par_1_31' title="bbox 399 2848 1984 2942">
     <span class='ocr_line' id='line_1_32' title="bbox 399 2848 1984 2942; baseline 0.023 -43"><span class='ocrx_word' id='word_1_219' title='bbox 399 2848 745 2917; x_wconf 85' lang='lat' dir='ltr'><strong>cogitationes</strong></span> <span class='ocrx_word' id='word_1_220' title='bbox 771 2852 837 2906; x_wconf 90' lang='lat' dir='ltr'><strong>ad</strong></span> <span class='ocrx_word' id='word_1_221' title='bbox 863 2855 1099 2912; x_wconf 90' lang='lat' dir='ltr'><strong>actiones</strong></span> <span class='ocrx_word' id='word_1_222' title='bbox 1129 2858 1274 2929; x_wconf 89' lang='lat' dir='ltr'><strong>ipsas</strong></span> <span class='ocrx_word' id='word_1_223' title='bbox 1295 2865 1576 2935; x_wconf 88' lang='lat' dir='ltr'><strong>venimus;</strong></span> <span class='ocrx_word' id='word_1_224' title='bbox 1620 2882 1782 2942; x_wconf 91' lang='lat' dir='ltr'><strong>atque</strong></span> <span class='ocrx_word' id='word_1_225' title='bbox 1822 2892 1984 2935; x_wconf 87' lang='lat' dir='ltr'><strong>omne</strong></span> 
     </span>
    </p>
   </div>
   <div class='ocr_carea' id='block_1_32' title="bbox 399 2944 1979 3039">
    <p class='ocr_par' dir='ltr' id='par_1_32' title="bbox 399 2944 1979 3039">
     <span class='ocr_line' id='line_1_33' title="bbox 399 2944 1979 3039; baseline 0.021 -48"><span class='ocrx_word' id='word_1_226' title='bbox 399 2954 535 3008; x_wconf 89' lang='lat' dir='ltr'><strong>opus</strong></span> <span class='ocrx_word' id='word_1_227' title='bbox 568 2956 599 2994; x_wconf 93' lang='lat' dir='ltr'><strong>a</strong></span> <span class='ocrx_word' id='word_1_228' title='bbox 637 2944 961 3013; x_wconf 85' lang='lat' dir='ltr'><strong>cogitatione</strong></span> <span class='ocrx_word' id='word_1_229' title='bbox 989 2950 1259 3021; x_wconf 89' lang='lat' dir='ltr'><strong>animique</strong></span> <span class='ocrx_word' id='word_1_230' title='bbox 1292 2956 1585 3025; x_wconf 86' lang='lat' dir='ltr'><strong>agitatione</strong></span> <span class='ocrx_word' id='word_1_231' title='bbox 1615 2967 1979 3039; x_wconf 86' lang='lat' dir='ltr'><strong>progrediens,</strong></span> 
     </span>
    </p>
   </div>
   <div class='ocr_carea' id='block_1_33' title="bbox 396 3034 1976 3115">
    <p class='ocr_par' dir='ltr' id='par_1_33' title="bbox 396 3034 1976 3115">
     <span class='ocr_line' id='line_1_34' title="bbox 396 3034 1976 3115; baseline 0.022 -33"><span class='ocrx_word' id='word_1_232' title='bbox 396 3045 612 3098; x_wconf 88' lang='lat' dir='ltr'><strong>parvum</strong></span> <span class='ocrx_word' id='word_1_233' title='bbox 636 3034 807 3102; x_wconf 90' lang='lat' dir='ltr'><strong>primo</strong></span> <span class='ocrx_word' id='word_1_234' title='bbox 834 3036 1041 3092; x_wconf 79' lang='lat' dir='ltr'><strong>initium</strong></span> <span class='ocrx_word' id='word_1_235' title='bbox 1063 3042 1269 3112; x_wconf 89' lang='lat' dir='ltr'><strong>arripit,</strong></span> <span class='ocrx_word' id='word_1_236' title='bbox 1303 3060 1365 3101; x_wconf 91' lang='lat' dir='ltr'><strong>ac</strong></span> <span class='ocrx_word' id='word_1_237' title='bbox 1387 3046 1579 3106; x_wconf 90' lang='lat' dir='ltr'><strong>deinde</strong></span> <span class='ocrx_word' id='word_1_238' title='bbox 1603 3034 1773 3109; x_wconf 83' lang='lat' dir='ltr'><strong>tacitis</strong></span> <span class='ocrx_word' id='word_1_239' title='bbox 1799 3057 1976 3115; x_wconf 88' lang='lat' dir='ltr'><strong>incre-</strong></span> 
     </span>
    </p>
   </div>
   <div class='ocr_carea' id='block_1_34' title="bbox 394 3124 2053 3211">
    <p class='ocr_par' dir='ltr' id='par_1_34' title="bbox 394 3124 2053 3211">
     <span class='ocr_line' id='line_1_35' title="bbox 394 3124 2053 3211; baseline 0.023 -37"><span class='ocrx_word' id='word_1_240' title='bbox 394 3124 585 3177; x_wconf 85' lang='lat' dir='ltr'><strong>mentis</strong></span> <span class='ocrx_word' id='word_1_241' title='bbox 614 3141 926 3196; x_wconf 89' lang='lat' dir='ltr'><strong>augescens,</strong></span> <span class='ocrx_word' id='word_1_242' title='bbox 960 3131 1145 3202; x_wconf 87' lang='lat' dir='ltr'><strong>ingens</strong></span> <span class='ocrx_word' id='word_1_243' title='bbox 1182 3135 1246 3190; x_wconf 89' lang='lat' dir='ltr'><strong>ad</strong></span> <span class='ocrx_word' id='word_1_244' title='bbox 1272 3147 1573 3197; x_wconf 84' lang='lat' dir='ltr'><strong>extremum</strong></span> <span class='ocrx_word' id='word_1_245' title='bbox 1612 3146 1863 3204; x_wconf 86' lang='lat' dir='ltr'><strong>efﬁcitur.</strong></span> <span class='ocrx_word' id='word_1_246' title='bbox 1898 3153 1979 3209; x_wconf 91' lang='lat' dir='ltr'><strong>0b</strong></span> <span class='ocrx_word' id='word_1_247' title='bbox 2010 3149 2053 3211; x_wconf 91' lang='lat' dir='ltr'>C</span> 
     </span>
    </p>
   </div>
   <div class='ocr_carea' id='block_1_35' title="bbox 392 3223 1975 3311">
    <p class='ocr_par' dir='ltr' id='par_1_35' title="bbox 392 3223 1975 3311">
     <span class='ocr_line' id='line_1_36' title="bbox 392 3223 1975 3311; baseline 0.022 -45"><span class='ocrx_word' id='word_1_248' title='bbox 392 3228 616 3281; x_wconf 90' lang='lat' dir='ltr'><strong>eamque</strong></span> <span class='ocrx_word' id='word_1_249' title='bbox 645 3233 885 3288; x_wconf 89' lang='lat' dir='ltr'><strong>causam,</strong></span> <span class='ocrx_word' id='word_1_250' title='bbox 927 3223 1073 3278; x_wconf 89' lang='lat' dir='ltr'><strong>nullo</strong></span> <span class='ocrx_word' id='word_1_251' title='bbox 1116 3227 1277 3282; x_wconf 92' lang='lat' dir='ltr'><strong>modo</strong></span> <span class='ocrx_word' id='word_1_252' title='bbox 1332 3234 1582 3299; x_wconf 88' lang='lat' dir='ltr'><strong>permitte</strong></span> <span class='ocrx_word' id='word_1_253' title='bbox 1634 3248 1694 3293; x_wconf 91' lang='lat' dir='ltr'><strong>ut</strong></span> <span class='ocrx_word' id='word_1_254' title='bbox 1734 3240 1975 3311; x_wconf 88' lang='lat' dir='ltr'><strong>improba</strong></span> 
     </span>
    </p>
   </div>
   <div class='ocr_carea' id='block_1_36' title="bbox 394 3307 1971 3401">
    <p class='ocr_par' dir='ltr' id='par_1_36' title="bbox 394 3307 1971 3401">
     <span class='ocr_line' id='line_1_37' title="bbox 394 3307 1971 3401; baseline 0.022 -46"><span class='ocrx_word' id='word_1_255' title='bbox 394 3307 724 3361; x_wconf 90' lang='lat' dir='ltr'><strong>consuetudo</strong></span> <span class='ocrx_word' id='word_1_256' title='bbox 757 3308 851 3363; x_wconf 91' lang='lat' dir='ltr'><strong>tibi</strong></span> <span class='ocrx_word' id='word_1_257' title='bbox 879 3310 1181 3369; x_wconf 86' lang='lat' dir='ltr'><strong>dominetur</strong></span> <span class='ocrx_word' id='word_1_258' title='bbox 1206 3334 1220 3382; x_wconf 90' lang='lat'><strong>;</strong></span> <span class='ocrx_word' id='word_1_259' title='bbox 1252 3333 1436 3375; x_wconf 84' lang='lat' dir='ltr'><strong>verum</strong></span> <span class='ocrx_word' id='word_1_260' title='bbox 1459 3322 1631 3382; x_wconf 90' lang='lat' dir='ltr'><strong>donec</strong></span> <span class='ocrx_word' id='word_1_261' title='bbox 1651 3343 1841 3386; x_wconf 84' lang='lat' dir='ltr'><strong>recens</strong></span> <span class='ocrx_word' id='word_1_262' title='bbox 1870 3345 1971 3401; x_wconf 84' lang='lat' dir='ltr'><strong>est,</strong></span> 
     </span>
    </p>
   </div>
   <div class='ocr_carea' id='block_1_37' title="bbox 388 3398 1971 3494">
    <p class='ocr_par' dir='ltr' id='par_1_37' title="bbox 388 3398 1971 3494">
     <span class='ocr_line' id='line_1_38' title="bbox 388 3398 1971 3494; baseline 0.026 -51"><span class='ocrx_word' id='word_1_263' title='bbox 388 3407 605 3460; x_wconf 83' lang='lat' dir='ltr'><strong>parvam</strong></span> <span class='ocrx_word' id='word_1_264' title='bbox 639 3398 874 3454; x_wconf 89' lang='lat' dir='ltr'><strong>radicem</strong></span> <span class='ocrx_word' id='word_1_265' title='bbox 898 3417 929 3456; x_wconf 91' lang='lat' dir='ltr'><strong>e</strong></span> <span class='ocrx_word' id='word_1_266' title='bbox 958 3417 1176 3472; x_wconf 89' lang='lat' dir='ltr'><strong>pectore</strong></span> <span class='ocrx_word' id='word_1_267' title='bbox 1200 3419 1290 3464; x_wconf 88' lang='lat' dir='ltr'><strong>tuo</strong></span> <span class='ocrx_word' id='word_1_268' title='bbox 1311 3413 1513 3479; x_wconf 82' lang='lat' dir='ltr'><strong>evelle;</strong></span> <span class='ocrx_word' id='word_1_269' title='bbox 1548 3434 1615 3474; x_wconf 93' lang='lat' dir='ltr'><strong>ne</strong></span> <span class='ocrx_word' id='word_1_270' title='bbox 1635 3422 1829 3494; x_wconf 81' lang='lat' dir='ltr'><strong>alioqui</strong></span> <span class='ocrx_word' id='word_1_271' title='bbox 1851 3441 1971 3483; x_wconf 91' lang='lat' dir='ltr'><strong>cum</strong></span> 
     </span>
    </p>
   </div>
   <div class='ocr_carea' id='block_1_38' title="bbox 387 3484 1970 3583">
    <p class='ocr_par' dir='ltr' id='par_1_38' title="bbox 387 3484 1970 3583">
     <span class='ocr_line' id='line_1_39' title="bbox 387 3484 1970 3583; baseline 0.025 -45"><span class='ocrx_word' id='word_1_272' title='bbox 387 3484 680 3553; x_wconf 90' lang='lat' dir='ltr'><strong>pullularit,</strong></span> <span class='ocrx_word' id='word_1_273' title='bbox 711 3504 773 3543; x_wconf 90' lang='lat' dir='ltr'><strong>ae</strong></span> <span class='ocrx_word' id='word_1_274' title='bbox 813 3494 1023 3551; x_wconf 87' lang='lat' dir='ltr'><strong>radices</strong></span> <span class='ocrx_word' id='word_1_275' title='bbox 1063 3513 1188 3554; x_wconf 89' lang='lat' dir='ltr'><strong>suas</strong></span> <span class='ocrx_word' id='word_1_276' title='bbox 1215 3503 1323 3558; x_wconf 90' lang='lat' dir='ltr'><strong>alte</strong></span> <span class='ocrx_word' id='word_1_277' title='bbox 1358 3505 1618 3577; x_wconf 82' lang='lat' dir='ltr'><strong>infixerit,</strong></span> <span class='ocrx_word' id='word_1_278' title='bbox 1652 3526 1836 3583; x_wconf 88' lang='lat' dir='ltr'><strong>postea</strong></span> <span class='ocrx_word' id='word_1_279' title='bbox 1863 3536 1970 3578; x_wconf 92' lang='lat' dir='ltr'><strong>non</strong></span> 
     </span>
    </p>
   </div>
   <div class='ocr_carea' id='block_1_39' title="bbox 385 3576 1968 3680">
    <p class='ocr_par' dir='ltr' id='par_1_39' title="bbox 385 3576 1968 3680">
     <span class='ocr_line' id='line_1_40' title="bbox 385 3576 1968 3680; baseline 0.026 -51"><span class='ocrx_word' id='word_1_280' title='bbox 385 3576 489 3631; x_wconf 89' lang='lat' dir='ltr'><strong>nisi</strong></span> <span class='ocrx_word' id='word_1_281' title='bbox 522 3580 680 3650; x_wconf 88' lang='lat' dir='ltr'><strong>longo</strong></span> <span class='ocrx_word' id='word_1_282' title='bbox 718 3591 980 3656; x_wconf 91' lang='lat' dir='ltr'><strong>tempore,</strong></span> <span class='ocrx_word' id='word_1_283' title='bbox 1012 3604 1074 3644; x_wconf 90' lang='lat' dir='ltr'><strong>ac</strong></span> <span class='ocrx_word' id='word_1_284' title='bbox 1101 3607 1294 3662; x_wconf 89' lang='lat' dir='ltr'><strong>magno</strong></span> <span class='ocrx_word' id='word_1_285' title='bbox 1318 3612 1437 3653; x_wconf 89' lang='lat' dir='ltr'><strong>cum</strong></span> <span class='ocrx_word' id='word_1_286' title='bbox 1470 3600 1656 3660; x_wconf 89' lang='lat' dir='ltr'><strong>labore</strong></span> <span class='ocrx_word' id='word_1_287' title='bbox 1685 3611 1968 3680; x_wconf 77' lang='lat' dir='ltr'><strong>exstirpari</strong></span> 
     </span>
    </p>
   </div>
   <div class='ocr_carea' id='block_1_40' title="bbox 386 3673 1968 3763">
    <p class='ocr_par' dir='ltr' id='par_1_40' title="bbox 386 3673 1968 3763">
     <span class='ocr_line' id='line_1_41' title="bbox 386 3673 1968 3763; baseline 0.023 -40"><span class='ocrx_word' id='word_1_288' title='bbox 386 3673 576 3739; x_wconf 87' lang='lat' dir='ltr'><strong>possit.</strong></span> <span class='ocrx_word' id='word_1_289' title='bbox 610 3675 689 3730; x_wconf 90' lang='lat' dir='ltr'><strong>0b</strong></span> <span class='ocrx_word' id='word_1_290' title='bbox 734 3678 787 3732; x_wconf 90' lang='lat' dir='ltr'><strong>id</strong></span> <span class='ocrx_word' id='word_1_291' title='bbox 827 3679 970 3735; x_wconf 91' lang='lat' dir='ltr'><strong>enim</strong></span> <span class='ocrx_word' id='word_1_292' title='bbox 1002 3684 1205 3753; x_wconf 83' lang='lat' dir='ltr'><strong>majora</strong></span> <span class='ocrx_word' id='word_1_293' title='bbox 1237 3698 1452 3757; x_wconf 90' lang='lat' dir='ltr'><strong>peccata</strong></span> <span class='ocrx_word' id='word_1_294' title='bbox 1492 3696 1728 3763; x_wconf 88' lang='lat' dir='ltr'><strong>quotidie</strong></span> <span class='ocrx_word' id='word_1_295' title='bbox 1756 3701 1822 3756; x_wconf 90' lang='lat' dir='ltr'><strong>ad</strong></span> <span class='ocrx_word' id='word_1_296' title='bbox 1854 3673 1968 3759; x_wconf 42' lang='lat' dir='ltr'><strong>&#39;nos</strong></span> 
     </span>
    </p>
   </div>
   <div class='ocr_carea' id='block_1_41' title="bbox 381 3761 1964 3862">
    <p class='ocr_par' dir='ltr' id='par_1_41' title="bbox 381 3761 1964 3862">
     <span class='ocr_line' id='line_1_42' title="bbox 381 3761 1964 3862; baseline 0.024 -48"><span class='ocrx_word' id='word_1_297' title='bbox 381 3761 578 3818; x_wconf 90' lang='lat' dir='ltr'><strong>aditum</strong></span> <span class='ocrx_word' id='word_1_298' title='bbox 624 3765 839 3836; x_wconf 86' lang='lat' dir='ltr'><strong>habent,</strong></span> <span class='ocrx_word' id='word_1_299' title='bbox 889 3782 1047 3842; x_wconf 90' lang='lat' dir='ltr'><strong>atque</strong></span> <span class='ocrx_word' id='word_1_300' title='bbox 1094 3777 1147 3830; x_wconf 89' lang='lat' dir='ltr'><strong>in</strong></span> <span class='ocrx_word' id='word_1_301' title='bbox 1188 3781 1394 3836; x_wconf 88' lang='lat' dir='ltr'><strong>animas</strong></span> <span class='ocrx_word' id='word_1_302' title='bbox 1423 3794 1635 3843; x_wconf 89' lang='lat' dir='ltr'><strong>nostras</strong></span> <span class='ocrx_word' id='word_1_303' title='bbox 1680 3791 1964 3862; x_wconf 91' lang='lat' dir='ltr'><strong>imperium</strong></span> 
     </span>
    </p>
   </div>
   <div class='ocr_carea' id='block_1_42' title="bbox 380 3851 1966 3953">
    <p class='ocr_par' dir='ltr' id='par_1_42' title="bbox 380 3851 1966 3953">
     <span class='ocr_line' id='line_1_43' title="bbox 380 3851 1966 3953; baseline 0.029 -55"><span class='ocrx_word' id='word_1_304' title='bbox 380 3851 644 3921; x_wconf 78' lang='lat' dir='ltr'><strong>obtinent,</strong></span> <span class='ocrx_word' id='word_1_305' title='bbox 677 3859 925 3926; x_wconf 89' lang='lat' dir='ltr'><strong>quoniam</strong></span> <span class='ocrx_word' id='word_1_306' title='bbox 959 3864 1023 3918; x_wconf 92' lang='lat' dir='ltr'><strong>iis</strong></span> <span class='ocrx_word' id='word_1_307' title='bbox 1051 3882 1169 3934; x_wconf 67' lang='lat' dir='ltr'><strong>qua:</strong></span> <span class='ocrx_word' id='word_1_308' title='bbox 1198 3871 1402 3927; x_wconf 82' lang='lat' dir='ltr'><strong>minera</strong></span> <span class='ocrx_word' id='word_1_309' title='bbox 1432 3890 1554 3932; x_wconf 89' lang='lat' dir='ltr'><strong>esse</strong></span> <span class='ocrx_word' id='word_1_310' title='bbox 1584 3882 1747 3953; x_wconf 77' lang='lat'><strong>288</strong></span> <span class='ocrx_word' id='word_1_311' title='bbox 1781 3887 1966 3943; x_wconf 84' lang='lat' dir='ltr'><strong>viden-</strong></span> 
     </span>
    </p>
   </div>
   <div class='ocr_carea' id='block_1_43' title="bbox 380 3945 1962 4035">
    <p class='ocr_par' dir='ltr' id='par_1_43' title="bbox 380 3945 1962 4035">
     <span class='ocr_line' id='line_1_44' title="bbox 380 3945 1962 4035; baseline 0.026 -40"><span class='ocrx_word' id='word_1_312' title='bbox 380 3952 486 4004; x_wconf 87' lang='lat' dir='ltr'><strong>tur.</strong></span> <span class='ocrx_word' id='word_1_313' title='bbox 522 3945 622 4000; x_wconf 93' lang='lat' dir='ltr'><strong>hoc</strong></span> <span class='ocrx_word' id='word_1_314' title='bbox 650 3958 733 4002; x_wconf 88' lang='lat' dir='ltr'><strong>est</strong></span> <span class='ocrx_word' id='word_1_315' title='bbox 759 3950 1014 4019; x_wconf 86' lang='lat' dir='ltr'><strong>improbis</strong></span> <span class='ocrx_word' id='word_1_316' title='bbox 1042 3959 1471 4033; x_wconf 86' lang='lat' dir='ltr'><strong>cogitationibus,</strong></span> <span class='ocrx_word' id='word_1_317' title='bbox 1520 3968 1819 4032; x_wconf 83' lang='lat' dir='ltr'><strong>inhonestis</strong></span> <span class='ocrx_word' id='word_1_318' title='bbox 1842 3995 1962 4035; x_wconf 89' lang='lat' dir='ltr'><strong>ser-</strong></span> 
     </span>
    </p>
   </div>
   <div class='ocr_carea' id='block_1_44' title="bbox 379 4038 1962 4127">
    <p class='ocr_par' dir='ltr' id='par_1_44' title="bbox 379 4038 1962 4127">
     <span class='ocr_line' id='line_1_45' title="bbox 379 4038 1962 4127; baseline 0.026 -41"><span class='ocrx_word' id='word_1_319' title='bbox 379 4038 649 4099; x_wconf 82' lang='lat' dir='ltr'><strong>monibus,</strong></span> <span class='ocrx_word' id='word_1_320' title='bbox 698 4042 955 4112; x_wconf 89' lang='lat' dir='ltr'><strong>malisque</strong></span> <span class='ocrx_word' id='word_1_321' title='bbox 985 4048 1268 4119; x_wconf 92' lang='lat' dir='ltr'><strong>colloquiis</strong></span> <span class='ocrx_word' id='word_1_322' title='bbox 1295 4070 1654 4118; x_wconf 85' lang='lat' dir='ltr'><strong>consentanea</strong></span> <span class='ocrx_word' id='word_1_323' title='bbox 1700 4073 1962 4127; x_wconf 87' lang='lat' dir='ltr'><strong>correctio</strong></span> 
     </span>
    </p>
   </div>
   <div class='ocr_carea' id='block_1_45' title="bbox 377 4123 1956 4228">
    <p class='ocr_par' dir='ltr' id='par_1_45' title="bbox 377 4123 1956 4228">
     <span class='ocr_line' id='line_1_46' title="bbox 377 4123 1956 4228; baseline 0.027 -53"><span class='ocrx_word' id='word_1_324' title='bbox 377 4123 598 4177; x_wconf 87' lang='lat' dir='ltr'><strong>minime</strong></span> <span class='ocrx_word' id='word_1_325' title='bbox 626 4126 927 4185; x_wconf 81' lang='lat' dir='ltr'><strong>adhibetur.</strong></span> <span class='ocrx_word' id='word_1_326' title='bbox 957 4132 1027 4188; x_wconf 89' lang='lat' dir='ltr'><strong>Ut</strong></span> <span class='ocrx_word' id='word_1_327' title='bbox 1065 4140 1206 4195; x_wconf 92' lang='lat' dir='ltr'><strong>enim</strong></span> <span class='ocrx_word' id='word_1_328' title='bbox 1254 4143 1305 4197; x_wconf 92' lang='lat' dir='ltr'><strong>in</strong></span> <span class='ocrx_word' id='word_1_329' title='bbox 1338 4152 1649 4218; x_wconf 82' lang='lat' dir='ltr'><strong>corporibus</strong></span> <span class='ocrx_word' id='word_1_330' title='bbox 1677 4158 1766 4225; x_wconf 93' lang='lat' dir='ltr'><strong>qui</strong></span> <span class='ocrx_word' id='word_1_331' title='bbox 1796 4174 1956 4228; x_wconf 91' lang='lat' dir='ltr'><strong>parva</strong></span> 
     </span>
    </p>
   </div>
   <div class='ocr_carea' id='block_1_46' title="bbox 374 4213 1957 4309">
    <p class='ocr_par' dir='ltr' id='par_1_46' title="bbox 374 4213 1957 4309">
     <span class='ocr_line' id='line_1_47' title="bbox 374 4213 1957 4309; baseline 0.028 -45"><span class='ocrx_word' id='word_1_332' title='bbox 374 4213 595 4269; x_wconf 83' lang='lat' dir='ltr'><strong>vulnera</strong></span> <span class='ocrx_word' id='word_1_333' title='bbox 620 4219 895 4289; x_wconf 82' lang='lat' dir='ltr'><strong>negligant</strong></span> <span class='ocrx_word' id='word_1_334' title='bbox 920 4227 1124 4282; x_wconf 89' lang='lat' dir='ltr'><strong>saniem</strong></span> <span class='ocrx_word' id='word_1_335' title='bbox 1158 4232 1469 4307; x_wconf 90' lang='lat' dir='ltr'><strong>plerumque</strong></span> <span class='ocrx_word' id='word_1_336' title='bbox 1495 4256 1559 4297; x_wconf 91' lang='lat' dir='ltr'><strong>ac</strong></span> <span class='ocrx_word' id='word_1_337' title='bbox 1588 4258 1812 4303; x_wconf 90' lang='lat' dir='ltr'><strong>mortem</strong></span> <span class='ocrx_word' id='word_1_338' title='bbox 1858 4254 1957 4309; x_wconf 90' lang='lat' dir='ltr'><strong>sibi</strong></span> 
     </span>
    </p>
   </div>
   <div class='ocr_carea' id='block_1_47' title="bbox 372 4302 1957 4399">
    <p class='ocr_par' dir='ltr' id='par_1_47' title="bbox 372 4302 1957 4399">
     <span class='ocr_line' id='line_1_48' title="bbox 372 4302 1957 4399; baseline 0.026 -42"><span class='ocrx_word' id='word_1_339' title='bbox 372 4302 503 4373; x_wconf 88' lang='lat' dir='ltr'><strong>ipsis</strong></span> <span class='ocrx_word' id='word_1_340' title='bbox 528 4318 832 4377; x_wconf 88' lang='lat' dir='ltr'><strong>accersunt,</strong></span> <span class='ocrx_word' id='word_1_341' title='bbox 864 4312 931 4367; x_wconf 89' lang='lat' dir='ltr'><strong>ad</strong></span> <span class='ocrx_word' id='word_1_342' title='bbox 961 4318 1208 4375; x_wconf 90' lang='lat' dir='ltr'><strong>eumdem</strong></span> <span class='ocrx_word' id='word_1_343' title='bbox 1250 4326 1465 4381; x_wconf 92' lang='lat' dir='ltr'><strong>modum</strong></span> <span class='ocrx_word' id='word_1_344' title='bbox 1494 4331 1654 4387; x_wconf 88' lang='lat' dir='ltr'><strong>etiam</strong></span> <span class='ocrx_word' id='word_1_345' title='bbox 1682 4334 1736 4390; x_wconf 91' lang='lat' dir='ltr'><strong>in</strong></span> <span class='ocrx_word' id='word_1_346' title='bbox 1765 4339 1957 4399; x_wconf 89' lang='lat' dir='ltr'><strong>animis</strong></span> 
     </span>
    </p>
   </div>
   <div class='ocr_carea' id='block_1_48' title="bbox 369 4395 1954 4488">
    <p class='ocr_par' dir='ltr' id='par_1_48' title="bbox 369 4395 1954 4488">
     <span class='ocr_line' id='line_1_49' title="bbox 369 4395 1954 4488; baseline 0.024 -41"><span class='ocrx_word' id='word_1_347' title='bbox 369 4395 474 4447; x_wconf 85' lang='lat' dir='ltr'><strong>hoc</strong></span> <span class='ocrx_word' id='word_1_348' title='bbox 498 4408 595 4449; x_wconf 92' lang='lat' dir='ltr'><strong>usu</strong></span> <span class='ocrx_word' id='word_1_349' title='bbox 626 4398 788 4464; x_wconf 83' lang='lat' dir='ltr'><strong>venit,</strong></span> <span class='ocrx_word' id='word_1_350' title='bbox 843 4409 900 4455; x_wconf 90' lang='lat' dir='ltr'><strong>ut</strong></span> <span class='ocrx_word' id='word_1_351' title='bbox 926 4405 1017 4469; x_wconf 90' lang='lat' dir='ltr'><strong>qui</strong></span> <span class='ocrx_word' id='word_1_352' title='bbox 1066 4408 1285 4464; x_wconf 91' lang='lat' dir='ltr'><strong>minima</strong></span> <span class='ocrx_word' id='word_1_353' title='bbox 1314 4415 1438 4468; x_wconf 92' lang='lat' dir='ltr'><strong>vitia</strong></span> <span class='ocrx_word' id='word_1_354' title='bbox 1467 4431 1530 4472; x_wconf 91' lang='lat' dir='ltr'><strong>ac</strong></span> <span class='ocrx_word' id='word_1_355' title='bbox 1558 4433 1775 4488; x_wconf 89' lang='lat' dir='ltr'><strong>peccata</strong></span> <span class='ocrx_word' id='word_1_356' title='bbox 1801 4430 1954 4484; x_wconf 85' lang='lat' dir='ltr'><strong>nihili</strong></span> 
     </span>
    </p>
   </div>
   <div class='ocr_carea' id='block_1_49' title="bbox 372 4483 2033 4587">
    <p class='ocr_par' dir='ltr' id='par_1_49' title="bbox 372 4483 2033 4587">
     <span class='ocr_line' id='line_1_50' title="bbox 372 4483 2033 4587; baseline 0.024 -52"><span class='ocrx_word' id='word_1_357' title='bbox 372 4483 633 4551; x_wconf 88' lang='lat' dir='ltr'><strong>pendunt,</strong></span> <span class='ocrx_word' id='word_1_358' title='bbox 662 4502 902 4555; x_wconf 83' lang='lat' dir='ltr'><strong>graviora</strong></span> <span class='ocrx_word' id='word_1_359' title='bbox 924 4494 1024 4549; x_wconf 80' lang='lat' dir='ltr'><strong>srhi</strong></span> <span class='ocrx_word' id='word_1_360' title='bbox 1048 4495 1317 4555; x_wconf 89' lang='lat' dir='ltr'><strong>invehant.</strong></span> <span class='ocrx_word' id='word_1_361' title='bbox 1343 4483 1614 4570; x_wconf 77' lang='lat' dir='ltr'><strong>Quatenus</strong></span> <span class='ocrx_word' id='word_1_362' title='bbox 1634 4523 1811 4569; x_wconf 88' lang='lat' dir='ltr'><strong>autem</strong></span> <span class='ocrx_word' id='word_1_363' title='bbox 1832 4532 1953 4587; x_wconf 81' lang='lat' dir='ltr'><strong>gra-</strong></span> <span class='ocrx_word' id='word_1_364' title='bbox 1980 4513 2033 4573; x_wconf 92' lang='lat' dir='ltr'><strong>D</strong></span> 
     </span>
    </p>
   </div>
   <div class='ocr_carea' id='block_1_50' title="bbox 368 4573 1947 4665">
    <p class='ocr_par' dir='ltr' id='par_1_50' title="bbox 368 4573 1947 4665">
     <span class='ocr_line' id='line_1_51' title="bbox 368 4573 1947 4665; baseline 0.027 -41"><span class='ocrx_word' id='word_1_365' title='bbox 368 4573 518 4626; x_wconf 85' lang='lat' dir='ltr'><strong>viora</strong></span> <span class='ocrx_word' id='word_1_366' title='bbox 569 4588 791 4644; x_wconf 88' lang='lat' dir='ltr'><strong>peccata</strong></span> <span class='ocrx_word' id='word_1_367' title='bbox 843 4584 974 4650; x_wconf 89' lang='lat' dir='ltr'><strong>ipsis</strong></span> <span class='ocrx_word' id='word_1_368' title='bbox 1025 4586 1358 4658; x_wconf 90' lang='lat' dir='ltr'><strong>oboriuntur,</strong></span> <span class='ocrx_word' id='word_1_369' title='bbox 1407 4608 1681 4656; x_wconf 91' lang='lat' dir='ltr'><strong>contracto</strong></span> <span class='ocrx_word' id='word_1_370' title='bbox 1732 4609 1947 4665; x_wconf 87' lang='lat' dir='ltr'><strong>tandem</strong></span> 
     </span>
    </p>
   </div>
   <div class='ocr_carea' id='block_1_51' title="bbox 367 4664 1947 4760">
    <p class='ocr_par' dir='ltr' id='par_1_51' title="bbox 367 4664 1947 4760">
     <span class='ocr_line' id='line_1_52' title="bbox 367 4664 1947 4760; baseline 0.027 -45"><span class='ocrx_word' id='word_1_371' title='bbox 367 4664 551 4719; x_wconf 87' lang='lat' dir='ltr'><strong>habitu</strong></span> <span class='ocrx_word' id='word_1_372' title='bbox 582 4669 757 4722; x_wconf 90' lang='lat' dir='ltr'><strong>anima</strong></span> <span class='ocrx_word' id='word_1_373' title='bbox 784 4671 836 4725; x_wconf 92' lang='lat' dir='ltr'><strong>in</strong></span> <span class='ocrx_word' id='word_1_374' title='bbox 863 4685 1224 4747; x_wconf 89' lang='lat' dir='ltr'><strong>contemptum</strong></span> <span class='ocrx_word' id='word_1_375' title='bbox 1255 4686 1417 4740; x_wconf 87' lang='lat' dir='ltr'><strong>cadit.</strong></span> <span class='ocrx_word' id='word_1_376' title='bbox 1450 4688 1648 4749; x_wconf 85' lang='lat' dir='ltr'><strong>lmoius</strong></span> <span class='ocrx_word' id='word_1_377' title='bbox 1679 4699 1842 4760; x_wconf 91' lang='lat' dir='ltr'><strong>enim.</strong></span> <span class='ocrx_word' id='word_1_378' title='bbox 1872 4702 1947 4757; x_wconf 89' lang='lat' dir='ltr'><strong>iu-</strong></span> 
     </span>
    </p>
   </div>
   <div class='ocr_carea' id='block_1_52' title="bbox 363 4757 1944 4860">
    <p class='ocr_par' dir='ltr' id='par_1_52' title="bbox 363 4757 1944 4860">
     <span class='ocr_line' id='line_1_53' title="bbox 363 4757 1944 4860; baseline 0.027 -54"><span class='ocrx_word' id='word_1_379' title='bbox 363 4757 478 4822; x_wconf 89' lang='lat' dir='ltr'><strong>quit</strong></span> <span class='ocrx_word' id='word_1_380' title='bbox 504 4757 616 4827; x_wconf 93' lang='lat' dir='ltr'><strong>ille,</strong></span> <span class='ocrx_word' id='word_1_381' title='bbox 648 4774 770 4814; x_wconf 88' lang='lat' dir='ltr'><strong>eum</strong></span> <span class='ocrx_word' id='word_1_382' title='bbox 796 4762 847 4816; x_wconf 93' lang='lat' dir='ltr'><strong>in</strong></span> <span class='ocrx_word' id='word_1_383' title='bbox 871 4766 1187 4833; x_wconf 89' lang='lat' dir='ltr'><strong>profundum</strong></span> <span class='ocrx_word' id='word_1_384' title='bbox 1213 4779 1436 4845; x_wconf 88' lang='lat' dir='ltr'><strong>venerit,</strong></span> <span class='ocrx_word' id='word_1_385' title='bbox 1460 4790 1755 4844; x_wconf 89' lang='lat' dir='ltr'><strong>contemnit</strong></span> <span class='ocrx_word' id='word_1_386' title='bbox 1781 4790 1944 4860; x_wconf 82' lang='lat' dir='ltr'><strong>(Pro-</strong></span> 
     </span>
    </p>
   </div>
   <div class='ocr_carea' id='block_1_53' title="bbox 360 4852 1946 4962">
    <p class='ocr_par' dir='ltr' id='par_1_53' title="bbox 360 4852 1946 4962">
     <span class='ocr_line' id='line_1_54' title="bbox 360 4852 1946 4962; baseline 0.008 -64"><span class='ocrx_word' id='word_1_387' title='bbox 360 4852 494 4900; x_wconf 70' lang='grc' dir='ltr'><em>τετὸ.</em></span> <span class='ocrx_word' id='word_1_388' title='bbox 552 4854 688 4903; x_wconf 72' lang='lat' dir='ltr'><strong>rm).</strong></span> <span class='ocrx_word' id='word_1_389' title='bbox 740 4855 818 4907; x_wconf 79' lang='lat' dir='ltr'><strong>Ac</strong></span> <span class='ocrx_word' id='word_1_390' title='bbox 866 4855 1149 4928; x_wconf 83' lang='lat' dir='ltr'><strong>deinceps,</strong></span> <span class='ocrx_word' id='word_1_391' title='bbox 1202 4873 1260 4919; x_wconf 90' lang='lat' dir='ltr'><strong>ut</strong></span> <span class='ocrx_word' id='word_1_392' title='bbox 1304 4883 1395 4923; x_wconf 87' lang='lat' dir='ltr'><strong>sus</strong></span> <span class='ocrx_word' id='word_1_393' title='bbox 1441 4871 1495 4925; x_wconf 82' lang='lat' dir='ltr'><strong>iit</strong></span> <span class='ocrx_word' id='word_1_394' title='bbox 1533 4889 1689 4933; x_wconf 69' lang='lat' dir='ltr'><strong>caeno</strong></span> <span class='ocrx_word' id='word_1_395' title='bbox 1718 4882 1946 4962; x_wconf 57' lang='lat' dir='ltr'><strong>vojnjari</strong></span> 
     </span>
     <span class='ocr_line' id='line_1_55' title="bbox 361 4940 1342 4962; baseline 0 0"><span class='ocrx_word' id='word_1_396' title='bbox 361 4940 493 4962; x_wconf 61' lang='lat' dir='ltr'><strong>“An...</strong></span> <span class='ocrx_word' id='word_1_397' title='bbox 535 4949 547 4962; x_wconf 75' lang='grc' dir='ltr'>ι</span> <span class='ocrx_word' id='word_1_398' title='bbox 584 4941 669 4962; x_wconf 70' lang='lat' dir='ltr'><strong>Ill</strong></span> <span class='ocrx_word' id='word_1_399' title='bbox 708 4943 746 4962; x_wconf 70' lang='grc' dir='ltr'><strong>τι</strong></span> <span class='ocrx_word' id='word_1_400' title='bbox 784 4956 794 4962; x_wconf 90' lang='grc'>.</span> <span class='ocrx_word' id='word_1_401' title='bbox 892 4947 905 4962; x_wconf 89' lang='lat'><strong><em>\</em></strong></span> <span class='ocrx_word' id='word_1_402' title='bbox 995 4950 1007 4962; x_wconf 68' lang='grc' dir='ltr'><strong>ο</strong></span> <span class='ocrx_word' id='word_1_403' title='bbox 1128 4955 1139 4962; x_wconf 87' lang='grc'><strong>.</strong></span> <span class='ocrx_word' id='word_1_404' title='bbox 1338 4961 1342 4962; x_wconf 65' lang='lat'><strong><em>,</em></strong></span> 
     </span>
    </p>
   </div>
   <div class='ocr_carea' id='block_1_54' title="bbox 358 4940 1941 5038">
    <p class='ocr_par' dir='ltr' id='par_1_54' title="bbox 358 4940 1941 5038">
     <span class='ocr_line' id='line_1_56' title="bbox 358 4940 1941 5038; baseline 0.028 -50"><span class='ocrx_word' id='word_1_405' title='bbox 358 4940 553 5005; x_wconf 69' lang='lat' dir='ltr'><strong>gaudet</strong></span> <span class='ocrx_word' id='word_1_406' title='bbox 581 4941 669 5013; x_wconf 87' lang='lat' dir='ltr'><strong>(II</strong></span> <span class='ocrx_word' id='word_1_407' title='bbox 698 4943 815 4999; x_wconf 82' lang='lat' dir='ltr'><strong>Pet.</strong></span> <span class='ocrx_word' id='word_1_408' title='bbox 848 4947 931 5019; x_wconf 87' lang='lat' dir='ltr'><strong>tt),</strong></span> <span class='ocrx_word' id='word_1_409' title='bbox 964 4950 1042 5005; x_wconf 93' lang='lat' dir='ltr'><strong>sic</strong></span> <span class='ocrx_word' id='word_1_410' title='bbox 1070 4955 1230 5010; x_wconf 79' lang='lat' dir='ltr'><strong>etiam</strong></span> <span class='ocrx_word' id='word_1_411' title='bbox 1262 4961 1436 5016; x_wconf 91' lang='lat' dir='ltr'><strong>anima</strong></span> <span class='ocrx_word' id='word_1_412' title='bbox 1464 4964 1555 5021; x_wconf 91' lang='lat' dir='ltr'><strong>illa</strong></span> <span class='ocrx_word' id='word_1_413' title='bbox 1600 4940 1941 5038; x_wconf 55' lang='lat' dir='ltr'><strong>pravae.con-</strong></span> 
     </span>
    </p>
   </div>
   <div class='ocr_carea' id='block_1_55' title="bbox 358 5032 1937 5127">
    <p class='ocr_par' dir='ltr' id='par_1_55' title="bbox 358 5032 1937 5127">
     <span class='ocr_line' id='line_1_57' title="bbox 358 5032 1937 5127; baseline 0.028 -46"><span class='ocrx_word' id='word_1_414' title='bbox 358 5032 621 5086; x_wconf 89' lang='lat' dir='ltr'><strong>suetudmi</strong></span> <span class='ocrx_word' id='word_1_415' title='bbox 671 5036 941 5107; x_wconf 90' lang='lat' dir='ltr'><strong>immersa,</strong></span> <span class='ocrx_word' id='word_1_416' title='bbox 984 5060 1051 5100; x_wconf 90' lang='lat' dir='ltr'><strong>ne</strong></span> <span class='ocrx_word' id='word_1_417' title='bbox 1081 5060 1421 5115; x_wconf 89' lang='lat' dir='ltr'><strong>peccatorum</strong></span> <span class='ocrx_word' id='word_1_418' title='bbox 1451 5059 1666 5127; x_wconf 89' lang='lat' dir='ltr'><strong>quidem</strong></span> <span class='ocrx_word' id='word_1_419' title='bbox 1716 5066 1937 5127; x_wconf 79' lang='lat' dir='ltr'><strong>fetorem</strong></span> 
     </span>
    </p>
   </div>
   <div class='ocr_carea' id='block_1_56' title="bbox 2133 514 3732 612">
    <p class='ocr_par' dir='ltr' id='par_1_56' title="bbox 2133 514 3732 612">
     <span class='ocr_line' id='line_1_58' title="bbox 2133 514 3732 612; baseline 0.024 -50"><span class='ocrx_word' id='word_1_420' title='bbox 2133 514 2417 570; x_wconf 84' lang='lat' dir='ltr'><strong>virtutibus</strong></span> <span class='ocrx_word' id='word_1_421' title='bbox 2445 533 2716 587; x_wconf 86' lang='lat' dir='ltr'><strong>assuesce,</strong></span> <span class='ocrx_word' id='word_1_422' title='bbox 2749 538 2947 594; x_wconf 87' lang='lat' dir='ltr'><strong>easque</strong></span> <span class='ocrx_word' id='word_1_423' title='bbox 2978 529 3048 584; x_wconf 90' lang='lat' dir='ltr'><strong>ita</strong></span> <span class='ocrx_word' id='word_1_424' title='bbox 3078 532 3197 588; x_wconf 87' lang='lat' dir='ltr'><strong>cole</strong></span> <span class='ocrx_word' id='word_1_425' title='bbox 3235 544 3395 603; x_wconf 87' lang='lat' dir='ltr'><strong>atque</strong></span> <span class='ocrx_word' id='word_1_426' title='bbox 3423 552 3640 612; x_wconf 77' lang='lat' dir='ltr'><strong>exerce,</strong></span> <span class='ocrx_word' id='word_1_427' title='bbox 3668 554 3732 600; x_wconf 86' lang='lat' dir='ltr'><strong>ut</strong></span> 
     </span>
    </p>
   </div>
   <div class='ocr_carea' id='block_1_57' title="bbox 2132 607 3733 698">
    <p class='ocr_par' dir='ltr' id='par_1_57' title="bbox 2132 607 3733 698">
     <span class='ocr_line' id='line_1_59' title="bbox 2132 607 3733 698; baseline 0.022 -42"><span class='ocrx_word' id='word_1_428' title='bbox 2132 617 2314 659; x_wconf 89' lang='lat' dir='ltr'><strong>earum</strong></span> <span class='ocrx_word' id='word_1_429' title='bbox 2346 607 2558 664; x_wconf 90' lang='lat' dir='ltr'><strong>habitus</strong></span> <span class='ocrx_word' id='word_1_430' title='bbox 2586 612 2684 669; x_wconf 88' lang='lat' dir='ltr'><strong>tibi</strong></span> <span class='ocrx_word' id='word_1_431' title='bbox 2712 628 3072 689; x_wconf 90' lang='lat' dir='ltr'><strong>comparetur.</strong></span> <span class='ocrx_word' id='word_1_432' title='bbox 3104 623 3236 680; x_wconf 87' lang='lat' dir='ltr'><strong>Nam</strong></span> <span class='ocrx_word' id='word_1_433' title='bbox 3259 628 3302 682; x_wconf 89' lang='lat' dir='ltr'><strong>si</strong></span> <span class='ocrx_word' id='word_1_434' title='bbox 3334 631 3545 698; x_wconf 88' lang='lat' dir='ltr'><strong>paulum</strong></span> <span class='ocrx_word' id='word_1_435' title='bbox 3570 636 3733 691; x_wconf 87' lang='lat' dir='ltr'><strong>labo-</strong></span> 
     </span>
    </p>
   </div>
   <div class='ocr_carea' id='block_1_58' title="bbox 2130 694 3727 785">
    <p class='ocr_par' dir='ltr' id='par_1_58' title="bbox 2130 694 3727 785">
     <span class='ocr_line' id='line_1_60' title="bbox 2130 694 3727 785; baseline 0.025 -39"><span class='ocrx_word' id='word_1_436' title='bbox 2130 694 2206 748; x_wconf 75' lang='lat' dir='ltr'><strong>ris</strong></span> <span class='ocrx_word' id='word_1_437' title='bbox 2235 697 2287 751; x_wconf 91' lang='lat' dir='ltr'><strong>in</strong></span> <span class='ocrx_word' id='word_1_438' title='bbox 2318 697 2447 767; x_wconf 92' lang='lat' dir='ltr'><strong>ipsis</strong></span> <span class='ocrx_word' id='word_1_439' title='bbox 2477 709 2803 775; x_wconf 68' lang='lat' dir='ltr'><strong>susceperis,</strong></span> <span class='ocrx_word' id='word_1_440' title='bbox 2857 721 3016 783; x_wconf 91' lang='lat' dir='ltr'><strong>atque</strong></span> <span class='ocrx_word' id='word_1_441' title='bbox 3066 731 3247 772; x_wconf 92' lang='lat' dir='ltr'><strong>earum</strong></span> <span class='ocrx_word' id='word_1_442' title='bbox 3305 721 3543 781; x_wconf 90' lang='lat' dir='ltr'><strong>halitum</strong></span> <span class='ocrx_word' id='word_1_443' title='bbox 3592 744 3727 785; x_wconf 81' lang='lat' dir='ltr'><strong>cnn-</strong></span> 
     </span>
    </p>
   </div>
   <div class='ocr_carea' id='block_1_59' title="bbox 2128 790 3723 876">
    <p class='ocr_par' dir='ltr' id='par_1_59' title="bbox 2128 790 3723 876">
     <span class='ocr_line' id='line_1_61' title="bbox 2128 790 3723 876; baseline 0.023 -38"><span class='ocrx_word' id='word_1_444' title='bbox 2128 790 2375 856; x_wconf 83' lang='lat' dir='ltr'><strong>traxeris,</strong></span> <span class='ocrx_word' id='word_1_445' title='bbox 2405 802 2610 862; x_wconf 90' lang='lat' dir='ltr'><strong>postea,</strong></span> <span class='ocrx_word' id='word_1_446' title='bbox 2654 798 2766 854; x_wconf 91' lang='lat' dir='ltr'><strong>Deo</strong></span> <span class='ocrx_word' id='word_1_447' title='bbox 2801 801 3042 874; x_wconf 85' lang='lat' dir='ltr'><strong>juvante,</strong></span> <span class='ocrx_word' id='word_1_448' title='bbox 3089 809 3220 864; x_wconf 87' lang='lat' dir='ltr'><strong>citra</strong></span> <span class='ocrx_word' id='word_1_449' title='bbox 3261 811 3499 871; x_wconf 89' lang='lat' dir='ltr'><strong>laborem</strong></span> <span class='ocrx_word' id='word_1_450' title='bbox 3552 821 3723 876; x_wconf 89' lang='lat' dir='ltr'><strong>ullum</strong></span> 
     </span>
    </p>
   </div>
   <div class='ocr_carea' id='block_1_60' title="bbox 2127 880 3722 978">
    <p class='ocr_par' dir='ltr' id='par_1_60' title="bbox 2127 880 3722 978">
     <span class='ocr_line' id='line_1_62' title="bbox 2127 880 3722 978; baseline 0.021 -42"><span class='ocrx_word' id='word_1_451' title='bbox 2127 880 2396 947; x_wconf 77' lang='lat' dir='ltr'><strong>proficies.</strong></span> <span class='ocrx_word' id='word_1_452' title='bbox 2447 885 2718 955; x_wconf 89' lang='lat' dir='ltr'><strong>Siquidem</strong></span> <span class='ocrx_word' id='word_1_453' title='bbox 2761 894 2974 952; x_wconf 87' lang='lat' dir='ltr'><strong>virtutis</strong></span> <span class='ocrx_word' id='word_1_454' title='bbox 3017 897 3226 957; x_wconf 87' lang='lat' dir='ltr'><strong>habitus</strong></span> <span class='ocrx_word' id='word_1_455' title='bbox 3269 905 3463 962; x_wconf 64' lang='lat' dir='ltr'><strong>animae</strong></span> <span class='ocrx_word' id='word_1_456' title='bbox 3503 909 3722 978; x_wconf 72' lang='lat' dir='ltr'><strong>imitus,</strong></span> 
     </span>
    </p>
   </div>
   <div class='ocr_carea' id='block_1_61' title="bbox 2126 977 3722 1072">
    <p class='ocr_par' dir='ltr' id='par_1_61' title="bbox 2126 977 3722 1072">
     <span class='ocr_line' id='line_1_63' title="bbox 2126 977 3722 1072; baseline 0.024 -50"><span class='ocrx_word' id='word_1_457' title='bbox 2126 979 2309 1039; x_wconf 78' lang='lat' dir='ltr'><strong>utpote</strong></span> <span class='ocrx_word' id='word_1_458' title='bbox 2332 977 2628 1034; x_wconf 88' lang='lat' dir='ltr'><strong>naturalem</strong></span> <span class='ocrx_word' id='word_1_459' title='bbox 2651 996 2771 1037; x_wconf 92' lang='lat' dir='ltr'><strong>cum</strong></span> <span class='ocrx_word' id='word_1_460' title='bbox 2789 1000 2850 1041; x_wconf 90' lang='lat' dir='ltr'><strong>ea</strong></span> <span class='ocrx_word' id='word_1_461' title='bbox 2875 993 3242 1058; x_wconf 86' lang='lat' dir='ltr'><strong>cognationem</strong></span> <span class='ocrx_word' id='word_1_462' title='bbox 3268 995 3493 1066; x_wconf 87' lang='lat' dir='ltr'><strong>habens,</strong></span> <span class='ocrx_word' id='word_1_463' title='bbox 3515 1000 3722 1072; x_wconf 80' lang='lat' dir='ltr'><strong>Deique</strong></span> 
     </span>
    </p>
   </div>
   <div class='ocr_carea' id='block_1_62' title="bbox 2122 1065 3706 1166">
    <p class='ocr_par' dir='ltr' id='par_1_62' title="bbox 2122 1065 3706 1166">
     <span class='ocr_line' id='line_1_64' title="bbox 2122 1065 3706 1166; baseline 0.024 -52"><span class='ocrx_word' id='word_1_464' title='bbox 2122 1075 2223 1131; x_wconf 90' lang='lat' dir='ltr'><strong>ope</strong></span> <span class='ocrx_word' id='word_1_465' title='bbox 2250 1065 2482 1135; x_wconf 88' lang='lat' dir='ltr'><strong>adjutus,</strong></span> <span class='ocrx_word' id='word_1_466' title='bbox 2514 1070 2597 1124; x_wconf 85' lang='lat' dir='ltr'><strong>vix</strong></span> <span class='ocrx_word' id='word_1_467' title='bbox 2626 1078 2843 1132; x_wconf 92' lang='lat' dir='ltr'><strong>omnino</strong></span> <span class='ocrx_word' id='word_1_468' title='bbox 2884 1085 3229 1142; x_wconf 67' lang='lat' dir='ltr'><strong>mutationem</strong></span> <span class='ocrx_word' id='word_1_469' title='bbox 3283 1091 3444 1146; x_wconf 71' lang='lat' dir='ltr'><strong>ullam</strong></span> <span class='ocrx_word' id='word_1_470' title='bbox 3491 1095 3706 1166; x_wconf 85' lang='lat' dir='ltr'><strong>recipit,</strong></span> 
     </span>
    </p>
   </div>
   <div class='ocr_carea' id='block_1_63' title="bbox 2121 1157 3715 1245">
    <p class='ocr_par' dir='ltr' id='par_1_63' title="bbox 2121 1157 3715 1245">
     <span class='ocr_line' id='line_1_65' title="bbox 2121 1157 3715 1245; baseline 0.023 -39"><span class='ocrx_word' id='word_1_471' title='bbox 2121 1164 2280 1223; x_wconf 88' lang='lat' dir='ltr'><strong>atque</strong></span> <span class='ocrx_word' id='word_1_472' title='bbox 2310 1157 2363 1213; x_wconf 92' lang='lat' dir='ltr'><strong>in</strong></span> <span class='ocrx_word' id='word_1_473' title='bbox 2388 1162 2576 1229; x_wconf 93' lang='lat' dir='ltr'><strong>primis</strong></span> <span class='ocrx_word' id='word_1_474' title='bbox 2608 1166 2790 1224; x_wconf 89' lang='lat' dir='ltr'><strong>firmus</strong></span> <span class='ocrx_word' id='word_1_475' title='bbox 2816 1182 2917 1241; x_wconf 89' lang='lat' dir='ltr'><strong>est,</strong></span> <span class='ocrx_word' id='word_1_476' title='bbox 2947 1180 3396 1244; x_wconf 87' lang='lat' dir='ltr'><strong>quemadmodum</strong></span> <span class='ocrx_word' id='word_1_477' title='bbox 3422 1188 3568 1244; x_wconf 85' lang='lat' dir='ltr'><strong>vides</strong></span> <span class='ocrx_word' id='word_1_478' title='bbox 3598 1188 3715 1245; x_wconf 76' lang='lat' dir='ltr'><strong>for-</strong></span> 
     </span>
    </p>
   </div>
   <div class='ocr_carea' id='block_1_64' title="bbox 2122 1243 3714 1344">
    <p class='ocr_par' dir='ltr' id='par_1_64' title="bbox 2122 1243 3714 1344">
     <span class='ocr_line' id='line_1_66' title="bbox 2122 1243 3714 1344; baseline 0.026 -50"><span class='ocrx_word' id='word_1_479' title='bbox 2122 1243 2401 1303; x_wconf 87' lang='lat' dir='ltr'><strong>titudinem</strong></span> <span class='ocrx_word' id='word_1_480' title='bbox 2432 1261 2487 1306; x_wconf 91' lang='lat' dir='ltr'><strong>et</strong></span> <span class='ocrx_word' id='word_1_481' title='bbox 2518 1256 2877 1326; x_wconf 89' lang='lat' dir='ltr'><strong>prudentiam,</strong></span> <span class='ocrx_word' id='word_1_482' title='bbox 2918 1271 3430 1344; x_wconf 86' lang='lat' dir='ltr'><strong>temperantiamque</strong></span> <span class='ocrx_word' id='word_1_483' title='bbox 3476 1277 3600 1333; x_wconf 87' lang='lat' dir='ltr'><strong>item</strong></span> <span class='ocrx_word' id='word_1_484' title='bbox 3649 1295 3714 1336; x_wconf 84' lang='lat' dir='ltr'><strong>ac</strong></span> 
     </span>
    </p>
   </div>
   <div class='ocr_carea' id='block_1_65' title="bbox 2115 1331 3706 1438">
    <p class='ocr_par' dir='ltr' id='par_1_65' title="bbox 2115 1331 3706 1438">
     <span class='ocr_line' id='line_1_67' title="bbox 2115 1331 3706 1438; baseline 0.025 -52"><span class='ocrx_word' id='word_1_485' title='bbox 2115 1331 2404 1407; x_wconf 86' lang='lat' dir='ltr'><strong>justitiam,</strong></span> <span class='ocrx_word' id='word_1_486' title='bbox 2453 1344 2538 1398; x_wconf 82' lang='lat' dir='ltr'><strong>vix</strong></span> <span class='ocrx_word' id='word_1_487' title='bbox 2569 1348 2788 1403; x_wconf 88' lang='lat' dir='ltr'><strong>omnino</strong></span> <span class='ocrx_word' id='word_1_488' title='bbox 2812 1355 3159 1413; x_wconf 90' lang='lat' dir='ltr'><strong>mutationem</strong></span> <span class='ocrx_word' id='word_1_489' title='bbox 3192 1361 3353 1417; x_wconf 90' lang='lat' dir='ltr'><strong>ullam</strong></span> <span class='ocrx_word' id='word_1_490' title='bbox 3400 1366 3706 1438; x_wconf 86' lang='lat' dir='ltr'><strong>admittere,</strong></span> 
     </span>
    </p>
   </div>
   <div class='ocr_carea' id='block_1_66' title="bbox 2116 1436 3710 1531">
    <p class='ocr_par' dir='ltr' id='par_1_66' title="bbox 2116 1436 3710 1531">
     <span class='ocr_line' id='line_1_68' title="bbox 2116 1436 3710 1531; baseline 0.027 -55"><span class='ocrx_word' id='word_1_491' title='bbox 2116 1436 2399 1496; x_wconf 85' lang='lat' dir='ltr'><strong>propterea</strong></span> <span class='ocrx_word' id='word_1_492' title='bbox 2431 1436 2571 1502; x_wconf 91' lang='lat' dir='ltr'><strong>quod</strong></span> <span class='ocrx_word' id='word_1_493' title='bbox 2603 1440 2796 1495; x_wconf 88' lang='lat' dir='ltr'><strong>animae</strong></span> <span class='ocrx_word' id='word_1_494' title='bbox 2838 1443 3047 1501; x_wconf 91' lang='lat' dir='ltr'><strong>habitus</strong></span> <span class='ocrx_word' id='word_1_495' title='bbox 3086 1460 3138 1504; x_wconf 92' lang='lat' dir='ltr'><strong>et</strong></span> <span class='ocrx_word' id='word_1_496' title='bbox 3166 1454 3452 1521; x_wconf 83' lang='lat' dir='ltr'><strong>qualitates</strong></span> <span class='ocrx_word' id='word_1_497' title='bbox 3497 1468 3547 1514; x_wconf 89' lang='lat' dir='ltr'><strong>et</strong></span> <span class='ocrx_word' id='word_1_498' title='bbox 3578 1436 3710 1531; x_wconf 41' lang='lat' dir='ltr'><strong>ope;</strong></span> 
     </span>
    </p>
   </div>
   <div class='ocr_carea' id='block_1_67' title="bbox 2116 1518 3705 1613">
    <p class='ocr_par' dir='ltr' id='par_1_67' title="bbox 2116 1518 3705 1613">
     <span class='ocr_line' id='line_1_69' title="bbox 2116 1518 3705 1613; baseline 0.026 -44"><span class='ocrx_word' id='word_1_499' title='bbox 2116 1518 2352 1576; x_wconf 85' lang='lat' dir='ltr'><strong>rationes</strong></span> <span class='ocrx_word' id='word_1_500' title='bbox 2397 1524 2524 1593; x_wconf 90' lang='lat' dir='ltr'><strong>sint,</strong></span> <span class='ocrx_word' id='word_1_501' title='bbox 2576 1533 2693 1584; x_wconf 88' lang='lat' dir='ltr'><strong>eam</strong></span> <span class='ocrx_word' id='word_1_502' title='bbox 2744 1534 2957 1602; x_wconf 89' lang='lat' dir='ltr'><strong>penitus</strong></span> <span class='ocrx_word' id='word_1_503' title='bbox 2998 1551 3360 1607; x_wconf 85' lang='lat' dir='ltr'><strong>penetrantes.</strong></span> <span class='ocrx_word' id='word_1_504' title='bbox 3412 1548 3542 1606; x_wconf 85' lang='lat' dir='ltr'><strong>Nam</strong></span> <span class='ocrx_word' id='word_1_505' title='bbox 3583 1571 3705 1613; x_wconf 72' lang='lat' dir='ltr'><strong>tum</strong></span> 
     </span>
    </p>
   </div>
   <div class='ocr_carea' id='block_1_68' title="bbox 2113 1609 3703 1707">
    <p class='ocr_par' dir='ltr' id='par_1_68' title="bbox 2113 1609 3703 1707">
     <span class='ocr_line' id='line_1_70' title="bbox 2113 1609 3703 1707; baseline 0.026 -46"><span class='ocrx_word' id='word_1_506' title='bbox 2113 1609 2226 1663; x_wconf 91' lang='lat' dir='ltr'><strong>vitii</strong></span> <span class='ocrx_word' id='word_1_507' title='bbox 2253 1612 2583 1685; x_wconf 79' lang='lat' dir='ltr'><strong>affectiones,</strong></span> <span class='ocrx_word' id='word_1_508' title='bbox 2613 1636 2731 1691; x_wconf 80' lang='lat' dir='ltr'><strong>qua:</strong></span> <span class='ocrx_word' id='word_1_509' title='bbox 2759 1627 2913 1681; x_wconf 91' lang='lat' dir='ltr'><strong>nobis</strong></span> <span class='ocrx_word' id='word_1_510' title='bbox 2932 1644 3036 1684; x_wconf 93' lang='lat' dir='ltr'><strong>non</strong></span> <span class='ocrx_word' id='word_1_511' title='bbox 3063 1635 3352 1707; x_wconf 90' lang='lat' dir='ltr'><strong>naturales,</strong></span> <span class='ocrx_word' id='word_1_512' title='bbox 3381 1641 3477 1696; x_wconf 88' lang='lat' dir='ltr'><strong>sed</strong></span> <span class='ocrx_word' id='word_1_513' title='bbox 3504 1644 3703 1701; x_wconf 85' lang='lat' dir='ltr'><strong>adven-</strong></span> 
     </span>
    </p>
   </div>
   <div class='ocr_carea' id='block_1_69' title="bbox 2112 1700 3697 1802">
    <p class='ocr_par' dir='ltr' id='par_1_69' title="bbox 2112 1700 3697 1802">
     <span class='ocr_line' id='line_1_71' title="bbox 2112 1700 3697 1802; baseline 0.026 -51"><span class='ocrx_word' id='word_1_514' title='bbox 2112 1700 2242 1755; x_wconf 86' lang='lat' dir='ltr'><strong>litiae</strong></span> <span class='ocrx_word' id='word_1_515' title='bbox 2270 1715 2417 1772; x_wconf 91' lang='lat' dir='ltr'><strong>sunt,</strong></span> <span class='ocrx_word' id='word_1_516' title='bbox 2460 1718 2803 1782; x_wconf 87' lang='lat' dir='ltr'><strong>posteaquam</strong></span> <span class='ocrx_word' id='word_1_517' title='bbox 2834 1717 2902 1772; x_wconf 88' lang='lat' dir='ltr'><strong>ad</strong></span> <span class='ocrx_word' id='word_1_518' title='bbox 2936 1718 3171 1778; x_wconf 89' lang='lat' dir='ltr'><strong>habitum</strong></span> <span class='ocrx_word' id='word_1_519' title='bbox 3202 1736 3556 1802; x_wconf 83' lang='lat' dir='ltr'><strong>pervenerint,</strong></span> <span class='ocrx_word' id='word_1_520' title='bbox 3604 1740 3697 1793; x_wconf 80' lang='lat' dir='ltr'><strong>vix</strong></span> 
     </span>
    </p>
   </div>
   <div class='ocr_carea' id='block_1_70' title="bbox 2377 1797 3693 1897">
    <p class='ocr_par' dir='ltr' id='par_1_70' title="bbox 2377 1797 3693 1897">
     <span class='ocr_line' id='line_1_72' title="bbox 2377 1797 3693 1897; baseline 0.025 -46"><span class='ocrx_word' id='word_1_521' title='bbox 2377 1797 2638 1857; x_wconf 85' lang='lat' dir='ltr'><strong>dimoveri</strong></span> <span class='ocrx_word' id='word_1_522' title='bbox 2687 1808 2916 1875; x_wconf 91' lang='lat' dir='ltr'><strong>possint,</strong></span> <span class='ocrx_word' id='word_1_523' title='bbox 2972 1813 3099 1880; x_wconf 90' lang='lat' dir='ltr'><strong>quid</strong></span> <span class='ocrx_word' id='word_1_524' title='bbox 3134 1816 3312 1872; x_wconf 81' lang='lat' dir='ltr'><strong>afferri</strong></span> <span class='ocrx_word' id='word_1_525' title='bbox 3335 1797 3693 1897; x_wconf 43' lang='lat' dir='ltr'><strong>potest,an</strong></span> 
     </span>
    </p>
   </div>
   <div class='ocr_carea' id='block_1_71' title="bbox 2109 1884 3686 1984">
    <p class='ocr_par' dir='ltr' id='par_1_71' title="bbox 2109 1884 3686 1984">
     <span class='ocr_line' id='line_1_73' title="bbox 2109 1884 3686 1984; baseline 0.025 -48"><span class='ocrx_word' id='word_1_526' title='bbox 2109 1884 2301 1954; x_wconf 89' lang='lat' dir='ltr'><strong>virtus,</strong></span> <span class='ocrx_word' id='word_1_527' title='bbox 2338 1904 2457 1957; x_wconf 70' lang='lat' dir='ltr'><strong>quae</strong></span> <span class='ocrx_word' id='word_1_528' title='bbox 2486 1900 2540 1946; x_wconf 90' lang='lat' dir='ltr'><strong>et</strong></span> <span class='ocrx_word' id='word_1_529' title='bbox 2566 1896 2884 1955; x_wconf 88' lang='lat' dir='ltr'><strong>naturaliter</strong></span> <span class='ocrx_word' id='word_1_530' title='bbox 2906 1903 3059 1957; x_wconf 91' lang='lat' dir='ltr'><strong>nobis</strong></span> <span class='ocrx_word' id='word_1_531' title='bbox 3077 1920 3107 1960; x_wconf 88' lang='lat' dir='ltr'><strong>a</strong></span> <span class='ocrx_word' id='word_1_532' title='bbox 3128 1921 3331 1965; x_wconf 90' lang='lat' dir='ltr'><strong>summo</strong></span> <span class='ocrx_word' id='word_1_533' title='bbox 3352 1912 3443 1968; x_wconf 89' lang='lat' dir='ltr'><strong>illo</strong></span> <span class='ocrx_word' id='word_1_534' title='bbox 3463 1928 3686 1984; x_wconf 89' lang='lat' dir='ltr'><strong>parente</strong></span> 
     </span>
    </p>
   </div>
   <div class='ocr_carea' id='block_1_72' title="bbox 2108 1976 3691 2074">
    <p class='ocr_par' dir='ltr' id='par_1_72' title="bbox 2108 1976 3691 2074">
     <span class='ocr_line' id='line_1_74' title="bbox 2108 1976 3691 2074; baseline 0.023 -47"><span class='ocrx_word' id='word_1_535' title='bbox 2108 1984 2159 2029; x_wconf 93' lang='lat' dir='ltr'><strong>et</strong></span> <span class='ocrx_word' id='word_1_536' title='bbox 2190 1976 2446 2035; x_wconf 89' lang='lat' dir='ltr'><strong>eflcctore</strong></span> <span class='ocrx_word' id='word_1_537' title='bbox 2473 1982 2630 2040; x_wconf 91' lang='lat' dir='ltr'><strong>insita</strong></span> <span class='ocrx_word' id='word_1_538' title='bbox 2658 1997 2760 2055; x_wconf 91' lang='lat' dir='ltr'><strong>est,</strong></span> <span class='ocrx_word' id='word_1_539' title='bbox 2812 1989 3087 2063; x_wconf 86' lang='lat' dir='ltr'><strong>ipsiusque</strong></span> <span class='ocrx_word' id='word_1_540' title='bbox 3130 2011 3233 2068; x_wconf 90' lang='lat' dir='ltr'><strong>ope</strong></span> <span class='ocrx_word' id='word_1_541' title='bbox 3280 2010 3331 2055; x_wconf 91' lang='lat' dir='ltr'><strong>et</strong></span> <span class='ocrx_word' id='word_1_542' title='bbox 3378 2004 3691 2074; x_wconf 86' lang='lat' dir='ltr'><strong>adjumento</strong></span> 
     </span>
    </p>
   </div>
   <div class='ocr_carea' id='block_1_73' title="bbox 2105 2063 3691 2159">
    <p class='ocr_par' dir='ltr' id='par_1_73' title="bbox 2105 2063 3691 2159">
     <span class='ocr_line' id='line_1_75' title="bbox 2105 2063 3691 2159; baseline 0.024 -44"><span class='ocrx_word' id='word_1_543' title='bbox 2105 2063 2309 2132; x_wconf 91' lang='lat' dir='ltr'><strong>nititur,</strong></span> <span class='ocrx_word' id='word_1_544' title='bbox 2348 2068 2392 2122; x_wconf 91' lang='lat' dir='ltr'><strong>si</strong></span> <span class='ocrx_word' id='word_1_545' title='bbox 2444 2072 2598 2127; x_wconf 90' lang='lat' dir='ltr'><strong>nobis</strong></span> <span class='ocrx_word' id='word_1_546' title='bbox 2634 2078 2878 2134; x_wconf 86' lang='lat' dir='ltr'><strong>nonnihil</strong></span> <span class='ocrx_word' id='word_1_547' title='bbox 2922 2063 3290 2143; x_wconf 79' lang='lat' dir='ltr'><strong>laborantibus</strong></span> <span class='ocrx_word' id='word_1_548' title='bbox 3314 2104 3408 2159; x_wconf 88' lang='lat' dir='ltr'><strong>per</strong></span> <span class='ocrx_word' id='word_1_549' title='bbox 3442 2063 3691 2155; x_wconf 81' lang='lat' dir='ltr'><strong>habitum</strong></span> 
     </span>
    </p>
   </div>
   <div class='ocr_carea' id='block_1_74' title="bbox 2103 2155 3690 2249">
    <p class='ocr_par' dir='ltr' id='par_1_74' title="bbox 2103 2155 3690 2249">
     <span class='ocr_line' id='line_1_76' title="bbox 2103 2155 3690 2249; baseline 0.025 -40"><span class='ocrx_word' id='word_1_550' title='bbox 2103 2155 2157 2210; x_wconf 93' lang='lat' dir='ltr'><strong>in</strong></span> <span class='ocrx_word' id='word_1_551' title='bbox 2209 2160 2383 2217; x_wconf 90' lang='lat' dir='ltr'><strong>anima</strong></span> <span class='ocrx_word' id='word_1_552' title='bbox 2431 2166 2637 2223; x_wconf 87' lang='lat' dir='ltr'><strong>radices</strong></span> <span class='ocrx_word' id='word_1_553' title='bbox 2690 2173 2901 2244; x_wconf 86' lang='lat' dir='ltr'><strong>egerit,</strong></span> <span class='ocrx_word' id='word_1_554' title='bbox 2967 2178 3136 2236; x_wconf 87' lang='lat' dir='ltr'><strong>multo</strong></span> <span class='ocrx_word' id='word_1_555' title='bbox 3187 2182 3365 2239; x_wconf 90' lang='lat' dir='ltr'><strong>minus</strong></span> <span class='ocrx_word' id='word_1_556' title='bbox 3420 2186 3690 2249; x_wconf 87' lang='lat' dir='ltr'><strong>immutari</strong></span> 
     </span>
    </p>
   </div>
   <div class='ocr_carea' id='block_1_75' title="bbox 2100 2248 2294 2315">
    <p class='ocr_par' dir='ltr' id='par_1_75' title="bbox 2100 2248 2294 2315">
     <span class='ocr_line' id='line_1_77' title="bbox 2100 2248 2294 2315; baseline 0.026 -17"><span class='ocrx_word' id='word_1_557' title='bbox 2100 2248 2294 2315; x_wconf 87' lang='lat' dir='ltr'><strong>queat?</strong></span> 
     </span>
    </p>
   </div>
   <div class='ocr_carea' id='block_1_76' title="bbox 2168 2339 3684 2439">
    <p class='ocr_par' dir='ltr' id='par_1_76' title="bbox 2168 2339 3684 2439">
     <span class='ocr_line' id='line_1_78' title="bbox 2168 2339 3684 2439; baseline 0.028 -48"><span class='ocrx_word' id='word_1_558' title='bbox 2168 2339 2295 2394; x_wconf 72' lang='lat' dir='ltr'><strong>Car.</strong></span> <span class='ocrx_word' id='word_1_559' title='bbox 2338 2341 2533 2398; x_wconf 82' lang='lat' dir='ltr'><strong>XX.-</strong></span> <span class='ocrx_word' id='word_1_560' title='bbox 2553 2348 2704 2407; x_wconf 90' lang='lat' dir='ltr'><strong>Unde</strong></span> <span class='ocrx_word' id='word_1_561' title='bbox 2725 2356 2885 2411; x_wconf 83' lang='lat' dir='ltr'><strong>etiam</strong></span> <span class='ocrx_word' id='word_1_562' title='bbox 2909 2359 3039 2416; x_wconf 88' lang='lat' dir='ltr'><strong>mihi</strong></span> <span class='ocrx_word' id='word_1_563' title='bbox 3069 2365 3285 2433; x_wconf 88' lang='lat' dir='ltr'><strong>quidam</strong></span> <span class='ocrx_word' id='word_1_564' title='bbox 3310 2370 3478 2439; x_wconf 88' lang='lat' dir='ltr'><strong>ipsius</strong></span> <span class='ocrx_word' id='word_1_565' title='bbox 3507 2377 3684 2434; x_wconf 86' lang='lat' dir='ltr'><strong>cultor</strong></span> 
     </span>
    </p>
   </div>
   <div class='ocr_carea' id='block_1_77' title="bbox 2097 2431 3683 2526">
    <p class='ocr_par' dir='ltr' id='par_1_77' title="bbox 2097 2431 3683 2526">
     <span class='ocr_line' id='line_1_79' title="bbox 2097 2431 3683 2526; baseline 0.028 -45"><span class='ocrx_word' id='word_1_566' title='bbox 2097 2442 2209 2482; x_wconf 90' lang='lat' dir='ltr'><strong>rem</strong></span> <span class='ocrx_word' id='word_1_567' title='bbox 2234 2431 2541 2502; x_wconf 88' lang='lat' dir='ltr'><strong>hujusmodi</strong></span> <span class='ocrx_word' id='word_1_568' title='bbox 2567 2445 2803 2500; x_wconf 86' lang='lat' dir='ltr'><strong>narravit</strong></span> <span class='ocrx_word' id='word_1_569' title='bbox 2832 2464 2845 2499; x_wconf 90' lang='lat'><strong>:</strong></span> <span class='ocrx_word' id='word_1_570' title='bbox 2877 2449 3032 2521; x_wconf 80' lang='lat' dir='ltr'><strong>Cum,</strong></span> <span class='ocrx_word' id='word_1_571' title='bbox 3083 2455 3275 2526; x_wconf 84' lang='lat' dir='ltr'><strong>inquit,</strong></span> <span class='ocrx_word' id='word_1_572' title='bbox 3317 2462 3683 2525; x_wconf 80' lang='lat' dir='ltr'><strong>firmiSsiututu</strong></span> 
     </span>
    </p>
   </div>
   <div class='ocr_carea' id='block_1_78' title="bbox 2094 2521 3681 2627">
    <p class='ocr_par' dir='ltr' id='par_1_78' title="bbox 2094 2521 3681 2627">
     <span class='ocr_line' id='line_1_80' title="bbox 2094 2521 3681 2627; baseline 0.025 -53"><span class='ocrx_word' id='word_1_573' title='bbox 2094 2521 2289 2579; x_wconf 75' lang='lat' dir='ltr'><strong>divina:</strong></span> <span class='ocrx_word' id='word_1_574' title='bbox 2314 2532 2779 2601; x_wconf 86' lang='lat' dir='ltr'><strong>contemplationis</strong></span> <span class='ocrx_word' id='word_1_575' title='bbox 2817 2538 3055 2598; x_wconf 90' lang='lat' dir='ltr'><strong>habitum</strong></span> <span class='ocrx_word' id='word_1_576' title='bbox 3100 2548 3231 2604; x_wconf 92' lang='lat' dir='ltr'><strong>mihi</strong></span> <span class='ocrx_word' id='word_1_577' title='bbox 3260 2566 3681 2627; x_wconf 82' lang='lat' dir='ltr'><strong>comparassem,</strong></span> 
     </span>
    </p>
   </div>
   <div class='ocr_carea' id='block_1_79' title="bbox 2091 2613 3681 2721">
    <p class='ocr_par' dir='ltr' id='par_1_79' title="bbox 2091 2613 3681 2721">
     <span class='ocr_line' id='line_1_81' title="bbox 2091 2613 3681 2721; baseline 0.026 -55"><span class='ocrx_word' id='word_1_578' title='bbox 2091 2613 2365 2687; x_wconf 92' lang='lat' dir='ltr'><strong>ipsiusque</strong></span> <span class='ocrx_word' id='word_1_579' title='bbox 2393 2621 2741 2683; x_wconf 88' lang='lat' dir='ltr'><strong>meditatione</strong></span> <span class='ocrx_word' id='word_1_580' title='bbox 2770 2632 2948 2686; x_wconf 81' lang='lat' dir='ltr'><strong>anima</strong></span> <span class='ocrx_word' id='word_1_581' title='bbox 2975 2650 3093 2692; x_wconf 87' lang='lat' dir='ltr'><strong>mea</strong></span> <span class='ocrx_word' id='word_1_582' title='bbox 3122 2639 3278 2696; x_wconf 88' lang='lat' dir='ltr'><strong>tincta</strong></span> <span class='ocrx_word' id='word_1_583' title='bbox 3309 2657 3475 2721; x_wconf 85' lang='lat' dir='ltr'><strong>esset,</strong></span> <span class='ocrx_word' id='word_1_584' title='bbox 3523 2649 3681 2721; x_wconf 81' lang='lat' dir='ltr'><strong>hujus</strong></span> 
     </span>
    </p>
   </div>
   <div class='ocr_carea' id='block_1_80' title="bbox 2089 2707 3679 2807">
    <p class='ocr_par' dir='ltr' id='par_1_80' title="bbox 2089 2707 3679 2807">
     <span class='ocr_line' id='line_1_82' title="bbox 2089 2707 3679 2807; baseline 0.028 -48"><span class='ocrx_word' id='word_1_585' title='bbox 2089 2707 2168 2760; x_wconf 89' lang='lat' dir='ltr'><strong>rei</strong></span> <span class='ocrx_word' id='word_1_586' title='bbox 2213 2710 2505 2778; x_wconf 91' lang='lat' dir='ltr'><strong>periculum</strong></span> <span class='ocrx_word' id='word_1_587' title='bbox 2549 2716 2836 2788; x_wconf 91' lang='lat' dir='ltr'><strong>aliquando</strong></span> <span class='ocrx_word' id='word_1_588' title='bbox 2892 2725 3070 2785; x_wconf 88' lang='lat' dir='ltr'><strong>facere</strong></span> <span class='ocrx_word' id='word_1_589' title='bbox 3126 2738 3389 2807; x_wconf 90' lang='lat' dir='ltr'><strong>cupiens,</strong></span> <span class='ocrx_word' id='word_1_590' title='bbox 3444 2756 3679 2803; x_wconf 69' lang='lat' dir='ltr'><strong>mentem</strong></span> 
     </span>
    </p>
   </div>
   <div class='ocr_carea' id='block_1_81' title="bbox 2088 2804 3678 2896">
    <p class='ocr_par' dir='ltr' id='par_1_81' title="bbox 2088 2804 3678 2896">
     <span class='ocr_line' id='line_1_83' title="bbox 2088 2804 3678 2896; baseline 0.028 -44"><span class='ocrx_word' id='word_1_591' title='bbox 2088 2814 2263 2855; x_wconf 88' lang='lat' dir='ltr'><strong>meam</strong></span> <span class='ocrx_word' id='word_1_592' title='bbox 2292 2804 2365 2858; x_wconf 91' lang='lat' dir='ltr'><strong>ita</strong></span> <span class='ocrx_word' id='word_1_593' title='bbox 2394 2809 2657 2877; x_wconf 92' lang='lat' dir='ltr'><strong>continui,</strong></span> <span class='ocrx_word' id='word_1_594' title='bbox 2687 2822 2742 2867; x_wconf 90' lang='lat' dir='ltr'><strong>ut</strong></span> <span class='ocrx_word' id='word_1_595' title='bbox 2767 2830 2885 2870; x_wconf 89' lang='lat' dir='ltr'><strong>eam</strong></span> <span class='ocrx_word' id='word_1_596' title='bbox 2915 2834 3012 2888; x_wconf 93' lang='lat' dir='ltr'><strong>pro</strong></span> <span class='ocrx_word' id='word_1_597' title='bbox 3040 2837 3139 2879; x_wconf 90' lang='lat' dir='ltr'><strong>suo</strong></span> <span class='ocrx_word' id='word_1_598' title='bbox 3171 2842 3321 2885; x_wconf 91' lang='lat' dir='ltr'><strong>more</strong></span> <span class='ocrx_word' id='word_1_599' title='bbox 3343 2835 3678 2896; x_wconf 88' lang='lat' dir='ltr'><strong>meditationi</strong></span> 
     </span>
    </p>
   </div>
   <div class='ocr_carea' id='block_1_82' title="bbox 2087 2896 3677 2992">
    <p class='ocr_par' dir='ltr' id='par_1_82' title="bbox 2087 2896 3677 2992">
     <span class='ocr_line' id='line_1_84' title="bbox 2087 2896 3677 2992; baseline 0.025 -45"><span class='ocrx_word' id='word_1_600' title='bbox 2087 2906 2210 2951; x_wconf 87' lang='lat' dir='ltr'><strong>sese</strong></span> <span class='ocrx_word' id='word_1_601' title='bbox 2231 2896 2524 2968; x_wconf 89' lang='lat' dir='ltr'><strong>adjungere</strong></span> <span class='ocrx_word' id='word_1_602' title='bbox 2549 2904 2768 2962; x_wconf 88' lang='lat' dir='ltr'><strong>minime</strong></span> <span class='ocrx_word' id='word_1_603' title='bbox 2790 2909 3044 2971; x_wconf 90' lang='lat' dir='ltr'><strong>sinerem.</strong></span> <span class='ocrx_word' id='word_1_604' title='bbox 3067 2917 3217 2983; x_wconf 88' lang='lat' dir='ltr'><strong>Quod</strong></span> <span class='ocrx_word' id='word_1_605' title='bbox 3240 2924 3453 2992; x_wconf 89' lang='lat' dir='ltr'><strong>quidem</strong></span> <span class='ocrx_word' id='word_1_606' title='bbox 3480 2926 3533 2982; x_wconf 90' lang='lat' dir='ltr'><strong>id</strong></span> <span class='ocrx_word' id='word_1_607' title='bbox 3557 2946 3677 2988; x_wconf 91' lang='lat' dir='ltr'><strong>eam</strong></span> 
     </span>
    </p>
   </div>
   <div class='ocr_carea' id='block_1_83' title="bbox 2087 2996 3676 3084">
    <p class='ocr_par' dir='ltr' id='par_1_83' title="bbox 2087 2996 3676 3084">
     <span class='ocr_line' id='line_1_85' title="bbox 2087 2996 3676 3084; baseline 0.026 -46"><span class='ocrx_word' id='word_1_608' title='bbox 2087 2999 2330 3057; x_wconf 87' lang='lat' dir='ltr'><strong>peraegre</strong></span> <span class='ocrx_word' id='word_1_609' title='bbox 2354 3004 2419 3045; x_wconf 91' lang='lat' dir='ltr'><strong>ac</strong></span> <span class='ocrx_word' id='word_1_610' title='bbox 2449 2996 2773 3060; x_wconf 90' lang='lat' dir='ltr'><strong>permoleste</strong></span> <span class='ocrx_word' id='word_1_611' title='bbox 2800 2999 2942 3058; x_wconf 87' lang='lat' dir='ltr'><strong>ferre</strong></span> <span class='ocrx_word' id='word_1_612' title='bbox 2970 3004 3228 3079; x_wconf 79' lang='lat' dir='ltr'><strong>intellexi,</strong></span> <span class='ocrx_word' id='word_1_613' title='bbox 3260 3025 3420 3084; x_wconf 83' lang='lat' dir='ltr'><strong>atque</strong></span> <span class='ocrx_word' id='word_1_614' title='bbox 3458 3018 3524 3073; x_wconf 91' lang='lat' dir='ltr'><strong>ad</strong></span> <span class='ocrx_word' id='word_1_615' title='bbox 3556 3035 3676 3080; x_wconf 79' lang='lat' dir='ltr'><strong>eam</strong></span> 
     </span>
    </p>
   </div>
   <div class='ocr_carea' id='block_1_84' title="bbox 2083 3075 3673 3170">
    <p class='ocr_par' dir='ltr' id='par_1_84' title="bbox 2083 3075 3673 3170">
     <span class='ocr_line' id='line_1_86' title="bbox 2083 3075 3673 3170; baseline 0.024 -41"><span class='ocrx_word' id='word_1_616' title='bbox 2083 3075 2339 3134; x_wconf 73' lang='lat' dir='ltr'><strong>effrenata</strong></span> <span class='ocrx_word' id='word_1_617' title='bbox 2379 3082 2607 3152; x_wconf 91' lang='lat' dir='ltr'><strong>quadam</strong></span> <span class='ocrx_word' id='word_1_618' title='bbox 2661 3090 2948 3157; x_wconf 91' lang='lat' dir='ltr'><strong>cupiditate</strong></span> <span class='ocrx_word' id='word_1_619' title='bbox 2978 3075 3288 3170; x_wconf 83' lang='lat' dir='ltr'><strong>properare,</strong></span> <span class='ocrx_word' id='word_1_620' title='bbox 3317 3075 3416 3162; x_wconf 76' lang='lat' dir='ltr'><strong>nec</strong></span> <span class='ocrx_word' id='word_1_621' title='bbox 3444 3108 3511 3164; x_wconf 88' lang='lat' dir='ltr'><strong>ad</strong></span> <span class='ocrx_word' id='word_1_622' title='bbox 3540 3126 3673 3167; x_wconf 87' lang='lat' dir='ltr'><strong>con-</strong></span> 
     </span>
    </p>
   </div>
   <div class='ocr_carea' id='block_1_85' title="bbox 2085 3170 3667 3273">
    <p class='ocr_par' dir='ltr' id='par_1_85' title="bbox 2085 3170 3667 3273">
     <span class='ocr_line' id='line_1_87' title="bbox 2085 3170 3667 3273; baseline 0.025 -51"><span class='ocrx_word' id='word_1_623' title='bbox 2085 3170 2301 3226; x_wconf 81' lang='lat' dir='ltr'><strong>trariam</strong></span> <span class='ocrx_word' id='word_1_624' title='bbox 2353 3174 2512 3230; x_wconf 85' lang='lat' dir='ltr'><strong>ullam</strong></span> <span class='ocrx_word' id='word_1_625' title='bbox 2544 3180 2918 3249; x_wconf 86' lang='lat' dir='ltr'><strong>cogitationem</strong></span> <span class='ocrx_word' id='word_1_626' title='bbox 2943 3190 3050 3244; x_wconf 93' lang='lat' dir='ltr'><strong>ullo</strong></span> <span class='ocrx_word' id='word_1_627' title='bbox 3072 3193 3231 3248; x_wconf 87' lang='lat' dir='ltr'><strong>modo</strong></span> <span class='ocrx_word' id='word_1_628' title='bbox 3259 3196 3460 3255; x_wconf 88' lang='lat' dir='ltr'><strong>inflecti</strong></span> <span class='ocrx_word' id='word_1_629' title='bbox 3486 3219 3667 3273; x_wconf 59' lang='lat' dir='ltr'><strong>posse.</strong></span> 
     </span>
    </p>
   </div>
   <div class='ocr_carea' id='block_1_86' title="bbox 2081 3263 3667 3357">
    <p class='ocr_par' dir='ltr' id='par_1_86' title="bbox 2081 3263 3667 3357">
     <span class='ocr_line' id='line_1_88' title="bbox 2081 3263 3667 3357; baseline 0.022 -42"><span class='ocrx_word' id='word_1_630' title='bbox 2081 3263 2297 3317; x_wconf 87' lang='lat' dir='ltr'><strong>Ateum</strong></span> <span class='ocrx_word' id='word_1_631' title='bbox 2331 3266 2566 3324; x_wconf 88' lang='lat' dir='ltr'><strong>habenas</strong></span> <span class='ocrx_word' id='word_1_632' title='bbox 2625 3273 2722 3342; x_wconf 92' lang='lat' dir='ltr'><strong>ipsi</strong></span> <span class='ocrx_word' id='word_1_633' title='bbox 2761 3278 3004 3333; x_wconf 90' lang='lat' dir='ltr'><strong>nonnihil</strong></span> <span class='ocrx_word' id='word_1_634' title='bbox 3054 3285 3442 3357; x_wconf 87' lang='lat' dir='ltr'><strong>permisissem,</strong></span> <span class='ocrx_word' id='word_1_635' title='bbox 3486 3297 3667 3351; x_wconf 86' lang='lat' dir='ltr'><strong>statim</strong></span> 
     </span>
    </p>
   </div>
   <div class='ocr_carea' id='block_1_87' title="bbox 2079 3351 3665 3441">
    <p class='ocr_par' dir='ltr' id='par_1_87' title="bbox 2079 3351 3665 3441">
     <span class='ocr_line' id='line_1_89' title="bbox 2079 3351 3665 3441; baseline 0.023 -37"><span class='ocrx_word' id='word_1_636' title='bbox 2079 3351 2146 3405; x_wconf 90' lang='lat' dir='ltr'><strong>ad</strong></span> <span class='ocrx_word' id='word_1_637' title='bbox 2178 3354 2411 3409; x_wconf 71' lang='lat' dir='ltr'><strong>studium</strong></span> <span class='ocrx_word' id='word_1_638' title='bbox 2436 3372 2592 3413; x_wconf 90' lang='lat' dir='ltr'><strong>suum</strong></span> <span class='ocrx_word' id='word_1_639' title='bbox 2619 3370 2673 3416; x_wconf 88' lang='lat' dir='ltr'><strong>et</strong></span> <span class='ocrx_word' id='word_1_640' title='bbox 2712 3378 2929 3434; x_wconf 90' lang='lat' dir='ltr'><strong>operam</strong></span> <span class='ocrx_word' id='word_1_641' title='bbox 2958 3371 3240 3431; x_wconf 89' lang='lat' dir='ltr'><strong>celerrimo</strong></span> <span class='ocrx_word' id='word_1_642' title='bbox 3268 3393 3426 3435; x_wconf 90' lang='lat' dir='ltr'><strong>cursu</strong></span> <span class='ocrx_word' id='word_1_643' title='bbox 3449 3383 3665 3441; x_wconf 84' lang='lat' dir='ltr'><strong>fereba-</strong></span> 
     </span>
    </p>
   </div>
   <div class='ocr_carea' id='block_1_88' title="bbox 2080 3448 3665 3537">
    <p class='ocr_par' dir='ltr' id='par_1_88' title="bbox 2080 3448 3665 3537">
     <span class='ocr_line' id='line_1_90' title="bbox 2080 3448 3665 3537; baseline 0.023 -44"><span class='ocrx_word' id='word_1_644' title='bbox 2080 3448 2196 3506; x_wconf 90' lang='lat' dir='ltr'><strong>tur;</strong></span> <span class='ocrx_word' id='word_1_645' title='bbox 2243 3448 2598 3518; x_wconf 75' lang='lat' dir='ltr'><strong>exstahatque</strong></span> <span class='ocrx_word' id='word_1_646' title='bbox 2625 3450 2678 3506; x_wconf 91' lang='lat' dir='ltr'><strong>id</strong></span> <span class='ocrx_word' id='word_1_647' title='bbox 2709 3455 2849 3523; x_wconf 89' lang='lat' dir='ltr'><strong>quod</strong></span> <span class='ocrx_word' id='word_1_648' title='bbox 2880 3458 2955 3512; x_wconf 89' lang='lat' dir='ltr'><strong>ait</strong></span> <span class='ocrx_word' id='word_1_649' title='bbox 2981 3460 3244 3533; x_wconf 86' lang='lat' dir='ltr'><strong>Propheta</strong></span> <span class='ocrx_word' id='word_1_650' title='bbox 3272 3485 3285 3521; x_wconf 94' lang='lat'>:</span> <span class='ocrx_word' id='word_1_651' title='bbox 3310 3469 3665 3537; x_wconf 76' lang='lat' dir='ltr'><strong>Quemadmo-</strong></span> 
     </span>
    </p>
   </div>
   <div class='ocr_carea' id='block_1_89' title="bbox 2076 3528 3664 3624">
    <p class='ocr_par' dir='ltr' id='par_1_89' title="bbox 2076 3528 3664 3624">
     <span class='ocr_line' id='line_1_91' title="bbox 2076 3528 3664 3624; baseline 0.025 -44"><span class='ocrx_word' id='word_1_652' title='bbox 2076 3528 2201 3584; x_wconf 88' lang='lat' dir='ltr'><strong>dum</strong></span> <span class='ocrx_word' id='word_1_653' title='bbox 2226 3532 2497 3589; x_wconf 71' lang='lat' dir='ltr'><strong>desiderat</strong></span> <span class='ocrx_word' id='word_1_654' title='bbox 2517 3551 2707 3594; x_wconf 88' lang='lat' dir='ltr'><strong>cervus</strong></span> <span class='ocrx_word' id='word_1_655' title='bbox 2737 3541 2802 3595; x_wconf 92' lang='lat' dir='ltr'><strong>ad</strong></span> <span class='ocrx_word' id='word_1_656' title='bbox 2826 3542 3003 3602; x_wconf 85' lang='lat' dir='ltr'><strong>fontes</strong></span> <span class='ocrx_word' id='word_1_657' title='bbox 3027 3528 3308 3624; x_wconf 63' lang='lat' dir='ltr'><strong>aquarum,</strong></span> <span class='ocrx_word' id='word_1_658' title='bbox 3353 3558 3424 3611; x_wconf 90' lang='lat' dir='ltr'><strong>ita</strong></span> <span class='ocrx_word' id='word_1_659' title='bbox 3452 3562 3664 3619; x_wconf 72' lang='lat' dir='ltr'><strong>deside~</strong></span> 
     </span>
    </p>
   </div>
   <div class='ocr_carea' id='block_1_90' title="bbox 2074 3622 3662 3712">
    <p class='ocr_par' dir='ltr' id='par_1_90' title="bbox 2074 3622 3662 3712">
     <span class='ocr_line' id='line_1_92' title="bbox 2074 3622 3662 3712; baseline 0.026 -42"><span class='ocrx_word' id='word_1_660' title='bbox 2074 3627 2156 3672; x_wconf 89' lang='lat' dir='ltr'><strong>rat</strong></span> <span class='ocrx_word' id='word_1_661' title='bbox 2206 3622 2382 3677; x_wconf 88' lang='lat' dir='ltr'><strong>anima</strong></span> <span class='ocrx_word' id='word_1_662' title='bbox 2438 3641 2552 3679; x_wconf 91' lang='lat' dir='ltr'><strong>mea</strong></span> <span class='ocrx_word' id='word_1_663' title='bbox 2602 3628 2668 3682; x_wconf 90' lang='lat' dir='ltr'><strong>ad</strong></span> <span class='ocrx_word' id='word_1_664' title='bbox 2718 3638 2788 3696; x_wconf 91' lang='lat' dir='ltr'><strong>te,</strong></span> <span class='ocrx_word' id='word_1_665' title='bbox 2842 3631 3003 3689; x_wconf 89' lang='lat' dir='ltr'><strong>Deus.</strong></span> <span class='ocrx_word' id='word_1_666' title='bbox 3036 3638 3216 3696; x_wconf 90' lang='lat' dir='ltr'><strong>Sitivit</strong></span> <span class='ocrx_word' id='word_1_667' title='bbox 3245 3646 3420 3703; x_wconf 87' lang='lat' dir='ltr'><strong>anima</strong></span> <span class='ocrx_word' id='word_1_668' title='bbox 3446 3665 3564 3706; x_wconf 88' lang='lat' dir='ltr'><strong>mea</strong></span> <span class='ocrx_word' id='word_1_669' title='bbox 3595 3655 3662 3712; x_wconf 84' lang='lat' dir='ltr'><strong>ad</strong></span> 
     </span>
    </p>
   </div>
   <div class='ocr_carea' id='block_1_91' title="bbox 2071 3706 3661 3805">
    <p class='ocr_par' dir='ltr' id='par_1_91' title="bbox 2071 3706 3661 3805">
     <span class='ocr_line' id='line_1_93' title="bbox 2071 3706 3661 3805; baseline 0.024 -44"><span class='ocrx_word' id='word_1_670' title='bbox 2071 3706 2238 3764; x_wconf 88' lang='lat' dir='ltr'><strong>Deum</strong></span> <span class='ocrx_word' id='word_1_671' title='bbox 2256 3712 2455 3769; x_wconf 87' lang='lat' dir='ltr'><strong>fontem</strong></span> <span class='ocrx_word' id='word_1_672' title='bbox 2476 3718 2840 3790; x_wconf 48' lang='lat' dir='ltr'><strong>vivum,(Psaf.</strong></span> <span class='ocrx_word' id='word_1_673' title='bbox 2869 3728 3002 3796; x_wconf 81' lang='lat' dir='ltr'><strong>xu).</strong></span> <span class='ocrx_word' id='word_1_674' title='bbox 3028 3728 3105 3783; x_wconf 83' lang='lat' dir='ltr'><strong>Ex</strong></span> <span class='ocrx_word' id='word_1_675' title='bbox 3133 3731 3213 3788; x_wconf 90' lang='lat' dir='ltr'><strong>his</strong></span> <span class='ocrx_word' id='word_1_676' title='bbox 3233 3734 3391 3805; x_wconf 88' lang='lat' dir='ltr'><strong>igitur</strong></span> <span class='ocrx_word' id='word_1_677' title='bbox 3410 3744 3661 3798; x_wconf 88' lang='lat' dir='ltr'><strong>omnibus</strong></span> 
     </span>
    </p>
   </div>
   <div class='ocr_carea' id='block_1_92' title="bbox 2070 3798 3659 3899">
    <p class='ocr_par' dir='ltr' id='par_1_92' title="bbox 2070 3798 3659 3899">
     <span class='ocr_line' id='line_1_94' title="bbox 2070 3798 3659 3899; baseline 0.026 -46"><span class='ocrx_word' id='word_1_678' title='bbox 2070 3798 2494 3862; x_wconf 75' lang='lat' dir='ltr'><strong>demon~tratum</strong></span> <span class='ocrx_word' id='word_1_679' title='bbox 2523 3821 2605 3865; x_wconf 90' lang='lat' dir='ltr'><strong>est</strong></span> <span class='ocrx_word' id='word_1_680' title='bbox 2633 3813 2686 3865; x_wconf 88' lang='lat' dir='ltr'><strong>itt</strong></span> <span class='ocrx_word' id='word_1_681' title='bbox 2718 3815 2872 3871; x_wconf 86' lang='lat' dir='ltr'><strong>nobis</strong></span> <span class='ocrx_word' id='word_1_682' title='bbox 2899 3817 3001 3875; x_wconf 89' lang='lat' dir='ltr'><strong>hoc</strong></span> <span class='ocrx_word' id='word_1_683' title='bbox 3030 3824 3189 3880; x_wconf 86' lang='lat' dir='ltr'><strong>situm</strong></span> <span class='ocrx_word' id='word_1_684' title='bbox 3218 3844 3357 3899; x_wconf 90' lang='lat' dir='ltr'><strong>esse,</strong></span> <span class='ocrx_word' id='word_1_685' title='bbox 3399 3842 3456 3888; x_wconf 91' lang='lat' dir='ltr'><strong>ut</strong></span> <span class='ocrx_word' id='word_1_686' title='bbox 3484 3838 3659 3893; x_wconf 68' lang='lat' dir='ltr'><strong>virtu-</strong></span> 
     </span>
    </p>
   </div>
   <div class='ocr_carea' id='block_1_93' title="bbox 2069 3895 3658 3993">
    <p class='ocr_par' dir='ltr' id='par_1_93' title="bbox 2069 3895 3658 3993">
     <span class='ocr_line' id='line_1_95' title="bbox 2069 3895 3658 3993; baseline 0.026 -49"><span class='ocrx_word' id='word_1_687' title='bbox 2069 3901 2177 3946; x_wconf 88' lang='lat' dir='ltr'><strong>tem</strong></span> <span class='ocrx_word' id='word_1_688' title='bbox 2223 3895 2609 3969; x_wconf 90' lang='lat' dir='ltr'><strong>adipiscamur;</strong></span> <span class='ocrx_word' id='word_1_689' title='bbox 2660 3904 2817 3976; x_wconf 91' lang='lat' dir='ltr'><strong>idque</strong></span> <span class='ocrx_word' id='word_1_690' title='bbox 2848 3912 3016 3966; x_wconf 84' lang='lat' dir='ltr'><strong>nostri</strong></span> <span class='ocrx_word' id='word_1_691' title='bbox 3048 3915 3252 3972; x_wconf 91' lang='lat' dir='ltr'><strong>arhitrii</strong></span> <span class='ocrx_word' id='word_1_692' title='bbox 3281 3895 3352 3977; x_wconf 15' lang='lat' dir='ltr'><strong>ac?</strong></span> <span class='ocrx_word' id='word_1_693' title='bbox 3374 3932 3658 3993; x_wconf 87' lang='lat' dir='ltr'><strong>potestatis</strong></span> 
     </span>
    </p>
   </div>
   <div class='ocr_carea' id='block_1_94' title="bbox 2067 3998 3654 4087">
    <p class='ocr_par' dir='ltr' id='par_1_94' title="bbox 2067 3998 3654 4087">
     <span class='ocr_line' id='line_1_96' title="bbox 2067 3998 3654 4087; baseline 0.024 -46"><span class='ocrx_word' id='word_1_694' title='bbox 2067 4002 2210 4054; x_wconf 90' lang='lat' dir='ltr'><strong>esse,</strong></span> <span class='ocrx_word' id='word_1_695' title='bbox 2240 4006 2430 4048; x_wconf 90' lang='lat' dir='ltr'><strong>eamne</strong></span> <span class='ocrx_word' id='word_1_696' title='bbox 2458 3998 2726 4066; x_wconf 83' lang='lat' dir='ltr'><strong>amplecti,</strong></span> <span class='ocrx_word' id='word_1_697' title='bbox 2757 4018 2822 4057; x_wconf 90' lang='lat' dir='ltr'><strong>an</strong></span> <span class='ocrx_word' id='word_1_698' title='bbox 2849 4015 3035 4061; x_wconf 91' lang='lat' dir='ltr'><strong>contra</strong></span> <span class='ocrx_word' id='word_1_699' title='bbox 3066 4022 3342 4079; x_wconf 87' lang='lat' dir='ltr'><strong>peceatum</strong></span> <span class='ocrx_word' id='word_1_700' title='bbox 3372 4019 3474 4087; x_wconf 87' lang='lat' dir='ltr'><strong>ipsi</strong></span> <span class='ocrx_word' id='word_1_701' title='bbox 3500 4031 3654 4079; x_wconf 85' lang='lat' dir='ltr'><strong>ante-</strong></span> 
     </span>
    </p>
   </div>
   <div class='ocr_carea' id='block_1_95' title="bbox 2063 4075 3654 4173">
    <p class='ocr_par' dir='ltr' id='par_1_95' title="bbox 2063 4075 3654 4173">
     <span class='ocr_line' id='line_1_97' title="bbox 2063 4075 3654 4173; baseline 0.027 -44"><span class='ocrx_word' id='word_1_702' title='bbox 2063 4075 2207 4135; x_wconf 86' lang='lat' dir='ltr'><strong>ferre</strong></span> <span class='ocrx_word' id='word_1_703' title='bbox 2234 4082 2480 4140; x_wconf 90' lang='lat' dir='ltr'><strong>velimus.</strong></span> <span class='ocrx_word' id='word_1_704' title='bbox 2535 4088 2605 4144; x_wconf 82' lang='lat' dir='ltr'><strong>Et</strong></span> <span class='ocrx_word' id='word_1_705' title='bbox 2648 4094 2861 4157; x_wconf 91' lang='lat' dir='ltr'><strong>quidem</strong></span> <span class='ocrx_word' id='word_1_706' title='bbox 2895 4096 2928 4149; x_wconf 91' lang='lat' dir='ltr'><strong>ii</strong></span> <span class='ocrx_word' id='word_1_707' title='bbox 2972 4075 3219 4167; x_wconf 41' lang='lat' dir='ltr'><strong>qui-vitio</strong></span> <span class='ocrx_word' id='word_1_708' title='bbox 3256 4107 3310 4160; x_wconf 89' lang='lat' dir='ltr'><strong>in</strong></span> <span class='ocrx_word' id='word_1_709' title='bbox 3339 4113 3654 4173; x_wconf 81' lang='lat' dir='ltr'><strong>servitutem</strong></span> 
     </span>
    </p>
   </div>
   <div class='ocr_carea' id='block_1_96' title="bbox 2064 4168 3652 4274">
    <p class='ocr_par' dir='ltr' id='par_1_96' title="bbox 2064 4168 3652 4274">
     <span class='ocr_line' id='line_1_98' title="bbox 2064 4168 3652 4274; baseline 0.027 -55"><span class='ocrx_word' id='word_1_710' title='bbox 2064 4179 2123 4221; x_wconf 92' lang='lat' dir='ltr'><strong>se</strong></span> <span class='ocrx_word' id='word_1_711' title='bbox 2149 4168 2494 4237; x_wconf 80' lang='lat' dir='ltr'><strong>addixerunt,</strong></span> <span class='ocrx_word' id='word_1_712' title='bbox 2532 4194 2672 4248; x_wconf 88' lang='lat' dir='ltr'><strong>agre</strong></span> <span class='ocrx_word' id='word_1_713' title='bbox 2708 4184 2776 4236; x_wconf 87' lang='lat' dir='ltr'><strong>ab</strong></span> <span class='ocrx_word' id='word_1_714' title='bbox 2802 4198 2868 4238; x_wconf 93' lang='lat' dir='ltr'><strong>eo</strong></span> <span class='ocrx_word' id='word_1_715' title='bbox 2909 4187 3142 4246; x_wconf 88' lang='lat' dir='ltr'><strong>abstrahi</strong></span> <span class='ocrx_word' id='word_1_716' title='bbox 3175 4208 3435 4267; x_wconf 89' lang='lat' dir='ltr'><strong>possunt,</strong></span> <span class='ocrx_word' id='word_1_717' title='bbox 3463 4219 3652 4274; x_wconf 81' lang='lat' dir='ltr'><strong>quent-</strong></span> 
     </span>
    </p>
   </div>
   <div class='ocr_carea' id='block_1_97' title="bbox 2062 4259 3144 4339">
    <p class='ocr_par' dir='ltr' id='par_1_97' title="bbox 2062 4259 3144 4339">
     <span class='ocr_line' id='line_1_99' title="bbox 2062 4259 3144 4339; baseline 0.025 -28"><span class='ocrx_word' id='word_1_718' title='bbox 2062 4259 2346 4317; x_wconf 88' lang='lat' dir='ltr'><strong>admodum</strong></span> <span class='ocrx_word' id='word_1_719' title='bbox 2378 4281 2408 4319; x_wconf 92' lang='lat' dir='ltr'><strong>a</strong></span> <span class='ocrx_word' id='word_1_720' title='bbox 2436 4283 2522 4323; x_wconf 91' lang='lat' dir='ltr'><strong>me</strong></span> <span class='ocrx_word' id='word_1_721' title='bbox 2552 4275 2794 4339; x_wconf 86' lang='lat' dir='ltr'><strong>Superius</strong></span> <span class='ocrx_word' id='word_1_722' title='bbox 2817 4275 3016 4333; x_wconf 91' lang='lat' dir='ltr'><strong>dictum</strong></span> <span class='ocrx_word' id='word_1_723' title='bbox 3044 4292 3144 4337; x_wconf 89' lang='lat' dir='ltr'><strong>est.</strong></span> 
     </span>
    </p>
   </div>
   <div class='ocr_carea' id='block_1_98' title="bbox 2059 4447 3644 4543">
    <p class='ocr_par' dir='ltr' id='par_1_98' title="bbox 2059 4447 3644 4543">
     <span class='ocr_line' id='line_1_100' title="bbox 2059 4447 3644 4543; baseline 0.026 -44"><span class='ocrx_word' id='word_1_724' title='bbox 2059 4459 2125 4500; x_wconf 91' lang='lat' dir='ltr'><strong>eo</strong></span> <span class='ocrx_word' id='word_1_725' title='bbox 2153 4447 2406 4506; x_wconf 88' lang='lat' dir='ltr'><strong>liberatus</strong></span> <span class='ocrx_word' id='word_1_726' title='bbox 2434 4468 2513 4524; x_wconf 89' lang='lat' dir='ltr'><strong>es,</strong></span> <span class='ocrx_word' id='word_1_727' title='bbox 2546 4470 2610 4511; x_wconf 92' lang='lat' dir='ltr'><strong>ac</strong></span> <span class='ocrx_word' id='word_1_728' title='bbox 2638 4473 2735 4527; x_wconf 91' lang='lat' dir='ltr'><strong>per</strong></span> <span class='ocrx_word' id='word_1_729' title='bbox 2763 4461 2993 4530; x_wconf 88' lang='lat' dir='ltr'><strong>Spiritus</strong></span> <span class='ocrx_word' id='word_1_730' title='bbox 3024 4468 3189 4527; x_wconf 83' lang='lat' dir='ltr'><strong>divini</strong></span> <span class='ocrx_word' id='word_1_731' title='bbox 3215 4478 3440 4543; x_wconf 88' lang='lat' dir='ltr'><strong>gratiam</strong></span> <span class='ocrx_word' id='word_1_732' title='bbox 3486 4483 3644 4539; x_wconf 80' lang='lat' dir='ltr'><strong>Chri-</strong></span> 
     </span>
    </p>
   </div>
   <div class='ocr_carea' id='block_1_99' title="bbox 2060 4538 3641 4645">
    <p class='ocr_par' dir='ltr' id='par_1_99' title="bbox 2060 4538 3641 4645">
     <span class='ocr_line' id='line_1_101' title="bbox 2060 4538 3641 4645; baseline 0.028 -58"><span class='ocrx_word' id='word_1_733' title='bbox 2060 4544 2200 4590; x_wconf 90' lang='lat' dir='ltr'><strong>stum</strong></span> <span class='ocrx_word' id='word_1_734' title='bbox 2231 4538 2470 4611; x_wconf 84' lang='lat' dir='ltr'><strong>induisti,</strong></span> <span class='ocrx_word' id='word_1_735' title='bbox 2503 4545 2589 4600; x_wconf 89' lang='lat' dir='ltr'><strong>fac</strong></span> <span class='ocrx_word' id='word_1_736' title='bbox 2616 4558 2666 4602; x_wconf 90' lang='lat' dir='ltr'><strong>te</strong></span> <span class='ocrx_word' id='word_1_737' title='bbox 2696 4559 2862 4606; x_wconf 90' lang='lat' dir='ltr'><strong>totum</strong></span> <span class='ocrx_word' id='word_1_738' title='bbox 2912 4556 2977 4609; x_wconf 90' lang='lat' dir='ltr'><strong>ad</strong></span> <span class='ocrx_word' id='word_1_739' title='bbox 3012 4557 3295 4620; x_wconf 90' lang='lat' dir='ltr'><strong>Dominum</strong></span> <span class='ocrx_word' id='word_1_740' title='bbox 3330 4573 3641 4645; x_wconf 88' lang='lat' dir='ltr'><strong>transferas,</strong></span> 
     </span>
    </p>
   </div>
   <div class='ocr_carea' id='block_1_100' title="bbox 2059 4629 3638 4735">
    <p class='ocr_par' dir='ltr' id='par_1_100' title="bbox 2059 4629 3638 4735">
     <span class='ocr_line' id='line_1_102' title="bbox 2059 4629 3638 4735; baseline 0.027 -56"><span class='ocrx_word' id='word_1_741' title='bbox 2059 4641 2159 4682; x_wconf 88' lang='lat' dir='ltr'><strong>nec</strong></span> <span class='ocrx_word' id='word_1_742' title='bbox 2190 4629 2392 4686; x_wconf 86' lang='lat' dir='ltr'><strong>vitiosis</strong></span> <span class='ocrx_word' id='word_1_743' title='bbox 2422 4635 2790 4697; x_wconf 73' lang='lat' dir='ltr'><strong>affectionibus</strong></span> <span class='ocrx_word' id='word_1_744' title='bbox 2817 4644 3035 4713; x_wconf 85' lang='lat' dir='ltr'><strong>januam</strong></span> <span class='ocrx_word' id='word_1_745' title='bbox 3081 4654 3188 4709; x_wconf 90' lang='lat' dir='ltr'><strong>ullo</strong></span> <span class='ocrx_word' id='word_1_746' title='bbox 3218 4659 3376 4715; x_wconf 89' lang='lat' dir='ltr'><strong>modo</strong></span> <span class='ocrx_word' id='word_1_747' title='bbox 3405 4667 3638 4735; x_wconf 81' lang='lat' dir='ltr'><strong>aperits,</strong></span> 
     </span>
    </p>
   </div>
   <div class='ocr_carea' id='block_1_101' title="bbox 2056 4724 3640 4826">
    <p class='ocr_par' dir='ltr' id='par_1_101' title="bbox 2056 4724 3640 4826">
     <span class='ocr_line' id='line_1_103' title="bbox 2056 4724 3640 4826; baseline 0.028 -56"><span class='ocrx_word' id='word_1_748' title='bbox 2056 4724 2240 4774; x_wconf 77' lang='lat' dir='ltr'><strong>Verum</strong></span> <span class='ocrx_word' id='word_1_749' title='bbox 2281 4724 2511 4780; x_wconf 89' lang='lat' dir='ltr'><strong>animam</strong></span> <span class='ocrx_word' id='word_1_750' title='bbox 2544 4738 2686 4784; x_wconf 88' lang='lat' dir='ltr'><strong>tuam</strong></span> <span class='ocrx_word' id='word_1_751' title='bbox 2727 4736 2875 4790; x_wconf 88' lang='lat' dir='ltr'><strong>suavi</strong></span> <span class='ocrx_word' id='word_1_752' title='bbox 2906 4738 3156 4798; x_wconf 88' lang='lat' dir='ltr'><strong>virtutum</strong></span> <span class='ocrx_word' id='word_1_753' title='bbox 3184 4749 3349 4805; x_wconf 92' lang='lat' dir='ltr'><strong>odore</strong></span> <span class='ocrx_word' id='word_1_754' title='bbox 3372 4768 3437 4809; x_wconf 88' lang='lat' dir='ltr'><strong>ac</strong></span> <span class='ocrx_word' id='word_1_755' title='bbox 3460 4758 3640 4826; x_wconf 55' lang='lat' dir='ltr'><strong>splen-</strong></span> 
     </span>
    </p>
   </div>
   <div class='ocr_carea' id='block_1_102' title="bbox 2054 4810 3634 4921">
    <p class='ocr_par' dir='ltr' id='par_1_102' title="bbox 2054 4810 3634 4921">
     <span class='ocr_line' id='line_1_104' title="bbox 2054 4810 3634 4921; baseline 0.028 -58"><span class='ocrx_word' id='word_1_756' title='bbox 2054 4810 2186 4867; x_wconf 90' lang='lat' dir='ltr'><strong>dore</strong></span> <span class='ocrx_word' id='word_1_757' title='bbox 2223 4828 2552 4889; x_wconf 91' lang='lat' dir='ltr'><strong>coornatam,</strong></span> <span class='ocrx_word' id='word_1_758' title='bbox 2583 4834 2781 4881; x_wconf 68' lang='lat' dir='ltr'><strong>sancta:</strong></span> <span class='ocrx_word' id='word_1_759' title='bbox 2829 4828 3105 4891; x_wconf 88' lang='lat' dir='ltr'><strong>Trinitatis</strong></span> <span class='ocrx_word' id='word_1_760' title='bbox 3134 4843 3387 4912; x_wconf 89' lang='lat' dir='ltr'><strong>templum</strong></span> <span class='ocrx_word' id='word_1_761' title='bbox 3415 4848 3634 4921; x_wconf 78' lang='lat' dir='ltr'><strong>reddas,</strong></span> 
     </span>
    </p>
   </div>
   <div class='ocr_carea' id='block_1_103' title="bbox 2049 4907 3639 5000">
    <p class='ocr_par' dir='ltr' id='par_1_103' title="bbox 2049 4907 3639 5000">
     <span class='ocr_line' id='line_1_105' title="bbox 2049 4907 3639 5000; baseline 0.028 -46"><span class='ocrx_word' id='word_1_762' title='bbox 2049 4912 2210 4971; x_wconf 75' lang='lat' dir='ltr'><strong>atque</strong></span> <span class='ocrx_word' id='word_1_763' title='bbox 2251 4907 2304 4959; x_wconf 93' lang='lat' dir='ltr'><strong>in</strong></span> <span class='ocrx_word' id='word_1_764' title='bbox 2353 4908 2518 4977; x_wconf 90' lang='lat' dir='ltr'><strong>ipsius</strong></span> <span class='ocrx_word' id='word_1_765' title='bbox 2569 4920 3020 4988; x_wconf 85' lang='lat' dir='ltr'><strong>contemplatione</strong></span> <span class='ocrx_word' id='word_1_766' title='bbox 3060 4907 3259 4987; x_wconf 74' lang='lat' dir='ltr'><strong>omnes</strong></span> <span class='ocrx_word' id='word_1_767' title='bbox 3288 4940 3482 4995; x_wconf 80' lang='lat' dir='ltr'><strong>mentis</strong></span> <span class='ocrx_word' id='word_1_768' title='bbox 3530 4907 3639 5000; x_wconf 48' lang='lat' dir='ltr'><strong>tum</strong></span> 
     </span>
    </p>
   </div>
   <div class='ocr_carea' id='block_1_104' title="bbox 2048 4993 3636 5106">
    <p class='ocr_par' dir='ltr' id='par_1_104' title="bbox 2048 4993 3636 5106">
     <span class='ocr_line' id='line_1_106' title="bbox 2048 4993 3636 5106; baseline 0.029 -60"><span class='ocrx_word' id='word_1_769' title='bbox 2048 4993 2327 5054; x_wconf 91' lang='lat' dir='ltr'><strong>facultates</strong></span> <span class='ocrx_word' id='word_1_770' title='bbox 2353 5017 2607 5072; x_wconf 90' lang='lat' dir='ltr'><strong>occupes.</strong></span> <span class='ocrx_word' id='word_1_771' title='bbox 2633 5007 2763 5063; x_wconf 83' lang='lat' dir='ltr'><strong>Nam</strong></span> <span class='ocrx_word' id='word_1_772' title='bbox 2792 5014 2979 5071; x_wconf 92' lang='lat' dir='ltr'><strong>cumis</strong></span> <span class='ocrx_word' id='word_1_773' title='bbox 3000 5021 3089 5088; x_wconf 90' lang='lat' dir='ltr'><strong>qui</strong></span> <span class='ocrx_word' id='word_1_774' title='bbox 3115 5037 3237 5080; x_wconf 91' lang='lat' dir='ltr'><strong>cum</strong></span> <span class='ocrx_word' id='word_1_775' title='bbox 3268 5037 3478 5087; x_wconf 90' lang='lat' dir='ltr'><strong>terreno</strong></span> <span class='ocrx_word' id='word_1_776' title='bbox 3508 5050 3636 5106; x_wconf 87' lang='lat' dir='ltr'><strong>rege</strong></span> 
     </span>
    </p>
   </div>
   <div class='ocr_carea' id='block_1_105' title="bbox 2044 5085 3636 5191">
    <p class='ocr_par' dir='ltr' id='par_1_105' title="bbox 2044 5085 3636 5191">
     <span class='ocr_line' id='line_1_107' title="bbox 2044 5085 3636 5191; baseline 0.028 -53"><span class='ocrx_word' id='word_1_777' title='bbox 2044 5085 2188 5158; x_wconf 86' lang='lat' dir='ltr'><strong>degit</strong></span> <span class='ocrx_word' id='word_1_778' title='bbox 2219 5100 2378 5160; x_wconf 90' lang='lat' dir='ltr'><strong>atque</strong></span> <span class='ocrx_word' id='word_1_779' title='bbox 2420 5095 2745 5166; x_wconf 90' lang='lat' dir='ltr'><strong>colloquitur</strong></span> <span class='ocrx_word' id='word_1_780' title='bbox 2774 5102 2962 5162; x_wconf 91' lang='lat' dir='ltr'><strong>beatus</strong></span> <span class='ocrx_word' id='word_1_781' title='bbox 2999 5085 3067 5165; x_wconf 79' lang='lat' dir='ltr'><strong>ah</strong></span> <span class='ocrx_word' id='word_1_782' title='bbox 3091 5117 3340 5174; x_wconf 89' lang='lat' dir='ltr'><strong>omnibus</strong></span> <span class='ocrx_word' id='word_1_783' title='bbox 3370 5085 3636 5191; x_wconf 50' lang='lat' dir='ltr'><strong>prmdiceo</strong></span> 
     </span>
    </p>
   </div>
   <div class='ocr_carea' id='block_1_106' title="bbox 2043 5183 3632 5276">
    <p class='ocr_par' dir='ltr' id='par_1_106' title="bbox 2043 5183 3632 5276">
     <span class='ocr_line' id='line_1_108' title="bbox 2043 5183 3632 5276; baseline 0.03 -48"><span class='ocrx_word' id='word_1_784' title='bbox 2043 5183 2130 5231; x_wconf 88' lang='lat' dir='ltr'><strong>tur</strong></span> <span class='ocrx_word' id='word_1_785' title='bbox 2156 5194 2265 5233; x_wconf 93' lang='lat' dir='ltr'><strong>non</strong></span> <span class='ocrx_word' id='word_1_786' title='bbox 2291 5193 2373 5237; x_wconf 90' lang='lat' dir='ltr'><strong>est</strong></span> <span class='ocrx_word' id='word_1_787' title='bbox 2403 5184 2618 5243; x_wconf 89' lang='lat' dir='ltr'><strong>dubium</strong></span> <span class='ocrx_word' id='word_1_788' title='bbox 2649 5191 2776 5259; x_wconf 89' lang='lat' dir='ltr'><strong>quin</strong></span> <span class='ocrx_word' id='word_1_789' title='bbox 2807 5194 2851 5248; x_wconf 89' lang='lat' dir='ltr'><strong>is</strong></span> <span class='ocrx_word' id='word_1_790' title='bbox 2880 5199 2967 5253; x_wconf 93' lang='lat' dir='ltr'><strong>cui</strong></span> <span class='ocrx_word' id='word_1_791' title='bbox 2994 5199 3175 5259; x_wconf 88' lang='lat' dir='ltr'><strong>divino</strong></span> <span class='ocrx_word' id='word_1_792' title='bbox 3209 5206 3473 5268; x_wconf 90' lang='lat' dir='ltr'><strong>beneficio</strong></span> <span class='ocrx_word' id='word_1_793' title='bbox 3498 5233 3632 5276; x_wconf 78' lang='lat' dir='ltr'><strong>con-</strong></span> 
     </span>
    </p>
   </div>
   <div class='ocr_carea' id='block_1_107' title="bbox 2040 5265 3633 5363">
    <p class='ocr_par' dir='ltr' id='par_1_107' title="bbox 2040 5265 3633 5363">
     <span class='ocr_line' id='line_1_109' title="bbox 2040 5265 3633 5363; baseline 0.03 -46"><span class='ocrx_word' id='word_1_794' title='bbox 2040 5265 2160 5335; x_wconf 86' lang='lat' dir='ltr'><strong>tigit</strong></span> <span class='ocrx_word' id='word_1_795' title='bbox 2189 5276 2247 5322; x_wconf 93' lang='lat' dir='ltr'><strong>nt</strong></span> <span class='ocrx_word' id='word_1_796' title='bbox 2272 5281 2451 5328; x_wconf 87' lang='lat' dir='ltr'><strong>mente</strong></span> <span class='ocrx_word' id='word_1_797' title='bbox 2477 5289 2596 5331; x_wconf 92' lang='lat' dir='ltr'><strong>cum</strong></span> <span class='ocrx_word' id='word_1_798' title='bbox 2628 5278 2739 5335; x_wconf 89' lang='lat' dir='ltr'><strong>Deo</strong></span> <span class='ocrx_word' id='word_1_799' title='bbox 2767 5284 3118 5358; x_wconf 90' lang='lat' dir='ltr'><strong>colloquatur,</strong></span> <span class='ocrx_word' id='word_1_800' title='bbox 3149 5304 3590 5363; x_wconf 83' lang='lat' dir='ltr'><strong>consuetudinem</strong></span> <span class='ocrx_word' id='word_1_801' title='bbox 3611 5339 3633 5350; x_wconf 88' lang='lat'><strong>-</strong></span> 
     </span>
    </p>
   </div>
   <div class='ocr_carea' id='block_1_108' title="bbox 2035 5362 3624 5466">
    <p class='ocr_par' dir='ltr' id='par_1_108' title="bbox 2035 5362 3624 5466">
     <span class='ocr_line' id='line_1_110' title="bbox 2035 5362 3624 5466; baseline 0.03 -59"><span class='ocrx_word' id='word_1_802' title='bbox 2035 5368 2137 5424; x_wconf 88' lang='lat' dir='ltr'><strong>que</strong></span> <span class='ocrx_word' id='word_1_803' title='bbox 2157 5372 2276 5412; x_wconf 91' lang='lat' dir='ltr'><strong>cum</strong></span> <span class='ocrx_word' id='word_1_804' title='bbox 2300 5376 2365 5415; x_wconf 91' lang='lat' dir='ltr'><strong>eo</strong></span> <span class='ocrx_word' id='word_1_805' title='bbox 2387 5362 2601 5438; x_wconf 91' lang='lat' dir='ltr'><strong>habeat,</strong></span> <span class='ocrx_word' id='word_1_806' title='bbox 2633 5374 2777 5425; x_wconf 92' lang='lat' dir='ltr'><strong>omni</strong></span> <span class='ocrx_word' id='word_1_807' title='bbox 2805 5373 3136 5439; x_wconf 84' lang='lat' dir='ltr'><strong>beatitudine</strong></span> <span class='ocrx_word' id='word_1_808' title='bbox 3150 5391 3469 5449; x_wconf 71' lang='lat' dir='ltr'><strong>cutnulctur.</strong></span> <span class='ocrx_word' id='word_1_809' title='bbox 3490 5398 3624 5466; x_wconf 76' lang='lat' dir='ltr'><strong>Qua:</strong></span> 
     </span>
    </p>
   </div>
   <div class='ocr_carea' id='block_1_109' title="bbox 2037 5450 3618 5561">
    <p class='ocr_par' dir='ltr' id='par_1_109' title="bbox 2037 5450 3618 5561">
     <span class='ocr_line' id='line_1_111' title="bbox 2037 5450 3618 5561; baseline 0.032 -63"><span class='ocrx_word' id='word_1_810' title='bbox 2037 5462 2157 5501; x_wconf 89' lang='lat' dir='ltr'><strong>cum</strong></span> <span class='ocrx_word' id='word_1_811' title='bbox 2206 5450 2279 5504; x_wconf 91' lang='lat' dir='ltr'><strong>ita</strong></span> <span class='ocrx_word' id='word_1_812' title='bbox 2319 5454 2446 5521; x_wconf 87' lang='lat' dir='ltr'><strong>sint,</strong></span> <span class='ocrx_word' id='word_1_813' title='bbox 2477 5473 2599 5514; x_wconf 91' lang='lat' dir='ltr'><strong>eum</strong></span> <span class='ocrx_word' id='word_1_814' title='bbox 2628 5475 2842 5535; x_wconf 85' lang='lat' dir='ltr'><strong>semper</strong></span> <span class='ocrx_word' id='word_1_815' title='bbox 2883 5470 2952 5526; x_wconf 91' lang='lat' dir='ltr'><strong>ob</strong></span> <span class='ocrx_word' id='word_1_816' title='bbox 2988 5478 3173 5533; x_wconf 91' lang='lat' dir='ltr'><strong>oculos</strong></span> <span class='ocrx_word' id='word_1_817' title='bbox 3215 5483 3308 5538; x_wconf 92' lang='lat' dir='ltr'><strong>tibi</strong></span> <span class='ocrx_word' id='word_1_818' title='bbox 3355 5502 3618 5561; x_wconf 89' lang='lat' dir='ltr'><strong>propone,</strong></span> 
     </span>
    </p>
   </div>
   <div class='ocr_carea' id='block_1_110' title="bbox 2035 5547 3619 5644">
    <p class='ocr_par' dir='ltr' id='par_1_110' title="bbox 2035 5547 3619 5644">
     <span class='ocr_line' id='line_1_112' title="bbox 2035 5547 3619 5644; baseline 0.033 -54"><span class='ocrx_word' id='word_1_819' title='bbox 2035 5547 2193 5608; x_wconf 70' lang='lat' dir='ltr'><strong>atque</strong></span> <span class='ocrx_word' id='word_1_820' title='bbox 2232 5558 2354 5600; x_wconf 91' lang='lat' dir='ltr'><strong>cum</strong></span> <span class='ocrx_word' id='word_1_821' title='bbox 2402 5549 2518 5617; x_wconf 92' lang='lat' dir='ltr'><strong>ipso</strong></span> <span class='ocrx_word' id='word_1_822' title='bbox 2562 5554 2891 5626; x_wconf 86' lang='lat' dir='ltr'><strong>colloquere.</strong></span> <span class='ocrx_word' id='word_1_823' title='bbox 2933 5565 3170 5633; x_wconf 88' lang='lat' dir='ltr'><strong>Quanam</strong></span> <span class='ocrx_word' id='word_1_824' title='bbox 3201 5587 3377 5634; x_wconf 88' lang='lat' dir='ltr'><strong>autem</strong></span> <span class='ocrx_word' id='word_1_825' title='bbox 3409 5586 3619 5644; x_wconf 87' lang='lat' dir='ltr'><strong>ratione</strong></span> 
     </span>
    </p>
   </div>
   <div class='ocr_carea' id='block_1_111' title="bbox 2033 5632 3615 5728">
    <p class='ocr_par' dir='ltr' id='par_1_111' title="bbox 2033 5632 3615 5728">
     <span class='ocr_line' id='line_1_113' title="bbox 2033 5632 3615 5728; baseline 0.03 -47"><span class='ocrx_word' id='word_1_826' title='bbox 2033 5643 2153 5684; x_wconf 90' lang='lat' dir='ltr'><strong>cum</strong></span> <span class='ocrx_word' id='word_1_827' title='bbox 2186 5632 2296 5688; x_wconf 89' lang='lat' dir='ltr'><strong>Deo</strong></span> <span class='ocrx_word' id='word_1_828' title='bbox 2324 5638 2683 5709; x_wconf 83' lang='lat' dir='ltr'><strong>colloquctis?</strong></span> <span class='ocrx_word' id='word_1_829' title='bbox 2717 5647 2975 5709; x_wconf 82' lang='lat' dir='ltr'><strong>Nimirum</strong></span> <span class='ocrx_word' id='word_1_830' title='bbox 3007 5673 3102 5726; x_wconf 91' lang='lat' dir='ltr'><strong>per</strong></span> <span class='ocrx_word' id='word_1_831' title='bbox 3120 5666 3416 5725; x_wconf 86' lang='lat' dir='ltr'><strong>orationem</strong></span> <span class='ocrx_word' id='word_1_832' title='bbox 3438 5682 3488 5727; x_wconf 91' lang='lat' dir='ltr'><strong>et</strong></span> <span class='ocrx_word' id='word_1_833' title='bbox 3514 5678 3615 5728; x_wconf 82' lang='lat' dir='ltr'><strong>ob-</strong></span> 
     </span>
    </p>
   </div>
   <div class='ocr_carea' id='block_1_112' title="bbox 2030 5726 3613 5832">
    <p class='ocr_par' dir='ltr' id='par_1_112' title="bbox 2030 5726 3613 5832">
     <span class='ocr_line' id='line_1_114' title="bbox 2030 5726 3613 5832; baseline 0.03 -56"><span class='ocrx_word' id='word_1_834' title='bbox 2030 5726 2381 5785; x_wconf 77' lang='lat' dir='ltr'><strong>secrationem</strong></span> <span class='ocrx_word' id='word_1_835' title='bbox 2403 5731 2469 5789; x_wconf 92' lang='lat' dir='ltr'><strong>ad</strong></span> <span class='ocrx_word' id='word_1_836' title='bbox 2489 5732 2655 5791; x_wconf 85' lang='lat' dir='ltr'><strong>Deum</strong></span> <span class='ocrx_word' id='word_1_837' title='bbox 2678 5745 3133 5819; x_wconf 82' lang='lat' dir='ltr'><strong>apprOpinquans.</strong></span> <span class='ocrx_word' id='word_1_838' title='bbox 3155 5753 3286 5813; x_wconf 79' lang='lat' dir='ltr'><strong>Nam</strong></span> <span class='ocrx_word' id='word_1_839' title='bbox 3309 5763 3396 5832; x_wconf 89' lang='lat' dir='ltr'><strong>qui</strong></span> <span class='ocrx_word' id='word_1_840' title='bbox 3420 5774 3613 5822; x_wconf 70' lang='lat' dir='ltr'><strong>arden-</strong></span> 
     </span>
    </p>
   </div>
   <div class='ocr_carea' id='block_1_113' title="bbox 355 5120 1935 5228">
    <p class='ocr_par' dir='ltr' id='par_1_113' title="bbox 355 5120 1935 5228">
     <span class='ocr_line' id='line_1_115' title="bbox 355 5120 1935 5228; baseline 0.031 -60"><span class='ocrx_word' id='word_1_841' title='bbox 355 5120 536 5185; x_wconf 83' lang='lat' dir='ltr'><strong>sentit,</strong></span> <span class='ocrx_word' id='word_1_842' title='bbox 570 5137 754 5178; x_wconf 87' lang='lat' dir='ltr'><strong>verum</strong></span> <span class='ocrx_word' id='word_1_843' title='bbox 800 5132 973 5197; x_wconf 90' lang='lat' dir='ltr'><strong>potius</strong></span> <span class='ocrx_word' id='word_1_844' title='bbox 1023 5135 1154 5204; x_wconf 90' lang='lat' dir='ltr'><strong>ipsis</strong></span> <span class='ocrx_word' id='word_1_845' title='bbox 1183 5143 1379 5210; x_wconf 88' lang='lat' dir='ltr'><strong>gaudet</strong></span> <span class='ocrx_word' id='word_1_846' title='bbox 1405 5157 1460 5201; x_wconf 92' lang='lat' dir='ltr'><strong>et</strong></span> <span class='ocrx_word' id='word_1_847' title='bbox 1487 5151 1803 5228; x_wconf 87' lang='lat' dir='ltr'><strong>oblectatur,</strong></span> <span class='ocrx_word' id='word_1_848' title='bbox 1851 5163 1935 5216; x_wconf 91' lang='lat' dir='ltr'><strong>vi-</strong></span> 
     </span>
    </p>
   </div>
   <div class='ocr_carea' id='block_1_114' title="bbox 354 5208 1928 5308">
    <p class='ocr_par' dir='ltr' id='par_1_114' title="bbox 354 5208 1928 5308">
     <span class='ocr_line' id='line_1_116' title="bbox 1192 5208 1902 5228; baseline 0.031 -34"><span class='ocrx_word' id='word_1_849' title='bbox 1192 5208 1205 5210; x_wconf 17' lang='lat'><strong>,</strong></span> <span class='ocrx_word' id='word_1_850' title='bbox 1685 5208 1803 5228; x_wconf 35' lang='lat'><strong>,-_.,</strong></span> <span class='ocrx_word' id='word_1_851' title='bbox 1863 5208 1902 5216; x_wconf 91' lang='lat'><strong>..</strong></span> 
     </span>
     <span class='ocr_line' id='line_1_117' title="bbox 354 5208 1928 5308; baseline 0.032 -50"><span class='ocrx_word' id='word_1_852' title='bbox 354 5208 591 5279; x_wconf 87' lang='lat' dir='ltr'><strong>tiutnque</strong></span> <span class='ocrx_word' id='word_1_853' title='bbox 638 5214 805 5272; x_wconf 91' lang='lat' dir='ltr'><strong>instar</strong></span> <span class='ocrx_word' id='word_1_854' title='bbox 850 5221 971 5277; x_wconf 90' lang='lat' dir='ltr'><strong>boni</strong></span> <span class='ocrx_word' id='word_1_855' title='bbox 1020 5230 1313 5300; x_wconf 89' lang='lat' dir='ltr'><strong>cujuspiam</strong></span> <span class='ocrx_word' id='word_1_856' title='bbox 1365 5241 1665 5300; x_wconf 89' lang='lat' dir='ltr'><strong>arctissime</strong></span> <span class='ocrx_word' id='word_1_857' title='bbox 1717 5250 1928 5308; x_wconf 88' lang='lat' dir='ltr'><strong>retinet.</strong></span> 
     </span>
    </p>
   </div>
   <div class='ocr_carea' id='block_1_115' title="bbox 351 5305 1926 5413">
    <p class='ocr_par' dir='ltr' id='par_1_115' title="bbox 351 5305 1926 5413">
     <span class='ocr_line' id='line_1_118' title="bbox 351 5305 1926 5413; baseline 0.03 -60"><span class='ocrx_word' id='word_1_858' title='bbox 351 5305 526 5370; x_wconf 83' lang='lat' dir='ltr'><strong>Atque</strong></span> <span class='ocrx_word' id='word_1_859' title='bbox 557 5314 614 5357; x_wconf 89' lang='lat' dir='ltr'><strong>ut</strong></span> <span class='ocrx_word' id='word_1_860' title='bbox 659 5309 819 5364; x_wconf 90' lang='lat' dir='ltr'><strong>etiam</strong></span> <span class='ocrx_word' id='word_1_861' title='bbox 858 5314 1165 5388; x_wconf 91' lang='lat' dir='ltr'><strong>aliquando,</strong></span> <span class='ocrx_word' id='word_1_862' title='bbox 1209 5339 1420 5393; x_wconf 64' lang='lat' dir='ltr'><strong>recepta</strong></span> <span class='ocrx_word' id='word_1_863' title='bbox 1471 5336 1677 5392; x_wconf 90' lang='lat' dir='ltr'><strong>meliori</strong></span> <span class='ocrx_word' id='word_1_864' title='bbox 1728 5356 1926 5413; x_wconf 87' lang='lat' dir='ltr'><strong>mente,</strong></span> 
     </span>
     <span class='ocr_line' id='line_1_119' title="bbox 352 5392 1172 5413; baseline 0.027 -22"><span class='ocrx_word' id='word_1_865' title='bbox 352 5392 609 5413; x_wconf 33' lang='lat' dir='ltr'><strong>“Amm</strong></span> <span class='ocrx_word' id='word_1_866' title='bbox 663 5410 679 5413; x_wconf 26' lang='grc' dir='ltr'><strong>Α</strong></span> <span class='ocrx_word' id='word_1_867' title='bbox 1162 5411 1172 5413; x_wconf 76' lang='lat'><strong><em>_</em></strong></span> 
     </span>
    </p>
   </div>
   <div class='ocr_carea' id='block_1_116' title="bbox 350 5392 1928 5495">
    <p class='ocr_par' dir='ltr' id='par_1_116' title="bbox 350 5392 1928 5495">
     <span class='ocr_line' id='line_1_120' title="bbox 1340 5392 1926 5413; baseline 0.034 -20"><span class='ocrx_word' id='word_1_868' title='bbox 1340 5392 1347 5393; x_wconf 62' lang='lat'><strong><em>,</em></strong></span> <span class='ocrx_word' id='word_1_869' title='bbox 1728 5392 1926 5413; x_wconf 53' lang='lat' dir='ltr'><strong>m-u-v.</strong></span> 
     </span>
     <span class='ocr_line' id='line_1_121' title="bbox 350 5392 1928 5495; baseline 0.032 -52"><span class='ocrx_word' id='word_1_870' title='bbox 350 5392 615 5448; x_wconf 83' lang='lat' dir='ltr'><strong>scelerum</strong></span> <span class='ocrx_word' id='word_1_871' title='bbox 656 5410 875 5456; x_wconf 88' lang='lat' dir='ltr'><strong>suorum</strong></span> <span class='ocrx_word' id='word_1_872' title='bbox 918 5420 1075 5463; x_wconf 87' lang='lat' dir='ltr'><strong>sensu</strong></span> <span class='ocrx_word' id='word_1_873' title='bbox 1119 5411 1407 5489; x_wconf 89' lang='lat' dir='ltr'><strong>afﬁciatur,</strong></span> <span class='ocrx_word' id='word_1_874' title='bbox 1454 5439 1561 5481; x_wconf 89' lang='lat' dir='ltr'><strong>non</strong></span> <span class='ocrx_word' id='word_1_875' title='bbox 1594 5438 1771 5489; x_wconf 86' lang='lat' dir='ltr'><strong>tamen</strong></span> <span class='ocrx_word' id='word_1_876' title='bbox 1811 5440 1928 5495; x_wconf 91' lang='lat' dir='ltr'><strong>sine</strong></span> 
     </span>
    </p>
   </div>
   <div class='ocr_carea' id='block_1_117' title="bbox 350 5488 1926 5596">
    <p class='ocr_par' dir='ltr' id='par_1_117' title="bbox 350 5488 1926 5596">
     <span class='ocr_line' id='line_1_122' title="bbox 350 5488 1926 5596; baseline 0.033 -61"><span class='ocrx_word' id='word_1_877' title='bbox 350 5498 545 5553; x_wconf 82' lang='lat' dir='ltr'><strong>magno</strong></span> <span class='ocrx_word' id='word_1_878' title='bbox 575 5488 758 5545; x_wconf 90' lang='lat' dir='ltr'><strong>labore</strong></span> <span class='ocrx_word' id='word_1_879' title='bbox 786 5509 849 5549; x_wconf 86' lang='lat' dir='ltr'><strong>ac</strong></span> <span class='ocrx_word' id='word_1_880' title='bbox 879 5498 1073 5556; x_wconf 89' lang='lat' dir='ltr'><strong>sudore</strong></span> <span class='ocrx_word' id='word_1_881' title='bbox 1102 5518 1132 5558; x_wconf 87' lang='lat' dir='ltr'><strong>a</strong></span> <span class='ocrx_word' id='word_1_882' title='bbox 1179 5523 1340 5576; x_wconf 87' lang='lat' dir='ltr'><strong>prava</strong></span> <span class='ocrx_word' id='word_1_883' title='bbox 1385 5524 1792 5596; x_wconf 85' lang='lat' dir='ltr'><strong>consuetudine,</strong></span> <span class='ocrx_word' id='word_1_884' title='bbox 1843 5533 1926 5588; x_wconf 87' lang='lat' dir='ltr'><strong>cui</strong></span> 
     </span>
     <span class='ocr_line' id='line_1_123' title="bbox 350 5574 964 5596; baseline 0.036 0"><span class='ocrx_word' id='word_1_885' title='bbox 350 5574 481 5596; x_wconf 54' lang='grc' dir='ltr'><strong>..ιη-.-</strong></span> <span class='ocrx_word' id='word_1_886' title='bbox 645 5595 650 5596; x_wconf 53' lang='grc' dir='ltr'><em>ν</em></span> <span class='ocrx_word' id='word_1_887' title='bbox 776 5591 787 5596; x_wconf 85' lang='grc'><strong><em>-</em></strong></span> <span class='ocrx_word' id='word_1_888' title='bbox 953 5589 964 5596; x_wconf 73' lang='grc'><strong><em>⁵</em></strong></span> 
     </span>
    </p>
   </div>
   <div class='ocr_carea' id='block_1_118' title="bbox 346 5574 1921 5680">
    <p class='ocr_par' dir='ltr' id='par_1_118' title="bbox 346 5574 1921 5680">
     <span class='ocr_line' id='line_1_124' title="bbox 346 5574 1921 5680; baseline 0.034 -55"><span class='ocrx_word' id='word_1_889' title='bbox 346 5574 486 5653; x_wconf 84' lang='lat' dir='ltr'><strong>ultro</strong></span> <span class='ocrx_word' id='word_1_890' title='bbox 528 5594 591 5633; x_wconf 92' lang='lat' dir='ltr'><strong>ac</strong></span> <span class='ocrx_word' id='word_1_891' title='bbox 634 5591 825 5650; x_wconf 88' lang='lat' dir='ltr'><strong>sponte</strong></span> <span class='ocrx_word' id='word_1_892' title='bbox 862 5602 921 5643; x_wconf 84' lang='lat' dir='ltr'><strong>se</strong></span> <span class='ocrx_word' id='word_1_893' title='bbox 951 5589 1003 5644; x_wconf 92' lang='lat' dir='ltr'><strong>in</strong></span> <span class='ocrx_word' id='word_1_894' title='bbox 1041 5597 1350 5655; x_wconf 84' lang='lat' dir='ltr'><strong>servitutem</strong></span> <span class='ocrx_word' id='word_1_895' title='bbox 1382 5609 1608 5680; x_wconf 78' lang='lat' dir='ltr'><strong>addixit,</strong></span> <span class='ocrx_word' id='word_1_896' title='bbox 1651 5574 1921 5678; x_wconf 56' lang='lat' dir='ltr'><strong>liberatur.</strong></span> 
     </span>
    </p>
   </div>
   <div class='ocr_carea' id='block_1_119' title="bbox 414 5667 1923 5777">
    <p class='ocr_par' dir='ltr' id='par_1_119' title="bbox 414 5667 1923 5777">
     <span class='ocr_line' id='line_1_125' title="bbox 414 5667 1923 5777; baseline 0.034 -56"><span class='ocrx_word' id='word_1_897' title='bbox 414 5667 674 5733; x_wconf 80' lang='lat' dir='ltr'><strong>Quocirca</strong></span> <span class='ocrx_word' id='word_1_898' title='bbox 694 5676 939 5736; x_wconf 80' lang='lat' dir='ltr'><strong>omnibus</strong></span> <span class='ocrx_word' id='word_1_899' title='bbox 962 5682 1161 5742; x_wconf 87' lang='lat' dir='ltr'><strong>viribus</strong></span> <span class='ocrx_word' id='word_1_900' title='bbox 1188 5689 1254 5744; x_wconf 93' lang='lat' dir='ltr'><strong>ab</strong></span> <span class='ocrx_word' id='word_1_901' title='bbox 1278 5697 1422 5750; x_wconf 90' lang='lat' dir='ltr'><strong>omni</strong></span> <span class='ocrx_word' id='word_1_902' title='bbox 1445 5705 1581 5757; x_wconf 89' lang='lat' dir='ltr'><strong>mala</strong></span> <span class='ocrx_word' id='word_1_903' title='bbox 1604 5707 1923 5777; x_wconf 76' lang='lat' dir='ltr'><strong>cogitatione</strong></span> 
     </span>
    </p>
   </div>
  </div>
