4010 6252
240 324 328 377 591
682 322 841 378 νιτΑ
882 319 1300 377 SANCTORUM
1342 316 1668 373 BARLAAM
1712 316 1803 371 EB

1914 315 2039 370 ΙΤΑΞ
2080 315 2165 371 ΕΤ
2204 315 2552 372 JOSAPHAT
2594 315 2798 369 INDIE
2836 315 3056 370 REGIS.

143 501 146 504 ί
235 439 435 496 ttssimo
463 437 733 495 desiderio
755 454 816 496 ac
848 448 1070 511 purgato
1110 446 1323 505 pectore
1351 445 1487 500 orat,
1538 444 1698 502 atque
1741 432 1808 487 ab
1838 435 1886 495 Α
1913 432 2096 498 sicque
2141 431 2419 485 Dominum
2462 445 2616 484 suum
2665 431 2894 497 invocat,
2948 431 3256 498 sceleraque
3300 447 3395 487 sua
3439 437 3494 488 in

231 528 478 584 ninnibus
506 529 667 584 rebus
693 544 759 585 ex
797 528 1018 584 materia
1045 527 1308 583 concretis
1337 535 1391 580 et
1438 524 1667 579 terrenis
1710 522 1805 576 ab-

227 620 379 673 ducta
409 627 610 684 mente,
636 629 882 687 tanquam
906 633 1086 672 coram
1118 617 1227 671 Deo
1253 624 1410 681 astat,
1435 629 1496 668 ac
1516 630 1636 668 cum
1661 623 1805 668 metu

225 716 277 762 et
305 716 540 762 tremore
569 723 755 777 preces
779 709 845 761 ad
875 723 995 762 eum
1025 708 1263 772 adhibet,
1296 707 1382 760 hic
1412 706 1659 760 nimirum
1682 719 1804 759 cum

225 814 288 851 eo
310 797 751 852 consuetudinem
774 797 959 864 habet,
1001 797 1244 868 facieque
1273 798 1339 852 ad
1371 797 1562 853 faciem
1590 812 1711 851 cum
1739 810 1806 852 eo

224 886 562 954 colloquitur.

295 974 573 1044 Siquidem
603 974 775 1030 bonus
803 982 986 1030 noster
1035 974 1175 1029 Deus
1213 988 1277 1029 ac
1326 973 1581 1028 Dominus
1610 973 1805 1043 ubique

220 1065 392 1129 adest,
418 1082 513 1122 eos
532 1067 620 1136 qui
643 1067 854 1122 sincero
876 1082 938 1121 ac
961 1081 1092 1136 puro
1117 1067 1297 1120 animo
1323 1069 1494 1135 ipsum
1522 1075 1806 1131 precantur

219 1159 534 1224 exaudiens,
560 1157 1006 1228 quemadmodum
1032 1159 1106 1211 ait
1137 1158 1403 1226 Propheta
1450 1173 1465 1210 :
1511 1156 1663 1211 Oculi
1695 1156 1804 1210 Do-

219 1249 348 1303 tnini
379 1263 541 1317 super
578 1249 769 1316 justos,
820 1258 875 1304 et
922 1264 1080 1304 aures
1119 1248 1234 1317 ejus
1281 1249 1335 1302 in
1387 1263 1573 1318 preces
1618 1262 1802 1302 eorum

220 1340 388 1412 (Psal.
422 1344 634 1410 xxxiii).
687 1342 804 1407 Quo
848 1341 909 1395 fit
958 1351 1014 1395 ut
1060 1341 1243 1395 Patres
1273 1339 1500 1395 hominis
1545 1355 1666 1394 cum
1695 1339 1806 1394 Deo

217 1430 652 1500 conjunctionem
676 1433 972 1486 orationem
1006 1444 1127 1486 esse
1155 1430 1436 1495 deliniant,
1460 1444 1685 1497 eamque
1709 1443 1804 1483 an-

217 1524 457 1589 gelorum
490 1537 625 1591 opus
647 1539 710 1577 ac
733 1523 924 1576 futurae
950 1522 1145 1576 laetitiae.
1172 1522 1486 1589 prmludium
1507 1520 1801 1589 appellent.

216 1613 489 1681 Siquidem
523 1615 576 1668 in
605 1613 705 1668 hoc
726 1614 904 1683 potius
924 1629 1081 1684 quam
1105 1614 1156 1667 in
1179 1614 1299 1668 ullis
1320 1613 1436 1667 aliis
1458 1612 1620 1667 rebus
1640 1612 1802 1666 situm

217 1716 338 1758 esse
383 1704 646 1758 cmlorum
693 1718 916 1773 regnum
965 1713 1207 1769 censent,
1244 1712 1301 1756 ut
1328 1703 1446 1772 quis
1473 1702 1539 1755 ad
1563 1710 1800 1755 sanctam

216 1789 535 1846 Trinitatem
595 1791 1026 1861 appropinquat,

215 1885 386 1947 Quam
411 1883 623 1952 quidem
654 1883 720 1938 ad
753 1899 866 1938 rem
897 1897 1017 1938 cum
1047 1883 1297 1952 precandi
1338 1883 1623 1937 assiduitas
1644 1896 1798 1935 men-

217 1982 325 2026 tem
357 1974 506 2028 velut
535 1989 693 2028 manu
724 1973 901 2040 ducat,
946 1988 1051 2027 non
1079 1973 1175 2027 abs
1207 1988 1264 2027 re
1287 1972 1630 2027 beatitudinis
1661 1971 1804 2026 illius

214 2064 538 2130 prteludium
586 2079 648 2119 ac
697 2065 842 2119 velut
887 2064 1092 2133 efﬁgies
1136 2065 1378 2133 quaedam
1409 2064 1671 2134 appellata
1700 2072 1802 2118 est.

213 2158 388 2226 289
417 2157 612 2209 Verum
646 2171 752 2210 non
783 2158 956 2210 omnis
986 2157 1158 2210 oratio
1182 2156 1444 2224 ejusmodi
1475 2164 1591 2220 est;
1626 2156 1720 2211 sed
1743 2171 1802 2210 ea

210 2244 440 2297 demum
464 2244 564 2298 hoc
594 2245 810 2298 nomine
840 2243 1194 2310 nuncupanda
1222 2253 1326 2308 εει,
1351 2257 1469 2311 qua:
1499 2245 1684 2309 Deum,
1715 2243 1804 2313 qui

210 2331 481 2387 orationis
525 2335 802 2388 materiam
852 2333 1194 2402 suppeditat,
1250 2334 1560 2400 magistrum
1611 2333 1802 2399 habet,

212 2439 446 2492 quaeque
486 2439 647 2493 supra
679 2435 888 2479 terrena
935 2422 1113 2477 omnia
1163 2423 1435 2492 assurgit,
1478 2433 1637 2492 atque
1683 2439 1803 2477 cum

216 2516 446 2570 Domino
473 2515 688 2570 Christo
711 2516 830 2570 sine
852 2513 955 2568 ttlla
987 2515 1301 2568 intermedia
1329 2529 1388 2568 re
1410 2523 1668 2567 versatur.

289 2610 440 2666 lianc
459 2610 615 2664 velim
643 2608 735 2662 tibi
756 2609 1022 2676 acquiras,
1051 2617 1208 2676 atque
1237 2606 1289 2660 in
1319 2620 1383 2660 ea
1413 2605 1634 2672 provehi
1661 2619 1794 2660 con-

215 2703 431 2758 tendas.
457 2701 664 2756 Etenim
690 2700 806 2769 ipsa
834 2700 974 2754 hanc
1001 2699 1104 2752 vim
1138 2699 1315 2763 habet,
1350 2707 1408 2751 ut
1438 2705 1493 2752 te
1519 2714 1547 2752 a
1581 2707 1718 2752 terra
1750 2697 1802 2750 in

215 2796 390 2850 caelos
444 2793 740 2850 subvehere
778 2794 964 2860 possit.
1008 2792 1276 2847 Caeterum
1319 2805 1424 2844 non
1477 2801 1698 2857 temere,
1739 2805 1805 2846 ac

216 2903 339 2944 sine
369 2888 475 2942 ulla
505 2887 895 2956 praeparatione
917 2885 969 2939 in
999 2884 1113 2954 ipsa
1143 2899 1459 2955 progressus
1487 2884 1684 2949 facies;
1713 2900 1802 2940 ve-

216 2993 340 3034 rum
368 2981 443 3034 ita
472 2979 710 3042 demum,
741 2978 784 3035 si
810 2977 1044 3032 animam
1070 2986 1211 3031 tuam
1239 2977 1306 3031 ab
1327 2977 1574 3032 omnibus
1595 2978 1803 3032 vitiosis

217 3070 597 3126 aﬂ'cctionibus
627 3071 774 3140 prius
803 3070 1132 3140 repurgaris,
1178 3085 1404 3139 eamque
1431 3070 1498 3123 ab
1527 3071 1670 3124 omni
1703 3070 1802 3124 im-

1911 522 2220 574 memoriam
2273 529 2506 584 revocat,
2561 534 2622 572 ac
2661 520 2730 573 de
2777 534 2960 573 eorum
3016 520 3329 575 remissione
3369 537 3493 578 cum

1910 609 2020 664 Deo
2055 609 2401 679 colloquitur,
2432 608 2912 676 calentissimisque
2944 608 3192 678 lacryinis
3241 625 3362 664 eum
3392 615 3494 664 oh-

1907 709 2104 763 secrat,
2144 708 2200 754 ut
2238 715 2335 769 pro
2380 714 2474 753 sua
2512 698 2834 768 benignitate
2865 697 3146 766 propitium
3190 713 3253 752 ac
3284 699 3493 755 facileut

1908 805 1966 845 se
1991 791 2088 861 ipsi
2124 791 2378 860 prebeat,
2413 806 2476 845 ex
2520 791 2820 860 hujusmodi
2853 803 3159 845 sermonum
3190 800 3245 846 et
3283 792 3491 862 cogita-

1907 882 2112 936 tionum
2139 898 2236 936 usu
2266 891 2319 936 et
2350 883 2739 938 consuetudine
2771 885 2871 937 hoc
2896 883 3257 952 consequitur,
3291 894 3348 938 ut
3376 900 3493 938 om-

1909 991 2030 1029 nem
2066 975 2284 1044 hujusce
2309 979 2430 1030 vita:
2457 990 2638 1029 curam
2670 976 2920 1045 deponat,
2951 986 3112 1046 atque
3140 978 3385 1032 humanis
3415 978 3492 1031 af-

1907 1065 2227 1121 fectionibus
2249 1068 2493 1136 superior
2514 1069 2727 1131 existat,
2769 1053 3063 1137 dignusque
3113 1070 3372 1125 habeatur
3399 1070 3494 1141 qui

1908 1160 2004 1215 Dei
2035 1174 2296 1228 congerro
2327 1159 2642 1229 appelletur.
2679 1161 2794 1227 Quo
2824 1161 2948 1230 quid
2979 1162 3184 1215 beatius
3210 1172 3300 1215 aut
3327 1163 3493 1218 subli-

1908 1249 2045 1304 mius
2074 1249 2384 1318 contingere
2416 1250 2623 1318 possit?
2654 1250 2862 1306 Utinam
2897 1250 3074 1320 itaque
3106 1252 3199 1306 Dei
3231 1251 3494 1308 bcnelicm

1906 1340 2245 1398 beatitudinis
2276 1340 2497 1409 hujusce
2528 1355 2748 1409 compos
2772 1341 2894 1395 fias!

1981 1431 2120 1488 Ecce
2143 1446 2286 1485 enim
2317 1429 2684 1484 mandatorum
2709 1429 2920 1484 Domini
2950 1431 3087 1483 viam
3138 1430 3231 1484 tibi
3263 1430 3491 1484 deuion.

1905 1520 2093 1587 stravi,
2133 1534 2233 1576 nec
2271 1520 2558 1590 quidquam
2604 1521 2869 1584 subtraxi,
2897 1520 3185 1588 quominus
3213 1535 3372 1574 omne
3401 1520 3493 1574 Del

1906 1612 2188 1669 consilium
2218 1613 2312 1666 tibi
2343 1621 2738 1667 annunttarem.
2774 1611 2975 1680 cham
3008 1611 3225 1680 quidem
3257 1626 3355 1678 ego
3385 1614 3489 1665 nti-

1905 1703 2181 1757 nisterium
2213 1716 2387 1756 meum
2417 1701 2626 1757 absolvi
2657 1701 2795 1772 (Act.
2823 1702 2936 1771 xx).
2970 1701 3246 1770 Superest,
3289 1711 3346 1754 ut
3373 1715 3493 1754 suc-

1108 1805 1336 1861 eamque
1390 1790 1802 1858 contempletur.

1914 1794 2098 1850 cinctis
2128 1794 2323 1848 lumbis
2363 1795 2557 1849 mentis
2589 1802 2715 1858 tote,
2748 1794 2917 1847 instar
2947 1795 3115 1848 sancti
3145 1794 3288 1848 illius
3319 1793 3408 1862 qui
3440 1803 3493 1848 te

1910 1886 2144 1954 vocavit,
2189 1885 2301 1952 ipse
2327 1899 2538 1954 quoque
2567 1884 2620 1937 in
2651 1885 2795 1938 omni
2823 1887 2944 1937 vita:
2978 1893 3080 1937 tua:
3117 1888 3322 1937 ratione
3368 1897 3492 1936 san-

1907 1986 2051 2030 ctum
2081 1985 2132 2031 te
2159 1977 2420 2045 prmbeas.
2466 1975 2649 2030 Sancti
2681 1976 2826 2029 enim
2858 1985 3050 2039 estote,
3096 1974 3347 2042 quoniam
3392 1988 3492 2041 ego

1909 2076 2127 2122 sanctus
2154 2082 2294 2132 sum,
2317 2066 2447 2119 dicit
2470 2065 2727 2120 Dominus
2751 2066 2933 2135 (Leuit.
2965 2064 3100 2134 xix).
3127 2067 3300 2133 Atque
3326 2064 3488 2119 etiam

1906 2160 2273 2227 apostolorum
2317 2159 2564 2227 princeps
2598 2158 2665 2212 ad
2706 2158 2845 2212 hunc
2891 2157 3104 2212 modum
3135 2155 3401 2226 loquitur:
3432 2154 3489 2210 Si

1909 2251 2123 2306 Patrem
2176 2249 2434 2303 invocatis
2477 2262 2599 2302 eum
2640 2248 2729 2316 qui
2765 2248 2880 2302 sine
2917 2262 3259 2316 personarum
3303 2261 3490 2316 accep-

1908 2342 2055 2396 tione
2080 2343 2371 2394 secundum
2402 2340 2660 2408 cujusque
2691 2355 2824 2409 opus
2849 2341 3074 2408 judicat,
3108 2341 3159 2393 in
3193 2341 3382 2393 timore
3406 2340 3491 2393 in-

1906 2433 2110 2484 colatus
2136 2431 2302 2485 vestri
2353 2441 2593 2498 tempore
2631 2431 3041 2495 conversamini,
3090 2432 3318 2486 scientes
3355 2446 3490 2500 quo.

1909 2521 2050 2572 niam
2081 2534 2185 2572 non
2230 2520 2664 2588 corruptibilibus
2704 2536 2834 2576 auro
2878 2531 2932 2575 et
2969 2530 3191 2591 argento
3265 2523 3478 2577 liberati

1905 2608 2034 2662 estis
2065 2607 2134 2661 dc
2151 2622 2283 2661 vana
2312 2619 2485 2662 vestra
2519 2613 2925 2666 conversatione
2953 2623 3290 2680 paternarum
3323 2613 3488 2666 tradi-

1910 2700 2135 2762 tionum,
2180 2698 2273 2752 sed
2297 2701 2534 2767 pretioso
2562 2703 2820 2770 sanguine
2849 2708 2997 2769 quasi
3027 2703 3149 2773 agni
3171 2704 3488 2759 incontami-

1907 2791 2013 2842 nati
2031 2797 2084 2843 et
2111 2791 2428 2843 immaculati
2457 2791 2580 2846 Jesu
2610 2792 2805 2847 Christi
2852 2792 2907 2862 (Ι
2939 2793 3055 2850 Pet.
3087 2796 3150 2864 t).

1977 2880 2103 2934 flare
2130 2881 2288 2948 igitur
2316 2881 2497 2935 omnia
2533 2883 2586 2935 in
2613 2893 2790 2939 mente
2815 2884 3030 2938 condita
3058 2886 3174 2940 sine
3201 2886 3303 2939 ulla
3327 2885 3489 2940 inter-

1908 2967 2164 3023 missione
2195 2970 2501 3034 recordare,
2535 2971 2634 3026 Dci
2657 2985 2856 3026 metum
2889 2982 2943 3027 et
2969 2972 3292 3027 horrendum
3325 2976 3489 3042 ipsius

1909 3059 2167 3120 tribunal,
2216 3071 2270 3114 et
2318 3062 2655 3129 splendorem
2700 3079 2819 3118 eum
2849 3079 3005 3133 quem
3041 3064 3172 3134 justi
3217 3066 3267 3119 in
3316 3065 3492 3119 futuro

217 3164 386 3233 [ιι-ωδε
417 3163 738 3232 cogitatione
766 3161 1057 3226 detersam,
1083 3161 1198 3230 puri
1224 3159 1500 3229 cujusdam
1528 3175 1588 3215 ac
1613 3175 1799 3225 recens
1828 3141 1875 3204 C
1905 3162 2022 3202 ξιξνο
2059 3150 2330 3217 accepturi
2361 3160 2506 3213 sunt,
2537 3166 2600 3206 ac
2618 3160 2803 3206 contra
2836 3161 3173 3221 peccatorum
3199 3155 3250 3208 in
3279 3157 3491 3210 teterri-

217 3255 456 3310 abstersi
482 3254 682 3324 speculi
714 3254 882 3308 instar
923 3253 1184 3315 effeceris,
1221 3261 1276 3308 ct
1302 3253 1369 3307 ab
1411 3254 1555 3308 omni
1588 3253 1806 3323 injuria-

216 3361 343 3404 rurn
380 3348 750 3403 recordatione
779 3356 936 3416 atque
967 3348 1041 3401 ira
1084 3347 1224 3417 (qua:
1252 3347 1439 3415 majori
1470 3362 1627 3417 quam
1676 3348 1806 3420 reli:

218 3455 324 3509 qua
361 3440 542 3494 omnia
573 3439 956 3508 impedimento
993 3448 1072 3493 est
1099 3455 1205 3509 qun
1251 3441 1426 3493 minus
1465 3455 1650 3508 preces
1708 3455 1803 3494 no-

217 3540 351 3588 atra:
376 3533 444 3585 ad
477 3530 643 3585 Deum
672 3530 926 3585 sublimes
955 3522 1215 3597 ferantur)
1249 3530 1475 3599 teipsum
1506 3531 1688 3598 procul
1718 3546 1806 3585 re-

219 3624 484 3690 moveris,
529 3623 836 3693 cunctisque
865 3623 954 3692 qui
991 3631 1041 3676 te
1070 3621 1328 3688 laeserint,
1362 3621 1710 3676 offensionem
1741 3635 1807 3676 ex

221 3717 409 3769 animo
438 3715 734 3779 remiseris,
757 3721 915 3782 atque
937 3727 1030 3781 per
1050 3712 1422 3782 eleemosynas
1442 3721 1495 3766 et
1513 3727 1805 3781 pauperum

224 3807 626 3873 miserationes,
659 3804 886 3859 orationi
909 3804 1052 3859 velut
1073 3818 1273 3872 pennas
1299 3805 1553 3873 quasdam
1577 3806 1806 3873 additas,

223 3909 343 3948 eam
375 3894 490 3950 Deo
515 3910 636 3949 cum
664 3894 957 3950 calentibus
987 3893 1238 3964 lacrymis
1260 3895 1537 3949 obtuleris.
1563 3895 1640 3948 Ad
1669 3895 1810 3950 hunc

224 3990 423 4058 quippe
451 3988 668 4041 modum
692 4002 876 4052 orans,
909 3987 1097 4041 iisdem
1127 3988 1304 4041 verbis
1329 3988 1401 4041 uti
1436 3989 1656 4056 poteris,
1693 3990 1811 4058 qui-

225 4079 326 4133 bus
357 4079 546 4132 beatus
580 4078 672 4132 ille
701 4077 888 4141 David,
913 4078 1003 4146 qui
1034 4093 1127 4133 rex
1158 4087 1293 4147 erat,
1324 4094 1386 4134 ac
1414 4083 1685 4136 sexcentis
1712 4095 1808 4136 cu-

225 4173 302 4224 ris
339 4169 759 4234 distrahebatur,
812 4169 1085 4237 nihiloque
1127 4171 1303 4224 secius
1352 4182 1529 4228 tamen
1577 4172 1810 4227 animam

225 4275 380 4313 suam
411 4274 441 4313 a
468 4259 675 4312 vitiosis
703 4257 1068 4312 affectionibus
1091 4269 1524 4328 perpurgaverat,
1552 4261 1616 4315 ad
1642 4261 1810 4318 Deum

224 4351 502 4412 utebatur,
535 4348 756 4402 dicens:
791 4347 1122 4417 lniquitatent
1154 4347 1279 4401 odio
1309 4348 1488 4418 habui,
1521 4359 1575 4404 et
1603 4351 1812 4406 abomi-

227 4455 388 4495 natus
416 4455 558 4503 sum,
605 4440 772 4508 legem
801 4447 974 4492 autem
1007 4446 1151 4492 tuam
1184 4439 1364 4494 dilexi.
1405 4440 1613 4510 Septies
1646 4444 1696 4498 in
1720 4443 1808 4498 die

230 4531 444 4585 laudem
465 4529 575 4584 dixi
607 4529 723 4592 tibi,
755 4543 914 4597 super
938 4527 1134 4596 judicia
1160 4530 1379 4597 justitiat
1406 4508 1530 4585 tuae.
1563 4532 1807 4586 Custodi-
1838 4508 1891 4567 Ῑ)
1916 4528 2249 4597 adipiscaris,
2272 4543 2334 4581 ac
2365 4529 2530 4583 beata:

227 4624 301 4675 vit
327 4622 503 4674 anima
532 4635 647 4674 mea
678 4620 974 4673 testimonia
1003 4628 1088 4672 tua
1108 4660 1121 4680 ,
1150 4628 1204 4674 et
1227 4619 1407 4675 dilexit
1429 4637 1490 4675 ea
1522 4627 1806 4680 vehemeno

230 4724 332 4766 ter.
377 4711 784 4780 Appmpinquet
813 4709 1119 4777 deprecatio
1149 4726 1263 4764 mea
1295 4713 1346 4766 in
1380 4723 1667 4780 conspectu
1693 4724 1805 4778 tuo,

231 4805 494 4867 Domine;
541 4801 691 4872 juxta
731 4800 1000 4869 eloquium
1033 4808 1179 4855 tuum
1211 4802 1275 4854 da
1317 4803 1446 4858 mihi
1477 4804 1805 4860 intellectum

227 4894 402 4949 fPsal.
434 4891 640 4960 cxvrtt).

297 4989 391 5043 szc
423 4985 670 5038 videlicet
714 4982 978 5037 clamante
1018 4989 1089 5048 te,
1131 4982 1268 5038 Deus
1307 4984 1582 5050 exaudiet,
1617 4996 1671 5041 et
1711 4988 1806 5042 ad-

229 5077 330 5129 huc
349 5076 599 5142 loquente
621 5081 670 5126 te
687 5072 860 5126 dicet:
896 5072 1034 5126 Ecce
1052 5072 1237 5126 adsum
1253 5072 1387 5143 (Isa.
1413 5078 1633 5147 Lxxxv).
1657 5079 1803 5144 Quo-

224 5168 388 5232 circa,
423 5167 470 5219 si
504 5163 804 5233 hujusmodi
828 5164 1120 5218 orationem
1150 5165 1373 5233 adeptus
1400 5167 1586 5233 fueris,
1617 5169 1802 5223 beatus

225 5260 356 5313 eris.
389 5255 572 5326 Neque
601 5256 741 5310 enim
775 5256 886 5309 fleri
921 5265 1114 5323 potest,
1139 5256 1262 5323 quin
1288 5257 1331 5310 is
1353 5261 1440 5323 qui
1465 5274 1584 5312 cum
1614 5260 1802 5330 hujus-

226 5348 368 5402 modi
392 5346 555 5400 animi
576 5344 850 5399 alacritate
871 5345 1036 5399 Deum
1060 5357 1176 5399 orat
1195 5355 1354 5416 atque
1379 5348 1642 5414 obsecrat,
1671 5367 1804 5419 quo-

227 5437 353 5491 tidie
384 5450 554 5490 novos
580 5435 633 5489 in
660 5434 853 5489 virtute
881 5450 1194 5504 progressus
1223 5437 1404 5508 faciat,
1438 5450 1596 5508 atque
1618 5457 1805 5496 omnes

227 5526 400 5582 hostis
445 5527 666 5594 laqueos
707 5535 942 5594 superet.
991 5526 1122 5580 Nam
1155 5528 1241 5596 qui
1273 5540 1504 5584 mentem
1543 5546 1718 5598 suam,
1750 5543 1806 5586 iit

225 5614 502 5684 cujusdam
536 5613 637 5668 viri
677 5615 850 5669 sancti
902 5615 1078 5671 verbis
1122 5627 1259 5685 utar,
1312 5619 1642 5685 excalefecit,
1685 5624 1802 5676 ani-

141 5705 148 5710 ’
227 5721 474 5777 tuamque
511 5719 664 5760 suam
695 5705 885 5771 erexit,
915 5714 1074 5772 atque
1111 5708 1163 5762 in
1205 5710 1398 5766 coelum
1425 5724 1484 5766 se
1510 5713 1803 5783 transtulit,

667 5817 937 5885 ParnoL.
977 5822 1255 5890 LXXIII.

1911 3241 2012 3294 mis
2040 3241 2278 3295 tenebris
2304 3256 2623 3308 maerorem;
2656 3247 3000 3312 praesentium
3033 3247 3160 3302 item
3192 3262 3370 3303 rerum
3395 3248 3492 3303 im-

1915 3330 2259 3386 becillitatem
2288 3342 2344 3387 et
2374 3335 2686 3398 vanitatem,
2717 3351 2779 3390 ac
2816 3336 3115 3391 futurorum
3139 3340 3492 3396 aeternitatem

1910 3438 2122 3492 semper
2164 3424 2233 3477 ob
2262 3426 2447 3480 oculos
2494 3426 2726 3481 habens:
2761 3428 2992 3496 illudque
3027 3440 3306 3497 praeterea,
3352 3432 3492 3487 quod

1914 3524 2092 3576 omnis
2119 3538 2247 3576 caro
2282 3521 2386 3576 feni
2419 3524 2586 3576 instar
2611 3533 2716 3588 est,
2751 3533 2805 3578 et
2839 3526 3014 3578 omnis
3039 3527 3204 3596 gloria
3235 3529 3352 3594 ejus
3379 3537 3494 3582 tan-

1909 3633 2066 3687 quam
2112 3617 2212 3672 flos
2258 3617 2388 3672 feni.
2426 3619 2762 3673 Exsiccatum
2803 3627 2888 3674 est
2924 3619 3122 3686 fenum,
3164 3629 3219 3673 et
3257 3621 3353 3674 flos
3380 3621 3495 3688 ejus

1910 3709 2122 3763 decidit.
2165 3708 2399 3764 Verbum
2446 3722 2624 3763 autem
2675 3710 2881 3764 Domini
2922 3719 3102 3765 manet
3141 3711 3193 3766 in
3235 3720 3492 3767 aeternum

1911 3797 2047 3869 (Isa.
2078 3798 2198 3867 ιιι).·
2226 3798 2353 3854 Haec
2382 3813 2595 3866 semper
2631 3800 2889 3855 meditare
2921 3798 2972 3868 (I
2999 3799 3136 3853 Tim.
3168 3801 3277 3871 tv);
3317 3810 3371 3856 et
3394 3818 3495 3872 pax

1913 3889 2006 3943 Dei
2049 3897 2223 3943 tecum
2270 3891 2340 3942 sit
2371 3888 2595 3958 (Philip.
2632 3889 2730 3959 iv),
2763 3905 2880 3959 quae
2912 3900 2963 3946 te
2990 3891 3270 3956 iiluminet,
3320 3903 3375 3946 et
3413 3909 3496 3948 sa-

1913 3981 2109 4050 pientia
2140 3983 2387 4047 instruat,
2416 3991 2470 4036 et
2494 3981 2560 4034 ad
2586 3981 2774 4035 salutis
2801 3982 2939 4036 viam
2962 3982 3143 4049 ducat,
3167 3984 3495 4053 improbam-

1912 4088 2013 4143 que
2046 4074 2374 4129 voluntatem
2415 4075 2596 4144 procul
2638 4091 2666 4128 a
2710 4083 2795 4129 ttta
2825 4084 3001 4130 mente
3038 4077 3291 4144 depellat,
3333 4087 3494 4146 atque

1912 4165 2143 4219 animam
2177 4175 2318 4219 tuam
2350 4165 2526 4219 crucis
2553 4165 2705 4234 signo
2747 4166 3039 4233 imprimat,
3082 4183 3150 4224 ne
3177 4170 3344 4223 ullum
3372 4184 3496 4239 per-

1912 4257 2051 4310 versi
2093 4258 2309 4325 spiritus
2338 4259 2648 4312 scandalum
2687 4256 2752 4311 ad
2792 4268 2844 4311 te
2876 4261 3092 4327 propitrs
3132 4261 3372 4328 accedat,
3401 4277 3495 4316 ve-

1915 4361 2030 4401 rum
2064 4347 2247 4401 divino
2289 4348 2548 4402 beneficio
2587 4351 2638 4402 in
2682 4348 2828 4403 omni
2865 4350 3122 4403 virtutum
3168 4352 3494 4419 perfectione

1918 4437 2151 4492 futurum
2183 4437 2313 4492 illud
2343 4451 2406 4492 ac
2441 4439 2560 4492 finis
2580 4447 2635 4492 et
2664 4439 3019 4492 successionis
3047 4455 3246 4506 expers
3267 4457 3490 4511 regnum

2632 4529 2753 4581 vitae
2785 4529 2991 4582 initium
3018 4530 3292 4585 afferentis
3319 4529 3496 4587 Trini-

1919 4621 2064 4683 tatis,
2091 4634 2207 4688 qua:
2236 4619 2288 4672 itt
2319 4618 2475 4675 Patre
2506 4629 2559 4674 et
2592 4617 2724 4673 Filio
2752 4630 2805 4673 et
2831 4620 3032 4690 Spiritu
3072 4631 3258 4676 sancto
3295 4623 3496 4696 glorifi-

1917 4722 2089 4771 catur.
2121 4712 2320 4766 lumine
2344 4712 2696 4766 collustreris.

1987 4804 2121 4859 Car.
2155 4803 2298 4857 XXI.
2331 4833 2393 4844 -—
2424 4803 2557 4857 Cum
2590 4805 2895 4874 hujusmodi
2920 4808 3204 4877 doctrinis,
3230 4810 3294 4864 ad
3319 4825 3496 4867 mores

1916 4893 2278 4946 informandus
2296 4895 2730 4959 accommodatis,
2748 4899 3216 4965 praesmntissimus
3229 4916 3392 4956 senex
3407 4919 3495 4958 re-

1915 4989 1994 5055 gis
2023 4987 2187 5042 filium
2220 4987 2576 5051 inStruxisset,
2609 4988 2674 5041 ad
2709 5003 2861 5043 suum
2886 4989 3170 5057 hospitium
3213 5006 3272 5047 se
3301 5003 3495 5048 contu-

1919 5079 1998 5132 lit.
2034 5082 2101 5132 At
2129 5079 2485 5133 adolescentis
2512 5079 2742 5134 ministri
2773 5092 2827 5133 et
2857 5089 3220 5149 prmceptores
3247 5082 3495 5156 frequen-

1919 5183 2022 5226 tem
2055 5172 2219 5238 ipsius
2253 5171 2305 5224 in
2346 5169 2593 5235 palatium
2628 5170 2922 5238 ingressum
2957 5174 3356 5243 perspicientes,
3392 5180 3489 5232 ad-

1912 5260 2193 5313 tuiratinne
2206 5259 2593 5314 efficiebantur.
2615 5260 2762 5316 linus
2791 5273 2962 5316 autem
2979 5279 3046 5318 ex
3069 5266 3132 5319 iis
3149 5267 3235 5335 qui
3258 5269 3488 5337 priorem

1912 5348 2052 5402 inter
2079 5363 2172 5402 eos
2200 5351 2375 5402 locum
2407 5350 2680 5403 obtinebat
2732 5361 2787 5405 et
2807 5367 2963 5418 quem
2997 5369 3086 5408 rex
3117 5358 3263 5409 velut
3291 5359 3490 5414 ﬁdelis.

1914 5445 2106 5492 simum
2135 5455 2197 5491 ac
2217 5441 2297 5492 sui
2325 5441 2774 5496 studiosissimum
2800 5444 2888 5496 filii
2912 5446 2993 5498 sui
3017 5447 3214 5516 palatio
3239 5447 3490 5516 prafece-

1911 5543 2013 5596 rat,
2039 5531 2247 5584 Zardan
2278 5536 2514 5595 nomine,
2554 5547 2691 5602 regis
2724 5533 2888 5588 filium
2915 5535 2998 5589 his
3030 5539 3207 5592 verbis
3228 5540 3491 5594 allocutus

1909 5634 2027 5679 est:
2055 5623 2166 5678 Non
2201 5634 2251 5678 te
2279 5623 2430 5692 fugit,
2485 5623 2632 5689 here,
2670 5638 2870 5695 quanto
2901 5637 3065 5695 patris
3099 5631 3175 5685 tui
3201 5639 3343 5684 metu
3375 5629 3491 5683 ar‘tl-

1913 5719 2042 5780 ciar.
2077 5730 2285 5790 quaque
2313 5730 2436 5790 erga
2460 5730 2579 5771 eum
2606 5717 2708 5772 fide
2731 5715 2862 5785 sim,
2893 5733 3068 5786 eoque
3092 5731 3252 5773 etiam
3275 5715 3490 5774 nomine

3023 5831 3093 5888 1⁸1

3253 6211 3408 6227 -ὲ-ἑ“.“
3433 6217 3632 6226 ...μ-...μοιρι-
3653 6221 3664 6224 -
